1009 1689
173 135 47 35 1288
387 141 72 22 Nådiga
471 142 141 23 Propositionen
625 141 36 18 N:o
673 142 28 17 38.

173 189 50 20 visst
244 190 68 25 högsta
334 189 77 26 belopp,
434 190 106 21 hvaröfver
561 191 145 25 produktionen
720 189 19 26 ej
753 190 50 25 finge
818 191 97 25 sträckas,

172 215 34 20 det
225 216 60 19 andra
303 215 42 20 åter
359 216 74 26 byggdt
450 217 24 25 på
492 217 102 26 principen
608 223 33 13 om
654 216 144 26 behöfligheten
812 217 21 18 af
844 219 29 17 ett
886 217 32 19 så-

172 242 47 19 dant
233 242 81 19 maximi
332 243 78 25 belopp.

225 269 39 19 Vid
284 269 146 25 öfvervägande
452 269 19 19 af
487 269 62 20 denna
567 268 68 27 nådiga
654 268 119 26 proposition
791 268 56 20 hafva
864 271 54 17 stän-

173 295 70 24 derne,
259 294 24 26 på
299 295 25 19 de
338 295 5 18 i
358 295 110 20 motiverna
483 295 61 20 dertill
559 296 81 19 anförde
654 295 41 20 skäl
710 295 69 20 bifallit
788 295 27 19 till
826 295 92 20 densam-

172 326 33 14 ma
219 321 5 19 i
239 321 22 19 så
275 321 71 25 måtto,
362 324 29 17 att
407 321 92 20 bränvins
515 322 106 25 brännings
639 323 37 18 och
690 320 122 27 försäljnings
827 322 91 25 rättighe-

173 350 32 17 ten
220 347 48 20 skall
284 347 69 26 skiljas
367 347 43 20 från
423 347 70 26 jorden
509 349 38 19 och
561 348 92 21 städerne
667 350 51 19 samt
731 350 28 17 att
767 348 82 20 bränvin
859 349 59 18 fram-

172 374 56 19 deles
242 373 32 20 må
290 374 101 20 tillverkas
405 375 70 19 endast
489 375 27 19 uti
531 375 64 20 större
606 374 114 21 brännerier
732 377 41 16 mot
783 374 62 24 skatt,
860 375 58 19 hvar-

174 403 54 17 emot
241 400 39 20 den
294 401 53 19 förra
361 401 94 19 bränvins
471 401 82 20 arrende
565 401 79 26 afgiften
657 401 44 20 icke
713 400 70 20 vidare
792 401 90 20 kommer
892 403 28 17 att

174 427 87 25 utgöras.

227 452 27 20 Då
276 450 255 30 bränviustillverkning2n”
545 453 81 21 sålunda
644 454 63 20 skulle
724 452 18 20 få
760 453 126 25 egenskapen
900 453 21 19 af

174 484 24 14 en
213 479 109 20 industriell
337 480 77 25 näring,
432 480 61 20 borde
508 481 31 19 väl
558 480 71 20 endast
643 480 150 20 konkurrensen
809 479 18 19 få
844 480 76 24 reglera

174 505 153 25 produktionen,
346 506 52 19 helst
413 506 34 19 det
463 507 30 19 för
509 506 93 21 bränvins
623 506 98 20 fabrikers
738 506 103 19 drifvande
858 506 61 19 erfor-

174 531 74 25 derliga
263 533 66 18 större
343 532 71 25 kapital
429 533 37 18 och
481 533 155 26 begränsningen
651 533 20 18 af
686 533 52 19 tiden
755 532 30 18 för
799 532 47 19 slike
860 531 61 20 fabri-

175 557 46 20 kers
237 558 136 24 verksamhet,
389 558 5 19 i
409 558 86 26 förening
507 559 45 20 med
565 559 162 19 konsumtionens
743 558 115 19 emotsedda
872 558 48 19 afta-

175 584 62 25 gande
250 589 72 20 genom
336 584 37 20 den
389 584 60 26 högre
463 585 155 25 beskattningen,
634 585 57 19 äfven
705 584 62 20 borde
777 584 103 20 motverka
895 590 24 14 en

176 611 63 19 alltför
253 610 124 25 högtdrifven
391 610 124 27 tillverkning
529 612 20 20 af
562 616 67 15 varan.
653 612 44 18 Men
711 612 6 18 i
731 611 127 19 betraktande
876 611 44 19 der-

176 637 25 25 af,
218 639 27 17 att
259 638 96 18 allmänna
369 637 104 25 meningen
486 638 5 19 i
506 638 65 20 landet
586 637 17 25 ej
618 639 51 17 ännu
681 637 63 20 blifvit
764 642 37 20 nog
815 636 105 20 förberedd

174 662 25 26 på
214 663 162 25 genomförandet
391 664 20 18 af
423 664 63 20 denna
500 664 164 26 genomgripande
678 663 112 25 förändring
804 664 38 18 och
856 662 64 20 farhå-

175 695 36 19 gor
225 689 49 26 röjts
289 690 29 19 för
333 695 23 14 en
371 690 195 27 fabriksbränningen
580 690 105 24 åtföljande
695 690 175 25 öfverproduktion
881 689 39 20 och

176 716 57 19 deraf
252 716 115 20 framkallad
391 716 50 20 ökad
462 717 123 20 konsumtion
604 717 20 18 af
642 722 70 20 varan,
737 716 58 20 hafva
816 716 105 20 ständerne

176 742 63 20 funnit
257 743 28 25 sig
303 743 46 19 böra
365 742 108 20 tillsvidare
487 744 92 20 fastställa
594 745 27 17 ett
638 743 108 19 maximum
760 743 30 19 för
806 742 37 20 den
858 742 62 25 årliga

175 768 151 26 tillverkningen
343 770 30 18 för
389 768 39 20 den
445 769 96 27 tidrymd,
560 770 113 19 hvarunder
689 770 38 19 den
741 768 117 26 författning,
876 774 45 14 som

177 800 26 14 nu
217 796 21 19 är
253 796 26 19 till
295 796 115 19 ständernas
427 795 99 21 utlåtande
543 796 142 24 öfverlemnad,
705 796 91 20 kommer
813 798 27 16 att
860 795 59 25 gälla;

176 822 28 18 till
219 822 46 24 följd
280 822 71 19 hvaraf
363 822 104 20 ständerne
481 823 38 19 ock
534 823 26 19 till
577 822 62 26 grund
656 822 29 20 för
703 822 33 19 sitt
753 821 65 20 beslut
835 822 38 19 och
887 822 35 19 det

176 848 21 19 af
209 848 46 20 dem
269 848 75 20 eskade
357 848 133 26 underdåniga
504 848 100 20 utlåtande
618 849 39 24 lagt
671 848 122 26 ofvansagde
809 848 24 25 på
848 848 71 26 princi-

176 879 39 21 pen
229 876 20 18 af
262 876 28 18 ett
305 874 79 20 maximi
399 874 82 26 belopps
495 875 119 25 behöflighet
627 875 70 19 stödda
712 875 72 24 förslag
798 877 52 17 samt
859 875 60 19 hafva

175 900 70 20 dervid
260 901 71 25 antagit
345 900 148 21 nedannämnde
507 902 121 25 stadganden
645 901 122 20 beträffande
783 901 93 25 rättighet
893 900 27 20 till

177 927 123 25 tillverkning
317 927 21 19 af
350 927 89 24 bränvin,
455 928 62 19 denna
533 933 59 14 varas
607 927 124 26 beskattning
747 927 39 20 och
806 927 37 19 den
864 926 58 26 infly-

177 953 58 20 tande
256 955 90 18 skatwtens
363 953 134 21 användande.
530 954 27 20 På
574 954 63 25 grund
653 954 56 19 deraf
725 956 36 23 att,
779 953 58 26 enligt
854 953 67 20 hittills

178 980 88 25 gällande
287 980 143 25 författningar,
450 986 23 13 en
491 981 50 19 hvar
560 981 27 19 till
607 980 220 25 bränvinstillverkning
842 979 78 20 berätti-

177 1006 36 26 gad
225 1007 58 19 äfven
295 1008 33 23 ägt
339 1005 78 26 försälja
431 1013 67 18 varan,
511 1007 62 20 tillåta
581 1007 29 25 sig
627 1007 106 20 ständerne
747 1007 5 19 i
766 1007 157 24 underdånighet

178 1035 28 17 att
223 1039 26 13 nu
261 1033 74 25 jemväl
350 1033 44 25 ingå
408 1033 6 18 i
428 1034 88 25 pröfning
530 1033 101 26 angående
645 1032 99 27 omfånget
757 1034 21 19 af
790 1033 25 20 de
824 1032 98 21 blifvande

177 1059 243 20 bränvinstillverkarenes
432 1060 169 25 försäljningsrätt,
612 1060 85 19 likasom
711 1061 38 18 ock
763 1060 120 19 beträtfande
897 1059 25 19 Je

178 1085 166 26 melborgarenes
365 1087 38 18 rätt
420 1087 38 18 och
479 1086 76 20 välfärd
575 1086 24 25 pä
617 1086 34 19 det
669 1088 101 18 närmaste
790 1086 84 20 rörande
890 1091 33 13 an-

179 1112 229 25 svarsbestämningarne
422 1113 29 18 för
465 1113 38 18 den
513 1113 110 24 föreslagna
633 1112 146 25 författningens
791 1112 133 20 öfverträdan-

178 1138 32 19 de.
239 1139 44 19 Med
297 1138 94 19 afseende
405 1137 47 20 derä
467 1141 28 16 att
509 1138 34 20 det
556 1139 77 25 kapital,
649 1144 44 13 som
707 1139 100 19 erfordras
821 1139 30 18 för
863 1139 60 18 inrät-

179 1164 58 19 tande
253 1165 22 18 af
288 1167 27 17 ett
333 1165 64 18 större
415 1165 100 25 bränneri,
531 1165 42 25 föga
590 1165 51 19 inom
659 1165 39 19 fem
713 1164 22 19 är
750 1165 38 19 kan
803 1167 119 20 amorteras,

179 1191 56 20 torde
249 1191 38 19 den
301 1191 10 24 $
325 1191 12 18 2
352 1190 102 20 bestämda
470 1191 27 20 tid
511 1191 30 20 för
558 1191 149 26 ifrågavarande
725 1191 121 25 författnings
860 1191 64 25 giltig-

180 1217 34 19 het
229 1217 46 18 böra
290 1216 112 20 utsträckas
416 1217 26 19 till
457 1218 27 18 tio
499 1217 28 20 är.
556 1217 37 20 För
607 1217 39 21 den
660 1218 94 19 händelse
766 1220 29 17 att
804 1217 33 20 det
846 1218 5 18 i
861 1217 63 19 denna

180 1243 10 24 $
204 1243 103 18 bestämda
321 1242 70 24 högsta
405 1243 228 25 tillverkningsbeloppet
647 1243 63 19 skulle
725 1243 42 19 visa
782 1243 30 24 sig
826 1242 98 19 otillräek-

180 1269 35 24 ligt
229 1268 29 19 för
272 1268 149 19 konsumtionen
436 1268 4 19 i
455 1269 71 24 landet,
543 1269 57 18 hafva
616 1269 104 19 ständerne
735 1269 38 18 ock
788 1270 52 18 velat
856 1268 27 19 till
898 1269 24 18 E.

181 1294 24 20 K.
214 1295 40 24 M:t
263 1293 139 26 underdänigst
416 1294 121 21 öfverlemna
552 1297 28 17 att
593 1295 60 19 redan
667 1295 42 19 före
718 1296 55 18 nästa
788 1295 89 24 landtdag
886 1295 38 19 för-

182 1320 44 25 höja
240 1320 53 20 detta
311 1321 78 25 belopp,
407 1321 47 19 med
470 1321 49 19 ända
537 1321 25 20 till
580 1321 68 19 femtio
661 1323 88 24 procent.
778 1321 71 20 Vidare
866 1321 58 20 hafva

182 1347 107 20 ständerne
305 1347 61 26 hyllat
382 1347 38 20 den
438 1347 51 26 äsigt
507 1351 27 16 att
551 1348 94 25 rättighet
659 1348 27 19 till
706 1348 218 25 bränvinstillverkning

183 1373 45 20 icke
240 1373 63 20 borde
317 1379 48 14 vara
379 1374 79 19 förenad
473 1375 46 19 med
532 1376 39 18 rätt
585 1374 26 19 till
626 1373 175 27 minutförsäljning
818 1375 38 19 och
868 1377 28 16 att
906 1374 18 26 ej

184 1401 60 18 heller
259 1399 63 26 någon
336 1399 82 20 särskild
428 1400 55 25 afgift
497 1401 29 19 för
536 1399 137 27 försäljningen
683 1400 50 26 finge
742 1402 36 24 äga
787 1407 50 14 rum.
866 1401 58 20 Hvad

184 1426 61 19 sedan
261 1426 92 26 beloppet
370 1427 20 18 af
409 1427 211 25 tillverkningsskatten
640 1427 133 25 vidkommer,
792 1428 55 19 torde
864 1427 36 19 den
918 1427 6 19 i
