1017 1689
303 141 71 23 Nådiga
385 143 141 22 Proposttionen
538 142 36 18 N:o
586 143 29 17 88.
787 141 44 19 1177

746 191 58 18 Mark.

731 241 94 24 660,000.

87 214 34 19 1:0
134 213 38 20 För
186 213 142 26 eftergifvande
345 214 20 19 af
380 213 306 26 husbehofsbränningsarrende-

133 239 88 26 afgiften,
237 239 117 26 uppgående
368 240 33 19 till.
506 255 4 4 EO
577 256 3 3 mo
612 256 39 4 em
682 256 3 3 x

84 265 34 20 2:0
133 266 29 19 De
180 266 45 19 med
241 267 109 19 kontrollen
367 267 57 18 öfver
443 266 243 25 bränvinstillverkningen

131 292 93 20 förenade
241 293 84 25 utgifter,
344 292 76 20 inlösen
435 293 20 18 af
466 299 27 13 nu
509 293 5 19 i
531 293 51 20 bruk
600 293 85 19 varande

131 318 182 29 bränvinsredskap
333 319 20 19 af
371 319 75 25 koppar
465 320 39 19 och
526 319 109 20 kostnaden
655 319 30 19 för

132 344 51 20 ökad
198 345 33 20 tull
246 346 38 19 och
297 351 63 14 annan
369 345 110 26 bevakning
489 345 25 20 till
522 345 165 20 förhindrande
664 340 27 35 af

131 371 64 26 oloflig
204 372 85 26 införsel,
301 372 123 25 tillverkning
435 373 37 18 och
482 370 110 27 försäljning
602 371 20 20 af
629 373 57 19 brän-

132 398 33 19 vin
182 398 5 19 i
204 399 75 24 landet,
298 398 115 26 uppgäende
430 398 6 19 i
453 404 25 14 en
495 403 79 15 summa
595 399 91 25 förslags-

132 425 32 19 vis
179 420 46 35 till.
258 441 4 4 so
293 440 4 4 so
504 439 179 5 L
729 425 96 23 200,000.

86 450 32 19 3:0
132 451 34 20 Till
183 451 116 26 godtgöring
316 451 19 20 åt
350 450 128 26 jordegarene
495 452 29 19 för
541 451 37 20 den
595 451 91 25 indragna

132 477 116 26 rättigheten
262 480 28 17 att
304 478 89 19 tillverka
404 478 37 19 och
452 476 77 26 försälja
538 477 88 24 bränvin,
636 476 50 26 jem-

131 506 20 17 te
164 504 149 20 underlättande
326 504 21 19 af
359 504 24 19 de
398 503 72 20 bördor
486 509 44 14 som
546 503 70 26 trycka
632 503 54 25 jord-

130 530 79 25 bruket,
225 531 63 19 borde
301 530 93 20 utfästas:

84 555 24 24 a)
131 557 70 25 Bidrag
215 556 20 20 åt
252 556 252 27 vägabyggnadsskyldige,
526 556 30 20 för
577 558 28 17 att
625 555 62 20 lindra

131 582 58 21 deras
202 583 109 20 kostnader
325 583 34 20 vid
372 582 114 27 utjemning,
503 582 75 26 rätning
592 582 47 20 eller
650 587 37 14 an-

129 615 38 14 nan
184 609 114 26 förbättring
312 609 21 20 af
345 609 69 20 allmän
428 609 94 26 landsväg
541 625 3 3 .
576 624 4 3 .
613 624 3 4 .
647 625 3 2 .
682 624 3 4 .
731 608 94 25 200,000.

85 635 22 25 0)
130 635 62 22 Medel
206 636 26 20 till
246 636 91 20 bildande
352 636 21 19 af
385 641 24 14 en
424 636 51 25 fond,
490 641 24 14 ur
528 635 79 20 hvilken
616 634 31 20 lån
661 634 25 26 pä

131 663 67 25 längre
212 663 27 20 tid
253 663 39 19 och
306 665 42 17 mot
361 662 69 25 lindrig
444 664 55 17 ränta
516 662 80 19 komme
612 664 28 17 att
656 663 31 17 ut-

130 689 74 26 gifvas,
223 689 68 20 såsom
305 689 108 20 understöd
430 688 20 20 åt
467 689 55 24 dem,
540 687 66 20 hvilka
622 688 64 26 bygga

131 716 64 19 större
209 717 39 18 och
265 716 145 19 kostsammare
426 715 164 26 landsvägabroar
607 715 21 19 af
643 716 43 17 sten

131 743 47 19 eller
195 737 39 34 jern
259 758 4 3 -
311 757 23 4 k
373 757 31 4 oc
439 757 35 4 &
505 757 4 3 s
540 756 5 4 =
576 737 15 34 BE
611 737 22 34 Ro
646 737 11 34 Vv

85 768 21 25 €)
131 769 33 19 Att
178 769 107 24 aflöningen
299 769 27 20 till
339 769 45 19 Bro-
394 769 38 18 och
442 767 126 25 skallfogdar,
579 767 65 20 hvilka
653 773 34 13 ur-

132 795 125 26 sprungligen
273 795 64 20 blifvit
353 795 78 20 tillsatta
452 795 30 19 för
501 793 149 20 handhafvande
669 793 20 19 af

132 821 127 21 kommunala
273 822 70 25 bestyr
360 822 38 19 och
414 821 79 19 derföre
509 820 108 20 tillerkänts
633 820 55 25 godt-

131 849 68 25 göring
216 849 26 19 uti
258 847 155 26 kappe-afgifter
430 846 42 21 frän
489 845 69 26 hvarje
575 847 112 18 hemmans-

131 875 47 26 rök,
197 881 46 14 men
259 880 92 20 numera,
369 873 25 21 dä
411 874 25 19 de
453 874 30 19 för
499 873 41 20 sina
558 872 129 26 befattningar

132 903 69 18 nästan
224 901 125 20 uteslutande
368 901 101 20 användas
494 900 33 19 vid
548 899 137 26 landtpolisen,

132 928 179 26 kronoupphörden
325 928 38 19 och
378 927 173 25 handräckningar,
564 927 34 18 äro
608 926 79 19 Statens

133 955 85 25 tjenare,
237 955 113 24 öfvertages
367 953 19 21 af
402 954 79 19 Kronan
498 953 38 20 och
552 951 135 27 jordlägenhe-

133 984 57 18 terne
204 981 73 20 befrias
291 981 42 20 från
347 980 62 20 denna
423 980 87 26 utskylä,
526 979 140 20 motsvarande
682 994 3 3 .
711 974 14 37 =
733 978 94 25 100,000.

86 1009 25 24 d)
133 1009 34 20 Att
180 1008 38 20 den
232 1009 27 19 till
273 1009 123 24 Lagmännen
410 1008 38 18 och
456 1005 190 26 Häradshöfdingare
657 1007 32 17 ut-

134 1034 78 26 gående
225 1034 152 26 tingsgästning,
394 1039 43 13 som
451 1035 21 17 är
487 1031 79 21 åhvälfd
580 1031 16 25 ej
612 1031 75 19 mindre

133 1061 38 19 den
186 1061 51 25 rike,
253 1062 24 18 än
291 1060 38 20 den
344 1060 75 19 mindre
432 1058 117 20 bemedlade
562 1058 26 19 till
603 1058 38 19 lika
654 1058 35 18 be-

134 1088 53 24 lopp,
204 1088 39 18 och
256 1086 57 26 utgär
328 1086 49 19 efter
390 1086 90 23 röktalet,
495 1084 105 20 framdeles
613 1084 47 19 skall
670 1084 20 18 af

134 1114 69 20 Staten
217 1113 94 19 bekostas
325 1113 38 19 och
377 1111 80 20 sålunda
472 1111 59 26 lyftas
545 1109 42 21 från
599 1109 90 26 jordega-

134 1145 48 15 rene
199 1139 37 20 och
253 1139 60 19 andre
330 1138 208 26 betalningsskyldige;
557 1136 133 26 ersättningen

135 1166 78 20 derföre
227 1166 61 25 stiger
302 1165 26 20 till
342 1164 99 25 omkring.
542 1178 75 4 sor

730 741 96 21 200.000.

732 1162 97 24 490,000.

544 1204 82 20 Summa
639 1202 54 20 Mark
714 1202 116 26 1,850,000.

595 1242 42 25 (S:r
650 1242 62 19 Rubel
726 1240 104 26 462,500).

145 1300 37 20 För
198 1299 35 21 det
249 1299 31 20 fall
298 1301 28 17 att
342 1297 39 21 den
397 1297 79 20 Kronan
492 1294 111 22 tillfallande
618 1294 56 20 andel
692 1293 6 19 i
712 1293 78 30 skatten
803 1293 30 29 för

90 1326 125 24 tillverkning
232 1326 38 18 och
286 1323 113 25 försäljning
415 1324 21 17 af
452 1323 81 19 bränvin
550 1321 64 28 skulle
630 1320 72 24 årligen
719 1324 67 24 uppgå
797 1319 36 28 till

92 1353 62 24 högre
171 1351 71 25 belopp
260 1352 24 17 än
304 1348 130 20 nästnämnde
454 1352 87 17 summa,
564 1346 31 27 vill
617 1346 63 29 Hans
699 1340 134 38 Kejserliga

92 1377 112 25 Majestät
220 1376 122 20 öfverlemna
362 1374 26 20 till
406 1374 108 19 Ständerna
534 1375 29 16 att
581 1371 73 25 jemväl
674 1371 119 29 bestämma.
805 1370 30 18 för

94 1404 66 20 hvilka
174 1402 89 22 ändamål
276 1401 131 21 öfverskottet
423 1400 48 20 skall
489 1398 101 20 användas
607 1398 38 18 och
659 1402 34 14 om
710 1396 51 30 icke
771 1401 64 24 någon

95 1430 32 20 del
144 1430 20 20 af
178 1430 54 20 detta
249 1428 111 20 öfverskott
376 1426 67 20 kunde
459 1424 105 22 öfverlåtas
578 1424 67 20 såsom
661 1425 29 17 ett
705 1422 86 20 kreditiv
808 1422 27 20 till

766 1455 32 16 TA"
