1009 1689
304 131 71 23 Nådiga
387 133 139 22 Propositionen
540 132 35 17 N:o
586 132 29 17 34.
790 133 44 20 1105

89 181 21 21 sä
126 181 82 26 mycket
221 187 43 14 mer
279 182 123 24 betungande
417 182 29 19 för
460 181 39 20 den
514 181 149 26 skattskyldige,
683 187 43 14 som
740 181 5 19 i
756 181 45 21 mån
812 183 22 19 af

89 207 137 27 persedlarnes
240 208 76 25 ringare
330 209 49 18 antal
394 208 92 25 beloppet
500 208 21 19 af
532 214 24 13 en
570 208 50 19 hvar
638 208 56 20 bland
709 208 46 19 dem
769 208 63 20 blifvit

88 235 68 23 högre.
185 233 64 20 Sådan
265 234 128 25 prisstegring
411 235 50 18 hade
478 234 62 20 under
556 234 25 19 de
599 240 69 14 senare
685 233 47 20 åren
747 235 85 19 inträffat

87 261 134 24 förnämligast
234 260 46 20 med
294 261 54 18 smör
362 261 37 18 och
415 261 44 25 talg,
476 260 66 20 hvilka
558 261 26 19 uti
599 261 39 19 den
647 265 37 21 nya
694 261 137 19 undervisnin-

88 293 36 20 gen
138 286 74 25 jemväl
228 292 48 13 vore
290 289 98 22 upptagne
403 287 25 19 till
444 290 28 17 ett
486 287 4 18 i
505 287 119 20 förhållande
639 287 26 19 till
682 287 61 24 öfrige
762 292 68 20 perse-

88 314 41 19 dlar
144 312 89 26 möjligen
248 313 28 18 för
291 313 46 24 högt
352 313 76 24 belopp.

140 339 31 19 En
186 339 131 25 fullkomligen
330 338 54 26 jemn
399 340 39 19 och
452 339 51 26 billig
520 339 108 26 beräkning
644 339 21 20 af
680 339 150 26 ifrågavarande

88 368 61 21 ränta,
166 366 5 18 i
185 365 209 20 öfverensstämmelse
408 366 44 19 med
468 365 156 26 omsättningens
638 365 97 25 ändamål,
751 366 37 20 har
797 372 35 14 an-

88 395 50 18 setts
156 391 49 20 dock
223 392 64 19 kunna
304 391 85 20 beredas
406 392 123 26 derigenom,
545 394 38 22 att,
602 392 45 19 med
662 391 136 22 bibehållande
812 393 21 19 af

87 419 123 19 närvarande
226 419 94 23 rubeltal,
336 419 30 19 för
384 419 68 24 hvarje
469 419 31 19 län
517 418 85 20 infördes
616 418 120 20 åtminstone
750 424 24 14 en
788 420 42 19 sär-

87 445 50 20 skild
151 444 149 25 undervisning,
316 444 86 24 hvaruti,
419 446 49 19 efter
481 445 122 25 nedsättning
618 445 47 19 eller
677 445 125 20 uteslutande
811 445 21 20 af

87 478 25 14 en
127 472 46 19 eller
188 477 61 13 annan
264 472 20 18 af
297 471 25 19 de
336 472 114 19 nuvarande
465 472 132 24 persedlarne,
614 472 63 20 skulle
692 472 62 19 under
764 477 24 14 en
798 478 32 12 ru-

86 498 43 20 bels
144 498 53 19 skatt
210 500 96 23 upptagas
319 497 59 26 några
393 497 47 20 flera
455 498 37 19 och
510 498 59 19 andra
586 498 89 25 artiklar,
694 498 57 19 valde
770 497 59 20 bland

86 525 53 23 dem,
155 530 45 14 som
214 525 4 18 i
234 527 55 16 orten
304 524 170 26 hufvudsakligast
491 524 121 26 produceras
629 524 38 20 och
685 524 65 20 hvilka
769 524 61 20 borde

86 552 27 20 till
127 552 93 24 beloppet
233 550 95 20 uträknas
342 551 49 19 efter
408 551 34 19 det
458 552 29 18 för
503 551 144 25 omsättningen
664 550 108 20 fastställde
789 556 42 14 me-

86 578 74 25 delpris
174 580 52 17 samt
240 578 30 18 för
284 577 58 26 öfrigt
355 578 89 24 afpassas
462 578 4 18 i
484 577 87 26 lämpligt
588 576 120 21 förhållande
726 578 27 19 till
772 578 58 19 hvar-

86 604 66 20 andra.
529 613 2 2 :

139 632 7 18 I
160 630 129 20 betraktande
304 630 56 20 håraf
372 631 36 19 har
423 630 60 20 Hans
499 630 132 25 Kejserliga
647 629 110 25 Majestät
776 630 52 20 velat

86 658 26 20 till
128 656 92 21 Finlands
234 656 85 20 Ständer
334 656 104 26 hänskjuta
453 657 113 25 afgörandet
577 657 95 19 huruvida
686 662 24 14 en
720 656 110 23 förändring

86 684 21 20 af
119 684 25 20 de
158 684 27 18 uti
200 683 74 25 Nådiga
288 684 110 19 Manifestet
412 684 37 19 den
464 685 12 19 9
490 684 53 25 April
559 684 50 19 1840
630 683 93 25 stadgade
743 683 86 25 grunder

86 711 30 19 för
129 710 290 26 räntepersedleomsättningen
434 710 31 20 må
480 711 60 19 blifva
550 710 59 24 nödig
621 710 47 24 och,
684 709 5 19 i
704 708 70 21 sådant
787 710 40 23 fall,

86 743 34 14 om
137 737 43 19 icke
197 736 53 20 detta
264 736 82 25 ärende,
363 736 61 24 jemte
441 737 56 19 deraf
512 736 99 21 beroende
626 736 53 25 fråga
696 736 2 18 i
714 735 52 20 hvad
783 736 46 19 mån

86 764 133 25 stadgandet
214 757 15 36 i
242 762 74 26 Nådiga
337 763 129 26 kungörelsen
487 764 38 19 den
550 764 22 19 31
593 763 52 19 Mars
670 763 58 24 1840,
746 761 83 27 angäen-

86 790 25 20 de
126 790 192 25 räntepersedlarnes
332 791 108 23 utgörande
454 791 48 19 efter
517 788 195 26 medelmarkegång,
731 788 99 20 erfordra-

85 816 25 20 de
124 816 59 26 några
197 816 20 20 af
227 816 133 26 förändringen
374 817 112 19 föranledda
497 818 90 18 närmare
598 815 170 23 bestämmanden,
780 814 49 20 kun-

84 843 25 21 de
124 844 26 19 till
165 842 116 26 behandling
294 843 131 19 öfverlemnas
440 842 19 20 åt
473 843 59 25 några
546 843 20 19 af
579 842 96 25 Regering
688 843 38 17 och
736 842 91 24 Ständer,

85 870 27 20 till
127 870 37 20 lika
179 870 50 19 antal
244 869 18 19 af
277 869 103 25 hvardera,
398 870 82 19 utsedde
495 868 121 24 sakkunnige
631 870 52 22 män,
694 868 73 21 hvilka,
779 868 50 19 efter

86 896 79 20 samråd
181 896 45 20 med
240 896 58 19 valde
312 895 72 20 ombud
399 895 42 20 från
456 895 67 25 hvarje
537 896 30 19 län
582 895 38 19 och
631 894 60 20 sedan
702 894 69 26 nödige
780 900 50 25 upp-

85 923 101 25 lysningar
200 922 114 24 inhemtats,
331 922 50 24 egde
398 925 28 16 att
443 922 5 19 i
465 921 126 20 omförmälda
609 924 70 16 ämnen
696 920 25 25 på
738 926 25 13 en
779 926 50 19 gång

86 949 73 25 afgifva
174 948 119 25 fullständigt
307 949 77 24 förslag,
401 953 44 14 som
459 949 32 18 vid
505 946 131 25 nästföljande
656 947 91 25 landtdag
764 946 66 20 skulle

85 975 110 20 Ständerna
210 975 25 19 till
250 974 88 25 pröfning
353 975 115 25 föreläggas.

297 1001 64 25 Enligt
377 1001 63 19 Hans
456 999 132 26 Kejserliga
608 998 125 26 Majestäts
753 998 75 26 Nådiga

227 1027 113 25 befallning,
359 1027 65 26 gifven
441 1027 5 19 i
464 1025 105 26 Tsarskoje
587 1025 45 21 Selo
649 1025 37 20 den
703 1026 25 19 20
746 1024 44 20 Juni
808 1025 20 25 (2

226 1053 47 25 Juli)
289 1053 57 20 1863.

353 1103 73 17 Alex.
440 1102 124 18 Armfelt.

556 1150 22 19 4.
590 1150 28 19 W.
630 1149 132 20 Wallensköld.

290 1243 260 24 Stats-Utskottets
568 1242 180 23 betänkande
762 1241 38 24 N:o
816 1241 14 23 2

221 1274 9 22 i
240 1273 120 27 anledning
373 1272 25 23 af
410 1272 72 22 Hans.
497 1271 167 33 Kejserliga
678 1270 152 28 Majestäts

222 1300 84 28 Nädiga
325 1296 136 47 proposition
467 1317 5 9 ,
493 1299 113 28 angäende
625 1299 99 22 revision
746 1298 24 23 af
788 1298 42 22 den

222 1334 78 23 genom
314 1327 85 28 Nädiga
413 1327 124 22 Manifestet
550 1327 40 22 den
604 1327 13 20 9
629 1326 64 28 April
707 1326 55 22 1840
773 1325 57 22 stad-

222 1357 57 27 gade
294 1356 136 26 omsättning
444 1355 25 22 af
481 1354 207 29 räntepersedlarne
703 1354 7 21 i
725 1353 81 23 landet.

140 1395 8 19 I
162 1395 38 19 den
214 1393 155 21 Skandinaviska
384 1392 85 25 Norden,
485 1392 36 20 der
530 1391 261 20 samhällsmedlemmarnes
800 1389 29 21 bi-

86 1421 48 26 drag
151 1421 26 19 till
192 1420 86 27 fyllande
291 1421 21 18 af
324 1420 94 20 allmänna
429 1419 60 19 behof
497 1419 49 19 först
554 1418 81 20 kommo
646 1419 4 18 i
661 1417 53 26 fräga
725 1418 33 20 vid
767 1417 64 27 krigs-

758 1450 25 17 "10
