1006 1686
176 160 3 3 .
192 142 46 19 1048
409 143 72 22 Nädiga
492 143 141 23 Propositionen
645 141 36 18 N.o
693 141 29 19 32.

293 191 194 27 hypotheksfonderne
501 193 7 18 i
521 191 92 20 Finlands
628 191 66 24 Bank,
709 191 45 20 eller
767 192 8 18 i
789 191 102 20 allmänhet
905 193 30 17 rö-

292 220 61 19 rande
367 219 117 20 densammas
499 219 82 20 redbara
595 219 90 25 tillgäng,
701 219 111 26 utgifvande
830 220 24 25 af
865 219 70 23 sedlar,

294 247 113 20 länerörelse
423 247 34 19 och
467 248 62 25 öfriga
537 247 136 26 förhållanden
690 247 28 19 till
727 247 132 22 allmänheten,
871 247 64 22 skola,

293 275 63 19 såsom
370 274 31 27 $$
415 275 39 23 40,
470 275 34 23 41;
519 275 27 19 42
556 275 33 19 och
603 275 28 18 43
645 276 24 24 af
675 274 51 20 1772
739 275 33 19 års
783 274 154 26 Regeringsform

294 310 30 12 om
338 302 99 28 lagfrägor
451 303 80 25 stadga,
546 302 59 21 ehvad
618 303 99 25 förslaget
732 302 63 20 dertill
806 302 51 26 frän
871 301 66 21 Hans

292 330 115 27 Majestät
421 331 45 20 eller
481 330 107 21 Ständerne
602 330 71 26 utgått,
689 331 56 25 enligt
760 330 65 20 Hans
839 330 97 25 Kejser-

291 360 49 25 liga
357 358 126 26 Majestäts
501 358 34 20 och
550 358 116 20 Ständernes
684 358 204 20 sammanstämmande
906 358 30 19 be-

291 388 38 19 slut:
348 386 90 27 utfärdas
458 387 28 19 till
504 386 150 20 vederbörandes
672 387 137 25 efterrättelse;
828 388 50 18 sami
896 388 39 22 att,

292 418 7 18 i
312 415 89 20 händelse
416 414 57 26 något
487 417 42 24 nytt
543 414 106 26 stadgande
659 415 44 20 eller
713 415 119 26 förändring
848 414 34 20 och
891 414 45 26 för-

291 445 75 24 klaring
381 444 24 25 af
415 444 89 24 gällande
513 444 124 25 föreskrifter
651 444 7 18 i
676 443 126 26 omförmälda
820 446 67 16 ämnen
897 443 39 26 fin-

292 478 33 14 nes
340 472 77 19 emellan
432 470 128 27 Landtdagar
573 478 48 12 vara
636 472 23 26 af
671 472 97 26 synnerlig
786 471 140 25 nödvändighet

292 500 66 20 Hans
372 500 114 26 Majestät
501 503 47 23 äger
563 502 27 16 att
609 500 46 25 efter
670 506 47 19 egen
731 501 90 24 pröfning
840 500 33 18 och
888 501 7 18 i
909 495 28 29 of"

292 528 171 20 verensstämmelse
477 527 43 21 med
535 527 116 20 Ständernes
665 528 174 26 bankfullmäktiges
852 527 85 24 utlätan

294 557 34 23 de,
342 556 87 19 meddela
441 556 65 25 nådigt
517 555 67 27 påbud
598 556 73 23 derom,
685 562 40 13 som
739 559 48 22 äger
797 556 97 25 giltighet,
909 556 28 23 in.

294 585 27 19 till
338 584 43 19 dess
400 589 71 14 samma
485 583 62 27 fråga
566 584 31 19 vid
615 583 128 27 nästföljande
761 583 105 26 Landtdag
887 584 38 19 kan

274 630 2 2 +
293 612 64 20 gåsom
374 613 56 25 ofvan
449 615 24 16 är
487 612 66 26 sagdt,
570 612 74 20 komma
662 612 61 20 under
742 611 116 21 Ständernes
877 608 60 30 öfver”

292 642 87 25 läggning
395 641 34 19 och
443 639 65 21 beslut.

245 683 59 21 Hvad
317 682 43 21 åter
374 682 91 20 beträffar
479 682 38 20 den
527 682 88 26 gällande
629 682 145 26 lagstiftningen
784 682 101 26 angående
899 682 39 26 pri-

192 710 68 21 mitiva
275 708 275 28 och'hypotheksfonderne
541 704 12 36 i
563 708 89 20 Finlands
665 710 57 24 Bank,
734 710 36 24 har
781 709 101 20 Utskottet
896 710 41 18 fun-

191 737 28 19 nit
233 734 95 28 åtskilliga
342 736 137 25 förändringar
492 735 41 20 deri
548 740 47 14 vara
609 735 22 19 af
641 734 139 27 hufvudsaklig
792 736 40 26 vigt
847 736 36 18 och
899 736 39 19 för-

192 763 91 20 denskuli
299 768 25 14 'nu
338 762 61 20 redan
414 762 46 19 böra
475 762 79 20 komma
569 762 6 18 i
589 761 61 26 fråga.
679 762 38 20 Det
731 763 81 19 främsta
823 762 115 26 syltemälet

192 789 30 20 för
235 789 91 20 Bankens
340 788 128 20 verksamhet
477 788 66 20 måste
557 788 52 20 alltid
623 788 91 20 förblifva
727 788 181 27 upprätthållandet
918 788 21 20 af

192 818 90 24 myntets
296 816 47 19 eller
356 815 47 20 dess
418 816 5 18 i
439 815 107 19 sedelform
555 814 138 21 cirkulerande
703 818 170 22 representanters
886 816 51 18 fasta

191 842 69 20 värde.
290 842 68 19 Under
372 841 48 19 åren
435 842 105 19 1840—54
555 842 34 19 har
606 841 80 20 Finland
701 842 39 19 ock
754 840 78 26 ätnjutit
846 841 93 20 fördelar-

192 874 26 14 ne
232 869 21 19 af
266 873 24 15 en
305 867 63 20 sådan
381 867 96 26 ställning,
493 868 103 19 hvaremot
616 868 65 19 landet
702 868 113 19 sedermera
831 869 5 18 i
851 867 88 20 kännbar

194 894 44 20 mån
253 894 39 22 fått
304 895 63 19 erfara
381 893 98 20 saknaden
493 895 38 18 och
545 894 94 19 behofvet
648 894 56 19 deraf
717 899 72 20 genom
801 894 138 19 silfverutvex-

192 920 76 27 lingens
288 919 135 26 "upphörande.
451 920 37 19 För
503 923 27 16 att
550 919 99 21 återställa
669 923 28 17 ett
713 921 85 19 normalt
817 919 121 21 förhållande

192 946 42 21 häri
256 950 52 17 samt
327 947 60 19 tillika
408 946 63 26 bygga
492 947 91 19 Bankens
602 946 83 20 bestånd
706 946 24 26 på
752 952 49 21 egen
819 947 38 19 och
877 947 60 19 säker

192 973 102 26 grundval,
310 979 60 20 synes
384 972 34 20 det
432 979 45 13 vara
495 973 127 25 ovilkorligen
643 973 126 26 nödvändigt,
785 975 29 18 att
830 973 45 19 icke
888 973 51 19 blott

192 1000 97 19 förstärka
304 999 89 20 Bankens
407 999 82 20 redbara
505 1000 64 19 valuta
585 999 84 20 medelst
688 999 103 20 förändrad
807 999 132 25 organisation

194 1027 22 19 af
228 1026 141 26 grundfonden,
384 1028 48 17 utan
446 1026 36 19 ock
497 1027 75 24 reglera
587 1026 46 19 dess
647 1025 150 26 sedelutgifning
814 1025 25 20 till
855 1029 28 16 ett
897 1031 41 14 me-

194 1057 21 15 ra
231 1053 72 25 stadigt
318 1052 78 26 belopp,
412 1053 24 18 än
450 1052 34 19 det
499 1051 119 21 nuvarande.

249 1090 9 19 I
272 1090 51 19 förra
338 1089 121 20 hänseendet
473 1089 31 20 må
518 1095 25 14 ur
557 1089 141 20 ofvanstående
715 1089 106 21 historiska
835 1090 104 20 framställ-

193 1116 45 24 ning
254 1116 82 23 erinras,
358 1116 97 18 hurusom
476 1115 62 20 redan
556 1117 50 19 1811
622 1115 32 19 års
674 1116 121 25 reglemente
814 1117 75 25 antydt,
911 1119 28 17 att

190 1142 94 21 Bankens
299 1141 98 26 primitiva
415 1142 46 19 fond
478 1142 69 24 skulle,
564 1142 33 19 vid
615 1142 115 24 förmånliga
744 1142 151 25 konjunkturer,
911 1142 28 20 ef-

194 1168 84 19 terhand
292 1168 111 19 förvandlas
425 1167 26 20 till
465 1168 74 24 specie,
558 1168 30 19 för
604 1170 29 17 att
649 1168 73 20 bereda
743 1169 68 25 stadga
829 1168 5 19 i
848 1168 91 20 Finlands

191 1194 159 26 .penningeverk.
378 1194 67 22 Denna
466 1194 139 25 konvertering
627 1194 36 19 har
683 1196 52 18 ännu
754 1195 68 19 hittills
836 1194 17 25 ej
876 1195 63 19 blifvit

194 1220 65 20 utförd
274 1220 47 19 eller
336 1225 34 13 ens
383 1219 86 19 kommit
482 1220 5 18 i
502 1220 61 24 fråga,
579 1220 82 19 emedan
678 1220 85 19 nämnde
779 1220 46 19 fond
843 1221 34 19 allt
890 1222 48 18 fort-

194 1245 81 19 farande
289 1245 51 19 varit
354 1245 77 19 använd
445 1245 26 19 till
485 1245 115 26 långvariga
617 1245 161 26 amorteringslån
792 1246 20 19 åt
825 1245 111 27 jordägare,

194 1271 79 19 hvilkas
288 1270 124 20 skuldsedlar
426 1271 45 19 icke
485 1274 57 22 egnat
556 1271 29 26 sig
599 1272 29 18 för
642 1271 53 26 dylik
710 1272 118 19 realisation.
851 1273 86 19 Numera

195 1302 61 22 synes
270 1297 52 19 dock
336 1302 25 14 en
375 1295 61 23 sådan
450 1295 67 27 åtgärd
532 1298 65 19 kunna
606 1297 124 27 småningom
739 1298 118 20 verkställas
871 1298 24 26 på
911 1301 28 18 ett

195 1326 47 27 sätt,
256 1330 45 14 som
314 1322 52 21 både
379 1324 54 20 leder
451 1324 28 19 till
495 1324 82 21 fondens
594 1324 115 26 fortgående
726 1325 97 26 tillökning
837 1326 38 19 och
893 1326 46 20 der-

194 1354 68 22 jemte,
278 1350 117 21 åtminstone
410 1351 5 19 i
432 1349 63 27 någon
512 1350 52 26 mån,
586 1352 72 19 verkar
680 1352 25 20 till
718 1351 128 26 jordbrukets
866 1353 70 20 fördel.

194 1376 102 21 Primitiva
310 1377 82 20 fondens
406 1377 104 26 inflytande
525 1377 99 27 tillgångar
639 1378 62 21 borde
718 1379 97 25 nemligen
832 1379 107 20 konverte-

194 1409 34 14 ras
241 1404 26 20 till
282 1404 58 20 säkra
354 1404 140 20 räntebärande
511 1405 146 26 kreditpapper,
673 1405 66 21 hvilka
754 1406 32 19 vid
797 1406 60 20 behof
872 1406 67 20 kunde

195 1428 28 22 till
237 1430 149 26 silfveruppköp
400 1430 109 24 användas;
525 1432 38 20 och
577 1437 32 15 om
623 1432 82 21 sålunda
720 1432 140 21 företrädesvis
874 1433 64 20 finska
