1009 1695
182 141 48 33 1100
397 146 70 23 Nådiga
480 147 140 23 Propositionen
634 147 35 17 N:o
682 147 28 16 33.

182 195 98 26 uppstått,
296 197 25 18 till
337 197 118 19 ständernas
469 196 90 25 pröfning
575 195 78 26 nådigst
669 196 98 25 föreslagit
787 196 91 19 särskitta
898 194 28 21 ät-

183 222 80 26 gärder,
285 222 127 25 hvarigenom
429 222 99 26 styrelsen
545 225 63 17 sattes
625 223 5 18 i
648 222 71 19 tillfälle
735 225 28 16 att
780 223 72 25 förfoga
870 223 56 18 öfver

184 248 69 26 nödiga
268 249 65 19 medel
347 249 26 20 till
387 249 75 20 inlösen
476 249 20 18 af
509 249 148 24 ifrågavarande
672 249 118 25 lägenheter,
801 249 68 20 hvilka
883 249 45 19 der-

185 276 50 19 efter
248 275 80 20 komme
341 278 28 17 att
384 278 53 17 emot
453 275 54 20 vissa
523 275 63 20 vilkor
603 274 106 21 öfverlåtas
726 275 20 20 åt
762 275 87 20 åboerne
865 275 63 20 under

182 302 35 20 full
231 302 118 25 eganderätt.

235 327 29 20 Då
282 328 114 26 ständerna,
415 335 44 13 som
476 329 5 18 i
499 329 143 26 sammanhang
657 328 48 20 med
723 328 112 20 förberörde
856 328 70 27 nådiga

184 355 121 26 proposition
327 355 27 20 till
377 355 118 25 behandling
520 355 84 20 förehaft
631 359 27 16 ett
677 355 6 20 i
704 354 146 21 Bondeståndet
870 355 58 20 fram-

184 382 59 20 stäldt
256 381 193 26 petitionsmemorial
465 387 32 14 om
513 382 105 19 understöd
634 382 5 19 i
653 381 99 20 enahanda
767 382 52 25 syfte
833 382 30 19 för
877 382 25 19 de
916 382 11 20 å

183 408 106 20 Lohikoski
303 408 152 26 donationsgods
470 410 5 18 i
491 409 86 19 Sulkava
592 409 73 19 socken
679 409 21 19 af
712 409 31 18 S:t
757 408 81 20 Michels
852 409 31 19 län
892 409 36 19 bo-

183 437 54 17 satte
242 434 82 25 bönder,
336 440 25 14 nu
371 434 22 26 gå
401 436 40 19 att
437 430 12 36 i
450 434 155 27 underdånighet
628 438 36 17 yttra
673 435 29 25 sig
710 434 28 20 uti
749 435 128 20 förevarande
885 436 42 25 vig-

182 462 37 25 tiga
229 461 66 26 fråga,
308 462 59 18 hafva
377 462 103 19 ständerna
493 464 65 18 ansett
571 462 29 24 sig
627 466 32 15 böra
672 462 4 19 i
690 463 80 18 främsta
781 464 86 17 rummet
876 462 52 20 fästa

182 488 177 25 uppmärksamhet
375 488 32 19 vid
422 488 25 20 de
461 487 191 25 rättsförhållanden,
668 487 42 20 från
725 488 66 20 hvilka
807 488 122 26 godsegare-

183 520 36 14 nes
234 514 37 20 och
286 514 111 20 böndernes
411 515 118 26 ömsesidiga
544 514 85 26 anspråk
643 514 43 20 leda
696 516 30 18 sin
736 514 133 26 upprinnelse.
898 515 29 20 Dä

183 540 57 21 likväl
255 541 26 20 de
293 541 102 19 urkunder
409 542 37 18 och
465 542 59 26 öfriga
542 541 123 26 handlingar,
684 547 45 14 som
746 541 58 20 bordt
820 542 67 25 läggas
901 542 26 20 till

183 568 62 24 grund
260 568 30 20 för
304 566 77 26 frågans
395 568 144 20 bedömmande
555 574 24 13 ur
595 568 66 20 denna
679 569 110 25 synpunkt,
807 568 62 20 likaså
886 568 42 22 litet

184 599 43 14 som
244 594 124 24 fullständiga
384 595 143 26 upplysningar
544 594 29 20 för
594 594 78 26 frågans
693 594 143 21 bedömmande
857 595 5 19 i
880 595 47 20 dess

183 621 73 24 helhet,
273 622 50 19 varit
337 621 29 19 för
383 621 106 20 ständerna
507 621 114 25 tillgängliga
638 624 51 16 samt
706 621 144 25 granskningen
867 622 21 19 af
903 622 25 20 de

183 648 50 19 efter
247 648 94 26 Wiborgs
355 648 42 19 läns
411 648 87 26 förening
512 648 46 20 med
572 648 34 19 det
619 648 60 26 öfriga
692 648 80 20 Finland
790 647 5 20 i
812 650 66 18 ämnet
892 648 36 20 till-

183 673 72 20 komna
269 674 134 25 författningar
418 675 63 24 gifver
495 674 111 20 vidhanden
621 677 28 17 att
663 674 10 20 å
684 674 61 20 skilda
755 675 52 19 tider
816 675 51 20 olika
877 674 51 26 åsig-

182 703 31 17 ter
227 700 52 26 gjort
293 701 30 25 sig
337 700 87 26 gällande
438 701 122 20 beträffande
575 700 98 26 omfånget
691 702 20 18 af
726 701 148 20 donatariernes
889 703 39 18 rätt

183 726 25 20 till
224 727 25 20 de
263 727 98 20 förlänade
374 728 138 24 lägenheterna
527 731 51 16 samt
592 728 70 19 dessas
675 727 110 26 jordnatur,
802 728 59 20 hafva
876 730 53 18 stän-

183 753 60 20 derna
258 756 39 17 sett
311 754 29 26 sig
353 754 112 20 nödsakade
484 757 28 17 att
526 755 29 19 för
572 754 63 20 denna
651 754 50 26 gång
719 754 50 20 afstå
784 754 42 20 från
844 761 23 13 en
885 756 43 18 när-

183 785 56 14 mare
253 781 88 25 pröfning
355 781 21 19 af
388 780 62 20 denna
464 781 31 19 del
511 781 19 19 af
543 781 73 25 frågan,
635 781 80 19 hvilken
730 780 73 26 jemväl
819 787 61 14 synes
895 787 34 15 va-

182 811 22 14 ra
221 807 20 19 af
256 806 39 20 den
312 807 116 20 invecklade
446 807 146 25 beskaffenhet,
613 810 30 17 att
661 807 116 20 densamma
798 810 70 18 endast
882 808 46 20 med

182 832 79 26 ledning
276 834 21 18 af
308 832 11 21 å
333 836 32 17 ort
378 834 38 19 och
431 834 55 19 ställe
500 834 135 25 försiggångna
649 834 171 25 undersökningar
832 835 39 19 kan
882 834 45 20 med

183 859 34 19 full
231 859 147 20 sakkännedom
393 859 124 20 bedömmas.
547 861 108 19 Ständerna
670 859 18 20 få
703 861 56 19 alltså
774 862 36 18 hos
823 861 24 20 E.
858 861 23 20 K.
892 862 36 19 M:t

182 885 5 19 i
202 885 154 26 underdånighet
370 885 87 21 anhålla:

285 913 30 20 det
329 913 56 20 måtte
401 920 22 13 en
437 913 120 20 kommission
571 915 99 19 nedsättas
679 915 36 24 för
729 917 28 17 att
771 914 12 20 &
801 917 53 18 orten
868 915 59 26 inför-

284 942 63 25 skaffa
361 942 138 26 upplysningar
515 949 29 12 om
560 943 86 24 grunden
666 943 27 18 till
713 943 54 19 såväl
784 943 144 20 donatariernes

284 976 40 13 som
343 970 205 20 donationsböndernes
567 973 50 21 rätt,
637 973 49 17 samt
703 971 76 25 frågan
801 971 80 26 derefter
901 972 27 19 till

284 998 72 25 slutligt
370 999 105 25 afgörande
489 1000 7 18 i
511 998 60 20 nåder
579 1000 113 25 föreläggas
702 999 73 20 landets
785 1000 81 19 härnäst
878 1007 48 13 sam-

284 1026 138 19 manträdande
431 1027 85 19 ständer.

235 1060 38 20 Det
289 1060 36 20 har
342 1060 69 20 härvid
429 1061 43 19 icke
486 1061 89 20 undfallit
588 1061 104 21 ständerna
709 1064 28 17 att
751 1061 25 20 de
789 1062 86 20 faktiska
889 1063 39 20 för-

182 1086 109 24 hållanden,
308 1086 65 20 hvilka
387 1087 112 19 tillkommit
516 1093 71 20 genom
601 1088 37 19 den
652 1088 96 20 alltsedan
762 1088 22 20 år
797 1090 51 19 1837
858 1089 69 20 såsom

181 1113 32 25 lag
227 1113 112 25 tillempade
354 1113 137 26 förordningen
507 1114 20 19 af
539 1114 38 20 den
593 1115 24 18 25
632 1116 114 18 November
761 1116 58 24 1826,
831 1122 45 13 som
885 1116 42 20 haft

181 1139 26 19 till
222 1138 73 27 påföljd
309 1142 29 16 att
352 1140 88 24 samtliga
451 1141 117 25 förläningar
577 1141 20 19 af
605 1140 135 21 donatarierne
749 1142 102 20 förvaltats
862 1142 64 20 under

182 1166 174 24 frälsemannarätt,
368 1166 45 20 icke
423 1166 64 20 kunna
501 1168 76 19 lemnas
591 1170 46 16 utan
651 1168 101 24 afseende,
763 1168 70 20 medan
844 1168 10 20 å
865 1169 61 20 andra

182 1192 54 19 sidan
250 1192 33 20 det
297 1192 36 19 hos
347 1192 203 21 donationsbönderne
564 1193 6 19 i
584 1192 46 26 följd
644 1194 20 19 af
677 1194 80 26 tidigare
770 1195 107 19 historiska
887 1196 39 22 för-

180 1218 102 20 hållanden
299 1218 129 20 fortlefvande
443 1220 107 24 anspråket
567 1220 24 25 på
608 1220 43 20 dels
668 1221 76 24 egande
757 1221 42 19 dels
813 1222 65 25 ärftlig
892 1225 34 17 be-

181 1245 130 24 sittningsrätt
325 1245 27 19 till
367 1246 117 18 hemmanen
499 1250 36 20 gör
549 1246 34 18 det
596 1246 120 20 åtminstone
727 1248 90 18 tänkbart
827 1250 27 16 att
864 1248 62 24 sagde

181 1270 82 25 allmoge
278 1270 18 25 ej
310 1271 89 19 öfverallt
413 1271 47 19 skall
476 1271 62 20 finnas
553 1271 52 25 villig
620 1275 27 16 att
660 1273 29 18 för
698 1273 139 24 lägenheterna
847 1274 77 25 erlägga

180 1296 80 20 fordrad
277 1296 126 26 löseskilling.
435 1297 27 19 På
480 1298 33 19 det
530 1300 33 22 att,
583 1298 6 19 i
605 1298 94 20 händelse
716 1300 23 19 E.
759 1299 23 20 K.
801 1299 40 20 M:t
855 1300 69 20 täckes

180 1322 33 19 vid
230 1325 57 17 nästa
303 1323 90 26 landtdag
409 1323 38 20 låta
465 1323 52 27 ånyo
534 1325 96 25 förelägga
651 1325 105 20 ständerna
776 1325 148 26 ifrågavarande

179 1349 80 25 ärende,
275 1349 58 26 nödig
348 1350 101 25 utredning
463 1351 5 18 i
483 1351 59 20 dessa
557 1351 53 20 delar
624 1351 17 25 ej
652 1351 60 21 måtte
723 1353 78 26 saknas,
813 1352 49 27 våga
872 1355 52 18 stän-

179 1375 60 20 derna
253 1376 140 25 underdånigst
406 1377 81 20 föreslå:

281 1411 27 17 att
323 1411 58 17 innan
395 1411 147 24 nästinfallande
557 1411 91 26 landtdag
666 1413 114 26 upplysning
799 1413 125 26 införskaffas

281 1437 16 26 ej
311 1438 72 19 mindre
399 1437 119 26 beträffande
536 1439 83 26 beloppet
634 1441 24 24 af
673 1440 36 20 den
729 1441 133 26 löseskillning,
883 1449 41 13 som
