1014 1692
304 140 71 24 Nådiga
386 141 141 23 Propositionen
539 140 36 18 N:o
587 141 28 17 31.
796 139 32 19 51

89 189 246 26 Taxeringskomiten,före
348 190 38 22 den
398 191 8 19 1
418 190 117 26 September
549 190 20 20 ät
578 190 38 20 den
630 189 146 21 tillförordnade
785 189 45 20 ord-

89 216 95 20 föranden
197 216 82 20 aflemna
300 217 45 19 icke
358 218 81 18 allenast
452 218 38 18 den
510 218 30 18 för
554 219 55 17 orten
627 216 81 20 sednast
721 216 110 26 uppgjorda

89 242 140 26 mantalslängd
242 242 63 26 jemte
319 242 60 27 Jerpä
393 243 88 26 grundad
496 243 20 19 af
526 244 73 18 honom
612 242 106 26 upprättad
732 242 58 26 längd
804 242 28 19 öf-

89 274 36 15 ver
140 269 36 19 alla
191 269 114 26 fastigheter
319 270 52 19 inom
385 270 107 25 distriktet,
507 272 46 17 utan
568 269 103 25 undantag,
688 269 30 19 för
732 268 99 20 införande

89 295 21 20 af
122 295 39 20 Jen
176 296 214 25 fastighetsbevillning,
402 301 44 14 som
460 297 91 18 kommer
565 298 27 17 att
605 296 21 18 af
636 295 196 24 Taxeringskomiten

89 321 130 26 bestämmas,
234 324 46 17 utan
296 323 37 18 ock
348 323 72 19 honom
432 327 71 20 genom
513 323 142 19 Guvernörens
669 322 77 25 försorg
760 321 27 20 till
802 327 32 14 er-

89 348 101 26 forderligt
204 348 51 20 antal
276 348 159 21 tillhanJahällna
455 349 78 26 tryckta
550 349 111 19 blanketter
680 348 27 20 till
725 348 108 25 taxerings-

88 375 81 25 längder
190 375 56 19 öfver
265 375 217 26 inkomstbevillningen
502 375 50 20 efter
569 375 11 19 3
595 375 92 25 Kapitlet,
708 375 28 19 uti
753 374 80 19 hvilken

89 401 93 20 Komiten
197 401 71 20 införer
282 402 36 19 alla
332 402 25 19 de
370 407 107 20 personers
491 407 64 20 namn,
567 401 66 20 hvilka
642 407 58 14 anses
714 401 78 25 pligtige
806 403 28 17 att

89 427 56 27 dylik
159 427 107 26 bevillning
280 429 83 25 erlägga,
386 428 47 20 eller
454 429 73 24 hvilka,
546 429 64 18 ehuru
630 427 60 20 sådan
711 427 123 26 förpliktelse

89 455 22 19 af
122 455 92 20 Kronans
228 454 74 20 ombud
316 454 103 27 påyrkats,
435 454 85 21 derifrån
534 453 19 21 af
565 454 92 20 Komitén
671 453 81 21 befrias.

433 507 10 26 $
457 509 33 19 24.

144 545 37 21 Vid
196 545 69 26 hvarje
286 545 187 27 taxeringskomités
493 545 60 20 första
574 545 146 20 sammanträde
742 545 29 20 för
792 544 43 21 året

90 572 51 21 skall
155 573 64 19 denna
234 572 72 26 Stadga
321 573 49 19 inför
384 572 90 20 Komitén
494 573 93 24 uppläsas
603 572 26 19 till
644 572 37 19 den
696 572 29 20 del
741 571 37 20 den
793 577 42 14 om-

90 600 59 19 fattar
163 599 111 25 grunderne
288 599 30 18 för
331 599 114 26 taxeringen
459 600 37 19 och
511 598 51 21 hvad
579 599 5 18 i
599 598 57 25 öfrigt
673 599 45 19 med
732 599 102 19 Komiténs

90 625 89 26 göromål
194 631 46 20 eger
255 626 147 25 sammanhang.

145 652 91 19 Derefter
250 652 88 25 vidtager
353 651 70 26 sjelfva
438 652 145 25 förrättningen,
601 651 70 20 dervid
688 650 70 25 hvarje
775 651 62 20 skatt-

91 679 79 26 skyldig
191 678 41 25 bör,
254 679 123 25 personligen
398 679 48 19 eller
465 684 72 20 genom
556 678 80 25 ombud,
658 677 176 21 tillstäleskomma

91 707 52 18 samt
156 705 94 26 uppgifva
270 705 34 19 det
319 705 66 24 värde,
408 705 79 20 hvartill
504 706 37 19 han
555 710 59 14 anser
634 705 101 25 fastighet,
758 709 45 14 som
816 704 22 20 af

91 733 72 18 honom
178 731 116 19 innehafves
308 733 38 18 och
360 733 21 18 är
396 731 105 26 bevillning
515 731 50 20 efter
587 730 60 20 sådan
661 733 62 23 grund
737 731 99 20 underka-

91 757 51 26 stad;
160 757 45 20 böra
221 757 123 26 uppskattas,
360 758 104 19 äfvensom
485 759 91 24 beloppet
590 757 21 19 af
625 757 42 19 sina
685 757 60 26 öfriga
759 757 76 19 inkom-

90 787 42 17 ster
146 785 22 18 af
179 784 68 19 arbete
262 784 46 19 eller
322 784 78 25 kapital,
414 783 63 26 jemte
491 784 25 20 de
530 783 68 26 afdrag
612 784 37 19 han
664 783 33 20 vid
712 783 123 26 bevillnings-

91 811 92 25 afgiftens
197 811 149 19 bestämmande
359 811 99 19 förmenar
479 811 30 25 sig
523 810 108 25 berättigad
648 812 28 17 att
693 809 141 26 tillgodonjuta.

146 837 63 20 Dessa
223 837 104 25 uppgifter,
344 837 64 19 hvilka
423 837 73 20 införas
515 836 27 20 uti
564 836 65 20 derför
650 836 91 20 bestämd
755 836 81 20 kolumn

92 864 5 20 i
111 864 214 25 taxeringslängderne,
337 864 47 19 böra
398 864 87 19 derefter
499 864 20 19 af
531 863 205 25 Taxeringskomiténs
750 863 85 21 ledamö-

92 893 37 21 ter,
145 890 45 20 med
205 895 100 20 noggrann
320 890 121 26 tillämpning
461 891 21 18 af
494 890 62 20 denna
574 889 198 26 Bevillningsstadgas
786 890 51 18 före-

93 916 87 24 skrifter,
196 918 55 24 tagas
265 916 62 20 under
341 916 99 26 sorgfällig
454 916 37 20 och
502 919 150 21 samvetsgrann
666 916 96 26 pröfning,
779 917 58 18 hvar-

93 944 57 24 efter,
166 943 57 19 äfven
238 943 5 19 i
257 943 31 20 fall
302 943 38 19 den
360 943 145 26 skattskyldige
525 942 43 20 från
582 942 140 26 förrättningen
739 942 99 20 uteblifvit

93 970 49 20 eller
156 971 71 24 vägrar
242 968 45 27 sjelf
299 969 91 20 aflemma
410 968 63 27 någon
494 969 83 25 uppgift,
592 969 90 19 Komitön
698 969 48 19 skall
762 969 5 19 i
782 971 55 17 taxe-

93 996 158 26 ringslängderne
265 996 60 19 införa
343 996 34 20 det
390 996 165 25 fastighetsvärde
569 996 38 18 och
627 995 34 20 det
677 995 161 25 inkomstbelopp

91 1023 62 25 jemte
168 1022 38 20 den
221 1022 61 26 derpå
303 1022 101 26 grundade
421 1022 111 26 bevillning,
548 1022 90 19 Komitén
652 1022 50 19 efter
716 1022 30 19 sin
760 1022 77 24 öfvety-

93 1050 55 25 gelse
161 1054 59 14 anser
233 1049 47 19 böra
295 1048 78 26 påföras
386 1048 69 25 hvarje
469 1049 59 25 enligt
542 1048 11 20 2
564 1048 39 20 och
617 1049 11 19 3
639 1048 89 25 Kapitlen
743 1048 20 18 af
776 1048 62 19 denna

93 1076 74 24 Stadga
182 1075 105 25 bevillning
301 1075 132 19 underkastad
447 1081 80 19 person.

146 1102 38 20 Vid
198 1101 163 25 uppskattningen
370 1102 21 18 af
398 1101 39 19 fast
449 1102 96 25 egendom
554 1102 84 18 utsättes
648 1100 97 20 särskilda
755 1100 81 25 värden,

147 1128 19 24 a)
181 1128 6 19 i
202 1128 52 19 stad:
271 1127 10 20 å
296 1130 57 23 tomt,
368 1127 105 27 åbyggnad
487 1128 38 19 och
537 1126 149 26 jordegendom.

147 1154 21 25 b)
183 1154 25 26 på
222 1154 74 20 landet:
314 1154 10 20 å
339 1153 69 25 hvarje
423 1155 91 19 hemman
529 1154 47 20 eller
590 1154 82 25 lagligen
686 1153 83 20 klufven
783 1153 56 19 hem-

93 1181 97 25 mansdel,
207 1180 47 20 eller
269 1186 62 14 annan
344 1179 144 27 jordfastighet,
501 1186 43 14 som
559 1180 5 18 i
577 1178 124 26 jordeboken
710 1181 22 18 är
746 1179 94 19 särskildt

94 1210 106 23 upptagen,
216 1208 103 18 äfvensom
340 1206 11 20 å
365 1207 119 26 byggnader,
504 1206 65 20 hvilka
591 1206 90 26 antingen
698 1206 100 20 användas
812 1205 26 20 till

95 1236 59 18 annat
167 1233 88 20 ändamål
271 1235 24 18 än
308 1232 118 26 jordbruket
445 1233 116 20 tillhörande
577 1233 90 25 näringar
681 1233 47 19 eller
742 1234 34 18 äro
790 1237 50 20 upp-

91 1256 59 54 förda
164 1260 25 26 på
204 1260 111 20 lustställen
329 1260 47 20 eller
389 1260 61 20 andra
463 1259 84 21 dermed
562 1258 109 28 jemförliga
684 1258 77 22 mindre
775 1259 65 27 lägen-

110 1289 49 17 eter.

441 1319 10 24 $
465 1320 32 18 25.

150 1352 37 20 Vid
202 1352 34 20 bot
244 1352 26 20 af
282 1355 31 17 tre
327 1352 56 20 mark
404 1354 22 18 är
443 1352 69 25 hvarje
533 1352 132 26 skattskyldig
684 1353 157 25 fastighetsinne-

97 1378 83 20 hafvare
193 1378 65 26 pligtig
272 1381 34 21 att,
325 1378 24 26 pä
363 1379 203 25 Taxeringskomitens
583 1379 107 26 anmaning,
712 1379 49 19 inför
774 1379 66 21 Komi-

96 1405 35 20 ten
145 1405 62 20 förete
222 1405 100 26 köpebref,
338 1405 176 20 arrendekontrakt
528 1406 47 20 eller
589 1406 59 19 andra
660 1406 118 26 handlingar,
794 1411 45 14 som

97 1431 66 21 kunna
175 1431 53 26 tjena
248 1432 26 21 till
292 1432 117 26 upplysning
426 1438 33 15 om
478 1433 102 26 fastighets
597 1432 67 21 värde.
695 1433 69 20 Finner
778 1433 64 20 Taxe-
