1011 1686
291 144 70 22 Nädtga
372 146 141 22 Propositionen
526 145 36 18 N:o
574 146 28 16 31.
788 145 33 19 975

77 200 38 20 gen
129 194 21 20 af
162 194 58 20 Pelso
234 199 68 14 mossa
316 194 5 19 i
337 194 107 25 Uleåborgs
458 196 31 18 län
504 194 79 20 särskilt
597 194 99 25 beträffor,
714 195 44 19 icke
772 195 50 19 kun-

78 224 34 16 nat
129 221 74 19 lemnas
220 220 84 25 oafsedt,
324 223 27 17 alt
368 220 98 26 betydliga
484 221 149 24 omkostnader,
650 227 42 13 som
708 221 64 19 kunna
787 222 34 19 be-

78 247 71 20 räknas
164 247 24 19 till
204 248 87 22 376,000
307 247 62 23 mark,
386 247 60 19 redan
461 247 62 20 blifvit
537 246 67 25 gjorda
619 248 29 18 för
663 248 52 19 detta
730 247 90 20 ändamål

78 274 37 18 och
131 276 27 16 att
172 279 24 12 en
211 274 77 24 ringare
302 273 31 19 del
349 274 19 17 af
381 274 76 18 arbetet
471 279 81 13 numera
567 273 91 24 återstår,
675 274 104 19 äfvensom
793 276 29 16 att

76 298 116 25 jordmånen
207 300 4 17 i
226 299 62 19 denna
307 304 66 14 mossa
391 299 26 18 till
435 299 33 19 det
485 301 61 17 mesta
566 299 99 20 befunnits
682 305 48 13 vara
748 299 20 20 af
784 300 37 24 god

77 325 145 24 beskaffenhet,
238 328 28 16 att
280 325 114 19 densamma
408 325 44 19 icke
472 327 22 18 är
514 325 65 19 alltför
599 325 53 26 långt
672 325 86 25 aflägsen
779 325 43 19 från

78 351 116 20 hafskusten
209 353 37 18 och
260 354 28 16 att
303 351 38 19 den
356 352 21 18 är
392 351 80 25 belägen
487 352 5 18 i
507 357 22 14 en
545 352 60 24 trakt,
625 352 61 19 hvars
704 351 63 26 odling
784 351 37 20 kan

78 377 52 19 inom
151 383 24 13 en
194 377 80 20 kortare
293 377 27 19 tid
341 376 71 21 erhålla
436 383 23 13 en
480 378 113 25 fördelaktig
609 377 120 25 utveckling.
758 378 26 19 Af
796 384 25 13 en

79 403 69 20 officiel
163 404 80 19 relation
258 403 83 20 rörande
355 404 106 25 företagets
475 403 98 27 fortgäng,
592 404 80 20 daterad
689 403 37 20 den
745 405 23 18 12
783 403 37 25 Maj

80 430 58 25 1863,
155 431 36 19 har
206 431 99 19 Utskottet
319 430 100 24 inhemtat,
436 433 28 17 att
478 431 36 19 den
529 430 90 26 åsyftade
636 430 138 26 uttorkningen
788 436 34 13 an-

78 458 51 18 setts
143 457 64 19 kunna
222 458 92 19 slutföras
328 462 70 19 genom
413 459 28 17 ett
455 458 65 25 anslag
535 457 19 19 af
567 457 73 24 96,000
656 456 62 24 mark;
730 457 38 19 och
778 462 43 15 som

79 483 139 26 handlingarne
232 483 96 26 Jerjemte
343 483 69 20 utreda
427 486 28 17 att
469 484 73 24 20,000
557 484 57 19 mark
631 484 113 19 sedermera
759 483 63 20 blifvit

78 511 29 18 för
121 509 110 20 ändamålet
246 510 78 26 utgifna,
341 515 60 21 synes
416 511 44 19 hela
475 511 33 19 det
521 510 85 25 begärda
620 511 93 24 anslaget,
734 511 86 24 150,000

75 536 64 24 mark,
155 536 44 20 icke
214 542 46 13 vara
274 535 99 26 behöfligt;

179 563 86 25 hvarföre
283 562 90 20 Utskottet
381 562 85 25 föreslår
486 566 26 16 att
530 563 105 19 återstoden
655 563 23 25 af
694 563 36 18 den
750 564 6 17 i
771 564 50 24 före-

178 591 84 19 nämnda
276 590 77 20 relation
369 591 107 19 beräknade
491 598 90 16 summan,
599 591 42 19 eller
655 591 65 19 inalles
740 591 82 23 76,000

178 619 60 22 mark,
258 619 57 19 måtte
333 618 64 20 anslås
416 619 33 19 och
468 619 97 20 användas
577 620 35 25 för
633 619 149 25 torrläggningen
802 619 21 25 af

179 646 146 27 ifrågavarande
341 647 54 20 Pelso
411 653 69 14 mossa.

130 675 94 20 Deremot
237 675 38 19 kan
291 675 99 20 Utskottet
403 675 43 19 icke
461 675 96 26 tillstyrka
572 675 33 18 det
618 675 27 19 uti
660 675 73 26 Nådiga
746 680 73 20 propo-

77 701 82 20 sitionen
167 701 72 25 jemväl
250 702 112 25 ifrågasatta
373 702 87 25 anslaget
470 703 28 18 för
508 701 138 26 uttorkningen
656 701 37 19 och
702 702 90 25 odlingen
802 701 20 20 af

76 729 65 18 Perho
156 733 77 14 mossor
248 729 4 18 i
269 728 64 19 Perho
349 728 60 25 kapell
425 729 20 18 af
459 729 59 18 Wasa
535 729 37 18 län.
606 729 62 18 Dessa
686 729 33 18 äro
738 728 82 26 belägna

76 755 27 19 uti
123 759 24 15 en
168 755 95 24 foikfattig
282 755 54 26 bygd
351 755 44 24 och,
412 754 65 20 såvidt
495 755 99 19 Utskottet
609 755 34 18 har
657 755 29 25 sig
700 755 81 22 bekant,
797 756 23 18 är

75 780 115 26 jordmånen
208 782 5 18 i
230 781 103 20 desamma
351 782 18 18 af
386 780 50 27 dålig
453 781 143 24 beskaffenhet;
622 782 104 19 hvarutom
752 781 68 20 fullän-

78 808 85 25 dningen
178 809 21 18 af
207 808 32 19 det
248 808 103 20 derstädes
361 808 61 19 redan
437 807 105 26 påbörjade
559 809 76 18 arbetet
652 811 75 16 ansetts
744 809 77 24 ylterli-

76 839 47 20 gare
137 835 87 19 erfordra
238 835 38 19 den
285 834 97 26 betydliga
394 835 132 24 uppoffringen
536 835 19 18 af
566 835 107 23 1,116,000
685 835 65 19 mark.
770 835 51 19 Den-

76 866 24 13 na
118 866 77 14 summa
213 861 65 19 kunde
294 861 59 19 blifva
370 862 69 18 nästan
458 861 91 19 fruktlöst
566 860 89 25 förspild,
675 861 38 18 och
730 860 24 20 då
774 860 48 20 den-

76 892 76 14 samma
166 887 96 23 Jeremot,
278 887 77 19 använd
370 887 30 19 för
417 886 59 20 andra
494 886 89 20 ändamål
601 888 38 18 och
655 886 25 26 pä
698 890 57 16 annat
772 890 47 22 sätt,

77 913 63 19 skulle
155 913 147 20 verksammare
316 912 61 20 förmå
394 912 79 26 bidraga
489 914 24 18 til.
528 912 130 26 jordbrukets
668 913 104 24 förkofran,
784 914 36 18 har

77 939 101 20 Utskottet
191 940 5 18 i
211 940 101 25 anledning
326 939 55 20 deraf
393 940 39 19 och
447 940 4 18 i
466 940 208 19 öfverensstämmelse
693 940 45 19 med
756 940 64 19 Hans

76 964 133 26 Kejserliga
223 965 122 25 Majestäts
360 965 24 25 på
399 968 28 17 ett
441 969 58 16 annat
513 966 55 19 ställe
582 966 4 19 i
601 966 38 18 den
656 965 74 26 Nådiga
748 972 72 19 propo-

77 991 82 20 sitionen
175 993 84 18 uttalade
274 993 52 24 syfte
341 992 51 19 velat
406 993 37 18 hos
459 992 102 25 Höglofliga
579 992 107 19 Ständerna
702 993 89 23 förorda,

178 1026 28 17 att
223 1025 90 22 111,600
330 1025 60 22 mark,
408 1025 131 19 motsvarande
557 1025 29 18 det
598 1025 35 25 för
654 1025 60 18 Perho
737 1031 81 13 mossors

178 1052 62 25 odling
248 1052 112 26 föreslagna
375 1051 61 26 årliga
451 1053 72 25 anslag,
538 1053 61 19 kunde
618 1052 76 25 beviljas
708 1055 28 16 att
750 1052 45 26 utgå
810 1054 7 17 i

178 1082 27 17 tre
220 1080 31 19 års
267 1081 32 22 tid,
309 1081 35 25 för
358 1083 28 16 att
404 1081 151 25 sammanläggas
573 1082 6 17 i
597 1087 22 12 en
629 1081 50 25 fond
698 1081 33 19 och
749 1083 70 17 använ-

178 1108 35 19 das
233 1109 26 19 till
276 1108 32 19 lån
326 1111 47 16 emot
390 1108 30 25 låg
438 1112 56 16 ränta
516 1109 33 19 och
571 1109 208 24 amortisseringsvilkor
800 1108 20 19 ät

178 1135 49 23 dem,
246 1143 39 12 som
304 1138 6 16 i
328 1136 63 19 landet
410 1137 33 18 och
452 1136 135 25 företrädesvis
602 1138 6 17 i
628 1136 23 18 de
665 1136 84 26 nordliga
764 1136 55 19 länen

177 1163 45 25 vilja
230 1165 90 23 företaga
335 1165 72 24 nyttiga
422 1170 56 13 moss-
494 1165 33 18 och
537 1164 137 24 kärrodlingar,
687 1166 49 17 samt
741 1165 39 24 för
789 1164 30 19 de-

178 1198 33 12 ras
226 1192 110 19 uttorkande
350 1191 69 25 nödiga
434 1192 134 25 sjöfällnngar.

131 1221 87 20 Emedan
232 1222 103 19 Utskottet
349 1221 73 25 åsyftat
436 1224 28 16 att
479 1221 94 26 tillstyrka
589 1221 99 25 samteliga
703 1220 115 20 hithörande

77 1246 68 26 anslag
163 1247 4 19 i
184 1247 80 25 ordning
282 1247 48 20 efter
348 1247 58 19 deras
427 1248 94 18 allmänna
539 1248 132 25 gagnelighet,
692 1247 21 19 så
735 1248 34 18 har
787 1247 33 20 det

77 1274 44 18 icke
135 1274 75 19 kunnat
223 1274 79 19 komma
317 1274 4 18 i
337 1273 52 26 fråga
405 1276 27 16 att
447 1274 27 18 uti
488 1274 33 18 det
535 1274 101 19 ofvanfore
651 1273 113 20 framstälda
780 1274 40 18 för-

78 1300 62 24 slaget
153 1299 99 26 angående
266 1299 210 26 fyrbåksinrättningar
490 1300 98 24 inbegripa
603 1299 60 19 andra
674 1301 23 17 än
706 1300 55 26 dem,
774 1305 44 13 som

78 1327 33 17 äro
126 1328 52 16 mest
191 1326 95 24 behöfliga
302 1326 37 18 och
353 1324 107 25 tjenstbara
475 1325 29 18 för
517 1328 28 16 ett
559 1326 64 18 större
637 1326 50 18 antal
698 1324 120 25 sjöfarande.

78 1351 59 19 Utom
153 1350 59 20 dessa
226 1350 61 20 finnas
302 1351 65 22 andra,
383 1350 66 19 hvilka
465 1351 98 19 Utskottet
577 1353 65 16 ansett
655 1350 29 25 sig
698 1350 47 19 böra
759 1350 61 20 föror-

78 1376 25 20 da
116 1376 25 29 pä
157 1382 23 14 en
194 1382 70 14 senare
278 1378 50 24 plats
341 1376 6 19 i
362 1376 111 25 ordningen.
502 1377 32 19 Till
549 1376 46 20 dem
609 1376 47 20 höra
670 1382 24 13 en
708 1375 70 27 fyrbåk
793 1375 25 27 pä

78 1402 117 25 Marjaniemi
214 1403 51 19 udde
282 1403 32 20 vid
331 1403 85 25 inloppet
433 1404 26 18 till
478 1402 96 26 Uleåborg
591 1403 36 19 och
645 1407 25 14 en
684 1402 54 27 dylik
752 1402 68 20 inrätt-

79 1429 45 25 ning
137 1428 25 27 på
176 1429 100 21 Säbbskär
289 1429 76 20 utanför
379 1429 60 20 Räfsö
449 1430 57 19 hamn
516 1429 53 20 invid
579 1429 125 25 Björneborg.
734 1429 41 20 Den
785 1429 32 20 be-
