978 1692
189 150 34 22 674
403 148 71 22 Nädiga
486 149 140 22 Propositionen.
637 148 37 16 N:o
685 148 29 18 26,

192 198 166 26 skattskyldighet
370 197 29 22 till
413 197 119 22 kommunen
546 196 87 23 befriade
642 196 136 24 medlemmar,
788 196 56 22 skola
854 196 27 21 till:
892 196 39 28 vis-

192 231 21 14 sa
227 225 48 21 dess
289 224 61 20 behof
364 224 87 24 bidraga,
470 224 36 19 bör
516 223 74 20 derom
608 223 48 25 gälla
673 222 53 20 hvad
742 222 81 22 sålunda
838 223 6 18 i
861 223 70 24 hvarje

192 252 30 20 fall
237 250 113 21 förordnadt
363 252 29 19 är.
420 249 140 27 Tilistyrkande
570 249 25 20 de
604 250 6 18 i
620 249 62 20 denna
692 248 9 26 $
710 248 111 26 uppställda
830 248 101 22 inskränk-

192 278 87 25 ningar
266 271 15 36 i
293 277 24 22 Je
322 277 106 21 allmänna
442 277 116 24 grunderna,
574 277 35 19 har
623 275 97 20 utskottet
737 275 194 26 flyttat..densamma

192 307 45 17 näst
251 304 48 21 efter
314 303 12 25 $
341 304 32 23 54,
388 303 88 24 hvarest,
492 303 58 25 enligt
562 302 106 20 utskottets
690 302 64 24 tanke,
774 302 47 19 dess
837 303 95 24 egentliga

192 332 51 24 plats
257 331 35 19 bör
306 335 54 18 yara,
376 329 24 19 då
414 329 64 20 denna
492 329 10 25 $
516 328 106 21 innehåller
636 328 54 19 vissa
704 328 97 25 undantag
818 327 43 23 från
875 329 38 20 den
926 329 5 18 i

192 358 10 24 $
217 358 25 18 54
256 356 110 26 uppställda
380 356 95 19 allmänna
488 355 73 26 regeln.

245 383 56 22 Hvad
321 381 42 22 åter
380 381 59 26 angår
455 381 217 26 debiteringsgrunden,
692 381 46 19 eller
755 381 33 19 det
804 380 126 26 förhållande,

192 409 79 21 hvaruti
285 414 24 14 en
323 409 50 18 hvar
386 408 36 19 bör
435 407 79 26 bidraga
528 408 26 19 till
569 407 92 26 fyllandet
675 407 20 19 af
707 407 130 19 kommunens
853 413 80 20 gemen-

193 441 76 15 samma
284 435 66 24 behof,
365 435 22 21 är
400 434 34 19 det
447 434 51 20 klart
511 436 29 19 att
553 435 92 19 mantalet
659 433 70 20 härvid
746 433 17 24 ej
780 434 57 24 utgör
854 434 78 25 lämplig

192 462 69 25 grund,
277 461 82 20 emedan
373 460 63 25 någon
450 459 107 23 måttstock
571 461 29 20 för
613 459 130 24 förhållandet
760 461 81 21 emellan
858 463 75 18 manta-

193 489 25 19 let
231 489 39 18 och
283 487 61 22 andra
358 487 90 25 näringar
461 488 24 18 än
498 487 117 24 jordbruket
628 487 43 19 icke
685 486 74 25 finnes,
778 487 38 19 och
831 485 102 27 svårighe-

192 517 32 20 ten
239 515 5 18 i
259 514 53 23 detta
326 513 92 20 afseende
433 513 48 21 ökas
495 513 5 19 i
515 509 74 24 samma
603 512 47 20 mån
664 512 62 25 öfrige
738 513 91 25 näringar
844 512 16 24 å
867 513 66 22 landet

192 541 60 19 vinna
266 540 105 20 förkofran.
400 540 38 19 Allt
451 540 67 19 försök
532 540 61 19 dertill
609 539 56 20 torde
682 539 79 20 derföre
777 539 47 20 böra
840 540 93 26 öfvergif-

192 573 43 15 vas.
267 568 54 18 :Inom
341 566 196 20 stadskommunerna
554 566 59 20 hafva
631 566 242 26 kommunalutskylderna:
889 566 44 21 från

192 593 54 20 äldre
260 593 50 21 tider
324 593 107 19 debiterats
445 592 25 25 pä
484 593 63 24 grund
561 592 20 19 af
593 593 95 24 taxering,
704 592 78 22 hvilken
796 592 97 25 försiggår
903 593 31 21 så-

191 620 67 25 lunda,.
275 622 27 19 att
315 620 21 19 af
350 619 63 20 dertill
430 619 84 21 utsedde
531 619 143 26 taxeringsmän
691 618 81 26 päföres
787 619 69 24 hvarje
873 619 61 21 skatt-

192 646 78 26 skyldig
283 646 86 19 medlem
385 647 4 17 i
404 645 121 20 kommunen
541 646 49 19 visst
603 646 68 25 öretal,
690 645 6 19 i
712 645 119 22 förhållande
848 646 26 19 till
892 652 42 15 om-

192 673 65 25 fånget
270 673 20 19 af
302 672 38 22 den
357 672 75 19 rörelse
449 673 38 18 han
504 672 81 20 drifver.
616 672 33 19 Att
666 678 24 13 en
708 671 60 20 sådan
782 672 91 26 taxering
890 673 43 20 icke

192 700 55 25 utgör
261 698 62 27 någon
338 699 42 19 fullt
393 698 178 20 tillfredsställande
585 698 61 26 grund
661 699 29 20 för
706 698 227 27 kommunalutskylder-

192 729 36 19 näs
240 725 114 25 fördelning,
370 724 31 20 mä
416 725 116 25 medgifvas,
549 725 81 19 emedan
644 725 37 19 den
695 725 171 25 hufvudsakligen:
875 726 59 21 beror

190 751 52 27 uppå
256 752 195 26 taxeringsmännens
465 751 112 26 subjektiva
590 751 98 25 pröfning;
704 757 45 15 men
762 751 59 27 något
833 753 100 26 lämpliga-

191 785 22 13 re
227 780 40 19 sätt
280 779 30 19 för
324 778 133 20 fastställande
471 778 19 20 af
503 778 211 25 debiteringsgrunden
728 779 55 19 torde
798 779 51 20 dock
864 780 69 20 svårli-

190 810 37 20 gen
241 805 66 22 kunna
321 804 154 21 åstadkommas.
503 804 63 26 Några
581 804 86 26 grunder
682 805 26 19 till
718 805 76 25 ledning
803 806 30 20 för
843 806 90 22 kommu-

191 832 144 24 naltaxeringen
351 831 64 19 kunna
430 831 114 26 visserligen
558 832 114 24 uppställas,
688 837 46 14 men
748 832 56 20 torde
819 832 42 25 föga
871 835 61 18 uträt-

190 861 26 22 ta,
232 858 83 22 emedan
329 857 143 20 förhållandena
486 858 52 20 inom
552 858 63 19 skilda
629 858 55 20 delar
701 858 21 19 af
736 858 67 23 landet
819 862 34 17 äro
871 860 6 19 i
893 861 39 25 hög

189 886 48 24 grad
251 885 56 19 olika.
337 884 94 25 Bidragen
445 884 46 20 böra
506 885 89 22 rationelt
609 885 129 25 bestämmas,
754 884 22 24 sä
788 885 42 21 vidt
839 886 36 22 ske
885 886 44 26 kan,

189 912 50 19 efter
253 911 118 24 inkomsten,
387 916 45 14 men
446 910 18 25 ej
478 910 50 20 efter
542 910 57 26 något
612 910 25 26 på
654 912 82 22 förhand
753 912 100 22 bestämdt
870 914 62 20 värde

190 937 24 25 på
228 938 38 19 den
280 938 59 24 källa,
358 937 99 20 hvarifrån
475 938 111 19 inkomsten
602 938 102 26 härflyter,
733 938 100 20 Utskottet
851 940 80 26 tillstyr-

189 964 36 19 ker
238 964 78 21 derföre
329 964 117 25 antagandet
460 964 20 22 af
492 964 37 19 den
543 964 5 18 i
562 964 104 26 förslagets
680 964 10 25 $
704 965 26 19 55
743 965 110 25 uppställda
868 966 62 25 grund

188 991 29 18 för
231 990 253 26 kommunalutskyldernas
493 990 114 25 fördelning,
624 990 20 20 sä
658 991 81 25 mycket
753 992 70 25 hellre,
839 998 44 13 som
897 998 34 14 en-

188 1016 33 26 ligt
235 1016 10 26 $
260 1017 25 22 62.
301 1016 67 24 hvarje
382 1016 131 26 skattskyldig
530 1016 48 21 skall
592 1018 76 18 lemnas
682 1017 70 20 tillfälle
767 1020 28 19 att
808 1018 122 22 bevaka;sin

189 1044 44 24 rätt,
249 1042 38 20 och
303 1046 35 22 äga
352 1042 118 20 underställa.
484 1043 210 20 kommunalstämmas
707 1044 88 25 pröfning
805 1044 25 20 de
840 1046 90 19 anmärk-

188 1070 68 25 ningar
270 1072 54 16 emot
337 1069 119 25 taxeringen,
472 1070 77 19 hvartill
563 1070 38 19 han
615 1070 38 19 kan
667 1070 51 19 finna
733 1071 30 24 sig
777 1071 90 25 befogad.

241 1096 87 25 Ordning
342 1096 5 18 i
362 1095 86 19 drätseln
463 1098 23 17 är
499 1096 109 26 ovilkorligt
621 1096 117 26 nedvändig,
757 1103 33 13 om
806 1097 123 21 kommunal-

187 1121 133 20 institutionen
333 1122 50 19 skall
397 1122 65 18 kunna:
482 1122 94 20 utveckla
596 1123 28 25 sig
638 1124 38 18 och
690 1123 88 20 medföra
792 1123 77 27 åsyftad
884 1130 46 15 ver-

187 1148 44 19 kan.
263 1148 30 19 En
309 1148 31 26 lag
356 1153 33 14 om
407 1148 255 26 kommunalförvaltningen
680 1150 35 19 bör
735 1150 78 21 derföre
832 1151 95 21 innehålla

187 1174 102 23 bestämda
309 1175 64 25 reglor
390 1174 29 20 för
435 1174 98 21 drätselns
550 1176 160 25 handhafvande,
732 1177 41 20 och
789 1177 20 19 af
827 1178 100 26 synnerlig

186 1201 41 24 vigt
241 1203 22 17 är
277 1203 28 17 att
319 1200 105 26 ordentliga
438 1201 96 23 inkomst-
547 1202 38 20 och
598 1202 120 25 utgiftstater
732 1202 73 26 ärligen
814 1207 110 22 upprättas.

185 1226 123 22 Kommunen
322 1227 37 19 kan
374 1227 116 24 visserligen
504 1231 35 17 när
553 1234 44 12 som
611 1228 53 19 helst
676 1228 12 19 ä
702 1229 70 22 allmän
788 1231 85 18 stämma
888 1232 38 17 och

185 1252 6 18 i
206 1252 130 24 föreskrifven
349 1252 82 25 ordning
445 1252 70 26 bevilja
529 1253 68 26 bidrag
611 1253 25 19 till
652 1254 66 25 behof,
730 1260 42 14 som
782 1254 16 25 ej
809 1255 24 25 pä
843 1256 83 21 förhand

185 1278 74 21 kunnat
272 1278 85 29 förutses
372 1279 38 18 och
423 1279 104 25 beräknas,
539 1284 49 15 "men
598 1281 136 24 uppgörandet
742 1281 21 19 af
771 1281 95 26 ordentlig
875 1283 51 20 bud-

184 1307 33 23 get
230 1305 30 19 för
274 1305 70 25 hvarje
357 1304 29 26 är,
402 1311 44 14 som
459 1305 106 28 förelägges
583 1306 199 23 kommunalstimma
799 1308 26 22 till
843 1309 81 26 gransk-

184 1331 52 26 ning,
252 1332 176 25 bör:ovilkorligen
443 1331 136 24 åstadkomma
592 1339 25 14 en
631 1333 57 21 enkel
703 1335 39 18 och
755 1335 97 26 lättfattlig
861 1336 64 21 öfver-

184 1357 37 26 sigt
237 1359 21 20 af
277 1359 132 23 kommunens
426 1358 58 27 ärliga
500 1359 109 21 inkomster
626 1360 37 21 och
680 1361 90 26 utgifter,
795 1362 129 25 'hvarigenom

183 1384 120 23 kommunen
324 1386 61 23 sättes
405 1385 6 19 i
431 1386 71 21 tillfälle
521 1389 27 17 att
568 1387 50 20 klart
635 1387 118 22 öfverskåda
770 1389 29 22 sin.
817 1389 106 21 finansiella

183 1411 94 26 ställning.
309 1411 69 26 Pä-:sä
399 1413 39 19 sätt
453 1413 70 23 endast
538 1413 40 20 kan
594 1414 120 23 kommunen
725 1416 76 21 rättast
816 1415 106 26 uppskatta

182 1438 51 21 hvad
248 1438 38 20 den
300 1439 61 22 redan
376 1438 59 27 åtagit
448 1440 32 25 sig
494 1441 37 19 och
545 1441 52 22 hvad
611 1441 38 22 den
663 1441 113 26 ytterligare
784 1442 91 21 förmår...
895 1442 34 22 På:
