1011 1692
434 348 48 34 37.

290 447 68 23 Hans
373 447 155 28 Kejserliga
537 448 137 28 Majestäts
684 447 84 29 Nådiga
778 448 50 24 Pro-

223 475 96 29 position
334 474 36 24 till
385 475 104 23 Finlands
501 476 99 26 Ständer,
614 475 113 29 angående
736 476 92 23 bestäm-

222 504 85 27 mande,
321 502 111 24 huruvida
447 504 40 22 och
501 504 36 22 till
551 503 93 24 hvilken
660 504 41 28 del,
717 503 14 23 å
745 504 84 24 allmän

223 533 46 21 stat
287 531 107 34 uppförde
414 531 90 23 embets-
523 531 40 24 och
584 532 138 28 tjenstemän,
737 532 91 24 hvilkas

221 560 153 27 befattningar
387 560 113 28 indragas,
515 566 42 22 ega
571 561 34 22 att
624 560 97 24 derefter
741 560 88 29 åtnjuta

222 588 49 23 sina
280 588 63 23 förra
352 588 170 23 löneförmåner.

139 643 7 19 I
161 642 68 26 hvarje
243 644 101 24 samhälle,
361 649 44 14 som
418 643 88 21 befinner
519 644 30 26 sig
562 644 6 19 i
580 643 114 26 fortgående
703 644 123 26 utveckling,

85 668 65 22 måste
164 670 63 26 någon
241 670 50 26 gång
304 670 75 20 inträffa
392 672 29 17 att
435 671 128 19 embetsverk
576 671 39 19 och
628 670 60 20 andra
697 670 131 20 institutioner

86 696 102 20 förändras
203 697 46 19 eller
263 696 50 27 ånyo
329 696 123 26 organiseras
466 698 38 18 och
517 697 113 25 indragning
643 698 21 19 af
675 703 24 13 en
710 698 47 19 eller
765 702 63 14 annan

87 722 62 26 tjenst
163 723 36 20 blir
215 723 116 25 nödvändig.
360 723 25 19 Ju
400 728 44 14 mer
457 723 140 20 innehafvaren
612 724 20 18 af
647 729 25 14 en
689 722 61 21 sådan
766 723 63 25 tjenst

86 749 52 19 varit
152 748 107 21 föranlåten
273 752 29 17 att
316 750 25 19 till
358 749 95 20 vinnande
466 750 20 18 af
499 750 41 19 deri
554 749 125 26 erforderliga
696 750 81 25 insigter
790 749 38 19 och

86 775 111 21 erfarenhet
203 776 90 25 uppoffra
302 775 35 26 tid,
347 775 58 20 möda
418 776 38 19 och
465 775 145 25 omkostnader,
619 776 56 20 desto
685 776 98 25 obilligare
793 781 35 14 vo-

86 807 23 14 re
122 802 35 20 det
170 808 32 14 om
217 805 27 17 ett
259 802 117 25 förfogande,
393 802 75 19 hvartill
484 804 37 18 han
535 802 25 26 på
574 802 30 18 sin
618 802 42 20 sida
675 802 44 20 icke
728 802 56 25 gifvit
793 802 35 20 nå-

85 833 39 20 gon
138 828 107 26 anledning,
262 828 65 20 skulle
341 828 40 19 helt
395 828 37 19 och
446 828 59 19 hållet
519 828 81 20 beröfva
609 830 73 18 honom
691 828 39 19 den
738 828 91 19 utkomst

87 855 37 19 han
139 855 41 19 haft
193 854 40 21 skäl
249 857 28 17 att
291 855 21 19 af
323 854 30 20 sin
367 853 66 26 tjenst,
448 855 63 19 under
526 855 89 20 behörigt
624 854 119 26 fullgörande
753 854 20 19 af
781 853 47 21 dess

87 880 80 27 pligter,
185 880 93 26 päräkna.
309 882 44 19 Men
370 880 34 19 vid
420 881 111 25 afgörandet
545 881 21 19 af
576 881 68 25 frågan
658 886 33 14 om
704 881 38 19 och
756 880 5 19 i
776 880 53 20 hvad

87 906 48 21 män
149 907 86 20 embets-
249 908 38 19 och
302 907 124 26 tjenstemän,
442 907 24 20 då
480 907 25 20 de
519 912 70 21 genom
604 906 114 31 indragning
734 907 21 19 af
770 906 59 20 deras

87 933 130 26 befattningar
230 935 94 19 försättas
338 934 6 19 i
359 934 146 25 overksamhet,
521 934 46 20 böra
582 933 18 20 fä
614 933 75 20 behälla
703 933 42 20 sina
754 932 75 21 inkom-

86 963 42 17 ster
142 961 47 19 eller
204 961 72 19 förlora
289 960 53 25 dem,
357 959 65 21 måste
434 959 74 26 jemväl
522 960 6 19 i
546 959 127 20 betraktande
689 959 79 21 komma
785 959 43 20 dels

87 989 28 18 att
129 987 59 20 dessa
202 987 110 20 inkomster
325 987 6 18 i
344 987 75 24 ganska
434 986 69 26 mänga
516 987 31 20 fall
563 987 90 18 antingen
671 986 66 19 fordra
754 985 74 28 verklig

87 1013 126 26 tjenstgöring
231 1013 68 20 såsom
317 1013 63 20 vilkor
396 1013 29 19 för
442 1013 58 20 deras
520 1011 181 27 tillgodonjutande,
723 1012 49 19 eller
791 1011 38 20 ock

86 1039 63 21 blifvit
165 1040 103 20 bestämde
289 1040 26 19 till
337 1039 149 26 vedergällande
506 1040 21 19 af
546 1038 131 25 hvarjehanda
694 1038 79 25 utgifter
790 1037 37 21 och

87 1066 141 26 uppoffringar,
244 1072 44 14 som
302 1065 60 21 tillika
376 1066 46 19 med
437 1065 95 26 tjenstens
545 1065 87 25 utöfning
642 1065 95 25 upphöra,
748 1064 43 20 dels
800 1065 29 19 att

88 1093 92 25 rättighet
194 1093 25 20 till
235 1093 81 25 aflöning
330 1093 20 18 af
362 1092 104 20 samhället
480 1092 18 25 ej
512 1093 37 18 kan
566 1097 35 20 ega
617 1097 45 13 rum
678 1093 47 17 utan
741 1093 88 17 motsva-

86 1120 61 19 rande
161 1119 135 27 skyldigheter
310 1119 37 19 och
361 1121 27 17 att
403 1118 116 26 följaktligen
533 1118 37 19 den
584 1117 123 24 tjensteman,
724 1118 61 19 hvars
794 1116 34 20 be-

87 1146 83 25 fattning
185 1146 62 19 blifvit
260 1146 98 22 indragen,
374 1146 37 19 bör
426 1150 59 15 anses
499 1144 109 20 förbunden
622 1146 28 17 att
659 1145 98 26 emottaga
766 1148 62 15 annan

86 1172 83 21 likartad
183 1171 61 26 tjenst
258 1172 21 19 sä
295 1171 41 20 vidt
349 1172 38 19 han
401 1171 63 20 dertill
482 1177 45 20 eger
543 1169 89 26 förmåga
648 1171 39 18 och
704 1169 46 25 sjelf
762 1169 18 26 ej
795 1169 33 20 vill

87 1199 55 20 träda
156 1198 43 20 från
213 1197 213 26 tjenstemannabanan.
455 1197 26 20 På
496 1198 33 19 det
543 1199 75 17 statens
632 1197 38 19 och
683 1196 48 19 dess
747 1195 81 25 tjenste-

89 1227 57 20 mäns
160 1225 117 25 ömsesidiga
293 1224 115 26 rättigheter
422 1224 37 19 och
474 1224 128 25 förpligtelser
621 1223 5 18 i
642 1222 123 20 omförmäldt
781 1222 48 19 hän-

88 1251 74 21 seende
176 1251 32 20 mä
222 1251 59 20 blifva
296 1251 138 24 erforderligen
451 1250 112 27 bestämda,
581 1249 63 20 under
659 1248 77 28 rättvis
746 1248 83 29 tillämp-

89 1279 44 24 ning
147 1279 20 18 af
179 1278 25 19 de
217 1277 5 19 i
237 1278 66 19 landet
317 1277 87 25 gällande
418 1277 125 25 grundlagar,
562 1276 36 19 har
614 1275 62 20 Hans
696 1274 133 25 Kejserliga

89 1304 108 25 Majestät
211 1304 5 19 i
230 1303 65 20 Näder
310 1303 57 25 velat,
383 1302 68 20 säsom
464 1301 79 22 föremäl
553 1302 29 19 för
592 1301 120 20 Ständernas
721 1301 109 24 öfverlägg-

89 1331 46 24 ning
149 1331 38 18 och
200 1329 105 24 utlätande,
322 1329 102 24 framlägga
440 1328 81 25 följande
535 1328 72 24 förslag
624 1327 26 20 till
668 1327 71 19 allmän
756 1326 74 19 författ-

89 1356 44 25 ning
147 1357 5 18 i
167 1357 73 18 ämnet:

435 1386 11 26 S
465 1387 17 19 1.

146 1426 129 22 Innehafvare
288 1425 21 19 af
322 1424 76 22 embete
413 1425 46 20 eller
474 1423 58 25 tjenst
546 1423 11 20 ä
571 1423 93 20 allmänna
677 1421 54 20 civil-
741 1421 45 22 eller
795 1421 36 21 mi-
