975 1692
177 152 42 29 699
396 154 71 22 Nädiga
479 154 141 23 Propositionen
632 152 37 18 N:o
680 152 29 17 26.

183 212 59 22 sägas
264 213 46 15 vara
331 207 112 20 förbisedda
464 207 5 18 i
486 204 121 22 förhållande
627 204 27 20 till
675 206 75 16 statens
770 202 38 20 och
828 202 98 26 kyrkans.

182 236 68 25 Kongl.
267 234 137 24 förordningen
424 238 33 14 om
470 231 201 25 kommunalstyrelse
690 229 25 26 på
731 229 66 20 landet
816 229 21 19 'af
848 228 38 20 den
901 228 23 29 24

183 264 51 18 Mars
250 262 52 20 1862
316 263 97 23 upptager
427 260 5 18 i
446 259 48 19 dess
509 260 25 18 14
547 258 12 25 $
572 258 72 18 främst
657 256 58 20 bland
729 256 28 20 de
769 255 42 20 skäl
826 260 51 19 som,
893 254 32 19 vid

184 289 98 25 afsägelse
295 288 21 20 af
328 287 31 19 val
375 287 25 19 till
415 284 167 25 ordförandeskap
598 284 5 18 i
617 283 199 19 kommunalstämma
832 281 48 19 böra
894 286 33 14 an-

184 319 40 19 ses,
241 315 5 19 i
261 315 37 19 och
312 314 31 18 för
356 313 30 25 sig
399 313 37 19 och
451 311 113 20 oberoende
580 311 21 18 af
613 310 23 19 all
652 309 122 25 ompröfning
788 308 20 20 af
820 309 105 22 stämman,

184 342 43 20 fullt
241 340 97 26 gällande:
357 340 65 20 hinder
437 340 23 22 af
471 338 67 20 embets
554 338 44 18 eller
612 338 134 25 tjenstemanna
761 336 112 26 befattning;
888 335 39 18 och

185 371 50 19 först
248 369 87 20 derefter
349 368 46 19 eller
410 368 6 18 i
431 366 60 20 andra
505 367 87 18 rummet
606 366 119 25 tjenstgöring
739 364 62 19 såsom
816 363 112 25 ordförande

185 400 44 18 eller
242 399 39 19 vice
296 397 113 25 ordförande
423 396 60 19 under
497 396 23 18 de
534 394 87 20 sednaste
633 394 49 25 fyra
697 392 52 23 åren,
769 392 104 19 äfvensom
891 391 36 19 sist

186 426 90 26 uppnådd
290 425 53 20 ålder
356 426 25 24 af
391 425 60 19 sextio
467 423 28 19 år.
538 434 3 1 -

239 455 36 24 Jag
289 452 60 26 vågar
363 452 56 20 alltså
433 450 71 21 föreslå
518 452 28 18 att
559 448 151 26 ifrågavarande
723 448 10 25 $
747 448 6 19 i
767 448 38 20 den
822 443 106 38 ständerna

186 480 110 26 förelaggda
309 479 76 26 Nådiga
399 478 146 28 propositionen
561 476 102 26 angående
676 475 253 24 kommunalförvaltningen

186 507 25 26 på
225 507 65 20 landet
305 505 62 21 måtte
381 504 18 21 få
414 504 84 26 följande
512 504 86 26 lydelse:

244 533 26 26 Ej
284 533 32 25 må
330 532 65 20 invald
409 531 112 27 ordförande
540 530 43 20 eller
596 531 38 17 vice
654 528 112 26 ordförande
783 528 104 26 uppdraget
901 528 29 25 sig

187 564 75 24 afsäga,
278 562 33 19 der
324 561 39 19 han
377 561 16 25 e
409 561 22 19 de
446 563 27 17 tre
487 558 154 29 nästföregående
650 556 46 21 åren
711 556 61 20 sådan
787 556 102 26 befattning
903 557 27 21 in-

186 590 71 25 nehaft,
273 590 43 20 eller
330 588 79 26 uppnått
422 589 61 19 sextio
502 587 32 20 års
549 586 59 24 ålder,
628 586 43 19 eller
685 586 24 25 af
719 585 136 25 innehafvande
874 584 56 24 civit-,

187 619 77 19 militär-
279 618 44 20 eller
338 617 115 19 ecklesiastik
468 616 75 20 embets-
559 615 44 19 eller
616 615 145 25 tjenstefattning
773 614 62 24 finner
848 614 28 25 sig
891 612 39 20 hin-

187 647 49 20 drad
250 646 145 20 att.detsamma
409 648 99 22 emottaga.
541 643 36 21 Vid
591 643 92 26 afsägelse
700 642 27 26 på
743 641 60 20 sådan
820 642 63 25 grund
897 648 33 12 an-

188 675 63 20 ställes
269 677 41 23 nytt
331 674 36 20 val.
401 674 101 25 Uppgifves
524 671 62 20 såsom
608 671 43 20 stöd
666 671 35 25 för
723 670 106 26 afsägelsen
853 670 78 19 svårare

189 703 97 26 sjuklighet
305 702 44 20 eller
363 704 59 17 annat
435 701 79 26 förfall,
530 703 35 22 äge
584 700 187 19 kommunalstämma
791 698 30 20 det
840 698 91 26 uppgifna

188 731 70 20 skälels
274 730 83 26 giltighet
372 730 68 25 pröfva
455 736 16 13 o.
487 736 15 12 s.
518 735 16 13 v.
564 728 46 24 (Det
630 726 127 20 återstående
777 726 38 20 lika
834 726 47 20 med
897 726 12 26 $
925 725 6 19 i

188 758 163 27 propositionen.)

242 785 6 19 I
264 784 62 20 denna
339 784 126 25 reservation
478 784 80 19 förenar
570 783 30 25 sig
613 784 81 24 prosten
709 781 98 20 Hackzell.

324 837 29 22 Af
364 837 74 19 Doktor
451 836 24 19 A.
490 836 26 19 E.
534 835 90 26 Granfelt.

407 876 36 18 I:o.
472 875 48 26 Kap.
536 875 12 18 2
563 874 10 25 $
587 875 11 18 2
614 879 61 14 mom.
691 875 19 18 5.

242 915 43 20 Den
300 914 20 19 af
332 914 97 19 utskottet
442 913 102 26 godkända
558 911 82 26 äsigten,
656 914 30 17 att
697 911 47 20 med
759 911 73 21 «andra
841 912 91 20 kommu-

188 947 38 14 nen
241 940 92 21 samfäldt
346 939 94 26 tillhöriga
456 940 50 19 hus»
521 939 43 19 icke
579 939 38 19 kan
634 938 75 19 förstås
725 938 77 26 kyrko-
819 941 51 17 samt
888 945 44 19 pre-

190 971 37 16 ste-
240 967 40 20 och
294 966 136 20 klackarebols
444 966 120 25 byggnader,
581 965 84 19 emedan
679 964 59 20 dessa
752 967 80 23 antagas
846 966 49 18 höra
904 965 26 20 till

190 994 162 25 kyrkostämmas
366 992 123 25 behandling,
506 992 37 19 kan
556 990 33 26 jag
602 991 26 26 pä
645 991 48 20 intet
707 991 65 19 vilkor
789 991 85 25 biträda,
893 992 38 19 och

189 1020 53 19 detta
256 1021 21 18 af
289 1019 42 20 skäl
346 1024 44 14 som
404 1017 65 26 följer:

241 1047 56 18 Efter
310 1045 45 19 mitt
368 1045 126 19 förmenande
507 1045 36 20 bör
557 1044 33 19 vid
604 1044 158 26 kyrkostämma,
778 1044 36 19 der
827 1047 69 23 pastor
905 1045 27 19 el-

189 1073 29 19 ler
231 1072 40 20 den
285 1071 50 20 hans
349 1071 61 24 tjenst
423 1071 109 20 företräder
546 1072 22 18 är
580 1071 127 24 ordförande,
723 1071 27 18 till
761 1070 116 26 behandling
887 1071 45 19 icke

189 1099 99 25 företagas
308 1098 59 19 andra
388 1099 24 18 än
429 1100 43 17 rent
488 1097 89 26 kyrkliga
594 1097 93 25 ärender,
709 1096 68 20 säsom
796 1097 102 20 ordnande
914 1098 21 19 af

189 1124 119 27 gudstjenst,
325 1127 88 22 presters
427 1123 38 20 och
479 1124 103 19 klockares
596 1124 117 19 tillsättande
727 1129 28 14 m.
773 1129 37 19 m.,
825 1128 46 15 men
888 1124 45 19 der-

190 1154 54 17 emot
257 1150 103 27 ingalunda
374 1150 73 20 sådana
461 1153 44 18 rent
519 1150 127 19 ekonomiska
661 1150 91 25 ärender,
768 1155 44 14 som
821 1150 112 26 byggnads-

189 1177 81 26 företag,
286 1178 21 19 af
319 1177 52 19 hvad
385 1183 59 13 namn
463 1178 39 18 och
518 1176 136 21 beskaffenhet
670 1177 26 19 de
712 1178 24 18 än
753 1176 32 19 mä
802 1177 127 24 förekomma,

190 1204 51 19 dock
254 1203 66 20 måste
333 1208 60 14 anses
407 1209 53 14 vara.
490 1204 40 19 Det
546 1203 56 20 torde
620 1203 97 25 nemligen
734 1203 45 19 icke
795 1203 47 20 böra
859 1203 73 20 räknas

189 1230 64 25 nägon
266 1232 56 23 prest
336 1229 26 19 till
376 1230 45 23 last,
437 1235 32 13 om
484 1231 37 17 han
535 1229 18 25 ej
568 1230 86 23 vinnlagt
668 1230 29 24 sig
711 1235 33 13 om
758 1229 139 20 förvärfvande
913 1230 22 19 af

190 1255 59 26 insigt
262 1256 6 19 i
284 1255 169 26 byggnadskonst;
472 1255 92 20 hvarföre
581 1255 34 20 det
631 1255 38 19 ock
686 1256 41 19 helt
743 1255 108 26 naturligen
867 1255 66 20 måste

191 1282 91 19 hänföras
297 1282 25 19 till
338 1281 92 26 sällsynta
444 1281 104 26 undantag,
565 1287 34 18 om
612 1281 65 19 denne
691 1281 5 19 i
711 1283 93 23 stämma,
821 1287 45 14 som
880 1281 53 20 afser

189 1308 186 26 byggnadsföretag,
395 1309 51 19 helst
462 1308 46 20 med
525 1307 63 27 någon
608 1307 149 21 sakkännedom
777 1308 37 19 kan
833 1309 44 19 leda
894 1308 39 19 för-

190 1335 145 26 handlingarne.
366 1335 31 19 En
414 1335 70 21 rättvis
501 1335 38 20 och
555 1335 6 20 i
578 1335 36 20 allo
632 1335 51 26 billig
700 1335 79 20 fordran
798 1334 66 21 måste
880 1335 52 26 förty

190 1364 80 28 antagas
285 1367 54 20 vara,
354 1361 33 20 det
401 1361 69 26 hvarje
484 1364 55 23 prest
556 1362 2 19 i
572 1360 112 27 möjljgaste
697 1362 62 20 måtto
776 1362 66 20 blefve
857 1362 75 20 befriad

189 1389 49 19 ifrän
254 1387 119 31 äligganden,
390 1394 44 14 som
448 1389 45 20 icke
507 1388 30 21 stä
551 1389 6 19 i
570 1389 123 26 gemenskap
710 1389 47 20 med
772 1389 49 20 dess
838 1389 94 26 egentliga

190 1415 106 20 herdakall.
325 1416 28 25 Ej
363 1415 62 20 borde
441 1415 72 20 honom
530 1415 63 26 åligga
610 1418 28 17 att
655 1416 33 19 vid
706 1416 149 26 kyrkostämma
872 1416 60 20 hand-

189 1442 54 25 lägga
258 1442 90 25 ärendor,
364 1442 25 19 de
403 1442 36 20 der
453 1443 49 26 ligga
512 1445 55 17 utom
576 1443 38 20 den
624 1443 169 25 verkningskrets,
806 1443 125 20 hvartill:
902 1438 33 35 han
