992 1689
284 145 72 23 Nådiga
367 147 142 21 Propositionen
520 146 37 18 N:o
569 148 28 17 38.
769 147 43 19 1217

68 193 106 20 sakfälldes
189 193 95 26 egendom
298 194 6 19 i
318 195 38 19 löst
369 197 40 18 och
422 195 46 25 fast,
484 195 21 20 så
520 195 52 26 långt
585 195 78 26 tillgång
677 195 71 26 finnes,
759 200 53 17 samt

66 220 123 25 förvandling
211 225 35 20 ega
266 226 45 14 rum
331 222 69 19 endast
420 221 30 20 för
471 222 40 24 det,
534 227 44 14 som
598 222 69 20 dervid
686 222 43 19 icke
750 223 59 20 utfås.

68 246 62 19 Dessa
150 247 66 23 böter,
235 246 65 20 såvidt
316 247 26 20 de
356 247 56 25 utgå,
431 248 72 19 tillfalla
517 249 122 24 angifvaren,
655 248 103 25 åklagaren
773 250 38 19 och

66 272 152 25 församlingens
232 273 120 25 fattigkassa,
369 275 76 18 enhvar
459 274 26 20 till
500 280 24 13 en
538 273 102 26 tredjedel.
668 274 27 20 På
708 275 104 20 enahanda

69 299 38 18 sätt
125 298 82 19 förfares
224 299 58 18 äfven
299 299 45 20 med
362 300 70 24 värdet
448 300 30 19 för
494 300 100 19 förbruten
611 301 96 24 redskap,
729 301 84 20 bränvin

67 325 38 18 och
120 327 59 16 annat
193 325 55 25 gods,
265 325 5 19 i
285 325 74 20 hvilket
372 327 94 19 afseende
480 327 24 20 all
519 326 61 20 sådan
591 327 96 25 egendom
697 327 36 20 bör
742 333 70 20 genom

68 349 116 26 åklagarens
201 352 77 25 försorg
295 351 10 20 å
324 352 86 26 offentlig
427 353 80 20 auktion
523 352 91 27 försäljas
628 356 53 17 samt
694 354 118 25 protokollet

66 377 92 19 deröfver
174 378 36 19 hos
224 378 110 20 domstolen
348 379 80 26 företes,
440 379 24 26 på
474 379 34 21 det
519 379 194 27 auktionsskillingen
721 379 33 21 må
763 380 50 20 kun-

66 409 26 13 na
106 403 5 19 i
126 403 166 27 saköreslängden
306 405 27 20 till
348 405 128 27 redovisning
489 408 103 23 upptagas.

410 459 10 25 $
434 460 32 19 95.

119 495 58 20 Hvad
198 495 20 20 af
234 495 66 26 böter,
319 501 44 14 som
380 496 6 19 i
403 497 63 25 grund
483 498 20 19 af
520 491 12 36 $
543 497 26 20 68
585 496 88 26 ädömas,
689 498 44 19 icke
747 497 64 26 utgår,

66 521 49 20 skall
130 521 112 21 förvandlas
256 522 27 20 till
298 522 94 25 fängelse,
407 524 46 19 med
468 523 111 27 skyldighet
593 526 29 17 att
633 524 81 19 förrätta
723 524 88 25 lempligt

66 548 80 19 allmänt
160 548 68 20 arbete
242 549 63 20 under
318 548 86 25 följande
418 549 36 20 tid:

64 580 38 19 För
116 580 57 19 böter
187 581 26 20 till
228 581 39 19 och
281 580 46 21 med
341 581 68 20 femtio
423 582 56 19 mark
513 597 4 4 .
549 597 4 3 .
584 597 4 4 .
620 597 4 4 .
655 598 4 4 .
703 583 25 19 44
742 582 67 25 dagar.

65 606 44 19 från
122 607 69 19 femtio
206 607 25 20 till
247 608 38 19 och
299 606 47 21 med
359 608 106 20 etthundra
478 608 57 20 mark
553 625 1 2 .
586 623 4 4 .
621 624 4 3 .
657 625 4 3 .
703 609 26 19 20
772 617 10 10 »

64 632 44 20 från
123 633 106 20 etthundra
243 635 27 19 till
286 634 37 19 och
337 634 47 19 med
398 634 105 20 etthundra
517 634 67 20 femtio
598 635 64 19 mark.
706 635 25 20 30
773 643 10 10 »

65 659 43 20 från
124 659 104 20 etthundra
244 661 68 19 femtio
326 661 27 19 till
368 662 38 18 och
420 661 171 20 med'tvähundra
607 661 57 20 mark
705 662 26 19 40
773 669 10 10 »

64 685 44 20 från
123 685 113 21 tvåhundra
250 687 26 20 till
292 688 37 19 och
344 687 46 20 med
404 687 110 20 tvåhundra
529 687 66 20 femtio
607 688 57 19 mark
690 681 9 36 =
705 689 26 18 50
774 696 9 9 »

64 712 45 20 från
124 712 114 21 tvåhundra
252 713 68 20 femtio
335 714 25 20 till
375 714 38 19 och
427 714 46 20 med
488 714 105 20 trehundra
607 714 57 20 mark
681 708 15 35 =
705 715 26 19 60
773 722 10 10 »

65 739 43 19 från
123 739 108 20 trehundra
244 740 27 20 till
286 741 39 18 och
338 740 46 20 med
398 740 121 26 fyrahundra
537 741 56 19 mark
623 756 4 4 .
658 757 5 3 .
705 741 25 19 80
773 749 10 9 »

65 765 43 20 från
123 766 121 26 fyrahundra
259 767 25 19 till
300 768 39 18 och
352 767 47 20 med
413 767 117 20 femhundra
545 767 56 19 mark
623 783 4 4 .
659 783 4 3 .
694 767 38 20 100
775 775 10 9 »

66 791 43 21 från
123 793 117 20 femhundra
256 793 25 20 till
297 795 39 18 och
350 793 45 20 med
410 795 113 18 sexhundra
537 794 58 19 mark
624 809 3 4 .
659 809 4 4 .
693 794 38 19 420
774 801 10 10 »

66 819 44 19 från
124 819 114 20 sexhundra
254 820 26 20 till
296 821 38 18 och
348 820 46 20 med
408 819 110 26 sjuhundra
536 821 57 18 mark
624 837 3 3 .
659 835 4 4 .
693 821 38 19 4140
774 828 10 9 »

66 845 42 20 från
124 845 108 26 sjuhundra
247 847 26 19 till
288 847 38 18 och
340 847 45 19 med
400 845 119 22 ättahundra
537 847 57 19 mark
624 863 4 4 .
659 862 4 3 .
693 847 38 19 460
775 855 9 9 »

65 871 43 20 från
123 872 117 20 ättahundra
255 873 25 20 tili
296 874 39 19 och
348 873 46 20 med
408 873 109 20 niohundra
531 877 57 16 mark
623 888 4 4 .
659 889 4 4 .
693 873 38 20 480
773 881 10 10 »

65 898 43 20 från
124 899 108 20 niohundra
248 899 25 20 till
289 901 38 18 och
341 900 46 19 med
402 902 78 17 ettusen
495 900 96 19 mark.
623 915 5 4 .
691 900 40 19 200
773 907 10 10 »

66 926 39 19 och
121 925 67 20 vidare
202 925 5 20 i
222 931 75 14 samma
312 926 120 21 förhållande
447 927 26 19 till
488 929 28 16 ett
530 925 29 25 är,
575 932 44 14 som
629 928 113 18 motsvarar
755 926 57 19 böter

66 953 80 18 utöfver
160 955 78 17 ettusen
254 953 108 20 niohundra
376 953 56 20 mark
447 953 38 19 och
499 954 22 18 är
535 953 37 20 den
586 954 74 24 längsta
675 952 34 24 tid,
725 952 88 19 hvarun-

67 979 35 19 der
117 978 64 26 någon
195 980 29 19 för
238 979 49 20 slika
301 979 62 25 böter,
379 979 32 20 mä
429 980 5 19 i
452 979 85 26 fängelse
555 978 69 21 hållas,
656 978 87 21 Utdömd
760 978 53 26 afgift

68 1005 30 19 for
112 1005 219 26 bränvinstillverkning
345 1006 48 19 skall
409 1007 25 19 till
450 1006 45 19 fullo
511 1011 47 14 vara
572 1006 72 25 erlagd,
659 1006 58 19 innan
731 1005 82 20 sakfällä

68 1031 30 19 får
112 1032 47 19 med
173 1032 106 25 penningar
292 1033 57 24 gälda
363 1031 61 26 någon
439 1033 30 19 del
484 1032 21 19 af
517 1031 59 21 dessa
591 1032 62 20 böter.

413 1085 10 26 $
437 1086 33 20 96.

122 1123 37 19 Det
173 1123 72 25 belopp
260 1123 20 19 af
293 1123 61 25 öfrige
369 1123 4 19 i
388 1123 62 19 denna
466 1122 111 26 förordning
591 1122 94 26 stadgade
694 1123 63 25 böter,
769 1128 43 14 som

69 1148 17 25 ej
101 1149 38 19 kan
158 1148 62 26 utfås,
241 1150 49 19 skall
308 1149 112 20 förvandlas
438 1150 25 19 till
482 1150 87 24 fängelse
583 1150 32 18 vid
632 1152 65 16 vatten
711 1149 39 20 och
764 1148 50 20 bröd

70 1174 83 20 sålunda
168 1178 28 16 att
206 1178 54 17 emot
269 1176 56 19 böter
335 1176 25 19 till
372 1177 37 17 och
420 1176 45 20 med
474 1175 66 20 trettio
552 1176 55 18 mark
621 1181 69 14 svarar
702 1175 62 26 dylikt
772 1176 43 18 fän-

69 1201 55 25 gelse
137 1201 5 19 i
157 1202 43 25 fyra
214 1202 65 25 dagar,
295 1201 92 20 deröfver
402 1202 25 20 till
442 1202 37 19 och
495 1201 44 20 med
554 1202 62 18 sextio
629 1202 56 19 mark
695 1201 40 20 åtta
744 1201 67 25 dagar,

70 1227 92 19 deröfver
176 1228 26 19 till
218 1229 38 18 och
270 1228 46 19 med
330 1228 104 19 etthundra
448 1228 55 25 tjugu
519 1228 57 19 mark
591 1227 35 19 tolf
638 1228 68 24 dagar,
723 1228 92 19 deröfver

69 1253 27 20 till
111 1254 37 18 och
162 1254 46 19 med
223 1255 107 19 trehundra
344 1254 55 19 mark
414 1257 70 17 sexton
498 1254 67 26 dagar,
581 1254 92 19 deröfver
683 1254 26 19 till
721 1254 38 19 och
769 1253 45 19 med

71 1280 117 19 femhundra
203 1280 56 26 mark
274 1280 55 26 tjugu
343 1280 65 25 dagar,
425 1283 51 16 samt
491 1281 52 19 hvad
557 1280 114 19 derutöfver
685 1282 22 18 är
716 1279 99 26 tjugufyra

70 1306 72 24 dagars
157 1306 86 24 fängelse
258 1306 32 19 vid
305 1308 64 17 vatten
385 1307 38 17 och
437 1306 59 23 bröd,
513 1312 43 13 som
574 1307 21 17 är
612 1306 33 19 det
661 1307 75 23 högsta,
756 1307 59 18 hvar-

72 1331 46 19 med
133 1332 57 18 böter
204 1333 20 17 af
237 1331 147 25 ifrågavarande
400 1332 40 24 slag
455 1332 79 19 komma
551 1333 28 18 att
596 1332 96 18 försonas.
721 1332 43 18 Men
781 1336 33 14 om

71 1357 150 19 öfverträdaren
236 1357 104 19 dessutom
353 1357 67 25 begått
434 1360 57 17 annat
505 1358 52 19 brott
575 1358 38 18 och
629 1357 79 19 derföre
722 1356 51 26 gjort
787 1357 29 24 sig

73 1383 78 27 skyldig
164 1384 28 19 till
206 1383 64 25 böter,
287 1384 32 20 vid
334 1383 76 20 hvilkas
426 1384 120 25 förvandling
562 1383 147 20 föreskrifterne
723 1383 6 19 i
745 1384 10 18 5
766 1382 48 26 Kap.

74 1410 139 20 Straff-balken
227 1407 51 27 tjena
292 1411 27 19 till
334 1411 137 25 efterrättelse,
490 1410 55 20 skola
560 1410 37 20 alla
614 1410 90 24 böterne,
723 1413 54 16 utom
792 1409 26 20 de

74 1438 5 18 i
95 1436 161 26 nästlöregående
270 1438 91 25 paragraf
374 1437 123 25 omnämnda,
513 1436 161 22 sammanräknas
688 1437 38 19 och
740 1436 5 19 i
760 1436 57 26 enlig-

748 1470 23 16 77
