3483 3295
146 280 248 32 Sammansatta
425 278 184 32 Ekonomie
641 276 62 32 och
732 274 205 42 Beviljnings
968 272 186 32 Utskottets
1186 270 139 40 Förslag
1356 268 53 33 till
1440 243 327 71 sammanjemkning
1792 266 37 32 af
1851 266 21 32 d

41 320 164 41 handlagt
225 319 129 41 Nådiga
374 318 253 42 propositionen
649 314 170 41 angående
841 314 227 38 tillverkning.
1082 312 62 32 och
1164 310 200 42 försäljning
1386 309 37 32 af
1439 304 142 55 bränvin
1602 309 13 31 i
1635 306 152 33 Finland.

1526 227 3 19 |

91 416 130 27 Utskottets

75 459 164 27 Betänkande.

330 467 11 15 +
347 456 175 33 Ridderskapet
540 455 43 27 och
606 454 79 28 Adein.
704 455 6 26 i

924 450 202 28 Prestaständet.:
1148 456 94 19 3:00

1414 442 214 37 Borgareständet.
1669 452 50 20 is

2290 449 2 19 i
2451 440 130 28 Utskottets
2600 421 347 61 sammanjemkuingsförslag.
3002 442 102 20 fd

1874 275 17 23 e
1914 265 280 42 skiljaktigheter,
2216 273 71 23 som
2306 262 153 43 uppstått
2480 246 58 48 vid
2559 262 56 32 det
2635 260 133 32 landets
2788 258 185 41 Högloflige
2997 257 144 33 Ständer

2785 335 2 22 |
2993 338 50 22 (Pag.
3057 337 61 22 1287.)

79 554 75 19 Första
169 554 81 19 alterna-

65 580 38 20 tiva
118 580 133 20 betänkandet

53 608 56 24 '$
90 604 23 33 2:

88 713 9 25 $
112 713 18 19 3.

88 872 10 25 $
112 873 19 19 4.

77 963 62 40 I.

89 1031 8 25 s
111 1017 21 45 6.

89 1403 9 25 S
111 1388 21 45 7.

113 1525 8 15 —
113 1495 9 17 =

127 1495 10 45 Or

87 1494 11 52 PA

89 1588 9 26 s
113 1589 32 19 42.

88 1668 10 25 $
112 1669 33 19 43.

91 1801 10 25 S
106 1791 41 30 46.

81 2334 23 28 28
119 2334 32 19 54.

75 2375 78 37 855.

95 2439 10 25 $
121 2440 31 19 56.

97 2476 69 42 563.

85 2719 23 37 8
123 2711 40 39 66.

78 2770 77 40 667.

99 2864 10 24 $
125 2864 31 19 75.

100 2996 10 25 $
124 2976 39 40 81.

266 685 2 13 |

278 2556 2 8 H

276 2171 2 6 |
293 2174 109 25 upphöra».
533 2183 13 7 Hu
724 2170 5 22 |

284 556 3 15 1
309 552 44 20 Med
364 551 109 26 antagande
480 551 19 19 af
506 556 24 14 en
537 549 105 20 förändrad
652 549 100 19 redaktion

284 580 37 18 har
336 578 52 20 tiden
400 578 29 19 för
451 577 148 24 författningens
613 576 85 25 giltighet
710 576 42 19 icke

283 606 108 22 bestämts,
401 605 38 19 och
449 604 34 20 det
493 603 106 20 fastställda
610 602 143 26 tillverknings-

283 633 104 24 beloppets
405 630 86 26 höjande
508 630 45 20 med
571 629 51 25 50%,
641 629 40 19 före
698 632 54 17 nästa

284 659 91 25 landtdag
389 658 143 19 öfverlemnäts
545 656 26 20 till
585 657 54 19 Hans
648 655 105 25 Kejserliga

283 684 96 25 Majestät.
708 698 1 3 ;

311 712 41 19 Har
369 710 52 26 gjort
438 710 34 20 det
489 709 93 20 förbehäll
601 712 27 16 att
642 708 5 19 i
662 708 91 20 händelse

285 737 105 26 beviljning
407 737 30 19 för
455 736 118 20 folkskolors
588 734 134 25 befrämjande
736 734 17 26 ej

285 765 63 19 skulle
362 765 78 18 komma
454 766 28 16 att
491 763 116 24 fastställas,
619 761 61 20 borde
689 762 65 25 anslag

285 792 30 18 för
329 790 70 20 sådant
412 789 88 20 ändamål
511 788 46 26 utgå
567 788 42 20 från
619 788 37 19 den
667 788 88 19 kommu-

285 824 60 14 nerna
368 816 119 20 förbehållna
508 815 94 25 fjerdedel
620 814 20 20 af
655 814 99 20 bränvins-

286 845 85 19 skatten.

312 976 68 20 Orden
390 975 83 20 «endast
483 981 36 13 en»
528 975 81 20 framför
617 973 86 26 redskap
711 974 43 19 bor-

287 1002 24 20 de
326 1002 53 26 utgå.

313 1029 50 25 Från
378 1030 52 18 1:sta
444 1030 111 18 momentet
569 1028 62 20 skulle
643 1027 59 19 orden
714 1027 42 19 «för

288 1054 68 26 hvarje
370 1056 32 19 län'
417 1055 95 20 särskildt
526 1055 38 19 och
579 1054 21 20 så
614 1053 103 25 uträknad,
730 1054 26 18 ef-

288 1084 29 18 ter
331 1082 115 20 nuvarande
461 1080 122 27 folkmängd,
595 1083 28 17 att
632 1080 123 20 föreskriften

288 1109 3 19 i
307 1108 10 26 $
331 1109 12 19 2
356 1108 44 20 icke
410 1107 149 21 öfverskrides»
570 1108 103 18 äfvensom
683 1109 73 23 uttryc-

276 1136 44 21 -ket
330 1136 98 19 «medelst
437 1134 88 26 offentlig
534 1134 90 24 auktion,
634 1133 77 20 hvilken
719 1134 37 19 för-

287 1164 61 17 rättas
366 1161 11 20 å
394 1162 170 19 Landskontoret»
581 1161 62 19 skulle
658 1160 98 20 förändras

288 1188 26 20 till
331 1188 123 26 pluralform.

314 1215 6 19 I
342 1215 61 19 andra
425 1217 109 17 .momentet
551 1216 68 22 antogs
637 1213 36 19 den
689 1213 68 19 redak-

288 1241 163 25 tionsförändring
473 1244 28 16 att
520 1240 6 20 i
550 1241 64 19 stället
634 1240 28 19 för
685 1240 71 19 «länets

287 1267 285 25 bränvinstillverkningsrätt»
600 1267 63 20 skulle
688 1266 68 20 införas

289 1294 345 26 «bränvinstillverkningsrätt
584 1289 47 35 inom
644 1294 69 18 länet».
731 1293 25 20 Ur
778 1309 2 3 I

288 1320 63 25 tredje
365 1324 110 17 momentet
490 1321 63 19 skulle
567 1320 96 20 uteslutas
679 1319 36 25 «på
725 1320 33 19 det

288 1348 142 25 länestyrelsen
445 1347 65 19 skulle
525 1348 60 18 sättas
590 1342 7 35 i
610 1346 71 20 tillfälle
691 1348 31 17 ete
732 1357 25 3 —

649 1372 105 20 erfordra».

315 1401 7 19 I
340 1401 61 19 första
419 1403 112 17 momentet
545 1400 62 19 skulle
622 1400 50 18 efter
687 1399 72 19 «hand-

289 1428 61 24 lingar
361 1427 112 25 «tilläggas»
483 1426 62 25 jemte
553 1429 43 23 eget
602 1426 91 26 yttrande
700 1426 57 19 hvar-

289 1457 53 16 emot
363 1454 62 19 orden
447 1452 61 21 «eller
525 1456 68 22 antaga
611 1452 52 26 lägre
681 1452 75 19 anbud»

289 1480 103 20 äfvensom
403 1481 43 19 hela
455 1480 60 19 andra
522 1482 108 17 momentet
638 1479 60 19 borde
704 1478 52 35 utgå.

315 1585 68 20 Skulle
393 1586 60 19 orden
465 1586 94 25 «ändring
569 1584 18 26 ej
599 1585 70 19 sökas»
680 1574 78 37 utbytas
768 1597 17 7 slå

289 1615 54 17 emot
356 1612 93 25 «ändring
463 1612 29 19 får
502 1612 4 19 i
517 1612 63 25 vanlig
591 1612 79 25 ordning
679 1611 78 26 sökas:»

288 2105 2 7 '
461 2106 2 2 ;
695 2107 3 3 N

320 2119 50 21 Från
389 2118 115 27 paragrafen
521 2118 64 19 skulle
602 2117 97 19 uteslutas
716 2119 46 17 slut-

293 2146 105 26 meningen
413 2146 49 19 «och
473 2144 56 20 skola
552 2155 13 3 —
589 2154 15 4 —
625 2154 18 2 —
661 2154 21 3 —
700 2154 22 2 —
724 2144 38 23 i—

323 2332 66 20 Orden
403 2334 62 17 «utan
480 2331 48 19 skall
556 2322 13 22 —
587 2321 14 30 —
610 2340 26 5 —
646 2340 25 4 —
682 2328 81 27 belopp»

296 2359 63 20 borde
374 2358 53 26 utgå.
653 2361 2 2 ;
758 2367 3 4 i

323 2438 69 20 Orden
395 2434 15 33 ..
414 2438 51 18 «och
481 2425 134 41 Systerbäcks
633 2426 137 35 gevärsfakto-

297 2465 40 19 ris»
353 2464 52 26 utgå.
657 2480 1 3 i
715 2472 2 3 i

323 2492 56 19 Efter
393 2490 61 21 orden:
470 2489 189 26 «forslingsredskap
672 2490 92 18 insättes»

278 2536 1 3 |
299 2524 45 13 «om
351 2518 33 19 det
395 2516 16 25 ej
422 2517 39 19 kan
471 2517 52 18 visas
533 2518 28 17 att
571 2516 24 19 de
606 2516 62 19 blifvit
678 2515 29 20 sin
717 2517 48 17 rätta

295 2546 59 24 ägare
375 2543 90 25 olofligen
486 2542 107 25 afhände»,
616 2542 103 20 äfvensom
739 2541 25 20 till

298 2572 115 24 paragrafen
427 2568 84 27 följande
524 2569 66 25 tillägg
603 2569 57 25 göres
673 2568 93 26 «dragare

283 2596 52 21 och
352 2595 179 27 forslingsredskap
549 2595 32 19 må
591 2595 70 19 medan
672 2594 94 26 rättegån-

297 2630 38 20 gen
345 2623 73 26 fortgår
428 2623 28 19 till
467 2624 71 24 ägaren
548 2622 107 24 utlemnas,
664 2627 32 14 om
704 2622 63 19 denne

297 2651 33 19 det
347 2650 72 19 önskar
437 2650 39 18 och
489 2650 30 18 för
533 2648 39 20 den
586 2654 87 18 summa,
690 2648 76 20 hvartill

280 2677 2 11 |
297 2678 24 19 de
333 2676 63 20 blifvit
407 2676 120 24 värderade,
539 2676 66 19 ställer
613 2675 101 25 säkerhet
711 2671 10 34 ,
722 2678 44 16 som

297 2704 21 20 af
330 2703 85 20 domstol
431 2702 134 26 godkännes».
721 2720 2 2 ;

324 2730 63 19 Borde
402 2728 55 27 utgä.
699 2731 21 18 piti
743 2743 1 3 i

325 2783 67 20 Orden
407 2782 60 20 «med
477 2781 81 20 arbete»
570 2782 49 18 efter
631 2782 85 25 fängelse
725 2783 43 17 ute-

299 2810 68 20 slutas.

325 2995 67 20 Orden
408 2996 51 18 «och
473 2994 10 26 $
499 2994 36 20 51»
551 2994 96 20 bortfalla.

812 548 41 19 Har
866 548 87 20 bestämt
967 546 145 24 författningens
1127 544 87 26 giltighet
1226 544 28 19 till

785 576 40 18 fem
840 574 21 20 år
872 575 37 19 och
919 574 5 19 i
937 572 208 20 ofverensstämmelse
1155 570 45 20 med
1210 570 45 20 Rid-

786 602 118 24 derskapets
918 601 38 19 och
970 600 73 20 Adelns
1053 599 64 19 beslut
1126 598 129 20 öfverlemnat

787 627 239 25 tillverkningsbeloppets
1043 624 83 26 -höjande
1142 624 46 20 med
1205 624 50 24 50%,

787 655 25 19 till
828 655 54 19 Hans
897 653 106 26 Kejserliga
1018 652 95 25 Majestät.

814 867 59 20 Tiden
886 867 29 19 för
924 865 243 25 bränvinstillverkningen
1177 865 35 19 har
1222 864 34 19 be-

788 896 71 18 stämts
869 893 42 19 från
920 893 37 19 den
966 892 58 20 15:de
1032 892 76 19 Januari
1118 892 25 18 till
1152 891 37 19 den
1198 890 59 20 15:de

788 920 52 25 April
856 923 52 16 samt
917 919 42 19 frän
969 919 37 19 Jen
1017 918 57 20 15:de
1084 918 89 20 Oktober
1184 918 24 19 till
1219 918 37 19 Jen

791 947 57 19 15:de
864 946 116 20 December.

810 1504 8 19 I
836 1502 64 21 stället
917 1504 29 19 för
961 1509 37 14 «en
1014 1502 57 26 sjette
1086 1503 42 19 del»
1144 1502 64 20 skulle
1224 1508 36 14 «en

792 1531 60 18 femte
874 1530 43 19 del»
938 1530 72 18 införas
1028 1530 45 18 med
1090 1529 92 19 afseende
1197 1528 10 19 ä
1222 1529 37 19 den

792 1556 108 25 föreslagna
915 1556 135 25 förändringen
1065 1556 21 18 af
1098 1556 10 25 $
1122 1556 20 18 4.

1279 2274 2 5 |
1297 2272 84 24 källare,

1279 2307 2 4 |
1298 2298 60 20 relse.

1315 544 40 19 Har
1376 543 70 25 antagit
1465 541 131 22 betänkandet
1612 541 6 19 i
1636 540 93 20 afseende
1747 539 10 20 ä

1289 570 53 20 tiden
1357 570 29 19 för
1400 565 146 29 författningens
1561 568 88 25 giltighet
1661 568 38 18 och
1708 565 50 26 jem-

1290 598 29 18 väl
1335 596 72 20 biträdt
1416 570 125 76 Rudaerk

1290 624 39 19 slut
1342 629 33 14 om
1390 623 145 25 tillverkningsh

1289 651 55 18 Hans
1358 648 107 26 Kejserliga
1480 648 95 25 :Majestät.
1684 654 3 12 i

1294 1686 144 26 länestyrelsen
1461 1685 100 19 förordnas
1584 1688 27 16 att
1636 1684 50 19 vaka:
1707 1684 57 18 öfver

1294 1712 140 20 efteriefnaden
1448 1712 20 19 af
1481 1711 52 20 hvad
1545 1712 41 19 häri
1597 1713 21 18 är
1629 1710 91 26 .stadgadt
1730 1716 31 13 om

1294 1738 219 26 bränvinstillverkning
1523 1738 36 19 och
1569 1738 63 20 dertill
1643 1737 66 25 tjenlig
1719 1736 45 20 red-

1295 1765 217 26 skapsinnehafvande»
1529 1765 61 19 skulle
1604 1764 55 26 utgå.

1278 1804 1 3 |
1322 1793 40 19 Har
1378 1792 73 25 antagit
1468 1791 33 20 det
1515 1791 72 25 tillägg,
1604 1794 27 17 att
1645 1792 119 18 kommuner

1296 1819 44 19 icke
1354 1818 49 26 ägde
1413 1818 47 20 afslå
1470 1817 105 25 ansökning
1587 1823 32 14 om
1631 1815 133 27 försäljnings-

1294 1878 86 14 munens
1400 1871 117 25 röstägande
1537 1870 128 20 medlemmar
1685 1869 79 25 deltoge

1277 1918 1 5 |
1296 1900 32 19 vid
1343 1899 85 19 beslutet
1441 1899 38 18 och
1493 1898 97 19 detsamma
1607 1897 91 20 fattades
1710 1897 20 19 af
1738 1896 25 24 %/;

1277 1933 2 12 |
1295 1926 21 19 af
1334 1926 24 18 de
1375 1924 122 20 närvarande
1513 1924 172 25 röstberättigade;
1697 1924 66 19 .hvar-

1278 1954 1 25 |
1295 1955 55 17 utom
1368 1952 5 19 i
1390 1950 53 30 fråga
1461 1956 32 14 om
1511 1950 113 29 dem,:som
1640 1950 43 20 icke
1699 1949 66 20 kunde

1278 1980 1 9 |
1296 1982 79 22 antagas
1391 1978 24 28 till
1431 1978 164 24 minutförsäljare
1699 1994 38 2 a

1296 2006 61 19 orden
1378 2010 30 19 «ej
1427 2004 60 20 heller
1505 2004 47 25 den,
1572 2010 43 13 som
1625 2004 60 19 idkar
1699 2007 65 15 annan

1296 2058 23 26 pä
1335 2058 65 20 landet
1413 2058 47 23 den,
1475 2062 42 14 som
1527 2057 52 19 idkar
1590 2062 61 14 annan
1663 2056 90 20 handel.»

1324 2192 7 18 I
1349 2192 62 24 tillägg
1428 2191 26 19 till
1471 2190 62 19 denna
1547 2190 92 25 paragraf
1651 2189 62 19 borde
1727 2189 39 19 för-

1298 2219 63 19 klaras
1376 2220 27 16 att
1417 2216 41 20 Jeri
1470 2216 79 25 intagna
1559 2216 106 26 stadgande
1675 2214 16 26 ej
1703 2215 63 20 borde

1298 2245 48 24 gälla
1360 2244 30 19 för
1404 2244 117 25 gästgifvare
1537 2243 36 19 och
1588 2243 56 25 dem,
1661 2247 44 15 som:
1720 2241 45 21 idka

1407 2270 108 19 värdshus-
1537 2265 60 34 eller.,
1604 2275 59 14 annan
1681 2269 38 19 slik
1737 2269 30 19 rö-

1325 2378 61 20 Ordet
1407 2377 110 25 «graders»;
1538 2377 79 27 utbytes
1638 2362 44 42 emot
1697 2378 5 16 .
1712 2366 55 34 «pro-
1784 2375 2 25 |

1299 2403 63 29 cents.
1554 2405 4 16 i

1328 2484 30 19 Att
1368 2484 82 25 dragare
1460 2483 38 19 och
1508 2468 179 45 forslingsredskap
1697 2480 70 20 endast

1281 2523 2 16 |
1300 2510 112 25 förverkas,
1428 2515 32 14 om
1475 2509 24 20 de
1513 2503 38 41 denj
1565 2507 102 33 brottslige
1681 2508 84 19 tillhöra.

1302 2885 54 17 emot
1365 2881 124 25 åberopande
1493 2876 21 34 af
1523 2880 24 20 Je
1560 2880 155 26 lagstadganden;,
1726 2885 43 14 som

1303 2909 59 20 redan
1380 2909 19 19 af
1415 2908 105 20 ständerna
1537 2909 81 23 antagits
1635 2907 39 19 och
1691 2906 79 20 hvilkas

1303 2934 162 28 promulgerande
1473 2936 54 17 snart
1534 2932 54 37 tofde
1596 2938 46 14 vara
1649 2935 29 17 att
1685 2935 84 17 emotse.

1543 598 30 16 ets
1588 595 38 19 och
1641 594 73 20 Adelns
1724 594 35 19 be-

1540 622 89 24 eloppets
1644 619 83 26 höjande
1739 620 30 19 af:

1320 1659 67 21 Orden
1405 1661 64 17 «samt
1486 1658 59 19 andra
1562 1663 101 21 personer,
1682 1662 37 14 som
1737 1656 28 20 af

1296 1846 66 20 ställes
1373 1844 108 20 inrättande
1491 1844 81 20 såframt
1578 1843 17 26 ej
1603 1845 73 19 hälften
1688 1843 16 19 af
1717 1843 45 19 kom-
1787 1852 2 11 |:
1799 1853 2 9 ;.
1813 1854 34 8 =;

1296 2032 82 19 handel»
1400 2030 61 20 borde:
1481 2031 87 25 utbytas:
1582 2033 48 17 emot
1651 2029 30 25 «ej
1704 2030 67 19 heller.

1329 2857 29 19 De
1379 2856 3 19 i
1404 2856 9 24 $
1434 2854 85 20 citerade
1543 2854 121 24 laägrummen
1687 2854 82 25 utbytas
1786 2855 2 5 |

1791 566 118 20 alternativa
1924 566 143 20 betänkanden.

1778 1661 3 15 i

1784 2474 1 7 |

1784 2487 2 14 |

1784 2509 1 7 i

1795 547 2 11 :
1818 540 41 19 Har.
1880 540 95 19 förkastat
1996 539 98 20 hvardera
2115 540 21 18 af
2150 538 130 23 Utskottets
2272 534 12 33 |
2573 560 3 3 d

2279 563 1 25 |
2293 564 119 24 fattningens
2426 563 96 26 giltighet,
2538 561 90 25 inbjudas
2645 560 192 26 Ridderskapet|och
2853 560 62 20 Adeln
2934 564 43 14 sam
2990 559 77 20 Presta-
3081 558 38 19 och

2279 609 1 3 |
2295 589 159 21 Bonde-stånden
2468 591 28 17 att
2510 589 66 19 förena
2592 588 29 25 sig
2635 593 32 14 om
2682 585 174 30 Borgareständets
2871 586 72 20 beslut.

2286 1434 1 7 |
2302 1414 46 19 böra
2364 1414 79 19 förfalla.

2278 1635 2 4 '|
2304 1626 118 19 -mkntariska
2437 1625 86 24 stadgar.
2681 1630 1 4 ;
2805 1629 1 8 i

2305 1682 7 16 +

2313 1682 10 16 (Sd

2291 2351 2 11 I
2309 2345 45 19 Höra
2369 2344 80 20 förfalla.

2264 2405 66 38 2

2296 2506 39 17 salt
2352 2504 66 18 förena
2435 2503 30 25 sig
2482 2501 45 20 med
2542 2499 150 21 Prestaständet
2706 2505 32 13 om
2753 2499 38 19 den
2806 2497 151 21 iibetänkandet
2971 2497 78 24 intagne
3065 2496 69 19 redak-

2298 2530 48 19 «tion
2368 2530 20 18 af
2407 2529 63 19 denna
2491 2528 16 25 $,
2531 2528 46 19 enär
2594 2526 82 26 dragare.
2694 2527 44 18 och,
2749 2525 189 25 forslingsredskap,
2956 2529 43 14 som
3013 2524 58 18 deras
3085 2524 49 18 rätta

2353 536 27 20 Då
2398 534 163 27 Borgareständet
2578 534 85 26 .godkänt
2680 534 98 20 betänkan
2789 525 33 27 lets
2836 532 73 26 förslag
2923 538 32 13 om
2970 532 51 20 tiden
3036 532 30 19 för
3080 531 39 19 för-

2355 696 64 20 Sedan
2437 695 89 25 samilige
2544 695 42 25 fyra
2604 693 56 20 stånd
2675 692 102 26 medgifvit
2791 691 105 29 beviljning
2911 692 25 20 till
2951 691 113 24 folkskolor,
3083 689 38 21 för-

2298 724 53 20 faller
2366 723 52 19 detta
2432 722 145 20 amendement.
2793 721 2 17 |

2799 767 8 11 N

2354 854 148 21 Prestaständet
2522 854 104 19 äfvensom
2646 852 147 28 Bondeständet|
2809 852 90 25 inbjudas
2917 854 28 16 att
2962 852 64 18 förena
3045 850 30 25 sig
3089 847 33 26 om

2298 882 151 24 betänkandets,
2468 882 20 18 af
2504 880 146 25 Ridderskapet
2664 880 38 19 och
2712 879 62 20 Adeln
2786 881 61 22 jemte
2861 877 166 26 Borgareständet
3041 879 81 23 antagna

2300 909 143 25 bestämningar
2457 906 100 26 angäende
2572 907 53 19 tiden
2639 907 30 18 för
2684 905 248 25 bränvinstillverkningen.

2356 962 56 19 Detta
2434 960 146 23 amendement,
2604 958 67 20 såsom
2691 958 101 20 framstäldt
2818 958 67 19 endast
2904 957 20 19 af
2941 959 27 17 ett
2983 956 68 24 stånd,
3067 955 56 20 torde

2299 989 46 19 böra
2360 988 80 19 förfalla.
3008 978 5 17 |

2356 1014 144 25 Ridderskapet
2513 1013 37 19 ooh
2566 1012 61 20 Adeln
2642 1012 102 19 äfvensom
2759 1010 143 20 Bondeständet
2916 1008 91 26 inbjudas
3020 1012 28 16 att
3057 1009 65 19 förena

2300 1042 28 25 sig
2341 1047 31 14 om
2391 1040 141 20 betänkandets
2550 1039 20 19 af
2586 1040 68 18 Presta
2672 1038 37 19 och
2724 1036 174 27 Borgarp-ständen
2914 1040 81 21 antagna
3011 1036 71 25 förslag
3097 1036 25 19 till

2300 1068 62 20 Jenna
2377 1068 16 25 $.
2485 1070 2 4 !

3061 1361 13 11 J

2359 1388 56 19 Detta
2437 1386 148 25 amendement,
2609 1385 67 20 såsom
2697 1380 101 24 framstäldt
2824 1384 70 20 endast
2910 1384 20 18 af
2947 1385 28 17 ett
2989 1382 65 25 stånd,
3071 1381 56 20 torde

2319 1461 4 31 i
2806 1467 2 12 |

2359 1494 64 19 Dessa
2438 1492 168 25 amendementer,
2622 1491 68 20 såsom
2704 1482 114 35 framstälda
2832 1490 70 20 endast
2917 1490 20 18 af
2950 1492 28 16 ett
2990 1487 67 27 stånd,
3072 1487 55 20 torde

2303 1521 46 19 böra
2363 1520 81 18 förfalla.
2518 1539 12 8 N
2801 1512 11 49 N

2360 1573 57 19 Detta
2438 1571 146 24 amendement,:
2608 1569 68 20 såsom
2689 1567 118 25 framställdt
2823 1568 69 20 endast
2909 1568 20 19 af
2945 1570 28 16 ett
2988 1566 67 24 stånd;
3073 1566 55 19 torde

2319 1600 30 19 öra:
2366 1598 84 25 förfalla,
2470 1598 52 19 helst
2536 1597 103 27 Styrelsen.
2654 1596 110 20 tillerkänts
2778 1595 91 26 rättighet
2883 1596 28 17 att
2925 1593 78 20 utfärda
3016 1593 37 19 alla
3067 1593 62 25 regle-

2360 1650 166 27 Borgareständet
2542 1650 90 25 inbjudes
2645 1648 62 26 jemte
2721 1648 143 20 Bondeständet
2878 1649 29 17 att
2921 1647 67 19 förena
3004 1647 30 25 sig
3048 1651 33 14 om
3095 1646 34 19 be-

2324 1678 96 28 nkandets
2434 1678 20 19 af
2467 1677 25 20 de
2506 1678 62 24 öfriga
2583 1676 84 20 stånden
2682 1678 80 23 antagna
2777 1675 69 25 förslag
2860 1674 28 19 till
2903 1674 64 19 denna
2982 1668 96 34 paragraf.

2362 1785 56 19 Detta
2439 1784 147 24 amendement,

2610 1782 68 20 såsom
2695 1781 110 21 framstäldt
2821 1780 70 20 endast
2908 1780 20 19 af
2944 1782 28 17 ett
2989 1778 68 24 stånd,
3074 1778 56 19 torde

2325 1813 27 18 öra
2366 1812 80 19 förfalla.
2873 1819 8 5 "i

2306 1812 12 19 =S

2325 1865 15 18 Ha

2364 2105 56 19 Detta
2442 2103 139 20 amendement
2587 2108 8 20 ;

2308 2131 46 26 böra
2368 2131 80 19 förfalla.

2612 2101 68 21 såsom.
2701 2100 108 20 framstäldt
2826 2100 71 19 endast
2913 2099 21 19 af
2951 2101 27 17 ett
2993 2098 67 25 stånd,
3076 2098 56 19 torde

2750 2161 10 7 i
2809 2160 3 7 i

2364 2182 166 26 Borgareständet
2544 2182 91 25 inbjudes
2648 2181 62 25 jemte
2724 2179 187 21 Bondeständet'att
2926 2179 66 19 förena
3008 2178 30 25 sig
3053 2183 32 14 om
3100 2178 33 19 be-

2308 2210 115 20 tänkandets
2438 2210 20 19 af
2471 2209 145 25 Ridderskapet
2630 2209 38 19 och
2683 2207 60 20 Adeln
2758 2209 53 17 samt
2821 2205 150 20 Prestaständet
2985 2204 102 26 godkända
3103 2210 31 13 re-

2321 2237 65 20 aktion
2401 2237 20 19 af
2433 2236 64 20 denna
2512 2236 96 25 paragraf:
2735 2242 46 9 EL
2899 2246 2 3 :

2795 2265 16 11 vi

2366 2318 57 19 Detta
2444 2316 148 24 amendement,
2616 2313 201 21 säsom'framstäldi
2833 2312 72 20 endast
2919 2312 20 20 af
2951 2314 29 18 ett
2994 2310 67 25 stånd,
3077 2310 57 20 torde

2330 2373 10 6 :
2369 2372 56 18 Detta
2440 2370 20 18 af
2472 2368 166 26 Borgarestänlet:
2652 2368 103 18 anmärkta
2768 2363 84 29 tryckfel
2867 2366 56 18 torde
2937 2365 18 19 få
2971 2367 67 17 rättas.

2346 2414 11 22 ;'
2366 2411 63 32 Sedan
2441 2421 134 27 Systerbäcks
2588 2405 143 47 gevärsfaktori
2740 2417 176 26 numerä-afskiljts
2926 2417 43 20 från
2979 2416 88 26 Finland,
3079 2416 56 20 torde

2308 2450 53 20 detta
2376 2450 138 19 amendement
2528 2450 80 23 antagas
2620 2446 75 25 jemväl
2710 2446 20 19 af
2742 2445 204 25 de-:öfriga:ständen.

2305 2484 44 14 ==>
2365 2476 146 24 Ridderskapet
2531 2475 38 19 och
2586 2473 60 20 Adeln
2661 2475 52 17 samt
2727 2473 84 25 Borgare|
2825 2472 38 19 och
2877 2470 152 20 Bondeständen
3043 2468 91 26 inbjudas

2309 2558 57 24 ägare
2384 2556 88 25 olofligen
2488 2554 99 24 afhändts,
2603 2554 5 18 i
2623 2552 128 20 förevarande
2766 2552 28 20 fall
2810 2552 43 19 icke
2867 2552 21 19 af
2901 2550 62 25 någon
2977 2550 85 20 domstol
3077 2549 57 19 torde

2310 2583 94 19 förklaras
2420 2582 102 19 förbrutne
2536 2580 38 20 och
2588 2580 30 25 $:s
2632 2579 82 26 lydelse,
2731 2578 59 20 sådan
2805 2572 37 27 den
2857 2578 134 19 förekommer
3006 2576 4 19 i
3025 2576 37 20 den
3077 2575 58 20 Nådi-

2309 2615 22 20 ga
2345 2608 149 26 Propositionen
2509 2606 125 21 härförinnan
2648 2605 96 20 föranledt
2758 2605 47 19 olika
2815 2600 100 30 |tolkning.

2815 2641 2 8 !

2815 2657 2 11 i

2816 2672 1 29 |

2367 2715 146 25 Ridderskapet
2526 2714 39 18 och
2581 2713 59 19 Adeln
2654 2712 103 20 äfvensom
2772 2700 148 42 Bondeståndet
2934 2708 91 26 inbjudas
3037 2710 36 23 att,
3085 2709 4 19 i
3100 2708 36 19 lik-

2311 2743 33 18 het
2357 2741 46 20 med
2416 2742 80 18 Presta-
2510 2740 38 19 och
2562 2740 83 25 Borgare
2660 2738 94 25 stånden,
2770 2737 103 25 godkänna
2887 2737 64 19 denna
2965 2736 97 25 paragraf.

2368 2769 57 19 Detta
2440 2766 148 25 amendement,
2604 2771 44 14 som
2662 2766 52 18 afser
2728 2764 68 19 LAAN
2866 2763 71 51 N
2951 2762 46 19 med
3011 2762 25 19 Je
3050 2762 20 18 af
3081 2762 56 19 Stän-

2311 2796 60 19 derna
2386 2794 103 26 godkände
2503 2792 87 26 grunder
2604 2793 30 18 för
2648 2797 24 14 en
2686 2790 29 28 ny
2726 2790 143 25 brottmälsiag,
2883 2790 56 19 torde
2948 2788 74 26 jemväl
3034 2788 20 19 af
3059 2788 78 19 Preste-

2311 2822 93 25 Borgare-
2418 2822 39 18 och
2471 2818 160 22 Bonde-ständen
2645 2820 87 24 antagas.

2369 2848 28 20 Då
2411 2846 149 26 ifrågavarande
2573 2846 11 25 $
2600 2845 143 25 otvifvelaktigt
2757 2844 92 19 komrher
2863 2846 28 16 att
2903 2842 101 28 redigeras
3018 2842 5 18 i
3037 2842 100 18 öfverens-

2312 2875 113 19 stämmelse
2440 2874 46 18 med
2500 2873 25 19 de
2540 2872 33 20 vid
2587 2872 53 19 tiden
2654 2871 29 19 för
2693 2871 146 25 författningens
2849 2868 118 21 utfärdande
2977 2868 89 26 gällande
3076 2868 61 19 brott-

2312 2900 49 21 måls
2383 2900 131 26 stadganden,
2538 2898 90 25 inbjudas
2649 2898 93 25 Borgare-
2760 2897 37 19 och
2812 2895 159 21 Bonde-ständen
2986 2897 29 17 att
3028 2895 65 18 förena
3108 2893 29 25 sig

2312 2928 45 20 med
2378 2927 145 25 Ridderskapet
2544 2926 38 18 och
2603 2924 61 20 Adeln
2689 2927 51 17 samt
2767 2919 151 41 Prestaständet
2940 2921 121 20 beträffande
3075 2920 62 20 Jenna

2326 2955 82 19 aragraf.
2496 2966 2 2 E
2817 2961 1 11 |

2312 2960 12 20 E
2359 2960 156 45 Pnidderskapet
2529 2978 37 20 och
2582 2978 60 20 Adeln
2658 2980 51 17 samt
2723 2973 147 23 Bondeståndet
2884 2974 91 26 inbjudas
2990 2976 28 18 att
3031 2974 67 19 förena
3109 2973 28 25 sig

2314 3014 31 13 om
2366 3008 63 19 denna
2450 3005 100 27 paragraf,
2570 3004 61 20 sådan
2648 3004 38 20 den
2703 3005 5 18 i
2723 3003 134 20 betänkandet
2871 3002 78 25 intagits
2964 3004 52 17 samt
3030 3001 19 19 af
3061 3001 78 19 Presta-

2314 3034 37 20 och
2365 3032 169 27 Borgarestånden
2550 3031 102 26 godkänts.
