1003 1686
177 147 44 34 1090
390 150 71 22 Nädiga
473 150 140 23 Propositionen
626 150 35 17 N:o
674 150 28 16 33.

180 202 34 22 tet,
230 200 46 19 eller
291 199 40 26 röja
345 200 24 18 de
383 200 56 18 öfver
453 199 75 19 hufvud
542 198 63 26 någon
620 198 38 25 håg
672 201 28 16 att
717 203 47 21 egna
782 198 31 25 sig
831 196 20 22 ät
865 199 58 19 sträf-

182 226 76 19 vanden
272 226 30 19 för
316 226 111 24 framtiden,
444 226 78 19 hvilken
537 226 30 18 för
581 225 45 19 dem
642 225 45 19 icke
703 225 82 19 innebär
801 224 58 26 nägot
876 225 49 19 löfte

164 272 2 2 .
182 258 32 13 om
228 252 116 24 förbättring
358 252 20 19 af
390 251 58 21 deras
463 251 93 24 tillstånd;
572 252 38 19 och
624 250 253 25 donationsförhällandena,
894 250 32 20 sä-

183 278 49 19 dana
246 278 25 19 de
285 284 25 13 nu
326 277 110 26 förefinnas,
453 280 50 17 sätta
517 278 80 19 derföre
611 278 69 19 hinder
693 278 5 18 i
714 279 63 22 vägen
792 278 29 18 för
835 278 24 19 all
875 277 50 20 både

182 304 94 20 materiell
292 304 38 20 och
344 304 65 25 andlig
423 305 100 19 förkolran
539 305 35 18 hos
584 309 24 14 en
619 303 125 26 tjugundedel
754 303 20 20 af
783 304 42 19 hela
835 304 91 19 Finlands

180 331 119 25 befolkning.

235 357 28 19 Då
280 357 163 20 Stats-Utskottet
458 357 36 19 fått
511 357 3 18 i
528 357 88 25 uppdrag
631 358 27 17 att
672 359 52 23 yttra
739 356 29 25 sig
783 361 31 14 om
829 356 25 19 de
867 356 6 19 i
887 356 38 19 den

181 383 74 24 Nådiga
271 384 147 25 propositionen
432 383 109 26 föreslagne
555 383 115 25 åtgärderna
685 382 25 19 till
721 382 133 20 förbättrande
863 383 21 18 af
891 382 35 19 do-

182 410 185 25 nationsallmogens
381 410 123 19 omförmålte
518 409 122 26 belägenhet,
656 409 36 19 har
706 409 111 24 Utskottet,
837 409 46 19 med
899 408 28 19 af-

182 436 73 19 seende
269 436 11 19 å
296 436 25 19 de
336 437 5 18 i
356 436 52 19 detta
416 439 58 16 ämne
483 436 103 19 utfärdade
595 435 137 24 väsendtligen
742 435 51 19 olika
805 435 122 25 stadganden

181 462 28 19 uti
225 462 49 19 4817
291 463 38 18 och
344 462 51 19 1826
410 461 32 20 års
455 462 134 25 förordningar
598 462 38 18 och
646 461 5 18 i
661 461 211 19 ofverensstämmelse
881 461 46 20 med

182 488 37 19 den
237 489 20 18 af
273 487 100 26 Vålloflige
392 487 166 26 Borgareständet
575 487 32 20 vid
628 487 92 20 ärendets
740 487 140 20 remitterande
900 487 27 20 till

183 514 100 19 Utskottet
299 514 70 19 derom
387 514 87 20 uttalade
491 513 60 26 åsigt,
571 516 67 21 ansett
653 514 49 19 dess
719 513 101 25 åliggande
838 519 47 14 vara
899 517 29 16 att

181 539 74 25 jemväl
270 540 47 19 söka
332 540 112 20 införskaffa
454 541 104 24 utredning
567 539 101 26 angående
678 539 187 26 donationsgodsens
873 538 55 27 jord-

183 568 56 17 natur
253 568 52 17 samt
319 566 37 19 den
371 566 123 26 rättsgrund,
511 565 75 26 hvarpå
604 565 59 20 deras
680 565 127 20 innehafvare
824 565 56 20 stöda
896 566 31 20 -sin

183 592 104 26 besittning
301 593 20 18 af
333 592 107 20 desamma.

237 619 100 19 Utskottet
351 619 35 19 har
400 619 76 19 derföre
491 619 27 19 uti
533 617 122 26 underdånig
670 618 106 20 skrifvelse
794 618 37 19 Jen
849 619 80 20 13:No-

183 645 84 20 vember
281 645 84 20 sistlidet
379 645 22 20 är
415 646 37 18 hos
466 646 63 19 Hans
544 644 133 26 Kejserliga
691 645 111 24 Majestät
812 644 79 21 anhållit
899 648 29 17 att

183 670 18 20 få
216 671 30 20 del
262 670 17 25 ej
294 671 76 20 mindre
385 672 20 19 af
416 671 34 20 det
463 671 106 25 utlåtande,
589 677 43 14 som
650 671 102 20 aflemnats
766 672 21 19 af
799 672 129 19 förenämnde

183 697 38 20 den
236 699 23 18 13
274 698 78 19 Januari
368 698 50 19 1825
433 697 83 26 Nädigst
530 698 80 19 tillsatte
624 697 140 26 kommission,
781 699 22 17 än
819 697 36 20 ock
870 698 19 19 af
903 698 24 19 de

184 723 120 26 hendlingar,
320 723 25 25 pä
360 724 66 19 hvilka
440 724 52 19 detta
506 724 101 19 utlåtande
620 724 51 19 varit
684 724 105 25 grundalt;
800 729 45 14 men
857 729 71 20 genom

186 750 97 19 Allmänna
297 750 289 20 Referendariesekreterarens
600 751 4 19 i
620 749 107 26 Kejserliga
742 751 85 19 Senaten
837 750 92 20 skrifvel-

183 781 23 14 se
219 776 39 19 den
273 776 25 19 15
312 776 103 19 nästvikne
430 777 92 19 Februari
537 776 127 21 meddelades
683 776 101 20 Utskottet
799 776 142 20 underrättel-
934 772 10 35 .

185 808 29 18 se,
231 805 27 16 alt
273 803 62 19 Hans
349 801 112 26 Majestät
475 802 114 25 Kejsaren
604 803 4 20 i
622 802 66 21 Näder
702 803 44 20 icke
764 803 64 19 funnit
844 803 41 20 skäl
900 803 28 20 bi-

185 829 43 19 falla
243 829 173 19 Stats-Utskottets
430 830 91 24 uppgifne
536 829 131 25 underdäniga
682 829 96 20 anhällan.

236 854 90 21 Emedan
342 855 99 20 Utskottet
455 855 80 20 sålunda
550 855 44 20 icke
608 855 37 20 fått
660 858 43 22 taga
718 856 113 19 kännedom
847 856 21 20 af
881 857 48 19 han-

184 880 81 26 dlingar,
282 886 43 15 som
341 882 62 19 skulle
417 881 63 21 lemna
496 883 89 18 närmare
596 882 118 26 upplysning
731 888 33 14 om
779 882 25 20 de
817 882 69 26 vilkor,
902 882 25 26 på

184 908 65 18 hvilka
264 907 60 20 dessa
339 908 115 26 förläningar
468 908 62 19 blifvit
544 908 51 25 gifne
610 909 26 19 till
654 908 24 19 de
696 909 135 25 ursprunglige
848 909 81 20 donata-

183 933 72 25 rierne,
267 934 72 26 nödgas
354 934 101 20 Utskottet
468 934 70 20 afhålla
553 935 29 25 sig
597 934 40 20 från
651 935 32 19 allt
693 934 99 21 utlåtande
804 936 76 24 derom,
892 936 36 19 hu-

183 960 69 19 ruvida
267 960 197 20 donationsbrefvens
479 960 84 21 innehåll
579 961 66 19 kunde
660 961 52 25 gifva
730 962 105 25 anledning
851 965 28 17 att
893 968 36 14 nu-

183 991 55 14 mera
255 987 46 24 göra
319 986 74 20 skilnad
412 988 82 19 emellan
511 987 25 20 de
553 988 96 19 särskilda
667 987 240 26 donationslägenheterna
923 989 5 18 i

183 1012 94 19 afseende
291 1012 10 19 å
314 1011 126 26 jordnaturen
454 1015 38 18 och
506 1013 38 20 den
558 1013 119 26 rättsgrund,
690 1013 76 26 hvarpå
780 1014 25 19 de
814 1015 114 20 nuvarande

183 1043 96 19 egarenes
293 1039 106 24 besittning
413 1040 69 19 hvilar.
511 1040 42 19 Men
569 1040 64 19 ehuru
646 1040 166 20 Stats-Utskottet
822 1041 44 19 icke
876 1041 51 19 varit

184 1064 5 19 i
203 1064 73 19 tillfälle
289 1067 29 17 att
331 1065 43 24 ingå
389 1066 5 18 i
410 1066 87 25 pröfning
511 1066 20 19 af
544 1065 70 25 sjelfva
628 1066 124 25 rättsfrågan,
765 1067 70 19 tvekar
845 1067 83 20 Utskot-

184 1092 28 17 tet
225 1090 59 20 likväl
299 1091 45 19 icke
358 1094 28 16 att
399 1092 45 19 med
460 1092 43 19 stöd
518 1092 20 19 af
550 1092 26 19 de
584 1091 108 21 bestående
703 1092 146 21 förhållandena
859 1094 69 19 aflem-

183 1121 24 14 na
221 1117 91 25 yttrande
327 1123 33 13 om
373 1117 38 20 den
426 1117 73 26 Nådiga
513 1118 153 25 propositionen,
682 1120 30 18 för
725 1121 28 17 att
767 1119 80 25 bidraga
862 1120 25 20 till
903 1126 24 13 en

183 1147 46 14 snar
243 1143 74 25 lösning
331 1144 22 19 af
364 1144 130 20 förevarande
508 1144 60 26 fråga,
584 1145 20 18 af
617 1145 59 19 hvars
685 1144 72 27 utgång
766 1146 108 25 allmogens
886 1146 5 19 i
901 1152 26 14 en

184 1168 109 20 vidsträckt
307 1170 88 19 landsort
413 1171 78 19 framtid
509 1170 57 21 beror
584 1171 37 19 och
639 1176 43 14 som
700 1172 112 25 derigenom
827 1173 58 19 äfven
901 1172 25 26 på

183 1194 33 20 det
229 1197 100 19 närmaste
342 1196 60 20 berör
416 1198 42 18 hela
473 1198 77 19 landets
563 1197 109 25 intressen;
692 1199 38 18 och
748 1198 60 31 hyser
826 1199 101 20 Utskottet

182 1221 60 19 äfven
256 1222 38 18 den
321 1222 127 26 fvertygelse,
465 1226 28 16 att
508 1230 32 12 om
555 1224 36 18 ock
606 1224 62 18 denna
687 1225 104 25 rättsfråga
806 1224 79 25 gjordes
900 1226 26 19 till

183 1246 79 20 föremål
278 1247 29 19 för
321 1247 151 26 undersökning,
490 1249 65 19 kunde
570 1249 89 25 dermed,
675 1250 77 19 oafsedt
767 1256 24 14 en
800 1250 127 27 oberäknelig

183 1272 118 46 Tis,
321 1273 59 20 likväl
398 1274 33 19 Jet
448 1274 88 20 rubbade
553 1275 170 20 rättsförhällande
742 1276 45 19 icke
803 1282 55 14 mera
875 1276 52 20 äter-

182 1299 73 19 ställas.

235 1326 170 26 Stats-Utskottet,
429 1333 42 13 som
489 1328 5 18 i
512 1328 98 19 anseende
627 1328 27 20 till
668 1328 209 27 donationsallmogens
892 1330 34 20 be-

182 1351 91 25 lägenhet
287 1352 57 26 utgår
358 1353 42 19 från
414 1354 38 19 Jen
467 1353 57 26 äsigt,
541 1357 28 16 att
583 1354 90 26 åtgärder
687 1356 29 18 för
733 1358 29 17 att
775 1356 73 20 bereda
863 1356 63 21 denna

182 1378 82 25 allmoge
279 1379 94 19 säkerhet
386 1380 5 19 i
408 1379 128 27 besittningen
554 1381 21 19 af
586 1380 48 20 dess
648 1381 89 21 ähoende
751 1382 112 26 lägenheter
877 1386 48 17 utan

183 1403 40 31 fara
243 1405 29 18 för
292 1405 112 26 godtycklig
425 1406 107 27 förhöjning
552 1407 21 19 af
591 1408 100 25 utlagorna
708 1409 63 20 borde
788 1408 137 28 ofördröjligen

181 1430 96 26 vidtagas,
299 1431 36 20 har
354 1432 44 20 icke
415 1433 73 20 kunnat
504 1433 101 20 underlåta
622 1437 28 16 att
663 1437 44 22 taga
723 1435 5 19 i
743 1435 135 27 betraktande,
895 1439 28 17 att
