<?xml version="1.0" encoding="UTF-8"?>
<alto xmlns="http://www.loc.gov/standards/alto/ns-v3#" xmlns:xlink="http://www.w3.org/1999/xlink" xmlns:xsi="http://www.w3.org/2001/XMLSchema-instance" xsi:schemaLocation="http://www.loc.gov/standards/alto/ns-v3# http://www.loc.gov/alto/v3/alto-3-0.xsd">
	<Description>
		<MeasurementUnit>pixel</MeasurementUnit>
		<sourceImageInformation>
			<fileName>/tmp/tess_jc4o2y1d_input.PNG</fileName>
		</sourceImageInformation>
		<OCRProcessing ID="OCR_0">
			<ocrProcessingStep>
				<processingSoftware>
					<softwareName>tesseract 5.3.4</softwareName>
				</processingSoftware>
			</ocrProcessingStep>
		</OCRProcessing>
	</Description>
	<Layout>
		<Page WIDTH="992" HEIGHT="1689" PHYSICAL_IMG_NR="0" ID="page_0">
			<PrintSpace HPOS="0" VPOS="0" WIDTH="992" HEIGHT="1689">
				<ComposedBlock ID="cblock_0" HPOS="188" VPOS="150" WIDTH="531" HEIGHT="25">
					<TextBlock ID="block_0" HPOS="188" VPOS="150" WIDTH="531" HEIGHT="25">
						<TextLine ID="line_0" HPOS="188" VPOS="150" WIDTH="531" HEIGHT="25">
							<String ID="string_0" HPOS="188" VPOS="151" WIDTH="46" HEIGHT="20" WC="0.96" CONTENT="1218"/><SP WIDTH="171" VPOS="151" HPOS="234"/>
							<String ID="string_1" HPOS="405" VPOS="151" WIDTH="72" HEIGHT="22" WC="0.90" CONTENT="Nådiga"/><SP WIDTH="12" VPOS="151" HPOS="477"/>
							<String ID="string_2" HPOS="489" VPOS="151" WIDTH="140" HEIGHT="24" WC="0.96" CONTENT="Propositionen"/><SP WIDTH="13" VPOS="151" HPOS="629"/>
							<String ID="string_3" HPOS="642" VPOS="150" WIDTH="37" HEIGHT="18" WC="0.95" CONTENT="N:o"/><SP WIDTH="12" VPOS="150" HPOS="679"/>
							<String ID="string_4" HPOS="691" VPOS="151" WIDTH="28" HEIGHT="18" WC="0.96" CONTENT="38."/>
						</TextLine>
					</TextBlock>
				</ComposedBlock>
				<ComposedBlock ID="cblock_1" HPOS="189" VPOS="199" WIDTH="744" HEIGHT="73">
					<TextBlock ID="block_1" HPOS="189" VPOS="199" WIDTH="744" HEIGHT="73">
						<TextLine ID="line_1" HPOS="189" VPOS="199" WIDTH="740" HEIGHT="25">
							<String ID="string_5" HPOS="189" VPOS="201" WIDTH="34" HEIGHT="19" WC="0.96" CONTENT="het"/><SP WIDTH="14" VPOS="201" HPOS="223"/>
							<String ID="string_6" HPOS="237" VPOS="200" WIDTH="47" HEIGHT="20" WC="0.96" CONTENT="med"/><SP WIDTH="13" VPOS="200" HPOS="284"/>
							<String ID="string_7" HPOS="297" VPOS="199" WIDTH="85" HEIGHT="22" WC="0.96" CONTENT="berörde"/><SP WIDTH="14" VPOS="199" HPOS="382"/>
							<String ID="string_8" HPOS="396" VPOS="200" WIDTH="122" HEIGHT="20" WC="0.96" CONTENT="föreskrifter"/><SP WIDTH="14" VPOS="200" HPOS="518"/>
							<String ID="string_9" HPOS="532" VPOS="200" WIDTH="118" HEIGHT="24" WC="0.96" CONTENT="förvandlas,"/><SP WIDTH="16" VPOS="200" HPOS="650"/>
							<String ID="string_10" HPOS="666" VPOS="199" WIDTH="22" HEIGHT="20" WC="0.93" CONTENT="så"/><SP WIDTH="14" VPOS="199" HPOS="688"/>
							<String ID="string_11" HPOS="702" VPOS="199" WIDTH="59" HEIGHT="20" WC="0.93" CONTENT="framt"/><SP WIDTH="14" VPOS="199" HPOS="761"/>
							<String ID="string_12" HPOS="775" VPOS="199" WIDTH="17" HEIGHT="25" WC="0.95" CONTENT="ej"/><SP WIDTH="16" VPOS="199" HPOS="792"/>
							<String ID="string_13" HPOS="808" VPOS="199" WIDTH="76" HEIGHT="20" WC="0.93" CONTENT="straffet"/><SP WIDTH="14" VPOS="199" HPOS="884"/>
							<String ID="string_14" HPOS="898" VPOS="205" WIDTH="31" HEIGHT="19" WC="0.92" CONTENT="ge-"/>
						</TextLine>
						<TextLine ID="line_2" HPOS="189" VPOS="225" WIDTH="744" HEIGHT="26">
							<String ID="string_15" HPOS="189" VPOS="231" WIDTH="48" HEIGHT="14" WC="0.96" CONTENT="nom"/><SP WIDTH="19" VPOS="231" HPOS="237"/>
							<String ID="string_16" HPOS="256" VPOS="225" WIDTH="86" HEIGHT="22" WC="0.96" CONTENT="särskild"/><SP WIDTH="20" VPOS="225" HPOS="342"/>
							<String ID="string_17" HPOS="362" VPOS="225" WIDTH="121" HEIGHT="26" WC="0.96" CONTENT="förvandling"/><SP WIDTH="20" VPOS="225" HPOS="483"/>
							<String ID="string_18" HPOS="503" VPOS="226" WIDTH="19" HEIGHT="19" WC="0.96" CONTENT="af"/><SP WIDTH="21" VPOS="226" HPOS="522"/>
							<String ID="string_19" HPOS="543" VPOS="226" WIDTH="97" HEIGHT="19" WC="0.93" CONTENT="hvardera"/><SP WIDTH="21" VPOS="226" HPOS="640"/>
							<String ID="string_20" HPOS="661" VPOS="226" WIDTH="149" HEIGHT="25" WC="0.91" CONTENT="bötesbeloppet"/><SP WIDTH="20" VPOS="226" HPOS="810"/>
							<String ID="string_21" HPOS="830" VPOS="225" WIDTH="103" HEIGHT="25" WC="0.96" CONTENT="lindrigare"/>
						</TextLine>
						<TextLine ID="line_3" HPOS="189" VPOS="252" WIDTH="85" HEIGHT="20">
							<String ID="string_22" HPOS="189" VPOS="252" WIDTH="85" HEIGHT="20" WC="0.95" CONTENT="utfaller."/>
						</TextLine>
					</TextBlock>
				</ComposedBlock>
				<ComposedBlock ID="cblock_2" HPOS="190" VPOS="305" WIDTH="746" HEIGHT="380">
					<TextBlock ID="block_2" HPOS="530" VPOS="305" WIDTH="56" HEIGHT="28">
						<TextLine ID="line_4" HPOS="530" VPOS="305" WIDTH="56" HEIGHT="28">
							<String ID="string_23" HPOS="530" VPOS="305" WIDTH="11" HEIGHT="26" WC="0.93" CONTENT="$"/><SP WIDTH="14" VPOS="305" HPOS="541"/>
							<String ID="string_24" HPOS="555" VPOS="306" WIDTH="31" HEIGHT="27" WC="0.76" CONTENT="91."/>
						</TextLine>
					</TextBlock>
					<TextBlock ID="block_3" HPOS="190" VPOS="342" WIDTH="746" HEIGHT="343">
						<TextLine ID="line_5" HPOS="243" VPOS="342" WIDTH="691" HEIGHT="27">
							<String ID="string_25" HPOS="243" VPOS="344" WIDTH="41" HEIGHT="19" WC="0.96" CONTENT="Alla"/><SP WIDTH="14" VPOS="344" HPOS="284"/>
							<String ID="string_26" HPOS="298" VPOS="343" WIDTH="6" HEIGHT="19" WC="0.96" CONTENT="i"/><SP WIDTH="14" VPOS="343" HPOS="304"/>
							<String ID="string_27" HPOS="318" VPOS="343" WIDTH="63" HEIGHT="19" WC="0.96" CONTENT="denna"/><SP WIDTH="14" VPOS="343" HPOS="381"/>
							<String ID="string_28" HPOS="395" VPOS="342" WIDTH="110" HEIGHT="27" WC="0.93" CONTENT="förordning"/><SP WIDTH="15" VPOS="342" HPOS="505"/>
							<String ID="string_29" HPOS="520" VPOS="342" WIDTH="118" HEIGHT="20" WC="0.88" CONTENT="omnämnde"/><SP WIDTH="13" VPOS="342" HPOS="638"/>
							<String ID="string_30" HPOS="651" VPOS="342" WIDTH="39" HEIGHT="20" WC="0.95" CONTENT="mål"/><SP WIDTH="15" VPOS="342" HPOS="690"/>
							<String ID="string_31" HPOS="705" VPOS="343" WIDTH="54" HEIGHT="19" WC="0.96" CONTENT="skola"/><SP WIDTH="14" VPOS="343" HPOS="759"/>
							<String ID="string_32" HPOS="773" VPOS="343" WIDTH="21" HEIGHT="18" WC="0.93" CONTENT="af"/><SP WIDTH="9" VPOS="343" HPOS="794"/>
							<String ID="string_33" HPOS="803" VPOS="342" WIDTH="131" HEIGHT="19" WC="0.91" CONTENT="vederböran-"/>
						</TextLine>
						<TextLine ID="line_6" HPOS="190" VPOS="368" WIDTH="743" HEIGHT="27">
							<String ID="string_34" HPOS="190" VPOS="370" WIDTH="26" HEIGHT="20" WC="0.96" CONTENT="de"/><SP WIDTH="12" VPOS="370" HPOS="216"/>
							<String ID="string_35" HPOS="228" VPOS="370" WIDTH="113" HEIGHT="20" WC="0.96" CONTENT="Domstolar"/><SP WIDTH="14" VPOS="370" HPOS="341"/>
							<String ID="string_36" HPOS="355" VPOS="369" WIDTH="38" HEIGHT="20" WC="0.96" CONTENT="och"/><SP WIDTH="14" VPOS="369" HPOS="393"/>
							<String ID="string_37" HPOS="407" VPOS="369" WIDTH="134" HEIGHT="26" WC="0.96" CONTENT="Myndigheter"/><SP WIDTH="17" VPOS="369" HPOS="541"/>
							<String ID="string_38" HPOS="558" VPOS="369" WIDTH="46" HEIGHT="19" WC="0.93" CONTENT="med"/><SP WIDTH="18" VPOS="369" HPOS="604"/>
							<String ID="string_39" HPOS="622" VPOS="369" WIDTH="143" HEIGHT="25" WC="0.91" CONTENT="skyndsamhet"/><SP WIDTH="16" VPOS="369" HPOS="765"/>
							<String ID="string_40" HPOS="781" VPOS="370" WIDTH="38" HEIGHT="18" WC="0.96" CONTENT="och"/><SP WIDTH="17" VPOS="370" HPOS="819"/>
							<String ID="string_41" HPOS="836" VPOS="368" WIDTH="47" HEIGHT="20" WC="0.92" CONTENT="drift"/><SP WIDTH="17" VPOS="368" HPOS="883"/>
							<String ID="string_42" HPOS="900" VPOS="369" WIDTH="33" HEIGHT="19" WC="0.90" CONTENT="be-"/>
						</TextLine>
						<TextLine ID="line_7" HPOS="190" VPOS="395" WIDTH="741" HEIGHT="26">
							<String ID="string_43" HPOS="190" VPOS="397" WIDTH="81" HEIGHT="19" WC="0.96" CONTENT="handlas"/><SP WIDTH="15" VPOS="397" HPOS="271"/>
							<String ID="string_44" HPOS="286" VPOS="397" WIDTH="37" HEIGHT="18" WC="0.96" CONTENT="och"/><SP WIDTH="14" VPOS="397" HPOS="323"/>
							<String ID="string_45" HPOS="337" VPOS="395" WIDTH="27" HEIGHT="20" WC="0.96" CONTENT="till"/><SP WIDTH="14" VPOS="395" HPOS="364"/>
							<String ID="string_46" HPOS="378" VPOS="396" WIDTH="44" HEIGHT="25" WC="0.96" CONTENT="laga"/><SP WIDTH="15" VPOS="396" HPOS="422"/>
							<String ID="string_47" HPOS="437" VPOS="396" WIDTH="39" HEIGHT="19" WC="0.93" CONTENT="slut"/><SP WIDTH="14" VPOS="396" HPOS="476"/>
							<String ID="string_48" HPOS="490" VPOS="395" WIDTH="109" HEIGHT="25" WC="0.91" CONTENT="befordras,"/><SP WIDTH="16" VPOS="395" HPOS="599"/>
							<String ID="string_49" HPOS="615" VPOS="395" WIDTH="5" HEIGHT="19" WC="0.96" CONTENT="i"/><SP WIDTH="15" VPOS="395" HPOS="620"/>
							<String ID="string_50" HPOS="635" VPOS="395" WIDTH="74" HEIGHT="20" WC="0.96" CONTENT="hvilket"/><SP WIDTH="14" VPOS="395" HPOS="709"/>
							<String ID="string_51" HPOS="723" VPOS="395" WIDTH="93" HEIGHT="20" WC="0.93" CONTENT="afseende"/><SP WIDTH="10" VPOS="395" HPOS="816"/>
							<String ID="string_52" HPOS="826" VPOS="395" WIDTH="49" HEIGHT="20" WC="0.91" CONTENT="slika"/><SP WIDTH="10" VPOS="395" HPOS="875"/>
							<String ID="string_53" HPOS="885" VPOS="395" WIDTH="46" HEIGHT="25" WC="0.96" CONTENT="mål,"/>
						</TextLine>
						<TextLine ID="line_8" HPOS="190" VPOS="421" WIDTH="743" HEIGHT="26">
							<String ID="string_54" HPOS="190" VPOS="422" WIDTH="24" HEIGHT="21" WC="0.96" CONTENT="då"/><SP WIDTH="18" VPOS="422" HPOS="214"/>
							<String ID="string_55" HPOS="232" VPOS="423" WIDTH="24" HEIGHT="19" WC="0.96" CONTENT="de"/><SP WIDTH="18" VPOS="423" HPOS="256"/>
							<String ID="string_56" HPOS="274" VPOS="422" WIDTH="24" HEIGHT="25" WC="0.96" CONTENT="pä"/><SP WIDTH="15" VPOS="422" HPOS="298"/>
							<String ID="string_57" HPOS="313" VPOS="422" WIDTH="65" HEIGHT="20" WC="0.96" CONTENT="landet"/><SP WIDTH="14" VPOS="422" HPOS="378"/>
							<String ID="string_58" HPOS="392" VPOS="421" WIDTH="131" HEIGHT="23" WC="0.77" CONTENT="förekomma"/><SP WIDTH="-6" VPOS="421" HPOS="523"/>
							<String ID="string_59" HPOS="517" VPOS="417" WIDTH="14" HEIGHT="34" WC="0.66" CONTENT=",&#39;"/><SP WIDTH="12" VPOS="417" HPOS="531"/>
							<String ID="string_60" HPOS="543" VPOS="423" WIDTH="47" HEIGHT="18" WC="0.96" CONTENT="böra"/><SP WIDTH="17" VPOS="423" HPOS="590"/>
							<String ID="string_61" HPOS="607" VPOS="425" WIDTH="68" HEIGHT="22" WC="0.96" CONTENT="genast"/><SP WIDTH="21" VPOS="425" HPOS="675"/>
							<String ID="string_62" HPOS="696" VPOS="422" WIDTH="50" HEIGHT="19" WC="0.96" CONTENT="efter"/><SP WIDTH="17" VPOS="422" HPOS="746"/>
							<String ID="string_63" HPOS="763" VPOS="421" WIDTH="61" HEIGHT="20" WC="0.96" CONTENT="skedd"/><SP WIDTH="19" VPOS="421" HPOS="824"/>
							<String ID="string_64" HPOS="843" VPOS="422" WIDTH="90" HEIGHT="19" WC="0.95" CONTENT="anmälan"/>
						</TextLine>
						<TextLine ID="line_9" HPOS="190" VPOS="447" WIDTH="744" HEIGHT="27">
							<String ID="string_65" HPOS="190" VPOS="449" WIDTH="106" HEIGHT="25" WC="0.96" CONTENT="företagas,"/><SP WIDTH="16" VPOS="449" HPOS="296"/>
							<String ID="string_66" HPOS="312" VPOS="449" WIDTH="38" HEIGHT="18" WC="0.96" CONTENT="och"/><SP WIDTH="14" VPOS="449" HPOS="350"/>
							<String ID="string_67" HPOS="364" VPOS="447" WIDTH="56" HEIGHT="20" WC="0.96" CONTENT="såväl"/><SP WIDTH="15" VPOS="447" HPOS="420"/>
							<String ID="string_68" HPOS="435" VPOS="451" WIDTH="66" HEIGHT="22" WC="0.51" CONTENT="parter"/><SP WIDTH="14" VPOS="451" HPOS="501"/>
							<String ID="string_69" HPOS="515" VPOS="454" WIDTH="44" HEIGHT="14" WC="0.51" CONTENT=".som"/><SP WIDTH="16" VPOS="454" HPOS="559"/>
							<String ID="string_70" HPOS="575" VPOS="448" WIDTH="72" HEIGHT="19" WC="0.96" CONTENT="vittnen"/><SP WIDTH="15" VPOS="448" HPOS="647"/>
							<String ID="string_71" HPOS="662" VPOS="454" WIDTH="33" HEIGHT="13" WC="0.96" CONTENT="om"/><SP WIDTH="13" VPOS="454" HPOS="695"/>
							<String ID="string_72" HPOS="708" VPOS="449" WIDTH="25" HEIGHT="19" WC="0.96" CONTENT="de"/><SP WIDTH="10" VPOS="449" HPOS="733"/>
							<String ID="string_73" HPOS="743" VPOS="447" WIDTH="17" HEIGHT="26" WC="0.96" CONTENT="ej"/><SP WIDTH="11" VPOS="447" HPOS="760"/>
							<String ID="string_74" HPOS="771" VPOS="448" WIDTH="111" HEIGHT="19" WC="0.93" CONTENT="hörsamma"/><SP WIDTH="10" VPOS="448" HPOS="882"/>
							<String ID="string_75" HPOS="892" VPOS="448" WIDTH="42" HEIGHT="20" WC="0.91" CONTENT="kal-"/>
						</TextLine>
						<TextLine ID="line_10" HPOS="191" VPOS="474" WIDTH="742" HEIGHT="26">
							<String ID="string_76" HPOS="191" VPOS="476" WIDTH="55" HEIGHT="24" WC="0.92" CONTENT="lelse,"/><SP WIDTH="15" VPOS="476" HPOS="246"/>
							<String ID="string_77" HPOS="261" VPOS="478" WIDTH="48" HEIGHT="17" WC="0.96" CONTENT="utan"/><SP WIDTH="15" VPOS="478" HPOS="309"/>
							<String ID="string_78" HPOS="324" VPOS="474" WIDTH="67" HEIGHT="20" WC="0.93" CONTENT="vidare"/><SP WIDTH="14" VPOS="474" HPOS="391"/>
							<String ID="string_79" HPOS="405" VPOS="475" WIDTH="92" HEIGHT="24" WC="0.92" CONTENT="uppskof,"/><SP WIDTH="15" VPOS="475" HPOS="497"/>
							<String ID="string_80" HPOS="512" VPOS="475" WIDTH="25" HEIGHT="25" WC="0.96" CONTENT="på"/><SP WIDTH="16" VPOS="475" HPOS="537"/>
							<String ID="string_81" HPOS="553" VPOS="480" WIDTH="47" HEIGHT="19" WC="0.84" CONTENT="esen"/><SP WIDTH="11" VPOS="480" HPOS="600"/>
							<String ID="string_82" HPOS="611" VPOS="475" WIDTH="116" HEIGHT="24" WC="0.92" CONTENT="bekostnad,"/><SP WIDTH="13" VPOS="475" HPOS="727"/>
							<String ID="string_83" HPOS="740" VPOS="474" WIDTH="88" HEIGHT="25" WC="0.92" CONTENT="tjenligen"/><SP WIDTH="11" VPOS="474" HPOS="828"/>
							<String ID="string_84" HPOS="839" VPOS="474" WIDTH="94" HEIGHT="25" WC="0.96" CONTENT="inställas,"/>
						</TextLine>
						<TextLine ID="line_11" HPOS="192" VPOS="500" WIDTH="741" HEIGHT="25">
							<String ID="string_85" HPOS="192" VPOS="504" WIDTH="52" HEIGHT="17" WC="0.96" CONTENT="samt"/><SP WIDTH="14" VPOS="504" HPOS="244"/>
							<String ID="string_86" HPOS="258" VPOS="500" WIDTH="148" HEIGHT="21" WC="0.39" CONTENT="vederbörande"/><SP WIDTH="14" VPOS="500" HPOS="406"/>
							<String ID="string_87" HPOS="420" VPOS="501" WIDTH="81" HEIGHT="19" WC="0.94" CONTENT="domare"/><SP WIDTH="16" VPOS="501" HPOS="501"/>
							<String ID="string_88" HPOS="517" VPOS="507" WIDTH="46" HEIGHT="14" WC="0.93" CONTENT="vara"/><SP WIDTH="14" VPOS="507" HPOS="563"/>
							<String ID="string_89" HPOS="577" VPOS="501" WIDTH="67" HEIGHT="24" WC="0.92" CONTENT="pligtig"/><SP WIDTH="14" VPOS="501" HPOS="644"/>
							<String ID="string_90" HPOS="658" VPOS="503" WIDTH="28" HEIGHT="17" WC="0.96" CONTENT="att"/><SP WIDTH="13" VPOS="503" HPOS="686"/>
							<String ID="string_91" HPOS="699" VPOS="501" WIDTH="58" HEIGHT="19" WC="0.96" CONTENT="äfven"/><SP WIDTH="11" VPOS="501" HPOS="757"/>
							<String ID="string_92" HPOS="768" VPOS="500" WIDTH="30" HEIGHT="19" WC="0.93" CONTENT="vid"/><SP WIDTH="11" VPOS="500" HPOS="798"/>
							<String ID="string_93" HPOS="809" VPOS="501" WIDTH="124" HEIGHT="20" WC="0.86" CONTENT="förefallarde"/>
						</TextLine>
						<TextLine ID="line_12" HPOS="191" VPOS="526" WIDTH="744" HEIGHT="27">
							<String ID="string_94" HPOS="191" VPOS="527" WIDTH="77" HEIGHT="20" WC="0.92" CONTENT="Urtima"/><SP WIDTH="14" VPOS="527" HPOS="268"/>
							<String ID="string_95" HPOS="282" VPOS="527" WIDTH="40" HEIGHT="25" WC="0.96" CONTENT="ting"/><SP WIDTH="14" VPOS="527" HPOS="322"/>
							<String ID="string_96" HPOS="336" VPOS="526" WIDTH="38" HEIGHT="20" WC="0.92" CONTENT="mål"/><SP WIDTH="16" VPOS="526" HPOS="374"/>
							<String ID="string_97" HPOS="390" VPOS="527" WIDTH="20" HEIGHT="19" WC="0.93" CONTENT="af"/><SP WIDTH="13" VPOS="527" HPOS="410"/>
							<String ID="string_98" HPOS="423" VPOS="527" WIDTH="68" HEIGHT="20" WC="0.91" CONTENT="anförd"/><SP WIDTH="14" VPOS="527" HPOS="491"/>
							<String ID="string_99" HPOS="505" VPOS="527" WIDTH="137" HEIGHT="20" WC="0.93" CONTENT="beskaffenhet"/><SP WIDTH="14" VPOS="527" HPOS="642"/>
							<String ID="string_100" HPOS="656" VPOS="528" WIDTH="86" HEIGHT="25" WC="0.91" CONTENT="företaga"/><SP WIDTH="15" VPOS="528" HPOS="742"/>
							<String ID="string_101" HPOS="757" VPOS="527" WIDTH="37" HEIGHT="20" WC="0.96" CONTENT="och"/><SP WIDTH="18" VPOS="527" HPOS="794"/>
							<String ID="string_102" HPOS="812" VPOS="527" WIDTH="46" HEIGHT="20" WC="0.93" CONTENT="med"/><SP WIDTH="17" VPOS="527" HPOS="858"/>
							<String ID="string_103" HPOS="875" VPOS="528" WIDTH="60" HEIGHT="19" WC="0.92" CONTENT="behö-"/>
						</TextLine>
						<TextLine ID="line_13" HPOS="191" VPOS="552" WIDTH="744" HEIGHT="27">
							<String ID="string_104" HPOS="191" VPOS="554" WIDTH="37" HEIGHT="25" WC="0.92" CONTENT="rigt"/><SP WIDTH="14" VPOS="554" HPOS="228"/>
							<String ID="string_105" HPOS="242" VPOS="555" WIDTH="40" HEIGHT="18" WC="0.93" CONTENT="slut"/><SP WIDTH="14" VPOS="555" HPOS="282"/>
							<String ID="string_106" HPOS="296" VPOS="552" WIDTH="92" HEIGHT="26" WC="0.90" CONTENT="afhjelpa."/><SP WIDTH="29" VPOS="552" HPOS="388"/>
							<String ID="string_107" HPOS="417" VPOS="554" WIDTH="36" HEIGHT="25" WC="0.89" CONTENT="De,"/><SP WIDTH="16" VPOS="554" HPOS="453"/>
							<String ID="string_108" HPOS="469" VPOS="559" WIDTH="43" HEIGHT="14" WC="0.96" CONTENT="som"/><SP WIDTH="15" VPOS="559" HPOS="512"/>
							<String ID="string_109" HPOS="527" VPOS="555" WIDTH="5" HEIGHT="17" WC="0.96" CONTENT="i"/><SP WIDTH="15" VPOS="555" HPOS="532"/>
							<String ID="string_110" HPOS="547" VPOS="553" WIDTH="59" HEIGHT="20" WC="0.96" CONTENT="dessa"/><SP WIDTH="14" VPOS="553" HPOS="606"/>
							<String ID="string_111" HPOS="620" VPOS="553" WIDTH="38" HEIGHT="20" WC="0.96" CONTENT="mål"/><SP WIDTH="19" VPOS="553" HPOS="658"/>
							<String ID="string_112" HPOS="677" VPOS="559" WIDTH="60" HEIGHT="14" WC="0.93" CONTENT="anses"/><SP WIDTH="17" VPOS="559" HPOS="737"/>
							<String ID="string_113" HPOS="754" VPOS="553" WIDTH="87" HEIGHT="20" WC="0.91" CONTENT="förfallne"/><SP WIDTH="17" VPOS="553" HPOS="841"/>
							<String ID="string_114" HPOS="858" VPOS="554" WIDTH="27" HEIGHT="19" WC="0.92" CONTENT="till"/><SP WIDTH="17" VPOS="554" HPOS="885"/>
							<String ID="string_115" HPOS="902" VPOS="559" WIDTH="33" HEIGHT="14" WC="0.90" CONTENT="an-"/>
						</TextLine>
						<TextLine ID="line_14" HPOS="192" VPOS="578" WIDTH="743" HEIGHT="28">
							<String ID="string_116" HPOS="192" VPOS="586" WIDTH="54" HEIGHT="19" WC="0.96" CONTENT="svar,"/><SP WIDTH="16" VPOS="586" HPOS="246"/>
							<String ID="string_117" HPOS="262" VPOS="580" WIDTH="56" HEIGHT="19" WC="0.96" CONTENT="skola"/><SP WIDTH="14" VPOS="580" HPOS="318"/>
							<String ID="string_118" HPOS="332" VPOS="578" WIDTH="18" HEIGHT="26" WC="0.92" CONTENT="ej"/><SP WIDTH="15" VPOS="578" HPOS="350"/>
							<String ID="string_119" HPOS="365" VPOS="581" WIDTH="81" HEIGHT="18" WC="0.92" CONTENT="allenast"/><SP WIDTH="9" VPOS="581" HPOS="446"/>
							<String ID="string_120" HPOS="455" VPOS="580" WIDTH="49" HEIGHT="19" WC="0.96" CONTENT="efter"/><SP WIDTH="15" VPOS="580" HPOS="504"/>
							<String ID="string_121" HPOS="519" VPOS="580" WIDTH="70" HEIGHT="25" WC="0.92" CONTENT="skäligt"/><SP WIDTH="14" VPOS="580" HPOS="589"/>
							<String ID="string_122" HPOS="603" VPOS="580" WIDTH="134" HEIGHT="26" WC="0.92" CONTENT="bepröfvande"/><SP WIDTH="14" VPOS="580" HPOS="737"/>
							<String ID="string_123" HPOS="751" VPOS="581" WIDTH="73" HEIGHT="19" WC="0.96" CONTENT="ersätta"/><SP WIDTH="21" VPOS="581" HPOS="824"/>
							<String ID="string_124" HPOS="845" VPOS="579" WIDTH="90" HEIGHT="26" WC="0.96" CONTENT="åklagare"/>
						</TextLine>
						<TextLine ID="line_15" HPOS="192" VPOS="605" WIDTH="744" HEIGHT="27">
							<String ID="string_125" HPOS="192" VPOS="607" WIDTH="37" HEIGHT="19" WC="0.96" CONTENT="och"/><SP WIDTH="16" VPOS="607" HPOS="229"/>
							<String ID="string_126" HPOS="245" VPOS="606" WIDTH="75" HEIGHT="20" WC="0.96" CONTENT="vittnen"/><SP WIDTH="14" VPOS="606" HPOS="320"/>
							<String ID="string_127" HPOS="334" VPOS="605" WIDTH="59" HEIGHT="20" WC="0.96" CONTENT="deras"/><SP WIDTH="13" VPOS="605" HPOS="393"/>
							<String ID="string_128" HPOS="406" VPOS="606" WIDTH="6" HEIGHT="19" WC="0.96" CONTENT="i"/><SP WIDTH="14" VPOS="606" HPOS="412"/>
							<String ID="string_129" HPOS="426" VPOS="606" WIDTH="61" HEIGHT="20" WC="0.93" CONTENT="saken"/><SP WIDTH="14" VPOS="606" HPOS="487"/>
							<String ID="string_130" HPOS="501" VPOS="606" WIDTH="81" HEIGHT="25" WC="0.91" CONTENT="äbragte"/><SP WIDTH="13" VPOS="606" HPOS="582"/>
							<String ID="string_131" HPOS="595" VPOS="607" WIDTH="118" HEIGHT="24" WC="0.96" CONTENT="kostnader,"/><SP WIDTH="16" VPOS="607" HPOS="713"/>
							<String ID="string_132" HPOS="729" VPOS="609" WIDTH="46" HEIGHT="17" WC="0.96" CONTENT="utan"/><SP WIDTH="15" VPOS="609" HPOS="775"/>
							<String ID="string_133" HPOS="790" VPOS="606" WIDTH="47" HEIGHT="26" WC="0.96" CONTENT="ock,"/><SP WIDTH="16" VPOS="606" HPOS="837"/>
							<String ID="string_134" HPOS="853" VPOS="609" WIDTH="35" HEIGHT="17" WC="0.93" CONTENT="när"/><SP WIDTH="13" VPOS="609" HPOS="888"/>
							<String ID="string_135" HPOS="901" VPOS="607" WIDTH="35" HEIGHT="19" WC="0.91" CONTENT="do-"/>
						</TextLine>
						<TextLine ID="line_16" HPOS="191" VPOS="631" WIDTH="745" HEIGHT="28">
							<String ID="string_136" HPOS="191" VPOS="638" WIDTH="68" HEIGHT="14" WC="0.96" CONTENT="maren"/><SP WIDTH="15" VPOS="638" HPOS="259"/>
							<String ID="string_137" HPOS="274" VPOS="633" WIDTH="34" HEIGHT="19" WC="0.96" CONTENT="det"/><SP WIDTH="13" VPOS="633" HPOS="308"/>
							<String ID="string_138" HPOS="321" VPOS="631" WIDTH="66" HEIGHT="26" WC="0.96" CONTENT="äskar,"/><SP WIDTH="17" VPOS="631" HPOS="387"/>
							<String ID="string_139" HPOS="404" VPOS="633" WIDTH="58" HEIGHT="24" WC="0.96" CONTENT="enligt"/><SP WIDTH="14" VPOS="633" HPOS="462"/>
							<String ID="string_140" HPOS="476" VPOS="633" WIDTH="87" HEIGHT="24" WC="0.96" CONTENT="gällande"/><SP WIDTH="14" VPOS="633" HPOS="563"/>
							<String ID="string_141" HPOS="577" VPOS="635" WIDTH="54" HEIGHT="24" WC="0.96" CONTENT="taxa,"/><SP WIDTH="16" VPOS="635" HPOS="631"/>
							<String ID="string_142" HPOS="647" VPOS="633" WIDTH="62" HEIGHT="20" WC="0.96" CONTENT="utlösa"/><SP WIDTH="18" VPOS="633" HPOS="709"/>
							<String ID="string_143" HPOS="727" VPOS="633" WIDTH="36" HEIGHT="20" WC="0.96" CONTENT="alla"/><SP WIDTH="18" VPOS="633" HPOS="763"/>
							<String ID="string_144" HPOS="781" VPOS="633" WIDTH="26" HEIGHT="20" WC="0.95" CONTENT="till"/><SP WIDTH="17" VPOS="633" HPOS="807"/>
							<String ID="string_145" HPOS="824" VPOS="632" WIDTH="61" HEIGHT="21" WC="0.93" CONTENT="målet"/><SP WIDTH="17" VPOS="632" HPOS="885"/>
							<String ID="string_146" HPOS="902" VPOS="633" WIDTH="34" HEIGHT="19" WC="0.92" CONTENT="hö-"/>
						</TextLine>
						<TextLine ID="line_17" HPOS="192" VPOS="659" WIDTH="310" HEIGHT="26">
							<String ID="string_147" HPOS="192" VPOS="659" WIDTH="62" HEIGHT="20" WC="0.96" CONTENT="rande"/><SP WIDTH="13" VPOS="659" HPOS="254"/>
							<String ID="string_148" HPOS="267" VPOS="659" WIDTH="97" HEIGHT="26" WC="0.96" CONTENT="protokoll"/><SP WIDTH="16" VPOS="659" HPOS="364"/>
							<String ID="string_149" HPOS="380" VPOS="659" WIDTH="38" HEIGHT="19" WC="0.95" CONTENT="och"/><SP WIDTH="14" VPOS="659" HPOS="418"/>
							<String ID="string_150" HPOS="432" VPOS="659" WIDTH="70" HEIGHT="26" WC="0.95" CONTENT="utslag."/>
						</TextLine>
					</TextBlock>
				</ComposedBlock>
				<ComposedBlock ID="cblock_3" HPOS="535" VPOS="712" WIDTH="57" HEIGHT="25">
					<TextBlock ID="block_4" HPOS="535" VPOS="712" WIDTH="57" HEIGHT="25">
						<TextLine ID="line_18" HPOS="535" VPOS="712" WIDTH="57" HEIGHT="25">
							<String ID="string_151" HPOS="535" VPOS="712" WIDTH="11" HEIGHT="25" WC="0.93" CONTENT="$"/><SP WIDTH="13" VPOS="712" HPOS="546"/>
							<String ID="string_152" HPOS="559" VPOS="713" WIDTH="33" HEIGHT="20" WC="0.95" CONTENT="98."/>
						</TextLine>
					</TextBlock>
				</ComposedBlock>
				<ComposedBlock ID="cblock_4" HPOS="192" VPOS="749" WIDTH="746" HEIGHT="107">
					<TextBlock ID="block_5" HPOS="192" VPOS="749" WIDTH="746" HEIGHT="107">
						<TextLine ID="line_19" HPOS="245" VPOS="749" WIDTH="692" HEIGHT="28">
							<String ID="string_153" HPOS="245" VPOS="749" WIDTH="85" HEIGHT="21" WC="0.96" CONTENT="Landets"/><SP WIDTH="14" VPOS="749" HPOS="330"/>
							<String ID="string_154" HPOS="344" VPOS="750" WIDTH="86" HEIGHT="27" WC="0.96" CONTENT="styrelse"/><SP WIDTH="14" VPOS="750" HPOS="430"/>
							<String ID="string_155" HPOS="444" VPOS="751" WIDTH="22" HEIGHT="18" WC="0.96" CONTENT="är"/><SP WIDTH="14" VPOS="751" HPOS="466"/>
							<String ID="string_156" HPOS="480" VPOS="750" WIDTH="115" HEIGHT="21" WC="0.96" CONTENT="förbehållet"/><SP WIDTH="10" VPOS="750" HPOS="595"/>
							<String ID="string_157" HPOS="605" VPOS="753" WIDTH="34" HEIGHT="22" WC="0.96" CONTENT="att,"/><SP WIDTH="12" VPOS="753" HPOS="639"/>
							<String ID="string_158" HPOS="651" VPOS="751" WIDTH="26" HEIGHT="20" WC="0.96" CONTENT="till"/><SP WIDTH="11" VPOS="751" HPOS="677"/>
							<String ID="string_159" HPOS="688" VPOS="751" WIDTH="163" HEIGHT="21" WC="0.95" CONTENT="förekommande"/><SP WIDTH="11" VPOS="751" HPOS="851"/>
							<String ID="string_160" HPOS="862" VPOS="752" WIDTH="20" HEIGHT="19" WC="0.92" CONTENT="af"/><SP WIDTH="9" VPOS="752" HPOS="882"/>
							<String ID="string_161" HPOS="891" VPOS="752" WIDTH="46" HEIGHT="19" WC="0.92" CONTENT="olof-"/>
						</TextLine>
						<TextLine ID="line_20" HPOS="194" VPOS="776" WIDTH="743" HEIGHT="27">
							<String ID="string_162" HPOS="194" VPOS="776" WIDTH="27" HEIGHT="25" WC="0.96" CONTENT="lig"/><SP WIDTH="17" VPOS="776" HPOS="221"/>
							<String ID="string_163" HPOS="238" VPOS="776" WIDTH="134" HEIGHT="26" WC="0.95" CONTENT="tillverkning,"/><SP WIDTH="14" VPOS="776" HPOS="372"/>
							<String ID="string_164" HPOS="386" VPOS="776" WIDTH="112" HEIGHT="27" WC="0.95" CONTENT="försäljning"/><SP WIDTH="13" VPOS="776" HPOS="498"/>
							<String ID="string_165" HPOS="511" VPOS="779" WIDTH="39" HEIGHT="18" WC="0.93" CONTENT="och"/><SP WIDTH="13" VPOS="779" HPOS="550"/>
							<String ID="string_166" HPOS="563" VPOS="777" WIDTH="82" HEIGHT="26" WC="0.92" CONTENT="forsling"/><SP WIDTH="13" VPOS="777" HPOS="645"/>
							<String ID="string_167" HPOS="658" VPOS="778" WIDTH="21" HEIGHT="20" WC="0.96" CONTENT="af"/><SP WIDTH="12" VPOS="778" HPOS="679"/>
							<String ID="string_168" HPOS="691" VPOS="778" WIDTH="83" HEIGHT="20" WC="0.96" CONTENT="bränvin"/><SP WIDTH="15" VPOS="778" HPOS="774"/>
							<String ID="string_169" HPOS="789" VPOS="779" WIDTH="105" HEIGHT="19" WC="0.92" CONTENT="äfvensom"/><SP WIDTH="14" VPOS="779" HPOS="894"/>
							<String ID="string_170" HPOS="908" VPOS="779" WIDTH="29" HEIGHT="18" WC="0.92" CONTENT="in-"/>
						</TextLine>
						<TextLine ID="line_21" HPOS="193" VPOS="802" WIDTH="745" HEIGHT="28">
							<String ID="string_171" HPOS="193" VPOS="802" WIDTH="59" HEIGHT="20" WC="0.93" CONTENT="försel"/><SP WIDTH="18" VPOS="802" HPOS="252"/>
							<String ID="string_172" HPOS="270" VPOS="803" WIDTH="20" HEIGHT="18" WC="0.96" CONTENT="af"/><SP WIDTH="15" VPOS="803" HPOS="290"/>
							<String ID="string_173" HPOS="305" VPOS="803" WIDTH="55" HEIGHT="26" WC="0.95" CONTENT="dylik"/><SP WIDTH="10" VPOS="803" HPOS="360"/>
							<String ID="string_174" HPOS="370" VPOS="808" WIDTH="54" HEIGHT="15" WC="0.65" CONTENT="vara"/><SP WIDTH="18" VPOS="808" HPOS="424"/>
							<String ID="string_175" HPOS="442" VPOS="802" WIDTH="42" HEIGHT="21" WC="0.96" CONTENT="från"/><SP WIDTH="16" VPOS="802" HPOS="484"/>
							<String ID="string_176" HPOS="500" VPOS="804" WIDTH="93" HEIGHT="20" WC="0.96" CONTENT="utländsk"/><SP WIDTH="18" VPOS="804" HPOS="593"/>
							<String ID="string_177" HPOS="611" VPOS="807" WIDTH="38" HEIGHT="22" WC="0.96" CONTENT="ort,"/><SP WIDTH="17" VPOS="807" HPOS="649"/>
							<String ID="string_178" HPOS="666" VPOS="804" WIDTH="77" HEIGHT="26" WC="0.95" CONTENT="vidtaga"/><SP WIDTH="14" VPOS="804" HPOS="743"/>
							<String ID="string_179" HPOS="757" VPOS="805" WIDTH="26" HEIGHT="20" WC="0.96" CONTENT="de"/><SP WIDTH="15" VPOS="805" HPOS="783"/>
							<String ID="string_180" HPOS="798" VPOS="805" WIDTH="67" HEIGHT="20" WC="0.93" CONTENT="vidare"/><SP WIDTH="14" VPOS="805" HPOS="865"/>
							<String ID="string_181" HPOS="879" VPOS="805" WIDTH="59" HEIGHT="20" WC="0.93" CONTENT="förfo-"/>
						</TextLine>
						<TextLine ID="line_22" HPOS="192" VPOS="828" WIDTH="469" HEIGHT="28">
							<String ID="string_182" HPOS="192" VPOS="828" WIDTH="84" HEIGHT="26" WC="0.92" CONTENT="ganden,"/><SP WIDTH="16" VPOS="828" HPOS="276"/>
							<String ID="string_183" HPOS="292" VPOS="829" WIDTH="193" HEIGHT="26" WC="0.91" CONTENT="omständigheterne"/><SP WIDTH="15" VPOS="829" HPOS="485"/>
							<String ID="string_184" HPOS="500" VPOS="831" WIDTH="64" HEIGHT="19" WC="0.96" CONTENT="kunna"/><SP WIDTH="15" VPOS="831" HPOS="564"/>
							<String ID="string_185" HPOS="579" VPOS="830" WIDTH="82" HEIGHT="26" WC="0.92" CONTENT="påkalla."/>
						</TextLine>
					</TextBlock>
				</ComposedBlock>
				<ComposedBlock ID="cblock_5" HPOS="535" VPOS="884" WIDTH="56" HEIGHT="25">
					<TextBlock ID="block_6" HPOS="535" VPOS="884" WIDTH="56" HEIGHT="25">
						<TextLine ID="line_23" HPOS="535" VPOS="884" WIDTH="56" HEIGHT="25">
							<String ID="string_186" HPOS="535" VPOS="884" WIDTH="10" HEIGHT="25" WC="0.78" CONTENT="$"/><SP WIDTH="14" VPOS="884" HPOS="545"/>
							<String ID="string_187" HPOS="559" VPOS="885" WIDTH="32" HEIGHT="19" WC="0.96" CONTENT="99."/>
						</TextLine>
					</TextBlock>
				</ComposedBlock>
				<ComposedBlock ID="cblock_6" HPOS="192" VPOS="920" WIDTH="747" HEIGHT="130">
					<TextBlock ID="block_7" HPOS="192" VPOS="920" WIDTH="747" HEIGHT="130">
						<TextLine ID="line_24" HPOS="247" VPOS="920" WIDTH="690" HEIGHT="29">
							<String ID="string_188" HPOS="247" VPOS="920" WIDTH="66" HEIGHT="22" WC="0.93" CONTENT="Denna"/><SP WIDTH="15" VPOS="920" HPOS="313"/>
							<String ID="string_189" HPOS="328" VPOS="920" WIDTH="118" HEIGHT="25" WC="0.96" CONTENT="förordning,"/><SP WIDTH="17" VPOS="920" HPOS="446"/>
							<String ID="string_190" HPOS="463" VPOS="926" WIDTH="43" HEIGHT="15" WC="0.96" CONTENT="som"/><SP WIDTH="16" VPOS="926" HPOS="506"/>
							<String ID="string_191" HPOS="522" VPOS="927" WIDTH="25" HEIGHT="14" WC="0.93" CONTENT="en"/><SP WIDTH="12" VPOS="927" HPOS="547"/>
							<String ID="string_192" HPOS="559" VPOS="921" WIDTH="50" HEIGHT="27" WC="0.96" CONTENT="gång"/><SP WIDTH="14" VPOS="921" HPOS="609"/>
							<String ID="string_193" HPOS="623" VPOS="927" WIDTH="33" HEIGHT="14" WC="0.93" CONTENT="om"/><SP WIDTH="14" VPOS="927" HPOS="656"/>
							<String ID="string_194" HPOS="670" VPOS="921" WIDTH="43" HEIGHT="20" WC="0.95" CONTENT="året"/><SP WIDTH="14" VPOS="921" HPOS="713"/>
							<String ID="string_195" HPOS="727" VPOS="923" WIDTH="49" HEIGHT="20" WC="0.96" CONTENT="skall"/><SP WIDTH="10" VPOS="923" HPOS="776"/>
							<String ID="string_196" HPOS="786" VPOS="923" WIDTH="5" HEIGHT="19" WC="0.93" CONTENT="i"/><SP WIDTH="9" VPOS="923" HPOS="791"/>
							<String ID="string_197" HPOS="800" VPOS="923" WIDTH="76" HEIGHT="20" WC="0.93" CONTENT="landets"/><SP WIDTH="15" VPOS="923" HPOS="876"/>
							<String ID="string_198" HPOS="891" VPOS="923" WIDTH="46" HEIGHT="26" WC="0.93" CONTENT="kyr-"/>
						</TextLine>
						<TextLine ID="line_25" HPOS="193" VPOS="946" WIDTH="744" HEIGHT="29">
							<String ID="string_199" HPOS="193" VPOS="946" WIDTH="35" HEIGHT="19" WC="0.96" CONTENT="kor"/><SP WIDTH="14" VPOS="946" HPOS="228"/>
							<String ID="string_200" HPOS="242" VPOS="947" WIDTH="30" HEIGHT="19" WC="0.96" CONTENT="för"/><SP WIDTH="15" VPOS="947" HPOS="272"/>
							<String ID="string_201" HPOS="287" VPOS="947" WIDTH="129" HEIGHT="19" WC="0.93" CONTENT="allmänheten"/><SP WIDTH="19" VPOS="947" HPOS="416"/>
							<String ID="string_202" HPOS="435" VPOS="948" WIDTH="98" HEIGHT="25" WC="0.88" CONTENT="uppläsas,"/><SP WIDTH="21" VPOS="948" HPOS="533"/>
							<String ID="string_203" HPOS="554" VPOS="948" WIDTH="91" HEIGHT="19" WC="0.96" CONTENT="kommer"/><SP WIDTH="16" VPOS="948" HPOS="645"/>
							<String ID="string_204" HPOS="661" VPOS="951" WIDTH="28" HEIGHT="16" WC="0.96" CONTENT="att"/><SP WIDTH="16" VPOS="951" HPOS="689"/>
							<String ID="string_205" HPOS="705" VPOS="949" WIDTH="5" HEIGHT="19" WC="0.95" CONTENT="i"/><SP WIDTH="17" VPOS="949" HPOS="710"/>
							<String ID="string_206" HPOS="727" VPOS="949" WIDTH="44" HEIGHT="20" WC="0.96" CONTENT="hela"/><SP WIDTH="17" VPOS="949" HPOS="771"/>
							<String ID="string_207" HPOS="788" VPOS="949" WIDTH="81" HEIGHT="20" WC="0.92" CONTENT="Finland"/><SP WIDTH="15" VPOS="949" HPOS="869"/>
							<String ID="string_208" HPOS="884" VPOS="949" WIDTH="53" HEIGHT="26" WC="0.92" CONTENT="tjena"/>
						</TextLine>
						<TextLine ID="line_26" HPOS="192" VPOS="972" WIDTH="747" HEIGHT="23">
							<String ID="string_209" HPOS="192" VPOS="972" WIDTH="27" HEIGHT="20" WC="0.92" CONTENT="till"/><SP WIDTH="15" VPOS="972" HPOS="219"/>
							<String ID="string_210" HPOS="234" VPOS="973" WIDTH="131" HEIGHT="19" WC="0.85" CONTENT="efterrättelse"/><SP WIDTH="16" VPOS="973" HPOS="365"/>
							<String ID="string_211" HPOS="381" VPOS="972" WIDTH="42" HEIGHT="20" WC="0.89" CONTENT="(rän"/><SP WIDTH="14" VPOS="972" HPOS="423"/>
							<String ID="string_212" HPOS="437" VPOS="973" WIDTH="38" HEIGHT="20" WC="0.88" CONTENT="den"/><SP WIDTH="17" VPOS="973" HPOS="475"/>
							<String ID="string_213" HPOS="492" VPOS="990" WIDTH="2" HEIGHT="3" WC="0.77" CONTENT="."/><SP WIDTH="33" VPOS="990" HPOS="494"/>
							<String ID="string_214" HPOS="527" VPOS="990" WIDTH="3" HEIGHT="3" WC="0.87" CONTENT="."/><SP WIDTH="31" VPOS="990" HPOS="530"/>
							<String ID="string_215" HPOS="561" VPOS="990" WIDTH="4" HEIGHT="3" WC="0.85" CONTENT="."/><SP WIDTH="31" VPOS="990" HPOS="565"/>
							<String ID="string_216" HPOS="596" VPOS="990" WIDTH="4" HEIGHT="3" WC="0.87" CONTENT="."/><SP WIDTH="31" VPOS="990" HPOS="600"/>
							<String ID="string_217" HPOS="631" VPOS="989" WIDTH="4" HEIGHT="4" WC="0.76" CONTENT="."/><SP WIDTH="16" VPOS="989" HPOS="635"/>
							<String ID="string_218" HPOS="651" VPOS="974" WIDTH="24" HEIGHT="19" WC="0.76" CONTENT="dä"/><SP WIDTH="16" VPOS="974" HPOS="675"/>
							<String ID="string_219" HPOS="691" VPOS="976" WIDTH="36" HEIGHT="19" WC="0.93" CONTENT="alla"/><SP WIDTH="10" VPOS="976" HPOS="727"/>
							<String ID="string_220" HPOS="737" VPOS="975" WIDTH="123" HEIGHT="20" WC="0.61" CONTENT="härfrinnan"/><SP WIDTH="10" VPOS="975" HPOS="860"/>
							<String ID="string_221" HPOS="870" VPOS="977" WIDTH="69" HEIGHT="18" WC="0.87" CONTENT="röran-"/>
						</TextLine>
						<TextLine ID="line_27" HPOS="193" VPOS="998" WIDTH="744" HEIGHT="30">
							<String ID="string_222" HPOS="193" VPOS="998" WIDTH="25" HEIGHT="19" WC="0.88" CONTENT="de"/><SP WIDTH="14" VPOS="998" HPOS="218"/>
							<String ID="string_223" HPOS="232" VPOS="998" WIDTH="148" HEIGHT="26" WC="0.95" CONTENT="ifrågavarande"/><SP WIDTH="14" VPOS="998" HPOS="380"/>
							<String ID="string_224" HPOS="394" VPOS="1000" WIDTH="71" HEIGHT="19" WC="0.96" CONTENT="ämnen"/><SP WIDTH="14" VPOS="1000" HPOS="465"/>
							<String ID="string_225" HPOS="479" VPOS="1001" WIDTH="102" HEIGHT="20" WC="0.96" CONTENT="utfärdade"/><SP WIDTH="14" VPOS="1001" HPOS="581"/>
							<String ID="string_226" HPOS="595" VPOS="999" WIDTH="65" HEIGHT="27" WC="0.93" CONTENT="påbud"/><SP WIDTH="16" VPOS="999" HPOS="660"/>
							<String ID="string_227" HPOS="676" VPOS="1001" WIDTH="66" HEIGHT="20" WC="0.92" CONTENT="sävidt"/><SP WIDTH="9" VPOS="1001" HPOS="742"/>
							<String ID="string_228" HPOS="751" VPOS="1002" WIDTH="25" HEIGHT="20" WC="0.97" CONTENT="de"/><SP WIDTH="9" VPOS="1002" HPOS="776"/>
							<String ID="string_229" HPOS="785" VPOS="1001" WIDTH="19" HEIGHT="26" WC="0.96" CONTENT="ej"/><SP WIDTH="9" VPOS="1001" HPOS="804"/>
							<String ID="string_230" HPOS="813" VPOS="1008" WIDTH="26" HEIGHT="14" WC="0.93" CONTENT="nu"/><SP WIDTH="10" VPOS="1008" HPOS="839"/>
							<String ID="string_231" HPOS="849" VPOS="1003" WIDTH="88" HEIGHT="25" WC="0.96" CONTENT="förnyats"/>
						</TextLine>
						<TextLine ID="line_28" HPOS="192" VPOS="1025" WIDTH="302" HEIGHT="25">
							<String ID="string_232" HPOS="192" VPOS="1025" WIDTH="89" HEIGHT="25" WC="0.96" CONTENT="upphöra"/><SP WIDTH="15" VPOS="1025" HPOS="281"/>
							<String ID="string_233" HPOS="296" VPOS="1027" WIDTH="28" HEIGHT="17" WC="0.96" CONTENT="att"/><SP WIDTH="15" VPOS="1027" HPOS="324"/>
							<String ID="string_234" HPOS="339" VPOS="1031" WIDTH="45" HEIGHT="14" WC="0.96" CONTENT="vara"/><SP WIDTH="14" VPOS="1031" HPOS="384"/>
							<String ID="string_235" HPOS="398" VPOS="1026" WIDTH="96" HEIGHT="24" WC="0.85" CONTENT="gällande."/>
						</TextLine>
					</TextBlock>
				</ComposedBlock>
			</PrintSpace>
		</Page>
	</Layout>
</alto>
