1006 1684
307 136 71 22 Nådiga
391 137 138 23 Propositionen
543 137 35 17 N:o
590 138 28 16 31.
788 139 45 20 1027

88 184 73 20 komité
176 188 46 16 utan
236 186 94 19 afseende
340 185 100 20 hvarifrån
454 186 111 20 inkomsten
580 186 100 27 härflyter.
709 187 88 20 Inkomst
811 188 21 20 af

88 210 62 19 aktie-
163 210 37 19 och
214 210 109 27 bankbolag
336 212 36 19 bör
387 213 105 24 uppgifvas
501 213 35 19 der
548 212 48 20 dess
609 213 75 19 rörelse
698 213 132 26 förnämligast

88 236 101 20 bedrifves
204 237 54 25 eller,
273 237 39 20 ifall
327 237 61 21 sådan
402 238 92 20 bestämd
508 241 30 16 ort
554 239 44 18 icke
614 239 71 25 finnes,
700 239 37 20 der
752 239 78 26 bolaget

86 262 37 20 har
136 263 31 19 sin
181 263 94 26 styrelse.

429 312 10 25 $
454 313 31 19 19.

139 349 204 25 Bevillningskomités
357 350 167 25 öfverläggningar
533 349 62 20 hållas
610 351 54 18 inom
676 351 64 19 slutna
752 351 75 20 dörrar.

87 374 104 26 Angående
210 375 29 25 jäf
255 378 53 17 emot
328 376 86 19 ledamot
434 376 5 19 i
453 376 190 25 bevillningskomité
664 377 49 24 gälle
730 377 51 19 hvad
796 377 34 20 all-

88 402 69 19 männä
172 402 56 25 lagen
250 407 32 14 om
296 401 30 26 jäf
341 405 53 16 emot
409 403 82 19 Domare
509 403 85 26 stadgar.
623 403 75 26 Uppstä
720 402 109 27 skiljaktiga

86 428 102 25 meningar
198 429 57 19 bland
270 429 200 25 bevillningskomités
484 430 114 23 ledamöter,
610 430 48 19 skall
672 431 63 24 öppen
745 430 86 19 omröst-

83 454 47 26 ning
144 455 37 19 ske
195 456 38 18 och
247 455 38 20 den
300 455 77 26 mening
394 455 59 20 blifva
468 456 94 25 gällande,
580 456 78 20 hvilken
672 456 83 19 flertalet
771 455 58 21 bland

86 481 133 20 ledamöterne
235 481 78 25 biträdt,
325 482 47 19 eller
386 487 31 14 om
433 483 88 18 rösterne
535 482 69 19 utfallit
617 482 45 24 lika,
678 482 39 20 den
731 488 43 14 som
788 483 41 19 län-

86 507 36 20 der
136 507 27 20 till
177 507 38 20 den
225 508 219 26 bevillningsskyldiges
454 508 84 24 förmån;
550 508 36 19 och
596 510 22 18 är
631 509 34 19 det
674 509 25 19 de
713 508 114 25 ledamöter,

86 533 77 20 hvilkas
173 533 50 27 åsigt
237 535 44 19 icke
290 535 63 19 blifvit
367 535 93 25 gällande,
472 535 90 25 obetaget
574 537 34 23 att,
624 540 32 14 om
671 535 25 20 de
710 534 34 20 det
757 535 69 24 önska,

86 559 18 20 få
120 560 114 20 densamma
249 561 25 20 till
290 561 118 25 protokollet
424 561 117 20 antecknad.

431 613 9 25 $
454 615 32 18 20.

138 651 171 25 Bevillningsafgift
324 650 97 20 beräknas
435 652 50 19 efter
499 651 67 25 jemna
580 651 103 20 hundratal
701 652 21 19 af
734 651 94 25 inkomst,

84 676 81 20 sålunda
179 680 28 16 att
221 678 52 19 hvad
294 683 44 14 som
354 678 123 25 understiger
492 678 24 19 50
531 677 55 20 mark
600 678 44 19 icke
664 680 56 22 tages
737 678 5 19 i
757 677 70 20 beräk-

86 703 52 26 ning,
153 709 46 14 men
214 704 24 19 50
253 704 56 20 mark
324 704 48 19 eller
392 704 114 20 derutöfver
522 706 80 24 antages
621 704 28 20 till
664 704 40 20 helt
718 704 107 20 hundrade.

429 757 10 25 $
452 758 23 18 21

140 794 121 26 Upplysning
276 800 33 14 om
322 794 38 20 den
374 794 20 20 af
408 794 86 20 komitén
510 793 81 27 påförda
608 794 171 26 bevillningsafgift
793 794 36 19 bör

86 820 203 27 bevillningsskyldig,
301 826 43 14 som
358 820 70 20 derom
442 820 92 26 anhåller,
553 820 24 26 på
592 821 64 19 stället
669 820 108 20 meddelas.
793 820 37 19 Be-

88 847 194 26 villningslängderna
290 848 37 18 och
334 847 98 19 komiténs
440 848 93 24 protokoll
541 847 54 20 skola
605 847 93 25 derefter,
710 846 120 20 underskrif-

86 879 24 14 ne
125 874 21 19 af
157 873 137 20 Ordföranden
305 873 37 20 och
352 873 117 20 åtminstone
480 879 24 14 en
514 873 91 25 ledamot,
620 873 81 20 sednast
715 873 65 18 trettio
795 872 34 19 da-

87 899 36 20 dar
137 899 59 20 innan
210 900 65 19 länets
287 899 179 26 Pröfningskomité
480 899 163 24 sammanträder,
659 900 20 19 af
691 898 137 21 Ordföranden

87 925 103 25 aflemnas,
205 925 4 19 i
225 925 43 20 stad
283 926 27 19 till
324 926 124 25 Magist:aten
462 926 47 19 eller
518 925 170 24 Ordningsrätten,
699 925 38 19 och
752 924 23 25 på
789 925 40 18 lan-

88 952 34 19 det
135 953 26 18 till
176 952 135 19 Ordföranden
325 952 6 18 i
345 952 210 20 kommunalnämnden
570 952 53 24 eller,
637 951 36 20 der
686 951 61 20 sådan
761 950 17 25 ej
793 950 36 19 fin-

86 983 44 18 nes,
146 979 27 18 till
189 979 184 18 socknestämmans
387 978 128 24 Ordförande,
532 978 32 19 vid
579 978 39 18 vite
635 978 29 19 för
678 977 151 24 bevillningsko-

87 1005 73 19 miténs
175 1005 122 19 Ordförande
313 1004 21 20 af
346 1007 30 16 tre
390 1005 57 19 mark
460 1005 30 19 för
509 1003 68 26 hvarje
591 1003 44 26 dag,
651 1003 97 20 hvarmed
762 1003 69 19 ofvan-

86 1031 84 19 nämnde
185 1030 27 20 tid
226 1030 143 20 öfverskrides.
399 1030 26 20 Sä
440 1034 54 16 snart
507 1030 138 24 handlingarne
658 1030 109 24 inkommit,
789 1028 40 20 låte

86 1056 107 26 Magistrat,
208 1056 140 26 Ordningsrätt
362 1056 47 20 eller
425 1056 148 20 vederbörande
582 1055 123 20 Ordförande
719 1055 6 19 i
739 1055 91 19 kommu-

86 1082 105 20 nalnämnd
205 1084 48 18 eller
267 1082 167 24 socknestämma,
451 1082 21 20 så
487 1082 117 26 skyndsamt
618 1082 36 19 ske
671 1082 46 23 kan,
733 1081 95 24 kungöra,

88 1111 28 17 att
126 1109 25 19 de
164 1108 195 26 bevillningskyldige
370 1108 25 26 på
405 1109 59 19 tillika
479 1108 101 26 uppgifvet
593 1108 57 19 ställe
663 1108 66 19 kunna
743 1107 87 19 inhemta

87 1135 112 19 kännedom
213 1140 32 14 om
259 1135 58 19 deras
333 1134 90 20 innehåll.
453 1135 29 19 Uti
498 1139 76 15 samma
591 1134 117 25 kungörelse
722 1133 54 19 skola
792 1132 39 20 ock

88 1161 25 19 de
126 1166 102 20 personer,
245 1163 41 17 mot
300 1161 163 25 uppskattningen
478 1161 19 19 af
506 1160 76 20 hvilkas
596 1160 86 19 inkomst
696 1158 135 20 kronoombu-

88 1187 34 19 det
136 1188 103 19 framställt
259 1187 134 25 anmärkning,
416 1187 33 19 vid
467 1192 58 14 namn
546 1186 120 25 uppräknas.
695 1185 134 25 Magistraten,

86 1213 166 25 Ordningsrätten
268 1214 47 18 eller
328 1213 122 19 Ordförande
467 1214 3 18 i
484 1212 111 20 kommunal
610 1213 47 19 eller
671 1211 159 21 sockenstämma

90 1240 56 19 skola
159 1240 86 19 derefter
261 1240 80 19 insända
356 1239 139 25 handlingarne
504 1239 26 19 till
545 1239 143 25 länestyrelsen
698 1237 22 20 så
735 1237 54 25 tidigt
803 1239 29 17 att

90 1266 25 20 de
129 1266 58 20 hinna
204 1266 132 22 framkomma
356 1265 41 20 före
411 1266 39 19 den
467 1266 45 24 dag,
530 1264 24 20 då
575 1265 62 19 länets
657 1263 174 27 pröfningskomité

90 1292 163 20 sammanträder.

431 1328 12 26 S
458 1329 32 19 22.

145 1368 68 19 Finner
227 1367 84 19 kronans
326 1366 73 20 ombud
420 1365 206 26 bevillningskomiten
646 1365 5 19 i
666 1367 28 17 ett
711 1365 47 19 eller
775 1366 58 17 annat

92 1394 93 20 afseende
198 1394 44 19 icke
255 1394 58 19 hafva
327 1393 88 25 iakttagit
428 1392 213 26 bevillningsstadgans
650 1391 123 20 föreskrifter
786 1391 48 19 eller

92 1423 29 18 att
134 1420 39 20 den
188 1420 65 26 påfört
267 1419 190 26 inkomstbevillning
470 1419 6 19 i
490 1418 49 20 strid
554 1420 52 18 emot
619 1418 62 20 kända
694 1416 139 26 förhållanden,
