1014 1686
180 147 35 18 852
396 145 71 22 Nädiga
480 146 139 22 Propositionen
632 145 36 17 N:o
680 146 29 16 30.

183 197 81 18 bottnet.
294 196 106 19 Dessutom
414 195 66 18 förses
489 193 70 26 hvarje
573 194 34 19 ark
622 193 11 20 ä
644 195 60 18 första
719 193 55 20 sidan
787 193 45 20 med
846 193 81 19 Finans-

182 222 148 25 expeditionens
344 221 5 18 i
364 221 84 20 Senaten
462 221 175 24 kontroll-stämpel
656 221 4 18 i
675 220 50 25 rölt,
744 220 80 19 hvilken
842 219 83 25 stämpel

180 247 72 26 jemväl
268 248 104 24 anbringas
386 246 10 20 ä
413 248 74 23 vexlar,
505 247 110 20 fullmakter
625 247 37 18 och
677 247 59 19 andra
751 245 119 26 handlingar,
881 251 44 14 som

184 274 24 26 pä
223 273 238 27 kartasigillata-kontoret
469 273 87 25 undergå
568 273 109 25 stämpling.
702 273 42 19 Med
756 272 101 20 enahanda
867 274 61 18 stäm-

184 301 30 25 pel
230 302 64 18 förses
306 300 73 26 jemväl
394 300 166 20 karte-märkena.

513 363 12 20 2
543 364 53 24 Kap.

223 402 97 25 Angäende
331 402 86 24 beloppet
429 402 21 19 af
460 402 31 18 det
503 401 100 24 stämplade
615 406 74 19 papper,
702 406 39 14 som
757 400 7 19 i
776 400 65 25 hvarje
853 400 35 20 fall

408 443 2 2 .
474 424 49 19 skall
537 425 100 23 begagnas.

237 461 10 25 $
261 463 19 17 4.
310 460 84 20 Landets
408 460 115 25 domstolar,
539 459 128 21 embetsverk
683 460 38 18 och
735 460 147 25 myndigheter,
895 459 34 20 vid

184 488 66 19 hvilka
265 488 168 24 stämpel-papper
447 487 48 19 skall
515 487 103 25 begagnas,
636 486 91 19 hänföras
741 486 5 18 i
766 486 53 19 detta
836 486 93 20 afseende

185 514 27 21 till
227 514 39 20 fem
281 514 97 19 särskilda
393 513 126 25 aflelningar,
538 513 104 26 nemligen:

238 542 81 18 Första
340 540 160 25 afdelningen:
519 541 84 18 Senaten
618 541 38 18 och
673 539 47 20 dess
735 539 143 25 expeditioner,
895 539 34 20 Mi-

185 567 264 20 nister-Statssekreteraren
467 566 37 19 och
519 567 61 19 Hans
595 564 109 26 Majestät
718 565 128 25 Kejsarens
864 565 65 20 Kansli

184 594 30 19 för
234 594 76 19 Finland
331 596 52 16 samt
402 593 39 19 den
456 592 31 19 vid
505 592 192 20 Statssekretariatet
714 592 80 20 tillsatte
808 592 77 19 Komit6
900 592 30 19 för

184 620 70 20 Finska
268 619 92 20 ärender.
860 640 10 4 W

237 646 75 20 Andra
330 646 159 25 afdelningen:
513 646 104 24 Hofrätter,
633 645 204 25 Riddaresynerätter,
856 645 73 19 Ofver-

185 673 172 25 krigsdomstolen,
376 672 225 19 General-Guvernören
618 672 56 18 öfver
691 672 87 24 Finland,
798 671 133 20 Alexanders-

186 699 151 19 Universitetets
352 698 83 19 Kansler
456 699 37 18 och
508 698 44 19 vice
566 698 83 19 Konsler
669 698 103 19 äfvensom
789 698 141 19 Prokurators-

186 726 88 18 embetet
287 725 5 19 i
302 726 98 23 Senaten.

239 750 83 26 Tredje
337 751 162 25 afdelningen:
516 751 173 25 Länestyrelserna
700 751 38 19 och
748 750 63 20 finska
820 751 112 25 Passexpe-

183 778 88 19 Uitionen
285 778 5 18 i
304 778 31 19 S:t
349 777 127 25 Petersburg.

239 803 83 26 Fjerde
336 804 158 25 afdelningen:
515 804 105 25 Lagmans-
633 803 37 19 och
685 802 177 21 Rädstufvurätter
877 806 53 16 samt

185 830 123 25 Magistrater
322 831 38 18 och
374 830 164 25 Ordningsrätter,
555 830 162 25 Ofverstyrelsen
734 830 29 19 för
778 830 152 19 medicinalver-

186 857 34 18 ket
234 857 38 18 och
286 857 108 24 Kollegiumn
407 857 106 24 medicum,
526 856 105 19 Direktorn
645 856 29 19 för
689 856 62 19 finska
766 856 162 25 kadettkorpsen,

185 883 127 25 Inspektören
333 883 37 19 och
391 883 78 19 Befälen
490 883 29 19 för
539 883 63 19 finska
627 883 186 25 militärkorpserne,
838 883 92 19 Finlands

185 910 51 19 Bank
250 910 47 19 med
311 909 146 26 underlydande
472 909 76 25 kontor,
566 910 177 23 Postdirektionen,
762 909 82 20 General
858 909 72 20 Tulldi-

185 936 109 24 rektionen,
309 936 163 26 Öfverstyrelsen
481 937 29 18 för
520 936 143 19 lanltmäteriet
671 935 61 26 jemte
743 935 189 20 Länelandtmäteri-

185 962 102 25 kontoren,
304 963 162 25 Öfverstyrelsen
480 963 29 18 för
523 962 152 25 forstväsendet,
687 962 202 20 Intendentsembetet
902 963 30 18 för

185 989 94 25 allmänna
292 989 121 26 byggnader,
445 989 141 26 Ofverstyreisen
600 989 29 19 för
643 989 47 19 lots-
700 990 37 18 och
752 988 177 25 bäkinrättningen,

186 1015 162 26 Ofverstyrelsen
363 1016 29 18 för
406 1017 45 24 väg-
461 1021 22 13 och
509 1015 284 20 vattenkommunikationerne
806 1015 62 25 jemte
879 1015 52 20 Che-

186 1042 54 19 ferne
254 1043 30 18 for
298 1043 64 18 Saima
377 1042 55 19 kanal
448 1042 36 19 och
497 1041 116 26 jernvägen,
630 1042 161 25 Bergsstyrelsen
806 1041 62 25 jemte
882 1042 50 19 kon-

188 1069 54 18 troll-
256 1069 37 18 och
308 1068 139 26 myntverken,
466 1069 98 18 Allmänna
581 1068 176 25 Revisionsrätten,
780 1068 154 25 Krigskommis-

188 1095 90 23 sariatet,
300 1094 251 25 Kartasigillata-kontoret,
576 1094 283 20 Alexanders-Universitetets
883 1095 51 18 Kon-

188 1121 107 24 sistorium,
315 1121 172 24 Rektorsembete,
513 1121 120 23 Fakulteter,
655 1121 225 19 Examinationsutskott
897 1121 37 18 och

186 1147 201 26 Ekonomiedivision,
397 1146 143 26 Domkapitlen,
549 1146 156 27 Gymnasiernes
716 1147 170 20 rektorsembeten
896 1147 38 20 och

187 1173 162 26 lärarekollegier,
366 1174 163 25 Ofverstyrelsen
550 1175 37 18 och
605 1173 178 26 Ofverinspektorn
800 1174 29 19 för
847 1173 87 20 folksko-

187 1199 62 25 lorna,
266 1200 130 26 Inspektören
411 1199 29 20 för
454 1199 120 24 fiskerierne,
587 1200 140 19 Direktörerne
738 1201 29 18 för
783 1203 75 17 statens
873 1200 61 20 landt-

187 1226 71 19 bruks-
276 1228 38 17 och
331 1227 156 22 forstinstituter,
509 1227 253 22 Manufakturdirektionen,
784 1227 150 21 Direktionerne

188 1251 29 19 för
226 1252 90 19 tekniska
330 1253 49 18 real-
389 1255 51 16 samt
455 1252 219 25 navigationsskolorna,
689 1252 243 25 Riddarhusdirektionen,

188 1277 148 20 Direktionerne
351 1279 28 17 för
394 1277 64 20 finska
468 1278 114 23 militärens,
600 1278 122 19 civilstatens
734 1280 52 17 samt
796 1278 138 19 ecklesiastik-

188 1304 37 19 och
246 1304 124 19 skolstatens.
385 1304 58 19 enke-
461 1310 37 13 och
518 1304 138 25 pupillkassor,
675 1304 149 20 Direktionerne
846 1305 28 18 för
888 1303 47 21 där-

188 1329 81 25 värden,
288 1331 97 19 allmänna
400 1329 54 26 sjuk-
471 1331 38 19 och
524 1331 108 24 kurhusen,
652 1331 124 26 spinnhusen
792 1334 51 16 samt
858 1331 77 20 arbets-

188 1357 37 19 och
240 1357 292 26 korrektions-inräitningarne.

239 1385 80 19 Femte
334 1384 160 25 afdelningen:
511 1384 92 24 Härads-,
619 1384 139 26 Egodelnings-
771 1385 39 19 och
824 1385 108 19 Kämners-

188 1411 66 24 rätter,
263 1410 61 20 Polis-
334 1411 37 19 och
383 1410 184 24 Auktionskamrar
560 1406 10 34 ;
579 1410 102 20 städernas
691 1410 97 26 handels-,
800 1410 132 20 handtverks-

187 1437 38 19 och
238 1437 62 19 andra
315 1436 185 25 sammankomster,
517 1437 68 19 dervid
597 1432 9 35 -
606 1437 186 26 Magistratsperson
810 1437 10 19 ä
835 1437 97 25 tjenstens
