1009 1686
183 144 44 35 1026
398 148 71 22 Nådiga
481 148 140 23 Propositionen
634 147 35 17 N:o
682 146 28 18 31.

184 198 38 19 ken
234 198 99 19 komiténs
345 196 160 20 sammanträden
515 197 48 19 böra
572 198 44 23 taga
625 196 29 19 sin
664 194 75 26 början,
754 195 27 20 till
793 195 39 19 den
842 194 86 20 utsedde

185 224 135 19 Ordföranden
334 223 83 19 aflemna
431 222 44 19 icke
489 224 82 18 allenast
583 222 38 19 den
631 222 30 19 för
675 224 56 16 orten
742 221 81 19 sednast
835 220 94 26 uppgjor-

185 250 25 19 da
224 249 139 26 mantalslängd
376 252 47 17 utan
437 249 37 19 ock
490 249 85 26 tryckta,
594 249 72 18 honom
686 253 71 19 genom
772 248 158 20 Guvernörsem-

186 276 65 19 betets
273 276 75 25 försorg
369 275 156 20 tillhandahållna
547 275 110 19 blanketter
679 274 26 19 till
726 274 202 25 bevillningslängder,

186 303 79 19 hvaruti
281 303 46 19 böra
340 302 72 19 införas
427 302 36 19 alla
477 302 24 19 de
516 306 106 21 personers
636 305 59 14 namn
705 300 38 20 och
758 300 130 25 uppskattade
902 299 29 20 in-

187 329 72 24 komst,
275 329 66 19 hvilka
361 327 88 21 befinnas
470 328 89 26 skyldige
581 329 28 16 att
629 327 140 19 inkomstskatt
789 329 76 22 utgöra,
884 326 47 20 eller

188 355 73 25 hvilka,
277 356 63 18 ehuru
355 354 60 20 sådan
425 355 122 24 förpliktelse
561 353 20 20 af
588 353 91 20 Kronans
689 353 73 20 ombud
773 352 103 27 päyrkats,
887 352 45 20 der-

187 381 51 20 ifrån
253 382 20 19 af
286 381 86 20 komitén
387 381 87 20 befriats.
716 384 3 3 "

530 433 10 26 $
555 433 32 20 16.

242 472 72 21 Såsom
327 471 62 27 grund
404 473 29 18 för
448 471 159 20 bestämmandet
621 472 20 19 af
653 471 38 20 den
705 476 47 15 rena
766 471 93 25 inkomst,
873 471 60 20 hvar-

189 499 30 19 för
233 499 104 25 bevillning
352 498 35 19 bör
401 499 94 25 erläggas,
507 501 83 22 antages
604 497 38 20 den
655 498 116 25 bevillninge
783 497 91 45 kyldiges
884 503 49 20 egen

189 525 76 25 uppgift
278 525 26 19 till
319 525 210 25 bevillningskomitén.
559 525 37 19 För
609 524 71 20 sådant
695 523 89 20 ändamål
812 525 22 17 bör
850 525 81 23 enhvar,

189 557 44 13 som
244 554 22 16 är
280 550 77 26 skyldig
366 554 28 16 att
404 551 105 25 bevillning
517 551 74 25 utgöra,
603 550 45 25 sjelf
656 550 47 19 eller
712 555 71 20 genom
797 549 74 20 ombud
884 550 50 19 inför

190 577 201 25 bevillningskomitén
402 577 99 24 uppgifva,
513 577 26 19 till
549 576 76 19 hvilket
633 576 72 25 belopp
721 577 38 18 han
771 576 119 25 uppskattar
904 575 30 20 sin

189 609 48 13 rena
250 603 85 19 inkomst
349 603 29 19 för
391 603 34 20 det
439 603 128 19 sistförflutna
581 601 49 21 året.
659 602 58 27 Dylik
730 602 88 19 anmälan
832 602 39 19 kan
883 601 51 25 jem-

190 629 38 24 väl,
245 635 32 13 om
292 629 37 19 den
343 629 206 26 bevillningsskyldige
563 628 21 20 så
601 629 78 24 önskar,
699 628 36 19 ske
751 634 70 19 genom
841 629 91 24 skriftlig,

190 655 131 25 egenhändigt
331 655 145 20 undertecknad
487 655 82 26 uppgift,
580 661 44 14 som
635 655 92 25 antingen
737 655 32 18 vid
779 653 69 26 sjelfva
858 655 76 19 förrätt-

190 682 72 25 ningen
279 682 48 19 eller
346 682 126 20 derförinnan
492 682 26 19 till
536 681 215 26 bevillningskomiténs
765 681 122 20 Ordförande
908 681 27 19 af-

190 708 83 19 lemnas.

532 751 10 26 $
558 753 32 18 17.
755 767 2 2 .

245 790 63 19 Dessa
323 789 99 26 uppgifter
436 790 73 19 införas
523 790 28 19 uti
565 789 65 20 derför
644 789 92 20 bestämd
752 789 80 20 kolumn
849 789 5 20 i
867 789 69 20 bevill-

192 816 145 26 ningslängden.
367 817 62 18 Anser
443 816 86 19 komitén
548 815 61 26 någon
627 815 205 26 bevillningsskyldigs
850 816 86 19 inkomst

191 847 48 14 vara
253 842 30 20 för
297 842 39 25 lågt
350 842 112 25 uppgifven,
479 843 48 19 eller
547 843 35 18 har
596 841 62 26 någon
679 841 117 20 försummat
816 844 28 17 att
860 842 76 25 uppgift

192 868 89 25 aflemna,
291 868 50 20 skall
349 868 209 24 bevillningskomitén,
568 868 90 24 antingen
669 871 70 21 genast
749 869 46 19 eller
802 868 49 20 efter
861 868 75 19 inhem-

192 894 57 20 tande
264 895 20 19 af
296 894 113 26 tillgänglige
423 894 154 26 upplysningar
573 890 9 35 i
592 894 70 24 saken,
674 894 59 20 införa
744 895 6 19 i
761 894 83 20 särskild
854 894 81 19 kolumn

193 921 20 19 af
225 920 197 26 bevillningslängden
435 920 34 19 det
483 921 167 24 inkomstbelopp,
666 920 29 19 för
709 920 77 20 hvilket
799 920 89 20 komitén
902 926 34 14 en-

193 947 33 25 ligt
240 948 29 18 sin
284 946 132 26 öfvertygelse
430 948 80 23 pröfvar
527 948 73 18 honom
617 948 46 18 böra
678 946 71 20 skatta.
780 948 65 24 Synes
858 947 78 25 uppgif-

193 976 32 16 ten
239 974 90 19 Jeremot
343 973 85 19 komiten
449 974 29 19 för
492 974 44 25 hög,
555 974 36 24 äge
605 972 62 25 någon
687 973 112 26 förändring
815 973 57 20 deraf
891 974 44 20 icke

194 1004 51 20 rum,
261 1002 45 16 utan
321 999 36 20 bör
370 999 114 20 densamma
498 1002 48 17 utan
560 999 69 19 vidare
643 999 82 20 kontroll
741 1000 120 25 godkännas.
894 999 43 20 Fin-

195 1031 36 14 ner
245 1025 194 25 bevillningskomite,
456 1027 29 18 för
499 1025 120 26 fullgörande
634 1025 20 19 af
667 1026 33 19 sitt
714 1025 107 26 äliggande,
833 1026 67 25 nödigt
909 1029 28 16 att

192 1051 43 20 frän
250 1051 127 20 embetsverk
391 1052 47 19 eller
452 1051 117 26 tjenstemän
584 1051 85 20 inhemta
683 1055 90 16 närmare
787 1052 100 25 uppgifter
898 1053 38 19 och

193 1079 147 24 upplysningar,
356 1077 46 20 böra
416 1077 59 20 desse
489 1077 137 26 ofördröjligen
640 1083 71 20 genom
721 1079 99 19 komitens
829 1079 107 20 Ordföran-

193 1105 26 19 de
227 1105 98 18 infordras
335 1104 38 19 och
383 1104 20 19 af
413 1104 148 20 vederbörande
570 1104 88 20 komiten
665 1105 161 20 tillhandahållas.
843 1105 95 20 Underlä-

193 1133 31 16 ter
238 1130 128 20 embetsverk
376 1130 47 19 eller
434 1129 116 25 tjensteman
560 1133 28 16 att
598 1130 89 20 meddela
698 1131 64 26 dylika
775 1132 28 18 för
813 1131 124 25 bevillnings-

194 1156 75 20 komite
286 1156 124 25 erforderliga
427 1158 99 24 uppgifter
545 1157 38 19 och
601 1158 150 24 upplysningar,
774 1158 47 18 eller
841 1151 97 31 fördröjer

194 1182 82 20 dermed
291 1182 133 25 otillbörligen,
441 1184 46 18 eller
502 1182 94 20 aflemnar
611 1184 37 19 den
663 1183 119 26 bristfällige.
801 1189 48 13 vare
865 1184 72 20 veder-

195 1208 85 20 börande
294 1209 79 19 derföre
387 1210 87 19 förfaline
490 1210 25 19 till
530 1215 71 14 ansvar
616 1210 68 19 såsom
698 1210 29 19 för
741 1215 62 15 annan
811 1210 126 20 försummel-

195 1240 22 13 se
232 1235 5 18 i
253 1234 90 24 tjensten.

538 1286 10 26 $
563 1287 32 20 18.

247 1324 80 26 Uppgift
340 1324 28 20 till
381 1324 105 27 bevillning
501 1326 50 19 efter
565 1326 87 20 inkomst
666 1326 47 20 sker
733 1326 53 19 inom
803 1327 33 19 det
850 1327 85 25 distrikt,

194 1350 82 21 hvarest
289 1352 38 18 den
341 1351 143 27 skattskyldige
498 1354 21 18 är
534 1353 181 24 mantalsskrifven,
727 1354 38 18 och
779 1353 36 20 bör
825 1354 52 26 förty
890 1354 45 25 den,

195 1383 43 24 som
253 1384 46 20 eger
313 1378 46 20 eller
381 1379 80 19 innehar
482 1378 93 27 fastighet
595 1381 48 19 eller
661 1385 73 15 annars
753 1380 77 26 uppbär
850 1380 88 21 inkomst

194 1410 54 23 inom
261 1407 59 17 annat
333 1405 78 19 distrikt
425 1406 23 18 än
463 1405 40 25 det,
515 1407 83 19 hvarest
612 1407 37 18 han
663 1408 21 17 är
697 1407 179 25 mantalsskrifven,
887 1413 51 20 upp-

191 1431 55 24 gifva
261 1431 23 20 all
299 1431 29 20 sin
342 1437 46 14 rena
398 1431 87 20 inkomst
500 1433 28 18 för
537 1433 262 25 mantalsskrifningsortens
812 1434 124 25 bevilinings-
