1000 1686
295 137 72 23 Nådiga
379 138 140 23 Propositionen
532 138 36 17 N:o
580 139 28 17 38.
780 137 44 20 1253

82 186 111 27 gavarande
206 186 89 21 ändamål
310 187 127 26 erforderliga
451 188 66 25 anslag
531 187 37 20 tills
583 187 68 20 vidare
665 187 48 20 böra
728 187 95 20 beräknas

82 213 27 20 till
125 214 87 24 300,000
226 213 55 20 mark
295 214 39 19 och
348 215 99 24 styrelsen
461 213 96 25 derjemte
570 214 124 19 tillerkännas
708 215 39 18 rätt
756 217 28 17 att
793 220 31 13 re-

82 239 37 20 dan
134 239 42 20 före
189 240 164 19 nästkommande
366 240 99 24 landtdag,
482 240 5 19 i
501 240 30 19 fall
547 240 191 25 omständigheterna
747 241 34 19 det
790 240 33 25 pä-

82 265 57 24 kalla,
156 266 87 18 använda
257 271 24 13 en
295 267 25 18 än
335 267 64 18 större
413 271 78 14 summa
505 267 30 18 för
546 265 60 20 dessa
616 266 66 19 behof.

136 290 72 20 Såsom
225 293 28 17 ett
269 292 117 24 väsendtligt
403 292 39 19 skäl
461 294 51 17 emot
531 292 293 25 bränvinsbränningsrättighe-

83 319 43 17 tens
141 315 95 26 skiljande
250 316 42 20 frän
305 316 117 25 jordbruket
432 318 35 18 har
481 318 83 23 anförts,
580 319 27 18 att
624 318 201 19 husbehofsbrännin-

83 348 49 20 gens
146 343 127 25 upphörande
287 344 63 18 skulle
364 342 11 20 ä
389 343 48 20 flere
450 346 54 17 orter
517 343 43 20 leda
578 343 26 20 tili
619 350 24 13 en
660 343 88 27 betydlig
764 344 60 19 rubb-

83 369 45 25 ning
141 369 5 19 i
162 369 107 25 allmogens
283 369 125 26 hushållning
421 370 38 19 och
475 370 113 25 derigenom
605 370 102 19 förorsaka
723 370 99 23 förluster;

85 396 38 18 och
141 395 84 20 emedan
241 396 63 19 denna
321 395 145 25 omständighet
486 402 60 20 synes
566 396 193 20 Utskottssektionen
778 402 47 14 vara

84 420 78 26 förtjent
175 421 21 21 af
208 422 22 20 ali
245 422 183 25 uppmärksamhet,
444 423 36 19 har
494 422 101 20 sektionen
612 424 64 18 ansett
693 425 28 17 att
735 421 91 31 jordäga-

82 454 54 18 rene,
153 450 55 17 utom:
221 448 84 26 eftergift
319 449 21 19 af
352 448 200 26 bränvinsbrännings
569 449 77 25 afgiften
660 449 39 19 och
715 449 38 19 den
770 451 27 17 uti
815 449 10 25 $

85 474 11 20 3
111 474 109 26 föreslagne
234 474 55 21 andel
304 476 21 19 af
337 475 39 20 den
393 475 106 26 inflytande
515 475 182 26 bränvinsskatten,
712 475 72 25 borde,
800 475 24 26 pä

85 502 39 18 sätt
138 500 73 25 jemväl
228 501 5 19 i
250 501 38 20 den
305 501 73 27 Nädiga
398 502 146 25 propositionen
566 502 118 25 föreslagits,
705 501 120 21 åtminstone

84 527 63 20 under
161 527 38 20 den
212 529 100 19 närmaste
326 528 105 20 framtiden
446 528 47 20 eller
507 528 62 20 under
582 528 26 20 de
620 528 27 20 tio
664 527 29 25 är,
712 528 113 20 hvarunder

85 553 148 26 ifrågavarande
247 555 119 25 författning,
382 555 58 25 enligt
454 555 112 19 sektionens
580 555 65 23 tanke,
661 555 62 19 borde
737 554 88 20 förblifva

84 580 96 26 gällande,
195 586 24 14 ur
232 580 88 20 Kronans
335 581 55 19 andel
404 581 20 19 af
436 580 86 20 nämnde
535 581 87 19 inkomst
639 580 72 20 erhälla
729 580 97 20 särskilda

85 606 76 26 bidrag,
177 607 133 25 förnämligast
324 607 26 19 till
364 607 100 20 lindrande
477 607 21 20 af
509 607 26 20 de
548 607 123 19 kommunala
685 608 80 23 besvär,
776 607 50 20 hvil-

85 633 31 23 ka,
132 633 5 19 i
152 633 109 26 synnerhet
275 632 10 20 ä
301 633 53 20 vissa
368 636 60 22 orter,
444 639 37 20 nog
495 636 55 23 tungt
563 633 70 26 trycka
645 632 125 26 jordbruket,
788 634 38 19 och

85 660 70 19 främst
168 659 100 21 deribland
283 660 127 26 vägbyggnad
419 661 38 18 och
472 659 154 26 hällskjutsning.
655 660 100 26 Förslaget
769 660 5 19 i
788 660 38 20 den

85 685 73 26 Nädiga
173 686 145 25 propositionen
333 689 27 17 att
374 687 64 19 lemna
455 686 233 26 vägbyggnadsskyldige
711 686 67 26 bidrag
798 686 27 20 till

86 712 81 26 lindring
184 712 5 19 i
206 713 62 19 denna
285 715 68 23 tunga,
372 718 58 14 anser
446 713 102 19 sektionen
566 712 29 26 sig
611 712 47 20 böra
676 713 101 19 vördsamt
791 713 36 19 till-

87 738 69 26 styrka
170 738 87 24 sålunda,
273 741 29 17 att
315 739 45 19 dem
376 739 63 20 skulle
452 740 6 18 i
472 740 105 19 allmänhet
591 739 87 25 tilläggas
687 741 29 17 ett
725 740 65 24 anslag
799 739 27 19 till

86 764 102 20 underhåll
202 766 20 18 af
234 766 69 19 allmän
317 766 93 26 landsväg
424 768 52 17 samt
490 768 28 17 att
531 766 38 19 den
583 765 108 26 föreslagna
704 770 90 15 summan
808 765 20 19 af

86 792 88 24 200,000
187 792 57 19 mark
258 791 61 20 måtte
334 792 56 26 höjas
404 792 27 19 till
446 793 87 23 800,000
547 792 57 20 mark
620 797 33 14 om
668 791 51 25 året,
736 794 27 17 att
777 792 49 19 efter

86 818 98 20 mantalen
201 818 84 19 fördelas
302 818 24 25 pä
344 818 101 25 samtelige
462 819 117 19 kommuner
596 818 4 19 i
618 818 71 20 landet.
718 818 58 20 Hvad
789 818 38 20 den

87 843 74 26 Nädiga
178 844 146 25 propositionen
342 844 82 20 dernäst
440 844 106 20 innehåller
563 849 32 14 om
612 845 67 24 anslag
695 843 27 20 till
738 844 90 19 bildande

87 870 21 19 af
120 875 25 14 en
158 869 90 20 länefond
262 871 29 18 för
306 871 64 19 större
384 871 37 19 och
436 871 144 19 kostsammare
594 870 149 26 brobyggnader
756 871 20 18 af
784 873 43 16 sten

88 896 47 20 eller
147 895 52 26 jern,
214 901 58 14 anser
286 897 103 19 sektionen
404 897 29 25 sig
447 897 44 20 icke
505 899 35 23 äga
549 896 101 26 anledning
660 896 104 26 tillstyrka,
776 902 52 14 eme-

87 921 46 25 dan,
150 922 58 25 enligt
222 923 114 19 sektionens
350 923 65 25 tanke,
431 923 82 26 lindring
526 923 6 19 i
546 923 38 20 den
598 923 71 25 ganska
684 922 86 21 känbara
784 925 44 18 tun-

88 953 34 21 ga,
141 948 234 25 brobyggnadsbesväret
391 948 10 21 å
419 949 69 26 många
506 952 53 16 orter
579 949 112 20 förorsakar
703 948 123 25 jordbruket,

88 975 39 19 kan
141 974 85 21 beredas
239 974 24 26 på
278 978 58 16 annat
350 977 46 22 sätt,
411 976 83 19 hvarom
509 975 93 20 särskildt
615 975 92 31 yttrande
720 975 21 20 af
751 975 78 20 Ekono-

88 1001 150 20 mie-Utskottet
254 1001 103 20 aflemnats
374 1001 5 20 i
396 1002 101 25 anledning
511 1002 20 19 af
543 1001 39 20 den
596 1001 73 21 Nådiga
684 1001 145 26 propositionen

88 1027 5 19 i
108 1027 53 19 detta
176 1029 65 18 ämne.
273 1028 94 19 Deremot
383 1028 89 19 förordar
489 1028 101 20 sektionen
612 1017 146 30 vördsammast
778 1027 50 20 bifall

89 1054 28 19 till
131 1053 53 20 hvad
199 1054 5 19 i
218 1053 37 20 den
269 1053 75 26 Nådiga
358 1054 146 26 propositionen
518 1054 110 26 föreslagits
641 1053 79 26 derom,
740 1056 28 17 att
784 1054 45 19 aflö-

88 1080 113 25 ningen..till
218 1081 48 18 bro-
283 1080 37 19 och
338 1081 126 25 skallfogdar,
483 1080 116 26 uppgående
615 1081 27 19 till
660 1081 87 23 100,000
763 1081 65 23 mark,

89 1106 62 20 borde
166 1105 20 20 af
198 1107 78 19 Kronan
290 1107 112 25 öfvertagas
416 1108 37 18 och
468 1110 34 22 att,
516 1107 62 25 jemte
592 1107 34 19 det
639 1106 149 20 vederbörande
804 1107 27 19 lä-

89 1132 95 25 genheter
198 1132 42 20 från
254 1132 60 20 desse
327 1132 98 26 betjentes
439 1132 83 26 aflöning
536 1132 105 28 befriades,
657 1138 25 14 en
692 1132 138 22 motsvarande

88 1164 79 15 summa
182 1159 28 19 för
225 1158 146 26 ifrågavarande
387 1158 90 21 ändamål
495 1160 68 19 ställes
580 1158 26 21 till
623 1159 133 26 Regeringens
772 1158 59 20 förfo-

89 1185 69 25 gande.
187 1185 121 20 Beträffande
323 1186 87 25 slutligen
424 1186 93 25 förslaget
530 1186 6 19 i
550 1185 38 21 den
601 1185 73 26 Nädiga
684 1185 146 26 propositionen

89 1211 69 20 derom
172 1214 28 17 att
212 1211 72 25 jemväl
299 1212 38 19 den
352 1212 26 20 till
393 1213 122 24 Lagmännen
529 1213 39 18 och
581 1211 203 26 Häradshöfdingarne
801 1214 31 17 ut-

90 1237 74 26 gäende
180 1237 172 26 tingsgästningen,
368 1239 4 18 i
389 1239 60 19 värde
463 1238 139 20 motsvarande
616 1239 87 24 490,000
713 1238 62 25 mark,
786 1238 46 19 bor-

90 1265 25 18 de
128 1263 24 26 pä
168 1264 98 19 enahanda
281 1266 39 17 sätt
333 1265 20 19 af
369 1267 63 17 staten
449 1265 94 20 bekostas
560 1265 38 19 och
615 1264 81 20 sälunda
713 1265 58 25 lyftas
789 1263 41 20 frän

88 1289 130 26 jordägarene
232 1291 38 18 och
284 1291 59 20 andra
357 1291 208 26 betalningsskyldige,
582 1291 38 19 kan
637 1291 195 20 Utskottssektionen

90 1317 44 18 icke
148 1317 63 18 Jertill
226 1317 77 18 förorda
318 1318 58 23 bifall,
392 1318 84 18 emedan
491 1317 108 18 fördelarne
612 1317 57 18 häraf
681 1317 79 18 komme
774 1317 57 18 äfven

90 1343 72 23 andre,
180 1343 24 18 än
222 1343 56 24 dem,
297 1348 44 14 som
355 1344 34 18 äro
403 1343 27 19 till
445 1343 204 24 husbehofsbränning
663 1342 127 25 berättigade,
806 1343 25 19 till

90 1368 58 25 godo;
164 1371 45 16 utan
224 1374 59 13 anser
297 1369 102 19 sektionen
413 1371 29 17 att
455 1370 5 18 i
471 1369 47 19 dess
527 1369 55 19 ställe
593 1375 23 12 en
627 1374 78 13 summa
715 1368 21 19 af
745 1369 86 24 500,000

92 1395 56 19 mark
163 1401 32 13 om
210 1395 43 19 året
267 1395 61 20 borde
342 1395 65 20 anslås
421 1396 27 19 till
464 1395 82 25 lindring
560 1395 20 19 af
588 1394 243 26 hållskjutsningstungan,

91 1424 28 17 alt
133 1421 49 20 efter
197 1422 97 19 mantalen
309 1422 83 20 fördelas
406 1422 83 20 emellan
503 1422 62 25 länen,
581 1422 37 19 och
632 1421 80 20 komma
726 1422 24 19 de
760 1420 74 27 skjuts-
