978 1692
258 145 73 24 Nådiga
341 147 141 23 Propositionen
494 146 37 18 N:o
542 145 29 19 26.
753 143 31 22 001

145 195 66 21 Sådan
226 196 109 26 kungörelse
349 198 48 19 skall
411 197 56 27 äfven
480 196 87 27 utfärdas
581 198 7 18 i
602 197 25 19 de
636 196 42 25 fall,
689 197 25 20 då
723 197 63 27 Hktig-

88 225 53 19 heten
156 226 24 24 af
191 225 196 20 kommunalstämmas
400 226 99 25 protokoll,
515 226 55 25 enligt
585 227 12 23 $
612 225 36 24 26,
662 222 56 43 mom.
733 225 18 25 1,
767 226 23 26 af

88 253 127 26 ordföranden
230 259 64 19 ensam
307 254 100 19 vitsordas.

387 307 9 26 $
411 307 32 20 28.

306 346 46 20 Lika
365 346 47 20 med
426 346 97 25 förslaget.

186 399 49 20 eller
248 399 47 20 ock:

132 425 71 20 Finnes
217 426 104 26 skyndsam
334 425 137 26 verkställighet
485 427 24 25 af
520 425 196 22 kommunalstämmäs
731 427 57 21 beslut

84 453 36 26 för
133 454 94 20 särskilda
236 455 39 25 fall
289 454 62 26 nödig,
366 453 38 24 må;
420 460 30 14 om
464 456 55 18 minst
534 460 23 14 en
571 454 82 25 sjettedel
667 456 23 25 af
707 455 80 20 kommu-

89 488 45 13 nens
149 482 43 19 hela
205 482 104 27 röstbelopp
322 483 60 25 finnes
396 482 31 20 vid
442 485 93 18 stämman
553 483 140 24 representerad
710 484 34 19 och
761 487 27 17 tre

84 509 118 28 Jjerdedelar
219 511 24 25 af
257 511 22 19 de
296 511 130 19 närvarandes
443 511 76 20 röstetal
541 517 30 13 om
593 510 70 20 sådant
681 511 58 20 beslut
760 513 28 24 sig

82 538 86 26 förenat,
182 539 160 26 verkställigheten
357 538 16 27 ej
387 539 78 19 hindras
480 539 56 24 deraf
550 541 29 18 att
596 539 77 20 beslutet
690 539 17 26 ej
724 541 65 19 vunnit

88 566 45 25 laga
148 567 56 25 kraft,
213 567 43 20 med
269 566 72 21 mindre
354 566 181 26 ändringssökandet
548 567 104 25 derigenom
666 566 58 27 blefve
736 567 52 28 onyt-

89 595 34 24 tigt
137 595 43 19 eller
192 597 115 24 guvernören
316 595 65 26 finner
394 595 43 19 skäl
451 594 61 21 sådan
525 595 138 26 verkställighet
677 595 82 28 inställa.

389 649 9 25 $
412 649 33 20 29.

307 693 46 21 Lika
367 694 46 19 med
427 693 98 27 förslaget.

99 745 114 32 Förslagets
225 745 65 26 tredje
303 745 71 27 kapitel
392 745 70 22 tillåter
478 747 149 20 kommunerna.
636 745 25 27 på
678 747 66 21 landet
761 747 27 21 att

46 773 68 20 utöfva
129 773 30 20 sin
173 773 115 20 beslutande
301 775 40 18 rätt
354 779 72 20 genom
439 773 239 27 kommunalfullmäktige.
708 774 80 21 Utskot

47 801 28 18 tet
89 801 35 19 har
139 799 6 20 i
159 803 28 16 ett
200 800 82 25 tidigare
295 799 80 27 afgifvet
388 799 126 21 betänkande
527 804 33 15 om
577 785 178 46 reorganisationen
769 802 21 19 af

46 826 105 21 städernes
165 826 229 27 kommunalförvaltning
410 827 69 20 uttalat
493 827 30 27 sig
533 814 102 41 angående
641 826 147 28 ifrågavarande

46 853 229 24 kommunalinstitution,
301 854 38 19 och
362 858 59 15 anser
434 854 31 25 sig
478 842 78 32 derföre
570 859 19 19 ej:
601 852 86 21 behöfva
701 854 33 20 vid
747 854 43 20 det-

47 882 20 18 ta
81 880 73 20 tillfälle
168 880 109 20 återhemta
292 880 52 20 hvad
358 880 63 19 deruti
436 880 60 20 redan
513 880 121 20 framställts:
665 880 76 20 Endast
756 881 33 20 det

46 906 33 20 mä
94 906 105 20 anmärkas
213 909 29 17 att
255 912 25 14 en
293 906 55 27 dylik
362 906 114 26 institution,
492 912 44 15 som
549 911 55 15 mera
618 908 23 17 än
652 909 74 18 tvenne
735 907 53 21 sekel

47 933 52 19 varit
112 932 96 20 verksam
221 934 54 18 inom
289 932 182 32 stadskommunen,
486 935 22 18 är
522 934 29 19 för
564 928 176 41 landskommunen
756 934 34 20 nå-

47 962 33 23 got
94 959 131 27 fullkomligen
240 962 50 24 nytt.
319 959 44 20 Med
377 959 21 20 så
411 946 82 44 mycket
506 965 55 14 mera
576 960 42 19 skäl
628 958 65 22 måste
702 960 21 20 af
730 960 59 20 sådan

46 985 104 27 anledning
163 975 132 31 öfverlemnas
311 986 20 20 åt
347 986 143 20 kommunerha
507 985 69 26 sjelfva
592 988 28 18 att
636 986 51 26 välja
704 986 38 20 den
759 993 32 13 re-

46 1013 136 25 presentativa
196 1013 77 20 formen
287 1013 30 19 för
330 1012 114 20 utöfvandet
457 1014 21 19 af
489 1013 60 20 deras
565 1012 115 20 beslutande
689 1014 48 24 rätt,
753 1014 37 19 och

45 1044 62 21 synes
120 1039 35 20 det
169 1039 107 25 stadgande
289 1039 6 19 i
310 1039 11 25 $
335 1040 25 18 30
374 1045 47 14 vara
430 1039 135 26 välgrundadt,
580 1040 28 18 att
621 1038 72 21 hälften
707 1040 21 19 af
733 1030 58 30 kom-

46 1071 85 15 munens
145 1066 114 25 röstbelopp
273 1066 36 19 bör
323 1071 48 14 vara
384 1066 33 20 vid
432 1066 196 20 kommunalstämma
638 1066 152 31 representerad

46 1094 35 18 när
95 1092 66 20 beslut
175 1092 69 20 härom
258 1092 48 20 skall
321 1092 65 24 fattas,
401 1093 39 19 och
453 1095 28 17 att
495 1092 33 20 två
542 1091 118 25 tredjedelar
676 1092 20 20 af
708 1092 25 20 de
747 1094 43 19 när-

47 1119 98 20 varandes
158 1119 80 19 röstetal
253 1119 48 19 böra
315 1108 79 36 bidraga
408 1120 26 19 till
449 1118 71 21 sådant
533 1119 73 25 beslut,
621 1119 30 19 för
664 1122 29 16 att
701 1120 46 24 göra
756 1120 34 20 det

46 1145 69 26 giltigt.
144 1145 53 21 Enär
211 1145 38 20 den
262 1130 157 45 representativa
433 1146 76 20 formen
521 1135 85 30 ännu
580 1131 23 44 är
613 1146 53 18 inom
677 1146 113 20 landskom-

46 1178 97 14 munerna
158 1172 71 24 okänd,
244 1172 58 20 torde
315 1172 34 19 det
363 1172 45 19 med
423 1172 42 20 skäl
483 1172 66 20 kunna
566 1172 76 19 fordras
659 1174 28 17 att
703 1172 88 21 beslutet

46 1204 33 14 om
92 1198 48 20 dess
154 1198 99 20 införande
267 1197 17 26 ej
299 1199 58 29 utgör
371 1201 28 17 ett
413 1199 94 30 hugskott
520 1199 22 19 af
553 1204 24 14 en
590 1198 78 26 tillfällig
683 1200 106 24 pluralitet,

45 1228 46 17 utan
105 1226 37 19 har
156 1225 29 20 sin
199 1224 63 27 grund
275 1224 28 20 uti
318 1229 24 15 en
356 1225 117 20 allmännare
486 1226 54 19 inom
554 1225 120 19 kommunen
685 1225 68 26 spridd
762 1226 30 19 in-

46 1251 39 27 sigt
98 1257 34 14 om
145 1252 64 20 denna
223 1252 63 19 forms
301 1252 63 19 större
377 1252 120 25 lämplighet.

100 1278 42 20 Den
156 1277 162 26 representation,
335 1283 43 14 som
392 1278 81 20 sålunda
486 1278 63 20 under
563 1282 59 15 namn
636 1278 20 19 af
668 1278 123 20 kommunal-

46 1304 120 26 fullmäktige
181 1305 78 19 komme
273 1306 29 18 att
315 1304 79 25 införas,
414 1303 64 22 skulle
494 1305 67 19 utöfva
578 1304 130 20 kommunens
724 1304 65 20 beslu-

46 1332 106 22 tanderätt,
169 1331 51 18 dock
234 1330 45 19 med
294 1329 54 20 vissa
366 1317 107 42 undantag,
491 1330 68 19 hvilka
577 1330 111 24 uppräknas
705 1331 6 18 i
727 1330 11 24 $
756 1331 32 19 34.

48 1355 32 21 Att
94 1356 25 20 de
133 1356 37 19 der
182 1356 85 19 nämnde
281 1355 82 20 ärender
377 1346 119 29 fortfarande
505 1355 117 20 förbehållas
632 1356 115 25 behandling
756 1356 34 20 vid

48 1383 206 22 kommunalstämma,
269 1381 57 21 torde
340 1381 17 25 ej
372 1382 85 20 behöfva
466 1383 91 19 närmare
566 1382 114 22 motiveras.
710 1382 80 20 Utskot-

49 1411 26 18 tet
91 1408 83 21 föreslår
188 1411 27 18 att
228 1409 37 20 öka
279 1408 147 25 förteckningen
440 1408 46 20 med
500 1407 53 26 fråga
568 1413 32 14 om
614 1408 59 25 inköp
689 1409 20 20 af
725 1408 66 27 fastig-

48 1436 35 20 het
97 1436 29 21 för
140 1435 132 20 kommunens
286 1435 92 26 räkning,
395 1435 84 20 emedan
495 1435 119 20 kommunen
632 1435 37 20 kan
687 1435 104 21 åhvälfvas
