1020 1686
307 141 71 22 Nådiga
389 141 139 23 Propositionen
541 141 37 18 N:o
589 141 28 18 28.
800 141 33 20 788

93 191 25 19 rit
132 191 6 18 i
152 190 69 20 mantal
237 189 74 20 skrifne
325 191 38 18 och
377 190 61 27 erlagt
452 191 97 25 personell
564 190 86 27 utskylä,
665 190 106 21 framdeles
780 191 55 20 kom-

92 222 33 14 me
139 217 27 19 att
180 217 63 18 betala
257 216 38 19 Jen
309 222 38 20 nya
361 216 85 19 skatten.
475 217 37 19 För
526 222 24 13 en
563 216 114 25 jemförelse
685 217 50 19 huru
746 217 39 19 den
796 223 38 20 nya

91 243 78 24 utlagan
182 242 77 19 utfaller
273 243 30 19 för
317 241 70 26 hvarje
401 243 76 19 enskild
491 248 73 19 person
578 243 47 19 eller
639 241 66 26 familj,
717 243 5 18 i
732 243 103 20 förhällan-

92 269 25 19 de
131 269 25 19 tili
171 269 36 18 alla
221 268 25 19 Je
260 269 102 25 utskylder
377 273 43 14 som
435 275 25 12 nu
475 269 62 19 under
547 269 52 24 olika
609 269 52 19 titlar
670 269 165 24 betalas,:lemna

92 294 25 20 de
131 294 6 19 i
151 294 195 20 Kammarkontorets
361 294 136 25 sammandrag
511 294 74 20 införda
600 294 90 25 exempel
705 295 46 19 flera
763 296 71 25 upply-

93 320 61 20 sande
168 320 74 25 bidrag.
271 320 59 21 Bland
345 326 25 13 nu
384 321 89 24 gällande
487 320 76 25 afgifler
577 320 58 26 utgår
651 321 183 25 medicinalfonden,

93 347 64 19 ehuru
171 346 100 26 obetydlig
285 347 27 19 till
327 346 33 20 sitt
373 346 79 26 belopp,
468 347 20 19 af
500 346 36 20 alla
553 347 2 19 i
571 347 71 19 mantal
657 346 74 20 skrifne
740 352 95 20 personer

92 373 21 20 af
125 374 35 19 alla
176 372 56 20 stånd
247 373 39 19 och
299 372 172 22 samhällsklasser
484 374 52 18 samt
549 372 78 20 således
637 374 21 18 af
665 373 34 20 det
710 376 72 17 största
791 379 44 19 per-

93 400 89 22 sontalet.
199 405 43 13 som
251 399 30 20 för
290 398 22 20 är
323 399 50 19 1860
382 398 91 27 utgjorde
483 400 93 25 641,617,
588 398 111 25 hvarjemte
708 400 127 26 Jebiterings-

92 426 106 26 längderna
212 428 84 23 upptaga
311 431 23 13 en
350 426 49 25 viss,
411 426 63 19 ehuru
483 426 57 20 likväl
550 425 133 26 ofullständig,
696 426 140 20 klassifikation

93 452 21 20 af
125 452 26 20 de
164 452 102 20 betalande
281 452 49 19 efter
344 452 58 19 deras
417 452 49 20 olika
481 451 63 21 stånd.
574 453 66 19 Denna
655 452 62 26 grund
727 453 29 18 för
764 452 72 20 beräk-

92 479 74 19 nandet
178 478 20 19 af
210 478 26 20 de
249 478 267 26 nya'mantalspenningarne
530 478 57 25 utgör
601 478 37 19 den
653 478 49 20 enda
720 478 115 26 tillgängliga

92 505 39 20 och
147 504 127 26 tillförlitliga,
293 506 34 18 öm
345 504 60 20 också
422 504 43 20 icke
481 505 42 19 fullt
540 504 66 20 säkra.
638 504 142 25 Ridderskapet
797 506 38 19 och

94 531 60 20 Adeln
166 530 63 25 jemte
243 530 88 26 hustrur,
347 530 48 21 barn
410 532 38 19 och
462 530 112 25 tjenstefolk
589 533 52 18 samt
654 530 94 21 åtskilliga
766 532 68 25 andra,

93 558 63 19 ehuru
170 557 101 20 frikallade
281 557 42 19 från
333 557 199 26 mantalspenningar,
543 557 64 19 betala
617 557 58 20 likväl
686 558 149 20 medicinalfond

93 584 38 20 och
146 583 45 25 ingå
208 583 77 21 således
299 584 60 19 redan
373 584 28 19 uti
415 583 133 26 nyssnämnde
561 584 106 25 persontal.
697 584 38 20 Om
745 584 26 20 till
782 584 54 25 detta

91 611 68 25 lägges
173 610 45 20 icke
232 610 50 20 blott
297 616 24 13 en
336 615 77 14 summa
428 610 29 19 för
470 610 25 20 de
508 615 102 20 personer,
626 610 66 19 hvilka
707 612 33 18 äro
752 610 43 20 från
808 611 28 19 al-

92 638 19 19 la
123 636 105 26 utskylder
242 636 92 20 befriade
344 637 37 19 och
396 636 51 26 förty
462 636 44 20 icke
523 636 62 20 blifvit
601 637 62 19 under
681 636 24 20 de
722 636 114 20 betalandes

92 664 51 19 antal
158 663 120 25 beräknade,
294 662 60 20 bland
369 662 65 20 hvilka
448 662 103 20 befrielser
568 663 162 25 hemmansegare
745 664 38 18 och
797 666 39 16 tor-

92 695 48 20 pare
153 695 27 13 m.
196 690 28 25 fl.,
241 694 45 15 som
300 694 35 20 ega
349 690 12 18 4
376 689 55 24 barn,
445 688 61 25 jemte
520 694 25 14 en
560 688 30 20 del
606 690 21 18 af
638 690 133 19 Tammerfors
782 689 54 19 stads

92 715 119 20 innevånare
231 718 53 17 samt
299 716 103 19 städernas
420 714 134 26 sjömanskap,
574 720 44 14 som
636 715 65 26 seglar
719 714 23 26 på
760 716 76 19 utrikes

92 745 40 21 ort,
151 744 34 17 äro
202 742 25 20 de
243 741 192 25 hufvudsakligaste,
454 745 47 16 utan
516 741 37 19 ock
570 742 60 19 de:af
643 742 94 25 Wiborgs
751 742 41 19 läns
808 742 28 19 in-

92 769 88 25 byggare
197 769 56 19 öfver
271 769 22 19 45
309 767 30 26 år,
356 774 43 14 som
414 767 79 21 komme
506 770 29 18 att
549 768 69 24 utgöra
632 768 200 25 mantalspenningar,

93 801 21 14 så
129 794 61 21 borde
205 801 24 13 en
243 796 5 18 i
263 794 34 20 det
310 794 111 26 möjligaste
435 794 105 26 tillförlitlig
554 794 52 20 siffra
616 795 56 19 öfver
682 794 25 20 de
716 794 119 26 betalnings-

93 821 99 26 skyldiges
206 822 50 19 antal
272 821 91 21 erhållas.
391 821 44 19 Men
449 822 21 18 af
481 821 53 19 detta
549 820 158 25 beräkningssätt
721 820 55 25 följer
792 821 44 19 tilli-

93 848 25 19 ka
136 850 28 17 att
180 853 24 14 en
221 847 98 26 tillökning
336 848 27 18 uti
381 847 112 24 inkomsten
507 847 78 20 utöfver
601 847 25 20 Je
640 847 113 20 nuvarande
767 853 69 19 perso-

93 874 50 25 nella
157 874 129 26 utskyldernä
299 873 64 20 måste
377 873 79 26 uppstå.
488 874 79 19 Samma
585 873 98 25 tillökning
704 873 73 23 skulle:
788 873 48 20 dock

92 901 6 18 i
115 901 34 19 det
165 903 101 17 närmaste
280 901 79 18 vinnas”
370 905 43 20 om,
431 900 45 19 med
494 899 135 20 bibehållande
644 900 19 19 af
676 899 22 20 Je
705 901 63 24 förra
782 899 54 26 -afgif-

93 929 62 22 terne,
178 927 88 25 samtliga
283 932 26 14 nu
326 925 88 27 gällande
431 926 101 20 befrielser
549 926 118 25 upphäfvas.
699 925 137 21 -Öfverskottet

93 953 39 19 kan
146 953 77 20 derföre
237 958 54 15 mera
306 953 59 19 sökas
379 953 28 18 uti
422 955 28 17 ett
463 953 59 19 ökalt
534 953 50 23 antal
600 953 21 18 af
635 951 111 25 betalanle,-
765 953 27 18 än.
807 952 29 19 uti

94 979 63 26 någon
172 979 82 26 egentlig
268 978 107 26 förhöjning
388 979 21 20 af
421 978 70 25 sjelfva
504 978 113 27 utskylden,
630 979 94 19 ehuruväl
735 978 32 19 vid
773 979 63 27 hvar-

91 1005 22 26 je
127 1006 96 25 reglering
238 1005 64 26 någon
317 1005 77 20 mindre
408 1004 108 27 förhöjning
528 1004 30 21 för
572 1010 25 14 en
609 1005 32 22 del
656 1005 103 19 betalande
768 1010 16 19 ej
795 1005 40 19 kan

93 1032 80 20 alldeles
188 1031 104 21 undvikas.
309 1044 20 4 «=:
356 1039 2 2 +;
410 1045 2 2 >
562 1045 2 3 .
691 1042 2 2 9
774 1044 9 3 N

146 1067 27 20 Pä
188 1067 119 26 ofvansagde
319 1066 87 27 grunder
420 1065 55 23 samt
485 1064 45 22 med
545 1067 76 24 hänsyn
635 1065 26 20 till
676 1066 36 20 den
726 1065 109 20 klassifica-

93 1094 41 19 tion
148 1094 21 19 af
181 1094 24 19 Je
220 1093 61 20 skilda
296 1093 89 25 stånden,
401 1091 77 22 hvartill
488 1092 135 25 debiteringen
633 1093 20 18 af
660 1092 175 19 meuicinalfonden

94 1119 63 26 gifver
170 1120 108 25 anledning,
295 1121 35 17 har
345 1118 82 25 följande
441 1119 119 27 ungefärliga
573 1118 107 26 beräkning
693 1119 57 18 öfver
764 1119 72 18 antalet

93 1146 22 20 af
127 1146 197 26 betalningsskyldige
338 1144 63 21 blifvit
413 1145 104 26 uppgjord,
532 1144 106 26 nemligen:
