<?xml version="1.0" encoding="UTF-8"?>
<alto xmlns="http://www.loc.gov/standards/alto/ns-v3#" xmlns:xlink="http://www.w3.org/1999/xlink" xmlns:xsi="http://www.w3.org/2001/XMLSchema-instance" xsi:schemaLocation="http://www.loc.gov/standards/alto/ns-v3# http://www.loc.gov/alto/v3/alto-3-0.xsd">
	<Description>
		<MeasurementUnit>pixel</MeasurementUnit>
		<sourceImageInformation>
			<fileName>/tmp/tess_1w8udq9z_input.PNG</fileName>
		</sourceImageInformation>
		<OCRProcessing ID="OCR_0">
			<ocrProcessingStep>
				<processingSoftware>
					<softwareName>tesseract 5.3.4</softwareName>
				</processingSoftware>
			</ocrProcessingStep>
		</OCRProcessing>
	</Description>
	<Layout>
		<Page WIDTH="1000" HEIGHT="1692" PHYSICAL_IMG_NR="0" ID="page_0">
			<PrintSpace HPOS="0" VPOS="0" WIDTH="1000" HEIGHT="1692">
				<ComposedBlock ID="cblock_0" HPOS="289" VPOS="137" WIDTH="529" HEIGHT="24">
					<TextBlock ID="block_0" HPOS="289" VPOS="137" WIDTH="529" HEIGHT="24">
						<TextLine ID="line_0" HPOS="289" VPOS="137" WIDTH="529" HEIGHT="24">
							<String ID="string_0" HPOS="289" VPOS="137" WIDTH="73" HEIGHT="23" WC="0.92" CONTENT="Nådiga"/><SP WIDTH="11" VPOS="137" HPOS="362"/>
							<String ID="string_1" HPOS="373" VPOS="139" WIDTH="141" HEIGHT="22" WC="0.2" CONTENT="Propositionen"/><SP WIDTH="13" VPOS="139" HPOS="514"/>
							<String ID="string_2" HPOS="527" VPOS="139" WIDTH="36" HEIGHT="17" WC="0.96" CONTENT="N:o"/><SP WIDTH="11" VPOS="139" HPOS="563"/>
							<String ID="string_3" HPOS="574" VPOS="140" WIDTH="29" HEIGHT="17" WC="0.96" CONTENT="26."/><SP WIDTH="179" VPOS="140" HPOS="603"/>
							<String ID="string_4" HPOS="782" VPOS="139" WIDTH="36" HEIGHT="19" WC="0.94" CONTENT="637"/>
						</TextLine>
					</TextBlock>
				</ComposedBlock>
				<ComposedBlock ID="cblock_1" HPOS="71" VPOS="185" WIDTH="747" HEIGHT="55">
					<TextBlock ID="block_1" HPOS="71" VPOS="185" WIDTH="747" HEIGHT="55">
						<TextLine ID="line_1" HPOS="71" VPOS="185" WIDTH="747" HEIGHT="30">
							<String ID="string_5" HPOS="71" VPOS="185" WIDTH="39" HEIGHT="29" WC="0.96" CONTENT="den"/><SP WIDTH="16" VPOS="185" HPOS="110"/>
							<String ID="string_6" HPOS="126" VPOS="189" WIDTH="41" HEIGHT="17" WC="0.96" CONTENT="tror"/><SP WIDTH="14" VPOS="189" HPOS="167"/>
							<String ID="string_7" HPOS="181" VPOS="187" WIDTH="29" HEIGHT="25" WC="0.93" CONTENT="sig"/><SP WIDTH="14" VPOS="187" HPOS="210"/>
							<String ID="string_8" HPOS="224" VPOS="187" WIDTH="63" HEIGHT="19" WC="0.91" CONTENT="dertill"/><SP WIDTH="15" VPOS="187" HPOS="287"/>
							<String ID="string_9" HPOS="302" VPOS="188" WIDTH="32" HEIGHT="24" WC="0.93" CONTENT="fog"/><SP WIDTH="14" VPOS="188" HPOS="334"/>
							<String ID="string_10" HPOS="348" VPOS="193" WIDTH="42" HEIGHT="20" WC="0.91" CONTENT="ega,"/><SP WIDTH="17" VPOS="193" HPOS="390"/>
							<String ID="string_11" HPOS="407" VPOS="188" WIDTH="55" HEIGHT="20" WC="0.93" CONTENT="öfver"/><SP WIDTH="14" VPOS="188" HPOS="462"/>
							<String ID="string_12" HPOS="476" VPOS="188" WIDTH="74" HEIGHT="26" WC="0.92" CONTENT="vägrad"/><SP WIDTH="10" VPOS="188" HPOS="550"/>
							<String ID="string_13" HPOS="560" VPOS="190" WIDTH="127" HEIGHT="20" WC="0.96" CONTENT="fastställelse"/><SP WIDTH="12" VPOS="190" HPOS="687"/>
							<String ID="string_14" HPOS="699" VPOS="190" WIDTH="41" HEIGHT="19" WC="0.96" CONTENT="föra"/><SP WIDTH="10" VPOS="190" HPOS="740"/>
							<String ID="string_15" HPOS="750" VPOS="189" WIDTH="68" HEIGHT="26" WC="0.96" CONTENT="klagan"/>
						</TextLine>
						<TextLine ID="line_2" HPOS="72" VPOS="213" WIDTH="398" HEIGHT="27">
							<String ID="string_16" HPOS="72" VPOS="218" WIDTH="5" HEIGHT="12" WC="0.93" CONTENT="i"/><SP WIDTH="14" VPOS="218" HPOS="77"/>
							<String ID="string_17" HPOS="91" VPOS="213" WIDTH="97" HEIGHT="19" WC="0.91" CONTENT="Senatens"/><SP WIDTH="14" VPOS="213" HPOS="188"/>
							<String ID="string_18" HPOS="202" VPOS="213" WIDTH="268" HEIGHT="27" WC="0.91" CONTENT="Ekonomie-Departement."/>
						</TextLine>
					</TextBlock>
				</ComposedBlock>
				<ComposedBlock ID="cblock_2" HPOS="416" VPOS="273" WIDTH="57" HEIGHT="25">
					<TextBlock ID="block_2" HPOS="416" VPOS="273" WIDTH="57" HEIGHT="25">
						<TextLine ID="line_3" HPOS="416" VPOS="273" WIDTH="57" HEIGHT="25">
							<String ID="string_19" HPOS="416" VPOS="273" WIDTH="10" HEIGHT="25" WC="0.86" CONTENT="$"/><SP WIDTH="15" VPOS="273" HPOS="426"/>
							<String ID="string_20" HPOS="441" VPOS="274" WIDTH="32" HEIGHT="18" WC="0.96" CONTENT="72."/>
						</TextLine>
					</TextBlock>
				</ComposedBlock>
				<ComposedBlock ID="cblock_3" HPOS="67" VPOS="314" WIDTH="753" HEIGHT="773">
					<TextBlock ID="block_3" HPOS="68" VPOS="314" WIDTH="752" HEIGHT="502">
						<TextLine ID="line_4" HPOS="126" VPOS="314" WIDTH="694" HEIGHT="28">
							<String ID="string_21" HPOS="126" VPOS="314" WIDTH="53" HEIGHT="21" WC="0.95" CONTENT="Hvar"/><SP WIDTH="14" VPOS="314" HPOS="179"/>
							<String ID="string_22" HPOS="193" VPOS="320" WIDTH="44" HEIGHT="14" WC="0.93" CONTENT="som"/><SP WIDTH="13" VPOS="320" HPOS="237"/>
							<String ID="string_23" HPOS="250" VPOS="315" WIDTH="45" HEIGHT="20" WC="0.96" CONTENT="icke"/><SP WIDTH="13" VPOS="315" HPOS="295"/>
							<String ID="string_24" HPOS="308" VPOS="315" WIDTH="55" HEIGHT="26" WC="0.96" CONTENT="nöjes"/><SP WIDTH="15" VPOS="315" HPOS="363"/>
							<String ID="string_25" HPOS="378" VPOS="316" WIDTH="20" HEIGHT="20" WC="0.96" CONTENT="ät"/><SP WIDTH="14" VPOS="316" HPOS="398"/>
							<String ID="string_26" HPOS="412" VPOS="318" WIDTH="71" HEIGHT="24" WC="0.93" CONTENT="beslut,"/><SP WIDTH="16" VPOS="318" HPOS="483"/>
							<String ID="string_27" HPOS="499" VPOS="317" WIDTH="112" HEIGHT="21" WC="0.92" CONTENT="meddeladt"/><SP WIDTH="12" VPOS="317" HPOS="611"/>
							<String ID="string_28" HPOS="623" VPOS="318" WIDTH="5" HEIGHT="19" WC="0.93" CONTENT="i"/><SP WIDTH="11" VPOS="318" HPOS="628"/>
							<String ID="string_29" HPOS="639" VPOS="318" WIDTH="181" HEIGHT="20" WC="0.85" CONTENT="kommunalstäm-"/>
						</TextLine>
						<TextLine ID="line_5" HPOS="70" VPOS="341" WIDTH="745" HEIGHT="29">
							<String ID="string_30" HPOS="70" VPOS="346" WIDTH="33" HEIGHT="14" WC="0.96" CONTENT="ma"/><SP WIDTH="10" VPOS="346" HPOS="103"/>
							<String ID="string_31" HPOS="113" VPOS="341" WIDTH="48" HEIGHT="20" WC="0.96" CONTENT="eller"/><SP WIDTH="9" VPOS="341" HPOS="161"/>
							<String ID="string_32" HPOS="170" VPOS="342" WIDTH="21" HEIGHT="18" WC="0.93" CONTENT="af"/><SP WIDTH="7" VPOS="342" HPOS="191"/>
							<String ID="string_33" HPOS="198" VPOS="341" WIDTH="236" HEIGHT="28" WC="0.92" CONTENT="kommunalfullmäktige"/><SP WIDTH="10" VPOS="341" HPOS="434"/>
							<String ID="string_34" HPOS="444" VPOS="344" WIDTH="47" HEIGHT="20" WC="0.93" CONTENT="eller"/><SP WIDTH="9" VPOS="344" HPOS="491"/>
							<String ID="string_35" HPOS="500" VPOS="344" WIDTH="197" HEIGHT="26" WC="0.25" CONTENT="kommunalnämnd,"/><SP WIDTH="15" VPOS="344" HPOS="697"/>
							<String ID="string_36" HPOS="712" VPOS="345" WIDTH="48" HEIGHT="19" WC="0.92" CONTENT="eller"/><SP WIDTH="11" VPOS="345" HPOS="760"/>
							<String ID="string_37" HPOS="771" VPOS="345" WIDTH="44" HEIGHT="25" WC="0.96" CONTENT="ock,"/>
						</TextLine>
						<TextLine ID="line_6" HPOS="71" VPOS="367" WIDTH="747" HEIGHT="30">
							<String ID="string_38" HPOS="71" VPOS="367" WIDTH="5" HEIGHT="19" WC="0.96" CONTENT="i"/><SP WIDTH="18" VPOS="367" HPOS="76"/>
							<String ID="string_39" HPOS="94" VPOS="368" WIDTH="33" HEIGHT="19" WC="0.94" CONTENT="det"/><SP WIDTH="16" VPOS="368" HPOS="127"/>
							<String ID="string_40" HPOS="143" VPOS="368" WIDTH="31" HEIGHT="20" WC="0.93" CONTENT="fall"/><SP WIDTH="19" VPOS="368" HPOS="174"/>
							<String ID="string_41" HPOS="193" VPOS="368" WIDTH="10" HEIGHT="25" WC="0.93" CONTENT="$"/><SP WIDTH="18" VPOS="368" HPOS="203"/>
							<String ID="string_42" HPOS="221" VPOS="370" WIDTH="24" HEIGHT="19" WC="0.96" CONTENT="19"/><SP WIDTH="18" VPOS="370" HPOS="245"/>
							<String ID="string_43" HPOS="263" VPOS="369" WIDTH="90" HEIGHT="26" WC="0.94" CONTENT="stadgar,"/><SP WIDTH="16" VPOS="369" HPOS="353"/>
							<String ID="string_44" HPOS="369" VPOS="370" WIDTH="21" HEIGHT="19" WC="0.96" CONTENT="af"/><SP WIDTH="12" VPOS="370" HPOS="390"/>
							<String ID="string_45" HPOS="402" VPOS="370" WIDTH="116" HEIGHT="20" WC="0.94" CONTENT="ordförande"/><SP WIDTH="15" VPOS="370" HPOS="518"/>
							<String ID="string_46" HPOS="533" VPOS="370" WIDTH="5" HEIGHT="20" WC="0.93" CONTENT="i"/><SP WIDTH="16" VPOS="370" HPOS="538"/>
							<String ID="string_47" HPOS="554" VPOS="373" WIDTH="104" HEIGHT="23" WC="0.96" CONTENT="stämman,"/><SP WIDTH="17" VPOS="373" HPOS="658"/>
							<String ID="string_48" HPOS="675" VPOS="377" WIDTH="47" HEIGHT="20" WC="0.96" CONTENT="eger"/><SP WIDTH="15" VPOS="377" HPOS="722"/>
							<String ID="string_49" HPOS="737" VPOS="373" WIDTH="39" HEIGHT="18" WC="0.96" CONTENT="rätt"/><SP WIDTH="14" VPOS="373" HPOS="776"/>
							<String ID="string_50" HPOS="790" VPOS="375" WIDTH="28" HEIGHT="17" WC="0.96" CONTENT="att"/>
						</TextLine>
						<TextLine ID="line_7" HPOS="70" VPOS="394" WIDTH="748" HEIGHT="29">
							<String ID="string_51" HPOS="70" VPOS="394" WIDTH="93" HEIGHT="28" WC="0.70" CONTENT="Jeröfver"/><SP WIDTH="17" VPOS="394" HPOS="163"/>
							<String ID="string_52" HPOS="180" VPOS="396" WIDTH="66" HEIGHT="19" WC="0.96" CONTENT="anföra"/><SP WIDTH="18" VPOS="396" HPOS="246"/>
							<String ID="string_53" HPOS="264" VPOS="396" WIDTH="94" HEIGHT="26" WC="0.96" CONTENT="skriftliga"/><SP WIDTH="17" VPOS="396" HPOS="358"/>
							<String ID="string_54" HPOS="375" VPOS="397" WIDTH="82" HEIGHT="25" WC="0.93" CONTENT="besvär,"/><SP WIDTH="20" VPOS="397" HPOS="457"/>
							<String ID="string_55" HPOS="477" VPOS="397" WIDTH="64" HEIGHT="20" WC="0.96" CONTENT="hvilka"/><SP WIDTH="18" VPOS="397" HPOS="541"/>
							<String ID="string_56" HPOS="559" VPOS="398" WIDTH="54" HEIGHT="19" WC="0.96" CONTENT="skola"/><SP WIDTH="17" VPOS="398" HPOS="613"/>
							<String ID="string_57" HPOS="630" VPOS="398" WIDTH="20" HEIGHT="19" WC="0.96" CONTENT="af"/><SP WIDTH="16" VPOS="398" HPOS="650"/>
							<String ID="string_58" HPOS="666" VPOS="398" WIDTH="38" HEIGHT="19" WC="0.93" CONTENT="den"/><SP WIDTH="17" VPOS="398" HPOS="704"/>
							<String ID="string_59" HPOS="721" VPOS="398" WIDTH="97" HEIGHT="25" WC="0.96" CONTENT="klagande"/>
						</TextLine>
						<TextLine ID="line_8" HPOS="70" VPOS="421" WIDTH="748" HEIGHT="27">
							<String ID="string_60" HPOS="70" VPOS="421" WIDTH="46" HEIGHT="24" WC="0.95" CONTENT="sjelf"/><SP WIDTH="13" VPOS="421" HPOS="116"/>
							<String ID="string_61" HPOS="129" VPOS="422" WIDTH="47" HEIGHT="19" WC="0.93" CONTENT="eller"/><SP WIDTH="14" VPOS="422" HPOS="176"/>
							<String ID="string_62" HPOS="190" VPOS="422" WIDTH="51" HEIGHT="20" WC="0.93" CONTENT="hans"/><SP WIDTH="14" VPOS="422" HPOS="241"/>
							<String ID="string_63" HPOS="255" VPOS="422" WIDTH="81" HEIGHT="26" WC="0.96" CONTENT="lagligen"/><SP WIDTH="16" VPOS="422" HPOS="336"/>
							<String ID="string_64" HPOS="352" VPOS="424" WIDTH="79" HEIGHT="19" WC="0.96" CONTENT="tillsatte"/><SP WIDTH="14" VPOS="424" HPOS="431"/>
							<String ID="string_65" HPOS="445" VPOS="424" WIDTH="72" HEIGHT="20" WC="0.96" CONTENT="ombud"/><SP WIDTH="15" VPOS="424" HPOS="517"/>
							<String ID="string_66" HPOS="532" VPOS="424" WIDTH="60" HEIGHT="20" WC="0.95" CONTENT="tillika"/><SP WIDTH="15" VPOS="424" HPOS="592"/>
							<String ID="string_67" HPOS="607" VPOS="424" WIDTH="45" HEIGHT="20" WC="0.96" CONTENT="med"/><SP WIDTH="17" VPOS="424" HPOS="652"/>
							<String ID="string_68" HPOS="669" VPOS="424" WIDTH="34" HEIGHT="20" WC="0.93" CONTENT="det"/><SP WIDTH="16" VPOS="424" HPOS="703"/>
							<String ID="string_69" HPOS="719" VPOS="424" WIDTH="99" HEIGHT="21" WC="0.84" CONTENT="öfverkla-"/>
						</TextLine>
						<TextLine ID="line_9" HPOS="70" VPOS="447" WIDTH="747" HEIGHT="30">
							<String ID="string_70" HPOS="70" VPOS="447" WIDTH="50" HEIGHT="26" WC="0.77" CONTENT="gale"/><SP WIDTH="13" VPOS="447" HPOS="120"/>
							<String ID="string_71" HPOS="133" VPOS="448" WIDTH="86" HEIGHT="20" WC="0.96" CONTENT="beslutet"/><SP WIDTH="14" VPOS="448" HPOS="219"/>
							<String ID="string_72" HPOS="233" VPOS="449" WIDTH="27" HEIGHT="19" WC="0.93" CONTENT="till"/><SP WIDTH="15" VPOS="449" HPOS="260"/>
							<String ID="string_73" HPOS="275" VPOS="449" WIDTH="129" HEIGHT="21" WC="0.92" CONTENT="Guvernören"/><SP WIDTH="17" VPOS="449" HPOS="404"/>
							<String ID="string_74" HPOS="421" VPOS="450" WIDTH="94" HEIGHT="20" WC="0.92" CONTENT="inlemnas"/><SP WIDTH="17" VPOS="450" HPOS="515"/>
							<String ID="string_75" HPOS="532" VPOS="450" WIDTH="52" HEIGHT="20" WC="0.93" CONTENT="inom"/><SP WIDTH="17" VPOS="450" HPOS="584"/>
							<String ID="string_76" HPOS="601" VPOS="451" WIDTH="66" HEIGHT="19" WC="0.96" CONTENT="trettio"/><SP WIDTH="17" VPOS="451" HPOS="667"/>
							<String ID="string_77" HPOS="684" VPOS="451" WIDTH="70" HEIGHT="26" WC="0.84" CONTENT="Jagar,"/><SP WIDTH="19" VPOS="451" HPOS="754"/>
							<String ID="string_78" HPOS="773" VPOS="457" WIDTH="44" HEIGHT="15" WC="0.96" CONTENT="som"/>
						</TextLine>
						<TextLine ID="line_10" HPOS="69" VPOS="474" WIDTH="747" HEIGHT="30">
							<String ID="string_79" HPOS="69" VPOS="474" WIDTH="79" HEIGHT="21" WC="0.96" CONTENT="räknas:"/><SP WIDTH="16" VPOS="474" HPOS="148"/>
							<String ID="string_80" HPOS="164" VPOS="474" WIDTH="19" HEIGHT="26" WC="0.96" CONTENT="a)"/><SP WIDTH="15" VPOS="474" HPOS="183"/>
							<String ID="string_81" HPOS="198" VPOS="476" WIDTH="5" HEIGHT="19" WC="0.95" CONTENT="i"/><SP WIDTH="15" VPOS="476" HPOS="203"/>
							<String ID="string_82" HPOS="218" VPOS="476" WIDTH="31" HEIGHT="20" WC="0.93" CONTENT="fall"/><SP WIDTH="16" VPOS="476" HPOS="249"/>
							<String ID="string_83" HPOS="265" VPOS="478" WIDTH="109" HEIGHT="18" WC="0.95" CONTENT="stämmans"/><SP WIDTH="14" VPOS="478" HPOS="374"/>
							<String ID="string_84" HPOS="388" VPOS="476" WIDTH="65" HEIGHT="21" WC="0.92" CONTENT="beslut"/><SP WIDTH="13" VPOS="476" HPOS="453"/>
							<String ID="string_85" HPOS="466" VPOS="477" WIDTH="64" HEIGHT="21" WC="0.96" CONTENT="blifvit"/><SP WIDTH="16" VPOS="477" HPOS="530"/>
							<String ID="string_86" HPOS="546" VPOS="477" WIDTH="89" HEIGHT="27" WC="0.93" CONTENT="antingen"/><SP WIDTH="16" VPOS="477" HPOS="635"/>
							<String ID="string_87" HPOS="651" VPOS="476" WIDTH="91" HEIGHT="26" WC="0.96" CONTENT="justerad"/><SP WIDTH="17" VPOS="476" HPOS="742"/>
							<String ID="string_88" HPOS="759" VPOS="478" WIDTH="6" HEIGHT="20" WC="0.96" CONTENT="i"/><SP WIDTH="13" VPOS="478" HPOS="765"/>
							<String ID="string_89" HPOS="778" VPOS="478" WIDTH="38" HEIGHT="21" WC="0.96" CONTENT="den"/>
						</TextLine>
						<TextLine ID="line_11" HPOS="70" VPOS="501" WIDTH="747" HEIGHT="30">
							<String ID="string_90" HPOS="70" VPOS="501" WIDTH="81" HEIGHT="27" WC="0.96" CONTENT="ordning"/><SP WIDTH="14" VPOS="501" HPOS="151"/>
							<String ID="string_91" HPOS="165" VPOS="502" WIDTH="21" HEIGHT="25" WC="0.94" CONTENT="$$"/><SP WIDTH="15" VPOS="502" HPOS="186"/>
							<String ID="string_92" HPOS="201" VPOS="503" WIDTH="24" HEIGHT="19" WC="0.97" CONTENT="25"/><SP WIDTH="15" VPOS="503" HPOS="225"/>
							<String ID="string_93" HPOS="240" VPOS="503" WIDTH="39" HEIGHT="20" WC="0.97" CONTENT="och"/><SP WIDTH="14" VPOS="503" HPOS="279"/>
							<String ID="string_94" HPOS="293" VPOS="504" WIDTH="26" HEIGHT="19" WC="0.93" CONTENT="26"/><SP WIDTH="14" VPOS="504" HPOS="319"/>
							<String ID="string_95" HPOS="333" VPOS="503" WIDTH="103" HEIGHT="25" WC="0.96" CONTENT="innehålla,"/><SP WIDTH="17" VPOS="503" HPOS="436"/>
							<String ID="string_96" HPOS="453" VPOS="505" WIDTH="47" HEIGHT="19" WC="0.94" CONTENT="eller"/><SP WIDTH="16" VPOS="505" HPOS="500"/>
							<String ID="string_97" HPOS="516" VPOS="504" WIDTH="6" HEIGHT="19" WC="0.96" CONTENT="i"/><SP WIDTH="16" VPOS="504" HPOS="522"/>
							<String ID="string_98" HPOS="538" VPOS="504" WIDTH="133" HEIGHT="20" WC="0.96" CONTENT="kommunens"/><SP WIDTH="17" VPOS="504" HPOS="671"/>
							<String ID="string_99" HPOS="688" VPOS="504" WIDTH="64" HEIGHT="27" WC="0.96" CONTENT="kyrka"/><SP WIDTH="18" VPOS="504" HPOS="752"/>
							<String ID="string_100" HPOS="770" VPOS="505" WIDTH="47" HEIGHT="21" WC="0.96" CONTENT="eller"/>
						</TextLine>
						<TextLine ID="line_12" HPOS="68" VPOS="528" WIDTH="749" HEIGHT="30">
							<String ID="string_101" HPOS="68" VPOS="528" WIDTH="76" HEIGHT="26" WC="0.92" CONTENT="kyrkor"/><SP WIDTH="15" VPOS="528" HPOS="144"/>
							<String ID="string_102" HPOS="159" VPOS="528" WIDTH="114" HEIGHT="27" WC="0.89" CONTENT="kungjordt,"/><SP WIDTH="16" VPOS="528" HPOS="273"/>
							<String ID="string_103" HPOS="289" VPOS="529" WIDTH="25" HEIGHT="26" WC="0.96" CONTENT="pä"/><SP WIDTH="15" VPOS="529" HPOS="314"/>
							<String ID="string_104" HPOS="329" VPOS="531" WIDTH="39" HEIGHT="19" WC="0.96" CONTENT="sätt"/><SP WIDTH="13" VPOS="531" HPOS="368"/>
							<String ID="string_105" HPOS="381" VPOS="530" WIDTH="5" HEIGHT="18" WC="0.93" CONTENT="i"/><SP WIDTH="15" VPOS="530" HPOS="386"/>
							<String ID="string_106" HPOS="401" VPOS="530" WIDTH="11" HEIGHT="26" WC="0.93" CONTENT="$"/><SP WIDTH="13" VPOS="530" HPOS="412"/>
							<String ID="string_107" HPOS="425" VPOS="530" WIDTH="26" HEIGHT="20" WC="0.96" CONTENT="27"/><SP WIDTH="15" VPOS="530" HPOS="451"/>
							<String ID="string_108" HPOS="466" VPOS="536" WIDTH="60" HEIGHT="15" WC="0.96" CONTENT="mom."/><SP WIDTH="17" VPOS="536" HPOS="526"/>
							<String ID="string_109" HPOS="543" VPOS="532" WIDTH="18" HEIGHT="24" WC="0.93" CONTENT="2,"/><SP WIDTH="17" VPOS="532" HPOS="561"/>
							<String ID="string_110" HPOS="578" VPOS="531" WIDTH="10" HEIGHT="25" WC="0.93" CONTENT="$"/><SP WIDTH="14" VPOS="531" HPOS="588"/>
							<String ID="string_111" HPOS="602" VPOS="531" WIDTH="26" HEIGHT="19" WC="0.96" CONTENT="37"/><SP WIDTH="16" VPOS="531" HPOS="628"/>
							<String ID="string_112" HPOS="644" VPOS="536" WIDTH="61" HEIGHT="14" WC="0.95" CONTENT="mom."/><SP WIDTH="20" VPOS="536" HPOS="705"/>
							<String ID="string_113" HPOS="725" VPOS="532" WIDTH="10" HEIGHT="20" WC="0.95" CONTENT="4"/><SP WIDTH="19" VPOS="532" HPOS="735"/>
							<String ID="string_114" HPOS="754" VPOS="532" WIDTH="38" HEIGHT="18" WC="0.93" CONTENT="och"/><SP WIDTH="14" VPOS="532" HPOS="792"/>
							<String ID="string_115" HPOS="806" VPOS="532" WIDTH="11" HEIGHT="26" WC="0.93" CONTENT="$"/>
						</TextLine>
						<TextLine ID="line_13" HPOS="69" VPOS="555" WIDTH="747" HEIGHT="29">
							<String ID="string_116" HPOS="69" VPOS="555" WIDTH="25" HEIGHT="19" WC="0.93" CONTENT="48"/><SP WIDTH="15" VPOS="555" HPOS="94"/>
							<String ID="string_117" HPOS="109" VPOS="555" WIDTH="139" HEIGHT="25" WC="0.92" CONTENT="föreskrifvits,"/><SP WIDTH="16" VPOS="555" HPOS="248"/>
							<String ID="string_118" HPOS="264" VPOS="556" WIDTH="42" HEIGHT="20" WC="0.96" CONTENT="från"/><SP WIDTH="14" VPOS="556" HPOS="306"/>
							<String ID="string_119" HPOS="320" VPOS="557" WIDTH="40" HEIGHT="19" WC="0.96" CONTENT="den"/><SP WIDTH="14" VPOS="557" HPOS="360"/>
							<String ID="string_120" HPOS="374" VPOS="556" WIDTH="39" HEIGHT="26" WC="0.96" CONTENT="dag"/><SP WIDTH="13" VPOS="556" HPOS="413"/>
							<String ID="string_121" HPOS="426" VPOS="556" WIDTH="25" HEIGHT="20" WC="0.93" CONTENT="dä"/><SP WIDTH="19" VPOS="556" HPOS="451"/>
							<String ID="string_122" HPOS="470" VPOS="558" WIDTH="36" HEIGHT="19" WC="0.96" CONTENT="slik"/><SP WIDTH="12" VPOS="558" HPOS="506"/>
							<String ID="string_123" HPOS="518" VPOS="556" WIDTH="98" HEIGHT="27" WC="0.96" CONTENT="justering"/><SP WIDTH="17" VPOS="556" HPOS="616"/>
							<String ID="string_124" HPOS="633" VPOS="558" WIDTH="48" HEIGHT="19" WC="0.93" CONTENT="eller"/><SP WIDTH="16" VPOS="558" HPOS="681"/>
							<String ID="string_125" HPOS="697" VPOS="558" WIDTH="119" HEIGHT="26" WC="0.96" CONTENT="kungörelse"/>
						</TextLine>
						<TextLine ID="line_14" HPOS="69" VPOS="582" WIDTH="748" HEIGHT="28">
							<String ID="string_126" HPOS="69" VPOS="582" WIDTH="61" HEIGHT="24" WC="0.76" CONTENT="skett;"/><SP WIDTH="15" VPOS="582" HPOS="130"/>
							<String ID="string_127" HPOS="145" VPOS="582" WIDTH="21" HEIGHT="25" WC="0.96" CONTENT="b)"/><SP WIDTH="15" VPOS="582" HPOS="166"/>
							<String ID="string_128" HPOS="181" VPOS="583" WIDTH="5" HEIGHT="19" WC="0.93" CONTENT="i"/><SP WIDTH="10" VPOS="583" HPOS="186"/>
							<String ID="string_129" HPOS="196" VPOS="583" WIDTH="95" HEIGHT="20" WC="0.93" CONTENT="händelse"/><SP WIDTH="9" VPOS="583" HPOS="291"/>
							<String ID="string_130" HPOS="300" VPOS="583" WIDTH="246" HEIGHT="27" WC="0.91" CONTENT="kommunalfullmäktiges"/><SP WIDTH="10" VPOS="583" HPOS="546"/>
							<String ID="string_131" HPOS="556" VPOS="584" WIDTH="47" HEIGHT="20" WC="0.93" CONTENT="eller"/><SP WIDTH="14" VPOS="584" HPOS="603"/>
							<String ID="string_132" HPOS="617" VPOS="584" WIDTH="200" HEIGHT="21" WC="0.44" CONTENT="kommunalnämnis"/>
						</TextLine>
						<TextLine ID="line_15" HPOS="69" VPOS="608" WIDTH="746" HEIGHT="29">
							<String ID="string_133" HPOS="69" VPOS="608" WIDTH="65" HEIGHT="20" WC="0.96" CONTENT="beslut"/><SP WIDTH="14" VPOS="608" HPOS="134"/>
							<String ID="string_134" HPOS="148" VPOS="610" WIDTH="22" HEIGHT="18" WC="0.93" CONTENT="är"/><SP WIDTH="14" VPOS="610" HPOS="170"/>
							<String ID="string_135" HPOS="184" VPOS="609" WIDTH="77" HEIGHT="26" WC="0.65" CONTENT="afsagdt"/><SP WIDTH="14" VPOS="609" HPOS="261"/>
							<String ID="string_136" HPOS="275" VPOS="611" WIDTH="38" HEIGHT="19" WC="0.97" CONTENT="och"/><SP WIDTH="14" VPOS="611" HPOS="313"/>
							<String ID="string_137" HPOS="327" VPOS="610" WIDTH="37" HEIGHT="20" WC="0.93" CONTENT="den"/><SP WIDTH="15" VPOS="610" HPOS="364"/>
							<String ID="string_138" HPOS="379" VPOS="610" WIDTH="97" HEIGHT="26" WC="0.92" CONTENT="klagande"/><SP WIDTH="14" VPOS="610" HPOS="476"/>
							<String ID="string_139" HPOS="490" VPOS="611" WIDTH="69" HEIGHT="20" WC="0.32" CONTENT="Jervid"/><SP WIDTH="14" VPOS="611" HPOS="559"/>
							<String ID="string_140" HPOS="573" VPOS="610" WIDTH="93" HEIGHT="26" WC="0.90" CONTENT="närvarit,"/><SP WIDTH="12" VPOS="610" HPOS="666"/>
							<String ID="string_141" HPOS="678" VPOS="611" WIDTH="43" HEIGHT="19" WC="0.96" CONTENT="från"/><SP WIDTH="9" VPOS="611" HPOS="721"/>
							<String ID="string_142" HPOS="730" VPOS="611" WIDTH="38" HEIGHT="20" WC="0.90" CONTENT="Jen"/><SP WIDTH="10" VPOS="611" HPOS="768"/>
							<String ID="string_143" HPOS="778" VPOS="611" WIDTH="37" HEIGHT="26" WC="0.89" CONTENT="Jag"/>
						</TextLine>
						<TextLine ID="line_16" HPOS="68" VPOS="634" WIDTH="748" HEIGHT="30">
							<String ID="string_144" HPOS="68" VPOS="634" WIDTH="25" HEIGHT="20" WC="0.96" CONTENT="då"/><SP WIDTH="15" VPOS="634" HPOS="93"/>
							<String ID="string_145" HPOS="108" VPOS="635" WIDTH="70" HEIGHT="21" WC="0.93" CONTENT="sådant"/><SP WIDTH="14" VPOS="635" HPOS="178"/>
							<String ID="string_146" HPOS="192" VPOS="636" WIDTH="125" HEIGHT="20" WC="0.89" CONTENT="afkunnande"/><SP WIDTH="14" VPOS="636" HPOS="317"/>
							<String ID="string_147" HPOS="331" VPOS="637" WIDTH="20" HEIGHT="19" WC="0.97" CONTENT="af"/><SP WIDTH="13" VPOS="637" HPOS="351"/>
							<String ID="string_148" HPOS="364" VPOS="637" WIDTH="86" HEIGHT="20" WC="0.93" CONTENT="beslutet"/><SP WIDTH="14" VPOS="637" HPOS="450"/>
							<String ID="string_149" HPOS="464" VPOS="640" WIDTH="32" HEIGHT="23" WC="0.96" CONTENT="egt"/><SP WIDTH="14" VPOS="640" HPOS="496"/>
							<String ID="string_150" HPOS="510" VPOS="643" WIDTH="52" HEIGHT="18" WC="0.96" CONTENT="rum;"/><SP WIDTH="16" VPOS="643" HPOS="562"/>
							<String ID="string_151" HPOS="578" VPOS="640" WIDTH="53" HEIGHT="18" WC="0.93" CONTENT="samt"/><SP WIDTH="13" VPOS="640" HPOS="631"/>
							<String ID="string_152" HPOS="644" VPOS="638" WIDTH="19" HEIGHT="24" WC="0.91" CONTENT="c)"/><SP WIDTH="14" VPOS="638" HPOS="663"/>
							<String ID="string_153" HPOS="677" VPOS="638" WIDTH="67" HEIGHT="19" WC="0.91" CONTENT="Jerest"/><SP WIDTH="10" VPOS="638" HPOS="744"/>
							<String ID="string_154" HPOS="754" VPOS="638" WIDTH="62" HEIGHT="26" WC="0.96" CONTENT="dylikt"/>
						</TextLine>
						<TextLine ID="line_17" HPOS="68" VPOS="661" WIDTH="748" HEIGHT="28">
							<String ID="string_155" HPOS="68" VPOS="661" WIDTH="67" HEIGHT="21" WC="0.92" CONTENT="beslut"/><SP WIDTH="16" VPOS="661" HPOS="135"/>
							<String ID="string_156" HPOS="151" VPOS="662" WIDTH="83" HEIGHT="26" WC="0.92" CONTENT="afsagts,"/><SP WIDTH="19" VPOS="662" HPOS="234"/>
							<String ID="string_157" HPOS="253" VPOS="668" WIDTH="46" HEIGHT="14" WC="0.96" CONTENT="men"/><SP WIDTH="17" VPOS="668" HPOS="299"/>
							<String ID="string_158" HPOS="316" VPOS="664" WIDTH="38" HEIGHT="19" WC="0.89" CONTENT="den"/><SP WIDTH="17" VPOS="664" HPOS="354"/>
							<String ID="string_159" HPOS="371" VPOS="664" WIDTH="97" HEIGHT="24" WC="0.93" CONTENT="klagande"/><SP WIDTH="16" VPOS="664" HPOS="468"/>
							<String ID="string_160" HPOS="484" VPOS="664" WIDTH="69" HEIGHT="20" WC="0.89" CONTENT="Jervid"/><SP WIDTH="15" VPOS="664" HPOS="553"/>
							<String ID="string_161" HPOS="568" VPOS="663" WIDTH="17" HEIGHT="26" WC="0.96" CONTENT="ej"/><SP WIDTH="19" VPOS="663" HPOS="585"/>
							<String ID="string_162" HPOS="604" VPOS="664" WIDTH="50" HEIGHT="19" WC="0.93" CONTENT="varit"/><SP WIDTH="15" VPOS="664" HPOS="654"/>
							<String ID="string_163" HPOS="669" VPOS="664" WIDTH="102" HEIGHT="24" WC="0.77" CONTENT="tillstäles,"/><SP WIDTH="16" VPOS="664" HPOS="771"/>
							<String ID="string_164" HPOS="787" VPOS="665" WIDTH="29" HEIGHT="19" WC="0.93" CONTENT="äf-"/>
						</TextLine>
						<TextLine ID="line_18" HPOS="69" VPOS="689" WIDTH="745" HEIGHT="27">
							<String ID="string_165" HPOS="69" VPOS="694" WIDTH="83" HEIGHT="14" WC="0.92" CONTENT="vensom"/><SP WIDTH="17" VPOS="694" HPOS="152"/>
							<String ID="string_166" HPOS="169" VPOS="690" WIDTH="5" HEIGHT="18" WC="0.94" CONTENT="i"/><SP WIDTH="17" VPOS="690" HPOS="174"/>
							<String ID="string_167" HPOS="191" VPOS="690" WIDTH="25" HEIGHT="19" WC="0.95" CONTENT="de"/><SP WIDTH="18" VPOS="690" HPOS="216"/>
							<String ID="string_168" HPOS="234" VPOS="690" WIDTH="30" HEIGHT="20" WC="0.93" CONTENT="fail"/><SP WIDTH="18" VPOS="690" HPOS="264"/>
							<String ID="string_169" HPOS="282" VPOS="689" WIDTH="11" HEIGHT="25" WC="0.93" CONTENT="$"/><SP WIDTH="17" VPOS="689" HPOS="293"/>
							<String ID="string_170" HPOS="310" VPOS="691" WIDTH="31" HEIGHT="23" WC="0.93" CONTENT="19,"/><SP WIDTH="20" VPOS="691" HPOS="341"/>
							<String ID="string_171" HPOS="361" VPOS="690" WIDTH="10" HEIGHT="25" WC="0.93" CONTENT="$"/><SP WIDTH="17" VPOS="690" HPOS="371"/>
							<String ID="string_172" HPOS="388" VPOS="691" WIDTH="26" HEIGHT="19" WC="0.96" CONTENT="27"/><SP WIDTH="18" VPOS="691" HPOS="414"/>
							<String ID="string_173" HPOS="432" VPOS="696" WIDTH="60" HEIGHT="14" WC="0.96" CONTENT="mom."/><SP WIDTH="17" VPOS="696" HPOS="492"/>
							<String ID="string_174" HPOS="509" VPOS="692" WIDTH="18" HEIGHT="23" WC="0.93" CONTENT="1,"/><SP WIDTH="17" VPOS="692" HPOS="527"/>
							<String ID="string_175" HPOS="544" VPOS="690" WIDTH="9" HEIGHT="26" WC="0.93" CONTENT="$"/><SP WIDTH="15" VPOS="690" HPOS="553"/>
							<String ID="string_176" HPOS="568" VPOS="691" WIDTH="24" HEIGHT="20" WC="0.96" CONTENT="37"/><SP WIDTH="15" VPOS="691" HPOS="592"/>
							<String ID="string_177" HPOS="607" VPOS="696" WIDTH="62" HEIGHT="14" WC="0.96" CONTENT="mom."/><SP WIDTH="16" VPOS="696" HPOS="669"/>
							<String ID="string_178" HPOS="685" VPOS="691" WIDTH="11" HEIGHT="19" WC="0.96" CONTENT="2"/><SP WIDTH="16" VPOS="691" HPOS="696"/>
							<String ID="string_179" HPOS="712" VPOS="692" WIDTH="38" HEIGHT="18" WC="0.93" CONTENT="och"/><SP WIDTH="15" VPOS="692" HPOS="750"/>
							<String ID="string_180" HPOS="765" VPOS="690" WIDTH="10" HEIGHT="26" WC="0.92" CONTENT="$"/><SP WIDTH="14" VPOS="690" HPOS="775"/>
							<String ID="string_181" HPOS="789" VPOS="692" WIDTH="25" HEIGHT="19" WC="0.96" CONTENT="48"/>
						</TextLine>
						<TextLine ID="line_19" HPOS="68" VPOS="715" WIDTH="748" HEIGHT="27">
							<String ID="string_182" HPOS="68" VPOS="718" WIDTH="92" HEIGHT="23" WC="0.92" CONTENT="upptaga,"/><SP WIDTH="17" VPOS="718" HPOS="160"/>
							<String ID="string_183" HPOS="177" VPOS="715" WIDTH="42" HEIGHT="21" WC="0.96" CONTENT="från"/><SP WIDTH="15" VPOS="715" HPOS="219"/>
							<String ID="string_184" HPOS="234" VPOS="716" WIDTH="38" HEIGHT="20" WC="0.87" CONTENT="den"/><SP WIDTH="14" VPOS="716" HPOS="272"/>
							<String ID="string_185" HPOS="286" VPOS="716" WIDTH="27" HEIGHT="20" WC="0.93" CONTENT="tid"/><SP WIDTH="14" VPOS="716" HPOS="313"/>
							<String ID="string_186" HPOS="327" VPOS="717" WIDTH="108" HEIGHT="25" WC="0.65" CONTENT="klaganden"/><SP WIDTH="15" VPOS="717" HPOS="435"/>
							<String ID="string_187" HPOS="450" VPOS="718" WIDTH="20" HEIGHT="19" WC="0.97" CONTENT="af"/><SP WIDTH="12" VPOS="718" HPOS="470"/>
							<String ID="string_188" HPOS="482" VPOS="718" WIDTH="86" HEIGHT="20" WC="0.96" CONTENT="beslutet"/><SP WIDTH="13" VPOS="718" HPOS="568"/>
							<String ID="string_189" HPOS="581" VPOS="717" WIDTH="5" HEIGHT="20" WC="0.93" CONTENT="i"/><SP WIDTH="15" VPOS="717" HPOS="586"/>
							<String ID="string_190" HPOS="601" VPOS="716" WIDTH="70" HEIGHT="26" WC="0.96" CONTENT="hvarje"/><SP WIDTH="14" VPOS="716" HPOS="671"/>
							<String ID="string_191" HPOS="685" VPOS="716" WIDTH="39" HEIGHT="22" WC="0.93" CONTENT="mål"/><SP WIDTH="13" VPOS="716" HPOS="724"/>
							<String ID="string_192" HPOS="737" VPOS="717" WIDTH="79" HEIGHT="21" WC="0.91" CONTENT="undfått"/>
						</TextLine>
						<TextLine ID="line_20" HPOS="68" VPOS="741" WIDTH="747" HEIGHT="27">
							<String ID="string_193" HPOS="68" VPOS="741" WIDTH="38" HEIGHT="26" WC="0.91" CONTENT="Jel,"/><SP WIDTH="16" VPOS="741" HPOS="106"/>
							<String ID="string_194" HPOS="122" VPOS="742" WIDTH="62" HEIGHT="26" WC="0.93" CONTENT="dagen"/><SP WIDTH="15" VPOS="742" HPOS="184"/>
							<String ID="string_195" HPOS="199" VPOS="742" WIDTH="24" HEIGHT="20" WC="0.89" CONTENT="Jä"/><SP WIDTH="15" VPOS="742" HPOS="223"/>
							<String ID="string_196" HPOS="238" VPOS="742" WIDTH="70" HEIGHT="21" WC="0.93" CONTENT="sädant"/><SP WIDTH="14" VPOS="742" HPOS="308"/>
							<String ID="string_197" HPOS="322" VPOS="744" WIDTH="52" HEIGHT="19" WC="0.93" CONTENT="skett"/><SP WIDTH="14" VPOS="744" HPOS="374"/>
							<String ID="string_198" HPOS="388" VPOS="744" WIDTH="59" HEIGHT="19" WC="0.90" CONTENT="likväl"/><SP WIDTH="15" VPOS="744" HPOS="447"/>
							<String ID="string_199" HPOS="462" VPOS="744" WIDTH="102" HEIGHT="20" WC="0.91" CONTENT="oräknadt."/><SP WIDTH="29" VPOS="744" HPOS="564"/>
							<String ID="string_200" HPOS="593" VPOS="744" WIDTH="127" HEIGHT="24" WC="0.91" CONTENT="Försummar"/><SP WIDTH="14" VPOS="744" HPOS="720"/>
							<String ID="string_201" HPOS="734" VPOS="744" WIDTH="81" HEIGHT="24" WC="0.92" CONTENT="klagan-"/>
						</TextLine>
						<TextLine ID="line_21" HPOS="68" VPOS="768" WIDTH="748" HEIGHT="26">
							<String ID="string_202" HPOS="68" VPOS="768" WIDTH="37" HEIGHT="20" WC="0.96" CONTENT="den"/><SP WIDTH="16" VPOS="768" HPOS="105"/>
							<String ID="string_203" HPOS="121" VPOS="769" WIDTH="52" HEIGHT="20" WC="0.96" CONTENT="hvad"/><SP WIDTH="15" VPOS="769" HPOS="173"/>
							<String ID="string_204" HPOS="188" VPOS="768" WIDTH="82" HEIGHT="22" WC="0.96" CONTENT="sålunda"/><SP WIDTH="14" VPOS="768" HPOS="270"/>
							<String ID="string_205" HPOS="284" VPOS="770" WIDTH="22" HEIGHT="20" WC="0.93" CONTENT="är"/><SP WIDTH="13" VPOS="770" HPOS="306"/>
							<String ID="string_206" HPOS="319" VPOS="770" WIDTH="133" HEIGHT="24" WC="0.89" CONTENT="föreskrifvet,"/><SP WIDTH="17" VPOS="770" HPOS="452"/>
							<String ID="string_207" HPOS="469" VPOS="771" WIDTH="60" HEIGHT="19" WC="0.92" CONTENT="hafve"/><SP WIDTH="15" VPOS="771" HPOS="529"/>
							<String ID="string_208" HPOS="544" VPOS="770" WIDTH="28" HEIGHT="20" WC="0.93" CONTENT="sin"/><SP WIDTH="16" VPOS="770" HPOS="572"/>
							<String ID="string_209" HPOS="588" VPOS="771" WIDTH="51" HEIGHT="19" WC="0.95" CONTENT="talan"/><SP WIDTH="17" VPOS="771" HPOS="639"/>
							<String ID="string_210" HPOS="656" VPOS="773" WIDTH="55" HEIGHT="17" WC="0.96" CONTENT="emot"/><SP WIDTH="17" VPOS="773" HPOS="711"/>
							<String ID="string_211" HPOS="728" VPOS="770" WIDTH="88" HEIGHT="20" WC="0.96" CONTENT="beslutet"/>
						</TextLine>
						<TextLine ID="line_22" HPOS="68" VPOS="795" WIDTH="87" HEIGHT="21">
							<String ID="string_212" HPOS="68" VPOS="795" WIDTH="87" HEIGHT="21" WC="0.91" CONTENT="förlorat."/>
						</TextLine>
					</TextBlock>
					<TextBlock ID="block_4" HPOS="67" VPOS="822" WIDTH="748" HEIGHT="265">
						<TextLine ID="line_23" HPOS="122" VPOS="822" WIDTH="692" HEIGHT="25">
							<String ID="string_213" HPOS="122" VPOS="822" WIDTH="61" HEIGHT="19" WC="0.91" CONTENT="Blifva"/><SP WIDTH="14" VPOS="822" HPOS="183"/>
							<String ID="string_214" HPOS="197" VPOS="822" WIDTH="100" HEIGHT="21" WC="0.96" CONTENT="besvären"/><SP WIDTH="16" VPOS="822" HPOS="297"/>
							<String ID="string_215" HPOS="313" VPOS="823" WIDTH="25" HEIGHT="20" WC="0.93" CONTENT="till"/><SP WIDTH="17" VPOS="823" HPOS="338"/>
							<String ID="string_216" HPOS="355" VPOS="823" WIDTH="159" HEIGHT="20" WC="0.96" CONTENT="vederbörandes"/><SP WIDTH="14" VPOS="823" HPOS="514"/>
							<String ID="string_217" HPOS="528" VPOS="823" WIDTH="87" HEIGHT="20" WC="0.96" CONTENT="hörande"/><SP WIDTH="17" VPOS="823" HPOS="615"/>
							<String ID="string_218" HPOS="632" VPOS="823" WIDTH="102" HEIGHT="24" WC="0.96" CONTENT="utställda,"/><SP WIDTH="20" VPOS="823" HPOS="734"/>
							<String ID="string_219" HPOS="754" VPOS="823" WIDTH="60" HEIGHT="20" WC="0.96" CONTENT="sände"/>
						</TextLine>
						<TextLine ID="line_24" HPOS="68" VPOS="847" WIDTH="746" HEIGHT="28">
							<String ID="string_220" HPOS="68" VPOS="847" WIDTH="136" HEIGHT="26" WC="0.95" CONTENT="Guvernören,"/><SP WIDTH="17" VPOS="847" HPOS="204"/>
							<String ID="string_221" HPOS="221" VPOS="849" WIDTH="22" HEIGHT="20" WC="0.96" CONTENT="så"/><SP WIDTH="15" VPOS="849" HPOS="243"/>
							<String ID="string_222" HPOS="258" VPOS="849" WIDTH="38" HEIGHT="20" WC="0.96" CONTENT="fort"/><SP WIDTH="14" VPOS="849" HPOS="296"/>
							<String ID="string_223" HPOS="310" VPOS="849" WIDTH="30" HEIGHT="26" WC="0.96" CONTENT="sig"/><SP WIDTH="13" VPOS="849" HPOS="340"/>
							<String ID="string_224" HPOS="353" VPOS="851" WIDTH="46" HEIGHT="24" WC="0.96" CONTENT="göra"/><SP WIDTH="14" VPOS="851" HPOS="399"/>
							<String ID="string_225" HPOS="413" VPOS="849" WIDTH="55" HEIGHT="25" WC="0.93" CONTENT="låter,"/><SP WIDTH="16" VPOS="849" HPOS="468"/>
							<String ID="string_226" HPOS="484" VPOS="849" WIDTH="142" HEIGHT="26" WC="0.92" CONTENT="handlingarne"/><SP WIDTH="16" VPOS="849" HPOS="626"/>
							<String ID="string_227" HPOS="642" VPOS="849" WIDTH="27" HEIGHT="20" WC="0.95" CONTENT="till"/><SP WIDTH="15" VPOS="849" HPOS="669"/>
							<String ID="string_228" HPOS="684" VPOS="849" WIDTH="130" HEIGHT="20" WC="0.96" CONTENT="ordföranden"/>
						</TextLine>
						<TextLine ID="line_25" HPOS="67" VPOS="875" WIDTH="746" HEIGHT="26">
							<String ID="string_229" HPOS="67" VPOS="875" WIDTH="6" HEIGHT="18" WC="0.92" CONTENT="i"/><SP WIDTH="18" VPOS="875" HPOS="73"/>
							<String ID="string_230" HPOS="91" VPOS="875" WIDTH="200" HEIGHT="21" WC="0.91" CONTENT="kommunalstämma"/><SP WIDTH="20" VPOS="875" HPOS="291"/>
							<String ID="string_231" HPOS="311" VPOS="877" WIDTH="38" HEIGHT="18" WC="0.96" CONTENT="och"/><SP WIDTH="17" VPOS="877" HPOS="349"/>
							<String ID="string_232" HPOS="366" VPOS="877" WIDTH="37" HEIGHT="19" WC="0.93" CONTENT="hos"/><SP WIDTH="18" VPOS="877" HPOS="403"/>
							<String ID="string_233" HPOS="421" VPOS="875" WIDTH="232" HEIGHT="26" WC="0.91" CONTENT="kommunalfullmäktige"/><SP WIDTH="18" VPOS="875" HPOS="653"/>
							<String ID="string_234" HPOS="671" VPOS="876" WIDTH="48" HEIGHT="19" WC="0.96" CONTENT="eller"/><SP WIDTH="16" VPOS="876" HPOS="719"/>
							<String ID="string_235" HPOS="735" VPOS="875" WIDTH="6" HEIGHT="20" WC="0.93" CONTENT="i"/><SP WIDTH="17" VPOS="875" HPOS="741"/>
							<String ID="string_236" HPOS="758" VPOS="875" WIDTH="55" HEIGHT="20" WC="0.91" CONTENT="kom-"/>
						</TextLine>
						<TextLine ID="line_26" HPOS="67" VPOS="902" WIDTH="747" HEIGHT="27">
							<String ID="string_237" HPOS="67" VPOS="902" WIDTH="147" HEIGHT="25" WC="0.92" CONTENT="munalnämnd,"/><SP WIDTH="17" VPOS="902" HPOS="214"/>
							<String ID="string_238" HPOS="231" VPOS="903" WIDTH="49" HEIGHT="19" WC="0.95" CONTENT="efter"/><SP WIDTH="16" VPOS="903" HPOS="280"/>
							<String ID="string_239" HPOS="296" VPOS="908" WIDTH="44" HEIGHT="14" WC="0.96" CONTENT="som"/><SP WIDTH="14" VPOS="908" HPOS="340"/>
							<String ID="string_240" HPOS="354" VPOS="903" WIDTH="34" HEIGHT="20" WC="0.93" CONTENT="det"/><SP WIDTH="13" VPOS="903" HPOS="388"/>
							<String ID="string_241" HPOS="401" VPOS="903" WIDTH="140" HEIGHT="26" WC="0.92" CONTENT="öfverklagade"/><SP WIDTH="16" VPOS="903" HPOS="541"/>
							<String ID="string_242" HPOS="557" VPOS="902" WIDTH="86" HEIGHT="20" WC="0.96" CONTENT="beslutet"/><SP WIDTH="17" VPOS="902" HPOS="643"/>
							<String ID="string_243" HPOS="660" VPOS="902" WIDTH="64" HEIGHT="19" WC="0.96" CONTENT="blifvit"/><SP WIDTH="17" VPOS="902" HPOS="724"/>
							<String ID="string_244" HPOS="741" VPOS="903" WIDTH="21" HEIGHT="18" WC="0.96" CONTENT="af"/><SP WIDTH="14" VPOS="903" HPOS="762"/>
							<String ID="string_245" HPOS="776" VPOS="902" WIDTH="38" HEIGHT="20" WC="0.95" CONTENT="den"/>
						</TextLine>
						<TextLine ID="line_27" HPOS="68" VPOS="928" WIDTH="747" HEIGHT="28">
							<String ID="string_246" HPOS="68" VPOS="933" WIDTH="36" HEIGHT="14" WC="0.96" CONTENT="ena"/><SP WIDTH="15" VPOS="933" HPOS="104"/>
							<String ID="string_247" HPOS="119" VPOS="929" WIDTH="47" HEIGHT="19" WC="0.96" CONTENT="eller"/><SP WIDTH="14" VPOS="929" HPOS="166"/>
							<String ID="string_248" HPOS="180" VPOS="929" WIDTH="60" HEIGHT="20" WC="0.96" CONTENT="andra"/><SP WIDTH="15" VPOS="929" HPOS="240"/>
							<String ID="string_249" HPOS="255" VPOS="929" WIDTH="20" HEIGHT="19" WC="0.96" CONTENT="af"/><SP WIDTH="12" VPOS="929" HPOS="275"/>
							<String ID="string_250" HPOS="287" VPOS="929" WIDTH="61" HEIGHT="20" WC="0.96" CONTENT="dessa"/><SP WIDTH="14" VPOS="929" HPOS="348"/>
							<String ID="string_251" HPOS="362" VPOS="929" WIDTH="97" HEIGHT="26" WC="0.93" CONTENT="styrelser"/><SP WIDTH="13" VPOS="929" HPOS="459"/>
							<String ID="string_252" HPOS="472" VPOS="929" WIDTH="119" HEIGHT="24" WC="0.90" CONTENT="meddeladt,"/><SP WIDTH="19" VPOS="929" HPOS="591"/>
							<String ID="string_253" HPOS="610" VPOS="928" WIDTH="82" HEIGHT="20" WC="0.96" CONTENT="hvilken"/><SP WIDTH="14" VPOS="928" HPOS="692"/>
							<String ID="string_254" HPOS="706" VPOS="929" WIDTH="66" HEIGHT="19" WC="0.96" CONTENT="tillhör"/><SP WIDTH="14" VPOS="929" HPOS="772"/>
							<String ID="string_255" HPOS="786" VPOS="931" WIDTH="29" HEIGHT="25" WC="0.95" CONTENT="att"/>
						</TextLine>
						<TextLine ID="line_28" HPOS="68" VPOS="954" WIDTH="746" HEIGHT="26">
							<String ID="string_256" HPOS="68" VPOS="954" WIDTH="159" HEIGHT="21" WC="0.96" CONTENT="vederbörandes"/><SP WIDTH="15" VPOS="954" HPOS="227"/>
							<String ID="string_257" HPOS="242" VPOS="955" WIDTH="104" HEIGHT="25" WC="0.96" CONTENT="förklaring"/><SP WIDTH="14" VPOS="955" HPOS="346"/>
							<String ID="string_258" HPOS="360" VPOS="956" WIDTH="48" HEIGHT="19" WC="0.96" CONTENT="eller"/><SP WIDTH="14" VPOS="956" HPOS="408"/>
							<String ID="string_259" HPOS="422" VPOS="955" WIDTH="99" HEIGHT="20" WC="0.96" CONTENT="utlåtande"/><SP WIDTH="13" VPOS="955" HPOS="521"/>
							<String ID="string_260" HPOS="534" VPOS="955" WIDTH="25" HEIGHT="20" WC="0.95" CONTENT="till"/><SP WIDTH="17" VPOS="955" HPOS="559"/>
							<String ID="string_261" HPOS="576" VPOS="955" WIDTH="129" HEIGHT="20" WC="0.93" CONTENT="Guvernören"/><SP WIDTH="14" VPOS="955" HPOS="705"/>
							<String ID="string_262" HPOS="719" VPOS="955" WIDTH="95" HEIGHT="24" WC="0.90" CONTENT="ofördröj-"/>
						</TextLine>
						<TextLine ID="line_29" HPOS="67" VPOS="981" WIDTH="747" HEIGHT="26">
							<String ID="string_263" HPOS="67" VPOS="981" WIDTH="51" HEIGHT="25" WC="0.92" CONTENT="ligen"/><SP WIDTH="18" VPOS="981" HPOS="118"/>
							<String ID="string_264" HPOS="136" VPOS="981" WIDTH="124" HEIGHT="20" WC="0.92" CONTENT="öfversända."/><SP WIDTH="33" VPOS="981" HPOS="260"/>
							<String ID="string_265" HPOS="293" VPOS="982" WIDTH="64" HEIGHT="19" WC="0.93" CONTENT="Sedan"/><SP WIDTH="18" VPOS="982" HPOS="357"/>
							<String ID="string_266" HPOS="375" VPOS="982" WIDTH="128" HEIGHT="20" WC="0.96" CONTENT="Guvernören"/><SP WIDTH="18" VPOS="982" HPOS="503"/>
							<String ID="string_267" HPOS="521" VPOS="981" WIDTH="84" HEIGHT="20" WC="0.93" CONTENT="ärendet"/><SP WIDTH="17" VPOS="981" HPOS="605"/>
							<String ID="string_268" HPOS="622" VPOS="981" WIDTH="79" HEIGHT="26" WC="0.92" CONTENT="afgjort,"/><SP WIDTH="19" VPOS="981" HPOS="701"/>
							<String ID="string_269" HPOS="720" VPOS="981" WIDTH="39" HEIGHT="20" WC="0.96" CONTENT="låte"/><SP WIDTH="16" VPOS="981" HPOS="759"/>
							<String ID="string_270" HPOS="775" VPOS="981" WIDTH="39" HEIGHT="19" WC="0.96" CONTENT="han"/>
						</TextLine>
						<TextLine ID="line_30" HPOS="68" VPOS="1007" WIDTH="746" HEIGHT="27">
							<String ID="string_271" HPOS="68" VPOS="1008" WIDTH="90" HEIGHT="24" WC="0.96" CONTENT="utslaget,"/><SP WIDTH="17" VPOS="1008" HPOS="158"/>
							<String ID="string_272" HPOS="175" VPOS="1007" WIDTH="22" HEIGHT="20" WC="0.96" CONTENT="sä"/><SP WIDTH="15" VPOS="1007" HPOS="197"/>
							<String ID="string_273" HPOS="212" VPOS="1008" WIDTH="38" HEIGHT="20" WC="0.96" CONTENT="fort"/><SP WIDTH="14" VPOS="1008" HPOS="250"/>
							<String ID="string_274" HPOS="264" VPOS="1009" WIDTH="35" HEIGHT="19" WC="0.96" CONTENT="ske"/><SP WIDTH="15" VPOS="1009" HPOS="299"/>
							<String ID="string_275" HPOS="314" VPOS="1009" WIDTH="44" HEIGHT="25" WC="0.93" CONTENT="kan,"/><SP WIDTH="16" VPOS="1009" HPOS="358"/>
							<String ID="string_276" HPOS="374" VPOS="1007" WIDTH="42" HEIGHT="27" WC="0.92" CONTENT="afgä"/><SP WIDTH="15" VPOS="1007" HPOS="416"/>
							<String ID="string_277" HPOS="431" VPOS="1009" WIDTH="27" HEIGHT="20" WC="0.96" CONTENT="till"/><SP WIDTH="14" VPOS="1009" HPOS="458"/>
							<String ID="string_278" HPOS="472" VPOS="1009" WIDTH="38" HEIGHT="20" WC="0.96" CONTENT="den"/><SP WIDTH="14" VPOS="1009" HPOS="510"/>
							<String ID="string_279" HPOS="524" VPOS="1008" WIDTH="20" HEIGHT="20" WC="0.93" CONTENT="af"/><SP WIDTH="12" VPOS="1008" HPOS="544"/>
							<String ID="string_280" HPOS="556" VPOS="1008" WIDTH="121" HEIGHT="20" WC="0.92" CONTENT="förbemälde"/><SP WIDTH="17" VPOS="1008" HPOS="677"/>
							<String ID="string_281" HPOS="694" VPOS="1007" WIDTH="120" HEIGHT="20" WC="0.96" CONTENT="ordförande"/>
						</TextLine>
						<TextLine ID="line_31" HPOS="68" VPOS="1034" WIDTH="746" HEIGHT="26">
							<String ID="string_282" HPOS="68" VPOS="1039" WIDTH="44" HEIGHT="14" WC="0.89" CONTENT="som"/><SP WIDTH="14" VPOS="1039" HPOS="112"/>
							<String ID="string_283" HPOS="126" VPOS="1034" WIDTH="104" HEIGHT="25" WC="0.87" CONTENT="vederbör,"/><SP WIDTH="16" VPOS="1034" HPOS="230"/>
							<String ID="string_284" HPOS="246" VPOS="1035" WIDTH="26" HEIGHT="20" WC="0.96" CONTENT="till"/><SP WIDTH="16" VPOS="1035" HPOS="272"/>
							<String ID="string_285" HPOS="288" VPOS="1035" WIDTH="112" HEIGHT="20" WC="0.96" CONTENT="kännedom"/><SP WIDTH="14" VPOS="1035" HPOS="400"/>
							<String ID="string_286" HPOS="414" VPOS="1041" WIDTH="32" HEIGHT="13" WC="0.96" CONTENT="om"/><SP WIDTH="16" VPOS="1041" HPOS="446"/>
							<String ID="string_287" HPOS="462" VPOS="1035" WIDTH="70" HEIGHT="20" WC="0.95" CONTENT="sakens"/><SP WIDTH="18" VPOS="1035" HPOS="532"/>
							<String ID="string_288" HPOS="550" VPOS="1034" WIDTH="70" HEIGHT="26" WC="0.96" CONTENT="utgång"/><SP WIDTH="15" VPOS="1034" HPOS="620"/>
							<String ID="string_289" HPOS="635" VPOS="1035" WIDTH="38" HEIGHT="19" WC="0.96" CONTENT="och"/><SP WIDTH="14" VPOS="1035" HPOS="673"/>
							<String ID="string_290" HPOS="687" VPOS="1035" WIDTH="30" HEIGHT="18" WC="0.96" CONTENT="för"/><SP WIDTH="14" VPOS="1035" HPOS="717"/>
							<String ID="string_291" HPOS="731" VPOS="1037" WIDTH="29" HEIGHT="17" WC="0.93" CONTENT="att"/><SP WIDTH="13" VPOS="1037" HPOS="760"/>
							<String ID="string_292" HPOS="773" VPOS="1034" WIDTH="41" HEIGHT="20" WC="0.90" CONTENT="kla-"/>
						</TextLine>
						<TextLine ID="line_32" HPOS="68" VPOS="1060" WIDTH="673" HEIGHT="27">
							<String ID="string_293" HPOS="68" VPOS="1060" WIDTH="75" HEIGHT="26" WC="0.92" CONTENT="ganden"/><SP WIDTH="15" VPOS="1060" HPOS="143"/>
							<String ID="string_294" HPOS="158" VPOS="1061" WIDTH="96" HEIGHT="20" WC="0.96" CONTENT="tillställas"/><SP WIDTH="15" VPOS="1061" HPOS="254"/>
							<String ID="string_295" HPOS="269" VPOS="1063" WIDTH="53" HEIGHT="18" WC="0.96" CONTENT="emot"/><SP WIDTH="14" VPOS="1063" HPOS="322"/>
							<String ID="string_296" HPOS="336" VPOS="1061" WIDTH="65" HEIGHT="26" WC="0.96" CONTENT="bevis,"/><SP WIDTH="16" VPOS="1061" HPOS="401"/>
							<String ID="string_297" HPOS="417" VPOS="1067" WIDTH="43" HEIGHT="14" WC="0.93" CONTENT="som"/><SP WIDTH="15" VPOS="1067" HPOS="460"/>
							<String ID="string_298" HPOS="475" VPOS="1061" WIDTH="11" HEIGHT="20" WC="0.91" CONTENT="å"/><SP WIDTH="14" VPOS="1061" HPOS="486"/>
							<String ID="string_299" HPOS="500" VPOS="1061" WIDTH="85" HEIGHT="26" WC="0.96" CONTENT="utslaget"/><SP WIDTH="14" VPOS="1061" HPOS="585"/>
							<String ID="string_300" HPOS="599" VPOS="1061" WIDTH="82" HEIGHT="20" WC="0.96" CONTENT="tecknas"/><SP WIDTH="16" VPOS="1061" HPOS="681"/>
							<String ID="string_301" HPOS="697" VPOS="1061" WIDTH="44" HEIGHT="19" WC="0.96" CONTENT="bör."/>
						</TextLine>
					</TextBlock>
				</ComposedBlock>
				<ComposedBlock ID="cblock_4" HPOS="411" VPOS="1121" WIDTH="56" HEIGHT="25">
					<TextBlock ID="block_5" HPOS="411" VPOS="1121" WIDTH="56" HEIGHT="25">
						<TextLine ID="line_33" HPOS="411" VPOS="1121" WIDTH="56" HEIGHT="25">
							<String ID="string_302" HPOS="411" VPOS="1121" WIDTH="10" HEIGHT="25" WC="0.85" CONTENT="$"/><SP WIDTH="15" VPOS="1121" HPOS="421"/>
							<String ID="string_303" HPOS="436" VPOS="1121" WIDTH="31" HEIGHT="19" WC="0.95" CONTENT="73."/>
						</TextLine>
					</TextBlock>
				</ComposedBlock>
				<ComposedBlock ID="cblock_5" HPOS="66" VPOS="1163" WIDTH="754" HEIGHT="291">
					<TextBlock ID="block_6" HPOS="66" VPOS="1163" WIDTH="748" HEIGHT="131">
						<TextLine ID="line_34" HPOS="119" VPOS="1163" WIDTH="693" HEIGHT="27">
							<String ID="string_304" HPOS="119" VPOS="1164" WIDTH="61" HEIGHT="19" WC="0.91" CONTENT="Föres"/><SP WIDTH="14" VPOS="1164" HPOS="180"/>
							<String ID="string_305" HPOS="194" VPOS="1164" WIDTH="69" HEIGHT="26" WC="0.92" CONTENT="klagan"/><SP WIDTH="14" VPOS="1164" HPOS="263"/>
							<String ID="string_306" HPOS="277" VPOS="1163" WIDTH="94" HEIGHT="20" WC="0.91" CONTENT="deröfver"/><SP WIDTH="14" VPOS="1163" HPOS="371"/>
							<String ID="string_307" HPOS="385" VPOS="1167" WIDTH="29" HEIGHT="16" WC="0.96" CONTENT="att"/><SP WIDTH="13" VPOS="1167" HPOS="414"/>
							<String ID="string_308" HPOS="427" VPOS="1164" WIDTH="64" HEIGHT="20" WC="0.92" CONTENT="beslut"/><SP WIDTH="14" VPOS="1164" HPOS="491"/>
							<String ID="string_309" HPOS="505" VPOS="1163" WIDTH="44" HEIGHT="20" WC="0.92" CONTENT="icke"/><SP WIDTH="14" VPOS="1163" HPOS="549"/>
							<String ID="string_310" HPOS="563" VPOS="1163" WIDTH="6" HEIGHT="20" WC="0.93" CONTENT="i"/><SP WIDTH="14" VPOS="1163" HPOS="569"/>
							<String ID="string_311" HPOS="583" VPOS="1163" WIDTH="44" HEIGHT="26" WC="0.92" CONTENT="laga"/><SP WIDTH="9" VPOS="1163" HPOS="627"/>
							<String ID="string_312" HPOS="636" VPOS="1163" WIDTH="83" HEIGHT="26" WC="0.93" CONTENT="ordning"/><SP WIDTH="9" VPOS="1163" HPOS="719"/>
							<String ID="string_313" HPOS="728" VPOS="1164" WIDTH="84" HEIGHT="19" WC="0.92" CONTENT="tillkom-"/>
						</TextLine>
						<TextLine ID="line_35" HPOS="67" VPOS="1190" WIDTH="747" HEIGHT="25">
							<String ID="string_314" HPOS="67" VPOS="1191" WIDTH="42" HEIGHT="24" WC="0.95" CONTENT="mit,"/><SP WIDTH="17" VPOS="1191" HPOS="109"/>
							<String ID="string_315" HPOS="126" VPOS="1191" WIDTH="47" HEIGHT="19" WC="0.96" CONTENT="eller"/><SP WIDTH="13" VPOS="1191" HPOS="173"/>
							<String ID="string_316" HPOS="186" VPOS="1193" WIDTH="28" HEIGHT="17" WC="0.96" CONTENT="att"/><SP WIDTH="14" VPOS="1193" HPOS="214"/>
							<String ID="string_317" HPOS="228" VPOS="1191" WIDTH="34" HEIGHT="19" WC="0.96" CONTENT="det"/><SP WIDTH="14" VPOS="1191" HPOS="262"/>
							<String ID="string_318" HPOS="276" VPOS="1190" WIDTH="72" HEIGHT="20" WC="0.84" CONTENT="strider"/><SP WIDTH="14" VPOS="1190" HPOS="348"/>
							<String ID="string_319" HPOS="362" VPOS="1193" WIDTH="54" HEIGHT="17" WC="0.96" CONTENT="emot"/><SP WIDTH="17" VPOS="1193" HPOS="416"/>
							<String ID="string_320" HPOS="433" VPOS="1191" WIDTH="70" HEIGHT="19" WC="0.96" CONTENT="allmän"/><SP WIDTH="17" VPOS="1191" HPOS="503"/>
							<String ID="string_321" HPOS="520" VPOS="1190" WIDTH="31" HEIGHT="25" WC="0.96" CONTENT="lag"/><SP WIDTH="16" VPOS="1190" HPOS="551"/>
							<String ID="string_322" HPOS="567" VPOS="1190" WIDTH="49" HEIGHT="19" WC="0.96" CONTENT="eller"/><SP WIDTH="15" VPOS="1190" HPOS="616"/>
							<String ID="string_323" HPOS="631" VPOS="1190" WIDTH="89" HEIGHT="25" WC="0.93" CONTENT="gällande"/><SP WIDTH="18" VPOS="1190" HPOS="720"/>
							<String ID="string_324" HPOS="738" VPOS="1190" WIDTH="76" HEIGHT="19" WC="0.93" CONTENT="författ-"/>
						</TextLine>
						<TextLine ID="line_36" HPOS="66" VPOS="1216" WIDTH="745" HEIGHT="26">
							<String ID="string_325" HPOS="66" VPOS="1217" WIDTH="45" HEIGHT="25" WC="0.96" CONTENT="ning"/><SP WIDTH="14" VPOS="1217" HPOS="111"/>
							<String ID="string_326" HPOS="125" VPOS="1217" WIDTH="49" HEIGHT="20" WC="0.93" CONTENT="eller"/><SP WIDTH="13" VPOS="1217" HPOS="174"/>
							<String ID="string_327" HPOS="187" VPOS="1217" WIDTH="117" HEIGHT="20" WC="0.92" CONTENT="annorledes"/><SP WIDTH="14" VPOS="1217" HPOS="304"/>
							<String ID="string_328" HPOS="318" VPOS="1217" WIDTH="136" HEIGHT="19" WC="0.90" CONTENT="öfverskrider"/><SP WIDTH="14" VPOS="1217" HPOS="454"/>
							<String ID="string_329" HPOS="468" VPOS="1217" WIDTH="58" HEIGHT="20" WC="0.96" CONTENT="deras"/><SP WIDTH="15" VPOS="1217" HPOS="526"/>
							<String ID="string_330" HPOS="541" VPOS="1217" WIDTH="125" HEIGHT="24" WC="0.96" CONTENT="befogenhet,"/><SP WIDTH="19" VPOS="1217" HPOS="666"/>
							<String ID="string_331" HPOS="685" VPOS="1222" WIDTH="44" HEIGHT="14" WC="0.93" CONTENT="som"/><SP WIDTH="17" VPOS="1222" HPOS="729"/>
							<String ID="string_332" HPOS="746" VPOS="1216" WIDTH="65" HEIGHT="20" WC="0.85" CONTENT="beslu-"/>
						</TextLine>
						<TextLine ID="line_37" HPOS="67" VPOS="1242" WIDTH="747" HEIGHT="27">
							<String ID="string_333" HPOS="67" VPOS="1246" WIDTH="28" HEIGHT="17" WC="0.76" CONTENT="tet"/><SP WIDTH="14" VPOS="1246" HPOS="95"/>
							<String ID="string_334" HPOS="109" VPOS="1243" WIDTH="61" HEIGHT="25" WC="0.93" CONTENT="fattat,"/><SP WIDTH="17" VPOS="1243" HPOS="170"/>
							<String ID="string_335" HPOS="187" VPOS="1249" WIDTH="35" HEIGHT="20" WC="0.92" CONTENT="ege"/><SP WIDTH="14" VPOS="1249" HPOS="222"/>
							<String ID="string_336" HPOS="236" VPOS="1243" WIDTH="129" HEIGHT="20" WC="0.95" CONTENT="Guvernören"/><SP WIDTH="15" VPOS="1243" HPOS="365"/>
							<String ID="string_337" HPOS="380" VPOS="1246" WIDTH="28" HEIGHT="17" WC="0.95" CONTENT="att"/><SP WIDTH="14" VPOS="1246" HPOS="408"/>
							<String ID="string_338" HPOS="422" VPOS="1243" WIDTH="36" HEIGHT="19" WC="0.97" CONTENT="der"/><SP WIDTH="14" VPOS="1243" HPOS="458"/>
							<String ID="string_339" HPOS="472" VPOS="1244" WIDTH="36" HEIGHT="19" WC="0.93" CONTENT="han"/><SP WIDTH="15" VPOS="1244" HPOS="508"/>
							<String ID="string_340" HPOS="523" VPOS="1243" WIDTH="63" HEIGHT="20" WC="0.96" CONTENT="finner"/><SP WIDTH="15" VPOS="1243" HPOS="586"/>
							<String ID="string_341" HPOS="601" VPOS="1242" WIDTH="41" HEIGHT="20" WC="0.93" CONTENT="skäl"/><SP WIDTH="14" VPOS="1242" HPOS="642"/>
							<String ID="string_342" HPOS="656" VPOS="1242" WIDTH="100" HEIGHT="23" WC="0.93" CONTENT="besvären"/><SP WIDTH="10" VPOS="1242" HPOS="756"/>
							<String ID="string_343" HPOS="766" VPOS="1243" WIDTH="48" HEIGHT="26" WC="0.91" CONTENT="god-"/>
						</TextLine>
						<TextLine ID="line_38" HPOS="67" VPOS="1268" WIDTH="542" HEIGHT="26">
							<String ID="string_344" HPOS="67" VPOS="1269" WIDTH="71" HEIGHT="25" WC="0.92" CONTENT="känna,"/><SP WIDTH="16" VPOS="1269" HPOS="138"/>
							<String ID="string_345" HPOS="154" VPOS="1269" WIDTH="97" HEIGHT="20" WC="0.92" CONTENT="beslutets"/><SP WIDTH="14" VPOS="1269" HPOS="251"/>
							<String ID="string_346" HPOS="265" VPOS="1269" WIDTH="150" HEIGHT="24" WC="0.92" CONTENT="verkställighet"/><SP WIDTH="11" VPOS="1269" HPOS="415"/>
							<String ID="string_347" HPOS="426" VPOS="1269" WIDTH="72" HEIGHT="25" WC="0.90" CONTENT="jemvä!"/><SP WIDTH="16" VPOS="1269" HPOS="498"/>
							<String ID="string_348" HPOS="514" VPOS="1268" WIDTH="95" HEIGHT="25" WC="0.89" CONTENT="förbjuda."/>
						</TextLine>
					</TextBlock>
					<TextBlock ID="block_7" HPOS="67" VPOS="1295" WIDTH="753" HEIGHT="159">
						<TextLine ID="line_39" HPOS="121" VPOS="1295" WIDTH="693" HEIGHT="26">
							<String ID="string_349" HPOS="121" VPOS="1296" WIDTH="91" HEIGHT="20" WC="0.91" CONTENT="Grundas"/><SP WIDTH="18" VPOS="1296" HPOS="212"/>
							<String ID="string_350" HPOS="230" VPOS="1296" WIDTH="74" HEIGHT="21" WC="0.92" CONTENT="besvär"/><SP WIDTH="16" VPOS="1296" HPOS="304"/>
							<String ID="string_351" HPOS="320" VPOS="1295" WIDTH="72" HEIGHT="26" WC="0.84" CONTENT="derpä,"/><SP WIDTH="18" VPOS="1295" HPOS="392"/>
							<String ID="string_352" HPOS="410" VPOS="1298" WIDTH="29" HEIGHT="17" WC="0.88" CONTENT="att"/><SP WIDTH="17" VPOS="1298" HPOS="439"/>
							<String ID="string_353" HPOS="456" VPOS="1295" WIDTH="74" HEIGHT="26" WC="0.96" CONTENT="någons"/><SP WIDTH="14" VPOS="1295" HPOS="530"/>
							<String ID="string_354" HPOS="544" VPOS="1295" WIDTH="89" HEIGHT="20" WC="0.96" CONTENT="enskilda"/><SP WIDTH="17" VPOS="1295" HPOS="633"/>
							<String ID="string_355" HPOS="650" VPOS="1297" WIDTH="39" HEIGHT="18" WC="0.93" CONTENT="rätt"/><SP WIDTH="14" VPOS="1297" HPOS="689"/>
							<String ID="string_356" HPOS="703" VPOS="1295" WIDTH="63" HEIGHT="20" WC="0.93" CONTENT="blifvit"/><SP WIDTH="14" VPOS="1295" HPOS="766"/>
							<String ID="string_357" HPOS="780" VPOS="1301" WIDTH="34" HEIGHT="19" WC="0.93" CONTENT="ge-"/>
						</TextLine>
						<TextLine ID="line_40" HPOS="68" VPOS="1321" WIDTH="744" HEIGHT="26">
							<String ID="string_358" HPOS="68" VPOS="1327" WIDTH="46" HEIGHT="14" WC="0.96" CONTENT="nom"/><SP WIDTH="14" VPOS="1327" HPOS="114"/>
							<String ID="string_359" HPOS="128" VPOS="1322" WIDTH="67" HEIGHT="19" WC="0.93" CONTENT="beslut"/><SP WIDTH="13" VPOS="1322" HPOS="195"/>
							<String ID="string_360" HPOS="208" VPOS="1323" WIDTH="72" HEIGHT="18" WC="0.96" CONTENT="kränkt"/><SP WIDTH="13" VPOS="1323" HPOS="280"/>
							<String ID="string_361" HPOS="293" VPOS="1323" WIDTH="37" HEIGHT="18" WC="0.93" CONTENT="och"/><SP WIDTH="16" VPOS="1323" HPOS="330"/>
							<String ID="string_362" HPOS="346" VPOS="1324" WIDTH="59" HEIGHT="17" WC="0.92" CONTENT="varda"/><SP WIDTH="15" VPOS="1324" HPOS="405"/>
							<String ID="string_363" HPOS="420" VPOS="1323" WIDTH="98" HEIGHT="18" WC="0.96" CONTENT="besvären"/><SP WIDTH="14" VPOS="1323" HPOS="518"/>
							<String ID="string_364" HPOS="532" VPOS="1321" WIDTH="109" HEIGHT="26" WC="0.92" CONTENT="godkända,"/><SP WIDTH="16" VPOS="1321" HPOS="641"/>
							<String ID="string_365" HPOS="657" VPOS="1323" WIDTH="48" HEIGHT="24" WC="0.92" CONTENT="gälle"/><SP WIDTH="15" VPOS="1323" HPOS="705"/>
							<String ID="string_366" HPOS="720" VPOS="1322" WIDTH="92" HEIGHT="18" WC="0.90" CONTENT="rättelsen"/>
						</TextLine>
						<TextLine ID="line_41" HPOS="68" VPOS="1346" WIDTH="742" HEIGHT="26">
							<String ID="string_367" HPOS="68" VPOS="1348" WIDTH="26" HEIGHT="19" WC="0.93" CONTENT="till"/><SP WIDTH="16" VPOS="1348" HPOS="94"/>
							<String ID="string_368" HPOS="110" VPOS="1347" WIDTH="77" HEIGHT="20" WC="0.96" CONTENT="förmån"/><SP WIDTH="14" VPOS="1347" HPOS="187"/>
							<String ID="string_369" HPOS="201" VPOS="1349" WIDTH="29" HEIGHT="18" WC="0.96" CONTENT="för"/><SP WIDTH="14" VPOS="1349" HPOS="230"/>
							<String ID="string_370" HPOS="244" VPOS="1349" WIDTH="37" HEIGHT="18" WC="0.96" CONTENT="Jen"/><SP WIDTH="16" VPOS="1349" HPOS="281"/>
							<String ID="string_371" HPOS="297" VPOS="1353" WIDTH="43" HEIGHT="14" WC="0.93" CONTENT="som"/><SP WIDTH="15" VPOS="1353" HPOS="340"/>
							<String ID="string_372" HPOS="355" VPOS="1347" WIDTH="66" HEIGHT="25" WC="0.96" CONTENT="klagat"/><SP WIDTH="15" VPOS="1347" HPOS="421"/>
							<String ID="string_373" HPOS="436" VPOS="1349" WIDTH="37" HEIGHT="18" WC="0.97" CONTENT="och"/><SP WIDTH="14" VPOS="1349" HPOS="473"/>
							<String ID="string_374" HPOS="487" VPOS="1348" WIDTH="85" HEIGHT="19" WC="0.93" CONTENT="beslutet"/><SP WIDTH="14" VPOS="1348" HPOS="572"/>
							<String ID="string_375" HPOS="586" VPOS="1346" WIDTH="68" HEIGHT="20" WC="0.81" CONTENT="stände"/><SP WIDTH="18" VPOS="1346" HPOS="654"/>
							<String ID="string_376" HPOS="672" VPOS="1347" WIDTH="5" HEIGHT="18" WC="0.93" CONTENT="i"/><SP WIDTH="14" VPOS="1347" HPOS="677"/>
							<String ID="string_377" HPOS="691" VPOS="1347" WIDTH="57" HEIGHT="25" WC="0.96" CONTENT="öfrigt"/><SP WIDTH="17" VPOS="1347" HPOS="748"/>
							<String ID="string_378" HPOS="765" VPOS="1347" WIDTH="45" HEIGHT="23" WC="0.96" CONTENT="fast,"/>
						</TextLine>
						<TextLine ID="line_42" HPOS="67" VPOS="1372" WIDTH="744" HEIGHT="27">
							<String ID="string_379" HPOS="67" VPOS="1376" WIDTH="46" HEIGHT="18" WC="0.96" CONTENT="utan"/><SP WIDTH="15" VPOS="1376" HPOS="113"/>
							<String ID="string_380" HPOS="128" VPOS="1373" WIDTH="21" HEIGHT="21" WC="0.96" CONTENT="sä"/><SP WIDTH="16" VPOS="1373" HPOS="149"/>
							<String ID="string_381" HPOS="165" VPOS="1375" WIDTH="21" HEIGHT="19" WC="0.96" CONTENT="är"/><SP WIDTH="14" VPOS="1375" HPOS="186"/>
							<String ID="string_382" HPOS="200" VPOS="1376" WIDTH="28" HEIGHT="18" WC="0.96" CONTENT="att"/><SP WIDTH="14" VPOS="1376" HPOS="228"/>
							<String ID="string_383" HPOS="242" VPOS="1375" WIDTH="34" HEIGHT="19" WC="0.96" CONTENT="det"/><SP WIDTH="14" VPOS="1375" HPOS="276"/>
							<String ID="string_384" HPOS="290" VPOS="1373" WIDTH="62" HEIGHT="20" WC="0.95" CONTENT="finnes"/><SP WIDTH="15" VPOS="1373" HPOS="352"/>
							<String ID="string_385" HPOS="367" VPOS="1373" WIDTH="5" HEIGHT="19" WC="0.93" CONTENT="i"/><SP WIDTH="15" VPOS="1373" HPOS="372"/>
							<String ID="string_386" HPOS="387" VPOS="1373" WIDTH="49" HEIGHT="20" WC="0.96" CONTENT="strid"/><SP WIDTH="14" VPOS="1373" HPOS="436"/>
							<String ID="string_387" HPOS="450" VPOS="1373" WIDTH="45" HEIGHT="20" WC="0.96" CONTENT="med"/><SP WIDTH="15" VPOS="1373" HPOS="495"/>
							<String ID="string_388" HPOS="510" VPOS="1374" WIDTH="70" HEIGHT="19" WC="0.96" CONTENT="allmän"/><SP WIDTH="13" VPOS="1374" HPOS="580"/>
							<String ID="string_389" HPOS="593" VPOS="1374" WIDTH="31" HEIGHT="24" WC="0.95" CONTENT="lag"/><SP WIDTH="12" VPOS="1374" HPOS="624"/>
							<String ID="string_390" HPOS="636" VPOS="1374" WIDTH="48" HEIGHT="19" WC="0.93" CONTENT="eller"/><SP WIDTH="9" VPOS="1374" HPOS="684"/>
							<String ID="string_391" HPOS="693" VPOS="1372" WIDTH="118" HEIGHT="27" WC="0.96" CONTENT="författning,"/>
						</TextLine>
						<TextLine ID="line_43" HPOS="67" VPOS="1399" WIDTH="753" HEIGHT="27">
							<String ID="string_392" HPOS="67" VPOS="1401" WIDTH="48" HEIGHT="20" WC="0.92" CONTENT="eller"/><SP WIDTH="16" VPOS="1401" HPOS="115"/>
							<String ID="string_393" HPOS="131" VPOS="1399" WIDTH="57" HEIGHT="27" WC="0.96" CONTENT="eljest"/><SP WIDTH="14" VPOS="1399" HPOS="188"/>
							<String ID="string_394" HPOS="202" VPOS="1401" WIDTH="66" HEIGHT="20" WC="0.96" CONTENT="stöder"/><SP WIDTH="15" VPOS="1401" HPOS="268"/>
							<String ID="string_395" HPOS="283" VPOS="1401" WIDTH="28" HEIGHT="25" WC="0.96" CONTENT="sig"/><SP WIDTH="14" VPOS="1401" HPOS="311"/>
							<String ID="string_396" HPOS="325" VPOS="1400" WIDTH="24" HEIGHT="26" WC="0.93" CONTENT="pä"/><SP WIDTH="16" VPOS="1400" HPOS="349"/>
							<String ID="string_397" HPOS="365" VPOS="1400" WIDTH="82" HEIGHT="21" WC="0.96" CONTENT="orättvis"/><SP WIDTH="13" VPOS="1400" HPOS="447"/>
							<String ID="string_398" HPOS="460" VPOS="1400" WIDTH="69" HEIGHT="26" WC="0.95" CONTENT="grund,"/><SP WIDTH="16" VPOS="1400" HPOS="529"/>
							<String ID="string_399" HPOS="545" VPOS="1399" WIDTH="24" HEIGHT="20" WC="0.96" CONTENT="då"/><SP WIDTH="15" VPOS="1399" HPOS="569"/>
							<String ID="string_400" HPOS="584" VPOS="1400" WIDTH="129" HEIGHT="19" WC="0.96" CONTENT="Guvernören"/><SP WIDTH="15" VPOS="1400" HPOS="713"/>
							<String ID="string_401" HPOS="728" VPOS="1399" WIDTH="37" HEIGHT="21" WC="0.96" CONTENT="ock"/><SP WIDTH="14" VPOS="1399" HPOS="765"/>
							<String ID="string_402" HPOS="779" VPOS="1399" WIDTH="41" HEIGHT="23" WC="0.93" CONTENT="mä:"/>
						</TextLine>
						<TextLine ID="line_44" HPOS="68" VPOS="1426" WIDTH="642" HEIGHT="28">
							<String ID="string_403" HPOS="68" VPOS="1427" WIDTH="100" HEIGHT="27" WC="0.93" CONTENT="angående"/><SP WIDTH="15" VPOS="1427" HPOS="168"/>
							<String ID="string_404" HPOS="183" VPOS="1428" WIDTH="139" HEIGHT="26" WC="0.91" CONTENT="upphäfvande"/><SP WIDTH="14" VPOS="1428" HPOS="322"/>
							<String ID="string_405" HPOS="336" VPOS="1427" WIDTH="20" HEIGHT="20" WC="0.96" CONTENT="af"/><SP WIDTH="13" VPOS="1427" HPOS="356"/>
							<String ID="string_406" HPOS="369" VPOS="1427" WIDTH="85" HEIGHT="20" WC="0.96" CONTENT="beslutet"/><SP WIDTH="14" VPOS="1427" HPOS="454"/>
							<String ID="string_407" HPOS="468" VPOS="1427" WIDTH="5" HEIGHT="20" WC="0.96" CONTENT="i"/><SP WIDTH="14" VPOS="1427" HPOS="473"/>
							<String ID="string_408" HPOS="487" VPOS="1427" WIDTH="31" HEIGHT="20" WC="0.96" CONTENT="sin"/><SP WIDTH="14" VPOS="1427" HPOS="518"/>
							<String ID="string_409" HPOS="532" VPOS="1427" WIDTH="66" HEIGHT="20" WC="0.96" CONTENT="helhet"/><SP WIDTH="13" VPOS="1427" HPOS="598"/>
							<String ID="string_410" HPOS="611" VPOS="1426" WIDTH="99" HEIGHT="21" WC="0.95" CONTENT="förordna."/>
						</TextLine>
					</TextBlock>
				</ComposedBlock>
			</PrintSpace>
		</Page>
	</Layout>
</alto>
