1006 1686
184 140 46 19 1068
400 141 70 23 Nådiga
483 143 141 22 Propositionen
637 142 35 17 N.o
685 141 28 18 32.

238 190 68 24 Vigten
320 190 38 19 och
372 190 117 26 betydelsen
504 191 20 19 af
537 192 51 19 1840
603 190 34 20 års
651 190 169 26 myntrealisation
833 192 23 18 är
868 191 59 25 ögon-

183 215 83 25 skenlig.
295 217 29 25 Ty
341 216 62 20 sedan
420 216 25 20 de
461 216 49 20 ifrån
525 218 87 19 rörelsen
626 216 93 25 indragna
734 216 87 20 svenska
835 216 91 20 sedlarne

184 241 62 20 blifvit
260 242 114 20 förvexlade
388 242 27 20 till
429 243 67 24 sifver,
513 244 53 19 visar
580 244 30 24 sig
622 243 5 19 i
638 243 39 19 tab.
688 243 17 19 V
715 242 84 25 följande
808 242 117 26 förändring:

184 268 90 19 Bankens
297 268 97 26 tillgångar.
416 270 99 25 uppgingo
538 269 43 20 från
601 269 87 25 179,000
708 269 55 20 rubel
784 269 23 19 är
827 270 51 19 1840
899 269 27 19 till

185 294 108 24 1,865,000
307 295 55 20 rubel
376 295 22 19 är
413 296 57 23 1841,
487 295 115 20 hvaribland
613 296 108 24 4,144,000
731 295 5 19 i
746 295 43 20 ädel
800 295 75 24 metall;
889 295 38 19 och

184 319 90 21 deromot
295 321 51 20 hade
365 321 58 26 enligt
442 322 40 19 tab.
501 323 25 19 IV
543 323 87 18 rörelsen
644 322 52 19 inom
711 321 72 25 landet,
799 321 6 19 i
819 322 64 19 stället
898 322 29 19 för

184 347 109 24 2,500,000
308 347 54 23 rubel
377 348 5 19 i
396 349 87 19 svenska
497 348 71 25 sedlar,
585 347 77 21 erhällit
675 349 89 24 400,000
779 348 55 20 rubel
849 348 5 19 i
869 348 58 19 verk-

184 373 34 25 ligt
238 373 68 21 silfver
326 377 53 17 samt
399 375 109 25 2,329,000
526 375 28 20 uti
571 374 90 20 Bankens
675 380 50 20 egna
740 374 71 25 sedlar,
827 374 102 27 grundade

184 399 24 26 på
223 400 127 21 förenämnde
364 401 79 26 tillgång
456 402 5 19 i
476 401 44 20 ädel
538 402 73 19 metall.
640 401 33 20 Att
686 401 91 20 deremot
793 401 90 20 Finlands
897 401 31 20 rö-

184 426 124 27 relsekapital
319 427 99 26 samtidigt
426 428 105 25 minskats,
542 428 62 19 finner
616 427 31 20 sin
657 428 105 25 förklaring
771 427 50 26 deri,
832 430 28 17 att
869 430 61 17 stats-

186 452 70 28 verket
273 453 109 26 upplånade
395 455 52 19 inom
462 454 65 20 landet
540 455 87 24 459,000
642 455 63 19 rubel.

238 480 54 20 Ända
306 480 26 20 till
347 480 43 20 året
404 481 51 20 1847
470 480 50 25 röjer
534 481 29 26 sig
577 483 27 17 ett
618 481 88 26 stigande
720 481 5 19 i
740 480 25 20 de
779 480 58 20 flesta
850 481 78 19 kolum-

185 511 35 14 ner
234 507 21 18 af
267 507 39 20 tab.
323 507 27 20 IV
364 507 37 20 och
416 507 24 24 V;
455 513 45 14 men
515 507 52 20 hvad
581 507 43 20 åter
637 507 92 20 beträffar
737 507 31 20 'de
783 507 5 20 i
802 508 39 19 tab.
857 507 18 20 V
889 507 39 20 och

185 532 26 20 VI
225 536 104 23 upptagna,
345 533 131 28 likstämmiga
490 534 122 25 uppgifterna
626 534 55 19 öfver
696 533 142 20 räntebärande
855 533 75 25 obliga-

185 559 69 24 tioner,
278 564 43 14 som
336 560 87 24 utgifvits
437 561 29 18 för
484 561 132 19 statsverkets
634 560 86 25 räkning,
738 560 135 19 förekommer
887 559 42 20 från

186 584 22 20 år
223 586 51 19 1846
289 591 23 13 en
327 585 76 21 skilnad
417 586 121 25 derigenom,
554 589 28 17 att
594 586 66 25 dylika
676 586 127 25 obligationer
817 586 27 20 till
858 586 71 25 belopp

186 611 22 26 af
219 612 87 23 600,000
321 612 55 20 rubel
392 613 121 19 sistnämnde
526 612 23 20 år
562 612 76 20 direkte
648 612 113 20 utfärdades
770 612 22 20 af
799 612 129 20 statsverket.

184 638 28 19 År
226 639 52 19 1847
292 638 93 20 framstår
398 638 129 21 förhållandet
540 639 82 19 emellan
634 639 90 19 Bankens
734 638 100 26 tillgångar
843 639 38 19 och
891 639 40 19 för-

184 664 101 20 bindelser
305 665 6 19 i
331 664 38 20 den
383 665 158 26 fördelaktigaste
554 665 70 24 dager;
640 668 22 23 ty
676 664 89 20 Finlands
780 665 149 25 rörelsekapital

184 690 90 26 utgjorde
288 690 25 20 då
328 691 109 26 8,222,000
452 693 62 24 rubel,
531 692 114 20 hvaribland
660 691 109 25 5,013,000
780 691 5 19 i
797 696 48 21 egna
856 692 71 24 sedlar,

184 717 105 19 äfvensom
309 718 90 20 Bankens
420 717 101 27 tillgångar
541 718 98 25 uppgingo
657 718 27 20 till
702 718 109 24 4,325,000
830 718 38 19 och
882 718 48 19 dess

186 744 128 19 förbindelser
335 744 27 20 till
383 744 107 25 5,605,000
511 744 63 20 rubel.
603 744 90 20 Orsaken
710 744 64 20 härtill
788 744 61 25 ligger
862 744 28 19 uti
905 750 24 13 en

185 770 85 19 nämnde
284 769 22 20 år
321 770 108 20 verkställd
440 772 63 18 större
515 770 179 26 spanmåls-export
704 773 53 17 samt
767 770 24 25 på
802 770 62 24 grund
874 770 59 20 deraf

186 796 93 24 erbjudna
295 798 38 18 och
348 798 22 18 af
380 796 81 20 Banken
475 797 78 25 inköpta
568 796 102 20 utländska
684 798 75 18 vexlar.

237 823 29 19 De
283 822 83 26 följande
383 823 43 25 fyra
443 823 47 19 åren
508 823 65 19 utvisa
587 829 25 13 en
627 823 139 24 förminskning
781 822 54 20 såväl
851 822 4 19 i
870 823 61 19 rörel-

184 848 118 25 sekapitalet
316 855 44 14 som
374 849 28 20 uli
416 849 89 19 Bankens
519 848 106 27 tillgångar.
655 849 91 19 Derefter
755 849 87 19 inträder
851 847 43 21 åter
902 851 29 17 ett

186 875 95 25 stigande,
297 875 22 20 så
334 878 29 17 att
376 875 76 20 landets
466 875 144 26 rörelsekapital
626 875 22 20 år
659 876 51 19 1854
720 874 91 27 utgjorde
821 875 108 24 8,502,000

184 901 56 20 rubel
262 904 52 17 samt
327 901 89 20 Bankens
431 901 101 26 tillgångar
545 902 99 25 uppgingo
658 901 26 20 till
700 902 109 25 3,136,000
823 904 55 17 emot
891 901 39 20 för-

183 926 99 21 bindelser
298 928 108 25 5,122,000
421 929 62 18 rubel.
513 928 65 19 Under
592 928 48 19 åren
655 928 104 19 1840—54
774 927 66 20 utvisa
855 927 74 20 kolum-

184 959 60 14 nerna
261 954 52 26 guld,
331 955 59 25 ryska
408 955 78 19 valutor
506 955 38 18 och
560 955 108 25 fordringar
685 954 37 19 hos
739 954 77 19 utrikes
831 953 99 20 ombuden

184 982 41 17 stor
242 981 118 25 omvexling,
380 980 75 21 hvilket
472 981 156 26 tillkännagifver
637 986 25 14 en
672 980 189 26 anmärkningsvärd
875 979 54 26 liflig-

185 1006 35 20 het
233 1007 5 18 i
253 1007 91 21 Finlands
358 1007 129 20 förbindelser
506 1007 44 20 med
567 1007 94 20 utlandet.

236 1033 45 20 Med
299 1033 22 20 år
339 1034 50 19 1855
406 1033 82 25 började
505 1039 25 14 en
545 1034 51 19 serie
610 1033 20 20 af
643 1039 129 20 ogynsamma
786 1032 143 25 förhållanden,

185 1065 43 14 som
242 1059 25 26 på
282 1060 211 25 penningeställningen
507 1060 51 20 inom
579 1059 79 20 Finland
673 1061 38 18 och
724 1059 49 20 dess
786 1060 53 19 Bank
853 1059 78 20 utöfvat

184 1088 28 17 ett
226 1086 58 26 högst
296 1086 83 25 menligt
392 1086 114 26 inflytande.
535 1087 37 19 Det
586 1086 124 20 orientaliska
727 1085 71 26 kriget,
817 1085 114 20 hvarunder

183 1112 90 20 Finlands
288 1113 213 19 handelsförbindelser
514 1113 46 19 med
575 1112 88 20 utlandet
675 1117 48 14 voro
734 1112 105 19 hämmade
849 1112 39 18 och
898 1117 34 13 ex-

183 1140 70 24 porten
274 1139 99 24 afbruten,
395 1138 93 25 verkade,
508 1141 28 17 att
550 1138 33 20 det
596 1138 5 19 i
616 1138 79 26 omlopp
710 1138 87 20 varande
811 1138 62 20 silfret
887 1137 44 20 dels

183 1165 143 19 utströmmade
347 1164 42 20 från
406 1165 85 24 Finland,
510 1165 43 20 dels
567 1164 38 20 ock
620 1164 26 19 till
660 1164 47 25 följd
721 1164 21 19 af
755 1164 101 20 sedlarnes
870 1164 59 19 kurs-

182 1191 31 20 fall
230 1191 116 20 undanhölls
360 1191 141 20 cirkulationen
518 1197 70 20 genom
605 1190 75 21 enskild
694 1191 151 25 skrinläggning.
873 1190 58 20 Oför-

184 1220 70 22 mögen
274 1220 29 17 att
319 1217 120 20 fortfarande
453 1219 73 18 ersätta
540 1217 38 20 den
594 1217 80 20 sålunda
688 1217 114 24 uppkomna
816 1217 77 19 bristen
905 1216 25 25 pä

183 1243 75 25 silfver,
274 1243 98 26 nödgades
386 1243 79 20 Banken
479 1242 22 20 år
511 1243 51 20 1855
573 1242 76 20 inställa
658 1243 30 19 sin
697 1242 175 25 silfverutvexling,
883 1242 47 20 med

183 1269 98 26 undantag
296 1269 20 19 af
328 1269 25 19 de
367 1269 27 19 till
409 1268 113 27 skiljemynt
539 1269 5 19 i
561 1269 65 20 landet
643 1268 127 25 erforderliga
784 1268 77 19 mindre
877 1273 53 14 sum-

183 1301 45 14 mor
242 1296 20 19 af
276 1296 37 19 100
329 1295 26 20 till
370 1295 86 26 200,000
471 1295 55 20 rubel
541 1295 83 24 årligen;
638 1301 46 14 men
693 1294 115 26 derigenom
818 1293 113 22 förvandla-

184 1321 36 21 des
234 1323 58 19 äfven
307 1322 34 19 det
354 1322 6 19 i
374 1322 89 20 Bankens
477 1322 56 20 hvalf
546 1306 98 45 befintliga
658 1321 68 20 silfver
739 1319 27 22 till
781 1323 29 18 ett
816 1321 30 20 för
855 1321 76 20 utrikes

184 1349 88 20 rörelsen
286 1348 48 21 dödt
347 1349 79 25 kapital.
457 1347 71 21 Såsom
544 1354 23 14 en
581 1348 83 26 naturlig
678 1347 46 26 följl
738 1348 58 20 häraf
808 1347 65 20 måste
883 1348 49 20 Ban-

182 1375 49 21 kens
246 1375 95 26 förmåga,
357 1378 27 17 att
398 1375 92 20 bemedla
505 1375 131 21 förbindelser
650 1375 83 20 emellan
747 1375 56 20 hem-
817 1375 39 19 och
870 1375 62 20 utlan-

182 1402 40 26 det,
240 1402 86 26 grundas
342 1402 70 20 endast
426 1402 52 25 uppå
492 1402 129 20 densammas
634 1401 76 26 egande
718 1401 54 25 guld,
783 1401 61 26 ryska
854 1402 78 20 valutor

182 1430 38 19 och
234 1429 111 25 fordringar
359 1430 36 18 hos
407 1428 78 20 utrikes
499 1427 106 21 ombuden.
