984 1695
194 153 37 34 648
412 158 71 22 Nädiga
495 158 141 23 Propositionen
648 157 37 18 N:o
696 157 29 18 26:

240 207 100 26 tillgångar
356 208 63 19 kunna
438 208 26 19 till
483 207 120 20 kommunens
622 213 138 19 gemensamma
778 212 51 19 gagn
852 205 43 20 eller
906 207 35 24 för

240 235 95 20 särskilda
346 235 42 20 dess
403 235 56 26 behof
471 235 105 26 erfordras,
593 237 35 23 äge
643 235 109 19 kommunen
761 234 101 26 fastställa
876 234 65 19 vidare

240 263 67 26 bidrag
322 263 69 24 dertill,
402 266 27 17 att
443 265 77 24 utgöras
534 265 6 18 i
550 263 78 25 enlighet
642 263 42 19 med
698 263 23 19 de
736 263 6 18 i
752 263 61 19 denna
827 261 69 26 stadga
911 262 29 19 be-

241 292 75 19 stämda
329 291 86 26 grunder.

251 319 50 26 Kap.
317 320 18 25 2,
351 319 22 26 $$
387 320 72 24 6—29,
475 319 92 20 innefatta
582 318 120 26 stadganden
718 324 31 13 om
764 317 177 21 kommunalstäm-

199 351 46 15 man
259 345 67 20 säsom
341 346 59 25 enligt
414 347 66 24 regeln
495 345 106 26 utgörande
615 351 59 19 organ
689 346 29 19 för
727 345 133 20 kommunens
873 343 68 20 beslu-

199 372 103 21 tanderätt.
331 373 31 19 Till
378 372 132 20 kommunens
520 372 127 19 verksamhet
661 372 35 19 hör
706 371 128 26 ovilkorligen
848 371 93 24 befogen-

200 400 58 18 heten
272 401 27 17 att
313 399 5 18 i
333 399 54 19 vissa
403 399 116 19 densamma
540 398 84 20 rörande
640 397 65 27 frågor
720 398 47 19 fatta
784 399 71 22 beslut,
872 397 68 19 hvilka

200 425 47 20 böra
259 425 57 19 lända
330 425 131 19 kommunens
474 425 131 19 medlemmar
618 424 28 19 till
660 424 138 19 efterrättelse.
817 419 9 35 -
827 423 72 20 Såsom
913 424 28 18 fö-

199 450 62 21 remäl
274 451 30 19 för
317 451 37 19 den
363 451 125 20 kommunala
499 451 153 19 verksamheten
665 451 108 24 uppställas
787 450 5 19 i
804 449 8 26 $
823 451 9 18 1
848 455 94 20 «gemen-

200 483 76 14 samma
288 477 100 25 ordnings-
397 478 38 18 och
445 477 326 25 hushällnings-angelägenheter»,
782 477 38 18 och
834 477 5 18 i
854 476 11 25 $
878 476 13 19 6
905 476 36 19 har

199 503 66 20 försök
275 503 61 26 gjorts
350 506 28 17 att
392 505 91 18 närmare
496 503 115 26 specificera
626 503 60 19 dessa
698 502 88 20 ärender.
811 503 33 18 Ett
856 502 86 25 uppräk-

200 529 62 20 nande
275 529 19 20 af
305 529 36 20 alla
351 529 25 20 Je
385 531 77 24 ämnen,
474 535 43 14 som
528 530 66 19 kunna
604 529 20 19 af
632 529 214 19 kommunalstämman
855 528 87 19 behand-

199 554 36 25 las,
247 555 38 20 kan
302 555 45 20 icke
362 556 59 19 blifva
430 555 128 26 fullständigt,
568 556 26 19 till
604 554 46 25 följd
660 555 20 20 af
688 555 38 20 den
736 554 149 26 mängsidighet,
897 559 44 15 som

200 581 118 21 tillkommer
335 581 70 26 hvarje
424 582 122 20 förvaltande
564 581 136 20 verksamhet.
729 582 36 19 Det
783 581 65 20 kunde
862 581 78 19 derföre

200 614 68 21 synas,
283 614 45 14 som
342 614 48 14 vore
404 608 68 26 hvarje
482 608 70 20 sådant
564 607 66 20 försök
644 607 129 26 öfverflödigt,
783 613 54 19 men,
853 613 33 14 om
896 613 45 14 man

200 634 43 20 åter
257 635 102 24 betänker,
375 637 29 18 att
418 635 94 20 härintills
530 635 37 20 den
581 634 89 26 kyrkliga
688 634 147 26 församlingens
850 635 38 18 och
902 634 39 19 den

200 661 109 26 borgerliga
323 661 132 20 kommunens
465 662 163 25 angelägenheter
641 661 49 20 varit
704 661 147 20 underkastade
865 666 75 14 samma

201 687 124 27 behandling,
335 689 38 18 och
387 690 28 17 att
424 688 78 19 derföre
515 687 34 20 det
563 688 95 19 allmänna
668 687 141 20 medvetandet
822 687 27 20 till
863 693 24 14 en
896 687 45 20 bör-

199 713 33 26 jan
246 714 57 20 torde
316 715 58 19 hafva
389 713 55 21 svårt
457 717 28 17 att
496 714 98 26 uppställa
607 713 71 26 riktiga
691 717 83 22 gränser
789 713 46 20 dem
849 713 90 25 emellan,

200 746 61 21 synes
275 740 34 20 det
322 747 47 13 vara
383 741 88 26 lämpligt
485 743 28 17 att
530 740 69 20 såsom
613 740 115 26 vägledning
743 740 104 25 uppräkna
861 740 26 19 de
900 740 43 19 vig-

200 767 71 25 tigaste
285 767 38 19 och
333 769 53 17 mest
399 767 135 20 framstående
546 766 92 26 ärenden,
650 772 44 14 som
708 766 63 20 kunna
785 767 60 20 blifva
858 767 82 20 föremål

200 793 31 20 för
244 794 38 19 den
296 793 125 20 kommunala
435 793 146 20 versamheten.

254 826 8 19 I
276 825 81 19 främsta
371 828 87 17 rummet
474 827 62 18 sättes
557 824 46 20 med
616 826 51 18 rätta
686 824 69 26 frågan
772 825 101 25 angående
893 825 50 20 folk-

200 851 77 21 skolan.
305 851 60 19 Emot
381 850 53 21 detta
454 851 84 20 ärendes
559 850 123 26 upptagande
703 852 21 18 af
742 851 201 20 kommunalstämma

201 878 36 20 har
253 878 54 19 inom
322 877 99 20 utskottet
439 878 117 26 visserligen
574 877 100 19 anmärkts
694 880 27 16 att
737 877 152 26 folkbildningen
905 878 37 20 hos

202 909 34 15 oss
251 904 62 20 hvilar
327 904 25 25 på
366 904 77 26 religiös
456 905 63 25 grund
529 904 39 20 och
581 904 86 19 hitintills
676 904 103 20 utvecklat
792 904 29 26 sig
833 904 63 20 under
905 904 38 20 den

201 930 75 20 kristna
290 930 89 26 kyrkans
393 931 58 25 hägn,
467 930 99 26 hvarföre,
582 930 37 20 och
634 929 24 21 då
676 930 67 26 frågan
756 931 59 19 berör
828 930 74 20 folkets
915 931 29 19 in-

202 959 66 17 nersta
282 956 100 26 lifsgrund,
393 959 52 18 samt
459 957 103 19 dessutom
576 956 38 20 den
623 956 89 26 religiösa
724 956 164 26 undervisningen
902 957 42 20 må-

202 986 31 16 ste
246 982 60 21 blifva
323 986 28 16 ett
365 983 147 26 hufvudsakligt
528 983 79 19 föremål
623 983 28 19 för
668 982 117 26 folkskolan,
805 988 32 14 om
851 983 38 20 den
904 983 40 20 rik-

202 1010 36 25 tigt
251 1010 100 24 uppfattar
365 1009 30 20 sin
415 1010 147 23 bestämmelse,
581 1009 53 20 detta
654 1010 74 19 ärende
744 1010 63 19 borde
826 1010 117 25 hänskjutas

202 1036 27 20 till
245 1036 157 26 kyrkostämma,
419 1038 51 18 samt
483 1036 70 20 endast
573 1036 38 20 den
624 1035 129 21 ekonomiska
767 1036 56 20 sidan
840 1036 61 25 deraf,
918 1037 27 19 el-

202 1062 30 20 ler
244 1062 122 20 folkskolans
379 1062 108 25 underhåll,
502 1063 71 25 utgöra
591 1062 79 20 föremål
688 1062 30 20 för
734 1063 209 20 kommunalstämmas

202 1088 124 26 behandling.

256 1121 100 19 Utskottet
369 1121 96 19 erkänner
479 1121 61 25 villigt
554 1123 27 17 att
594 1121 92 19 Finlands
700 1121 40 19 folk
758 1121 41 20 står
815 1122 4 18 i
835 1123 42 17 stor
891 1122 54 19 tack-

203 1146 148 20 samhetsskuld
366 1147 26 19 till
407 1147 76 19 landets
497 1147 135 26 presterskap,
643 1147 78 20 derföre
736 1149 27 17 att
777 1147 53 20 detta
845 1147 58 20 stånd
918 1148 24 20 till

202 1173 121 19 närvarande
337 1173 27 19 tid
378 1174 27 18 till
415 1174 72 19 största
501 1173 57 20 delen
570 1172 106 26 uppehållit
690 1173 151 26 folkbildningen
855 1174 5 19 i
870 1174 71 25 landet,

202 1204 46 14 men
261 1199 97 20 utskottet
369 1199 38 20 kan
421 1198 11 20 å
443 1200 60 19 andra
518 1199 54 20 sidan
586 1199 18 25 ej
614 1200 73 20 förbise
701 1202 28 17 att
739 1200 38 20 den
790 1200 96 20 allmänna
896 1200 48 20 folk-

202 1225 122 25 bildningens
338 1225 82 25 rigtning
434 1231 27 13 nu
470 1227 29 17 för
513 1226 52 19 tiden
580 1226 76 20 fordrar
670 1229 28 16 att
708 1226 109 20 folkskolan
831 1226 113 24 frånskiljes

202 1250 85 26 kyrkan.
316 1250 80 26 Kyrkan
410 1250 81 21 hindras
505 1250 51 20 dock
570 1250 18 26 ej
602 1254 28 16 att
643 1251 118 20 fortfarande
773 1257 71 20 genom
857 1254 87 24 prester-

203 1277 70 24 skapet
293 1277 117 19 kontrollera
431 1276 25 25 på
476 1277 53 20 hvad
549 1279 39 18 sätt
609 1277 37 20 den
667 1277 89 25 religiösa
779 1278 164 25 undervisningen

203 1297 107 35 bedrifves.
511 1305 2 4 i

256 1334 37 20 Vid
309 1340 62 14 mom.
388 1335 11 19 5
417 1335 36 20 har
469 1335 39 20 den
528 1335 127 26 anmärkning
675 1335 70 26 gjorts,
764 1339 28 16 att
812 1336 28 20 till
857 1336 25 20 de
901 1336 43 21 deri

203 1361 85 20 nämnda
302 1361 98 20 allmänna
409 1361 115 27 byggnader
536 1361 73 27 jemväl
619 1362 62 20 borde
689 1363 53 19 föras
755 1362 63 27 kyrka
828 1363 37 20 och
880 1366 64 23 prest-

204 1386 56 26 gård.
291 1387 98 20 Utskottet
409 1387 38 21 kan
461 1388 53 20 dock
533 1389 30 19 för
577 1389 31 19 sin
628 1389 30 20 del
673 1387 17 26 ej
711 1389 102 25 godkänna
834 1389 62 20 denna
911 1395 34 14 an-

204 1413 109 26 märkning.
341 1414 53 20 Skall
409 1414 37 20 den
455 1415 109 26 borgerliga
578 1415 121 20 kommunen
708 1415 68 26 skiljas
789 1415 43 20 från
845 1416 98 27 kyrkliga,

204 1439 43 23 från
261 1441 145 25 församlingen,
422 1441 63 20 måste
499 1441 57 20 äfven
570 1442 36 19 alla
620 1441 26 20 de
659 1440 224 27 hushållningsärender,
900 1448 45 15 som
