1025 1689
317 138 71 23 Nådiga
400 139 140 22 Propositionen
553 139 35 18 N:o
600 139 28 18 27.
812 139 35 21 739

154 187 38 20 Det
206 188 36 19 har
256 188 91 20 häremot
366 188 102 20 anmärkts
485 191 27 17 att
532 188 69 25 hvarje
615 189 85 19 medlem
720 189 20 20 af
752 189 92 20 kommu-

100 219 44 20 nen,
161 215 38 18 han
213 213 32 20 må
260 215 79 24 erlägga
358 215 42 19 litet
418 215 47 19 eller
478 215 82 26 mycket
580 215 27 20 till
622 215 131 20 kommunens
775 217 66 23 kassa,

100 240 61 20 borde
176 246 47 13 vara
237 241 109 26 berättigad
363 243 28 17 att
404 242 42 19 föra
468 243 51 18 talan
533 243 5 18 i
553 241 91 25 ärender,
660 247 44 13 som
724 241 49 26 angå
788 242 56 19 kom-

99 272 80 19 munen,
196 267 37 19 och
247 268 63 19 denna:
324 270 40 17 rätt
378 273 62 20 synes
454 267 57 20 äfven
522 268 31 19 vid
568 269 61 18 första
643 267 109 25 päsecndet
762 274 48 14 vara
819 274 24 14 en

99 293 125 24 konseqvent
238 293 45 25 följd
303 293 41 25 just
357 293 61 25 deraf,
434 296 29 16 att
483 295 41 18 han
537 296 22 17 är
573 294 87 19 medlem
681 295 21 18 af
713 295 127 18 kommunen.

99 319 102 20 Utskottet
214 325 58 15 anser
281 320 50 19 dock
347 319 155 21 förhållanderna
516 321 37 19 hos
567 326 33 14 oss
609 322 54 17 ännu
672 326 47 14 vara
732 320 73 21 sådana
815 323 28 17 att

98 351 24 15 en
138 346 37 19 slik
189 346 70 20 allmän
274 348 80 18 rösträtt
368 345 18 26 ej
400 352 59 20 gerna
474 347 38 20 kan
522 347 87 20 medföra
623 347 33 19 det
670 352 56 21 gagn,
743 353 43 13 som
798 347 45 20 med

98 372 260 27 kommunalsjelfstyrelsen
378 373 61 20 afses.
468 373 127 26 Oeftergifligt
611 375 22 18 är
651 374 96 25 nemligen
764 376 29 17 att
806 374 35 19 alla

98 399 31 25 de,
146 405 44 14 som
205 400 54 19 skola
275 401 41 18 föra
327 400 113 19 kommunens
469 401 56 24 talan,
536 401 48 18 böra
596 405 45 14 vara
656 399 133 26 sjelfständiga
804 400 38 19 och

98 426 30 19 för
142 426 131 20 kommunens
295 427 87 19 intresse
396 426 121 21 nitälskande
539 428 50 22 män,
609 426 65 20 hvilka
695 425 98 27 derjemte
807 432 35 20 ega

98 452 87 26 förmåga
200 455 27 17 att
242 454 41 19 inse
305 452 51 20 hvad
372 458 44 14 som
430 454 29 18 för
480 454 121 19 kommunen
622 453 38 19 kan
675 459 47 14 vara
738 453 103 25 gagneligt.

99 480 63 19 Dessa
177 479 107 27 fordringar
305 479 56 20 torde
374 479 58 20 likväl
447 478 17 26 ej
479 482 53 17 ännu
546 480 26 19 till
593 479 36 20 alla
643 480 54 19 delar
711 480 98 25 uppfyllas
823 479 21 19 af

99 505 46 20 våra
160 506 78 20 städers
259 507 54 25 lägre
329 506 119 26 befolkning.
479 506 65 20 Dertill
559 506 91 19 kommer
664 508 28 17 att
706 506 25 19 de
744 505 99 26 svårligen

98 532 66 20 kunne
178 532 45 20 med
237 532 63 26 någon
315 532 53 25 slags
383 532 75 20 förmån
476 533 29 19 för
518 533 120 19 kommunen
652 531 87 27 undergå
753 532 90 25 taxering

98 559 31 19 för
150 560 94 19 allmänna
263 558 97 26 ändamål,
382 559 85 20 emedan
486 558 139 20 utkräfvandet
645 559 21 18 af
680 558 26 20 de
727 558 116 21 uttaxerade

97 585 86 25 medlen,
200 588 46 17 utan
261 585 95 20 afseende
368 586 47 20 derå
430 588 28 17 att
471 586 135 25 debiteringen
618 586 65 19 blefve
696 584 96 27 betydligt
806 584 38 20 för-

98 611 81 25 svårad,
196 612 5 19 i
215 612 26 20 de
255 612 56 23 flesta
325 612 31 20 fall
372 612 62 20 skulle
448 612 103 19 förorsaka
560 612 133 24 utmätningar
707 612 38 18 och
760 611 82 20 dermed

98 638 86 26 följande
199 640 77 18 trassel.
305 639 67 19 Denna
386 639 54 20 klass
455 640 35 18 har
505 638 67 20 hittills
587 638 26 20 till
624 641 63 17 större
702 638 57 19 delen
774 637 69 21 endast

98 665 62 25 erlagt
174 664 39 20 fixa
233 665 111 25 personella
364 665 105 26 utskylder
490 666 26 19 till
534 667 65 18 staten
617 664 37 20 och
675 664 24 25 på
714 669 76 15 samma
804 665 39 19 sätt

97 691 105 21 bestämda
217 692 68 25 bidrag
305 692 27 19 till
348 692 149 25 församlingens
518 691 111 26 fattigvård,
646 692 38 18 och
698 696 32 14 om
748 696 28 14 nu
789 691 54 19 detta

98 724 71 13 senare
189 718 112 20 förvandlas
321 718 27 20 till
363 724 24 14 en
402 718 26 19 till
446 718 92 24 beloppet
557 717 91 20 bestämd
663 717 180 25 kommunal-afgift

98 744 56 20 torde
169 744 70 20 sådant
254 744 29 20 för
296 744 59 20 dessa
370 744 89 20 klassers
469 744 148 20 välbefinnande
626 744 30 19 väl
670 749 46 13 vara
728 743 34 19 det
776 743 65 23 bästa,

97 776 46 14 men
157 770 57 20 deraf
226 770 57 26 följer
295 772 59 19 äfven
368 773 28 17 att
410 770 25 20 de
449 770 18 25 ej
481 771 47 19 böra
543 770 18 20 få
573 770 77 24 deltaga
664 770 5 18 i
685 769 158 20 bestämmandet

97 797 21 19 af
131 797 52 19 hvad
197 797 63 19 andra
273 797 131 20 medlemmar
418 797 20 19 af
450 797 120 19 kommunen
581 796 56 20 skola
651 796 71 24 betala,
732 796 49 19 eller
794 795 6 19 i
809 795 34 19 be-

98 823 101 20 slutandet
219 824 55 18 öfver
288 824 59 25 något
366 824 81 24 företag,
466 824 92 19 hvarföre
577 822 90 26 taxering
680 822 48 19 skall
743 822 43 20 ske.
814 820 28 21 På

98 850 59 20 dessa
172 850 86 26 grunder
272 850 29 20 får
314 850 102 20 Utskottet
430 849 147 20 vördsammast
591 848 78 24 föreslå,

250 879 33 17 att
303 876 46 20 den
369 876 5 19 i
392 876 67 19 detta
478 879 102 17 moment
600 874 137 26 uppställda
756 874 87 26 grund-

196 905 61 17 satts
271 903 73 19 måtte
358 902 24 20 af
394 902 94 20 landets
503 902 96 20 ständer
613 901 145 25 godkännas.

151 929 58 20 Hvad
223 929 44 20 åter
280 928 63 26 angår
357 929 75 19 formen
447 929 39 19 och
499 930 60 18 sättet
573 928 29 19 för
619 927 115 20 utöfvandet
747 928 20 19 af
780 926 64 20 stads-

98 956 153 20 kommunernas
272 955 117 21 beslutande
403 956 45 23 rätt,
465 955 82 20 föreslås
563 956 4 18 i
582 954 38 20 den
635 954 75 24 Nådiga
726 953 117 26 propositio-

98 988 49 14 nens
163 982 18 25 3,
197 984 12 18 4
223 984 39 18 och
277 984 11 18 5
305 984 119 18 momenter:
448 984 47 23 «att,
514 982 5 19 i
537 982 65 20 stället
622 980 29 20 för
668 980 25 20 de
710 980 75 20 äldstes
799 978 42 24 råd,

98 1012 56 16 utses
168 1008 5 19 i
188 1009 73 25 städer,
273 1009 67 19 hvilka
354 1014 35 20 ega
403 1008 56 20 öfver
469 1011 77 17 ettusen
560 1006 123 22 innevånare,
696 1006 148 20 stadsfullmäk-

98 1036 47 24 tige,
162 1040 44 14 som
221 1035 61 25 väljas
296 1036 21 19 af
329 1035 38 19 och
381 1034 66 20 ibland
464 1034 79 20 stadens
557 1034 36 20 alla
611 1032 164 26 röstberättigade
790 1033 54 19 inne-

98 1061 81 25 vånare,
197 1063 38 18 och
249 1062 20 20 åt
283 1062 67 20 hvilka
364 1061 133 19 kommunens
511 1059 118 21 beslutande
647 1061 38 18 rätt
698 1059 143 23 öfverlemnas;

151 1090 28 17 att
193 1090 72 18 antalet
279 1089 22 19 af
320 1088 177 25 stadsfullmäktige
518 1087 122 19 bestämmes
661 1086 4 19 i
680 1084 121 21 förhållande
815 1084 27 20 till

98 1114 81 20 stadens
193 1115 120 25 befolkning;

152 1144 28 17 att
194 1142 6 19 i
215 1142 65 19 städer
293 1141 46 20 med
354 1140 76 20 mindre
447 1139 114 27 folkmängd
581 1141 24 17 än
621 1141 78 17 ettusen
716 1137 124 29 innevånare,

98 1168 34 20 det
146 1167 33 21 må
193 1168 48 19 bero
255 1168 20 19 af
287 1168 25 19 de
321 1167 163 25 röstberättigade
495 1166 69 26 sjelfva
579 1168 27 16 att
617 1166 112 19 bestämma
743 1163 99 20 huruvida

98 1194 26 20 de
137 1194 47 25 vilja
198 1195 67 19 utöfva
285 1194 29 20 sin
331 1194 115 19 beslutande
466 1195 39 17 rätt
523 1193 4 19 i
542 1192 96 20 allmänna
655 1190 186 24 sammankomster,

100 1221 46 20 eller
161 1222 121 18 öfverlemna
297 1220 115 20 densamma
428 1220 18 20 åt
462 1219 140 25 fullmäktige».
840 1243 3 3 N

152 1248 61 19 Innan
228 1248 101 22 Utskottet
344 1246 90 26 öfvergär
448 1246 27 20 till
490 1252 24 14 en
528 1247 92 18 närmare
631 1244 123 26 granskning
768 1243 20 19 af
800 1242 25 20 Je
839 1249 5 13 i

99 1274 86 20 nämnde
199 1276 112 17 momenter
325 1274 111 24 uppställda
457 1274 74 18 former
548 1272 29 19 för
591 1271 116 20 utöfvandet
721 1270 20 20 af
753 1270 92 19 kommu-

100 1306 50 14 nens
165 1301 115 19 beslutande
294 1302 45 23 rätt,
356 1300 56 20 torde
426 1300 33 19 det
473 1305 47 13 vara
534 1298 65 26 nöligt
613 1300 28 18 att
656 1298 42 18 visa
715 1296 130 29 hvilkendera

100 1327 83 23 formen,
199 1332 44 14 som
257 1327 5 18 i
277 1326 212 19 stadskommunernas
510 1324 114 20 nuvarande
639 1323 129 25 organisation
783 1322 62 19 blifvit

100 1348 122 35 genomförd.
754 1373 6 5 N
825 1373 3 3 N

154 1379 42 19 Den
210 1378 60 24 makt,
287 1384 44 14 som
345 1378 57 26 enligt
416 1377 111 25 stadslagen
541 1376 74 21 tillkom
625 1375 103 20 städernas
742 1369 42 39 råd,
796 1373 50 20 hvil-

102 1406 24 20 ka
141 1404 91 26 utgjorde
253 1405 137 26 delegationer,
407 1404 58 20 valde
479 1404 20 19 af
512 1404 37 19 och
571 1402 64 21 ibland
655 1397 188 40 köpstadsmännen,

103 1438 35 14 var
152 1432 74 27 ganska
240 1432 117 24 vidsträckt,
373 1431 51 21 dock
438 1431 38 19 kan
489 1436 46 14 man
550 1430 20 20 af
583 1430 12 20 2
605 1429 45 25 kap.
662 1426 184 22 Rädstufvubalken
