1070 1686
173 137 49 31 1142
385 141 71 22 Nådiga
468 142 140 22 Propositionen
621 142 36 17 N:o
669 143 28 16 38.

174 189 140 19 rekommande
328 189 20 19 af
360 190 113 25 öfverflölig
487 190 171 25 bränvinstillgång
672 191 39 19 och
725 190 115 20 minskande
850 191 21 19 af
879 191 35 25 fyl-

174 215 56 19 leriet
244 216 36 18 har
295 214 17 26 ej
327 216 60 19 heller
402 216 178 20 tillfredsställande
594 216 83 26 uppfylit
687 216 115 24 ändamålet,
814 217 29 19 för
855 218 59 18 hvars

174 241 98 20 vinnande
285 242 60 19 andra
359 244 82 22 utvägar
455 242 64 20 måste
533 242 65 20 sökas.

227 274 8 18 I
249 273 53 20 detta
316 273 94 20 afseende
425 274 35 19 har
473 275 63 18 Hans
551 274 133 25 Kejserliga
697 274 109 25 Majestät
816 278 65 16 ansett
891 281 23 13 en

172 300 74 19 reform
260 300 21 19 af
293 305 26 14 nu
336 300 88 25 gällande
441 300 132 25 författningar
590 300 99 25 angående
706 301 88 19 vilkoren
812 302 29 18 för
858 301 57 19 brän-

171 325 196 26 vinstillverkningen
381 326 5 19 i
401 327 64 18 landet
480 332 47 13 vara
541 327 20 19 af
573 326 94 20 behofvet
681 327 153 26 oundgangligen
848 327 68 25 päkal-

172 352 39 24 lad;
228 351 112 26 hvarjemte
354 353 61 19 Hans
431 352 131 26 Kejserliga
578 352 115 26 Majestät,
710 353 25 25 pä
749 355 62 23 grund
829 354 20 18 af
862 354 53 19 hvad

170 378 104 20 ofvanföre
289 379 80 25 anförts,
384 379 64 20 funnit
463 385 23 14 en
501 379 37 20 slik
554 379 73 20 reform
641 379 44 20 icke
703 380 63 19 kunna
780 379 134 20 ändamälsen-

170 405 34 26 ligt
218 405 157 26 tillvägabringas
390 406 118 19 annorlunda
523 407 24 18 än
561 405 45 20 med
620 406 294 25 bränvinsbränningsrältighe-

172 434 44 17 tens
234 431 95 26 skiljande
346 431 43 20 från
404 431 104 26 jorbruket
525 433 38 19 och
581 432 208 25 stadskommunerne,
808 436 54 16 emot
881 433 34 19 det

171 458 108 25 utgörande
297 459 20 18 af
338 459 254 25 bränvinsarrendeafgiften
618 458 24 19 dä
660 459 60 19 tillika
737 459 62 20 skulle
816 460 96 25 upphöra.

170 484 63 19 Häns
247 483 135 26 Kejserliga
395 484 110 26 Majestät
518 486 36 19 har
571 485 85 24 derföre,
676 485 45 20 med
739 485 99 26 anledning
856 486 20 19 af
888 486 25 19 42

170 511 10 25 $
196 511 6 18 i
215 511 187 25 Regeringsformen
416 512 21 18 af
448 512 37 19 den
500 512 24 19 24
539 511 81 20 Augusti
636 513 58 22 1772,
712 512 51 19 velat
776 512 71 19 föreslå
856 513 58 18 Stän-

170 537 62 20 derna
246 539 34 22 att,
297 537 45 20 med
357 538 138 25 upphäfvande
509 538 20 19 af
541 527 80 36 stadgan
636 537 38 20 den
690 539 24 18 15
728 538 44 19 Juni
788 539 50 18 1800
854 539 4 18 i
870 539 44 19 hela

170 563 48 20 dess
232 563 54 25 vidd,
302 563 28 20 för
343 563 70 25 jorden
428 565 37 18 och
480 564 91 20 städerna
585 563 49 20 afstä
645 564 42 19 från
699 564 36 20 Jen
739 564 119 26 derigenom
867 565 47 19 dem

170 590 77 25 tillagda
261 590 113 26 brännings-
383 591 38 19 och
435 590 169 26 försäljningsrätt,
620 593 52 17 samt
685 594 26 16 att
726 592 30 18 för
765 590 37 20 den
812 591 99 19 bränvins-

170 616 133 26 tillverkning,
322 622 44 14 som
382 616 87 20 derefter
486 618 79 18 komme
582 620 27 16 att
627 618 5 18 i
647 617 64 20 landet
726 618 84 23 utöfvas,
828 618 5 18 i
848 618 65 19 stället

169 642 30 20 för
215 642 40 20 den
272 649 26 13 nu
314 642 96 27 utgående
428 643 265 26 bränvinsarrendeafgiften,
711 646 70 23 antaga
800 649 62 15 annan
880 644 33 20 be-

170 665 107 35 skattning.
866 694 3 2 i

224 701 105 26 Angående
349 702 25 20 de
394 702 67 20 vidare
482 702 120 26 stadganden
623 703 38 19 och
681 702 129 24 föreskrifter,
826 708 43 15 som
879 702 33 20 för

170 728 257 26 bränvinstillverkningens
442 729 36 19 och
493 728 149 26 försäljningens
656 729 99 19 ordnande
771 728 25 26 på
813 730 99 25 lämpliga-

168 756 32 18 ste
214 756 41 18 sätt
267 754 65 20 kunna
347 755 109 24 erfordras,
472 756 35 19 har
521 756 64 19 Hans
599 754 132 26 Kejserliga
745 755 110 25 Majestät
878 762 34 14 ve-

169 780 27 20 lat
210 780 106 21 förbehälla
332 781 33 26 Sig
379 784 28 17 att
420 783 90 18 närmare
524 782 129 19 förordnande
666 782 98 20 meddela.
792 783 43 19 Men
846 783 4 19 i
860 783 53 20 förli-

168 807 58 19 tande
242 808 61 24 derpå
318 810 28 17 att
360 808 114 24 Ständerna,
490 808 72 20 lifvade
577 808 20 19 af
605 808 142 20 fosterländska
759 809 109 23 tänkesätt,
877 810 35 19 äro

170 833 90 25 benägne
274 837 28 16 att
315 834 45 19 med
375 835 62 18 Hans
451 834 132 26 Kejserliga
598 834 111 25 Majestät
723 835 106 20 medverka
844 836 26 19 till
881 842 32 13 re-

168 859 74 25 glering
257 861 21 18 af
290 859 148 26 ifrågavarande
452 861 145 25 angelägenhet,
612 860 25 25 pä
652 863 27 17 ett
693 861 5 19 i
713 860 50 21 både
786 861 70 26 sedligt
874 862 37 20 och

169 885 127 20 ekonomiskt
310 886 112 20 hänseende
436 888 28 18 för
478 887 66 20 landet
558 887 109 26 förmånligt
682 889 45 23 sätt,
743 888 37 19 har
789 888 62 19 Hans
862 888 49 25 Kej-

170 913 89 24 serliga
274 912 109 25 Majestät
396 919 27 13 nu
438 914 58 19 redan
511 913 41 20 låtit
566 914 4 19 i
588 913 45 20 slikt
647 914 52 25 syfte
716 914 89 19 utarbete
822 917 28 17 ett
869 914 42 21 från

168 939 112 24 grunderna
298 940 5 18 i
321 939 51 20 1800
390 939 32 20 års
440 940 68 25 stadga
526 940 104 19 afvikande
646 941 73 24 förslag
736 941 25 19 till
779 941 112 25 författning
906 941 5 19 i

168 965 72 24 ämnet,
257 965 76 20 hvilket
346 965 72 25 förslag
431 965 61 25 jemte
506 967 25 18 de
545 966 5 19 i
565 966 56 19 skrift
636 969 89 22 uppsatta
740 967 91 24 motiver,
844 967 66 20 hvilka

168 990 52 25 legat
235 991 25 20 till
274 991 62 26 grund
351 992 29 19 för
394 992 116 25 detsamma,
527 998 25 13 nu
563 991 74 25 jemväl
648 993 25 19 till
684 993 117 20 ständernas
811 993 100 20 utlåtande

168 1017 140 20 öfverlemnas.

221 1049 85 20 Berörde
324 1050 72 25 förslag
412 1051 22 18 är
451 1050 100 25 uppstäldt
568 1051 50 18 efter
634 1050 38 19 den
686 1051 42 19 deri
742 1053 81 24 antagna
838 1052 72 25 grund-

168 1078 42 16 sats
227 1078 38 22 att,
285 1076 29 19 för
330 1078 28 17 ett
374 1076 162 25 ändamålsenligt
551 1077 98 19 ordnande
663 1077 20 18 af
695 1077 215 20 bränvinstillverknin-

168 1107 47 19 gen,
234 1101 45 20 icke
299 1102 99 19 erfordras
417 1103 159 19 bestämmandet
592 1103 20 18 af
628 1105 28 16 ett
673 1103 51 19 visst
741 1104 68 24 högsta
829 1104 79 25 belopp,

167 1127 108 19 hvaröfver
289 1128 43 19 hela
347 1128 75 20 landets
436 1128 123 26 tillverkning
573 1128 18 26 ej
607 1128 51 26 finge
675 1129 74 19 skrida.
781 1130 61 19 Hans
859 1130 51 24 Kej-

167 1154 87 23 serliga
272 1153 108 25 Majestät
396 1155 37 18 har
450 1154 49 19 dock
518 1155 53 19 velat
585 1155 92 19 särskildt
694 1156 47 18 höra
756 1155 108 20 Ständerna
879 1157 32 18 rö-

167 1179 61 19 rande
242 1180 64 19 denna
321 1180 144 25 omständighet
479 1181 37 18 och
530 1181 97 19 huruvida
641 1180 25 19 de
680 1181 62 19 önska
753 1184 27 17 ett
792 1182 47 19 slikt
849 1183 60 18 maxi-

168 1205 111 26 mibelopps
294 1207 110 19 utsättande
418 1207 47 18 eller
478 1207 51 19 icke.
558 1206 26 20 På
599 1207 33 19 det
642 1209 27 17 att
678 1207 110 20 Ständerna
798 1209 69 19 lättare
876 1208 32 20 må

167 1231 80 19 komma
250 1227 12 36 i
281 1232 71 19 tillfalle
366 1235 28 16 att
407 1232 5 18 i
426 1233 62 18 denna
502 1233 30 18 del
548 1233 29 25 sig
591 1235 59 23 yttra,
666 1233 36 18 har
717 1236 28 17 ett
763 1237 57 16 annat
836 1235 73 24 förslag

167 1257 25 19 till
208 1257 110 24 författning
334 1259 4 17 i
353 1258 128 19 förevarande
495 1259 65 24 ämne,
576 1259 75 24 byggdt
664 1258 25 25 på
704 1259 99 25 principen
818 1261 20 18 af
847 1260 62 19 maxi-

168 1282 130 26 mibeloppets
312 1283 123 27 behöflighet,
450 1283 71 26 jemväl
536 1284 63 19 blifvit
613 1285 117 24 utarbetadt,
747 1285 75 20 hvilket
836 1287 72 25 förslag

167 1309 59 20 tillika.
244 1310 45 19 med
307 1310 61 20 dertill
387 1311 85 18 hörande
489 1311 85 19 motiver
590 1310 86 26 bilägges
694 1312 25 19 till
735 1312 117 26 upplysning
868 1314 39 19 och

166 1335 76 26 ledning
256 1336 5 19 i
277 1336 125 21 omförmälda
417 1337 120 20 hänseende.

220 1369 38 19 Det
272 1369 70 25 förslag
356 1369 62 20 Hans
433 1369 130 26 Kejserliga
573 1369 107 26 Majestät
689 1377 34 18 nu,
735 1371 51 20 hvad
796 1371 62 26 angår
868 1374 39 18 rät-

167 1395 60 25 tighet
241 1397 39 18 och
293 1396 129 25 beskattning,
438 1397 26 19 till
479 1396 119 20 Ständernas
612 1398 109 24 antagande
735 1399 38 19 och
788 1398 4 20 i
807 1399 57 25 öfrigt
879 1399 27 20 till

167 1421 59 21 deras
239 1421 100 21 utlåtande
353 1422 134 23 öfverlemnat,
504 1423 55 25 lyder
573 1428 42 15 som
630 1423 62 25 följer:
837 1424 3 1 i
