1023 1689
180 151 33 20 770
394 148 72 23 Nådiga
477 149 141 22 Propositionen
630 148 36 18 N:o
678 149 29 18 28.

181 201 6 18 i
201 199 185 25 Riksdagsbeslutet
399 197 19 20 af
431 198 37 19 den
483 199 24 18 22
522 197 52 20 Mars
589 198 52 19 1604
655 196 99 26 påbjudne
768 199 34 23 att,
818 196 68 20 såsom
899 202 25 14 en

183 225 76 26 ständig
271 226 60 23 skatt,
342 225 81 24 utgöras
433 225 20 18 af
461 223 69 25 hvarje
542 223 222 20 socknehandtverkare
773 223 38 19 och
824 223 101 25 gernings-

183 257 47 15 man
244 251 22 26 pä
273 251 81 24 landet,
370 250 46 20 med
433 251 9 19 1
459 251 55 19 daler
534 250 132 26 silfvermynt,
688 249 143 20 motsvarande
851 250 26 19 48
890 249 36 19 ko-

183 279 46 26 pek,
245 279 77 18 utöfver
336 277 25 20 de
373 277 60 20 andra
448 277 103 26 utskylder
565 277 39 18 han
618 277 28 19 till
656 276 78 19 Kronan
748 276 82 19 betalar.
860 275 66 20 Likväl

183 307 34 18 äro
231 310 24 14 en
269 305 32 20 del
315 304 66 20 städer
402 303 144 20 tillförsäkrade
560 305 34 22 att,
615 303 68 20 såsom
702 305 28 17 ett
750 302 81 20 tillskott
848 302 5 19 i
867 302 60 20 deras

183 332 117 23 inkomster,
316 330 18 19 få
350 330 87 25 uppbära
451 331 60 18 dessa
522 330 140 25 gerningsören
671 329 21 19 af
705 329 221 20 socknehandtverkare

183 358 29 19 uti
234 359 88 18 närmast
344 357 81 25 belägna
447 357 92 18 socknar.
570 357 30 18 En
623 355 37 20 slik
682 355 76 20 förmån
780 356 35 19 har
838 355 89 25 Helsing-

184 385 41 19 fors
239 384 45 19 stad
297 389 71 20 genom
382 383 69 24 Kongl.
466 382 132 20 resolutionen
612 382 20 19 af
644 381 38 20 den
697 383 11 18 7
723 381 36 25 Maj
779 381 50 20 1752
848 381 36 19 fått
897 382 31 24 sig

183 410 73 20 tillagd.

224 425 41 31 "År
280 436 51 19 1860
345 434 91 26 utgjorde
449 435 73 20 antalet
535 435 20 19 af
567 434 144 25 gerningsmän,
723 439 43 13 som
780 434 91 19 betalade
885 439 43 19 ger-

185 463 110 25 ningsören,
311 461 68 19 inalles
389 461 60 24 8,825
459 466 96 20 personer
564 461 38 19 och
617 460 88 20 Kronans
717 460 45 19 hela
772 460 85 19 inkomst
866 459 62 25 4,082

184 489 55 20 rubel
257 488 24 20 16
295 488 72 25 kopek.

238 515 88 19 Emedan
340 514 63 19 denna
417 514 52 19 skatt
483 513 108 26 egentligen
605 514 22 18 är
637 518 23 14 en
674 512 139 26 näringsafgift,
825 518 44 14 som
882 512 47 19 med

184 542 26 20 de
225 541 61 25 öfriga
301 541 109 25 personella
432 540 126 26 utskyldernä
573 539 44 19 icke
631 539 36 19 har
687 538 64 27 någon
765 538 126 27 gemenskap,
907 540 22 18 är

185 568 38 20 den
239 568 57 19 äfven
311 566 112 21 oberoende
437 567 20 19 af
472 566 123 25 regleringen
614 566 43 19 utaf
669 566 25 19 de
709 566 67 19 andra.
804 566 38 19 För
856 564 74 20 framti-

185 595 39 19 den
238 594 56 20 torde
308 594 59 19 likväl
381 593 48 19 dess
443 594 79 24 belopp,
537 592 28 20 till
580 592 96 20 vinnande
691 592 20 19 af
724 598 24 14 en
763 592 78 20 enklare
855 591 75 20 debite-

185 621 50 25 ring,
251 620 106 20 fastställas
371 619 27 19 till
419 620 5 18 2
440 619 56 19 mark
510 619 21 19 af
544 619 50 19 hvar
603 618 221 20 socknehandtverkare
833 618 39 19 och
884 622 45 20 ger-

188 647 111 25 ningsman.

239 672 26 20 På
279 675 40 17 sätt
332 672 53 19 förut
398 671 63 20 blifvit
479 671 83 20 nämndt
575 670 58 26 utgår
647 670 56 26 ingen
721 672 21 18 af
753 672 36 19 alla
803 676 26 14 nu
844 670 86 26 uppräk-

186 699 51 19 nade
251 698 111 26 personella
375 698 104 25 utskylder
497 698 28 18 uti
539 697 95 25 Wiborgs
650 697 38 25 län,
704 697 101 20 hvarest
794 693 12 35 i
820 697 65 19 stället
898 702 33 14 er-

186 726 76 24 läggas:

205 732 12 20 :
241 752 38 19 7:o.
309 750 290 26 Poduschniepenningar.
629 749 72 20 Såvida
721 750 29 18 uti
764 750 25 20 de
809 749 82 20 andelar
911 749 21 19 af

186 779 54 19 östra
254 778 86 26 Finland,
356 782 44 14 som
413 782 70 20 genom
498 776 67 20 freden
580 776 5 19 i
599 776 76 26 Nystad
690 776 23 20 år
723 776 50 20 4724
783 776 37 19 och
836 776 96 19 fredsslu-

186 807 29 17 tet
231 804 2 20 i
248 804 43 20 Åbo
306 804 51 19 1743
371 803 100 19 afträddes
491 802 27 20 till
533 801 150 26 Kejsaredömet
700 802 97 26 Ryssland
812 802 37 19 ech
864 802 66 19 hvilka

186 831 116 20 sedermera
311 829 90 26 utgjorde
412 829 34 19 det
455 829 68 19 fordna
531 829 119 25 Wiborgska
660 832 169 22 guvernementet,
841 828 91 20 beståen-

186 857 26 20 de
226 857 21 19 af
259 856 113 20 nuvarande
388 856 93 25 Wiborgs
496 856 38 24 län,
548 854 63 26 jemte
620 856 90 25 Nyslotts
724 856 44 19 stad
782 856 38 19 och
835 854 95 26 åtskilliga

187 889 83 14 numera
284 883 27 19 till
326 883 31 19 S:t
371 882 81 20 Michels
465 883 31 18 län
511 881 111 20 öfverförde
637 882 85 19 socknar
736 882 38 19 och
792 880 137 26 socknedelar,

188 916 24 13 en
227 912 41 17 stor
282 909 31 19 del
326 908 163 26 jordlägenheter,
512 908 5 19 i
532 907 45 26 följd
591 908 21 19 af
624 908 26 19 de
670 907 112 26 långvariga
796 908 76 25 krigen,
887 907 45 20 dels

187 935 51 20 hade
253 935 55 20 råkat
322 935 6 19 i
341 935 98 25 lägervall,
455 935 44 19 dels
514 934 62 20 blifvit
590 934 44 24 öde,
650 939 49 14 voro
714 935 97 19 allmänna
827 933 105 20 skatteför-

187 962 109 25 meldlingar
315 961 104 19 derstädes
440 960 128 26 nödvändiga.
598 960 68 26 Dylika
681 959 186 26 jordransakningar
884 959 47 20 eller

186 988 112 19 revisioner
319 987 46 20 med
379 986 48 21 derå
447 987 101 25 grundade
567 987 140 25 förmedlingar
725 986 131 20 verkställdes
876 986 56 19 öfver

188 1013 47 21 åren
251 1014 50 20 1728
316 1014 38 19 och
369 1013 50 20 1742
435 1014 20 19 af
466 1013 25 20 de
501 1013 62 20 lokala
577 1012 163 26 tjenstemännen,
751 1014 38 18 och
803 1012 25 20 de
840 1011 93 26 jordböc-

188 1040 43 25 ker,
247 1046 44 14 som
306 1039 69 20 dervid
390 1039 134 25 upprättades,
538 1038 63 26 jemte
615 1039 25 20 de
656 1039 139 26 lägenheterne
815 1037 64 21 åsatte
893 1038 39 19 för-

189 1066 90 21 medlade
294 1066 97 19 mantalen
405 1065 51 25 tjena
476 1067 52 18 ännu
542 1065 27 23 till
586 1065 62 25 grund
662 1065 29 20 för
710 1064 117 27 utgörandet
843 1065 20 19 af
876 1065 56 18 hem-

188 1097 82 15 manens
284 1094 67 17 räntor
364 1091 39 20 och
423 1092 61 25 öfriga
502 1091 81 20 besvär.
611 1091 115 20 Emellertid
746 1091 120 25 undergingo
887 1090 45 20 icke

188 1119 49 19 blott
249 1117 152 26 jordskatterne,
418 1121 46 16 utan
485 1118 59 19 äfven
557 1117 26 20 de
597 1119 51 18 förra
669 1118 112 25 personella
794 1117 135 26 utskylderna,

188 1145 43 20 dels
246 1145 60 20 redan
320 1144 34 19 vid
367 1144 84 20 berörde
469 1144 116 24 revisioner,
600 1144 43 20 dels
663 1144 113 19 sedermera
793 1143 27 20 tid
834 1143 51 20 efter
899 1149 33 14 an-

188 1177 39 13 nan
243 1171 119 25 väsendtliga
376 1170 141 26 förändringar.
546 1171 150 19 Jordskatterne
705 1170 102 20 nedsattes
820 1169 113 27 betydligen

188 1197 39 20 och
236 1197 46 26 utgå
291 1197 120 20 fortfarande
420 1196 42 20 från
471 1197 72 19 krono-
552 1197 38 19 och
600 1197 158 19 skattehemman
767 1197 46 20 med
824 1196 44 20 vida
877 1197 54 24 lägre

189 1224 72 24 belopp
275 1225 24 18 än
319 1223 43 19 från
376 1223 65 25 dylika
461 1224 93 18 hemman
568 1223 8 18 i
593 1223 34 19 det
647 1223 60 24 öfriga
721 1223 86 19 Finland.
837 1223 28 18 De
879 1223 52 18 förra

189 1249 110 24 personella
312 1248 129 26 utskylderne
460 1248 118 19 afskaffades
594 1248 80 19 alldeles
691 1249 38 18 och
743 1247 22 20 år
780 1248 50 20 1783
845 1247 87 20 infördes

189 1275 219 27 poduschnie-afgiften,
424 1274 80 19 hvilken
518 1273 57 20 likväl
590 1275 26 18 till
631 1273 64 26 någon
709 1274 30 19 del
756 1273 91 26 utgjorde
862 1275 71 18 ersätt-

188 1301 45 26 ning
247 1300 29 20 för
291 1306 24 15 en
329 1301 96 24 derjemte
442 1300 112 26 ytterligare
568 1300 110 20 reducerad
691 1300 59 20 andel
764 1301 21 19 af
799 1299 130 26 jordskatten,

189 1327 104 20 äfvensom
314 1327 92 26 beloppet
426 1327 20 19 af
459 1327 60 26 sagde
532 1327 54 25 afgift
603 1327 114 20 sedermera
736 1327 31 19 vid
789 1327 64 20 skilda
869 1327 63 20 tillfäl-

189 1354 32 19 len
235 1353 106 26 undergick
351 1353 118 26 förändring.
494 1353 27 20 Då
532 1353 121 26 Wiborgska
666 1356 171 23 guvernementet,
849 1353 26 20 till
885 1352 47 26 följe

189 1380 22 19 af
223 1379 73 27 Nådiga
317 1380 129 25 kungörelsen
460 1380 37 19 den
513 1381 22 19 44
554 1380 41 25 (23)
610 1380 111 20 December
736 1381 58 23 1814,
813 1379 120 20 äterförena-

189 1406 37 20 des
239 1407 47 19 med
301 1406 194 20 Storfurstendömed
508 1407 85 24 Finland,
605 1407 63 20 under
681 1412 77 14 samma
772 1407 121 25 förvaltning,
905 1407 27 18 la-

188 1438 41 20 gar,
248 1434 116 24 rättigheter
384 1434 38 18 och
443 1433 140 25 skyldigheter,
605 1439 44 13 som
666 1434 5 18 i
686 1433 190 20 Storfurstendömet
897 1434 33 18 äro
