1006 1686
186 145 48 32 1030
402 149 72 22 Nådiga
485 150 139 22 Propositionen
638 149 36 17 N:o
685 149 28 17 31.

186 199 115 24 hänvisning
321 199 6 18 i
341 198 84 20 särskild
441 198 80 20 kolumn
541 199 26 19 till
582 198 26 19 de
624 198 20 25 $$
658 198 5 19 i
674 198 122 25 protokollet,
815 202 44 14 som
876 197 53 19 inne-

185 224 50 21 hålla
259 225 90 19 besluten
371 225 76 19 härom.
476 225 178 25 Verkställigheten
674 225 56 19 häraf
743 223 119 20 tillkommer
881 223 46 24 den,

186 257 44 14 som
245 251 53 20 förer
306 251 127 26 protokollet;
449 253 38 18 och
498 252 35 19 bör
542 251 131 20 ordföranden
683 251 50 20 vaka
748 251 55 18 öfver
817 252 29 17 att
859 249 70 20 sådant

186 278 103 24 ordentligt
309 279 92 23 fuligöres
422 281 52 15 samt
491 277 208 25 bevillningslängdens
720 277 209 19 öfverensstämmelse

186 304 45 20 med
245 304 117 25 protokollet
375 304 85 19 medelst
474 304 54 20 såväl
544 303 142 21 ordförandens
698 309 44 14 som
756 303 174 25 protokollsföran-

186 330 49 20 dens
249 330 144 20 underskrifter
407 330 113 26 bestyrkas.

241 357 32 20 Uti
287 356 185 27 Pröfningskomités
486 357 66 20 beslut
566 357 38 19 kan
618 356 44 20 icke
675 356 80 26 ändring
769 355 67 21 sökas.

529 410 10 26 g
554 411 32 19 28.

241 448 28 20 De
283 447 82 21 sålunda
375 448 89 25 slutligen
473 448 107 20 fastställda
589 447 229 25 bevillningslängderna,
827 446 63 25 jemte
900 447 29 19 öf-

187 474 41 25 riga
243 474 62 20 dertill
321 474 87 20 hörande
422 475 118 25 handlingar,
556 475 47 19 böra
618 474 20 19 af
650 473 200 25 Pröfningskomiténs
864 473 66 19 ordfö-

187 500 61 20 rande
262 502 41 18 före
317 500 97 26 utgången
435 501 20 19 af
467 501 111 19 Deoember
598 500 70 20 månad
682 500 98 24 afsändas,
797 498 10 21 å
821 499 66 20 landet
901 499 28 20 till

187 527 190 21 Häradsskrifvaren
392 527 39 19 och
446 528 4 18 i
464 527 44 20 stad
522 528 27 19 till
564 527 37 20 den
615 526 125 26 tjensteman,
754 531 44 15 som
813 526 118 20 verkställer

188 554 109 25 debitering
311 554 20 18 af
343 553 135 25 kronomedel,
494 554 30 19 för
537 556 28 17 att
578 554 21 19 af
615 554 71 18 honom
700 553 32 19 vid
750 553 91 24 afgiftens
855 552 75 20 debite-

187 579 43 26 ring
244 580 99 25 begagnas
363 582 52 17 samt
429 579 127 26 nästföljande
576 579 23 20 år
615 579 62 20 hållas
691 579 150 20 vederbörande
862 578 69 20 bevill-

186 606 65 26 nings-
265 607 39 19 och
319 606 174 26 pröfningskomité
507 606 25 21 till
550 605 118 27 upplysning
684 605 99 21 tillhanda.

502 686 54 26 Kap.
575 686 40 20 111.

207 738 135 31 Debitering,
357 738 106 30 uppbörd,
480 738 113 24 afkortning
625 738 40 23 och
680 738 145 28 redovisning
839 737 26 23 af
875 737 36 23 be-

441 767 237 29 viliningsafgifterna.

533 826 10 25 8
556 826 33 19 29.
838 841 2 3 .

243 863 65 20 Sedan
322 863 220 26 bevillningslängderna
557 863 42 20 från
610 863 224 26 Pröfningskomitberna
848 863 85 20 kommit

191 889 149 20 vederbörande
355 889 116 26 tjensteman
486 890 97 24 tillhanda,
599 891 47 19 böra
660 890 102 25 afgifterne
776 889 5 20 i
795 889 139 32 upplördsbo-

190 917 38 19 ken
242 916 141 25 uppdebiteras
404 917 39 19 och
459 917 38 19 den
514 916 69 26 hvarje
597 916 193 27 bevillningsskyldig
806 916 81 25 päförda
904 916 29 19 in-

189 938 184 55 komsibavillninga
379 945 97 23 upptagas
491 944 4 18 i
510 944 50 19 hans
574 943 29 19 för
618 949 76 13 samma
708 943 22 19 år
748 942 101 20 utfärdade
862 938 70 35 debet-

190 975 62 14 sedel.

532 1016 10 26 $
557 1017 32 19 30.

243 1053 73 20 Aflider
329 1053 194 27 bevillningsskyldig
538 1054 41 19 före
592 1053 39 20 den
646 1054 8 19 4
671 1053 37 20 Juli
722 1053 33 20 det
769 1053 29 25 år,
814 1053 29 20 för
858 1053 75 20 hvilket

189 1080 108 25 bevillning
310 1080 49 19 skall
369 1080 94 25 erläggas,
475 1080 78 25 påföres
562 1081 74 18 honom
650 1080 44 19 icke
704 1080 177 25 bevillningsafgift,
893 1080 40 19 och

190 1105 33 21 må
243 1107 52 25 förty
315 1106 60 20 sådan
396 1106 59 26 afgift,
477 1107 68 19 derest
564 1107 38 19 den
622 1106 34 20 det
676 1106 80 20 oaktadt
776 1106 63 20 blifvit
859 1106 73 19 honom

190 1132 76 26 påförd,
282 1132 28 20 uti
326 1132 160 26 räkenskaperna
506 1133 94 19 afkortas.
629 1133 43 19 Men
686 1132 88 20 inträffar
788 1132 103 20 dödsfallet
905 1132 28 19 ef-

191 1162 31 17 ter
235 1159 39 20 den
289 1160 9 19 1
315 1159 44 24 Juli;
376 1160 78 25 utgöres
468 1159 171 26 bevillningsafgift
652 1159 30 19 för
696 1159 42 19 fullt
752 1158 29 20 år.

534 1212 11 24 $
559 1212 33 19 31.

245 1248 8 19 I
267 1247 94 20 afseende
375 1247 10 20 å
400 1247 97 26 uppbörd,
519 1248 130 25 inleverering
665 1248 39 19 och
725 1247 125 25 redovisning
867 1248 21 18 af
900 1248 35 19 be-

192 1274 191 25 villningsafgifterne
397 1276 52 17 samt
457 1274 149 25 anmärkningar
615 1276 41 17 mot
667 1274 147 19 vederbörande
822 1274 112 24 uppbörds-

191 1301 46 19 män
247 1299 101 26 angående
358 1300 29 19 för
395 1300 55 25 ringa
457 1300 101 20 debiterad
569 1300 111 26 bevillning,
688 1300 103 19 äfvensom
802 1298 133 22 återsökande

192 1327 21 20 af
223 1327 53 20 hvad
285 1326 195 27 bevillningsskyldig
493 1327 99 20 förmenar
602 1326 30 27 sig
643 1327 5 19 i
658 1326 85 21 berörde
753 1326 113 20 hänseende
875 1326 58 20 hafva

191 1353 64 21 blifvit
275 1354 21 19 af
310 1353 149 26 uppbördsman
480 1354 29 19 för
524 1355 81 25 mycket
625 1353 77 26 påfördt
716 1359 27 14 m.
759 1359 35 19 m.,
813 1353 49 26 gälle
880 1353 53 20 hvad

191 1379 100 26 angående
305 1380 60 25 öfrige
378 1380 138 25 kronoutlagor
530 1381 22 18 är
564 1380 96 26 stadgadt.
689 1379 55 20 Dock
758 1379 18 20 få
791 1379 60 20 dessa
864 1380 69 19 bevill-

192 1406 122 26 ningsmedel
328 1406 45 20 icke
386 1406 5 19 i
405 1406 85 20 kronans
503 1407 135 25 räkenskaper
652 1406 171 20 sammanblandas
840 1406 45 20 med
899 1412 34 13 an-

192 1433 36 20 dra
241 1434 96 20 allmänna
351 1432 63 21 medel
429 1435 45 17 utan
489 1434 46 19 böra
550 1433 92 21 särskildt
655 1432 111 21 redovisas.
