1020 1686
180 145 32 31 782
392 148 71 21 Nådiga
475 148 144 22 Propositionen:
626 148 36 17 N:o
674 147 28 18 28.

181 198 61 19 derna
255 197 105 25 beviljade,
375 197 53 25 finge
444 197 69 19 såsom
526 196 153 25 oundgängligen
699 196 96 24 behöfliga
809 196 30 19 för
853 195 69 20 Ue.or-

181 224 75 19 dinarie
270 223 166 25 statsutgifternas
450 223 133 24 bestridande,
598 223 80 18 fortfara
699 223 38 18 och
750 222 47 19 intill
812 221 110 19 nästinträf-

177 243 56 35 fande
244 249 106 25 :landtdag,
366 249 52 19 efter
431 254 27 13 nu
471 249 88 25 gällande
568 248 86 25 grunder
667 249 106 24 uppbäras,
785 247 52 25 helst
850 252 72 21 genom

181 274 239 27 slottsbyggnadshjelpen
434 275 33 19 det
481 274 56 24 eljest
557 274 75 24 obilliga
651 273 130 20 förhäländet
801 274 83 30 emellan
898 273 25 29 Je

181 300 50 20 olika
246 301 158 25 skattebidragen
425 300 42 19 från
484 300 103 20 städernas
604 300 37 19 och
662 300 75 20 landets
753 300 126 24 innevånare,
895 300 27 18 till

181 326 62 26 någon
258 328 30 19 del
303 326 105 26 utjemnas.
656 342 2 2 ;
730 341 2 2 E
790 340 2 4 ;

234 354 8 18 I
256 354 96 19 händelse
371 354 93 24 förslaget
483 358 32 14 om
530 352 39 25 en”
576 353 71 19 allmän
664 352 96 26 reglering
780 352 21 20 af
813 352 109 25 personella

182 380 128 26 utskylderna
324 380 72 19 varder
410 379 20 19 af
437 379 108 20 Ständerna
559 381 85 23 antaget,
655 378 57 22 torde
722 378 101 24 :derjemte
836 378 27 20 till
878 378 44 20 Sty-

182 406 65 19 relsen
267 406 130 20 öfverlemnas
418 408 27 17 att
461 405 77 20 utfärda
559 407 90 17 närmare
669 404 229 26 föreskrifter,
808 400 11 35 .:
827 404 96 26 angående

182 432 238 25 mantalsskrifaingarnes
441 432 126 22 förrättande,
588 433 103 18 äfvensom
705 437 37 20 nya
763 432 117 19 :formulärer
894 432 29 18 för

181 458 169 26 mantalslängler:
359 464 27 14 m.
402 464 27 14 m.
711 474 3 2 R

392 511 64 25 Enligt
472 512 63 18 Hans
551 510 131 26 Kejserliga
704 496 122 44 Majestäts
847 510 74 26 Nädiga

323 537 111 25 befallning,
453 538 65 24 gifven
535 537 6 19 i
559 538 31 19 S:t
607 536 122 25 Petersburg
745 537 38 19 den
798 537 22 19 31
837 536 38 20 Juli
889 537 34 25 (12

324 563 90 25 Augusti)
430 563 57 20 1863.
636 565 4 2 N

447 645 74 17 Alex.
533 644 125 18 Armfelt.

649 722 21 19 A.
682 723 29 18 W.
723 709 134 32 Wallensköld.

489 888 130 39 Bilaga.

237 957 37 19 Vid
288 957 134 25 uppgörandet
435 958 21 18 af
468 963 25 13 en
507 957 109 25 beräkning
630 958 55 18 öfver
700 957 92 25 beloppet
805 957 20 19 af
833 957 25 19 Je
874 958 51 18 före-

182 983 68 25 slagna
265 989 38 20 nya
317 984 218 25 mantalspenningarne
549 984 51 18 möta
615 984 46 19 flera
680 982 130 26 svårigheter.
840 978 85 26 Ätskilli-

182 1014 26 20 ga
222 1010 29 18 för
265 1010 52 19 detta
331 1009 90 21 ändamål
435 1010 122 25 nödvändiga
573 1010 107 19 statistiska
695 1010 44 19 data
754 1010 92 24 antingen.
855 1010 70 20 saknas

184 1036 79 20 alldeles
277 1036 47 20 eller
338 1037 64 19 lemna
418 1036 69 20 endast
501 1036 134 25 ofullständiga
650 1036 147 26 upplysningar,
815 1035 110 25 hvarjemte

183 1062 25 19 de:
223 1062 5 19 i
242 1062 92 25 förslaget
347 1062 96 26 medgifna
458 1062 102 20 befrielser
569 1063 38 19 och
616 1062 144 25 nedsättningar
769 1062 6 19 i
784 1062 85 25 afgiften,
881 1068 44 14 som

184 1088 58 20 likväl
252 1088 85 20 komma
351 1091 28 17 att
394 1089 67 24 utgöra
475 1094 24 14 en
513 1089 74 25 ganska
602 1088 87 27 betydlig
699 1094 85 19 summa,
796 1089 53 19 först
859 1094 67 19 genom

184 1115 136 18 erfarenheten
334 1115 64 18 kunna
412 1114 123 25 uppskattas.
565 1114 73 25 Hvarje
652 1115 107 24 beräkning
772 1114 65 20 måste
848 1115 78 19 derföre

183 1139 59 20 blifva
257 1140 48 19 blott
318 1141 143 24 approximativ
476 1143 54 17 samt
543 1143 46 17 utan
603 1140 85 25 anspråk
700 1140 24 25 på
733 1141 38 19 full.
777 1141 147 24 tillförlitlighet.

184 1166 32 18 Uti
231 1165 25 20 de
271 1166 29 19 för
314 1165 22 20 år
351 1166 163 19 1860
415 1161 12 34 —
437 1166 77 19 hvilket
527 1166 22 19 år
563 1167 5 18 i
583 1167 92 24 förslaget
689 1166 5 19 i
710 1167 104 21 allmänhet
829 1166 96 25 åberopas

184 1191 143 25 —upprättade
341 1192 215 24 folkmängds-tabeller
571 1195 95 22 upptages
687 1193 29 18 väl
735 1192 90 19 Finlands
840 1193 42 18 hela
897 1193 28 19 lu-

184 1218 82 19 therska
280 1217 96 20 folkstock
391 1218 26 19 till
434 1218 107 24 1,705,735
556 1224 101 19 personer,
668 1219 21 18 af
697 1219 65 18 hvilka
773 1219 108 23 1,110,660
891 1225 34 12 vo-

184 1248 22 13 ro
220 1243 56 19 öfver
291 1244 23 18 15
330 1243 28 24 är,
373 1249 46 13 men
433 1244 104 19 tabellerna
552 1243 96 20 innehålla
662 1243 43 20 icke
723 1243 62 26 någon
803 1244 79 19 kolumn
896 1245 30 18 för

183 1269 34 18 Jet
231 1268 67 25 63:dje
312 1268 67 20 ålders
393 1269 42 20 året
450 1273 52 16 samt
515 1270 69 19 utreda
598 1270 30 19 för
642 1270 57 25 öfrigt
717 1270 43 19 icke
777 1271 61 18 heller
855 1271 71 18 antalet

184 1295 20 19 af
217 1300 95 20 personer
327 1295 52 20 inom
393 1295 69 26 hvarje
477 1296 50 20 skild
542 1295 154 26 samhällsklass,
709 1297 132 18 hvarförutom
851 1297 74 24 ganska

185 1321 120 26 väsendtliga
320 1321 154 27 skiljaktigheter
489 1323 61 20 förete
565 1323 28 25 sig
607 1323 82 20 emellan
699 1323 88 21 nämnde.
796 1323 80 20 tabeller
886 1325 38 18 och

184 1349 195 25 mantalslängderne,
396 1355 44 14 som
454 1349 50 20 dock
519 1349 50 25 tjena
587 1350 25 20 till
627 1349 63 26 grund
705 1350 29 19 för
742 1350 135 25 Jebiteringen
888 1351 37 19 och

185 1375 121 25 uppbörden.
339 1377 37 18 Det
397 1381 61 21 synes
475 1376 77 20 derföre
570 1382 43 14 som
629 1377 61 19 borde
709 1377 90 26 kalkylen
818 1377 106 25 egentligen

186 1403 64 18 utvisa
265 1402 48 19 huru
334 1403 45 25 högt
396 1402 112 20 inkomsten
526 1403 36 19 kan
580 1402 24 26 pä
620 1403 63 25 grund
700 1403 20 19 af
734 1403 189 26 mantalslängderne

185 1428 122 26 uppskattas,
323 1428 4 19 i
343 1429 29 20 fall
388 1429 36 20 alla
437 1429 26 19 de
477 1434 94 20 personer
585 1430 55 19 öfver
656 1430 23 19 15
694 1429 28 25 är,
740 1435 43 15 som
799 1430 20 20 är
830 1430 50 20 1860
891 1436 34 14 va-
