1014 1686
180 142 35 18 958
370 137 5 3 *
396 142 72 23 Nädiga
479 144 141 22 Propositionen
632 143 37 17 N.o
680 144 28 16 31.

179 192 110 24 skapernas
307 189 77 27 slutliga
404 192 128 26 granskning,
554 194 90 24 upprätta
664 195 28 17 ett
709 192 137 26 sammandrag
866 193 58 19 öfver

179 217 54 20 ärets
247 218 104 24 bevillning
365 218 30 19 för
408 218 44 19 hela
462 218 85 24 Finland,
558 218 76 20 hvilket
641 218 49 26 frän
699 220 79 24 trycket
792 219 84 25 utgifves
886 220 39 18 och

179 243 25 26 pä
220 244 87 25 lämpligt
321 245 39 19 sätt
372 244 104 20 befordras
490 245 26 20 till
531 245 142 20 allmänhetens
687 245 119 20 kännedom.

488 319 12 21 8
514 319 104 26 Kapitlet.

414 369 117 24 Särskilda
545 369 151 24 föreskrifter.

524 425 11 26 s
551 426 33 19 42.

233 463 117 25 Taxerings-
365 463 37 18 och
424 463 238 26 Pröfningskomiteernas
682 463 117 20 ordförande
814 463 38 19 och
873 463 54 20 leda-

180 489 65 20 möter
259 489 74 24 ätnjuta
348 489 5 20 i
367 489 37 20 och
419 490 30 19 för
463 490 112 25 utöfningen
588 489 20 20 af
620 489 42 20 sina
677 489 86 20 erhällna
776 489 90 26 uppdrag
880 495 46 14 ena-

181 515 65 20 handa
261 516 66 25 skydd
342 516 39 19 och
402 516 100 25 säkerhet,
524 521 43 15 som
588 515 148 27 landtdagsmän
755 516 59 24 enligt
833 515 94 26 grundla-

179 547 60 20 garne
253 544 23 18 är
290 542 138 20 tilllörsäkrad.

523 595 10 26 $
547 595 33 20 43.

235 633 26 19 Af
279 632 181 27 Taxeringskomitö
481 633 110 20 behandlad
612 632 172 27 bevillningsfräga
804 632 32 20 mä
853 632 52 25 icke,
921 633 5 19 i

179 658 48 26 följd
241 659 20 19 af
273 659 58 25 gjord
346 660 128 25 anmärkning
488 661 47 19 eller
549 660 81 19 anförda
639 659 74 20 besvär
727 659 48 19 eller
789 659 21 19 af
816 658 63 29 någon
893 664 35 14 an-

180 685 85 26 ledning,
281 685 130 20 äterförvisas
425 687 26 19 till
466 686 82 27 förnyad
559 685 118 26 behandling
687 686 33 19 vid
730 685 97 20 Komiten.
852 686 22 24 Ej
886 685 41 20 hel-

179 712 29 19 ler
223 711 30 20 får
267 711 64 27 någon
345 712 231 27 förklaringsskyldighet
589 712 90 20 bemälle
693 712 77 19 Komite
784 713 21 18 af
815 711 112 27 Pröfnings-

179 737 90 20 komiten
284 738 85 26 äläggas.

523 789 10 25 $
547 791 33 18 44.

233 825 136 20 Ordföranden
384 827 5 18 i
403 826 180 26 Taxeringskomitö
594 832 46 19 eger
654 825 68 21 såsom
731 827 107 25 ersättning
851 827 30 19 för
896 833 30 13 re-

179 852 108 20 sekostnad
301 853 39 19 och
354 852 170 26 Jagtraktamente
537 852 89 26 uppbära
641 853 40 19 fem
690 853 56 19 mark
761 853 30 19 för
804 852 69 26 hvarje
888 853 37 26 dag

178 878 104 20 Komit&ns
297 879 159 19 sammanträden
478 879 86 20 fortfara.
592 879 105 19 Enahanda
712 879 109 25 ersättning
841 879 87 22 tillkom-

180 910 43 14 mer
235 904 75 26 jemväl
324 905 202 27 Pröfningskomitens
541 906 192 25 protokollsförande
747 906 29 19 för
785 905 33 20 Jet
832 906 50 20 antal
892 906 35 19 da-

180 936 35 20 gar
229 932 63 19 denna
307 932 77 19 Komit6
399 932 163 20 sammanträder.
591 932 151 20 Guvernörerne
756 937 34 20 ega
808 932 21 19 af
841 932 26 20 till
883 934 44 18 rän-

179 957 58 20 teriet
252 957 79 21 influtna
345 958 181 25 bevillningsmedel
541 958 108 20 utanordna
659 958 17 25 ej
691 958 77 20 mindre
782 958 144 20 ofvannämnde

180 984 136 25 ersättningar,
334 984 59 19 sedan
408 984 105 23 räkningar
526 984 47 20 derä
588 984 41 20 frän
640 985 116 24 Taxerings-
765 985 37 18 och
815 984 112 25 Pröfnings-

179 1009 123 20 komit&erna
317 1010 110 25 inkommit,
442 1012 23 17 än
480 1010 111 20 kostnaden
606 1010 29 19 för
650 1010 103 27 tryckning
762 1011 22 19 af
796 1011 24 19 Je
834 1011 94 20 formulä-

178 1041 33 14 rer
226 1037 39 19 och
285 1036 112 21 blanketter
417 1037 25 20 till
458 1037 178 26 taxeringslängder
651 1038 38 18 och
709 1037 139 25 sammandrag
862 1037 63 25 deraf,

180 1063 97 20 hvarmed
288 1063 149 20 vederbörande
447 1063 55 20 skola
511 1069 72 20 genom
594 1063 162 20 Guvernörernes
766 1064 77 25 försorg
852 1064 72 19 förses.

524 1116 10 26 $
547 1117 34 19 45.

232 1153 67 20 Under
308 1153 234 26 kronoräkenskapernes
552 1153 118 27 granskning
679 1153 33 20 mä
722 1154 151 26 anmärkningar
882 1154 44 20 icke

178 1179 58 26 göras
250 1182 42 17 mot
305 1179 25 20 de
344 1180 110 25 taxerings-
468 1182 39 18 och
521 1180 167 26 inkomstbelopp,
704 1186 43 14 som
758 1182 114 24 -Taxerings-
888 1181 38 20 och

178 1206 232 26 Pröfningskomit&erna,
426 1207 26 25 pä
466 1207 63 25 grund
543 1208 22 19 af
576 1208 38 20 den
623 1207 60 20 dessa
693 1207 101 20 Komiteer
809 1208 116 20 tillhörande

180 1232 97 25 taxering,
294 1232 97 24 fastställt,
408 1234 47 18 eller
474 1236 54 16 emot
544 1234 26 18 de
588 1234 91 18 bemälde
699 1234 101 19 Komiteer
817 1234 30 18 för
868 1234 58 25 öfrigt

180 1257 91 26 viltagne
284 1258 73 20 beslut.

523 1312 11 25 $
547 1312 33 20 46.

233 1348 95 27 Uppstär,
344 1350 27 20 till
385 1348 45 26 följe
444 1350 21 19 af
473 1349 105 21 uraktlätet
587 1350 122 26 fullgörande
723 1352 20 19 af
751 1351 25 20 de
790 1351 5 20 i
809 1351 63 20 denna
886 1352 39 20 för-

180 1376 81 26 fattning
274 1376 117 20 meddelade
412 1376 128 26 föreskrifter,
560 1377 47 20 eller
621 1378 21 19 af
654 1383 62 15 annan
737 1379 65 23 orsak,
818 1378 53 26 fräga
889 1384 33 15 om

180 1402 118 27 tillämpning
312 1404 21 19 af
344 1404 64 19 deruti
422 1404 94 26 stadgade
530 1404 135 25 bötesansvar,
677 1405 49 20 skall
741 1405 21 19 af
775 1405 149 20 vederbörande

180 1430 78 20 Komité
272 1431 89 20 anmälan
375 1431 69 20 derom
458 1432 58 24 göras
529 1432 38 20 hos
576 1431 156 26 Länestyrelsen,
744 1437 50 19 som,
810 1432 51 21 efter
872 1432 53 26 pröf-
