986 1695
177 146 34 33 638
391 149 71 22 Nådiga
474 150 141 23 Propositionen
628 149 35 17 N:o
675 149 29 17 26.

519 199 11 25 $
544 199 33 19 74.

231 243 31 20 Uti
277 242 140 20 Guvernörens
432 243 62 25 utslag
509 242 43 25 må,
571 242 35 20 der
624 242 29 19 för
670 242 55 19 vissa
741 240 66 27 frågor
826 241 16 24 ej
861 247 61 14 annan

177 269 81 26 ordning
272 269 132 26 uttryckligen
418 271 22 17 är
455 269 89 25 stadgad,
562 268 79 25 ändring
659 268 58 20 sökas
736 269 3 18 i
758 268 95 19 Senatens
871 268 51 19 Eko-

178 297 217 23 nomie-Departement
409 295 41 20 före
465 296 83 19 klockan
562 295 35 20 telf
610 294 10 20 ä
636 295 92 19 nittionde
743 295 61 25 dagen
819 295 49 19 efter
882 294 42 20 del-

178 322 85 26 fäendet,
279 322 62 25 Jagen
356 322 24 19 dä
398 323 33 18 det
450 322 74 20 skedde
541 321 58 21 likväl
617 321 96 22 oräknad,
733 321 38 20 och
787 321 49 25 gälle
853 321 70 20 dervid

178 349 26 20 till
221 349 131 20 efterrättelse
366 349 53 20 hvad
429 354 33 14 om
472 348 69 21 sådant
551 348 178 26 ändringssökande
739 348 5 19 i
754 348 106 19 allmänhet
869 347 53 21 stad-

177 376 46 26 gadt
237 377 28 18 är.

511 462 12 20 7
536 462 54 26 Kap.

435 524 97 20 Särskilda
547 524 120 24 stadganden.

522 574 10 26 $
547 576 33 19 75.

233 620 82 26 Köping,
330 626 44 13 som
388 620 36 20 har
438 625 51 20 egen
503 620 91 26 styrelse,
612 619 31 20 må
657 620 68 24 utgöra
744 624 24 14 en
785 619 95 19 kommun
894 619 30 19 för

181 647 30 25 sig
225 647 48 19 eller
286 647 128 19 tillsammans
429 646 46 20 med
490 647 36 19 den
540 646 175 26 landsförsamling,
736 646 52 19 inom
805 646 61 20 hvars
884 651 40 14 om-

181 672 49 21 råde
245 672 107 26 köpningen
367 675 22 17 är
403 673 87 25 belägen.
519 672 26 20 På
561 673 129 19 Guvernören
705 672 114 20 ankommer
833 674 28 18 att
875 672 5 19 i
889 672 37 26 dy-

180 699 26 20 lik
221 698 54 27 fråga
290 701 47 18 höra
351 700 154 19 medlemmarne
520 699 3 19 i
539 700 97 25 köpingen
653 700 38 18 och
707 700 38 19 den
763 699 161 25 landskommun,

180 726 53 19 inom:
248 726 79 20 hvilken
342 726 38 20 den
393 726 67 26 ligger,
476 728 51 18 samt
541 726 119 20 underställa
675 726 67 26 frågan
759 726 96 20 Senatens
872 725 54 20 Eko-

180 752 228 26 nomie-Departements
426 753 95 25 pröfning.
553 752 49 20 Intill
622 752 47 20 dess
691 753 69 19 derom
781 752 89 26 slutligen
891 752 35 20 be-

180 780 75 19 stämdt
269 779 68 24 blifvit,
353 780 91 19 kommer
458 779 34 20 det
504 778 127 24 förhållande,
643 784 44 14 som
697 779 124 20 derförinnan
830 781 34 24 egt
872 784 52 19 rum,

180 808 29 17 att
223 806 88 19 fortfära.

509 844 10 9 N

524 858 10 26 $
549 859 31 19 76.

234 903 72 18 Finnes
321 902 93 20 särskildt
427 902 77 20 biträde
518 902 32 20 vid
565 902 172 26 protokollsföring
754 903 47 19 eller
818 902 29 19 för
864 902 62 21 andre

182 929 6 19 i
203 927 10 26 $
226 929 26 20 49
267 928 82 20 nämnda
362 929 62 19 behof
437 935 47 14 vara
498 929 28 20 för
541 929 210 25 kommunalstämmä
751 923 12 36 ,
767 929 159 20 kommunalfull-

181 955 86 26 mäktige
281 953 46 21 eller
341 955 194 25 kommunalnämnd,
552 956 48 19 eller
610 956 36 19 ock
656 956 30 19 för
697 955 230 20 kommunalförvaltnin-

182 987 38 20 gen
234 981 6 19 i
255 981 56 26 öfrigt
326 981 20 19 af
358 982 70 23 nöden,
445 982 31 19 mä
492 983 21 18 af
525 983 96 18 stämman
637 982 46 19 bero
698 985 28 16 att
739 982 77 20 besluta
828 981 98 20 huruvida

183 1007 69 20 sådant
265 1007 76 20 biträde
358 1008 36 19 bör
412 1008 23 25 pä
453 1009 131 19 kommunens
600 1009 110 20 bekostnad
728 1011 79 22 antagas
824 1009 39 18 och
880 1009 49 19 fast-

182 1034 57 19 ställa
253 1034 25 19 de
293 1034 69 25 vilkor,
379 1035 114 20 hvarunder
507 1035 33 20 det
554 1035 46 20 med
614 1035 94 20 afseende
723 1035 11 19 ä
749 1035 131 20 kommunens
896 1036 30 18 sä-

182 1060 71 20 kerhet
267 1061 39 19 och
320 1061 56 19 bästa
390 1061 36 19 ske
440 1062 45 20 kan.

526 1114 11 26 $
551 1114 33 20 77.

235 1158 123 20 Ordförande
371 1164 85 14 ansvare
470 1159 28 19 för
513 1159 119 25 riktigheten
646 1159 20 19 af
678 1159 33 19 det
726 1159 102 25 protokoll,
844 1164 44 14 som
898 1159 28 19 fö-

183 1190 33 14 res
233 1183 34 21 vid
285 1184 208 26 kommunalstämma,
513 1185 36 19 hos
567 1185 234 25 kommunalfullmäktige
819 1185 38 20 och
870 1186 58 19 kom-

183 1211 147 25 munalnämnd,
346 1211 49 19 ändå
410 1214 28 17 att
452 1217 61 13 annan
528 1217 84 20 persons
626 1211 76 20 biträde
716 1212 69 19 dervid
796 1212 49 19 varit
855 1212 71 26 begag-

182 1237 54 19 nadt.
265 1238 135 18 Ordföranden
414 1238 76 18 tillhöre
497 1237 74 25 jemväl
582 1240 27 16 att
619 1238 119 24 protokoller
750 1238 37 18 och
803 1238 61 24 öfrige
880 1239 46 18 han-

182 1262 75 25 dlingar
269 1263 32 19 vid
311 1262 58 19 dessa
379 1263 97 25 styrelser
493 1268 48 19 noga
560 1263 76 19 förvara
654 1266 51 15 samt
722 1264 32 18 vid
772 1263 120 20 afträdandet
906 1264 22 19 af

183 1289 30 18 sin
227 1288 107 25 befattning
348 1289 101 18 desamma
465 1289 141 22 efterträdaren
621 1289 149 20 tillhandahålla.

525 1342 10 25 $
551 1343 31 19 78.

237 1382 62 24 Äskar
319 1386 84 19 medlem
423 1387 4 18 i
449 1387 119 20 kommunen
589 1387 91 26 bestyrkt
701 1387 77 20 afskrift
795 1388 47 19 eller
855 1388 70 26 utdrag

182 1418 24 13 ur
221 1413 102 29 protokoll,
340 1413 50 19 fördt
403 1413 34 20 vid
452 1414 198 20 kommunalstämma
665 1415 47 20 eller
727 1415 32 20 vid
769 1415 159 20 kommunalfull-

183 1439 101 26 mäktiges
301 1439 47 21 eller
365 1440 197 21 kommunalnämnds
580 1443 168 23 sammanträden,
768 1441 31 21 'mä
818 1441 70 21 sådant
909 1442 17 25 ej
