<?xml version="1.0" encoding="UTF-8"?>
<alto xmlns="http://www.loc.gov/standards/alto/ns-v3#" xmlns:xlink="http://www.w3.org/1999/xlink" xmlns:xsi="http://www.w3.org/2001/XMLSchema-instance" xsi:schemaLocation="http://www.loc.gov/standards/alto/ns-v3# http://www.loc.gov/alto/v3/alto-3-0.xsd">
	<Description>
		<MeasurementUnit>pixel</MeasurementUnit>
		<sourceImageInformation>
			<fileName>/tmp/tess_j854w99u_input.PNG</fileName>
		</sourceImageInformation>
		<OCRProcessing ID="OCR_0">
			<ocrProcessingStep>
				<processingSoftware>
					<softwareName>tesseract 5.3.4</softwareName>
				</processingSoftware>
			</ocrProcessingStep>
		</OCRProcessing>
	</Description>
	<Layout>
		<Page WIDTH="1014" HEIGHT="1686" PHYSICAL_IMG_NR="0" ID="page_0">
			<PrintSpace HPOS="0" VPOS="0" WIDTH="1014" HEIGHT="1686">
				<ComposedBlock ID="cblock_0" HPOS="289" VPOS="147" WIDTH="529" HEIGHT="24">
					<TextBlock ID="block_0" HPOS="289" VPOS="147" WIDTH="529" HEIGHT="24">
						<TextLine ID="line_0" HPOS="289" VPOS="147" WIDTH="529" HEIGHT="24">
							<String ID="string_0" HPOS="289" VPOS="147" WIDTH="71" HEIGHT="22" WC="0.91" CONTENT="Nädiga"/><SP WIDTH="13" VPOS="147" HPOS="360"/>
							<String ID="string_1" HPOS="373" VPOS="149" WIDTH="140" HEIGHT="22" WC="0.96" CONTENT="Propositionen"/><SP WIDTH="13" VPOS="149" HPOS="513"/>
							<String ID="string_2" HPOS="526" VPOS="149" WIDTH="37" HEIGHT="17" WC="0.96" CONTENT="N:o"/><SP WIDTH="12" VPOS="149" HPOS="563"/>
							<String ID="string_3" HPOS="575" VPOS="149" WIDTH="28" HEIGHT="17" WC="0.96" CONTENT="30."/><SP WIDTH="183" VPOS="149" HPOS="603"/>
							<String ID="string_4" HPOS="786" VPOS="147" WIDTH="32" HEIGHT="20" WC="0.91" CONTENT="911"/>
						</TextLine>
					</TextBlock>
				</ComposedBlock>
				<ComposedBlock ID="cblock_1" HPOS="74" VPOS="196" WIDTH="757" HEIGHT="1261">
					<TextBlock ID="block_1" HPOS="74" VPOS="196" WIDTH="748" HEIGHT="182">
						<TextLine ID="line_1" HPOS="130" VPOS="196" WIDTH="691" HEIGHT="28">
							<String ID="string_5" HPOS="130" VPOS="197" WIDTH="47" HEIGHT="19" WC="0.91" CONTENT="14:0"/><SP WIDTH="26" VPOS="197" HPOS="177"/>
							<String ID="string_6" HPOS="203" VPOS="196" WIDTH="74" HEIGHT="26" WC="0.95" CONTENT="Frågor"/><SP WIDTH="13" VPOS="196" HPOS="277"/>
							<String ID="string_7" HPOS="290" VPOS="197" WIDTH="84" HEIGHT="20" WC="0.93" CONTENT="rörande"/><SP WIDTH="13" VPOS="197" HPOS="374"/>
							<String ID="string_8" HPOS="387" VPOS="197" WIDTH="103" HEIGHT="26" WC="0.92" CONTENT="nybygges"/><SP WIDTH="12" VPOS="197" HPOS="490"/>
							<String ID="string_9" HPOS="502" VPOS="198" WIDTH="134" HEIGHT="25" WC="0.96" CONTENT="anläggningar"/><SP WIDTH="10" VPOS="198" HPOS="636"/>
							<String ID="string_10" HPOS="646" VPOS="200" WIDTH="52" HEIGHT="17" WC="0.93" CONTENT="samt"/><SP WIDTH="8" VPOS="200" HPOS="698"/>
							<String ID="string_11" HPOS="706" VPOS="198" WIDTH="115" HEIGHT="26" WC="0.93" CONTENT="utsyningar"/>
						</TextLine>
						<TextLine ID="line_2" HPOS="77" VPOS="222" WIDTH="745" HEIGHT="27">
							<String ID="string_12" HPOS="77" VPOS="223" WIDTH="26" HEIGHT="19" WC="0.91" CONTENT="till"/><SP WIDTH="16" VPOS="223" HPOS="103"/>
							<String ID="string_13" HPOS="119" VPOS="222" WIDTH="120" HEIGHT="25" WC="0.91" CONTENT="svedjeland,"/><SP WIDTH="17" VPOS="222" HPOS="239"/>
							<String ID="string_14" HPOS="256" VPOS="223" WIDTH="103" HEIGHT="19" WC="0.95" CONTENT="äfvensom"/><SP WIDTH="16" VPOS="223" HPOS="359"/>
							<String ID="string_15" HPOS="375" VPOS="223" WIDTH="128" HEIGHT="20" WC="0.93" CONTENT="ekonomiska"/><SP WIDTH="13" VPOS="223" HPOS="503"/>
							<String ID="string_16" HPOS="516" VPOS="223" WIDTH="132" HEIGHT="26" WC="0.92" CONTENT="besigtningar"/><SP WIDTH="15" VPOS="223" HPOS="648"/>
							<String ID="string_17" HPOS="663" VPOS="223" WIDTH="10" HEIGHT="20" WC="0.92" CONTENT="å"/><SP WIDTH="11" VPOS="223" HPOS="673"/>
							<String ID="string_18" HPOS="684" VPOS="224" WIDTH="138" HEIGHT="20" WC="0.91" CONTENT="kronobostäl-"/>
						</TextLine>
						<TextLine ID="line_3" HPOS="74" VPOS="249" WIDTH="747" HEIGHT="26">
							<String ID="string_19" HPOS="74" VPOS="249" WIDTH="40" HEIGHT="26" WC="0.94" CONTENT="len,"/><SP WIDTH="15" VPOS="249" HPOS="114"/>
							<String ID="string_20" HPOS="129" VPOS="249" WIDTH="158" HEIGHT="20" WC="0.95" CONTENT="kronohemman"/><SP WIDTH="21" VPOS="249" HPOS="287"/>
							<String ID="string_21" HPOS="308" VPOS="251" WIDTH="38" HEIGHT="18" WC="0.95" CONTENT="och"/><SP WIDTH="15" VPOS="251" HPOS="346"/>
							<String ID="string_22" HPOS="361" VPOS="250" WIDTH="59" HEIGHT="19" WC="0.90" CONTENT="andra"/><SP WIDTH="21" VPOS="250" HPOS="420"/>
							<String ID="string_23" HPOS="441" VPOS="249" WIDTH="183" HEIGHT="26" WC="0.90" CONTENT="kronolägenheter,"/><SP WIDTH="16" VPOS="249" HPOS="624"/>
							<String ID="string_24" HPOS="640" VPOS="255" WIDTH="46" HEIGHT="15" WC="0.92" CONTENT="men"/><SP WIDTH="14" VPOS="255" HPOS="686"/>
							<String ID="string_25" HPOS="700" VPOS="251" WIDTH="121" HEIGHT="18" WC="0.92" CONTENT="instrumen-"/>
						</TextLine>
						<TextLine ID="line_4" HPOS="77" VPOS="275" WIDTH="743" HEIGHT="26">
							<String ID="string_26" HPOS="77" VPOS="278" WIDTH="31" HEIGHT="16" WC="0.96" CONTENT="ter"/><SP WIDTH="17" VPOS="278" HPOS="108"/>
							<String ID="string_27" HPOS="125" VPOS="275" WIDTH="56" HEIGHT="19" WC="0.93" CONTENT="öfver"/><SP WIDTH="20" VPOS="275" HPOS="181"/>
							<String ID="string_28" HPOS="201" VPOS="276" WIDTH="27" HEIGHT="18" WC="0.91" CONTENT="af-"/><SP WIDTH="17" VPOS="276" HPOS="228"/>
							<String ID="string_29" HPOS="245" VPOS="276" WIDTH="38" HEIGHT="18" WC="0.92" CONTENT="och"/><SP WIDTH="17" VPOS="276" HPOS="283"/>
							<String ID="string_30" HPOS="300" VPOS="275" WIDTH="156" HEIGHT="26" WC="0.88" CONTENT="tillträdessyner"/><SP WIDTH="21" VPOS="275" HPOS="456"/>
							<String ID="string_31" HPOS="477" VPOS="275" WIDTH="11" HEIGHT="19" WC="0.89" CONTENT="å"/><SP WIDTH="14" VPOS="275" HPOS="488"/>
							<String ID="string_32" HPOS="502" VPOS="276" WIDTH="59" HEIGHT="19" WC="0.96" CONTENT="dessa"/><SP WIDTH="22" VPOS="276" HPOS="561"/>
							<String ID="string_33" HPOS="583" VPOS="279" WIDTH="52" HEIGHT="16" WC="0.93" CONTENT="samt"/><SP WIDTH="16" VPOS="279" HPOS="635"/>
							<String ID="string_34" HPOS="651" VPOS="275" WIDTH="11" HEIGHT="19" WC="0.92" CONTENT="å"/><SP WIDTH="18" VPOS="275" HPOS="662"/>
							<String ID="string_35" HPOS="680" VPOS="276" WIDTH="140" HEIGHT="19" WC="0.90" CONTENT="ecklesiastika"/>
						</TextLine>
						<TextLine ID="line_5" HPOS="76" VPOS="301" WIDTH="746" HEIGHT="26">
							<String ID="string_36" HPOS="76" VPOS="301" WIDTH="98" HEIGHT="20" WC="0.96" CONTENT="boställen"/><SP WIDTH="19" VPOS="301" HPOS="174"/>
							<String ID="string_37" HPOS="193" VPOS="301" WIDTH="36" HEIGHT="19" WC="0.95" CONTENT="och"/><SP WIDTH="20" VPOS="301" HPOS="229"/>
							<String ID="string_38" HPOS="249" VPOS="301" WIDTH="80" HEIGHT="25" WC="0.92" CONTENT="publika"/><SP WIDTH="14" VPOS="301" HPOS="329"/>
							<String ID="string_39" HPOS="343" VPOS="301" WIDTH="153" HEIGHT="25" WC="0.90" CONTENT="boställsgårdar"/><SP WIDTH="15" VPOS="301" HPOS="496"/>
							<String ID="string_40" HPOS="511" VPOS="302" WIDTH="86" HEIGHT="19" WC="0.92" CONTENT="skrifvas"/><SP WIDTH="14" VPOS="302" HPOS="597"/>
							<String ID="string_41" HPOS="611" VPOS="301" WIDTH="24" HEIGHT="26" WC="0.93" CONTENT="på"/><SP WIDTH="15" VPOS="301" HPOS="635"/>
							<String ID="string_42" HPOS="650" VPOS="302" WIDTH="107" HEIGHT="24" WC="0.91" CONTENT="stämpladt"/><SP WIDTH="16" VPOS="302" HPOS="757"/>
							<String ID="string_43" HPOS="773" VPOS="307" WIDTH="49" HEIGHT="19" WC="0.89" CONTENT="pap-"/>
						</TextLine>
						<TextLine ID="line_6" HPOS="75" VPOS="327" WIDTH="746" HEIGHT="26">
							<String ID="string_44" HPOS="75" VPOS="332" WIDTH="46" HEIGHT="20" WC="0.96" CONTENT="per,"/><SP WIDTH="19" VPOS="332" HPOS="121"/>
							<String ID="string_45" HPOS="140" VPOS="327" WIDTH="25" HEIGHT="19" WC="0.96" CONTENT="då"/><SP WIDTH="19" VPOS="327" HPOS="165"/>
							<String ID="string_46" HPOS="184" VPOS="328" WIDTH="77" HEIGHT="19" WC="0.96" CONTENT="enskild"/><SP WIDTH="19" VPOS="328" HPOS="261"/>
							<String ID="string_47" HPOS="280" VPOS="332" WIDTH="73" HEIGHT="21" WC="0.96" CONTENT="person"/><SP WIDTH="14" VPOS="332" HPOS="353"/>
							<String ID="string_48" HPOS="367" VPOS="330" WIDTH="22" HEIGHT="16" WC="0.96" CONTENT="är"/><SP WIDTH="15" VPOS="330" HPOS="389"/>
							<String ID="string_49" HPOS="404" VPOS="330" WIDTH="45" HEIGHT="22" WC="0.96" CONTENT="part"/><SP WIDTH="14" VPOS="330" HPOS="449"/>
							<String ID="string_50" HPOS="463" VPOS="329" WIDTH="5" HEIGHT="17" WC="0.96" CONTENT="i"/><SP WIDTH="14" VPOS="329" HPOS="468"/>
							<String ID="string_51" HPOS="482" VPOS="328" WIDTH="69" HEIGHT="25" WC="0.96" CONTENT="saken,"/><SP WIDTH="23" VPOS="328" HPOS="551"/>
							<String ID="string_52" HPOS="574" VPOS="328" WIDTH="24" HEIGHT="25" WC="0.96" CONTENT="pä"/><SP WIDTH="16" VPOS="328" HPOS="598"/>
							<String ID="string_53" HPOS="614" VPOS="329" WIDTH="38" HEIGHT="18" WC="0.95" CONTENT="sätt"/><SP WIDTH="14" VPOS="329" HPOS="652"/>
							<String ID="string_54" HPOS="666" VPOS="328" WIDTH="5" HEIGHT="19" WC="0.93" CONTENT="i"/><SP WIDTH="16" VPOS="328" HPOS="671"/>
							<String ID="string_55" HPOS="687" VPOS="328" WIDTH="31" HEIGHT="19" WC="0.88" CONTENT="1:a"/><SP WIDTH="15" VPOS="328" HPOS="718"/>
							<String ID="string_56" HPOS="733" VPOS="328" WIDTH="88" HEIGHT="25" WC="0.96" CONTENT="punkten"/>
						</TextLine>
						<TextLine ID="line_7" HPOS="76" VPOS="354" WIDTH="101" HEIGHT="24">
							<String ID="string_57" HPOS="76" VPOS="355" WIDTH="23" HEIGHT="18" WC="0.93" CONTENT="är"/><SP WIDTH="14" VPOS="355" HPOS="99"/>
							<String ID="string_58" HPOS="113" VPOS="354" WIDTH="64" HEIGHT="24" WC="0.83" CONTENT="sagdt."/>
						</TextLine>
					</TextBlock>
					<TextBlock ID="block_2" HPOS="76" VPOS="378" WIDTH="750" HEIGHT="422">
						<TextLine ID="line_8" HPOS="131" VPOS="378" WIDTH="691" HEIGHT="30">
							<String ID="string_59" HPOS="131" VPOS="380" WIDTH="55" HEIGHT="28" WC="0.82" CONTENT="15:0"/><SP WIDTH="19" VPOS="380" HPOS="186"/>
							<String ID="string_60" HPOS="205" VPOS="378" WIDTH="45" HEIGHT="24" WC="0.91" CONTENT="Mål,"/><SP WIDTH="15" VPOS="378" HPOS="250"/>
							<String ID="string_61" HPOS="265" VPOS="385" WIDTH="44" HEIGHT="14" WC="0.96" CONTENT="som"/><SP WIDTH="15" VPOS="385" HPOS="309"/>
							<String ID="string_62" HPOS="324" VPOS="380" WIDTH="33" HEIGHT="19" WC="0.96" CONTENT="vid"/><SP WIDTH="14" VPOS="380" HPOS="357"/>
							<String ID="string_63" HPOS="371" VPOS="380" WIDTH="85" HEIGHT="20" WC="0.96" CONTENT="domstol"/><SP WIDTH="16" VPOS="380" HPOS="456"/>
							<String ID="string_64" HPOS="472" VPOS="381" WIDTH="37" HEIGHT="18" WC="0.93" CONTENT="och"/><SP WIDTH="13" VPOS="381" HPOS="509"/>
							<String ID="string_65" HPOS="522" VPOS="380" WIDTH="128" HEIGHT="20" WC="0.92" CONTENT="embetsverk"/><SP WIDTH="9" VPOS="380" HPOS="650"/>
							<String ID="string_66" HPOS="659" VPOS="380" WIDTH="122" HEIGHT="20" WC="0.92" CONTENT="förekomma"/><SP WIDTH="10" VPOS="380" HPOS="781"/>
							<String ID="string_67" HPOS="791" VPOS="380" WIDTH="31" HEIGHT="19" WC="0.93" CONTENT="rö-"/>
						</TextLine>
						<TextLine ID="line_9" HPOS="77" VPOS="406" WIDTH="743" HEIGHT="26">
							<String ID="string_68" HPOS="77" VPOS="406" WIDTH="62" HEIGHT="19" WC="0.88" CONTENT="rande"/><SP WIDTH="14" VPOS="406" HPOS="139"/>
							<String ID="string_69" HPOS="153" VPOS="406" WIDTH="86" HEIGHT="24" WC="0.93" CONTENT="följande"/><SP WIDTH="14" VPOS="406" HPOS="239"/>
							<String ID="string_70" HPOS="253" VPOS="406" WIDTH="95" HEIGHT="20" WC="0.96" CONTENT="allmänna"/><SP WIDTH="18" VPOS="406" HPOS="348"/>
							<String ID="string_71" HPOS="366" VPOS="406" WIDTH="49" HEIGHT="20" WC="0.96" CONTENT="verk"/><SP WIDTH="17" VPOS="406" HPOS="415"/>
							<String ID="string_72" HPOS="432" VPOS="407" WIDTH="39" HEIGHT="19" WC="0.93" CONTENT="och"/><SP WIDTH="17" VPOS="407" HPOS="471"/>
							<String ID="string_73" HPOS="488" VPOS="406" WIDTH="126" HEIGHT="26" WC="0.92" CONTENT="inrättningar"/><SP WIDTH="17" VPOS="406" HPOS="614"/>
							<String ID="string_74" HPOS="631" VPOS="409" WIDTH="53" HEIGHT="17" WC="0.96" CONTENT="samt"/><SP WIDTH="16" VPOS="409" HPOS="684"/>
							<String ID="string_75" HPOS="700" VPOS="406" WIDTH="58" HEIGHT="20" WC="0.96" CONTENT="deras"/><SP WIDTH="18" VPOS="406" HPOS="758"/>
							<String ID="string_76" HPOS="776" VPOS="407" WIDTH="44" HEIGHT="24" WC="0.96" CONTENT="rätt,"/>
						</TextLine>
						<TextLine ID="line_10" HPOS="76" VPOS="432" WIDTH="747" HEIGHT="26">
							<String ID="string_77" HPOS="76" VPOS="432" WIDTH="104" HEIGHT="24" WC="0.91" CONTENT="nemligen:"/><SP WIDTH="18" VPOS="432" HPOS="180"/>
							<String ID="string_78" HPOS="198" VPOS="432" WIDTH="119" HEIGHT="20" WC="0.88" CONTENT="Alexanders"/><SP WIDTH="16" VPOS="432" HPOS="317"/>
							<String ID="string_79" HPOS="333" VPOS="432" WIDTH="149" HEIGHT="26" WC="0.96" CONTENT="Universitetet,"/><SP WIDTH="18" VPOS="432" HPOS="482"/>
							<String ID="string_80" HPOS="500" VPOS="432" WIDTH="90" HEIGHT="20" WC="0.96" CONTENT="Finlands"/><SP WIDTH="17" VPOS="432" HPOS="590"/>
							<String ID="string_81" HPOS="607" VPOS="432" WIDTH="63" HEIGHT="24" WC="0.93" CONTENT="Bank,"/><SP WIDTH="18" VPOS="432" HPOS="670"/>
							<String ID="string_82" HPOS="688" VPOS="432" WIDTH="135" HEIGHT="26" WC="0.92" CONTENT="Systerbäcks"/>
						</TextLine>
						<TextLine ID="line_11" HPOS="76" VPOS="458" WIDTH="747" HEIGHT="27">
							<String ID="string_83" HPOS="76" VPOS="458" WIDTH="143" HEIGHT="26" WC="0.90" CONTENT="gevärsfaktori"/><SP WIDTH="16" VPOS="458" HPOS="219"/>
							<String ID="string_84" HPOS="235" VPOS="458" WIDTH="45" HEIGHT="20" WC="0.89" CONTENT="med"/><SP WIDTH="14" VPOS="458" HPOS="280"/>
							<String ID="string_85" HPOS="294" VPOS="458" WIDTH="148" HEIGHT="26" WC="0.93" CONTENT="underlydande"/><SP WIDTH="15" VPOS="458" HPOS="442"/>
							<String ID="string_86" HPOS="457" VPOS="459" WIDTH="124" HEIGHT="26" WC="0.96" CONTENT="egendomar,"/><SP WIDTH="12" VPOS="459" HPOS="581"/>
							<String ID="string_87" HPOS="593" VPOS="458" WIDTH="107" HEIGHT="26" WC="0.93" CONTENT="Kejserliga"/><SP WIDTH="10" VPOS="458" HPOS="700"/>
							<String ID="string_88" HPOS="710" VPOS="458" WIDTH="113" HEIGHT="20" WC="0.92" CONTENT="Kabinettet"/>
						</TextLine>
						<TextLine ID="line_12" HPOS="77" VPOS="484" WIDTH="747" HEIGHT="27">
							<String ID="string_89" HPOS="77" VPOS="485" WIDTH="38" HEIGHT="19" WC="0.96" CONTENT="och"/><SP WIDTH="14" VPOS="485" HPOS="115"/>
							<String ID="string_90" HPOS="129" VPOS="484" WIDTH="111" HEIGHT="20" WC="0.93" CONTENT="Alexander"/><SP WIDTH="14" VPOS="484" HPOS="240"/>
							<String ID="string_91" HPOS="254" VPOS="485" WIDTH="82" HEIGHT="26" WC="0.92" CONTENT="Nevsky"/><SP WIDTH="15" VPOS="485" HPOS="336"/>
							<String ID="string_92" HPOS="351" VPOS="485" WIDTH="73" HEIGHT="19" WC="0.93" CONTENT="kloster"/><SP WIDTH="14" VPOS="485" HPOS="424"/>
							<String ID="string_93" HPOS="438" VPOS="485" WIDTH="6" HEIGHT="19" WC="0.96" CONTENT="i"/><SP WIDTH="14" VPOS="485" HPOS="444"/>
							<String ID="string_94" HPOS="458" VPOS="486" WIDTH="32" HEIGHT="20" WC="0.96" CONTENT="S:t"/><SP WIDTH="12" VPOS="486" HPOS="490"/>
							<String ID="string_95" HPOS="502" VPOS="486" WIDTH="128" HEIGHT="24" WC="0.93" CONTENT="Petersburg,"/><SP WIDTH="14" VPOS="486" HPOS="630"/>
							<String ID="string_96" HPOS="644" VPOS="486" WIDTH="47" HEIGHT="25" WC="0.93" CONTENT="väg-"/><SP WIDTH="8" VPOS="486" HPOS="691"/>
							<String ID="string_97" HPOS="699" VPOS="486" WIDTH="38" HEIGHT="18" WC="0.93" CONTENT="och"/><SP WIDTH="9" VPOS="486" HPOS="737"/>
							<String ID="string_98" HPOS="746" VPOS="487" WIDTH="78" HEIGHT="17" WC="0.92" CONTENT="vatten-"/>
						</TextLine>
						<TextLine ID="line_13" HPOS="77" VPOS="510" WIDTH="747" HEIGHT="26">
							<String ID="string_99" HPOS="77" VPOS="510" WIDTH="259" HEIGHT="26" WC="0.91" CONTENT="kommunikationsverket,"/><SP WIDTH="16" VPOS="510" HPOS="336"/>
							<String ID="string_100" HPOS="352" VPOS="512" WIDTH="63" HEIGHT="19" WC="0.93" CONTENT="finska"/><SP WIDTH="15" VPOS="512" HPOS="415"/>
							<String ID="string_101" HPOS="430" VPOS="511" WIDTH="128" HEIGHT="24" WC="0.92" CONTENT="civilstatens,"/><SP WIDTH="16" VPOS="511" HPOS="558"/>
							<String ID="string_102" HPOS="574" VPOS="512" WIDTH="108" HEIGHT="19" WC="0.92" CONTENT="militärens"/><SP WIDTH="14" VPOS="512" HPOS="682"/>
							<String ID="string_103" HPOS="696" VPOS="513" WIDTH="51" HEIGHT="17" WC="0.93" CONTENT="samt"/><SP WIDTH="11" VPOS="513" HPOS="747"/>
							<String ID="string_104" HPOS="758" VPOS="510" WIDTH="66" HEIGHT="20" WC="0.92" CONTENT="eckle-"/>
						</TextLine>
						<TextLine ID="line_14" HPOS="77" VPOS="537" WIDTH="747" HEIGHT="27">
							<String ID="string_105" HPOS="77" VPOS="538" WIDTH="79" HEIGHT="20" WC="0.90" CONTENT="siastik-"/><SP WIDTH="14" VPOS="538" HPOS="156"/>
							<String ID="string_106" HPOS="170" VPOS="538" WIDTH="38" HEIGHT="19" WC="0.93" CONTENT="och"/><SP WIDTH="13" VPOS="538" HPOS="208"/>
							<String ID="string_107" HPOS="221" VPOS="538" WIDTH="121" HEIGHT="20" WC="0.91" CONTENT="skolstatens"/><SP WIDTH="14" VPOS="538" HPOS="342"/>
							<String ID="string_108" HPOS="356" VPOS="538" WIDTH="60" HEIGHT="19" WC="0.91" CONTENT="enke-"/><SP WIDTH="14" VPOS="538" HPOS="416"/>
							<String ID="string_109" HPOS="430" VPOS="539" WIDTH="38" HEIGHT="19" WC="0.93" CONTENT="och"/><SP WIDTH="14" VPOS="539" HPOS="468"/>
							<String ID="string_110" HPOS="482" VPOS="538" WIDTH="142" HEIGHT="26" WC="0.91" CONTENT="pupilikassor,"/><SP WIDTH="16" VPOS="538" HPOS="624"/>
							<String ID="string_111" HPOS="640" VPOS="538" WIDTH="96" HEIGHT="20" WC="0.93" CONTENT="allmänna"/><SP WIDTH="15" VPOS="538" HPOS="736"/>
							<String ID="string_112" HPOS="751" VPOS="537" WIDTH="73" HEIGHT="20" WC="0.91" CONTENT="brand-"/>
						</TextLine>
						<TextLine ID="line_15" HPOS="78" VPOS="563" WIDTH="744" HEIGHT="27">
							<String ID="string_113" HPOS="78" VPOS="564" WIDTH="140" HEIGHT="26" WC="0.92" CONTENT="stodsbolagen"/><SP WIDTH="15" VPOS="564" HPOS="218"/>
							<String ID="string_114" HPOS="233" VPOS="564" WIDTH="30" HEIGHT="19" WC="0.93" CONTENT="för"/><SP WIDTH="14" VPOS="564" HPOS="263"/>
							<String ID="string_115" HPOS="277" VPOS="563" WIDTH="91" HEIGHT="20" WC="0.92" CONTENT="städerna"/><SP WIDTH="15" VPOS="563" HPOS="368"/>
							<String ID="string_116" HPOS="383" VPOS="565" WIDTH="38" HEIGHT="18" WC="0.96" CONTENT="och"/><SP WIDTH="14" VPOS="565" HPOS="421"/>
							<String ID="string_117" HPOS="435" VPOS="565" WIDTH="74" HEIGHT="23" WC="0.93" CONTENT="landet,"/><SP WIDTH="16" VPOS="565" HPOS="509"/>
							<String ID="string_118" HPOS="525" VPOS="564" WIDTH="200" HEIGHT="25" WC="0.93" CONTENT="försäkringsbolaget"/><SP WIDTH="16" VPOS="564" HPOS="725"/>
							<String ID="string_119" HPOS="741" VPOS="563" WIDTH="81" HEIGHT="26" WC="0.96" CONTENT="Sampo,"/>
						</TextLine>
						<TextLine ID="line_16" HPOS="77" VPOS="589" WIDTH="745" HEIGHT="28">
							<String ID="string_120" HPOS="77" VPOS="589" WIDTH="276" HEIGHT="27" WC="0.91" CONTENT="sjöassuransföreningarne,"/><SP WIDTH="24" VPOS="589" HPOS="353"/>
							<String ID="string_121" HPOS="377" VPOS="590" WIDTH="239" HEIGHT="27" WC="0.89" CONTENT="hypotheksföreningen,"/><SP WIDTH="25" VPOS="590" HPOS="616"/>
							<String ID="string_122" HPOS="641" VPOS="590" WIDTH="181" HEIGHT="26" WC="0.92" CONTENT="lifränteanstalten,"/>
						</TextLine>
						<TextLine ID="line_17" HPOS="77" VPOS="616" WIDTH="746" HEIGHT="27">
							<String ID="string_123" HPOS="77" VPOS="617" WIDTH="130" HEIGHT="26" WC="0.93" CONTENT="sparbanker,"/><SP WIDTH="16" VPOS="617" HPOS="207"/>
							<String ID="string_124" HPOS="223" VPOS="617" WIDTH="154" HEIGHT="25" WC="0.84" CONTENT="ingvarterihgs-"/><SP WIDTH="9" VPOS="617" HPOS="377"/>
							<String ID="string_125" HPOS="386" VPOS="618" WIDTH="39" HEIGHT="18" WC="0.93" CONTENT="och"/><SP WIDTH="10" VPOS="618" HPOS="425"/>
							<String ID="string_126" HPOS="435" VPOS="617" WIDTH="111" HEIGHT="26" WC="0.92" CONTENT="byggnads-"/><SP WIDTH="8" VPOS="617" HPOS="546"/>
							<String ID="string_127" HPOS="554" VPOS="623" WIDTH="28" HEIGHT="13" WC="0.96" CONTENT="m."/><SP WIDTH="11" VPOS="623" HPOS="582"/>
							<String ID="string_128" HPOS="593" VPOS="617" WIDTH="20" HEIGHT="19" WC="0.93" CONTENT="fl."/><SP WIDTH="11" VPOS="617" HPOS="613"/>
							<String ID="string_129" HPOS="624" VPOS="617" WIDTH="105" HEIGHT="24" WC="0.70" CONTENT="komiteer,"/><SP WIDTH="12" VPOS="617" HPOS="729"/>
							<String ID="string_130" HPOS="741" VPOS="616" WIDTH="82" HEIGHT="26" WC="0.95" CONTENT="kyrkor,"/>
						</TextLine>
						<TextLine ID="line_18" HPOS="78" VPOS="642" WIDTH="746" HEIGHT="28">
							<String ID="string_131" HPOS="78" VPOS="643" WIDTH="119" HEIGHT="27" WC="0.95" CONTENT="gymnasier,"/><SP WIDTH="16" VPOS="643" HPOS="197"/>
							<String ID="string_132" HPOS="213" VPOS="644" WIDTH="74" HEIGHT="24" WC="0.93" CONTENT="skolor,"/><SP WIDTH="19" VPOS="644" HPOS="287"/>
							<String ID="string_133" HPOS="306" VPOS="644" WIDTH="114" HEIGHT="24" WC="0.93" CONTENT="hospitaler,"/><SP WIDTH="16" VPOS="644" HPOS="420"/>
							<String ID="string_134" HPOS="436" VPOS="643" WIDTH="125" HEIGHT="26" WC="0.17" CONTENT="fattigvärds-"/><SP WIDTH="15" VPOS="643" HPOS="561"/>
							<String ID="string_135" HPOS="576" VPOS="644" WIDTH="38" HEIGHT="18" WC="0.93" CONTENT="och"/><SP WIDTH="14" VPOS="644" HPOS="614"/>
							<String ID="string_136" HPOS="628" VPOS="642" WIDTH="196" HEIGHT="26" WC="0.91" CONTENT="pensionsinrättnin-"/>
						</TextLine>
						<TextLine ID="line_19" HPOS="77" VPOS="668" WIDTH="748" HEIGHT="27">
							<String ID="string_137" HPOS="77" VPOS="675" WIDTH="42" HEIGHT="20" WC="0.93" CONTENT="gar,"/><SP WIDTH="17" VPOS="675" HPOS="119"/>
							<String ID="string_138" HPOS="136" VPOS="668" WIDTH="144" HEIGHT="27" WC="0.88" CONTENT="hushällnings-"/><SP WIDTH="17" VPOS="668" HPOS="280"/>
							<String ID="string_139" HPOS="297" VPOS="669" WIDTH="38" HEIGHT="20" WC="0.93" CONTENT="och"/><SP WIDTH="17" VPOS="669" HPOS="335"/>
							<String ID="string_140" HPOS="352" VPOS="670" WIDTH="168" HEIGHT="24" WC="0.81" CONTENT="bibelsäliskaper,"/><SP WIDTH="19" VPOS="670" HPOS="520"/>
							<String ID="string_141" HPOS="539" VPOS="669" WIDTH="86" HEIGHT="19" WC="0.96" CONTENT="litterära"/><SP WIDTH="15" VPOS="669" HPOS="625"/>
							<String ID="string_142" HPOS="640" VPOS="670" WIDTH="38" HEIGHT="18" WC="0.93" CONTENT="och"/><SP WIDTH="14" VPOS="670" HPOS="678"/>
							<String ID="string_143" HPOS="692" VPOS="668" WIDTH="133" HEIGHT="25" WC="0.92" CONTENT="vetenskapli-"/>
						</TextLine>
						<TextLine ID="line_20" HPOS="91" VPOS="694" WIDTH="734" HEIGHT="26">
							<String ID="string_144" HPOS="91" VPOS="702" WIDTH="10" HEIGHT="14" WC="0.94" CONTENT="a"/><SP WIDTH="12" VPOS="702" HPOS="101"/>
							<String ID="string_145" HPOS="113" VPOS="695" WIDTH="99" HEIGHT="25" WC="0.95" CONTENT="samfund,"/><SP WIDTH="13" VPOS="695" HPOS="212"/>
							<String ID="string_146" HPOS="225" VPOS="696" WIDTH="129" HEIGHT="20" WC="0.94" CONTENT="fakulteterna"/><SP WIDTH="8" VPOS="696" HPOS="354"/>
							<String ID="string_147" HPOS="362" VPOS="696" WIDTH="33" HEIGHT="20" WC="0.93" CONTENT="vid"/><SP WIDTH="9" VPOS="696" HPOS="395"/>
							<String ID="string_148" HPOS="404" VPOS="695" WIDTH="282" HEIGHT="25" WC="0.91" CONTENT="Alexanders-Universitetet,"/><SP WIDTH="11" VPOS="695" HPOS="686"/>
							<String ID="string_149" HPOS="697" VPOS="695" WIDTH="62" HEIGHT="25" WC="0.93" CONTENT="adliga"/><SP WIDTH="10" VPOS="695" HPOS="759"/>
							<String ID="string_150" HPOS="769" VPOS="694" WIDTH="56" HEIGHT="26" WC="0.93" CONTENT="jung-"/>
						</TextLine>
						<TextLine ID="line_21" HPOS="86" VPOS="721" WIDTH="740" HEIGHT="27">
							<String ID="string_151" HPOS="86" VPOS="722" WIDTH="208" HEIGHT="26" WC="0.89" CONTENT="rustiftsinrättningen"/><SP WIDTH="18" VPOS="722" HPOS="294"/>
							<String ID="string_152" HPOS="312" VPOS="722" WIDTH="6" HEIGHT="19" WC="0.96" CONTENT="i"/><SP WIDTH="11" VPOS="722" HPOS="318"/>
							<String ID="string_153" HPOS="329" VPOS="722" WIDTH="79" HEIGHT="20" WC="0.95" CONTENT="Finland"/><SP WIDTH="17" VPOS="722" HPOS="408"/>
							<String ID="string_154" HPOS="425" VPOS="725" WIDTH="52" HEIGHT="17" WC="0.93" CONTENT="samt"/><SP WIDTH="14" VPOS="725" HPOS="477"/>
							<String ID="string_155" HPOS="491" VPOS="722" WIDTH="83" HEIGHT="19" WC="0.92" CONTENT="sockne-"/><SP WIDTH="12" VPOS="722" HPOS="574"/>
							<String ID="string_156" HPOS="586" VPOS="723" WIDTH="38" HEIGHT="18" WC="0.93" CONTENT="och"/><SP WIDTH="14" VPOS="723" HPOS="624"/>
							<String ID="string_157" HPOS="638" VPOS="721" WIDTH="188" HEIGHT="25" WC="0.0" CONTENT="understöusmaga-"/>
						</TextLine>
						<TextLine ID="line_22" HPOS="79" VPOS="747" WIDTH="745" HEIGHT="27">
							<String ID="string_158" HPOS="79" VPOS="749" WIDTH="62" HEIGHT="25" WC="0.85" CONTENT="siner,"/><SP WIDTH="15" VPOS="749" HPOS="141"/>
							<String ID="string_159" HPOS="156" VPOS="748" WIDTH="103" HEIGHT="20" WC="0.89" CONTENT="äfvensom"/><SP WIDTH="14" VPOS="748" HPOS="259"/>
							<String ID="string_160" HPOS="273" VPOS="750" WIDTH="84" HEIGHT="18" WC="0.95" CONTENT="fromma"/><SP WIDTH="22" VPOS="750" HPOS="357"/>
							<String ID="string_161" HPOS="379" VPOS="749" WIDTH="104" HEIGHT="23" WC="0.89" CONTENT="stiftelser;"/><SP WIDTH="21" VPOS="749" HPOS="483"/>
							<String ID="string_162" HPOS="504" VPOS="748" WIDTH="58" HEIGHT="20" WC="0.96" CONTENT="likväl"/><SP WIDTH="22" VPOS="748" HPOS="562"/>
							<String ID="string_163" HPOS="584" VPOS="748" WIDTH="69" HEIGHT="20" WC="0.93" CONTENT="endast"/><SP WIDTH="17" VPOS="748" HPOS="653"/>
							<String ID="string_164" HPOS="670" VPOS="748" WIDTH="52" HEIGHT="19" WC="0.93" CONTENT="hvad"/><SP WIDTH="16" VPOS="748" HPOS="722"/>
							<String ID="string_165" HPOS="738" VPOS="747" WIDTH="10" HEIGHT="19" WC="0.58" CONTENT="ä"/><SP WIDTH="17" VPOS="747" HPOS="748"/>
							<String ID="string_166" HPOS="765" VPOS="747" WIDTH="59" HEIGHT="20" WC="0.96" CONTENT="dessa"/>
						</TextLine>
						<TextLine ID="line_23" HPOS="79" VPOS="774" WIDTH="745" HEIGHT="26">
							<String ID="string_167" HPOS="79" VPOS="776" WIDTH="61" HEIGHT="19" WC="0.96" CONTENT="verks"/><SP WIDTH="17" VPOS="776" HPOS="140"/>
							<String ID="string_168" HPOS="157" VPOS="776" WIDTH="38" HEIGHT="19" WC="0.92" CONTENT="och"/><SP WIDTH="18" VPOS="776" HPOS="195"/>
							<String ID="string_169" HPOS="213" VPOS="775" WIDTH="137" HEIGHT="25" WC="0.87" CONTENT="inrättningars"/><SP WIDTH="14" VPOS="775" HPOS="350"/>
							<String ID="string_170" HPOS="364" VPOS="776" WIDTH="74" HEIGHT="24" WC="0.92" CONTENT="vägnar"/><SP WIDTH="17" VPOS="776" HPOS="438"/>
							<String ID="string_171" HPOS="455" VPOS="775" WIDTH="95" HEIGHT="20" WC="0.92" CONTENT="inlemnas"/><SP WIDTH="14" VPOS="775" HPOS="550"/>
							<String ID="string_172" HPOS="564" VPOS="775" WIDTH="47" HEIGHT="19" WC="0.95" CONTENT="eller"/><SP WIDTH="14" VPOS="775" HPOS="611"/>
							<String ID="string_173" HPOS="625" VPOS="775" WIDTH="27" HEIGHT="19" WC="0.96" CONTENT="till"/><SP WIDTH="14" VPOS="775" HPOS="652"/>
							<String ID="string_174" HPOS="666" VPOS="774" WIDTH="47" HEIGHT="20" WC="0.96" CONTENT="dem"/><SP WIDTH="14" VPOS="774" HPOS="713"/>
							<String ID="string_175" HPOS="727" VPOS="774" WIDTH="97" HEIGHT="20" WC="0.96" CONTENT="utfärdas."/>
						</TextLine>
					</TextBlock>
					<TextBlock ID="block_3" HPOS="79" VPOS="801" WIDTH="748" HEIGHT="126">
						<TextLine ID="line_24" HPOS="134" VPOS="801" WIDTH="690" HEIGHT="26">
							<String ID="string_176" HPOS="134" VPOS="802" WIDTH="46" HEIGHT="19" WC="0.91" CONTENT="16:0"/><SP WIDTH="28" VPOS="802" HPOS="180"/>
							<String ID="string_177" HPOS="208" VPOS="802" WIDTH="37" HEIGHT="20" WC="0.78" CONTENT="Allt"/><SP WIDTH="15" VPOS="802" HPOS="245"/>
							<String ID="string_178" HPOS="260" VPOS="802" WIDTH="52" HEIGHT="19" WC="0.96" CONTENT="hvad"/><SP WIDTH="15" VPOS="802" HPOS="312"/>
							<String ID="string_179" HPOS="327" VPOS="802" WIDTH="5" HEIGHT="19" WC="0.96" CONTENT="i"/><SP WIDTH="15" VPOS="802" HPOS="332"/>
							<String ID="string_180" HPOS="347" VPOS="802" WIDTH="65" HEIGHT="25" WC="0.96" CONTENT="frågor"/><SP WIDTH="12" VPOS="802" HPOS="412"/>
							<String ID="string_181" HPOS="424" VPOS="802" WIDTH="82" HEIGHT="19" WC="0.96" CONTENT="rörande"/><SP WIDTH="10" VPOS="802" HPOS="506"/>
							<String ID="string_182" HPOS="516" VPOS="802" WIDTH="106" HEIGHT="25" WC="0.96" CONTENT="pensioner"/><SP WIDTH="9" VPOS="802" HPOS="622"/>
							<String ID="string_183" HPOS="631" VPOS="807" WIDTH="24" HEIGHT="13" WC="0.93" CONTENT="ur"/><SP WIDTH="9" VPOS="807" HPOS="655"/>
							<String ID="string_184" HPOS="664" VPOS="801" WIDTH="160" HEIGHT="26" WC="0.90" CONTENT="krigsmanshus-"/>
						</TextLine>
						<TextLine ID="line_25" HPOS="80" VPOS="827" WIDTH="746" HEIGHT="26">
							<String ID="string_185" HPOS="80" VPOS="828" WIDTH="79" HEIGHT="25" WC="0.96" CONTENT="fonden,"/><SP WIDTH="17" VPOS="828" HPOS="159"/>
							<String ID="string_186" HPOS="176" VPOS="828" WIDTH="48" HEIGHT="19" WC="0.96" CONTENT="eller"/><SP WIDTH="14" VPOS="828" HPOS="224"/>
							<String ID="string_187" HPOS="238" VPOS="829" WIDTH="38" HEIGHT="18" WC="0.96" CONTENT="ock"/><SP WIDTH="15" VPOS="829" HPOS="276"/>
							<String ID="string_188" HPOS="291" VPOS="828" WIDTH="29" HEIGHT="19" WC="0.93" CONTENT="för"/><SP WIDTH="14" VPOS="828" HPOS="320"/>
							<String ID="string_189" HPOS="334" VPOS="829" WIDTH="62" HEIGHT="18" WC="0.92" CONTENT="enkor"/><SP WIDTH="18" VPOS="829" HPOS="396"/>
							<String ID="string_190" HPOS="414" VPOS="829" WIDTH="38" HEIGHT="18" WC="0.96" CONTENT="och"/><SP WIDTH="16" VPOS="829" HPOS="452"/>
							<String ID="string_191" HPOS="468" VPOS="829" WIDTH="49" HEIGHT="18" WC="0.96" CONTENT="barn"/><SP WIDTH="17" VPOS="829" HPOS="517"/>
							<String ID="string_192" HPOS="534" VPOS="827" WIDTH="50" HEIGHT="20" WC="0.91" CONTENT="efter"/><SP WIDTH="18" VPOS="827" HPOS="584"/>
							<String ID="string_193" HPOS="602" VPOS="827" WIDTH="70" HEIGHT="20" WC="0.91" CONTENT="aflidne"/><SP WIDTH="17" VPOS="827" HPOS="672"/>
							<String ID="string_194" HPOS="689" VPOS="828" WIDTH="88" HEIGHT="18" WC="0.91" CONTENT="embets-"/><SP WIDTH="11" VPOS="828" HPOS="777"/>
							<String ID="string_195" HPOS="788" VPOS="828" WIDTH="38" HEIGHT="18" WC="0.96" CONTENT="och"/>
						</TextLine>
						<TextLine ID="line_26" HPOS="79" VPOS="853" WIDTH="747" HEIGHT="27">
							<String ID="string_196" HPOS="79" VPOS="853" WIDTH="118" HEIGHT="27" WC="0.92" CONTENT="tjenstemän"/><SP WIDTH="15" VPOS="853" HPOS="197"/>
							<String ID="string_197" HPOS="212" VPOS="854" WIDTH="43" HEIGHT="20" WC="0.96" CONTENT="från"/><SP WIDTH="14" VPOS="854" HPOS="255"/>
							<String ID="string_198" HPOS="269" VPOS="855" WIDTH="95" HEIGHT="19" WC="0.93" CONTENT="allmänna"/><SP WIDTH="16" VPOS="855" HPOS="364"/>
							<String ID="string_199" HPOS="380" VPOS="857" WIDTH="63" HEIGHT="17" WC="0.89" CONTENT="stats-"/><SP WIDTH="17" VPOS="857" HPOS="443"/>
							<String ID="string_200" HPOS="460" VPOS="855" WIDTH="37" HEIGHT="19" WC="0.93" CONTENT="och"/><SP WIDTH="18" VPOS="855" HPOS="497"/>
							<String ID="string_201" HPOS="515" VPOS="853" WIDTH="132" HEIGHT="20" WC="0.90" CONTENT="militiemedel"/><SP WIDTH="19" VPOS="853" HPOS="647"/>
							<String ID="string_202" HPOS="666" VPOS="856" WIDTH="52" HEIGHT="17" WC="0.95" CONTENT="samt"/><SP WIDTH="16" VPOS="856" HPOS="718"/>
							<String ID="string_203" HPOS="734" VPOS="854" WIDTH="37" HEIGHT="19" WC="0.93" CONTENT="alla"/><SP WIDTH="19" VPOS="854" HPOS="771"/>
							<String ID="string_204" HPOS="790" VPOS="858" WIDTH="36" HEIGHT="21" WC="0.91" CONTENT="pu-"/>
						</TextLine>
						<TextLine ID="line_27" HPOS="79" VPOS="880" WIDTH="748" HEIGHT="26">
							<String ID="string_205" HPOS="79" VPOS="881" WIDTH="53" HEIGHT="20" WC="0.91" CONTENT="blika"/><SP WIDTH="15" VPOS="881" HPOS="132"/>
							<String ID="string_206" HPOS="147" VPOS="882" WIDTH="38" HEIGHT="18" WC="0.96" CONTENT="och"/><SP WIDTH="14" VPOS="882" HPOS="185"/>
							<String ID="string_207" HPOS="199" VPOS="881" WIDTH="89" HEIGHT="20" WC="0.92" CONTENT="enskilda"/><SP WIDTH="18" VPOS="881" HPOS="288"/>
							<String ID="string_208" HPOS="306" VPOS="881" WIDTH="60" HEIGHT="20" WC="0.92" CONTENT="enke-"/><SP WIDTH="16" VPOS="881" HPOS="366"/>
							<String ID="string_209" HPOS="382" VPOS="882" WIDTH="39" HEIGHT="19" WC="0.93" CONTENT="och"/><SP WIDTH="14" VPOS="882" HPOS="421"/>
							<String ID="string_210" HPOS="435" VPOS="881" WIDTH="131" HEIGHT="25" WC="0.92" CONTENT="pupillkassor"/><SP WIDTH="17" VPOS="881" HPOS="566"/>
							<String ID="string_211" HPOS="583" VPOS="880" WIDTH="5" HEIGHT="19" WC="0.96" CONTENT="i"/><SP WIDTH="17" VPOS="880" HPOS="588"/>
							<String ID="string_212" HPOS="605" VPOS="880" WIDTH="66" HEIGHT="20" WC="0.93" CONTENT="landet"/><SP WIDTH="17" VPOS="880" HPOS="671"/>
							<String ID="string_213" HPOS="688" VPOS="880" WIDTH="84" HEIGHT="26" WC="0.91" CONTENT="ingifves"/><SP WIDTH="16" VPOS="880" HPOS="772"/>
							<String ID="string_214" HPOS="788" VPOS="880" WIDTH="39" HEIGHT="19" WC="0.96" CONTENT="och"/>
						</TextLine>
						<TextLine ID="line_28" HPOS="81" VPOS="907" WIDTH="95" HEIGHT="20">
							<String ID="string_215" HPOS="81" VPOS="907" WIDTH="95" HEIGHT="20" WC="0.96" CONTENT="utfärdas."/>
						</TextLine>
					</TextBlock>
					<TextBlock ID="block_4" HPOS="80" VPOS="932" WIDTH="749" HEIGHT="158">
						<TextLine ID="line_29" HPOS="135" VPOS="932" WIDTH="691" HEIGHT="27">
							<String ID="string_216" HPOS="135" VPOS="935" WIDTH="44" HEIGHT="18" WC="0.86" CONTENT="17:0"/><SP WIDTH="29" VPOS="935" HPOS="179"/>
							<String ID="string_217" HPOS="208" VPOS="935" WIDTH="57" HEIGHT="19" WC="0.94" CONTENT="Bevis"/><SP WIDTH="15" VPOS="935" HPOS="265"/>
							<String ID="string_218" HPOS="280" VPOS="933" WIDTH="37" HEIGHT="20" WC="0.95" CONTENT="och"/><SP WIDTH="17" VPOS="933" HPOS="317"/>
							<String ID="string_219" HPOS="334" VPOS="934" WIDTH="127" HEIGHT="24" WC="0.95" CONTENT="vittnesbörd,"/><SP WIDTH="17" VPOS="934" HPOS="461"/>
							<String ID="string_220" HPOS="478" VPOS="934" WIDTH="46" HEIGHT="20" WC="0.93" CONTENT="dem"/><SP WIDTH="14" VPOS="934" HPOS="524"/>
							<String ID="string_221" HPOS="538" VPOS="933" WIDTH="106" HEIGHT="26" WC="0.91" CONTENT="gymnasii-"/><SP WIDTH="16" VPOS="933" HPOS="644"/>
							<String ID="string_222" HPOS="660" VPOS="933" WIDTH="38" HEIGHT="20" WC="0.93" CONTENT="och"/><SP WIDTH="19" VPOS="933" HPOS="698"/>
							<String ID="string_223" HPOS="717" VPOS="932" WIDTH="109" HEIGHT="21" WC="0.93" CONTENT="skolrekto-"/>
						</TextLine>
						<TextLine ID="line_30" HPOS="80" VPOS="959" WIDTH="749" HEIGHT="26">
							<String ID="string_224" HPOS="80" VPOS="966" WIDTH="40" HEIGHT="19" WC="0.96" CONTENT="rer,"/><SP WIDTH="16" VPOS="966" HPOS="120"/>
							<String ID="string_225" HPOS="136" VPOS="960" WIDTH="135" HEIGHT="20" WC="0.96" CONTENT="föreståndare"/><SP WIDTH="14" VPOS="960" HPOS="271"/>
							<String ID="string_226" HPOS="285" VPOS="962" WIDTH="27" HEIGHT="18" WC="0.93" CONTENT="för"/><SP WIDTH="13" VPOS="962" HPOS="312"/>
							<String ID="string_227" HPOS="325" VPOS="961" WIDTH="188" HEIGHT="24" WC="0.90" CONTENT="navigationsskolor"/><SP WIDTH="11" VPOS="961" HPOS="513"/>
							<String ID="string_228" HPOS="524" VPOS="961" WIDTH="38" HEIGHT="18" WC="0.96" CONTENT="och"/><SP WIDTH="13" VPOS="961" HPOS="562"/>
							<String ID="string_229" HPOS="575" VPOS="960" WIDTH="53" HEIGHT="24" WC="0.93" CONTENT="lägre"/><SP WIDTH="15" VPOS="960" HPOS="628"/>
							<String ID="string_230" HPOS="643" VPOS="959" WIDTH="186" HEIGHT="25" WC="0.91" CONTENT="undervisningsan-"/>
						</TextLine>
						<TextLine ID="line_31" HPOS="81" VPOS="985" WIDTH="746" HEIGHT="27">
							<String ID="string_231" HPOS="81" VPOS="987" WIDTH="69" HEIGHT="19" WC="0.91" CONTENT="stalter"/><SP WIDTH="14" VPOS="987" HPOS="150"/>
							<String ID="string_232" HPOS="164" VPOS="990" WIDTH="52" HEIGHT="17" WC="0.96" CONTENT="samt"/><SP WIDTH="13" VPOS="990" HPOS="216"/>
							<String ID="string_233" HPOS="229" VPOS="987" WIDTH="76" HEIGHT="25" WC="0.96" CONTENT="privata"/><SP WIDTH="15" VPOS="987" HPOS="305"/>
							<String ID="string_234" HPOS="320" VPOS="987" WIDTH="64" HEIGHT="19" WC="0.96" CONTENT="lärare"/><SP WIDTH="14" VPOS="987" HPOS="384"/>
							<String ID="string_235" HPOS="398" VPOS="987" WIDTH="37" HEIGHT="19" WC="0.93" CONTENT="och"/><SP WIDTH="15" VPOS="987" HPOS="435"/>
							<String ID="string_236" HPOS="450" VPOS="985" WIDTH="279" HEIGHT="26" WC="0.91" CONTENT="undervisningsinrättningar"/><SP WIDTH="14" VPOS="985" HPOS="729"/>
							<String ID="string_237" HPOS="743" VPOS="985" WIDTH="28" HEIGHT="20" WC="0.92" CONTENT="till"/><SP WIDTH="15" VPOS="985" HPOS="771"/>
							<String ID="string_238" HPOS="786" VPOS="985" WIDTH="41" HEIGHT="19" WC="0.92" CONTENT="ele-"/>
						</TextLine>
						<TextLine ID="line_32" HPOS="81" VPOS="1010" WIDTH="746" HEIGHT="28">
							<String ID="string_239" HPOS="81" VPOS="1018" WIDTH="37" HEIGHT="14" WC="0.96" CONTENT="ver"/><SP WIDTH="17" VPOS="1018" HPOS="118"/>
							<String ID="string_240" HPOS="135" VPOS="1013" WIDTH="83" HEIGHT="23" WC="0.96" CONTENT="utfärda,"/><SP WIDTH="19" VPOS="1013" HPOS="218"/>
							<String ID="string_241" HPOS="237" VPOS="1014" WIDTH="103" HEIGHT="19" WC="0.95" CONTENT="äfvensom"/><SP WIDTH="22" VPOS="1014" HPOS="340"/>
							<String ID="string_242" HPOS="362" VPOS="1013" WIDTH="139" HEIGHT="25" WC="0.96" CONTENT="ansökningar,"/><SP WIDTH="23" VPOS="1013" HPOS="501"/>
							<String ID="string_243" HPOS="524" VPOS="1011" WIDTH="66" HEIGHT="20" WC="0.96" CONTENT="hvilka"/><SP WIDTH="21" VPOS="1011" HPOS="590"/>
							<String ID="string_244" HPOS="611" VPOS="1012" WIDTH="21" HEIGHT="19" WC="0.96" CONTENT="af"/><SP WIDTH="20" VPOS="1012" HPOS="632"/>
							<String ID="string_245" HPOS="652" VPOS="1011" WIDTH="120" HEIGHT="20" WC="0.96" CONTENT="studerande"/><SP WIDTH="22" VPOS="1011" HPOS="772"/>
							<String ID="string_246" HPOS="794" VPOS="1010" WIDTH="33" HEIGHT="20" WC="0.92" CONTENT="vid"/>
						</TextLine>
						<TextLine ID="line_33" HPOS="83" VPOS="1037" WIDTH="745" HEIGHT="26">
							<String ID="string_247" HPOS="83" VPOS="1039" WIDTH="123" HEIGHT="20" WC="0.96" CONTENT="Alexanders"/><SP WIDTH="16" VPOS="1039" HPOS="206"/>
							<String ID="string_248" HPOS="222" VPOS="1040" WIDTH="141" HEIGHT="20" WC="0.96" CONTENT="Universitetet"/><SP WIDTH="20" VPOS="1040" HPOS="363"/>
							<String ID="string_249" HPOS="383" VPOS="1040" WIDTH="4" HEIGHT="18" WC="0.96" CONTENT="i"/><SP WIDTH="16" VPOS="1040" HPOS="387"/>
							<String ID="string_250" HPOS="403" VPOS="1040" WIDTH="37" HEIGHT="18" WC="0.96" CONTENT="och"/><SP WIDTH="23" VPOS="1040" HPOS="440"/>
							<String ID="string_251" HPOS="463" VPOS="1039" WIDTH="27" HEIGHT="19" WC="0.92" CONTENT="för"/><SP WIDTH="18" VPOS="1039" HPOS="490"/>
							<String ID="string_252" HPOS="508" VPOS="1037" WIDTH="112" HEIGHT="21" WC="0.90" CONTENT="undfående"/><SP WIDTH="19" VPOS="1037" HPOS="620"/>
							<String ID="string_253" HPOS="639" VPOS="1038" WIDTH="20" HEIGHT="20" WC="0.96" CONTENT="af"/><SP WIDTH="20" VPOS="1038" HPOS="659"/>
							<String ID="string_254" HPOS="679" VPOS="1037" WIDTH="108" HEIGHT="26" WC="0.95" CONTENT="stipendier"/><SP WIDTH="13" VPOS="1037" HPOS="787"/>
							<String ID="string_255" HPOS="800" VPOS="1037" WIDTH="28" HEIGHT="20" WC="0.96" CONTENT="till"/>
						</TextLine>
						<TextLine ID="line_34" HPOS="82" VPOS="1065" WIDTH="585" HEIGHT="25">
							<String ID="string_256" HPOS="82" VPOS="1066" WIDTH="153" HEIGHT="20" WC="0.93" CONTENT="Universitetets"/><SP WIDTH="15" VPOS="1066" HPOS="235"/>
							<String ID="string_257" HPOS="250" VPOS="1066" WIDTH="144" HEIGHT="20" WC="0.91" CONTENT="Konsistorium"/><SP WIDTH="15" VPOS="1066" HPOS="394"/>
							<String ID="string_258" HPOS="409" VPOS="1065" WIDTH="37" HEIGHT="20" WC="0.96" CONTENT="ock"/><SP WIDTH="15" VPOS="1065" HPOS="446"/>
							<String ID="string_259" HPOS="461" VPOS="1065" WIDTH="103" HEIGHT="20" WC="0.93" CONTENT="fakulteter"/><SP WIDTH="14" VPOS="1065" HPOS="564"/>
							<String ID="string_260" HPOS="578" VPOS="1065" WIDTH="89" HEIGHT="25" WC="0.91" CONTENT="ingifvas."/>
						</TextLine>
					</TextBlock>
					<TextBlock ID="block_5" HPOS="84" VPOS="1089" WIDTH="742" HEIGHT="54">
						<TextLine ID="line_35" HPOS="125" VPOS="1089" WIDTH="701" HEIGHT="28">
							<String ID="string_261" HPOS="125" VPOS="1093" WIDTH="56" HEIGHT="18" WC="0.42" CONTENT="-48:0"/><SP WIDTH="28" VPOS="1093" HPOS="181"/>
							<String ID="string_262" HPOS="209" VPOS="1092" WIDTH="197" HEIGHT="21" WC="0.82" CONTENT="Permissionssedlat"/><SP WIDTH="15" VPOS="1092" HPOS="406"/>
							<String ID="string_263" HPOS="421" VPOS="1093" WIDTH="28" HEIGHT="18" WC="0.96" CONTENT="för"/><SP WIDTH="15" VPOS="1093" HPOS="449"/>
							<String ID="string_264" HPOS="464" VPOS="1097" WIDTH="94" HEIGHT="20" WC="0.95" CONTENT="personer"/><SP WIDTH="15" VPOS="1097" HPOS="558"/>
							<String ID="string_265" HPOS="573" VPOS="1091" WIDTH="87" HEIGHT="20" WC="0.95" CONTENT="hörande"/><SP WIDTH="13" VPOS="1091" HPOS="660"/>
							<String ID="string_266" HPOS="673" VPOS="1090" WIDTH="27" HEIGHT="21" WC="0.96" CONTENT="till"/><SP WIDTH="11" VPOS="1090" HPOS="700"/>
							<String ID="string_267" HPOS="711" VPOS="1089" WIDTH="63" HEIGHT="21" WC="0.93" CONTENT="finska"/><SP WIDTH="14" VPOS="1089" HPOS="774"/>
							<String ID="string_268" HPOS="788" VPOS="1089" WIDTH="38" HEIGHT="20" WC="0.90" CONTENT="mi-"/>
						</TextLine>
						<TextLine ID="line_36" HPOS="84" VPOS="1117" WIDTH="520" HEIGHT="26">
							<String ID="string_269" HPOS="84" VPOS="1119" WIDTH="69" HEIGHT="19" WC="0.91" CONTENT="litären"/><SP WIDTH="15" VPOS="1119" HPOS="153"/>
							<String ID="string_270" HPOS="168" VPOS="1119" WIDTH="37" HEIGHT="19" WC="0.93" CONTENT="och"/><SP WIDTH="16" VPOS="1119" HPOS="205"/>
							<String ID="string_271" HPOS="221" VPOS="1118" WIDTH="278" HEIGHT="25" WC="0.90" CONTENT="arbetskommenderingarne"/><SP WIDTH="13" VPOS="1118" HPOS="499"/>
							<String ID="string_272" HPOS="512" VPOS="1119" WIDTH="5" HEIGHT="18" WC="0.96" CONTENT="i"/><SP WIDTH="15" VPOS="1119" HPOS="517"/>
							<String ID="string_273" HPOS="532" VPOS="1117" WIDTH="72" HEIGHT="20" WC="0.95" CONTENT="landet."/>
						</TextLine>
					</TextBlock>
					<TextBlock ID="block_6" HPOS="84" VPOS="1142" WIDTH="745" HEIGHT="54">
						<TextLine ID="line_37" HPOS="140" VPOS="1142" WIDTH="689" HEIGHT="28">
							<String ID="string_274" HPOS="140" VPOS="1145" WIDTH="45" HEIGHT="19" WC="0.83" CONTENT="19:0"/><SP WIDTH="29" VPOS="1145" HPOS="185"/>
							<String ID="string_275" HPOS="214" VPOS="1145" WIDTH="142" HEIGHT="25" WC="0.82" CONTENT="Redogörelser"/><SP WIDTH="17" VPOS="1145" HPOS="356"/>
							<String ID="string_276" HPOS="373" VPOS="1145" WIDTH="37" HEIGHT="19" WC="0.96" CONTENT="och"/><SP WIDTH="17" VPOS="1145" HPOS="410"/>
							<String ID="string_277" HPOS="427" VPOS="1144" WIDTH="125" HEIGHT="26" WC="0.96" CONTENT="uträkningar"/><SP WIDTH="20" VPOS="1144" HPOS="552"/>
							<String ID="string_278" HPOS="572" VPOS="1144" WIDTH="55" HEIGHT="18" WC="0.93" CONTENT="öfver"/><SP WIDTH="18" VPOS="1144" HPOS="627"/>
							<String ID="string_279" HPOS="645" VPOS="1143" WIDTH="103" HEIGHT="26" WC="0.92" CONTENT="omyndiga"/><SP WIDTH="20" VPOS="1143" HPOS="748"/>
							<String ID="string_280" HPOS="768" VPOS="1142" WIDTH="61" HEIGHT="20" WC="0.95" CONTENT="barns"/>
						</TextLine>
						<TextLine ID="line_38" HPOS="84" VPOS="1170" WIDTH="406" HEIGHT="26">
							<String ID="string_281" HPOS="84" VPOS="1172" WIDTH="72" HEIGHT="23" WC="0.92" CONTENT="medel,"/><SP WIDTH="16" VPOS="1172" HPOS="156"/>
							<String ID="string_282" HPOS="172" VPOS="1171" WIDTH="45" HEIGHT="19" WC="0.92" CONTENT="med"/><SP WIDTH="15" VPOS="1171" HPOS="217"/>
							<String ID="string_283" HPOS="232" VPOS="1171" WIDTH="62" HEIGHT="20" WC="0.92" CONTENT="dertill"/><SP WIDTH="16" VPOS="1171" HPOS="294"/>
							<String ID="string_284" HPOS="310" VPOS="1171" WIDTH="86" HEIGHT="20" WC="0.96" CONTENT="hörande"/><SP WIDTH="14" VPOS="1171" HPOS="396"/>
							<String ID="string_285" HPOS="410" VPOS="1170" WIDTH="80" HEIGHT="26" WC="0.96" CONTENT="bilagor."/>
						</TextLine>
					</TextBlock>
					<TextBlock ID="block_7" HPOS="85" VPOS="1194" WIDTH="746" HEIGHT="210">
						<TextLine ID="line_39" HPOS="137" VPOS="1194" WIDTH="691" HEIGHT="28">
							<String ID="string_286" HPOS="137" VPOS="1198" WIDTH="48" HEIGHT="19" WC="0.91" CONTENT="20:0"/><SP WIDTH="22" VPOS="1198" HPOS="185"/>
							<String ID="string_287" HPOS="207" VPOS="1198" WIDTH="125" HEIGHT="19" WC="0.96" CONTENT="Testamente"/><SP WIDTH="15" VPOS="1198" HPOS="332"/>
							<String ID="string_288" HPOS="347" VPOS="1197" WIDTH="26" HEIGHT="19" WC="0.96" CONTENT="till"/><SP WIDTH="13" VPOS="1197" HPOS="373"/>
							<String ID="string_289" HPOS="386" VPOS="1197" WIDTH="64" HEIGHT="22" WC="0.93" CONTENT="make,"/><SP WIDTH="17" VPOS="1197" HPOS="450"/>
							<String ID="string_290" HPOS="467" VPOS="1197" WIDTH="117" HEIGHT="25" WC="0.90" CONTENT="skyldemän"/><SP WIDTH="14" VPOS="1197" HPOS="584"/>
							<String ID="string_291" HPOS="598" VPOS="1196" WIDTH="4" HEIGHT="18" WC="0.96" CONTENT="i"/><SP WIDTH="15" VPOS="1196" HPOS="602"/>
							<String ID="string_292" HPOS="617" VPOS="1197" WIDTH="39" HEIGHT="18" WC="0.93" CONTENT="rätt"/><SP WIDTH="13" VPOS="1197" HPOS="656"/>
							<String ID="string_293" HPOS="669" VPOS="1201" WIDTH="51" HEIGHT="20" WC="0.93" CONTENT="upp-"/><SP WIDTH="13" VPOS="1201" HPOS="720"/>
							<String ID="string_294" HPOS="733" VPOS="1195" WIDTH="38" HEIGHT="19" WC="0.93" CONTENT="och"/><SP WIDTH="10" VPOS="1195" HPOS="771"/>
							<String ID="string_295" HPOS="781" VPOS="1194" WIDTH="47" HEIGHT="20" WC="0.91" CONTENT="ned-"/>
						</TextLine>
						<TextLine ID="line_40" HPOS="85" VPOS="1221" WIDTH="741" HEIGHT="29">
							<String ID="string_296" HPOS="85" VPOS="1223" WIDTH="88" HEIGHT="26" WC="0.96" CONTENT="stigande"/><SP WIDTH="20" VPOS="1223" HPOS="173"/>
							<String ID="string_297" HPOS="193" VPOS="1224" WIDTH="30" HEIGHT="19" WC="0.96" CONTENT="led"/><SP WIDTH="22" VPOS="1224" HPOS="223"/>
							<String ID="string_298" HPOS="245" VPOS="1224" WIDTH="47" HEIGHT="19" WC="0.96" CONTENT="eller"/><SP WIDTH="24" VPOS="1224" HPOS="292"/>
							<String ID="string_299" HPOS="316" VPOS="1224" WIDTH="83" HEIGHT="25" WC="0.96" CONTENT="syskon,"/><SP WIDTH="22" VPOS="1224" HPOS="399"/>
							<String ID="string_300" HPOS="421" VPOS="1224" WIDTH="102" HEIGHT="18" WC="0.95" CONTENT="äfvensom"/><SP WIDTH="24" VPOS="1224" HPOS="523"/>
							<String ID="string_301" HPOS="547" VPOS="1222" WIDTH="36" HEIGHT="28" WC="0.93" CONTENT="till"/><SP WIDTH="14" VPOS="1222" HPOS="583"/>
							<String ID="string_302" HPOS="597" VPOS="1221" WIDTH="229" HEIGHT="25" WC="0.91" CONTENT="undervisningsanstalt,"/>
						</TextLine>
						<TextLine ID="line_41" HPOS="85" VPOS="1247" WIDTH="744" HEIGHT="27">
							<String ID="string_303" HPOS="85" VPOS="1250" WIDTH="146" HEIGHT="24" WC="0.96" CONTENT="vetenskapligt"/><SP WIDTH="14" VPOS="1250" HPOS="231"/>
							<String ID="string_304" HPOS="245" VPOS="1249" WIDTH="89" HEIGHT="20" WC="0.80" CONTENT="ändamål"/><SP WIDTH="16" VPOS="1249" HPOS="334"/>
							<String ID="string_305" HPOS="350" VPOS="1250" WIDTH="46" HEIGHT="19" WC="0.96" CONTENT="eller"/><SP WIDTH="14" VPOS="1250" HPOS="396"/>
							<String ID="string_306" HPOS="410" VPOS="1250" WIDTH="51" HEIGHT="18" WC="0.96" CONTENT="from"/><SP WIDTH="11" VPOS="1250" HPOS="461"/>
							<String ID="string_307" HPOS="472" VPOS="1249" WIDTH="90" HEIGHT="23" WC="0.88" CONTENT="stiftelse,"/><SP WIDTH="14" VPOS="1249" HPOS="562"/>
							<String ID="string_308" HPOS="576" VPOS="1250" WIDTH="62" HEIGHT="22" WC="0.96" CONTENT="jemte"/><SP WIDTH="10" VPOS="1250" HPOS="638"/>
							<String ID="string_309" HPOS="648" VPOS="1248" WIDTH="36" HEIGHT="20" WC="0.96" CONTENT="alla"/><SP WIDTH="15" VPOS="1248" HPOS="684"/>
							<String ID="string_310" HPOS="699" VPOS="1247" WIDTH="60" HEIGHT="25" WC="0.93" CONTENT="öfriga"/><SP WIDTH="10" VPOS="1247" HPOS="759"/>
							<String ID="string_311" HPOS="769" VPOS="1248" WIDTH="60" HEIGHT="18" WC="0.93" CONTENT="testa-"/>
						</TextLine>
						<TextLine ID="line_42" HPOS="85" VPOS="1272" WIDTH="745" HEIGHT="45">
							<String ID="string_312" HPOS="85" VPOS="1279" WIDTH="87" HEIGHT="20" WC="0.91" CONTENT="menten,"/><SP WIDTH="12" VPOS="1279" HPOS="172"/>
							<String ID="string_313" HPOS="184" VPOS="1276" WIDTH="128" HEIGHT="24" WC="0.95" CONTENT="hvarigenom"/><SP WIDTH="13" VPOS="1276" HPOS="312"/>
							<String ID="string_314" HPOS="325" VPOS="1276" WIDTH="103" HEIGHT="24" WC="0.96" CONTENT="egendom,"/><SP WIDTH="12" VPOS="1276" HPOS="428"/>
							<String ID="string_315" HPOS="440" VPOS="1280" WIDTH="43" HEIGHT="14" WC="0.96" CONTENT="som"/><SP WIDTH="14" VPOS="1280" HPOS="483"/>
							<String ID="string_316" HPOS="497" VPOS="1275" WIDTH="5" HEIGHT="18" WC="0.95" CONTENT="i"/><SP WIDTH="17" VPOS="1275" HPOS="502"/>
							<String ID="string_317" HPOS="519" VPOS="1276" WIDTH="82" HEIGHT="18" WC="0.96" CONTENT="kontant"/><SP WIDTH="10" VPOS="1276" HPOS="601"/>
							<String ID="string_318" HPOS="611" VPOS="1274" WIDTH="47" HEIGHT="19" WC="0.96" CONTENT="eller"/><SP WIDTH="14" VPOS="1274" HPOS="658"/>
							<String ID="string_319" HPOS="672" VPOS="1273" WIDTH="62" HEIGHT="20" WC="0.96" CONTENT="värde"/><SP WIDTH="14" VPOS="1273" HPOS="734"/>
							<String ID="string_320" HPOS="748" VPOS="1272" WIDTH="16" HEIGHT="25" WC="0.96" CONTENT="ej"/><SP WIDTH="16" VPOS="1272" HPOS="764"/>
							<String ID="string_321" HPOS="780" VPOS="1278" WIDTH="50" HEIGHT="39" WC="0.0" CONTENT="opp"/>
						</TextLine>
						<TextLine ID="line_43" HPOS="85" VPOS="1299" WIDTH="744" HEIGHT="29">
							<String ID="string_322" HPOS="85" VPOS="1302" WIDTH="35" HEIGHT="26" WC="0.94" CONTENT="går"/><SP WIDTH="17" VPOS="1302" HPOS="120"/>
							<String ID="string_323" HPOS="137" VPOS="1302" WIDTH="26" HEIGHT="19" WC="0.96" CONTENT="till"/><SP WIDTH="12" VPOS="1302" HPOS="163"/>
							<String ID="string_324" HPOS="175" VPOS="1302" WIDTH="38" HEIGHT="19" WC="0.90" CONTENT="100"/><SP WIDTH="14" VPOS="1302" HPOS="213"/>
							<String ID="string_325" HPOS="227" VPOS="1302" WIDTH="64" HEIGHT="24" WC="0.94" CONTENT="mark,"/><SP WIDTH="14" VPOS="1302" HPOS="291"/>
							<String ID="string_326" HPOS="305" VPOS="1301" WIDTH="65" HEIGHT="25" WC="0.93" CONTENT="någon"/><SP WIDTH="15" VPOS="1301" HPOS="370"/>
							<String ID="string_327" HPOS="385" VPOS="1302" WIDTH="94" HEIGHT="24" WC="0.90" CONTENT="tillägges."/><SP WIDTH="22" VPOS="1302" HPOS="479"/>
							<String ID="string_328" HPOS="501" VPOS="1300" WIDTH="74" HEIGHT="20" WC="0.96" CONTENT="Sådant"/><SP WIDTH="13" VPOS="1300" HPOS="575"/>
							<String ID="string_329" HPOS="588" VPOS="1302" WIDTH="118" HEIGHT="17" WC="0.92" CONTENT="testämente"/><SP WIDTH="14" VPOS="1302" HPOS="706"/>
							<String ID="string_330" HPOS="720" VPOS="1299" WIDTH="36" HEIGHT="19" WC="0.96" CONTENT="bör"/><SP WIDTH="12" VPOS="1299" HPOS="756"/>
							<String ID="string_331" HPOS="768" VPOS="1299" WIDTH="61" HEIGHT="24" WC="0.96" CONTENT="dock,"/>
						</TextLine>
						<TextLine ID="line_44" HPOS="86" VPOS="1324" WIDTH="745" HEIGHT="27">
							<String ID="string_332" HPOS="86" VPOS="1330" WIDTH="35" HEIGHT="17" WC="0.95" CONTENT="när"/><SP WIDTH="14" VPOS="1330" HPOS="121"/>
							<String ID="string_333" HPOS="135" VPOS="1328" WIDTH="34" HEIGHT="19" WC="0.96" CONTENT="det"/><SP WIDTH="13" VPOS="1328" HPOS="169"/>
							<String ID="string_334" HPOS="182" VPOS="1327" WIDTH="33" HEIGHT="19" WC="0.96" CONTENT="vid"/><SP WIDTH="14" VPOS="1327" HPOS="215"/>
							<String ID="string_335" HPOS="229" VPOS="1327" WIDTH="84" HEIGHT="20" WC="0.93" CONTENT="domstol"/><SP WIDTH="15" VPOS="1327" HPOS="313"/>
							<String ID="string_336" HPOS="328" VPOS="1327" WIDTH="73" HEIGHT="19" WC="0.92" CONTENT="företes"/><SP WIDTH="14" VPOS="1327" HPOS="401"/>
							<String ID="string_337" HPOS="415" VPOS="1327" WIDTH="26" HEIGHT="19" WC="0.96" CONTENT="till"/><SP WIDTH="14" VPOS="1327" HPOS="441"/>
							<String ID="string_338" HPOS="455" VPOS="1326" WIDTH="115" HEIGHT="25" WC="0.93" CONTENT="bevakning,"/><SP WIDTH="23" VPOS="1326" HPOS="570"/>
							<String ID="string_339" HPOS="593" VPOS="1325" WIDTH="89" HEIGHT="20" WC="0.92" CONTENT="karteras"/><SP WIDTH="21" VPOS="1325" HPOS="682"/>
							<String ID="string_340" HPOS="703" VPOS="1325" WIDTH="85" HEIGHT="19" WC="0.89" CONTENT="likasom"/><SP WIDTH="13" VPOS="1325" HPOS="788"/>
							<String ID="string_341" HPOS="801" VPOS="1324" WIDTH="30" HEIGHT="20" WC="0.92" CONTENT="bi-"/>
						</TextLine>
						<TextLine ID="line_45" HPOS="86" VPOS="1349" WIDTH="742" HEIGHT="30">
							<String ID="string_342" HPOS="86" VPOS="1354" WIDTH="42" HEIGHT="25" WC="0.96" CONTENT="laga"/><SP WIDTH="19" VPOS="1354" HPOS="128"/>
							<String ID="string_343" HPOS="147" VPOS="1353" WIDTH="5" HEIGHT="19" WC="0.96" CONTENT="i"/><SP WIDTH="22" VPOS="1353" HPOS="152"/>
							<String ID="string_344" HPOS="174" VPOS="1354" WIDTH="112" HEIGHT="24" WC="0.92" CONTENT="allmänhet,"/><SP WIDTH="22" VPOS="1354" HPOS="286"/>
							<String ID="string_345" HPOS="308" VPOS="1353" WIDTH="67" HEIGHT="20" WC="0.92" CONTENT="derest"/><SP WIDTH="17" VPOS="1353" HPOS="375"/>
							<String ID="string_346" HPOS="392" VPOS="1353" WIDTH="44" HEIGHT="24" WC="0.88" CONTENT="den,"/><SP WIDTH="15" VPOS="1353" HPOS="436"/>
							<String ID="string_347" HPOS="451" VPOS="1353" WIDTH="31" HEIGHT="18" WC="0.96" CONTENT="för"/><SP WIDTH="13" VPOS="1353" HPOS="482"/>
							<String ID="string_348" HPOS="495" VPOS="1352" WIDTH="79" HEIGHT="19" WC="0.96" CONTENT="hvilken"/><SP WIDTH="15" VPOS="1352" HPOS="574"/>
							<String ID="string_349" HPOS="589" VPOS="1351" WIDTH="134" HEIGHT="25" WC="0.96" CONTENT="bevakningen"/><SP WIDTH="18" VPOS="1351" HPOS="723"/>
							<String ID="string_350" HPOS="741" VPOS="1351" WIDTH="53" HEIGHT="24" WC="0.96" CONTENT="sker,"/><SP WIDTH="16" VPOS="1351" HPOS="794"/>
							<String ID="string_351" HPOS="810" VPOS="1349" WIDTH="18" HEIGHT="26" WC="0.96" CONTENT="ej"/>
						</TextLine>
						<TextLine ID="line_46" HPOS="87" VPOS="1379" WIDTH="457" HEIGHT="25">
							<String ID="string_352" HPOS="87" VPOS="1382" WIDTH="22" HEIGHT="17" WC="0.96" CONTENT="är"/><SP WIDTH="16" VPOS="1382" HPOS="109"/>
							<String ID="string_353" HPOS="125" VPOS="1379" WIDTH="42" HEIGHT="20" WC="0.95" CONTENT="från"/><SP WIDTH="16" VPOS="1379" HPOS="167"/>
							<String ID="string_354" HPOS="183" VPOS="1380" WIDTH="49" HEIGHT="20" WC="0.96" CONTENT="bruk"/><SP WIDTH="15" VPOS="1380" HPOS="232"/>
							<String ID="string_355" HPOS="247" VPOS="1380" WIDTH="20" HEIGHT="19" WC="0.93" CONTENT="af"/><SP WIDTH="13" VPOS="1380" HPOS="267"/>
							<String ID="string_356" HPOS="280" VPOS="1380" WIDTH="168" HEIGHT="24" WC="0.90" CONTENT="stämpel-papper"/><SP WIDTH="15" VPOS="1380" HPOS="448"/>
							<String ID="string_357" HPOS="463" VPOS="1379" WIDTH="81" HEIGHT="20" WC="0.96" CONTENT="befriad."/>
						</TextLine>
					</TextBlock>
					<TextBlock ID="block_8" HPOS="88" VPOS="1403" WIDTH="741" HEIGHT="54">
						<TextLine ID="line_47" HPOS="140" VPOS="1403" WIDTH="689" HEIGHT="27">
							<String ID="string_358" HPOS="140" VPOS="1406" WIDTH="47" HEIGHT="20" WC="0.79" CONTENT="21:0"/><SP WIDTH="24" VPOS="1406" HPOS="187"/>
							<String ID="string_359" HPOS="211" VPOS="1406" WIDTH="40" HEIGHT="20" WC="0.93" CONTENT="Alla"/><SP WIDTH="14" VPOS="1406" HPOS="251"/>
							<String ID="string_360" HPOS="265" VPOS="1405" WIDTH="220" HEIGHT="21" WC="0.89" CONTENT="arfskiftesinstrument"/><SP WIDTH="13" VPOS="1405" HPOS="485"/>
							<String ID="string_361" HPOS="498" VPOS="1406" WIDTH="39" HEIGHT="18" WC="0.95" CONTENT="och"/><SP WIDTH="12" VPOS="1406" HPOS="537"/>
							<String ID="string_362" HPOS="549" VPOS="1405" WIDTH="93" HEIGHT="19" WC="0.93" CONTENT="likaledes"/><SP WIDTH="9" VPOS="1405" HPOS="642"/>
							<String ID="string_363" HPOS="651" VPOS="1403" WIDTH="178" HEIGHT="27" WC="0.93" CONTENT="boupptecknings-"/>
						</TextLine>
						<TextLine ID="line_48" HPOS="88" VPOS="1428" WIDTH="739" HEIGHT="29">
							<String ID="string_364" HPOS="88" VPOS="1433" WIDTH="125" HEIGHT="24" WC="0.96" CONTENT="instrument,"/><SP WIDTH="16" VPOS="1433" HPOS="213"/>
							<String ID="string_365" HPOS="229" VPOS="1432" WIDTH="24" HEIGHT="21" WC="0.89" CONTENT="då"/><SP WIDTH="15" VPOS="1432" HPOS="253"/>
							<String ID="string_366" HPOS="268" VPOS="1433" WIDTH="58" HEIGHT="19" WC="0.93" CONTENT="boets"/><SP WIDTH="17" VPOS="1433" HPOS="326"/>
							<String ID="string_367" HPOS="343" VPOS="1432" WIDTH="89" HEIGHT="20" WC="0.89" CONTENT="behållna"/><SP WIDTH="18" VPOS="1432" HPOS="432"/>
							<String ID="string_368" HPOS="450" VPOS="1437" WIDTH="78" HEIGHT="15" WC="0.96" CONTENT="summa"/><SP WIDTH="17" VPOS="1437" HPOS="528"/>
							<String ID="string_369" HPOS="545" VPOS="1430" WIDTH="18" HEIGHT="26" WC="0.96" CONTENT="ej"/><SP WIDTH="15" VPOS="1430" HPOS="563"/>
							<String ID="string_370" HPOS="578" VPOS="1430" WIDTH="76" HEIGHT="26" WC="0.94" CONTENT="uppgår"/><SP WIDTH="16" VPOS="1430" HPOS="654"/>
							<String ID="string_371" HPOS="670" VPOS="1430" WIDTH="26" HEIGHT="21" WC="0.94" CONTENT="till"/><SP WIDTH="16" VPOS="1430" HPOS="696"/>
							<String ID="string_372" HPOS="712" VPOS="1430" WIDTH="38" HEIGHT="20" WC="0.96" CONTENT="300"/><SP WIDTH="14" VPOS="1430" HPOS="750"/>
							<String ID="string_373" HPOS="764" VPOS="1428" WIDTH="63" HEIGHT="22" WC="0.96" CONTENT="mark."/>
						</TextLine>
					</TextBlock>
				</ComposedBlock>
				<GraphicalElement ID="cblock_2" HPOS="998" VPOS="22" WIDTH="16" HEIGHT="1032"></GraphicalElement >
			</PrintSpace>
		</Page>
	</Layout>
</alto>
