1070 1686
178 135 49 42 1180
392 147 71 23 Nådiga
474 149 141 22 Propositionen
628 147 34 18 N:o
674 148 28 17 38.

178 197 149 25 tillverkningen
340 198 38 18 och
392 195 138 26 försäljningen
545 197 20 18 af
577 197 86 18 nämnde
676 196 114 25 spritdryck
799 195 25 26 på
835 197 39 18 sätt
881 196 41 19 lan-

178 223 46 19 dets
238 223 31 19 väl
283 222 85 20 kräfver.

233 249 38 19 För
285 249 52 20 detta
352 248 100 21 ändamåls
466 249 97 19 vinnande
573 249 37 18 och
620 247 24 20 då
657 249 63 19 Hans
735 247 130 27 Kejserliga
880 249 42 18 Ma-

179 275 76 24 jestät
274 275 53 20 hållit
343 275 41 19 före
401 278 29 16 att
443 275 62 25 någon
520 275 96 23 rubbning
630 275 22 19 af
663 275 38 19 den
716 275 72 24 grund,
804 274 76 26 hvarpå
895 280 25 13 nu

180 301 88 25 gällande
282 301 118 26 lagstiftning
414 302 5 18 i
434 303 65 17 ämnet
516 301 71 24 hvilar,
603 300 18 26 ej
635 301 36 19 bör
684 306 34 20 ega
734 306 43 14 rum
792 304 45 16 utan
852 300 72 20 Landt-

180 328 117 19 ständernas
317 328 123 24 begifvande,
459 330 22 17 är
497 328 34 19 det
547 327 28 19 för
593 328 74 18 landets
684 332 48 20 gagn
750 328 100 24 högeligen
864 327 58 19 önsk-

180 354 58 20 värdt
252 357 28 16 att
293 354 108 20 Ständerna
416 354 45 20 med
475 354 120 25 Regeringen
610 354 108 19 medverka
733 354 25 19 till
773 356 28 16 ett
811 353 112 20 ändamåls-

180 380 58 25 enligt
252 380 113 26 reglerande
378 381 21 19 af
411 381 61 19 denna
488 380 71 26 vigtiga
574 380 239 25 samhällsangelägenhet.

233 407 53 19 Enär
306 407 91 25 förtäring
414 407 21 19 af
450 407 81 19 bränvin
551 412 83 14 numera
654 407 38 18 hos
709 406 83 19 flertalet
809 407 20 19 af
845 406 78 20 landets

180 432 112 26 befolkning
311 433 62 19 blifvit
389 436 29 16 ett
434 434 66 24 behof,
518 434 62 18 hvars
597 432 100 20 afvisande
710 438 71 19 genom
795 432 71 20 förbud
880 436 43 16 mot

180 460 24 18 all
218 459 125 25 tillverkning
360 459 56 20 deraf
428 459 27 19 för
469 460 34 18 det
517 459 121 19 närvarande
652 459 57 19 torde
722 464 47 14 vara
784 458 86 26 omöjligt
884 460 39 18 och

180 486 58 18 äfven
252 486 98 24 framgent
363 491 24 14 en
402 486 67 24 längre
483 486 27 18 tid
525 486 69 18 endast
607 486 63 18 skulle
684 485 99 19 föranleda
798 488 28 16 ett
840 491 82 20 synner-

180 511 50 26 ligen
252 512 86 25 stegradt
355 518 41 19 pris
410 511 11 20 å
436 518 61 13 varan
515 515 52 16 samt
579 512 114 24 derigenom
708 511 73 20 bereda
795 512 129 25 lagöfverträ-

180 538 60 19 daren
256 539 39 18 och.
313 539 89 19 utländsk
421 539 83 18 industri
518 545 25 13 en
557 538 21 19 så
592 538 87 26 betydlig
694 538 51 19 vinst
759 540 34 23 att,
808 539 24 19 all
847 539 75 19 bevak-

180 564 44 25 ning
245 564 88 25 oaktadt,
354 566 61 23 utväg
428 567 91 23 nogsamt
533 564 81 20 komme
627 567 28 17 att
668 564 91 25 påfinnas
773 564 26 20 till
813 565 35 19 det
861 565 61 19 ound-

180 590 85 26 gängliga-
286 591 108 19 behofvets:
411 591 91 25 fyllande,
524 593 51 17 samt
596 590 103 20 dessutom
716 590 113 20 bränvinets
846 592 78 18 använ-

179 617 63 19 dande
256 617 30 19 för
300 617 146 25 vetenskapliga
460 618 39 18 och
512 617 60 19 andra
586 617 73 26 nyttiga
674 616 89 20 ändamål
778 616 87 26 päkallar
874 618 49 19 dess

180 643 83 23 tillvaro,
286 644 36 19 har
338 644 33 19 det
388 644 5 18 i
410 644 60 19 andra
487 644 66 19 länder
571 644 101 25 godkända
686 644 193 26 lagstiftningsmedel
894 646 28 17 att

180 669 80 19 hämma
274 670 213 26 dryckenskapslasten
501 676 70 20 genom
585 670 109 26 begränsad
708 671 37 18 och
760 673 108 23 noggrannt
874 671 50 19 kon-

179 696 93 20 trollerad:
286 696 123 26 tillverkning
422 697 6 19 i
442 698 64 18 större
518 698 38 18 och
565 696 105 26 fätaligare,
682 702 44 14 men
737 697 60 25 högre
807 697 117 20 beskattade

179 722 121 26 brännerier,
318 722 6 19 i
341 723 87 25 förening
445 723 45 19 med
508 729 24 13 en
549 723 113 19 äfvenledes
676 723 101 19 inskränkt
791 722 133 27 försäljnings-

181 748 39 20 rätt
233 751 75 17 ansetts
321 749 47 19 böra
382 750 58 18 äfven
454 750 5 18 i
474 750 79 19 Finland
567 749 105 25 tillämpas,
689 750 38 18 och
737 752 22 16 är
768 750 34 19 det
811 752 27 17 att
844 750 81 19 förutse

180 777 28 17 att
227 774 27 20 de
272 775 118 25 välgörande
410 776 143 25 verkningarne
569 776 21 19 af
605 781 24 13 en
646 776 5 18 i
668 775 62 20 sådan
748 776 83 26 riktning
847 776 77 20 ordnad

179 800 119 27 lagstiftning
313 802 35 18 här
362 802 44 18 icke
421 802 60 20 heller
496 802 55 19 skola
565 802 100 19 uteblifva.

233 828 69 19 Ehuru
321 828 137 25 inskränkning
478 829 21 18 af
516 828 52 19 tiden
586 828 29 19 för
632 828 227 25 bränvinsbränningens
872 829 52 19 utöf-

180 853 66 20 vande
262 859 69 14 ensam
349 855 31 18 för
396 854 29 25 sig
442 855 43 18 icke
500 855 38 18 kan
551 854 98 20 föranleda
663 854 38 19 den
715 855 121 24 nödvändiga
849 855 76 20 minsk-

180 879 44 26 ning
238 880 6 19 i
258 880 197 25 bränvinstillgängen
469 881 38 19 och
521 881 29 19 för
565 881 124 19 tillverkaren
703 881 76 20 medför
793 882 54 24 ringa
857 882 65 19 förde-

180 907 29 18 lar
222 906 5 19 i
242 907 125 19 ekonomiskt
382 907 119 24 hänseende,
517 910 22 16 är
553 907 61 19 Jenna
629 907 146 26 inskränkning,
791 914 44 13 som
848 908 5 19 i
863 907 60 21 fram-

181 932 52 20 tiden
247 933 96 19 måhända
357 933 37 19 kan
408 933 59 20 blifva
482 933 101 26 obehöflig,
599 933 51 20 dock
664 934 76 19 tillfullo
754 934 126 27 rättfärdigad
890 941 33 20 ge-

181 964 46 13 nom
241 959 25 20 de
280 965 62 14 vanor
355 960 39 19 och
409 959 139 25 förhållanden,
565 965 43 14 som
622 960 66 19 hittills
702 961 87 24 gällande
803 962 54 24 lagar
863 962 61 19 fram-

180 984 67 26 kallat,
269 988 51 17 samt
340 985 92 25 erbjuder
449 986 103 19 dessutom
566 986 37 19 den
618 986 74 19 förmån
707 989 27 16 att
748 987 5 18 i
769 987 106 20 allmänhet
888 993 34 14 un-

180 1011 82 20 derlätta
277 1012 109 19 kontrollen
403 1013 38 18 och
455 1015 27 16 att
496 1012 5 19 i
518 1012 109 25 väsendtlig
641 1011 45 20 män
700 1013 76 19 minska
791 1013 132 21 kostnaderna

180 1037 30 19 för
223 1038 123 20 densamma.

234 1065 33 18 Ett
288 1065 102 19 verksamt
404 1065 65 20 medel
483 1067 27 17 att
525 1065 161 26 ändamålsenligt
700 1067 76 24 reglera
791 1067 133 20 bränvinstill-

182 1090 120 25 verkningen
316 1090 51 20 både
381 1091 5 19 i
400 1091 94 20 afseende
508 1091 9 19 5
534 1092 92 24 beloppet
640 1092 37 19 och
692 1092 47 19 dess
754 1098 109 19 noggranna
876 1093 49 19 kon-

181 1116 106 25 trollering,
303 1116 24 26 pä
342 1123 76 13 samma
432 1117 51 25 gång
498 1118 126 18 tillverkaren
638 1119 75 18 lemnas
723 1119 89 24 tillbörlig
821 1119 59 19 frihet
889 1119 35 19 vid

180 1142 111 26 utöfningen
308 1144 20 18 af
344 1143 35 19 sitt
395 1144 56 25 yrke,
470 1145 22 18 är
508 1146 28 17 att
553 1144 95 20 fastställa
665 1144 29 19 för
709 1144 68 25 hvarje
791 1145 90 19 bränneri
896 1148 29 17 ett

179 1168 71 25 dagligt
270 1169 212 26 tillverkningsbelopp,
506 1176 43 13 som
567 1171 4 18 i
590 1170 61 25 någon
668 1171 88 25 betydlig
772 1172 47 25 grad
833 1172 90 19 hvarken

179 1193 31 20 får
230 1195 66 19 Ofver-
316 1196 47 19 eller
381 1196 148 19 underskridas.
559 1196 66 19 Andra
643 1197 79 19 länders
739 1198 91 25 exempel
844 1198 81 20 bevisar

180 1220 113 25 tillräckligt
309 1224 67 22 nyttan
390 1222 20 18 af
423 1222 62 19 denna
499 1223 146 24 inskränknivg.
675 1224 37 18 Det
725 1224 71 18 blifver
811 1224 113 24 derigenom

180 1246 78 25 onödigt
276 1249 28 16 att
317 1247 117 19 föreskrifva
448 1247 123 25 redskapens
585 1248 74 19 storlek
674 1248 37 19 och
726 1249 137 19 beskaffenhet
876 1249 5 19 i
896 1250 28 19 öf-

178 1271 47 25 rigt;
242 1272 124 19 tillverkaren
380 1272 30 19 får
425 1273 126 24 tillgodogöra
565 1273 25 19 de
605 1274 139 25 förbättringar
760 1275 112 25 uppfinning
885 1277 38 18 och

179 1298 112 25 vetenskap
304 1297 88 26 erbjuda,
406 1297 62 26 jemte
481 1299 33 20 det
529 1300 37 19 han
581 1299 104 20 återhålles
700 1300 42 19 från
756 1307 24 13 en
790 1301 131 20 öfverdrifven

178 1324 133 25 spekulation;
327 1325 133 20 Kontrollören
475 1325 42 20 åter
531 1331 46 20 eger
591 1326 6 19 i
610 1326 34 19 det
658 1327 80 26 dagliga,
755 1327 73 26 engång
842 1328 29 19 för
886 1329 35 20 alla

178 1349 108 22 fastställda
300 1351 107 20 maximum
422 1357 24 14 en
459 1352 77 25 ledning
551 1353 28 18 för
590 1353 151 20 bedömmandet
749 1355 20 18 af
777 1355 147 25 tillverknings-

178 1376 100 27 beloppet,
301 1378 60 19 hvars
381 1383 111 20 noggranna
514 1379 106 20 utrönande
642 1380 57 19 äfven
717 1381 5 18 i
737 1381 38 25 hög
789 1381 47 25 grad
850 1381 71 20 under-

177 1403 65 24 lättas,
266 1409 33 14 om
313 1404 5 19 i
333 1404 111 20 bränneriet
458 1405 44 19 icke
515 1405 48 20 flere
577 1406 24 18 än
615 1411 24 13 en
653 1406 87 26 redskap
754 1407 71 19 blifver
839 1407 81 21 tillåten.

232 1430 39 19 Det
286 1430 128 26 osvikligaste
431 1431 72 20 medlet
517 1434 27 17 att
559 1432 77 20 hämma
651 1432 197 27 bränvins-åtgången
863 1434 60 26 ligger
