1017 1686
306 144 71 23 Nådiga
388 145 140 23 Proposttionen
540 146 36 17 N:o
588 145 28 18 38.
789 144 44 20 1175

92 193 101 26 egenskap
207 194 20 19 af
240 193 118 26 tjenstehjon
372 195 47 20 eller
433 194 57 25 eljest
504 195 62 20 vistas
580 195 5 19 i
600 200 73 14 annans
689 195 39 19 hus
745 194 48 20 eller
807 194 25 27 på

90 221 48 20 dess
155 227 47 19 egor
219 221 39 19 och
275 221 41 20 står
332 221 62 19 under
410 221 48 20 dess
474 221 117 26 myndighet
608 221 38 20 och
663 221 170 26 husbondevälde,

92 248 37 18 och
143 247 82 19 utredes
241 247 34 20 det
291 250 28 17 att
335 247 132 26 förbrytelsen
484 248 53 19 skett
553 248 30 18 för
600 247 127 20 husbondens
744 247 89 25 räkning,
857 271 3 2 -

90 272 25 26 på
129 273 50 19 hans
192 273 102 25 befallning
308 274 47 18 eller
369 273 46 19 med
429 274 48 19 hans
491 273 127 26 begifvande,
634 273 46 19 eller
695 276 28 16 att
736 274 39 18 han
789 273 45 20 der-

91 298 25 20 till
131 298 77 26 utgifvit
221 299 82 19 bränvin
317 298 47 20 eller
383 299 52 22 kärl,
459 305 47 14 vare
527 299 103 19 husbonde
650 299 30 19 för
701 300 131 25 förbrytelsen

90 324 99 25 ansvarig,
205 326 38 18 och
257 325 105 19 ankomme
376 324 24 26 på
415 325 105 21 domarens
534 325 89 25 pröfning
637 330 33 14 om
687 326 48 24 den,
751 325 21 20 af
785 326 48 19 hvil-

90 350 37 20 ken
141 351 132 28 förbrytelsen
285 351 111 24 utöfvades,
412 351 71 21 kunnat
497 352 48 20 eller
558 352 59 20 bordt
631 352 59 25 vägra
705 354 28 17 att
745 352 88 20 husbon-

90 377 48 19 dens
153 377 45 25 vilja
213 378 41 19 deri
268 378 136 24 efterkomma,
421 378 5 19 i
441 378 74 20 hvilket
529 378 30 20 fall
569 378 58 20 äfven
635 378 46 25 den,
692 384 45 14 som
751 377 81 21 sålunda

90 404 52 24 felat,
158 403 36 20 bör
207 404 47 20 med
267 404 59 20 straff
337 404 99 31 beläggas.
464 405 42 20 Kan
520 405 34 20 det
563 404 17 25 ej
590 404 79 26 styrkas
679 407 28 17 att
717 404 116 20 husbonden

90 430 92 20 anbefallt
197 431 142 26 förbrytelsens
358 431 102 25 begående
480 432 46 19 eller
546 431 121 21 annorlunda
689 430 78 26 främjat
786 430 46 26 den,

90 462 84 14 ansvare
187 457 38 20 den
239 458 102 25 brottslige
355 462 68 15 ensam
437 457 29 20 för
480 458 162 24 öfverträdelsen,
657 458 69 19 derest
740 456 17 26 ej
768 463 65 15 annan

90 483 73 19 honom
176 484 70 20 dervid
259 484 74 20 biträdt
345 484 39 19 och
397 484 30 20 för
440 484 62 20 sådan
515 484 121 26 delaktighet
648 484 73 26 jemväl
735 483 52 27 gjort
803 484 31 24 sig

90 509 27 20 till
133 515 72 15 ansvar
219 510 94 20 förfallen.

433 563 11 26 $
458 564 32 19 58.

143 601 8 19 I
168 601 37 19 alla
223 601 25 19 de
266 600 42 25 fall,
327 600 24 20 då
369 601 37 20 åtal
423 602 58 25 göres
498 601 29 20 för
541 600 63 27 oloflig
619 599 213 28 bränvinsförsäljning,

91 627 38 19 kan
143 627 94 25 köparen,
253 629 46 17 utan
314 627 68 20 hinder
396 628 20 19 af
429 627 62 20 denna
509 628 29 19 sin
555 628 108 25 egenskap,
682 627 21 20 så
721 628 60 19 framt
797 627 39 20 han

90 653 30 20 för
133 653 59 25 öfrigt
207 653 62 20 finnes
283 652 73 27 ojäfvig
370 655 38 18 och
423 653 84 21 särskild
516 654 100 25 angifvare
625 654 99 25 uppträdt,
737 653 98 26 åberopas

91 679 25 20 till
131 680 62 19 vittne
208 681 38 18 och
261 679 67 20 såsom
343 679 60 21 sådan
418 680 76 26 edligen
509 681 66 20 höras.

432 733 10 26 $
458 734 30 19 59.

144 771 100 25 Rättighet
258 773 29 17 att
301 771 104 20 verkställa
424 771 66 26 beslag
505 771 108 20 tillkomme
629 771 25 20 de
671 771 6 19 i
694 771 10 25 $
722 772 23 19 61
765 772 72 19 omför-

90 798 64 19 mälda
169 799 95 18 allmänna
279 797 97 26 åklagare,
392 797 24 26 på
432 799 39 18 sätt
485 799 37 19 och
536 799 5 18 i
556 798 37 20 den
608 798 81 25 ordning
703 798 6 25 $
725 798 24 19 58
759 798 30 19 uti
798 798 39 19 för-

90 824 109 26 ordningen
213 825 21 18 af
246 824 38 20 den

143 850 101 26 angående
259 850 89 20 vilkoren
363 850 29 19 för
408 850 216 25 bränvinstillverkning
642 851 5 19 i
665 850 93 20 afseende
775 849 11 21 å
803 850 30 20 så-

90 876 38 21 dan
143 876 114 26 förrättning
271 880 93 17 närmare
377 876 130 20 bestämmer.

434 929 10 25 $
458 930 32 20 60.

145 968 42 20 Alla
205 968 5 19 i
228 968 63 20 denna
308 967 112 27 förordning
438 968 93 26 stadgade
545 968 57 19 böter
616 967 55 20 skola
686 967 67 26 gäldas
767 967 21 19 af
799 967 39 20 den

92 994 118 26 pliktfälldes
225 994 96 26 egendom
335 994 5 19 i
354 994 38 20 löst
406 995 38 18 och
458 995 48 24 fast,
522 994 22 20 så
558 994 54 25 långt
624 993 79 27 tillgång
713 994 64 20 finnes
787 996 52 17 samt

92 1020 122 26 förvandling
227 1026 36 21 ega
278 1027 43 13 rum
337 1020 69 20 endast
415 1021 31 19 för
455 1021 42 23 det,
510 1026 43 14 som
563 1020 69 20 dervid
643 1020 44 20 icke
697 1021 37 19 kan
749 1019 60 21 utfås.

147 1046 28 21 Då
200 1046 180 26 föräsljningsafgift
400 1046 62 26 jemte
482 1048 56 20 böter
562 1047 60 25 enligt
639 1046 67 21 denna
727 1046 112 26 förordning

92 1073 83 21 ådömda
189 1074 72 24 blifvit,
278 1074 38 24 må,
332 1074 35 20 der
381 1072 64 26 tillgång
472 1074 25 20 till
512 1074 79 25 afgiften
605 1074 47 19 eller
665 1073 64 27 någon
739 1074 31 19 del
783 1072 58 22 deraf

92 1101 83 23 saknas,
194 1101 81 19 böterne
293 1100 18 25 ej
330 1100 64 20 kunna
412 1080 46 40 ned
474 1100 107 25 penningar
596 1099 73 26 gäldas.
699 1100 60 20 Skola
772 1100 65 24 böter,

92 1132 44 14 som
151 1126 50 20 olika
216 1126 119 25 förvandlas,
351 1125 24 26 på
390 1131 24 14 en
428 1126 49 26 gång
490 1129 85 22 uttagas,
590 1126 63 25 gånge
671 1126 26 19 de
713 1127 56 19 böter
789 1126 50 19 först

92 1155 29 23 ut,
141 1158 42 15 som
201 1153 26 20 till
245 1153 66 20 enkelt
328 1153 96 24 fängelse,
440 1153 38 20 och
496 1153 80 20 dernäst
592 1152 35 26 de,
647 1158 43 14 som
704 1153 27 19 till
749 1152 90 25 fängelse

93 1179 33 20 vid
141 1181 67 18 vatten
223 1180 39 19 och
276 1179 49 20 bröd
339 1179 119 20 förvandlas.

433 1232 10 25 S
457 1232 33 20 61.

145 1267 26 19 Af
183 1267 63 24 böter,
263 1265 21 20 så
299 1266 38 20 ock
352 1266 20 20 af
384 1265 185 27 försäljningsafgift,
585 1271 45 15 som
643 1265 60 26 enligt
716 1265 66 26 denna
796 1266 39 19 för-

92 1293 82 20 ordning
187 1293 110 24 ådömmas,
313 1293 103 20 äfvensom
430 1293 61 19 värde
505 1293 20 19 af
537 1293 89 24 bränvin,
643 1298 44 14 som
696 1292 97 19 förbrutet
803 1297 33 15 an-

92 1324 41 20 ses,
148 1308 75 31 tillfalle
236 1324 25 14 en
275 1318 95 25 tredjedel
385 1320 75 17 enhvar
473 1319 21 18 af
503 1319 120 24 angifvaren,
638 1318 103 25 åklagaren
751 1317 38 20 och
798 1317 38 20 den

92 1345 123 26 församlings
229 1344 120 26 fattigkassa,
365 1344 36 19 der
414 1344 38 19 den
464 1343 76 21 åtalade
549 1344 131 26 förbrytelsen
690 1346 24 17 är
722 1343 110 26 begängen.

434 1396 10 26 $
458 1397 32 19 62.

146 1434 64 23 Böter,
227 1438 44 14 som
285 1432 60 26 enligt
358 1432 64 20 denna
436 1431 110 27 förordning
559 1431 111 25 ädömmas,
686 1430 63 25 skola,
766 1430 25 21 då
805 1432 27 20 till
