998 1689
186 145 45 20 1236
402 145 71 22 Nådiga
486 147 140 22 Propositionen
640 146 36 17 N:o
688 147 28 16 38.

187 194 61 20 måtto
263 194 109 26 uppgjorda
386 195 128 25 beräkningar
528 194 65 20 måste
607 198 79 22 antagas
695 194 117 20 åtminstone
822 197 68 17 närma
900 195 30 25 sig

171 223 4 2 *
186 221 33 19 det
233 221 87 26 verkliga
335 221 129 20 förhållandet
478 222 37 19 och
530 226 24 15 en
568 223 53 18 ännu
635 222 64 18 större
713 220 107 25 förhöjning
834 221 21 19 af
866 222 64 19 maxi-

188 247 122 26 mibeloppet
323 247 63 20 skulle
400 247 62 20 verka
476 247 24 26 på
515 248 25 19 de
554 248 52 19 förut
619 247 82 26 anlagde
718 247 150 20 brännerisrnas
882 249 46 18 rätt.

239 274 195 20 Utskottssektionen
452 275 36 19 har
502 275 39 24 lagt
557 274 129 25 ofvansagde,
705 273 24 26 pä
746 275 102 24 principen
866 275 20 18 af
902 277 28 16 ett

186 301 164 25 maximibelopps
364 301 119 25 behöflighet
496 300 76 25 stödda,
588 301 72 24 förslag
675 301 26 19 till
719 301 62 25 grund
798 301 30 18 för
845 301 34 18 sitt
896 301 32 19 be-

186 327 97 20 tänkande
298 328 38 19 och
350 327 29 20 får
393 327 26 20 till
434 327 120 20 Ständernas
568 327 107 26 antagande
691 327 146 20 vördsammast
851 327 79 20 förorda

187 354 149 20 nedannämnde
351 354 119 25 stadganden
484 353 122 20 beträffande
619 353 93 26 rättighet
727 353 26 20 till
771 353 123 26 tillverkning
911 354 21 19 af

186 380 89 25 bränvin,
298 381 103 18 äfvensom
419 380 102 25 angående
538 380 149 26 beskattningen
708 381 38 18 och
766 380 37 19 den
824 380 107 26 inflytande

187 407 90 19 skattens
291 407 135 20 användande.
455 407 7 19 1
477 407 130 19 betraktande
620 407 57 19 deraf
689 409 34 22 att,
739 407 57 24 enligt
808 406 67 20 hittills
891 407 40 24 gäl-

186 433 57 20 lande
263 433 144 25 författningar,
426 439 23 14 en
467 434 50 19 hvar
537 434 26 19 till
584 433 219 25 bränvinstillverkning
822 433 109 25 berättigad

187 460 58 19 äfven
260 462 32 23 ägt
306 459 78 26 försälja
398 465 69 20 varan,
483 465 61 20 synes
558 459 51 20 dock
619 459 119 20 Ständernas
749 459 139 26 pröfningsrätt
896 459 35 20 bö-

187 492 22 13 ra
224 487 79 19 sträcka
317 486 30 25 sig
361 487 57 18 äfven
432 486 26 20 till
473 489 28 16 att
515 487 110 18 bestämma
642 485 99 26 omfånget
754 486 20 19 af
789 485 25 20 de
831 485 100 20 blifvande

187 513 242 19 bränvinstillverkarenes
438 513 168 25 försäljningsrätt,
618 512 84 20 likasom
716 513 37 18 ock
769 512 24 19 till
804 512 25 19 de
839 512 92 19 medbor-

187 544 82 19 garenes
286 540 39 19 rätt
341 539 38 19 och
397 539 76 19 välfärd
490 538 25 26 på
532 539 34 19 det
582 540 100 18 närmaste
701 539 83 19 rörande
798 543 84 14 ansvars
896 539 36 19 be-

187 565 119 26 stämningar
319 565 30 20 för
361 565 39 20 den
415 565 110 25 föreslagne
539 565 146 25 författningens
699 564 157 23 öfverträdande;
872 565 60 19 hvar-

187 594 54 17 emot
255 591 112 25 sektionen,
384 592 5 18 i
403 591 86 25 enlighet
504 591 47 20 med
568 591 51 20 hvad
636 591 38 20 den
690 591 76 25 Nådiga
784 591 147 25 propositionen

188 617 69 20 derom
271 617 114 32 innehåller,
401 623 58 14 anser
473 618 31 25 sig
519 619 47 19 böra
580 617 145 20 vördsammast
739 617 77 24 föreslå,
833 620 27 16 att
875 618 56 19 Stän-

187 644 71 20 dernas
272 643 99 21 utlåtande
385 644 94 19 aflemnas
494 644 82 31 rörande
591 645 89 24 samtliga
694 643 173 26 reglementariska
878 643 55 20 stad-

187 670 83 25 ganden,
286 670 77 20 hvilkas
369 670 133 31 utfärdande,
517 669 25 26 på
556 672 40 17 sätt
609 659 59 30 äfven
681 659 46 31 vid
732 671 52 19 1800
801 669 39 34 års
852 670 81 25 riksdag

188 697 92 24 förfarits,
296 696 57 20 torde
367 695 20 20 åt
401 697 102 25 Styrelsen
517 697 139 19 öfverlemnas.

241 723 29 20 Då
276 713 113 30 sektionen
402 729 27 13 nu
443 723 91 25 öfvergår
548 723 26 20 till
588 723 122 25 granskning
724 723 21 19 af
757 723 90 24 förslaget
861 723 5 18 i
883 723 49 19 dess

188 749 88 25 detaljer,
292 749 37 20 bör
343 749 108 25 sektionen,
468 749 52 20 hvad
536 749 126 20 vidkommer
675 749 105 26 förslagets
794 750 52 19 4:sta
862 749 69 20 artikel

189 781 45 14 «om
252 777 92 25 rättighet
360 778 28 17 att
404 765 89 30 tillverka
512 775 82 20 bränvin
611 776 37 19 och
666 775 54 20 skatt
737 781 44 14 som
800 775 66 20 derför
884 775 47 20 skall

188 803 108 45 erlägga8».
312 802 103 19 vördsamt
429 803 83 23 anmäla,
528 805 28 16 att
570 802 58 25 enligt
642 802 114 19 sektionens
770 802 124 25 uppfattning
911 801 22 26 $$

189 829 51 20 1—8
254 831 52 17 samt
321 829 78 19 17—19
413 818 99 31 innehålla
524 828 73 20 sådana
608 817 134 36 stadganden,
762 834 43 14 som
823 828 109 20 tillkomma

188 855 120 20 Ständernas
321 855 95 25 pröfning,
433 855 105 20 hvaremot
552 855 93 20 artikelns
660 855 59 25 öfriga
734 855 21 25 $$
772 857 34 17 äro
823 857 28 17 att
865 855 68 19 hänfö-

188 887 32 14 ras
234 882 26 19 till
275 881 25 20 de
314 881 25 26 på
354 881 103 26 Styrelsen
475 887 69 14 ensam
561 881 141 20 ankommande
720 881 122 20 föreskrifter
859 881 74 20 beträf-

188 907 57 20 fande
258 907 147 26 tillämpningen
419 907 20 20 af
451 908 149 25 författningens
614 908 130 25 grundsatser
758 908 6 19 i
777 910 73 23 ämnet,
866 909 67 18 röran-

187 934 26 19 de
226 934 66 19 hvilka
307 934 68 20 endast
389 934 119 19 Ständernas
523 935 90 25 yttrande
628 935 62 19 borde
704 934 102 20 aflemnas.

240 961 66 19 Jemte
319 961 34 19 det
367 960 195 20 Utskottssektionen
576 961 64 19 funnit
654 960 44 24 den,
715 961 59 25 enligt
788 960 145 25 Förordningen

188 986 38 21 den
240 987 26 20 15
280 987 45 19 Juni
340 987 59 24 1800,
413 986 185 26 jordlägenheterna
613 990 51 16 samt
679 993 24 13 en
717 987 30 20 del
758 987 66 20 städer
835 987 99 20 tillerkän-

188 1013 24 20 da
226 1013 93 25 rättighet
333 1015 28 17 att
374 1013 90 19 tillverka
479 1014 38 19 och
531 1013 78 25 försälja
626 1013 82 20 bränvin
722 1013 46 20 böra
782 1014 29 19 för
827 1013 106 22 framtiden

188 1041 96 23 upphöra,
300 1039 60 19 tillika
374 1039 46 19 med
434 1040 37 18 den
485 1040 67 19 derför
563 1040 63 19 under
636 1045 58 14 namn
704 1040 21 20 af
734 1040 200 19 «bränvinsarrende-

189 1066 65 25 afgift»
270 1065 97 20 härintills
381 1064 91 26 utgjorde
487 1066 59 25 skatt,
562 1066 35 19 har
607 1066 108 25 sektionen,
727 1066 46 20 med
782 1066 92 20 afseende
885 1065 49 20 derå

187 1094 29 17 att
228 1092 34 20 det
276 1092 98 25 ansenliga
389 1092 77 29 kapital,
483 1097 43 14 som
540 1092 100 20 erfordras
655 1092 29 19 för
696 1092 110 20 inrättande
816 1093 20 19 af
844 1094 28 18 ett
883 1093 52 18 stör-

186 1124 23 13 re
222 1118 98 25 bränneri,
336 1118 42 25 föga
392 1118 52 19 inom
459 1118 44 26 fem
514 1118 21 20 år
550 1118 57 20 torde
620 1118 66 20 kunna
700 1121 120 20 amorteras,
841 1121 48 17 trott
903 1118 31 26 sig

187 1145 58 19 hafva
260 1145 42 19 skäl
316 1134 29 30 att
355 1133 91 36 Törorda,
462 1142 41 22 det
510 1144 54 20 tiden
578 1145 30 19 för
624 1144 38 20 den
680 1150 38 20 nya
734 1145 148 25 författningens
899 1145 36 25 gil-

186 1170 64 25 tighet
264 1171 66 19 blefve
344 1170 92 20 bestämd
443 1161 33 29 "till
492 1172 27 18 tio
534 1170 30 20 år.

239 1196 124 20 Beträffande
379 1197 173 19 bränvinsskatten
570 1198 37 18 har
627 1197 38 19 den
686 1196 52 27 åsigt
759 1197 52 19 inom
832 1197 103 19 sektionen

185 1222 51 25 gjort
250 1224 29 24 sig
293 1223 94 25 gällande,
403 1226 28 16 att
446 1223 92 24 rättighet
552 1224 28 18 till
595 1208 219 43 bränvinstillverkning
828 1224 46 18 icke
886 1224 49 18 bor-

185 1248 26 20 de
224 1238 92 30 innefatta
330 1249 94 25 rättighet
437 1248 26 20 till
478 1248 176 31 minutförsäljning
670 1250 38 18 och
721 1251 28 17 att
762 1248 18 26 ej
794 1249 60 19 heller
868 1248 66 25 någon

186 1274 84 20 särskild
284 1274 55 25 afgift
359 1275 30 19 för
398 1270 146 40 försäljningen
556 1275 62 19 borde
632 1276 35 23 äga
681 1280 51 19 rum,
749 1274 25 26 -på
789 1275 33 19 det
836 1277 29 17 att
875 1274 17 25 ej
904 1277 29 17 ett

186 1301 60 31 slags
253 1286 173 44 förpaktningsrätt
439 1300 61 26 derpå
514 1300 62 20 måtte
593 1301 95 26 grundas,
707 1301 81 19 hvilken
804 1301 46 19 icke
867 1301 68 20 kunde

185 1326 64 27 undgå
263 1330 28 17 att
306 1328 20 18 af
339 1327 60 20 folket
412 1328 100 25 uppfattas
526 1327 68 21 såsom
608 1328 69 20 afsedd
691 1330 29 18 att
732 1328 37 20 öka
779 1328 152 20 konsumtionen

185 1355 38 18 och
226 1343 93 30 sålunda
334 1355 63 19 lemna
411 1354 33 20 det
458 1353 101 21 financiela
572 1354 94 20 intresset
679 1354 100 20 företräde
794 1354 80 20 framför
883 1354 46 20 sed-

184 1380 103 27 lighetens.
316 1380 58 20 Hvad
388 1380 61 20 sedan
463 1380 91 26 beloppet
572 1381 20 19 af
608 1381 213 25 tillverkningsskatten
839 1381 94 20 vidkom-

184 1412 52 20 mer,
255 1406 57 30 torde
329 1407 38 19 den
384 1407 5 19 i
407 1410 147 28 grannstaterna
568 1407 73 20 införda
656 1392 100 45 enahanda
772 1407 125 26 beskattning
911 1407 16 25 ej

185 1423 64 31 kunna
266 1433 5 19 i
289 1433 95 25 väsentlig
401 1432 44 20 mån
463 1434 144 23 öfverskridas,
627 1434 82 20 emedan
726 1433 56 25 eljest
800 1434 129 25 lurendrejeri
