995 1686
175 143 50 34 1282
386 148 71 22 Nådiga
469 149 139 22 Propositionen
621 148 36 17 N:o
669 148 28 18 38.

174 198 51 19 dock
246 197 6 20 i
268 197 65 20 landet
349 201 29 16 ett
395 198 49 19 antal
463 198 21 19 af
495 197 75 20 inemot
583 198 74 24 20,000
672 197 43 20 små
729 197 120 26 brännerier,
865 197 50 21 hvil-

175 224 35 19 kas
227 224 126 19 innehafvare
370 225 5 18 i
389 225 106 18 allmänhet
508 224 67 25 sökte,
591 223 22 20 så
629 224 42 19 vidt
685 219 71 40 möjligt
763 239 3 8 ,
783 225 79 18 hemma
877 225 38 18 för-

174 253 52 24 yttra
243 251 38 19 den
298 250 115 20 tillverkade
431 256 70 19 varan,
520 250 127 25 hvarigenom
663 249 38 21 lika
715 255 70 20 många
799 249 116 26 lönnkrogar

174 277 106 25 uppstodo.
309 276 29 20 Då
358 277 24 19 all
404 277 51 25 slags
475 277 108 25 osedlighet
604 277 38 19 och
662 277 82 19 dermed
764 275 85 26 följande
863 277 53 19 brott

176 302 64 20 måste
254 303 47 19 ökas
312 309 70 19 genom
395 303 37 20 den
442 302 80 20 sålunda
532 303 191 25 öfverhandtagande
736 302 178 25 bränvinsproduk-

175 330 75 24 tionen,
267 330 35 18 har
316 329 159 25 tillverkningens
490 328 187 26 ändamålsenligare
691 329 98 19 ordnande
804 328 72 25 utgjort
888 329 28 19 fö-

175 355 60 21 remäl
250 356 30 19 för
293 356 114 25 Styrelsens
422 355 93 26 oaflåtliga
526 361 101 19 omsorger
636 356 63 19 under
708 355 127 20 sistförflutne
845 354 69 20 ärtion-

174 382 45 20 den.
248 382 65 20 Sedan
329 382 72 20 förbud
417 382 37 20 den
472 383 25 19 18
511 382 51 20 Mars
576 382 51 20 1829
641 382 87 26 stadgats
742 384 53 17 emot
809 382 104 26 pistorisk,

174 410 65 18 större
259 408 117 26 produktion
397 408 139 24 befordrande,
554 408 85 26 redskap
653 410 38 18 och
706 408 156 26 bränningstiden
876 408 38 20 den

175 436 12 18 6
201 434 36 26 Maj
252 440 75 15 samma
341 434 22 20 är
376 435 114 20 inskränkts
502 435 29 20 för
540 435 104 19 framtiden
653 436 27 19 till
690 438 30 16 tre
730 434 94 21 mänader
833 435 20 20 af
860 434 52 25 äret,

175 462 105 20 äfvensom
296 462 76 19 formen
389 462 30 19 för
434 461 73 20 tillätna
521 462 168 25 bränvinspannor
706 461 37 21 den
758 462 25 19 20
797 462 52 19 Mars
864 462 52 20 1838

176 490 90 18 närmare
280 488 141 25 föreskrifvits,
438 488 87 20 infördes
535 489 25 19 till
571 488 116 20 minskande
697 488 19 20 af
725 488 149 20 bränneriernas
883 494 34 14 an-

176 516 25 19 tal
214 520 71 21 genom
299 515 147 26 förordningen,
461 515 37 20 den
508 516 25 19 16
542 516 37 19 Juli
591 515 48 20 1841
652 521 23 14 en
686 514 60 21 sådan
756 515 119 26 förändring,
888 517 28 18 att

176 541 25 20 de
221 542 26 19 till
267 541 218 25 bränvinstillverkning
505 542 121 25 berättigade
646 542 66 19 kunde
732 541 73 25 åtnjuta
824 541 93 20 befrielse

176 568 44 20 från
237 568 93 20 bränvins
344 568 172 26 arrendeafgiften,
525 570 61 24 emot
599 568 96 25 afsägelse
708 568 21 19 af
741 568 176 25 tillverkningsrät-

176 598 40 16 ten.
245 595 42 19 Den
302 594 80 20 sålunda
399 594 79 26 afsagde
493 594 115 26 rättigheten
623 594 63 20 skulle
701 593 90 27 utbjudas
805 594 11 20 å
831 594 85 26 offentlig

176 620 80 20 auktion
272 620 20 20 åt
305 621 38 19 den
357 620 163 26 mestbetalande,
536 621 89 23 hvilken,
641 620 5 19 i
660 621 93 19 händelse
767 622 38 18 han
819 620 98 20 innehade

177 652 54 15 mera
244 648 24 18 än
283 648 39 18 fem
338 648 83 18 mantals
435 647 204 25 bränningsrättighet,
655 647 49 25 egde
718 648 41 18 fritt
773 646 49 26 välja
835 646 82 21 redska-

177 679 38 20 pen
231 674 31 18 för
278 674 34 19 silt
326 674 98 24 bränneri,
440 674 49 20 blott
502 673 126 20 densammas
643 672 213 28 afverkningsförmåga
870 673 46 20 icke

177 700 116 20 öfverskred
307 700 37 20 den
358 700 30 19 för
402 700 48 20 hans
464 700 143 20 innehafvande
621 700 70 20 mantal
707 700 49 20 efter
769 702 31 17 tre
811 699 105 21 månaders

178 726 46 27 årlig
241 726 133 26 bränningstid
390 726 113 21 beräknade
519 726 154 26 produktionen;
692 728 38 18 och
746 727 38 19 den
799 727 24 19 15
837 726 78 20 Januari

178 754 51 20 4849
246 753 113 20 utfärdades
375 754 113 25 ytterligare
504 758 25 14 en
546 754 76 25 utförlig
638 753 110 26 författning
765 758 32 14 om
811 753 105 19 bränvins-

177 779 124 26 tillverkning
320 780 39 19 och
375 778 119 27 försäljning.
523 780 75 19 Genom
616 780 153 24 kungörelserna
785 779 39 20 den
842 780 9 19 7
867 780 50 25 Sep-

178 807 77 19 tember
270 806 50 20 1853
339 809 52 16 samt
404 806 37 19 den
457 807 24 19 10
495 806 78 20 Januari
590 806 37 20 och
642 806 37 19 den
694 806 23 20 13
732 806 118 26 September
864 807 52 19 1854

178 832 126 20 inskränktes
324 832 157 25 bränningstiden
502 832 89 24 sålunda,
614 835 28 17 att
657 832 26 19 de
700 834 63 18 större
777 833 139 19 brännerierna

178 859 62 20 höllos
260 859 6 18 i
284 859 136 23 verksamhet,
438 858 22 19 är
478 859 49 20 1853
545 858 62 20 under
623 858 33 19 tvä
670 858 94 20 mänader
777 859 38 19 och
829 858 22 19 är
865 859 52 19 1854

178 885 69 20 endast
266 884 64 20 under
350 891 25 13 en
391 884 79 25 månad,
489 885 102 19 äfvensom
605 884 269 26 husbehofsbränningstiden
888 885 30 19 för

178 911 129 20 nästnämnde
323 911 22 19 är
361 911 114 19 minskades
492 911 26 20 till
535 917 36 13 sex
585 911 80 25 veckor,
682 911 103 20 hvaremot
797 911 120 20 tillverknin-

178 943 37 20 gen
235 937 11 20 ä
267 937 35 20 alla
322 937 113 20 brännerier
454 936 22 20 är
494 938 50 19 1855
561 943 36 14 var
610 937 102 20 inskränkt
725 938 26 19 till
766 937 33 20 tvä
813 937 102 20 mänader.

178 964 67 19 Denna
259 963 162 25 tilsbestämning
435 963 118 20 fastställdes
564 966 28 17 att
604 964 39 19 tills
657 963 65 20 vidare
731 964 48 25 gälla
788 969 72 20 genom
869 963 49 20 kun-

178 990 90 25 görelsen
282 989 39 20 den
336 990 25 19 30
376 989 81 26 Augusti
472 990 57 24 1855,
545 989 62 20 under
622 990 79 19 hvilken
714 990 37 25 dag
763 989 73 26 jemväl
852 995 25 14 en
891 996 27 20 ny

178 1016 110 26 förordning
307 1015 100 26 angäende
427 1016 108 20 kontrollen
556 1017 56 18 öfver
632 1016 243 25 bränvinstillverkningen
887 1022 28 14 m.

179 1049 26 13 m.
221 1042 120 21 utfärdades.
370 1043 52 19 Enär
436 1042 57 20 likväl
508 1043 37 20 den
559 1048 71 20 genom
643 1043 49 20 1841
703 1042 33 20 års
746 1043 172 25 ofvanäberopade

178 1069 109 26 författning
307 1069 64 19 delvis
391 1069 74 19 införde
481 1069 160 26 fabriksmässiga
657 1069 146 26 tillverkningen
822 1069 43 20 icke
882 1075 36 14 var

178 1095 133 20 underkastad
326 1101 23 14 en
363 1097 90 18 närmare
468 1095 91 26 kontroll,
574 1098 48 17 utan
635 1096 69 25 bidrog
717 1098 28 17 att
759 1096 36 19 öka
805 1095 114 26 produktio-

179 1127 38 14 nen
231 1127 70 20 genom
314 1121 57 20 täflan
386 1122 46 19 med
446 1121 38 20 den
498 1120 42 21 lika
551 1123 40 18 litet
605 1121 132 20 öfvervakade
751 1123 169 19 husbehofsbrän-

179 1148 78 25 ningen,
273 1148 110 25 upphäfdes
397 1148 24 19 de
435 1148 63 20 större
508 1148 137 20 brännerierna
654 1153 70 21 genom
733 1148 137 27 förordningen
879 1148 39 20 den

180 1175 24 18 30
226 1174 36 25 Maj
284 1175 58 24 1859,
364 1174 110 26 hvarjemte
495 1175 39 20 den
551 1176 27 18 uti
592 1175 130 26 kungörelsen
737 1175 37 20 den
789 1176 10 18 7
814 1175 36 25 Maj
866 1175 52 20 1856

179 1201 104 20 bestämde
297 1201 132 25 bränningstid
444 1201 20 19 af
476 1207 37 14 sex
526 1202 74 19 veckor
609 1207 32 13 om
651 1201 42 20 året
703 1201 119 20 fastställdes
832 1201 29 20 för
870 1201 48 20 hus-

180 1227 224 24 behofstillverkningen.
433 1227 64 19 Sedan
511 1227 25 19 de
546 1227 145 25 privilegierade
705 1228 136 19 brännerierna
855 1229 7 17 i
877 1228 42 19 Wi-

180 1253 60 24 borgs
254 1253 31 19 län
298 1252 46 20 med
358 1252 22 19 år
393 1253 48 25 1861
453 1254 94 27 upphört,
559 1254 37 18 och
606 1258 23 13 en
640 1253 98 25 samtidigt
746 1253 105 20 förändrad
861 1253 57 19 brän-

180 1278 163 26 vinslagstiftning
365 1279 5 18 i
394 1278 217 26 Östersjöprovinserna
635 1279 132 26 väsendtligen
790 1279 82 26 bidragit
891 1279 27 21 till

180 1305 111 25 minskning
308 1306 21 18 af
341 1305 33 19 det
387 1305 52 20 förut
459 1305 81 26 mycket
560 1305 84 20 anlitade
657 1305 148 26 lurendrejeriet
819 1306 42 20 från
875 1306 45 20 Est-

180 1331 53 26 land,
249 1332 36 19 har
299 1337 72 15 varans
385 1332 41 25 pris
440 1332 102 21 efterhand
556 1333 53 26 stigit
622 1333 38 19 och
673 1334 22 18 är
708 1338 82 15 numera
804 1338 25 15 en
844 1334 38 19 och
894 1339 24 14 en

180 1359 41 21 half
232 1357 49 28 gång
295 1359 60 25 högre
369 1360 24 17 än
407 1359 29 19 för
450 1359 26 19 tio
491 1358 21 19 år
528 1359 86 25 tillbaka,
631 1359 25 20 till
672 1359 74 20 hvilket
760 1359 119 21 förhållande
891 1360 28 19 äf-

181 1391 38 14 ven
232 1385 38 20 den
284 1385 146 25 omständighet
443 1385 124 26 medverkat,
578 1389 28 17 att
614 1387 159 25 bränningstiden
783 1392 70 19 genom
863 1385 54 27 Kejs.

180 1412 31 20 Br.
227 1411 37 20 den
279 1412 25 19 25
318 1412 112 20 November
445 1412 50 20 1863
510 1412 63 20 blifvit
584 1412 112 27 ytterligare
706 1413 107 20 inskränkt.
842 1414 76 20 Genom

180 1438 80 20 anförde
276 1438 131 20 förhållanden
424 1440 22 18 är
461 1439 29 19 väl
504 1438 150 21 konsumtionen
667 1440 20 18 af
699 1439 82 20 bränvin
795 1440 5 18 i
814 1440 64 20 landet
890 1441 30 19 för
