975 1689
277 135 72 23 Nädiga
360 137 140 22 Propositionen.
513 136 37 17 N:o
560 136 30 17 26.
751 135 35 19 685

85 191 35 14 ner
126 184 164 27 förändringarna
304 185 17 26 e
336 185 30 21 stä
383 187 8 18 i
405 186 47 19 strid
470 186 41 19 med
525 185 23 20 de
566 187 9 18 i
583 187 138 25 förordningen
739 193 46 19 upp-

85 213 70 20 ställda
166 214 130 25 grundsatser,
311 214 96 19 desamma
421 214 101 25 stadfästa.

92 236 50 35 Allt:
153 236 56 35 detta,
223 240 63 26 jemte
298 241 96 26 åtskilliga
410 241 118 20 lelamöters
550 242 5 18 i
571 241 53 20 vissa
641 241 55 21 delar
713 241 71 26 afgifna

43 266 96 21 särskilda
152 268 119 25 yttranden,
282 267 37 19 fär
335 268 97 19 utskottet
452 268 146 19 vördsammast
618 268 123 20 öfverlemna
757 268 26 19 till

42 293 77 20 landets
133 293 92 20 ständers
240 293 67 20 vidare
320 293 117 26 granskning
451 294 37 19 och
506 293 140 26 bepröfvande.

283 454 263 28 Reservationer.

178 519 30 27 Af
218 519 102 21 statsrädet
334 527 36 13 von
386 520 57 20 Born.

97 560 20 19 1.
145 559 65 20 Jemte
224 559 34 20 det
270 558 32 27 jag
318 559 122 21 beträffande
458 560 10 19 1
483 562 109 18 momentet
608 559 21 20 af
639 559 13 26 $
665 561 26 19 10
705 560 80 22 instäm-

44 591 43 15 mer
101 586 6 19 i
120 586 40 20 den
174 585 51 26 äsigt
237 586 83 20 flertalet
334 586 21 19 af.
367 585 137 26 ridderskapet
521 587 38 19 och
572 587 56 20 adels
643 581 62 34 samt:
714 581 72 34 bonde-

43 611 89 21 ständets
146 613 122 24 deputerade
281 613 6 19 i
300 611 97 21 utskottet
410 613 91 25 godkänt,
512 618 59 15 anser
581 611 33 28 jag
625 619 73 19 genom
709 616 35 21 ett:
755 613 32 22 til-

42 639 43 26 lägg
99 639 63 20 härtill
176 639 50 20 böra
238 640 91 19 närmare
345 638 95 21 förklaras
454 641 29 18 att
495 640 119 24 innehafvare
629 641 24 24 &
664 639 121 27 kronolägen-

42 668 51 19 heter
106 668 35 19 och
154 667 102 24 boställen,
271 667 59 20 ehuru
347 667 40 20 icke
401 671 59 22 ägare
478 668 24 25 af
512 667 37 23 den
561 667 94 26 fastighet
668 668 38 19 han
721 668 63 20 bebru-

43 696 41 23 kar,
100 695 57 28 likväl
170 699 24 16 är
207 695 75 26 behörig
296 698 39 21 att,
353 698 46 17 utan
413 695 88 20 särskildt
519 695 156 26 bemyndigande,
691 697 36 25 för
741 697 43 19 den-

42 730 74 14 samma
131 725 12 24 i
152 724 186 20 kommunalstämma
352 724 64 25 utöfva
430 725 82 18 rösträtt.
534 737 2 2 -

96 752 20 19 2.
140 750 37 21 Uti
191 751 10 26 $
215 751 25 20 10
254 757 59 14 anser
324 750 39 27 jag,
379 751 6 19 i
401 750 54 27 fråga
471 757 33 14 om
517 751 82 20 rösträtt
613 751 32 20 vid
662 751 123 21 kommunal-

43 779 84 20 stämma
140 778 31 19 för
184 778 105 25 fastighet,
299 783 45 15 som
364 777 42 20 står
419 778 64 19 under
502 777 130 26 borgenärers
644 778 139 27 förvaltning,

42 804 63 28 nägon
118 804 97 21 afvikelse
228 804 44 20 icke
285 803 49 21 böra
347 806 36 24 äga
397 810 46 14 rum
455 804 43 20 frän
508 804 37 19 den
559 805 105 24 grundsats
678 811 45 13 som
737 805 48 20 fast-

42 832 68 20 ställes
128 831 2 19 i
145 832 10 19 4
171 832 108 19 momentet
292 831 22 19 af
326 836 77 15 samma
417 831 10 25 $
441 829 99 27 angående
554 831 81 20 rösträtt
649 831 30 20 för
693 831 93 26 fastighet

43 857 6 20 i
62 858 112 25 allmänhet,
185 857 38 21 och
237 857 93 21 särskildt
343 857 106 26 stadgande
459 858 68 19 härom
541 857 78 25 således
633 857 18 26 ej
662 863 48 15 vara
724 859 21 19 af
751 859 35 20 be-

43 884 69 20 hofvet
125 883 107 27 påkalladt;
248 885 38 19 och
299 883 55 27 böra,
370 884 59 25 enligt
443 885 40 18 min
496 884 66 25 tanke,
578 884 30 19 för
622 883 18 26 ej
657 884 76 21 mindre
746 885 40 20 fas-

43 910 63 26 tighet
119 912 25 18 än
160 911 69 26 näring
248 911 39 20 och
301 911 82 25 rörelse,
398 916 45 14 som
463 910 41 21 står
517 910 65 20 under
601 911 131 25 borgenärers
746 912 39 24 för-

43 937 91 26 valtning,
150 937 50 26 gode
214 939 84 18 männen
313 937 47 20 eller
374 938 130 20 kuratorerne
513 942 47 15 vara
574 937 93 26 behörige
680 939 29 18 att
717 938 68 20 utöfva

42 963 38 20 den
94 964 82 19 rösträtt
189 965 73 25 ägaren
274 963 126 20 tillkommer.
429 963 36 26 Jag
478 963 107 26 tillstyrker
601 963 66 20 derför
680 966 29 17 att
721 970 61 14 mom.

44 990 12 19 5
71 991 6 19 i
90 989 12 27 $
116 990 25 21 40
155 989 84 21 erhåller
252 988 85 26 följande
351 990 86 26 lydelse:

207 1017 55 19 ”För
275 1017 94 24 egendom,
384 1018 67 24 näring
465 1017 44 19 eller
521 1016 79 23 rörelse,
615 1023 40 13 som
672 1017 66 24 wunder
745 1017 40 20 bor-

177 1047 90 23 genärers
275 1045 118 25 förvaltning
407 1043 47 25 står,
469 1047 35 23 äge
516 1044 49 26 gode
577 1047 45 17 män
631 1045 44 19 eller
689 1044 98 20 kuratorer

179 1074 64 24 utöfva
257 1072 37 20 den
308 1074 78 18 rösträtt
400 1076 70 22 ägaren
485 1072 113 20 tillkommer.
768 1092 2 5 ä

97 1100 19 20 3.
144 1100 33 20 Uti
192 1100 10 25 $
216 1101 25 19 14
256 1105 62 21 synes
331 1100 40 25 mig
383 1100 39 20 den
436 1099 60 26 ålder,
512 1105 44 14 som
569 1100 62 25 utgör
640 1102 29 17 ett
682 1099 64 21 vilkor
755 1101 30 19 för

43 1127 118 25 rättigheten
175 1128 28 18 att
216 1126 68 25 afsäga
298 1126 30 26 sig
341 1126 90 26 uppdrag
443 1128 29 18 att
485 1132 47 14 vara
546 1125 117 21 ordförande
679 1127 48 20 eller
741 1126 45 21 vice

44 1152 118 21 ordförande
183 1152 6 20 i
204 1152 207 26 kommunalstämma,
434 1153 47 19 böra
501 1153 122 20 bestämmas
644 1153 27 19 till
688 1154 97 24 sextiofem

44 1180 30 26 är,
89 1181 85 20 emedan
186 1180 32 26 jag
231 1186 61 15 anser
304 1180 160 20 handhafvandet
480 1181 20 19 af
511 1181 26 19 de
549 1180 48 20 med
609 1180 60 20 dessa
682 1181 104 19 befattnin-

43 1212 35 20 gar
91 1207 93 20 förenade
196 1207 88 25 göromäl
304 1207 89 19 hvarken
413 1206 87 24 medföra
517 1206 24 21 sä
557 1206 81 27 mycket
654 1207 68 20 arbete
738 1207 49 19 eller

43 1232 77 27 påkalla
134 1234 130 19 verksamhet
280 1234 21 19 af
312 1232 38 21 den
364 1233 177 21 beskaffenhet
510 1228 33 36 att
554 1232 18 26 ej
589 1233 58 20 deras
664 1233 122 25 fullgörande

43 1259 69 20 kunde
124 1260 77 20 fordras
213 1260 21 18 af
246 1261 45 18 män
305 1259 72 19 mellan
391 1259 63 19 sextio
464 1260 38 18 och
516 1260 104 18 sextiofem
633 1258 29 20 är.
691 1260 97 19 Deremot

44 1285 57 21 torde
114 1285 94 26 uppnådd
222 1286 65 20 sextio
306 1285 34 20 års
354 1284 55 21 ålder
428 1286 48 19 böra
489 1284 109 21 bibehållas
619 1284 68 20 såsom
701 1285 41 20 skäl
757 1285 27 19 till

43 1311 99 24 afsägelse
158 1311 43 20 från
215 1311 124 25 ordförande,
358 1311 44 19 vice
417 1311 123 24 ordförande,
560 1311 106 20 ledamots-
680 1312 38 18 och
738 1316 46 19 sup-

44 1337 52 47 E
152 1337 73 25 Ia
241 1336 6 19 i
263 1336 196 20 kommunalnämnd.
488 1336 153 20 Godkännandet
653 1337 20 18 af
685 1336 41 20 min
735 1336 50 25 äsigt

58 1367 66 15 omme
138 1362 80 20 således
231 1364 29 18 att
273 1362 98 20 föranleda
384 1362 28 20 till
426 1362 83 25 följande
522 1362 65 26 tillägg
601 1362 6 19 i
621 1362 10 24 $
644 1362 36 20 43:

208 1392 51 17 utom
272 1392 29 18 att
314 1388 91 27 uppnådd
419 1391 60 18 sextio
497 1388 33 20 års
547 1388 53 20 ålder
613 1391 54 23 utgör
685 1390 45 24 laga
744 1388 41 20 skäl

181 1418 26 20 till
220 1418 93 26 afsägelse
321 1417 50 26 från
385 1418 35 19 slik
434 1418 106 25 befattning.
