1070 1686
176 146 45 34 1190
393 150 71 22 Nädiga
475 150 140 23 Propositionen
629 150 36 17 N:o
676 150 28 18 38.

176 199 78 19 direkte
268 199 48 19 skall
331 198 100 20 användas
445 201 28 17 att
486 200 46 18 lätta
549 198 72 20 folkets
638 198 125 20 kommunala
780 197 78 25 bördor,
875 203 46 15 man

176 225 59 19 äfven
249 225 38 19 kan
302 225 75 31 hoppas
392 227 29 17 att
433 224 70 26 många
518 225 54 19 skola
582 224 108 20 medverka
700 225 26 19 till
737 224 137 32 upptäckande
883 226 39 18 och
944 224 3 2 '

178 250 120 21 hämmande
311 251 20 19 af
344 250 62 20 sådan
417 250 119 26 försäljning,
548 250 81 20 hvaraf
626 257 56 19 ingen
693 250 52 20 skatt
753 250 63 27 utgår.
846 251 76 19 Genom

176 280 29 17 att
219 277 24 26 på
258 277 53 20 detta
326 279 39 17 sätt
378 278 46 25 göra
438 278 147 25 menigheterna
599 266 106 37 angelägna
719 282 32 14 om
765 277 157 30 lönnkrögeriets

175 303 128 31 upphörande
319 303 57 20 torde
391 305 28 18 ett
436 303 149 24 samhällsondt,
604 309 45 14 som
665 292 68 31 hittills
752 303 50 20 varit
818 302 56 20 svårt
894 305 27 18 att

174 329 81 20 komma
270 328 27 25 ät,
313 330 65 19 lättast
392 329 64 20 kunna
471 330 64 19 botas.

230 357 34 18 Att
277 345 111 30 bestämma
403 357 30 18 för
448 357 51 18 huru.
514 358 50 17 stort
578 355 72 31 belopp
667 355 82 20 bränvin
762 337 75 48 hvarje
854 355 74 20 försäl--

173 381 46 26 jare
233 382 35 19 bör
283 383 78 24 erlägga
375 382 54 19 skatt
443 383 21 18 är
478 382 58 19 desto
550 381 83 20 svårare
647 388 43 13 som
700 387 45 14 man
755 382 45 19 icke:
807 382 36 19 kan
851 382 74 19 utröna.

176 409 52 19 huru
243 411 42 17 stor
299 408 153 25 förbrukningen
466 407 11 20 å
491 407 70 26 hvarje
575 411 31 16 ort
620 408 67 19 hittills
701 408 58 24 varit,
771 414 44 13 men
824 408 36 20 det
872 408 51 19 före-

178 435 67 25 slagna
260 436 60 18 sättet
333 437 36 22 att,
386 435 33 19 1:0
433 434 94 20 fastställa
543 438 28 16 ett
584 435 155 25 minimibelopp,
755 435 114 23 hvarunder:
885 435 38 18 för-

177 460 83 26 säljning
274 461 17 25 ej
307 460 30 20 får
352 461 104 23 beräknas,
472 460 69 20 såvida
555 461 93 24 rättighet
661 461 47 19 skall
726 461 64 19 kunna
804 460 116 25 medgifvas,

176 487 42 19 och
231 488 35 18 2:o
280 490 28 17 att
322 486 24 26 pä
361 487 86 30 offentlig
464 487 78 19 auktion
556 487 53 19 inom
625 487 145 20 kommunerna
786 487 83 24 utbjuda
885 487 39 18 för-

177 512 218 30 säljningsrättigheten
409 513 21 19 ät
443 513 46 19 dem
504 519 44 14 som
564 513 55 25 ätaga
636 513 29 25 sig
683 513 53 20 skatt
749 514 30 18 för
794 514 69 24 högsta
876 513 49 19 kan-

176 540 60 24 netal,
253 545 61 20 synes
328 539 5 19 i
348 539 84 25 Sverige
446 540 58 18 hafva
518 540 56 24 gifvit
588 528 74 36 ganska
668 564 4 6 .
676 539 49 26 goda
739 539 111 19 resultater.

232 551 33 43 Att
278 564 205 26 försäljningsskatten
497 566 84 19 fördelas
594 565 38 20 lika
653 564 24 32 på
697 565 25 20 de
742 565 118 20 kommuner
879 570 44 14 som

176 591 69 21 försält
259 593 38 18 och
310 592 26 19 de
350 597 44 14 som
408 592 45 19 icke
467 591 67 20 försält
551 591 83 20 bränvin
651 593 21 18 är
690 592 26 19 till
733 591 47 20 fullo
796 591 125 30 berättigadt,

177 624 45 14 men:
236 617 24 21 då
275 618 34 20 det
324 617 44 20 icke
382 617 57 20 torde
453 623 49 14 vara
515 618 23 20 så
552 618 80 21 alldeles
649 617 118 26 nödvändigt
784 620 28 29 att
829 624 24 13 en
868 623 55 20 -jemn

178 644 111 26 fördelning
302 645 57 19 öfver
372 646 30 17 ett
415 645 40 19 helt
468 644 43 20 rike
525 645 46 20 eller
588 645 43 19 land
646 644 48 20 skall
715 645 42 23 ske,
773 643 22 21 så
816 645 36 19 har
872 645 51 19 länet

175 671 66 20 blifvit
254 670 101 20 bestämdt
368 669 69 20 såsom
451 671 172 25 ortsbegränsning
637 671 20 19 af
665 671 140 25 fördelningen,
816 671 53 19 helst
877 671 45 20 der-

176 698 23 19 af
211 702 25 15 en
251 697 86 26 betydlig
352 696 73 20 lättnad
440 697 4 19 i
459 697 181 20 administrationen
654 697 156 26 uppkommer.
799 692 14 35 .

228 723 77 20 Genom
325 723 121 24 Gästgifveri
467 723 114 26 Ordningen
602 724 20 19 af
641 723 39 20 den
699 725 24 18 12
745 713 110 30 December
870 723 53 20 1734

177 749 80 27 åläggas.
274 749 121 26 gästgifvare
415 752 28 17 att
462 750 144 20 tillhandahålla
625 750 85 19 resande
730 750 89 21 bränvin.
852 748 73 34 Såsom

177 776 115 26 skyldighet
305 775 106 21 torde:det
425 781 47 15 vara
486 775 52 21 både
551 777 99 25 tidsenligt
663 777 38 19 och
715 777 79 19 rättvist
807 779 29 17 att
850 779 28 17 ett
892 776 32 20 sä-

176 802 47 20 dant
241 802 109 26 stadgande
368 802 111 26 borttages,
501 808 46 14 men
568 803 32 19 vid
621 803 117 30 rättigheten
760 805 28 18 att
804 802 18 20 få
836 803 87 26 begagna

177 829 66 19 denna
255 829 88 25 urgamla
357 819 183 35 utskänkningsrätt
554 830 31 25 (se
601 829 8 31 $
623 829 24 20 31
662 829 6 19 i
682 829 173 25 ofvanåberopade
864 829 60 19 Gäst-

176 854 70 26 gifveri
261 854 93 26 Ordning)
369 855 48 20 böra
438 844 121 37 gästgifvare
580 854 22 21 så
621 855 83 26 mycket
724 856 62 20 hellre
805 855 116 25 bibehållas,

178 886 45 14 som
237 882 38 19 den
290 881 75 20 kanske
378 881 39 19 ofta
433 882 62 19 blifvit
509 884 60 29 tager
581 882 5 18 i
603 882 108 25 beräkning
729 882 33 20 vid
778 881 112 27 försäljning
904 872 22 30 af

176 908 120 25 lägenheter,
312 907 62 20 hvarä
388 908 115 25 gästgifveri
517 910 22 18 är
553 908 83 25 beläget.

391 934 116 29 Enligheten
521 934 46 20 med
581 922 27 32 de
620 935 21 19 af
653 935 62 19 Hans
736 934 134 26 Kejserliga
884 935 41 19 Ma-

317 959 76 25 jestät
409 960 3 18 i
425 960 66 20 Näder
504 960 103 26 godkända
621 961 91 25 motiver,
728 962 86 25 intygar:

657 1009 21 19 A.
690 1009 28 19 W.
730 1009 125 20 Walensköld.

600 1037 67 18 Förste
678 1037 243 24 Expeditionssekreterare.

383 1128 193 29 Underdänigt
594 1129 113 29 förslag
723 1114 40 49 till
782 1129 139 29 förordning,

315 1156 113 35 angående
443 1157 150 28 tillverkning
608 1157 41 23 och
662 1158 138 28 försäljning
818 1158 26 22 af
855 1157 65 23 brän-

314 1185 39 23 vin
368 1186 9 22 i
390 1185 82 23 landet.

508 1237 44 21 Art.
574 1238 18 19 1.

179 1287 37 24 Om
230 1286 109 30 rättighet
353 1287 34 23 att
404 1286 108 24 tillverka
529 1286 97 25 bränvin
643 1286 40 24 och
701 1287 62 24 skatt
780 1293 47 17 som
846 1287 77 24 derför

457 1315 60 23 skall
535 1316 111 28 erläggas.

526 1368 12 26 $
552 1369 19 19 1.

234 1407 42 20 Den
291 1407 92 25 rättighet
396 1409 29 17 att
439 1406 87 21 tillverka
541 1407 38 19 och
593 1405 77 26 försälja
684 1407 96 24 bränvin,
796 1412 50 20 som,
866 1407 59 26 enligt

180 1433 137 26 förordningen
334 1433 37 20 den
389 1433 25 20 15
431 1433 44 20 Juni
494 1433 62 25 1800,
576 1434 22 19 är
609 1432 159 26 jordlägenheter
782 1432 11 21 ä
807 1423 66 31 landet
886 1435 39 19 och
