<?xml version="1.0" encoding="UTF-8"?>
<alto xmlns="http://www.loc.gov/standards/alto/ns-v3#" xmlns:xlink="http://www.w3.org/1999/xlink" xmlns:xsi="http://www.w3.org/2001/XMLSchema-instance" xsi:schemaLocation="http://www.loc.gov/standards/alto/ns-v3# http://www.loc.gov/alto/v3/alto-3-0.xsd">
	<Description>
		<MeasurementUnit>pixel</MeasurementUnit>
		<sourceImageInformation>
			<fileName>/tmp/tess_41w0y89r_input.PNG</fileName>
		</sourceImageInformation>
		<OCRProcessing ID="OCR_0">
			<ocrProcessingStep>
				<processingSoftware>
					<softwareName>tesseract 5.3.4</softwareName>
				</processingSoftware>
			</ocrProcessingStep>
		</OCRProcessing>
	</Description>
	<Layout>
		<Page WIDTH="1014" HEIGHT="1695" PHYSICAL_IMG_NR="0" ID="page_0">
			<PrintSpace HPOS="0" VPOS="0" WIDTH="1014" HEIGHT="1695">
				<ComposedBlock ID="cblock_0" HPOS="302" VPOS="141" WIDTH="525" HEIGHT="24">
					<TextBlock ID="block_0" HPOS="302" VPOS="141" WIDTH="525" HEIGHT="24">
						<TextLine ID="line_0" HPOS="302" VPOS="141" WIDTH="525" HEIGHT="24">
							<String ID="string_0" HPOS="302" VPOS="142" WIDTH="71" HEIGHT="23" WC="0.91" CONTENT="Nådiga"/><SP WIDTH="12" VPOS="142" HPOS="373"/>
							<String ID="string_1" HPOS="385" VPOS="143" WIDTH="139" HEIGHT="22" WC="0.96" CONTENT="Propositionen"/><SP WIDTH="13" VPOS="143" HPOS="524"/>
							<String ID="string_2" HPOS="537" VPOS="143" WIDTH="35" HEIGHT="17" WC="0.96" CONTENT="N:o"/><SP WIDTH="12" VPOS="143" HPOS="572"/>
							<String ID="string_3" HPOS="584" VPOS="143" WIDTH="28" HEIGHT="17" WC="0.96" CONTENT="31."/><SP WIDTH="183" VPOS="143" HPOS="612"/>
							<String ID="string_4" HPOS="795" VPOS="141" WIDTH="32" HEIGHT="18" WC="0.67" CONTENT="1"/>
						</TextLine>
					</TextBlock>
				</ComposedBlock>
				<ComposedBlock ID="cblock_1" HPOS="85" VPOS="190" WIDTH="747" HEIGHT="714">
					<TextBlock ID="block_1" HPOS="85" VPOS="190" WIDTH="745" HEIGHT="153">
						<TextLine ID="line_1" HPOS="87" VPOS="190" WIDTH="743" HEIGHT="27">
							<String ID="string_5" HPOS="87" VPOS="192" WIDTH="114" HEIGHT="20" WC="0.92" CONTENT="stämmelse"/><SP WIDTH="14" VPOS="192" HPOS="201"/>
							<String ID="string_6" HPOS="215" VPOS="191" WIDTH="84" HEIGHT="20" WC="0.91" CONTENT="härmed"/><SP WIDTH="14" VPOS="191" HPOS="299"/>
							<String ID="string_7" HPOS="313" VPOS="191" WIDTH="25" HEIGHT="20" WC="0.96" CONTENT="de"/><SP WIDTH="14" VPOS="191" HPOS="338"/>
							<String ID="string_8" HPOS="352" VPOS="192" WIDTH="77" HEIGHT="19" WC="0.93" CONTENT="mindre"/><SP WIDTH="12" VPOS="192" HPOS="429"/>
							<String ID="string_9" HPOS="441" VPOS="191" WIDTH="156" HEIGHT="26" WC="0.92" CONTENT="jordbrukarene"/><SP WIDTH="16" VPOS="191" HPOS="597"/>
							<String ID="string_10" HPOS="613" VPOS="191" WIDTH="65" HEIGHT="20" WC="0.93" CONTENT="skulle"/><SP WIDTH="16" VPOS="191" HPOS="678"/>
							<String ID="string_11" HPOS="694" VPOS="190" WIDTH="49" HEIGHT="20" WC="0.92" CONTENT="ifrän"/><SP WIDTH="17" VPOS="190" HPOS="743"/>
							<String ID="string_12" HPOS="760" VPOS="191" WIDTH="22" HEIGHT="19" WC="0.93" CONTENT="all"/><SP WIDTH="18" VPOS="191" HPOS="782"/>
							<String ID="string_13" HPOS="800" VPOS="190" WIDTH="30" HEIGHT="19" WC="0.91" CONTENT="in-"/>
						</TextLine>
						<TextLine ID="line_2" HPOS="86" VPOS="217" WIDTH="743" HEIGHT="26">
							<String ID="string_14" HPOS="86" VPOS="218" WIDTH="120" HEIGHT="20" WC="0.92" CONTENT="komstskatt"/><SP WIDTH="15" VPOS="218" HPOS="206"/>
							<String ID="string_15" HPOS="221" VPOS="219" WIDTH="90" HEIGHT="24" WC="0.88" CONTENT="fritagas."/><SP WIDTH="29" VPOS="219" HPOS="311"/>
							<String ID="string_16" HPOS="340" VPOS="219" WIDTH="43" HEIGHT="19" WC="0.93" CONTENT="Men"/><SP WIDTH="18" VPOS="219" HPOS="383"/>
							<String ID="string_17" HPOS="401" VPOS="219" WIDTH="83" HEIGHT="19" WC="0.96" CONTENT="emedan"/><SP WIDTH="17" VPOS="219" HPOS="484"/>
							<String ID="string_18" HPOS="501" VPOS="218" WIDTH="59" HEIGHT="25" WC="0.96" CONTENT="öfriga"/><SP WIDTH="17" VPOS="218" HPOS="560"/>
							<String ID="string_19" HPOS="577" VPOS="217" WIDTH="148" HEIGHT="26" WC="0.96" CONTENT="näringsidkare"/><SP WIDTH="17" VPOS="217" HPOS="725"/>
							<String ID="string_20" HPOS="742" VPOS="217" WIDTH="6" HEIGHT="20" WC="0.96" CONTENT="i"/><SP WIDTH="16" VPOS="217" HPOS="748"/>
							<String ID="string_21" HPOS="764" VPOS="217" WIDTH="65" HEIGHT="20" WC="0.96" CONTENT="landet"/>
						</TextLine>
						<TextLine ID="line_3" HPOS="87" VPOS="243" WIDTH="743" HEIGHT="26">
							<String ID="string_22" HPOS="87" VPOS="246" WIDTH="34" HEIGHT="17" WC="0.90" CONTENT="äro"/><SP WIDTH="15" VPOS="246" HPOS="121"/>
							<String ID="string_23" HPOS="136" VPOS="244" WIDTH="19" HEIGHT="19" WC="0.92" CONTENT="fä"/><SP WIDTH="16" VPOS="244" HPOS="155"/>
							<String ID="string_24" HPOS="171" VPOS="245" WIDTH="38" HEIGHT="18" WC="0.93" CONTENT="och"/><SP WIDTH="14" VPOS="245" HPOS="209"/>
							<String ID="string_25" HPOS="223" VPOS="244" WIDTH="119" HEIGHT="25" WC="0.92" CONTENT="kapitalerna"/><SP WIDTH="15" VPOS="244" HPOS="342"/>
							<String ID="string_26" HPOS="357" VPOS="245" WIDTH="60" HEIGHT="24" WC="0.92" CONTENT="ringa,"/><SP WIDTH="16" VPOS="245" HPOS="417"/>
							<String ID="string_27" HPOS="433" VPOS="245" WIDTH="64" HEIGHT="19" WC="0.93" CONTENT="mäste"/><SP WIDTH="14" VPOS="245" HPOS="497"/>
							<String ID="string_28" HPOS="511" VPOS="245" WIDTH="39" HEIGHT="23" WC="0.96" CONTENT="det,"/><SP WIDTH="16" VPOS="245" HPOS="550"/>
							<String ID="string_29" HPOS="566" VPOS="244" WIDTH="24" HEIGHT="20" WC="0.96" CONTENT="dä"/><SP WIDTH="15" VPOS="244" HPOS="590"/>
							<String ID="string_30" HPOS="605" VPOS="244" WIDTH="62" HEIGHT="19" WC="0.93" CONTENT="denna"/><SP WIDTH="14" VPOS="244" HPOS="667"/>
							<String ID="string_31" HPOS="681" VPOS="243" WIDTH="106" HEIGHT="25" WC="0.91" CONTENT="grundsats"/><SP WIDTH="8" VPOS="243" HPOS="787"/>
							<String ID="string_32" HPOS="795" VPOS="243" WIDTH="35" HEIGHT="20" WC="0.91" CONTENT="föl-"/>
						</TextLine>
						<TextLine ID="line_4" HPOS="85" VPOS="269" WIDTH="743" HEIGHT="26">
							<String ID="string_33" HPOS="85" VPOS="269" WIDTH="38" HEIGHT="26" WC="0.93" CONTENT="jes,"/><SP WIDTH="17" VPOS="269" HPOS="123"/>
							<String ID="string_34" HPOS="140" VPOS="271" WIDTH="75" HEIGHT="18" WC="0.96" CONTENT="inträffa"/><SP WIDTH="13" VPOS="271" HPOS="215"/>
							<String ID="string_35" HPOS="228" VPOS="273" WIDTH="29" HEIGHT="16" WC="0.96" CONTENT="att"/><SP WIDTH="15" VPOS="273" HPOS="257"/>
							<String ID="string_36" HPOS="272" VPOS="271" WIDTH="19" HEIGHT="18" WC="0.96" CONTENT="af"/><SP WIDTH="13" VPOS="271" HPOS="291"/>
							<String ID="string_37" HPOS="304" VPOS="276" WIDTH="24" HEIGHT="13" WC="0.93" CONTENT="en"/><SP WIDTH="14" VPOS="276" HPOS="328"/>
							<String ID="string_38" HPOS="342" VPOS="270" WIDTH="61" HEIGHT="20" WC="0.95" CONTENT="sådan"/><SP WIDTH="15" VPOS="270" HPOS="403"/>
							<String ID="string_39" HPOS="418" VPOS="271" WIDTH="139" HEIGHT="19" WC="0.96" CONTENT="inkomstskatt"/><SP WIDTH="13" VPOS="271" HPOS="557"/>
							<String ID="string_40" HPOS="570" VPOS="270" WIDTH="59" HEIGHT="25" WC="0.96" CONTENT="något"/><SP WIDTH="15" VPOS="270" HPOS="629"/>
							<String ID="string_41" HPOS="644" VPOS="273" WIDTH="50" HEIGHT="16" WC="0.93" CONTENT="stort"/><SP WIDTH="9" VPOS="273" HPOS="694"/>
							<String ID="string_42" HPOS="703" VPOS="269" WIDTH="72" HEIGHT="26" WC="0.96" CONTENT="belopp"/><SP WIDTH="9" VPOS="269" HPOS="775"/>
							<String ID="string_43" HPOS="784" VPOS="269" WIDTH="44" HEIGHT="20" WC="0.96" CONTENT="icke"/>
						</TextLine>
						<TextLine ID="line_5" HPOS="86" VPOS="296" WIDTH="743" HEIGHT="24">
							<String ID="string_44" HPOS="86" VPOS="298" WIDTH="22" HEIGHT="17" WC="0.96" CONTENT="är"/><SP WIDTH="14" VPOS="298" HPOS="108"/>
							<String ID="string_45" HPOS="122" VPOS="299" WIDTH="28" HEIGHT="16" WC="0.93" CONTENT="att"/><SP WIDTH="14" VPOS="299" HPOS="150"/>
							<String ID="string_46" HPOS="164" VPOS="300" WIDTH="83" HEIGHT="20" WC="0.91" CONTENT="emotse,"/><SP WIDTH="17" VPOS="300" HPOS="247"/>
							<String ID="string_47" HPOS="264" VPOS="298" WIDTH="37" HEIGHT="18" WC="0.95" CONTENT="och"/><SP WIDTH="15" VPOS="298" HPOS="301"/>
							<String ID="string_48" HPOS="316" VPOS="300" WIDTH="27" HEIGHT="16" WC="0.95" CONTENT="att"/><SP WIDTH="14" VPOS="300" HPOS="343"/>
							<String ID="string_49" HPOS="357" VPOS="297" WIDTH="54" HEIGHT="20" WC="0.96" CONTENT="detta"/><SP WIDTH="13" VPOS="297" HPOS="411"/>
							<String ID="string_50" HPOS="424" VPOS="297" WIDTH="49" HEIGHT="20" WC="0.96" CONTENT="blott"/><SP WIDTH="15" VPOS="297" HPOS="473"/>
							<String ID="string_51" HPOS="488" VPOS="297" WIDTH="25" HEIGHT="20" WC="0.96" CONTENT="till"/><SP WIDTH="16" VPOS="297" HPOS="513"/>
							<String ID="string_52" HPOS="529" VPOS="303" WIDTH="23" HEIGHT="13" WC="0.96" CONTENT="en"/><SP WIDTH="14" VPOS="303" HPOS="552"/>
							<String ID="string_53" HPOS="566" VPOS="297" WIDTH="77" HEIGHT="19" WC="0.96" CONTENT="mindre"/><SP WIDTH="13" VPOS="297" HPOS="643"/>
							<String ID="string_54" HPOS="656" VPOS="296" WIDTH="32" HEIGHT="19" WC="0.96" CONTENT="del"/><SP WIDTH="14" VPOS="296" HPOS="688"/>
							<String ID="string_55" HPOS="702" VPOS="296" WIDTH="38" HEIGHT="19" WC="0.96" CONTENT="kan"/><SP WIDTH="9" VPOS="296" HPOS="740"/>
							<String ID="string_56" HPOS="749" VPOS="296" WIDTH="80" HEIGHT="19" WC="0.96" CONTENT="komma"/>
						</TextLine>
						<TextLine ID="line_6" HPOS="85" VPOS="323" WIDTH="476" HEIGHT="20">
							<String ID="string_57" HPOS="85" VPOS="325" WIDTH="28" HEIGHT="17" WC="0.96" CONTENT="att"/><SP WIDTH="14" VPOS="325" HPOS="113"/>
							<String ID="string_58" HPOS="127" VPOS="326" WIDTH="103" HEIGHT="17" WC="0.93" CONTENT="motsvara"/><SP WIDTH="15" VPOS="326" HPOS="230"/>
							<String ID="string_59" HPOS="245" VPOS="323" WIDTH="170" HEIGHT="20" WC="0.89" CONTENT="ofvanberäknade"/><SP WIDTH="14" VPOS="323" HPOS="415"/>
							<String ID="string_60" HPOS="429" VPOS="326" WIDTH="54" HEIGHT="17" WC="0.93" CONTENT="stora"/><SP WIDTH="14" VPOS="326" HPOS="483"/>
							<String ID="string_61" HPOS="497" VPOS="323" WIDTH="64" HEIGHT="20" WC="0.87" CONTENT="bebof."/>
						</TextLine>
					</TextBlock>
					<TextBlock ID="block_2" HPOS="85" VPOS="349" WIDTH="745" HEIGHT="238">
						<TextLine ID="line_7" HPOS="139" VPOS="349" WIDTH="689" HEIGHT="26">
							<String ID="string_62" HPOS="139" VPOS="350" WIDTH="8" HEIGHT="18" WC="0.96" CONTENT="I"/><SP WIDTH="14" VPOS="350" HPOS="147"/>
							<String ID="string_63" HPOS="161" VPOS="350" WIDTH="95" HEIGHT="19" WC="0.95" CONTENT="händelse"/><SP WIDTH="14" VPOS="350" HPOS="256"/>
							<String ID="string_64" HPOS="270" VPOS="349" WIDTH="59" HEIGHT="20" WC="0.93" CONTENT="likväl"/><SP WIDTH="15" VPOS="349" HPOS="329"/>
							<String ID="string_65" HPOS="344" VPOS="350" WIDTH="107" HEIGHT="19" WC="0.92" CONTENT="Ständerna"/><SP WIDTH="11" VPOS="350" HPOS="451"/>
							<String ID="string_66" HPOS="462" VPOS="350" WIDTH="55" HEIGHT="25" WC="0.92" CONTENT="åtaga"/><SP WIDTH="10" VPOS="350" HPOS="517"/>
							<String ID="string_67" HPOS="527" VPOS="350" WIDTH="30" HEIGHT="25" WC="0.96" CONTENT="sig"/><SP WIDTH="13" VPOS="350" HPOS="557"/>
							<String ID="string_68" HPOS="570" VPOS="349" WIDTH="63" HEIGHT="20" WC="0.93" CONTENT="denna"/><SP WIDTH="10" VPOS="349" HPOS="633"/>
							<String ID="string_69" HPOS="643" VPOS="349" WIDTH="112" HEIGHT="25" WC="0.92" CONTENT="bevillning,"/><SP WIDTH="11" VPOS="349" HPOS="755"/>
							<String ID="string_70" HPOS="766" VPOS="349" WIDTH="62" HEIGHT="19" WC="0.91" CONTENT="antin-"/>
						</TextLine>
						<TextLine ID="line_8" HPOS="85" VPOS="375" WIDTH="743" HEIGHT="27">
							<String ID="string_71" HPOS="85" VPOS="381" WIDTH="38" HEIGHT="20" WC="0.96" CONTENT="gen"/><SP WIDTH="15" VPOS="381" HPOS="123"/>
							<String ID="string_72" HPOS="138" VPOS="376" WIDTH="5" HEIGHT="19" WC="0.96" CONTENT="i"/><SP WIDTH="14" VPOS="376" HPOS="143"/>
							<String ID="string_73" HPOS="157" VPOS="376" WIDTH="38" HEIGHT="20" WC="0.96" CONTENT="den"/><SP WIDTH="14" VPOS="376" HPOS="195"/>
							<String ID="string_74" HPOS="209" VPOS="377" WIDTH="21" HEIGHT="19" WC="0.96" CONTENT="af"/><SP WIDTH="13" VPOS="377" HPOS="230"/>
							<String ID="string_75" HPOS="243" VPOS="377" WIDTH="60" HEIGHT="18" WC="0.96" CONTENT="Hans"/><SP WIDTH="14" VPOS="377" HPOS="303"/>
							<String ID="string_76" HPOS="317" VPOS="376" WIDTH="110" HEIGHT="25" WC="0.95" CONTENT="Majestät"/><SP WIDTH="14" VPOS="376" HPOS="427"/>
							<String ID="string_77" HPOS="441" VPOS="377" WIDTH="108" HEIGHT="25" WC="0.96" CONTENT="föreslagna"/><SP WIDTH="15" VPOS="377" HPOS="549"/>
							<String ID="string_78" HPOS="564" VPOS="376" WIDTH="50" HEIGHT="19" WC="0.95" CONTENT="form"/><SP WIDTH="19" VPOS="376" HPOS="614"/>
							<String ID="string_79" HPOS="633" VPOS="375" WIDTH="47" HEIGHT="20" WC="0.96" CONTENT="eller"/><SP WIDTH="14" VPOS="375" HPOS="680"/>
							<String ID="string_80" HPOS="694" VPOS="375" WIDTH="60" HEIGHT="26" WC="0.95" CONTENT="enligt"/><SP WIDTH="14" VPOS="375" HPOS="754"/>
							<String ID="string_81" HPOS="768" VPOS="375" WIDTH="60" HEIGHT="20" WC="0.96" CONTENT="andra"/>
						</TextLine>
						<TextLine ID="line_9" HPOS="85" VPOS="401" WIDTH="743" HEIGHT="27">
							<String ID="string_82" HPOS="85" VPOS="403" WIDTH="94" HEIGHT="24" WC="0.96" CONTENT="grunder,"/><SP WIDTH="17" VPOS="403" HPOS="179"/>
							<String ID="string_83" HPOS="196" VPOS="404" WIDTH="22" HEIGHT="17" WC="0.96" CONTENT="är"/><SP WIDTH="13" VPOS="404" HPOS="218"/>
							<String ID="string_84" HPOS="231" VPOS="403" WIDTH="34" HEIGHT="19" WC="0.96" CONTENT="det"/><SP WIDTH="13" VPOS="403" HPOS="265"/>
							<String ID="string_85" HPOS="278" VPOS="403" WIDTH="63" HEIGHT="19" WC="0.96" CONTENT="Hans"/><SP WIDTH="14" VPOS="403" HPOS="341"/>
							<String ID="string_86" HPOS="355" VPOS="403" WIDTH="125" HEIGHT="25" WC="0.96" CONTENT="Majestäts"/><SP WIDTH="15" VPOS="403" HPOS="480"/>
							<String ID="string_87" HPOS="495" VPOS="402" WIDTH="48" HEIGHT="26" WC="0.96" CONTENT="Vilja"/><SP WIDTH="15" VPOS="402" HPOS="543"/>
							<String ID="string_88" HPOS="558" VPOS="405" WIDTH="27" HEIGHT="16" WC="0.93" CONTENT="att"/><SP WIDTH="14" VPOS="405" HPOS="585"/>
							<String ID="string_89" HPOS="599" VPOS="402" WIDTH="109" HEIGHT="19" WC="0.91" CONTENT="Ständerna"/><SP WIDTH="14" VPOS="402" HPOS="708"/>
							<String ID="string_90" HPOS="722" VPOS="401" WIDTH="56" HEIGHT="20" WC="0.93" CONTENT="skola"/><SP WIDTH="14" VPOS="401" HPOS="778"/>
							<String ID="string_91" HPOS="792" VPOS="407" WIDTH="36" HEIGHT="19" WC="0.91" CONTENT="ega"/>
						</TextLine>
						<TextLine ID="line_10" HPOS="86" VPOS="427" WIDTH="743" HEIGHT="27">
							<String ID="string_92" HPOS="86" VPOS="428" WIDTH="44" HEIGHT="20" WC="0.96" CONTENT="icke"/><SP WIDTH="15" VPOS="428" HPOS="130"/>
							<String ID="string_93" HPOS="145" VPOS="429" WIDTH="49" HEIGHT="19" WC="0.96" CONTENT="blott"/><SP WIDTH="14" VPOS="429" HPOS="194"/>
							<String ID="string_94" HPOS="208" VPOS="429" WIDTH="41" HEIGHT="19" WC="0.96" CONTENT="fritt"/><SP WIDTH="13" VPOS="429" HPOS="249"/>
							<String ID="string_95" HPOS="262" VPOS="429" WIDTH="111" HEIGHT="19" WC="0.96" CONTENT="bestämma"/><SP WIDTH="14" VPOS="429" HPOS="373"/>
							<String ID="string_96" HPOS="387" VPOS="430" WIDTH="56" HEIGHT="19" WC="0.93" CONTENT="öfver"/><SP WIDTH="14" VPOS="430" HPOS="443"/>
							<String ID="string_97" HPOS="457" VPOS="428" WIDTH="212" HEIGHT="26" WC="0.91" CONTENT="Bevillningsstadgans"/><SP WIDTH="14" VPOS="428" HPOS="669"/>
							<String ID="string_98" HPOS="683" VPOS="427" WIDTH="83" HEIGHT="27" WC="0.96" CONTENT="lydelse,"/><SP WIDTH="16" VPOS="427" HPOS="766"/>
							<String ID="string_99" HPOS="782" VPOS="430" WIDTH="47" HEIGHT="17" WC="0.96" CONTENT="utan"/>
						</TextLine>
						<TextLine ID="line_11" HPOS="85" VPOS="454" WIDTH="744" HEIGHT="27">
							<String ID="string_100" HPOS="85" VPOS="455" WIDTH="59" HEIGHT="19" WC="0.96" CONTENT="äfven"/><SP WIDTH="14" VPOS="455" HPOS="144"/>
							<String ID="string_101" HPOS="158" VPOS="456" WIDTH="56" HEIGHT="18" WC="0.96" CONTENT="öfver"/><SP WIDTH="14" VPOS="456" HPOS="214"/>
							<String ID="string_102" HPOS="228" VPOS="455" WIDTH="138" HEIGHT="19" WC="0.95" CONTENT="användandet"/><SP WIDTH="13" VPOS="455" HPOS="366"/>
							<String ID="string_103" HPOS="379" VPOS="456" WIDTH="21" HEIGHT="18" WC="0.96" CONTENT="af"/><SP WIDTH="11" VPOS="456" HPOS="400"/>
							<String ID="string_104" HPOS="411" VPOS="455" WIDTH="26" HEIGHT="20" WC="0.96" CONTENT="de"/><SP WIDTH="8" VPOS="455" HPOS="437"/>
							<String ID="string_105" HPOS="445" VPOS="461" WIDTH="71" HEIGHT="20" WC="0.93" CONTENT="genom"/><SP WIDTH="8" VPOS="461" HPOS="516"/>
							<String ID="string_106" HPOS="524" VPOS="454" WIDTH="195" HEIGHT="26" WC="0.91" CONTENT="bevillningsskatten"/><SP WIDTH="10" VPOS="454" HPOS="719"/>
							<String ID="string_107" HPOS="729" VPOS="454" WIDTH="26" HEIGHT="20" WC="0.93" CONTENT="till"/><SP WIDTH="11" VPOS="454" HPOS="755"/>
							<String ID="string_108" HPOS="766" VPOS="454" WIDTH="63" HEIGHT="20" WC="0.91" CONTENT="Stats-"/>
						</TextLine>
						<TextLine ID="line_12" HPOS="85" VPOS="480" WIDTH="743" HEIGHT="26">
							<String ID="string_109" HPOS="85" VPOS="481" WIDTH="73" HEIGHT="19" WC="0.94" CONTENT="verket"/><SP WIDTH="14" VPOS="481" HPOS="158"/>
							<String ID="string_110" HPOS="172" VPOS="481" WIDTH="96" HEIGHT="25" WC="0.96" CONTENT="ingående"/><SP WIDTH="17" VPOS="481" HPOS="268"/>
							<String ID="string_111" HPOS="285" VPOS="482" WIDTH="74" HEIGHT="24" WC="0.95" CONTENT="medel,"/><SP WIDTH="17" VPOS="482" HPOS="359"/>
							<String ID="string_112" HPOS="376" VPOS="484" WIDTH="51" HEIGHT="17" WC="0.96" CONTENT="samt"/><SP WIDTH="16" VPOS="484" HPOS="427"/>
							<String ID="string_113" HPOS="443" VPOS="484" WIDTH="28" HEIGHT="17" WC="0.96" CONTENT="att"/><SP WIDTH="17" VPOS="484" HPOS="471"/>
							<String ID="string_114" HPOS="488" VPOS="482" WIDTH="29" HEIGHT="19" WC="0.96" CONTENT="för"/><SP WIDTH="18" VPOS="482" HPOS="517"/>
							<String ID="string_115" HPOS="535" VPOS="481" WIDTH="141" HEIGHT="25" WC="0.96" CONTENT="förvaltningen"/><SP WIDTH="17" VPOS="481" HPOS="676"/>
							<String ID="string_116" HPOS="693" VPOS="481" WIDTH="22" HEIGHT="19" WC="0.96" CONTENT="af"/><SP WIDTH="11" VPOS="481" HPOS="715"/>
							<String ID="string_117" HPOS="726" VPOS="480" WIDTH="102" HEIGHT="20" WC="0.96" CONTENT="desamma"/>
						</TextLine>
						<TextLine ID="line_13" HPOS="85" VPOS="506" WIDTH="745" HEIGHT="26">
							<String ID="string_118" HPOS="85" VPOS="508" WIDTH="49" HEIGHT="19" WC="0.96" CONTENT="skall"/><SP WIDTH="16" VPOS="508" HPOS="134"/>
							<String ID="string_119" HPOS="150" VPOS="508" WIDTH="50" HEIGHT="19" WC="0.93" CONTENT="inför"/><SP WIDTH="13" VPOS="508" HPOS="200"/>
							<String ID="string_120" HPOS="213" VPOS="508" WIDTH="108" HEIGHT="20" WC="0.92" CONTENT="Ständerna"/><SP WIDTH="17" VPOS="508" HPOS="321"/>
							<String ID="string_121" HPOS="338" VPOS="508" WIDTH="33" HEIGHT="20" WC="0.96" CONTENT="vid"/><SP WIDTH="17" VPOS="508" HPOS="371"/>
							<String ID="string_122" HPOS="388" VPOS="510" WIDTH="58" HEIGHT="18" WC="0.93" CONTENT="nästa"/><SP WIDTH="17" VPOS="510" HPOS="446"/>
							<String ID="string_123" HPOS="463" VPOS="508" WIDTH="100" HEIGHT="24" WC="0.91" CONTENT="Landtdag"/><SP WIDTH="17" VPOS="508" HPOS="563"/>
							<String ID="string_124" HPOS="580" VPOS="507" WIDTH="112" HEIGHT="23" WC="0.96" CONTENT="redovisas;"/><SP WIDTH="20" VPOS="507" HPOS="692"/>
							<String ID="string_125" HPOS="712" VPOS="506" WIDTH="118" HEIGHT="20" WC="0.96" CONTENT="kommande"/>
						</TextLine>
						<TextLine ID="line_14" HPOS="85" VPOS="532" WIDTH="744" HEIGHT="27">
							<String ID="string_126" HPOS="85" VPOS="534" WIDTH="109" HEIGHT="20" WC="0.91" CONTENT="Ständerna"/><SP WIDTH="17" VPOS="534" HPOS="194"/>
							<String ID="string_127" HPOS="211" VPOS="537" WIDTH="27" HEIGHT="17" WC="0.95" CONTENT="att"/><SP WIDTH="17" VPOS="537" HPOS="238"/>
							<String ID="string_128" HPOS="255" VPOS="535" WIDTH="33" HEIGHT="19" WC="0.96" CONTENT="vid"/><SP WIDTH="20" VPOS="535" HPOS="288"/>
							<String ID="string_129" HPOS="308" VPOS="534" WIDTH="60" HEIGHT="20" WC="0.96" CONTENT="dessa"/><SP WIDTH="20" VPOS="534" HPOS="368"/>
							<String ID="string_130" HPOS="388" VPOS="535" WIDTH="21" HEIGHT="19" WC="0.96" CONTENT="af"/><SP WIDTH="18" VPOS="535" HPOS="409"/>
							<String ID="string_131" HPOS="427" VPOS="535" WIDTH="62" HEIGHT="19" WC="0.96" CONTENT="Hans"/><SP WIDTH="17" VPOS="535" HPOS="489"/>
							<String ID="string_132" HPOS="506" VPOS="534" WIDTH="133" HEIGHT="25" WC="0.95" CONTENT="Kejserliga"/><SP WIDTH="16" VPOS="534" HPOS="639"/>
							<String ID="string_133" HPOS="655" VPOS="532" WIDTH="113" HEIGHT="26" WC="0.96" CONTENT="Majestät"/><SP WIDTH="14" VPOS="532" HPOS="768"/>
							<String ID="string_134" HPOS="782" VPOS="533" WIDTH="47" HEIGHT="19" WC="0.96" CONTENT="dem"/>
						</TextLine>
						<TextLine ID="line_15" HPOS="85" VPOS="560" WIDTH="564" HEIGHT="27">
							<String ID="string_135" HPOS="85" VPOS="561" WIDTH="89" HEIGHT="25" WC="0.91" CONTENT="tillsagde"/><SP WIDTH="14" VPOS="561" HPOS="174"/>
							<String ID="string_136" HPOS="188" VPOS="561" WIDTH="147" HEIGHT="26" WC="0.91" CONTENT="berättiganden"/><SP WIDTH="14" VPOS="561" HPOS="335"/>
							<String ID="string_137" HPOS="349" VPOS="562" WIDTH="59" HEIGHT="19" WC="0.96" CONTENT="äfven"/><SP WIDTH="15" VPOS="562" HPOS="408"/>
							<String ID="string_138" HPOS="423" VPOS="561" WIDTH="96" HEIGHT="26" WC="0.96" CONTENT="framgent"/><SP WIDTH="16" VPOS="561" HPOS="519"/>
							<String ID="string_139" HPOS="535" VPOS="560" WIDTH="114" HEIGHT="21" WC="0.96" CONTENT="bibehållas."/>
						</TextLine>
					</TextBlock>
					<TextBlock ID="block_3" HPOS="85" VPOS="586" WIDTH="747" HEIGHT="238">
						<TextLine ID="line_16" HPOS="139" VPOS="586" WIDTH="691" HEIGHT="27">
							<String ID="string_140" HPOS="139" VPOS="587" WIDTH="29" HEIGHT="20" WC="0.96" CONTENT="Då"/><SP WIDTH="15" VPOS="587" HPOS="168"/>
							<String ID="string_141" HPOS="183" VPOS="588" WIDTH="33" HEIGHT="19" WC="0.96" CONTENT="det"/><SP WIDTH="14" VPOS="588" HPOS="216"/>
							<String ID="string_142" HPOS="230" VPOS="590" WIDTH="22" HEIGHT="17" WC="0.95" CONTENT="är"/><SP WIDTH="14" VPOS="590" HPOS="252"/>
							<String ID="string_143" HPOS="266" VPOS="588" WIDTH="61" HEIGHT="25" WC="0.96" CONTENT="billigt"/><SP WIDTH="13" VPOS="588" HPOS="327"/>
							<String ID="string_144" HPOS="340" VPOS="590" WIDTH="28" HEIGHT="17" WC="0.93" CONTENT="att"/><SP WIDTH="14" VPOS="590" HPOS="368"/>
							<String ID="string_145" HPOS="382" VPOS="588" WIDTH="127" HEIGHT="20" WC="0.91" CONTENT="innehafvare"/><SP WIDTH="16" VPOS="588" HPOS="509"/>
							<String ID="string_146" HPOS="525" VPOS="588" WIDTH="20" HEIGHT="19" WC="0.96" CONTENT="af"/><SP WIDTH="12" VPOS="588" HPOS="545"/>
							<String ID="string_147" HPOS="557" VPOS="588" WIDTH="86" HEIGHT="19" WC="0.96" CONTENT="fabriker"/><SP WIDTH="15" VPOS="588" HPOS="643"/>
							<String ID="string_148" HPOS="658" VPOS="587" WIDTH="38" HEIGHT="19" WC="0.93" CONTENT="och"/><SP WIDTH="8" VPOS="587" HPOS="696"/>
							<String ID="string_149" HPOS="704" VPOS="586" WIDTH="126" HEIGHT="21" WC="0.91" CONTENT="manufaktu-"/>
						</TextLine>
						<TextLine ID="line_17" HPOS="86" VPOS="613" WIDTH="746" HEIGHT="27">
							<String ID="string_150" HPOS="86" VPOS="620" WIDTH="39" HEIGHT="19" WC="0.95" CONTENT="rer,"/><SP WIDTH="17" VPOS="620" HPOS="125"/>
							<String ID="string_151" HPOS="142" VPOS="615" WIDTH="20" HEIGHT="19" WC="0.96" CONTENT="af"/><SP WIDTH="12" VPOS="615" HPOS="162"/>
							<String ID="string_152" HPOS="174" VPOS="614" WIDTH="37" HEIGHT="19" WC="0.96" CONTENT="den"/><SP WIDTH="14" VPOS="614" HPOS="211"/>
							<String ID="string_153" HPOS="225" VPOS="614" WIDTH="59" HEIGHT="26" WC="0.96" CONTENT="årliga"/><SP WIDTH="15" VPOS="614" HPOS="284"/>
							<String ID="string_154" HPOS="299" VPOS="615" WIDTH="86" HEIGHT="19" WC="0.96" CONTENT="inkomst"/><SP WIDTH="14" VPOS="615" HPOS="385"/>
							<String ID="string_155" HPOS="399" VPOS="614" WIDTH="92" HEIGHT="26" WC="0.93" CONTENT="näringen"/><SP WIDTH="14" VPOS="614" HPOS="491"/>
							<String ID="string_156" HPOS="505" VPOS="614" WIDTH="104" HEIGHT="26" WC="0.91" CONTENT="inbringar,"/><SP WIDTH="16" VPOS="614" HPOS="609"/>
							<String ID="string_157" HPOS="625" VPOS="614" WIDTH="39" HEIGHT="19" WC="0.96" CONTENT="lika"/><SP WIDTH="15" VPOS="614" HPOS="664"/>
							<String ID="string_158" HPOS="679" VPOS="613" WIDTH="45" HEIGHT="19" WC="0.93" CONTENT="med"/><SP WIDTH="15" VPOS="613" HPOS="724"/>
							<String ID="string_159" HPOS="739" VPOS="618" WIDTH="58" HEIGHT="20" WC="0.89" CONTENT="egare"/><SP WIDTH="14" VPOS="618" HPOS="797"/>
							<String ID="string_160" HPOS="811" VPOS="613" WIDTH="21" HEIGHT="19" WC="0.96" CONTENT="af"/>
						</TextLine>
						<TextLine ID="line_18" HPOS="85" VPOS="640" WIDTH="745" HEIGHT="26">
							<String ID="string_161" HPOS="85" VPOS="641" WIDTH="99" HEIGHT="25" WC="0.91" CONTENT="bergverk"/><SP WIDTH="16" VPOS="641" HPOS="184"/>
							<String ID="string_162" HPOS="200" VPOS="642" WIDTH="36" HEIGHT="18" WC="0.93" CONTENT="och"/><SP WIDTH="15" VPOS="642" HPOS="236"/>
							<String ID="string_163" HPOS="251" VPOS="647" WIDTH="87" HEIGHT="19" WC="0.91" CONTENT="qvarnar"/><SP WIDTH="14" VPOS="647" HPOS="338"/>
							<String ID="string_164" HPOS="352" VPOS="641" WIDTH="46" HEIGHT="20" WC="0.96" CONTENT="med"/><SP WIDTH="14" VPOS="641" HPOS="398"/>
							<String ID="string_165" HPOS="412" VPOS="641" WIDTH="47" HEIGHT="19" WC="0.96" CONTENT="flere"/><SP WIDTH="14" VPOS="641" HPOS="459"/>
							<String ID="string_166" HPOS="473" VPOS="640" WIDTH="131" HEIGHT="26" WC="0.96" CONTENT="inrättningar,"/><SP WIDTH="16" VPOS="640" HPOS="604"/>
							<String ID="string_167" HPOS="620" VPOS="640" WIDTH="26" HEIGHT="20" WC="0.96" CONTENT="till"/><SP WIDTH="15" VPOS="640" HPOS="646"/>
							<String ID="string_168" HPOS="661" VPOS="640" WIDTH="77" HEIGHT="20" WC="0.96" CONTENT="Kronan"/><SP WIDTH="9" VPOS="640" HPOS="738"/>
							<String ID="string_169" HPOS="747" VPOS="640" WIDTH="38" HEIGHT="19" WC="0.96" CONTENT="och"/><SP WIDTH="10" VPOS="640" HPOS="785"/>
							<String ID="string_170" HPOS="795" VPOS="640" WIDTH="35" HEIGHT="19" WC="0.96" CONTENT="det"/>
						</TextLine>
						<TextLine ID="line_19" HPOS="85" VPOS="666" WIDTH="745" HEIGHT="27">
							<String ID="string_171" HPOS="85" VPOS="668" WIDTH="96" HEIGHT="19" WC="0.96" CONTENT="allmänna"/><SP WIDTH="14" VPOS="668" HPOS="181"/>
							<String ID="string_172" HPOS="195" VPOS="668" WIDTH="69" HEIGHT="24" WC="0.96" CONTENT="utgöra"/><SP WIDTH="15" VPOS="668" HPOS="264"/>
							<String ID="string_173" HPOS="279" VPOS="668" WIDTH="61" HEIGHT="25" WC="0.95" CONTENT="skälig"/><SP WIDTH="14" VPOS="668" HPOS="340"/>
							<String ID="string_174" HPOS="354" VPOS="667" WIDTH="53" HEIGHT="20" WC="0.93" CONTENT="skatt"/><SP WIDTH="13" VPOS="667" HPOS="407"/>
							<String ID="string_175" HPOS="420" VPOS="668" WIDTH="132" HEIGHT="19" WC="0.92" CONTENT="öfverlemnar"/><SP WIDTH="14" VPOS="668" HPOS="552"/>
							<String ID="string_176" HPOS="566" VPOS="668" WIDTH="62" HEIGHT="18" WC="0.96" CONTENT="Hans"/><SP WIDTH="14" VPOS="668" HPOS="628"/>
							<String ID="string_177" HPOS="642" VPOS="666" WIDTH="136" HEIGHT="26" WC="0.91" CONTENT="Kejserliga"/><SP WIDTH="9" VPOS="666" HPOS="778"/>
							<String ID="string_178" HPOS="787" VPOS="666" WIDTH="43" HEIGHT="19" WC="0.91" CONTENT="Ma-"/>
						</TextLine>
						<TextLine ID="line_20" HPOS="85" VPOS="692" WIDTH="745" HEIGHT="27">
							<String ID="string_179" HPOS="85" VPOS="693" WIDTH="74" HEIGHT="25" WC="0.92" CONTENT="jestät"/><SP WIDTH="13" VPOS="693" HPOS="159"/>
							<String ID="string_180" HPOS="172" VPOS="694" WIDTH="28" HEIGHT="19" WC="0.93" CONTENT="till"/><SP WIDTH="16" VPOS="694" HPOS="200"/>
							<String ID="string_181" HPOS="216" VPOS="694" WIDTH="119" HEIGHT="19" WC="0.92" CONTENT="Ständernas"/><SP WIDTH="15" VPOS="694" HPOS="335"/>
							<String ID="string_182" HPOS="350" VPOS="694" WIDTH="103" HEIGHT="25" WC="0.92" CONTENT="afgörande"/><SP WIDTH="15" VPOS="694" HPOS="453"/>
							<String ID="string_183" HPOS="468" VPOS="695" WIDTH="50" HEIGHT="18" WC="0.96" CONTENT="efter"/><SP WIDTH="14" VPOS="695" HPOS="518"/>
							<String ID="string_184" HPOS="532" VPOS="694" WIDTH="79" HEIGHT="20" WC="0.96" CONTENT="hvilken"/><SP WIDTH="18" VPOS="694" HPOS="611"/>
							<String ID="string_185" HPOS="629" VPOS="693" WIDTH="62" HEIGHT="25" WC="0.96" CONTENT="grund"/><SP WIDTH="15" VPOS="693" HPOS="691"/>
							<String ID="string_186" HPOS="706" VPOS="692" WIDTH="37" HEIGHT="20" WC="0.96" CONTENT="och"/><SP WIDTH="15" VPOS="692" HPOS="743"/>
							<String ID="string_187" HPOS="758" VPOS="693" WIDTH="5" HEIGHT="19" WC="0.96" CONTENT="i"/><SP WIDTH="15" VPOS="693" HPOS="763"/>
							<String ID="string_188" HPOS="778" VPOS="692" WIDTH="52" HEIGHT="20" WC="0.96" CONTENT="hvad"/>
						</TextLine>
						<TextLine ID="line_21" HPOS="86" VPOS="719" WIDTH="743" HEIGHT="27">
							<String ID="string_189" HPOS="86" VPOS="720" WIDTH="82" HEIGHT="26" WC="0.96" CONTENT="ordning"/><SP WIDTH="15" VPOS="720" HPOS="168"/>
							<String ID="string_190" HPOS="183" VPOS="720" WIDTH="57" HEIGHT="20" WC="0.93" CONTENT="dessa"/><SP WIDTH="16" VPOS="720" HPOS="240"/>
							<String ID="string_191" HPOS="256" VPOS="720" WIDTH="161" HEIGHT="20" WC="0.91" CONTENT="industri-idkare"/><SP WIDTH="13" VPOS="720" HPOS="417"/>
							<String ID="string_192" HPOS="430" VPOS="721" WIDTH="54" HEIGHT="24" WC="0.96" CONTENT="böra,"/><SP WIDTH="16" VPOS="721" HPOS="484"/>
							<String ID="string_193" HPOS="500" VPOS="723" WIDTH="55" HEIGHT="17" WC="0.96" CONTENT="utom"/><SP WIDTH="14" VPOS="723" HPOS="555"/>
							<String ID="string_194" HPOS="569" VPOS="720" WIDTH="126" HEIGHT="19" WC="0.96" CONTENT="kommunala"/><SP WIDTH="14" VPOS="720" HPOS="695"/>
							<String ID="string_195" HPOS="709" VPOS="719" WIDTH="73" HEIGHT="19" WC="0.92" CONTENT="besvär"/><SP WIDTH="14" VPOS="719" HPOS="782"/>
							<String ID="string_196" HPOS="796" VPOS="724" WIDTH="33" HEIGHT="14" WC="0.92" CONTENT="en-"/>
						</TextLine>
						<TextLine ID="line_22" HPOS="85" VPOS="746" WIDTH="745" HEIGHT="26">
							<String ID="string_197" HPOS="85" VPOS="747" WIDTH="34" HEIGHT="25" WC="0.94" CONTENT="ligt"/><SP WIDTH="15" VPOS="747" HPOS="119"/>
							<String ID="string_198" HPOS="134" VPOS="746" WIDTH="48" HEIGHT="26" WC="0.96" CONTENT="årlig"/><SP WIDTH="14" VPOS="746" HPOS="182"/>
							<String ID="string_199" HPOS="196" VPOS="747" WIDTH="95" HEIGHT="25" WC="0.95" CONTENT="taxering,"/><SP WIDTH="16" VPOS="747" HPOS="291"/>
							<String ID="string_200" HPOS="307" VPOS="748" WIDTH="76" HEIGHT="24" WC="0.93" CONTENT="erlägga"/><SP WIDTH="15" VPOS="748" HPOS="383"/>
							<String ID="string_201" HPOS="398" VPOS="747" WIDTH="130" HEIGHT="25" WC="0.92" CONTENT="näringsafgift"/><SP WIDTH="16" VPOS="747" HPOS="528"/>
							<String ID="string_202" HPOS="544" VPOS="747" WIDTH="26" HEIGHT="19" WC="0.95" CONTENT="till"/><SP WIDTH="15" VPOS="747" HPOS="570"/>
							<String ID="string_203" HPOS="585" VPOS="746" WIDTH="87" HEIGHT="25" WC="0.96" CONTENT="Kronan,"/><SP WIDTH="16" VPOS="746" HPOS="672"/>
							<String ID="string_204" HPOS="688" VPOS="746" WIDTH="30" HEIGHT="19" WC="0.96" CONTENT="för"/><SP WIDTH="13" VPOS="746" HPOS="718"/>
							<String ID="string_205" HPOS="731" VPOS="746" WIDTH="38" HEIGHT="18" WC="0.90" CONTENT="den"/><SP WIDTH="14" VPOS="746" HPOS="769"/>
							<String ID="string_206" HPOS="783" VPOS="746" WIDTH="47" HEIGHT="18" WC="0.90" CONTENT="hän-"/>
						</TextLine>
						<TextLine ID="line_23" HPOS="86" VPOS="772" WIDTH="743" HEIGHT="26">
							<String ID="string_207" HPOS="86" VPOS="772" WIDTH="55" HEIGHT="20" WC="0.93" CONTENT="delse"/><SP WIDTH="15" VPOS="772" HPOS="141"/>
							<String ID="string_208" HPOS="156" VPOS="773" WIDTH="108" HEIGHT="19" WC="0.91" CONTENT="Ständerna"/><SP WIDTH="14" VPOS="773" HPOS="264"/>
							<String ID="string_209" HPOS="278" VPOS="773" WIDTH="44" HEIGHT="19" WC="0.96" CONTENT="icke"/><SP WIDTH="14" VPOS="773" HPOS="322"/>
							<String ID="string_210" HPOS="336" VPOS="773" WIDTH="63" HEIGHT="19" WC="0.96" CONTENT="skulle"/><SP WIDTH="15" VPOS="773" HPOS="399"/>
							<String ID="string_211" HPOS="414" VPOS="773" WIDTH="111" HEIGHT="20" WC="0.96" CONTENT="bestämma"/><SP WIDTH="14" VPOS="773" HPOS="525"/>
							<String ID="string_212" HPOS="539" VPOS="773" WIDTH="30" HEIGHT="25" WC="0.96" CONTENT="sig"/><SP WIDTH="14" VPOS="773" HPOS="569"/>
							<String ID="string_213" HPOS="583" VPOS="772" WIDTH="28" HEIGHT="20" WC="0.96" CONTENT="för"/><SP WIDTH="14" VPOS="772" HPOS="611"/>
							<String ID="string_214" HPOS="625" VPOS="772" WIDTH="107" HEIGHT="26" WC="0.96" CONTENT="utgörande"/><SP WIDTH="14" VPOS="772" HPOS="732"/>
							<String ID="string_215" HPOS="746" VPOS="772" WIDTH="20" HEIGHT="19" WC="0.93" CONTENT="af"/><SP WIDTH="12" VPOS="772" HPOS="766"/>
							<String ID="string_216" HPOS="778" VPOS="772" WIDTH="51" HEIGHT="19" WC="0.91" CONTENT="före-"/>
						</TextLine>
						<TextLine ID="line_24" HPOS="86" VPOS="799" WIDTH="278" HEIGHT="25">
							<String ID="string_217" HPOS="86" VPOS="799" WIDTH="67" HEIGHT="25" WC="0.95" CONTENT="slagen"/><SP WIDTH="15" VPOS="799" HPOS="153"/>
							<String ID="string_218" HPOS="168" VPOS="800" WIDTH="71" HEIGHT="18" WC="0.92" CONTENT="allmän"/><SP WIDTH="14" VPOS="800" HPOS="239"/>
							<String ID="string_219" HPOS="253" VPOS="799" WIDTH="111" HEIGHT="25" WC="0.90" CONTENT="bevillning."/>
						</TextLine>
					</TextBlock>
					<TextBlock ID="block_4" HPOS="158" VPOS="824" WIDTH="671" HEIGHT="80">
						<TextLine ID="line_25" HPOS="158" VPOS="824" WIDTH="671" HEIGHT="27">
							<String ID="string_220" HPOS="158" VPOS="829" WIDTH="3" HEIGHT="2" WC="0.13" CONTENT=":"/><SP WIDTH="135" VPOS="829" HPOS="161"/>
							<String ID="string_221" HPOS="296" VPOS="826" WIDTH="64" HEIGHT="25" WC="0.96" CONTENT="Enligt"/><SP WIDTH="17" VPOS="826" HPOS="360"/>
							<String ID="string_222" HPOS="377" VPOS="826" WIDTH="64" HEIGHT="19" WC="0.93" CONTENT="Hans"/><SP WIDTH="15" VPOS="826" HPOS="441"/>
							<String ID="string_223" HPOS="456" VPOS="824" WIDTH="133" HEIGHT="27" WC="0.95" CONTENT="Kejserliga"/><SP WIDTH="22" VPOS="824" HPOS="589"/>
							<String ID="string_224" HPOS="611" VPOS="824" WIDTH="123" HEIGHT="25" WC="0.93" CONTENT="Majestäts"/><SP WIDTH="21" VPOS="824" HPOS="734"/>
							<String ID="string_225" HPOS="755" VPOS="824" WIDTH="74" HEIGHT="25" WC="0.83" CONTENT="Nädiga"/>
						</TextLine>
						<TextLine ID="line_26" HPOS="227" VPOS="851" WIDTH="602" HEIGHT="26">
							<String ID="string_226" HPOS="227" VPOS="852" WIDTH="111" HEIGHT="25" WC="0.93" CONTENT="befallning,"/><SP WIDTH="20" VPOS="852" HPOS="338"/>
							<String ID="string_227" HPOS="358" VPOS="852" WIDTH="65" HEIGHT="25" WC="0.92" CONTENT="gifven"/><SP WIDTH="16" VPOS="852" HPOS="423"/>
							<String ID="string_228" HPOS="439" VPOS="852" WIDTH="6" HEIGHT="19" WC="0.96" CONTENT="i"/><SP WIDTH="18" VPOS="852" HPOS="445"/>
							<String ID="string_229" HPOS="463" VPOS="853" WIDTH="32" HEIGHT="19" WC="0.96" CONTENT="S:t"/><SP WIDTH="16" VPOS="853" HPOS="495"/>
							<String ID="string_230" HPOS="511" VPOS="851" WIDTH="122" HEIGHT="25" WC="0.96" CONTENT="Petersburg"/><SP WIDTH="17" VPOS="851" HPOS="633"/>
							<String ID="string_231" HPOS="650" VPOS="851" WIDTH="38" HEIGHT="20" WC="0.96" CONTENT="den"/><SP WIDTH="15" VPOS="851" HPOS="688"/>
							<String ID="string_232" HPOS="703" VPOS="851" WIDTH="22" HEIGHT="20" WC="0.96" CONTENT="31"/><SP WIDTH="18" VPOS="851" HPOS="725"/>
							<String ID="string_233" HPOS="743" VPOS="851" WIDTH="37" HEIGHT="20" WC="0.96" CONTENT="Juli"/><SP WIDTH="15" VPOS="851" HPOS="780"/>
							<String ID="string_234" HPOS="795" VPOS="851" WIDTH="34" HEIGHT="25" WC="0.96" CONTENT="(12"/>
						</TextLine>
						<TextLine ID="line_27" HPOS="227" VPOS="878" WIDTH="164" HEIGHT="26">
							<String ID="string_235" HPOS="227" VPOS="878" WIDTH="90" HEIGHT="26" WC="0.96" CONTENT="Augusti)"/><SP WIDTH="16" VPOS="878" HPOS="317"/>
							<String ID="string_236" HPOS="333" VPOS="879" WIDTH="58" HEIGHT="19" WC="0.96" CONTENT="1863."/>
						</TextLine>
					</TextBlock>
				</ComposedBlock>
				<ComposedBlock ID="cblock_2" HPOS="352" VPOS="928" WIDTH="410" HEIGHT="69">
					<TextBlock ID="block_5" HPOS="352" VPOS="928" WIDTH="410" HEIGHT="69">
						<TextLine ID="line_28" HPOS="352" VPOS="928" WIDTH="212" HEIGHT="19">
							<String ID="string_237" HPOS="352" VPOS="929" WIDTH="74" HEIGHT="17" WC="0.96" CONTENT="Alex."/><SP WIDTH="13" VPOS="929" HPOS="426"/>
							<String ID="string_238" HPOS="439" VPOS="928" WIDTH="125" HEIGHT="19" WC="0.94" CONTENT="Armfelt."/>
						</TextLine>
						<TextLine ID="line_29" HPOS="555" VPOS="975" WIDTH="207" HEIGHT="22">
							<String ID="string_239" HPOS="555" VPOS="977" WIDTH="26" HEIGHT="20" WC="0.3" CONTENT="A:"/><SP WIDTH="8" VPOS="977" HPOS="581"/>
							<String ID="string_240" HPOS="589" VPOS="976" WIDTH="27" HEIGHT="19" WC="0.3" CONTENT="W."/><SP WIDTH="12" VPOS="976" HPOS="616"/>
							<String ID="string_241" HPOS="628" VPOS="975" WIDTH="134" HEIGHT="20" WC="0.89" CONTENT="Wallensköld."/>
						</TextLine>
					</TextBlock>
				</ComposedBlock>
				<ComposedBlock ID="cblock_3" HPOS="171" VPOS="1141" WIDTH="574" HEIGHT="247">
					<TextBlock ID="block_6" HPOS="171" VPOS="1141" WIDTH="574" HEIGHT="247">
						<TextLine ID="line_30" HPOS="171" VPOS="1141" WIDTH="574" HEIGHT="39">
							<String ID="string_242" HPOS="171" VPOS="1142" WIDTH="159" HEIGHT="32" WC="0.91" CONTENT="Finlands"/><SP WIDTH="29" VPOS="1142" HPOS="330"/>
							<String ID="string_243" HPOS="359" VPOS="1142" WIDTH="163" HEIGHT="32" WC="0.91" CONTENT="Ständers"/><SP WIDTH="27" VPOS="1142" HPOS="522"/>
							<String ID="string_244" HPOS="549" VPOS="1141" WIDTH="196" HEIGHT="39" WC="0.90" CONTENT="Bevillning"/>
						</TextLine>
						<TextLine ID="line_31" HPOS="188" VPOS="1205" WIDTH="539" HEIGHT="26">
							<String ID="string_245" HPOS="188" VPOS="1207" WIDTH="32" HEIGHT="19" WC="0.96" CONTENT="för"/><SP WIDTH="10" VPOS="1207" HPOS="220"/>
							<String ID="string_246" HPOS="230" VPOS="1206" WIDTH="22" HEIGHT="20" WC="0.91" CONTENT="år"/><SP WIDTH="12" VPOS="1206" HPOS="252"/>
							<String ID="string_247" HPOS="264" VPOS="1222" WIDTH="4" HEIGHT="4" WC="0.90" CONTENT="."/><SP WIDTH="15" VPOS="1222" HPOS="268"/>
							<String ID="string_248" HPOS="283" VPOS="1222" WIDTH="5" HEIGHT="4" WC="0.84" CONTENT="."/><SP WIDTH="14" VPOS="1222" HPOS="288"/>
							<String ID="string_249" HPOS="302" VPOS="1222" WIDTH="4" HEIGHT="4" WC="0.91" CONTENT="."/><SP WIDTH="14" VPOS="1222" HPOS="306"/>
							<String ID="string_250" HPOS="320" VPOS="1207" WIDTH="34" HEIGHT="19" WC="0.93" CONTENT="och"/><SP WIDTH="10" VPOS="1207" HPOS="354"/>
							<String ID="string_251" HPOS="364" VPOS="1206" WIDTH="107" HEIGHT="25" WC="0.96" CONTENT="påföljande"/><SP WIDTH="8" VPOS="1206" HPOS="471"/>
							<String ID="string_252" HPOS="479" VPOS="1206" WIDTH="22" HEIGHT="20" WC="0.94" CONTENT="är"/><SP WIDTH="8" VPOS="1206" HPOS="501"/>
							<String ID="string_253" HPOS="509" VPOS="1207" WIDTH="32" HEIGHT="19" WC="0.95" CONTENT="till"/><SP WIDTH="11" VPOS="1207" HPOS="541"/>
							<String ID="string_254" HPOS="552" VPOS="1207" WIDTH="34" HEIGHT="19" WC="0.91" CONTENT="och"/><SP WIDTH="11" VPOS="1207" HPOS="586"/>
							<String ID="string_255" HPOS="597" VPOS="1206" WIDTH="41" HEIGHT="20" WC="0.91" CONTENT="med"/><SP WIDTH="10" VPOS="1206" HPOS="638"/>
							<String ID="string_256" HPOS="648" VPOS="1205" WIDTH="22" HEIGHT="21" WC="0.90" CONTENT="är"/><SP WIDTH="13" VPOS="1205" HPOS="670"/>
							<String ID="string_257" HPOS="683" VPOS="1220" WIDTH="4" HEIGHT="4" WC="0.67" CONTENT="."/><SP WIDTH="16" VPOS="1220" HPOS="687"/>
							<String ID="string_258" HPOS="703" VPOS="1220" WIDTH="4" HEIGHT="4" WC="0.87" CONTENT="."/><SP WIDTH="15" VPOS="1220" HPOS="707"/>
							<String ID="string_259" HPOS="722" VPOS="1220" WIDTH="5" HEIGHT="4" WC="0.89" CONTENT="-"/>
						</TextLine>
						<TextLine ID="line_32" HPOS="391" VPOS="1266" WIDTH="276" HEIGHT="25">
							<String ID="string_260" HPOS="391" VPOS="1267" WIDTH="11" HEIGHT="19" WC="0.93" CONTENT="1"/><SP WIDTH="15" VPOS="1267" HPOS="402"/>
							<String ID="string_261" HPOS="417" VPOS="1266" WIDTH="106" HEIGHT="25" WC="0.92" CONTENT="Kapitlet."/><SP WIDTH="138" VPOS="1266" HPOS="523"/>
							<String ID="string_262" HPOS="661" VPOS="1279" WIDTH="6" HEIGHT="1" WC="0.89" CONTENT="-"/>
						</TextLine>
						<TextLine ID="line_33" HPOS="311" VPOS="1309" WIDTH="290" HEIGHT="28">
							<String ID="string_263" HPOS="311" VPOS="1309" WIDTH="118" HEIGHT="27" WC="0.93" CONTENT="Personlig"/><SP WIDTH="15" VPOS="1309" HPOS="429"/>
							<String ID="string_264" HPOS="444" VPOS="1309" WIDTH="157" HEIGHT="28" WC="0.85" CONTENT="skyddsafgift."/>
						</TextLine>
						<TextLine ID="line_34" HPOS="433" VPOS="1363" WIDTH="47" HEIGHT="25">
							<String ID="string_265" HPOS="433" VPOS="1363" WIDTH="10" HEIGHT="25" WC="0.87" CONTENT="$"/><SP WIDTH="18" VPOS="1363" HPOS="443"/>
							<String ID="string_266" HPOS="461" VPOS="1363" WIDTH="19" HEIGHT="19" WC="0.80" CONTENT="1."/>
						</TextLine>
					</TextBlock>
				</ComposedBlock>
				<ComposedBlock ID="cblock_4" HPOS="87" VPOS="1399" WIDTH="739" HEIGHT="55">
					<TextBlock ID="block_7" HPOS="87" VPOS="1399" WIDTH="739" HEIGHT="55">
						<TextLine ID="line_35" HPOS="140" VPOS="1399" WIDTH="686" HEIGHT="27">
							<String ID="string_267" HPOS="140" VPOS="1400" WIDTH="74" HEIGHT="26" WC="0.89" CONTENT="Hvarje"/><SP WIDTH="14" VPOS="1400" HPOS="214"/>
							<String ID="string_268" HPOS="228" VPOS="1406" WIDTH="72" HEIGHT="20" WC="0.96" CONTENT="person"/><SP WIDTH="15" VPOS="1406" HPOS="300"/>
							<String ID="string_269" HPOS="315" VPOS="1401" WIDTH="55" HEIGHT="19" WC="0.93" CONTENT="öfver"/><SP WIDTH="14" VPOS="1401" HPOS="370"/>
							<String ID="string_270" HPOS="384" VPOS="1401" WIDTH="74" HEIGHT="19" WC="0.96" CONTENT="femton"/><SP WIDTH="14" VPOS="1401" HPOS="458"/>
							<String ID="string_271" HPOS="472" VPOS="1400" WIDTH="34" HEIGHT="20" WC="0.96" CONTENT="års"/><SP WIDTH="14" VPOS="1400" HPOS="506"/>
							<String ID="string_272" HPOS="520" VPOS="1399" WIDTH="55" HEIGHT="21" WC="0.96" CONTENT="ålder"/><SP WIDTH="16" VPOS="1399" HPOS="575"/>
							<String ID="string_273" HPOS="591" VPOS="1399" WIDTH="87" HEIGHT="26" WC="0.93" CONTENT="erlägger"/><SP WIDTH="10" VPOS="1399" HPOS="678"/>
							<String ID="string_274" HPOS="688" VPOS="1399" WIDTH="138" HEIGHT="26" WC="0.70" CONTENT="skyddsafgift,"/>
						</TextLine>
						<TextLine ID="line_36" HPOS="87" VPOS="1425" WIDTH="636" HEIGHT="29">
							<String ID="string_275" HPOS="87" VPOS="1433" WIDTH="45" HEIGHT="14" WC="0.96" CONTENT="man"/><SP WIDTH="14" VPOS="1433" HPOS="132"/>
							<String ID="string_276" HPOS="146" VPOS="1427" WIDTH="46" HEIGHT="20" WC="0.93" CONTENT="med"/><SP WIDTH="14" VPOS="1427" HPOS="192"/>
							<String ID="string_277" HPOS="206" VPOS="1427" WIDTH="70" HEIGHT="27" WC="0.93" CONTENT="fyratio"/><SP WIDTH="14" VPOS="1427" HPOS="276"/>
							<String ID="string_278" HPOS="290" VPOS="1428" WIDTH="38" HEIGHT="19" WC="0.93" CONTENT="och"/><SP WIDTH="14" VPOS="1428" HPOS="328"/>
							<String ID="string_279" HPOS="342" VPOS="1427" WIDTH="71" HEIGHT="26" WC="0.92" CONTENT="gvinna"/><SP WIDTH="15" VPOS="1427" HPOS="413"/>
							<String ID="string_280" HPOS="428" VPOS="1427" WIDTH="45" HEIGHT="20" WC="0.93" CONTENT="med"/><SP WIDTH="14" VPOS="1427" HPOS="473"/>
							<String ID="string_281" HPOS="487" VPOS="1426" WIDTH="57" HEIGHT="26" WC="0.92" CONTENT="tjugu"/><SP WIDTH="13" VPOS="1426" HPOS="544"/>
							<String ID="string_282" HPOS="557" VPOS="1426" WIDTH="59" HEIGHT="26" WC="0.96" CONTENT="penni"/><SP WIDTH="15" VPOS="1426" HPOS="616"/>
							<String ID="string_283" HPOS="631" VPOS="1426" WIDTH="29" HEIGHT="19" WC="0.93" CONTENT="för"/><SP WIDTH="14" VPOS="1426" HPOS="660"/>
							<String ID="string_284" HPOS="674" VPOS="1425" WIDTH="49" HEIGHT="20" WC="0.96" CONTENT="året."/>
						</TextLine>
					</TextBlock>
				</ComposedBlock>
				<GraphicalElement ID="cblock_5" HPOS="1009" VPOS="831" WIDTH="3" HEIGHT="724"></GraphicalElement >
			</PrintSpace>
		</Page>
	</Layout>
</alto>
