1017 1689
307 140 70 21 Nådiga
389 141 139 22 Propositionen
541 141 37 17 N:o
588 142 29 16 30.
801 142 34 18 813

92 188 37 20 ock
144 189 21 19 af
176 189 46 19 dem
238 189 94 25 utfärdas,
347 190 104 19 äfvensom
466 190 25 19 till
506 191 138 24 afhandlingar,
656 191 130 20 förbindelser
796 192 39 19 och

91 215 61 20 andra
168 215 64 26 dylika
247 215 87 25 skrifter,
351 216 66 19 hvilka
432 216 88 20 enskilda
534 222 95 19 personer
644 217 30 25 sig
688 217 83 20 emelan
784 223 50 20 upp-

91 243 50 17 rätta
156 242 46 19 eller
217 241 27 20 till
259 247 63 14 annan
344 243 84 23 utställa,
444 243 48 19 skall
514 243 105 24 stämpladt
639 249 75 19 papper
734 244 100 25 begagnas

91 267 27 19 till
134 268 33 19 Jet
181 268 77 25 belopp,
274 267 26 26 pä
314 268 34 19 det
361 270 45 23 sätt,
418 269 44 19 med
477 269 24 19 de
511 270 98 23 undantag
624 271 38 18 och
673 269 32 19 vid
720 269 34 19 det
768 270 67 19 äfven-

91 295 32 24 tyr
138 295 36 18 här
189 294 106 19 nedanföre
310 294 86 25 stadgas.

144 320 10 24 $
169 320 18 19 2.
216 320 112 25 Stämpladt
349 321 125 25 skrifpapper
490 322 21 19 af
530 322 39 19 helt
586 321 36 20 ark
642 322 45 19 med
706 321 128 25 jemnskurna

90 345 71 20 kanter
176 347 47 18 skall
238 347 64 19 finnas
316 349 28 16 att
359 347 50 24 tillgå
424 348 20 19 af
457 347 83 25 följande
556 348 80 23 värden,
651 348 106 25 nemligen:
774 347 10 20 å
800 349 32 24 20,

92 373 32 24 30,
140 373 33 24 40,
190 373 31 24 50,
238 373 32 24 60,
288 372 24 21 70
327 373 37 19 och
380 373 24 20 80
423 374 57 24 penni
500 377 53 16 samt
573 373 11 20 å
600 375 9 19 4
626 375 63 24 mark,
713 375 10 19 4
738 374 56 19 mark
809 375 25 19 50

90 399 66 25 penni,
173 400 18 23 2,
208 400 18 22 3,
243 401 18 22 4,
279 400 18 23 5,
314 399 18 25 6,
350 401 18 23 7,
384 400 19 24 8,
421 401 30 23 10,
469 401 31 23 15,
516 401 32 23 20,
565 401 32 23 25,
610 401 31 24 30,
657 402 33 24 40,
707 401 31 24 50,
750 401 32 24 60,
799 401 33 25 80,

91 425 46 25 100,
154 426 45 23 150,
215 426 39 19 200
268 426 38 19 och
321 426 37 19 500
374 426 62 20 mark.

145 451 99 25 Derjemte
259 453 47 19 böra
328 453 67 18 kartor
409 453 20 18 af
446 453 76 20 mindre
543 454 77 24 format,
640 454 77 25 tryckta
737 453 24 26 pä
780 456 54 23 post-

90 478 49 19 eller
152 479 127 25 brefpapper,
295 479 62 19 finnas
372 479 20 19 af
405 480 32 24 20,
454 480 32 24 30,
502 481 32 23 40,
551 481 31 24 50,
599 480 32 25 60,
644 480 24 19 70
683 481 38 18 och
736 481 24 19 80
774 480 58 25 penni

90 507 52 17 samt
157 506 17 23 1,
191 505 19 24 2,
227 506 18 23 3,
262 506 19 21 5,
299 506 30 25 10,
346 506 24 19 20
386 505 37 20 och
438 507 25 18 50
477 506 67 20 marks
560 507 80 19 värden.

142 531 31 20 Till
190 532 136 25 ansökningar,
339 532 91 19 besvärs-
441 533 36 19 och
490 533 58 19 andra
560 533 86 24 skrifter,
656 539 44 13 som
708 532 26 21 till
746 533 88 20 embets-

89 558 76 19 verken
180 558 88 25 ingifvas,
284 559 103 19 äfvensom
401 559 26 19 till
443 559 69 20 dessas
530 559 96 26 utgående
643 560 70 25 utslag,
730 560 104 19 resolutio-

89 590 42 19 ner,
147 585 94 24 protokoll
263 585 37 19 och
315 585 60 20 andra
395 586 133 24 expeditioner
546 586 97 25 begagnas
664 587 42 18 hela
724 586 42 23 ark,
782 585 50 20 dock

88 610 33 21 må
132 611 160 20 notariatsbevis-
302 611 119 20 certifikater
431 613 37 18 och
479 612 60 20 andra
549 613 78 18 kortare
637 612 123 27 intyganden,
770 611 63 26 jemte

90 637 72 20 sådana
177 638 135 25 resolutioner,
329 639 183 25 protokollsutdrag,
527 639 261 26 besigtningsinstrumenter
802 645 28 14 m.

89 670 36 19 m.,
143 670 42 13 som
202 664 79 19 komma
296 667 27 16 att
337 665 25 20 till
378 665 75 19 utrikes
468 668 30 17 ort
514 665 98 23 afsändas,
628 667 34 17 när
676 665 109 26 sakegaren
799 665 34 20 det

89 690 101 24 åstundar,
207 690 24 26 på
247 691 105 25 stämpladt
361 697 75 20 papper
446 693 20 18 af
479 692 33 19 det
521 692 76 20 mindre
611 693 92 18 formatet
716 691 116 20 utskrifvas.

89 717 32 20 Till
136 717 90 20 enskilde
242 723 104 19 personers
360 718 137 25 afhandlingar
510 719 38 19 och
566 719 130 19 förbindelser
710 724 26 13 m.
753 724 35 18 m.,
806 718 28 19 äf-

89 749 84 14 vensom
188 743 25 20 till
228 744 114 25 beläggning
361 745 5 18 i
381 745 105 20 allmänhet
507 745 32 19 må
554 745 97 20 hvardera
672 746 21 18 af
705 744 128 21 förenämnde

90 771 41 25 slag
145 771 107 26 stämplådt
265 777 75 19 papper
355 772 50 19 efter
420 772 193 25 omständigheterna
627 772 106 19 användas.

142 797 12 26 $
168 798 19 19 3.
217 798 16 19 A
247 797 69 25 hvarje
333 798 35 19 ark
388 799 105 24 stämpladt
509 804 75 20 papper
606 799 103 24 anbringas
728 798 76 19 öfverst
821 797 11 20 å

88 823 48 20 dess
151 823 60 20 första
232 824 41 19 sida
291 830 24 13 en
330 824 67 26 tryckt
417 825 89 25 stämpel,
527 825 60 19 hvars
608 825 42 25 färg
669 824 30 19 för
713 825 93 18 kartorna
820 824 11 20 å

89 850 133 25 pennivärden
237 852 22 17 är
273 851 57 24 brun,
350 853 51 17 samt
421 851 28 19 för
469 851 46 20 dem
536 851 10 19 å
562 851 9 19 1
588 851 55 19 mark
658 851 38 19 och
717 851 115 19 derutöfver

88 876 39 20 blå.
140 872 8 35 "
157 877 31 19 Uti
202 877 63 19 denna
280 877 84 25 stämpel
378 877 69 25 finnes,
466 877 24 26 pä
506 881 28 16 ett
547 877 70 26 tydligt
631 878 37 19 och
686 878 35 19 lätt
734 877 6 19 i
754 880 78 22 ögonen

88 903 84 20 fallande
186 905 44 22 sätt,
246 905 64 17 utsatt
324 903 78 20 valören
417 904 46 19 med
478 905 63 18 större
558 903 65 20 siffror
637 906 51 17 samt
703 904 75 18 svensk
794 904 36 19 och

88 929 51 20 finsk
153 932 48 17 text.
230 929 58 20 Såväl
304 930 89 19 siffrorna
408 936 43 13 som
465 933 66 17 texten
546 931 33 18 äro
594 931 54 18 hvita
662 929 24 26 på
701 930 33 19 det
752 929 79 26 färgade

88 956 84 19 bottnet.

144 983 108 19 Dessutom
266 983 64 19 förses
347 982 68 26 hvarje
429 983 34 19 ark
479 983 104 26 stämpladt
592 988 75 20 papper
682 983 31 19 vid
728 983 41 19 öfra
784 983 48 18 kan-

88 1011 33 17 ten
135 1009 26 19 till
177 1010 59 24 höger
250 1009 11 19 å
276 1009 60 19 första
359 1009 55 20 sidan
429 1011 44 18 med
494 1009 218 25 Finansexpeditionens
727 1009 5 19 i
746 1009 84 19 Senaten

88 1035 177 25 kontroll-stämpel
281 1036 4 18 i
300 1035 50 25 rödt,
362 1035 79 19 hvilken
457 1036 83 24 stämpel
553 1035 71 24 jemväl
640 1035 103 24 anbringas
758 1035 10 19 å
785 1041 48 13 vex-

88 1061 35 23 lar,
140 1061 112 19 fullmakter
268 1062 38 18 och
323 1062 59 19 andra
397 1061 118 27 handlingar,
532 1067 43 14 som
597 1061 24 25 pä
636 1061 196 25 kartasigillata-kon-

88 1090 53 16 toret
154 1087 87 26 undergå
257 1088 109 25 stämpling.
692 1094 2 2 :

142 1114 32 19 Till
189 1114 140 19 allmänhetens
342 1113 117 25 betjenande
468 1115 62 19 finnas
540 1114 96 25 derjemte
650 1117 28 16 att
687 1113 51 25 tillgå
753 1113 78 26 tryckta

88 1140 111 19 blanketter
216 1140 25 19 till
263 1140 175 20 konnässementer
453 1142 46 18 eller
519 1140 123 24 fraktsedlar,
658 1140 110 25 stämplade
785 1139 47 19 med

89 1166 25 19 30
129 1167 38 18 och
182 1167 25 18 60
221 1166 65 25 penni,
298 1169 53 17 samt
364 1167 26 19 till
402 1167 103 19 vexelbref
518 1167 36 19 och
564 1167 142 24 assignationer
717 1166 44 19 med
771 1167 61 18 stäm-

88 1193 31 24 pel
135 1192 19 20 af
167 1192 25 20 80
207 1192 67 26 penni;
294 1194 37 18 och
345 1192 32 20 må
392 1194 30 18 för
436 1193 57 25 öfrigt
507 1194 95 24 stämpeln
617 1192 10 20 å
645 1193 185 23 konnässementer,

89 1219 69 19 vexlar
172 1224 26 14 m.
210 1219 20 19 fl.
245 1219 67 25 dylika
326 1219 77 19 mindre
415 1225 76 19 papper
504 1220 104 25 anbringas
622 1218 11 20 å
647 1218 105 26 frånsidan,
764 1218 68 20 derest

88 1245 150 20 vederbörande
252 1244 71 21 sådant
337 1244 91 22 åstunda.

418 1329 13 18 2
448 1328 53 24 Kap.

128 1370 97 25 Angående
236 1371 86 25 beloppet
333 1371 21 19 af
364 1371 31 18 det
407 1371 100 24 stämplade
519 1376 75 20 papper,
606 1376 38 14 som
661 1371 7 18 i
679 1371 65 24 hvarje
756 1370 34 20 fall

378 1394 49 19 skall
442 1394 100 25 begagnas.
622 1410 4 2 -

143 1429 10 25 $
167 1430 19 18 4.
215 1430 85 20 Landets
314 1429 115 26 domstolar,
445 1429 130 21 embetsverk
587 1430 38 19 och
640 1430 145 25 myndigheter,
797 1430 33 19 vid
