1014 1686
181 154 35 18 836
398 152 71 22 Nådiga
480 152 140 22 Propositionen
632 150 36 18 N:o
680 151 28 17 80.

187 202 135 26 expeditioner
334 200 62 26 jemte
410 201 46 19 fulla
470 200 154 25 stämpelagifter
638 200 25 19 till
676 200 92 18 kontoret
778 199 90 19 insändas
880 199 49 20 eller

185 228 68 20 såsom
267 227 211 25 kartasigillataremiss
493 226 26 20 till
534 226 154 20 Landtränteriet
705 225 79 19 komma
800 228 28 16 att
841 225 88 20 behand-

185 255 39 25 las,
243 257 48 17 utan
309 254 43 24 ock,
368 252 24 20 då
407 252 75 20 enskild
496 258 72 20 person
582 252 61 25 begär
656 252 105 25 stämpling
776 252 20 18 af
808 252 119 25 afhandling,

186 280 117 20 förbindelse
317 281 47 18 eller
377 285 62 13 annan
454 279 64 24 skrift,
534 284 44 13 som
593 278 95 25 antingen,
704 278 45 19 med
764 278 43 19 stöd
822 278 20 19 af
854 277 77 20 tillåtel-

185 313 35 14 sen
234 307 6 19 i
254 306 10 25 $
279 307 31 23 40,
326 305 62 20 blifvit
402 306 88 19 skrifven
504 304 10 20 å
530 305 60 19 minst
604 305 25 19 80
644 305 55 24 penni
714 304 62 24 karta,
789 304 47 19 eller
846 304 37 19 ock
893 304 37 19 till-

185 333 82 20 kommit
284 333 63 19 under
363 332 25 19 de
404 331 132 20 förhållanden
553 331 10 25 $
581 332 23 19 44
622 331 125 21 förutsätter,
766 330 45 20 med
821 331 109 19 'Senatens

185 359 207 25 Finnansexpeditions
409 359 95 24 vetskap,
523 357 93 20 likaledes
634 357 52 19 förse
703 357 64 26 dylika
785 357 81 19 skrifter
883 356 47 20 med

186 385 60 20 sådan
261 385 92 25 stämpel,
369 390 43 13 som
426 385 21 19 af
460 383 148 20 vederbörande
623 383 60 19 äskas
697 384 38 18 och
749 383 82 19 betalas.
860 382 27 20 På
897 388 34 14 an-

186 413 63 18 mälan
264 412 37 19 hos
314 410 221 25 Finnansexpeditionen
552 410 39 19 och
606 409 45 20 med
665 409 47 20 dess
727 409 93 24 tillstånd,
835 408 33 21 må
880 408 51 25 jem-

186 439 31 19 väl
231 443 64 14 annan
310 437 57 20 skrift
380 439 24 17 än
418 443 26 13 nu
459 436 56 26 sagdt
529 437 21 18 är
564 436 22 19 af
598 436 91 19 kontoret
703 436 25 19 till
747 436 104 25 stämpling
868 437 63 18 emot-

186 467 62 23 tagas,
265 465 103 18 äfvensom
382 463 110 20 blanketter
507 463 27 19 till
548 463 74 23 vexlar,
634 462 132 25 anvisningar,
777 462 155 19 konnässemen-

186 493 31 17 ter
231 496 26 14 m.
275 490 20 20 fl.
311 490 81 19 skrifter
400 489 104 20 derstädes
514 488 86 26 undergå
611 488 61 20 sådan
682 489 110 24 stämpling,
804 493 44 14 som
857 488 6 19 i
872 488 61 19 hvar-

185 516 21 26 je
220 517 30 19 fall
265 517 38 19 kan
318 516 66 19 äskas.

239 542 10 25 $
263 543 32 20 13.
325 541 29 20 Då
368 542 76 23 enskild
458 541 117 26 afhandling,
594 540 118 20 förbindelse
729 541 48 19 eller
794 546 62 22 annan
874 540 59 20 skrift

186 569 37 20 hos
237 569 95 24 domstol,
350 568 96 19 exekutor
464 568 47 19 eller
528 573 61 14 annan
606 567 117 26 myndighet
740 567 46 20 eller
803 569 126 22 tjensteman,

186 595 47 20 eller
248 595 37 20 'ock
299 594 33 19 vid
346 593 193 26 mantalsskrifning
534 589 9 35 i
551 593 44 20 stad
608 593 80 24 företes,
705 593 72 26 åligger
792 593 33 19 det
834 593 98 20 vederbö-

185 621 61 20 rande
260 621 88 24 domare,
364 620 270 24 embetsverkssekreterare,
646 618 118 26 tjensteman
774 619 48 20 eller
830 619 38 20 den
877 625 56 14 man-

186 647 158 25 talsskrifningen
358 647 90 19 förrättar
462 649 34 22 att,
517 646 60 20 sedan
594 646 106 25 stämpladt
717 651 75 20 papper
807 645 26 20 till
848 645 34 20 det
898 645 35 20 be-

185 673 56 26 lopp,
263 679 45 14 som
324 673 130 26 tilläfventyrs
472 673 82 24 brister,
573 673 20 18 af
609 672 108 25 sakegaren
734 672 64 20 blifvit
814 671 117 25 anskaffadt,

186 700 50 19 fästa
251 699 110 20 detsamma
375 699 33 20 vid
423 699 82 19 skriften
520 698 45 21 med
579 699 43 19 lack
640 699 37 19 och
695 699 129 25 embetssigill
842 699 48 19 eller
906 697 25 27 på

187 728 58 18 annat
259 725 113 26 tillförlitligt
386 727 46 22 sätt,
449 728 50 17 samt
513 725 55 20 öfver
582 725 26 20 de
621 725 76 26 tillagda
716 725 104 20 kartornas
838 725 95 25 stämplar

186 752 108 27 korteligen
308 753 97 18 anteckna
420 753 58 18 hvart
492 752 24 19 de
531 753 54 18 höra.
615 751 55 20 Efter
684 751 62 20 sådan
764 751 112 26 beläggning
894 752 38 19 och

186 779 119 26 påteckning
319 784 49 14 vare
382 778 81 20 skriften
478 777 21 21 så
515 779 37 25 gild
567 784 44 13 som
626 784 32 13 om
672 779 38 18 den
724 781 68 23 genast
801 779 64 19 blifvit
874 778 59 19 skrif-

186 811 40 14 ven
241 805 10 20 å
266 805 56 20 karta
336 805 27 19 till
379 805 42 20 fullt
434 805 79 26 belopp;
529 805 38 19 och
581 804 32 20 må
628 805 81 19 domare
726 805 39 19 och
782 805 60 19 andre
861 804 72 20 veder-

187 832 94 24 börande,
297 832 29 18 för
341 833 35 17 sitt
392 831 74 19 besvär
482 831 46 20 med
544 831 139 25 beläggningen
700 833 39 17 och
756 831 5 19 i
778 832 108 24 ersättning
903 831 30 19 för

186 858 80 20 kartans
281 858 132 24 vidbäftande,
430 858 19 19 af
462 858 108 25 sakegaren
584 858 88 25 uppbära
687 858 25 19 20
727 858 65 25 penni.
822 857 67 20 Skulle
898 856 37 27 dy-

187 884 26 20 lik
227 884 111 25 afhandling
353 885 47 19 eller
414 884 68 25 skrift,
500 883 23 21 då
542 884 37 20 den
596 884 116 20 sedermera
730 884 50 26 ånyo
798 884 33 19 vid
847 884 87 20 domstol

188 911 47 19 eller
249 910 116 26 myndighet
378 911 79 24 företes,
473 911 59 19 likväl
547 910 61 20 sakna
618 910 34 20 det
661 911 110 25 stämplade
781 916 82 20 papper,
874 911 60 19 hvar-

188 937 46 19 med
248 937 38 19 den
300 937 64 19 blifvit
377 937 76 25 belagd,
470 937 48 19 skall
534 939 43 23 nytt
591 937 108 25 stämpladt
712 942 74 20 papper
802 937 25 19 till
842 936 92 26 stadgadt

187 963 71 25 belopp
273 962 96 20 anskaffas
384 964 38 18 och
437 963 116 25 handlingen
570 962 109 26 vidhäftas,
698 963 57 19 innan
772 963 113 19 densamma
903 962 31 20 får

187 991 54 23 tagas
255 989 63 19 under
332 989 95 25 pröfning.

240 1015 10 25 $
266 1015 31 20 14.
327 1015 36 19 Öm
379 1015 87 20 enskilde
480 1021 100 19 personer,
597 1021 43 14 som
655 1015 29 25 sig
698 1016 84 19 emellan
797 1015 55 20 slutit
866 1014 66 25 någon

187 1041 211 25 öfverenskommelse,
416 1042 5 18 i
436 1042 64 19 stället
514 1044 26 17 att
558 1041 68 20 derom
642 1043 92 24 upprätta
752 1041 82 26 skriftlig
852 1041 83 20 afhand-

187 1067 45 26 ling,
249 1066 46 26 vilja
310 1067 38 20 låta
362 1068 34 20 sitt
410 1069 45 18 aftal
470 1068 4 19 i
490 1068 96 19 domstols
601 1069 96 24 protokoll
713 1069 107 24 anteckna,
839 1073 49 14 vare
902 1067 32 20 så-

187 1093 47 20 dant
248 1093 45 20 dem
308 1093 44 20 icke
366 1093 114 24 förmenadt,
497 1095 35 18 der
546 1094 33 19 det
594 1093 56 26 eljest
664 1095 81 24 lagligen
756 1094 36 19 ske
802 1093 46 20 kan.
878 1094 56 19 Dock

186 1120 36 19 bör
237 1120 4 18 i
256 1119 64 26 dylikt
329 1120 32 19 fall
374 1121 117 23 protokollet
506 1121 85 19 skrifvas
605 1120 24 25 på
645 1120 69 19 sådant
732 1121 105 24 stämpladt
850 1125 82 20 papper,

187 1151 44 14 som
245 1151 73 14 annars
332 1146 70 23 skulle,
419 1146 58 25 enligt
491 1146 10 25 $
515 1147 19 24 6,
550 1146 26 20 till
592 1146 137 26 afhandlingen
745 1146 115 20 erfordrats.

241 1172 10 25 $
266 1172 32 20 15.
328 1172 163 25 Föreskrifterne,
507 1173 5 19 i
527 1172 62 20 denna
604 1172 110 26 förordning
729 1173 61 19 verka
806 1172 18 26 ej
835 1172 24 26 på
870 1172 64 26 giltig-

187 1199 58 19 heten
263 1199 21 19 af
296 1198 120 25 afhandling,
435 1199 118 19 förbindelse
570 1200 48 18 eller
637 1204 64 14 annan
722 1200 68 23 skrift,
809 1204 44 14 som
871 1198 64 20 blifvit

187 1224 104 24 upprättad
306 1224 58 18 innan
378 1224 149 25 förordningens
541 1225 123 24 tillämpning
681 1225 96 24 vidtager.
808 1225 46 18 Icke
872 1224 62 19 heller

187 1252 23 16 är
223 1249 54 26 dylik
292 1249 64 23 skrift,
372 1255 33 13 om
419 1250 38 18 den
471 1250 5 18 i
491 1250 85 25 enlighet
589 1250 47 19 med
651 1250 52 18 förut
712 1250 90 25 gällande
811 1249 122 25 stadganden

186 1274 63 20 blifvit
266 1274 11 20 å
295 1275 106 25 stämpladt
418 1281 74 19 papper
509 1275 88 20 skrifven
614 1276 48 19 eller
680 1276 89 19 befinnes
786 1281 46 13 vara
849 1276 84 19 dermed

187 1300 76 27 belagd,
279 1300 63 26 någon
357 1301 67 20 vidare
438 1302 100 26 kartering
551 1302 139 20 underkastad.

241 1327 95 20 Deremot
350 1328 47 20 skall
413 1328 68 25 hvarje
496 1328 54 20 äldre
564 1328 65 26 skrift,
646 1328 21 20 så
682 1328 102 20 beskaffad
801 1331 29 17 att
845 1328 53 20 bruk
916 1329 21 20 af

187 1354 106 26 stämpladt
307 1360 75 20 papper
396 1355 30 19 för
439 1354 37 20 den
492 1355 125 20 härförinnan
632 1354 18 26 ej
668 1356 52 19 varit
736 1355 95 26 påbjudet
847 1361 45 14 men
906 1360 28 15 nu

186 1380 83 25 införes,
289 1380 24 20 då
332 1381 114 19 densamma
468 1382 48 19 inför
533 1382 85 20 domstol
637 1382 46 20 eller
704 1382 126 20 embetsverk
851 1382 80 24 företes,

187 1407 60 21 blifva
261 1407 47 20 med
322 1407 55 20 karta
392 1408 71 25 belagd
478 1411 51 18 samt
543 1408 120 27 anteckning
676 1409 71 20 derom
761 1409 43 25 ske,
820 1407 25 27 pä
856 1410 39 19 sätt
904 1409 30 20 för

187 1433 70 25 hvarje
271 1433 93 21 särskildt
376 1435 30 19 fall
422 1434 63 20 finnes
500 1435 96 25 stadgadt.
