1020 1686
299 145 70 22 Nådiga
382 147 136 22 Propositionen
533 148 35 16 N:o
580 149 27 17 28.
791 150 32 18 785

339 224 220 29 Anteekningar.

137 271 38 18 1:0.
205 271 124 23 Lagmans-
343 271 43 18 och
401 271 297 24 Häradshöfdinge-räntan
716 273 42 20 från
775 275 46 18 Hel-

82 295 57 24 singe
153 295 60 20 härad
228 295 62 20 under
304 297 126 18 förenämnde
444 296 22 20 är
480 300 51 16 samt
540 285 47 31 frän
593 299 68 24 Perno,
673 299 98 20 Mörskom
782 301 38 18 och

82 321 108 30 Lappträsk
208 322 83 19 socknar
305 321 61 25 jemte
385 321 117 26 LiljenJahls
519 323 62 26 kapell
599 315 63 28 under
678 325 23 19 år
717 326 51 19 1857
786 326 34 19 har

82 348 84 26 utgjorts
180 348 45 19 med
240 349 25 19 30
280 348 65 25 kopek
359 349 21 19 af
392 349 104 26 matlagen.

135 376 40 19 2:0.
205 375 175 25 Gerningsören
399 376 28 19 för
444 364 153 32 handtverksmän
611 383 8 18 ,
638 377 76 20 boende
735 379 52 18 inom
807 381 12 18 4

81 401 34 20 mil
129 401 42 20 från
186 390 119 40 Helsingfors
319 401 49 25 stad,
385 401 58 20 hafva
458 403 52 19 inom
525 389 94 46 Helsinge
628 404 60 19 härad
697 404 75 21 tillfallit
780 408 40 17 sta-

81 427 44 26 den,
143 433 44 14 men
202 427 5 19 i
221 427 112 26 Raseborgs
339 418 53 30 östra
401 428 61 20 härad
476 429 93 20 fördelats
581 429 62 25 jemnt
653 431 83 19 emellan
745 431 74 20 kronan

81 444 44 30 och
134 455 75 19 staden.

135 481 39 20 3:0.
204 480 64 26 Enligt
282 480 70 26 nådiga
365 481 107 25 reskriptet
485 481 19 20 af
517 482 36 20 den
569 483 24 19 12
609 483 81 25 Augusti
708 485 60 24 1858,
784 487 35 18 äro

81 507 147 20 innevånarene
238 508 5 18 i
248 495 111 41 Nyslotts
370 507 51 20 stad
431 508 85 21 befriade
526 508 42 20 från
578 498 107 37 utgörande
694 510 21 19 af
721 501 99 34 podusch-

81 534 139 25 niepenningar
234 534 38 18 och
286 540 5 12 i
305 534 64 19 stället
383 534 89 26 skyldige
486 538 28 16 att
528 535 76 26 erlägga
622 536 195 27 mantalspenningar,

80 560 111 25 slottshjelp
205 561 38 18 och
257 560 156 19 medicinalfond.

134 588 40 18 4:0.
204 587 7 18 I
225 587 113 19 Karelska
352 587 69 19 delen
435 587 22 20 af
470 588 88 25 Kuopio
572 589 35 18 län
625 589 89 25 erlägges
731 589 17 25 ej
765 596 53 14 man-

80 613 146 26 talspenningar
240 613 38 20 och
291 613 111 29 slottshjelp
417 617 51 16 samt
481 615 95 24 lagmans-
593 615 38 19 och
648 616 171 26 häradshöfdinge-

81 641 55 18 ränta
151 641 20 18 af
183 640 45 19 dem
243 645 44 14 som
300 640 46 19 idka
358 639 106 26 jordbruk;
481 641 87 20 hvarhos
582 641 112 26 inhysingar
709 643 4 18 i
726 632 91 31 Liebelits

80 667 39 19 och
128 667 91 19 Ilomants
229 666 84 20 härader
321 667 64 20 betala
395 667 192 26 mantalspenningar
596 669 38 18 och
644 668 117 27 slottshjelp,
773 675 45 14 men

80 693 17 25 ej
112 693 156 20 medicinalfond.

134 721 40 18 5:0.
203 719 230 26 Mantalspenningar
446 721 50 18 efter
510 721 25 18 24
550 721 65 24 kopek
625 726 96 19 personen
730 723 88 24 erlägges

80 745 17 26 ej
112 746 53 19 inom
180 745 115 20 Korsholms
308 747 70 24 Norra,
394 746 106 19 Medledels
515 747 37 19 och
567 747 61 19 Södra
643 747 46 20 eller
706 737 112 31 nuvarande

79 773 93 24 Pedersö,
188 773 73 24 Lappo,
277 762 116 29 Korsholms
407 772 37 19 och
459 773 66 19 Ilmola
535 773 84 20 härader
629 773 20 20 af
657 774 60 19 Wasa
727 775 30 19 län
767 777 51 17 samt

79 794 79 35 Kajana,
169 789 53 30 ”Uleå
237 799 38 19 och
289 799 44 19 Salo
348 799 83 19 härader
445 799 20 19 af
479 799 106 26 Uleåborgs
599 800 37 19 län.

133 826 41 18 6:0.
203 825 62 25 Enligt
278 824 68 25 nådiga
360 825 133 25 kungörelsen
506 827 22 18 af
540 815 39 30 den
593 827 9 17 1
621 827 79 25 Augusti
715 827 49 30 1821
780 829 38 18 och

79 848 129 33 reglementet
224 841 31 30 af
260 851 38 19 Jen
316 852 24 18 16
359 840 55 30 Juni
420 852 59 23 1824,
498 853 76 25 erlägga
593 852 119 20 fabrikanter
728 859 27 13 m.
774 854 18 19 fl.
812 854 5 19 i

79 863 158 45 Tammerfors
251 877 52 20 stad
317 877 18 26 ej
349 877 60 31 några
423 864 109 43 personella
538 863 181 50 "kronoutskylder.

131 898 41 26 7:0.
202 904 145 20 Innevänarene
363 905 6 18 i
386 904 158 25 Björneborgs
562 905 51 19 stad
627 906 43 30 äro,
686 905 85 21 medelst
784 906 34 20 nä-

79 931 43 25 diga
137 931 107 25 reskriptet
257 931 21 19 af
290 930 37 20 den
340 931 13 19 9
367 931 112 20 November
493 932 50 19 1853
559 932 29 18 för
602 932 25 18 10
641 930 22 21 är
667 922 97 30 befriade
774 932 43 20 från

79 942 109 45 personella
203 952 171 40 kronoutskylder;
391 958 37 18 och
442 958 34 19 har
490 958 71 30 antalet
574 958 20 19 af
607 958 157 20 mantalsskrifne
773 964 44 20 per-

79 989 59 14 soner
151 984 103 19 derstädes
268 982 78 26 utgjort,
362 982 22 20 är
398 984 58 24 1857,
468 984 66 25 3,467,
546 983 22 20 år
578 984 57 25 1858,
647 984 68 25 3,643,
726 984 21 19 år
757 986 58 24 1869,

79 1010 61 25 3,819
154 1010 38 19 och
205 1009 22 20 är
242 1009 58 24 1860,
317 1009 60 23 3,986
392 995 102 44 personer.

133 1036 39 19 8:0.
202 1025 174 40 Slottshjelpen
391 1036 36 18 har
441 1036 81 25 erlagts:

133 1062 17 24 a)
166 1062 20 19 af
199 1062 129 19 sonahustrur
342 1061 53 20 inom
409 1051 89 40 samtlige
512 1061 83 20 härader
609 1062 6 19 i
628 1062 75 25 landet,
723 1063 45 20 med
783 1069 34 14 un-

79 1088 71 25 dantag
166 1088 22 19 af
203 1088 110 25 Raseborgs
327 1088 84 26 Westra
429 1089 37 18 och
474 1077 100 37 "Helsinge
593 1088 84 19 härader
696 1079 20 28 af
730 1089 87 26 Nylands

79 1115 36 23 län,
131 1103 68 30 Masku
214 1114 60 19 härad
288 1115 21 18 af
321 1109 41 24 Åbo
376 1115 39 18 och
429 1103 132 37 Björneborgs
570 1115 30 19 län
618 1117 51 17 samt
685 1115 81 19 Heinola
784 1117 32 18 hä-

79 1130 36 30 rad
128 1141 21 19 af
161 1141 31 19 S:t
206 1140 80 20 Michels
300 1141 38 23 län;

131 1167 21 24 b)
167 1167 21 19 af
200 1156 163 30 inhuseshustrur
377 1167 93 25 likaledes
484 1167 54 19 inom
552 1167 89 25 samtlige
654 1167 62 25 öfrige
732 1168 84 19 härader

79 1200 5 12 i
98 1193 71 25 landet,
185 1196 54 16 utom
253 1194 111 25 Raseborgs
378 1193 59 21 Östra
451 1193 37 19 och
499 1194 84 19 Westra
598 1196 52 17 samt
659 1194 91 25 Helsinge
761 1194 55 26 hära-

79 1220 35 19 der
128 1220 20 19 af
160 1209 88 37 Nylands
261 1220 38 24 län,
315 1204 78 44 Ålands,
408 1220 69 19 Masku
492 1220 37 25 och
544 1220 87 20 Wehmo
646 1209 92 30 härader
742 1220 20 19 af
774 1215 42 25 Åbo

79 1246 38 20 och
131 1245 130 25 Björneborgs
276 1235 36 34 län,
327 1246 66 20 Nedre
406 1246 83 24 Hollola,
504 1241 49 25 Öfre
567 1246 37 19 och
619 1246 65 19 Nedre
700 1246 116 20 Sääksmäki

79 1274 52 18 samt
144 1272 111 20 Satakunda
270 1261 82 30 härader
367 1272 20 19 af
397 1262 123 30 Tavastehus
534 1272 37 25 län,
583 1272 81 20 Heinola
679 1272 60 19 härad
754 1273 20 18 af
786 1273 31 19 S:t

79 1298 79 20 Michels
174 1298 40 23 län,
234 1298 73 24 Kuopio
322 1298 61 20 härad
396 1298 22 20 af
429 1298 75 25 Kuopio
517 1299 31 19 län
562 1298 103 20 äfvensom
678 1298 6 18 i
698 1299 43 19 hela
753 1299 60 19 Wasa

79 1325 38 18 och
131 1314 109 34 Uleåborgs
256 1324 38 18 län.

132 1350 19 23 €)
178 1349 20 19 af
214 1349 142 25 drenghustrur
373 1349 52 19 inom
441 1350 111 26 Raseborgs
566 1352 53 16 östra
633 1336 38 32 och
684 1350 62 18 Perno
760 1350 57 18 hära-

78 1375 36 25 der
127 1375 20 19 af
159 1375 86 25 Nylands
259 1375 37 25 län,
314 1376 75 19 Wirmo
403 1375 59 20 härad
480 1376 21 18 af
516 1370 42 26 Äbo
574 1376 39 19 och
629 1375 129 25 Björneborgs
776 1376 38 24 län,

79 1396 49 25 Öfre
141 1402 38 19 och
193 1401 65 20 Nedre
272 1391 74 30 Hollola
361 1405 51 16 samt
428 1398 48 23 Öfre
492 1403 37 18 och
546 1402 65 20 Nedre
627 1402 116 20 Sääksmäki
760 1392 58 29 hära-

80 1427 36 20 der
129 1428 21 19 af
161 1428 123 19 Tavastehus
297 1429 37 24 län,
350 1428 31 19 S:t
390 1428 89 25 Michels,
490 1429 74 19 Jokkas
577 1429 38 19 och
624 1428 123 21 Randasalmi
761 1429 56 19 hära-

746 1461 22 16 50
