1070 1689
178 150 42 33 1156
390 153 71 22 Nädiga
473 153 139 23 Propositionen
626 153 34 17 N:o
673 153 28 17 38.

519 202 10 25 $
544 203 32 19 55.

233 243 134 26 Apothekare,
390 248 43 14 som
455 229 73 44 nyttjar
548 248 62 17 annan
627 241 85 26 redskap
725 243 25 18 än
763 242 71 19 honom
849 242 6 19 i
869 242 10 25 $
893 242 25 20 20

179 270 69 21 tillåtet
262 272 28 23 är,
305 269 61 26 plikte
380 270 104 19 etthundra
499 269 56 20 mark
569 269 38 20 och
621 269 60 19 miste
695 269 116 25 redskapen.

520 322 10 25 $
545 323 31 19 56.

251 363 94 21 Beträdes
352 358 6 36 :
364 364 200 19 Brännerikontrollör
585 363 46 20 eller
648 363 48 25 den,
715 362 79 20 hvilken
808 362 65 27 tillsyn
888 362 32 20 vid

181 391 90 20 bränneri
287 390 67 20 säsom
368 389 119 26 tjenstepligt
501 389 82 26 äligger,
598 390 47 19 eller
658 389 47 25 Jen,
722 395 43 14 som
779 390 22 18 är
814 389 67 26 pligtig
893 391 27 23 att

180 418 130 26 förbrytelser
330 419 42 17 mot
392 417 62 19 denna
468 417 112 24 författning
595 415 56 25 åtala,
668 415 47 25 sjelf
726 416 45 19 med
786 416 63 26 oloflig
863 416 57 19 brän-

182 444 166 24 vinstillverkning
368 443 48 19 eller
436 443 122 25 istillering,
581 443 46 19 eller
645 444 27 18 att
689 442 58 20 hafva
764 441 78 26 främjat
859 442 61 20 sådan

181 470 117 26 förbrytelse
312 470 47 20 eller
372 470 123 19 tillverkares
509 468 119 26 forsnillning
642 468 20 20 af
674 468 83 20 bränvin
771 468 48 20 eller
832 468 88 20 tillverk-

181 496 109 26 ningsskatt
310 496 72 24 derför,
402 496 60 19 varde
475 496 59 20 dömd
548 496 26 19 till
589 496 81 19 allmänt
684 495 68 19 arbete
766 494 43 20 frän
823 496 38 19 och
875 495 46 20 med

181 528 36 14 sex
231 522 94 20 mänader
338 522 26 20 till
379 523 38 19 och
431 522 45 20 med
491 525 27 17 ett
532 521 31 25 är;
582 522 53 19 visar
650 520 62 27 nägon
727 522 21 18 af
760 521 44 19 dem
819 522 102 25 uppenbar

181 548 127 21 värdslöshet
324 549 46 19 eller
387 550 138 18 försummelse
539 549 5 19 i
559 548 116 19 föreskrifna
689 548 114 25 äligganden
818 548 5 19 i
837 548 85 20 nämnde

181 575 123 25 hänseende,
326 576 83 24 umgälle
430 575 69 20 sädant
515 575 46 19 med
579 575 70 19 förlust
665 575 21 19 af
701 574 145 20 innehafvande
861 574 61 26 tjenst

182 602 48 20 eller
243 602 116 25 befattning,
375 602 88 24 antingen
477 602 30 19 för
520 601 52 20 alltid
587 602 46 18 eller
647 601 62 19 under
722 601 42 19 viss
778 600 37 26 tid,
827 601 47 19 eller
883 601 39 20 ock

181 628 45 19 med
241 628 56 20 böter
311 627 43 20 från
368 627 109 20 tvåhundra
491 628 25 19 till
533 627 117 20 femhundra
665 627 63 19 mark.

524 680 10 26 $
549 680 31 20 57.

236 715 118 24 Öfverfaller
373 718 63 26 någon
455 719 47 19 med
522 718 89 20 våldsam
630 717 51 21 hand
696 718 46 19 eller
757 718 80 26 gerning
851 714 72 24 Ötver-

183 746 106 20 kontrollör
303 746 46 20 eller
362 745 110 21 Kontrollör
485 746 6 19 i
505 746 37 19 och
558 744 27 20 för
600 744 57 21 deras
665 744 133 26 befattningar,
808 745 47 19 eller
862 745 60 20 varda

183 772 24 20 de
222 772 45 20 med
282 772 35 20 hot
331 772 47 20 eller
392 772 106 20 smädeord
512 771 134 25 förnärmade,
663 771 46 19 eller
723 770 52 27 förgä
783 771 24 20 de
815 772 29 25 sig
852 771 70 26 sjelfva

183 798 63 20 under
266 799 112 24 utöfningen
396 800 20 18 af
431 799 29 19 sin
474 798 188 26 tjenstebefattning,
678 803 48 14 vare
740 804 71 13 ansvar
824 798 39 20 lika
877 798 46 21 med

184 824 42 25 det,
245 830 44 14 som
305 828 62 16 utsatt
387 827 21 17 är
426 825 5 19 i
445 826 12 18 9
472 825 9 25 $
496 826 24 19 18
538 825 48 25 Kap.
603 824 220 25 Missgerningsbalken,
838 824 85 25 jemförd

184 851 45 20 med
244 851 134 25 förordningen
393 852 39 19 den
446 852 24 19 20
485 851 78 20 Januari
578 851 51 19 1779
644 851 38 19 och
696 851 77 19 brefvet
787 851 20 19 af
819 851 38 19 den
862 847 9 33 1
867 851 56 20 Juli

185 878 58 20 1801.
272 878 82 19 Ofredas
371 878 70 24 vittne,
460 878 50 25 ligge
527 878 5 18 i
550 877 79 19 tyeböte
645 880 42 16 mot
703 876 54 20 hvad
770 877 31 25 lag
815 878 5 18 i
835 878 35 25 thy
884 877 38 21 mål

183 904 86 25 stadgar.

525 930 10 25 8
550 930 30 19 58.

238 969 90 19 Förutom
349 968 51 19 hvad
422 968 31 19 vid
475 967 149 21 bestämmande
641 968 21 19 af
677 963 181 24 Öfverkontrollörs
872 971 53 17 samt

185 994 120 21 Kontrollörs
319 994 101 26 äliggande
435 995 49 19 förut
499 995 5 19 i
519 995 62 20 denna
599 994 110 25 förordning
724 993 67 26 ingätt,
807 993 32 21 mä
853 994 71 20 under-

185 1021 90 26 sökning,
291 1021 26 20 till
332 1021 136 26 upptäckande
482 1022 21 19 af
516 1021 62 26 oloflig
592 1021 219 25 bränvinstillverkning
819 1022 38 19 och
864 1021 62 20 distil-

184 1047 61 26 lering
265 1051 53 16 samt
338 1048 62 20 dertill
422 1047 64 26 tjenlig
500 1053 45 14 men
560 1047 83 20 otillåten
658 1047 97 25 relskaps
769 1047 154 26 innehafvande,

185 1074 20 19 af
218 1075 147 19 vederbörande
379 1074 95 25 Fiskaler,
490 1075 83 24 Krono-,
590 1074 67 19 Stads-
671 1075 39 18 och
724 1073 138 26 Polisbetjente
873 1077 53 18 samt

185 1100 58 20 andra
261 1101 20 19 af
294 1101 138 26 Länestyrelse
448 1101 61 19 dertill
526 1100 115 20 förordnade
654 1106 97 20 personer
765 1103 35 17 när
816 1106 44 14 som
874 1101 52 20 helst

185 1127 129 20 obehindradt
328 1127 92 20 anställas
435 1128 4 18 i
453 1127 101 25 bränneri,
565 1127 110 26 brygghus,
687 1127 141 26 bagarestuga,
839 1127 40 19 kök
887 1127 37 20 och

185 1153 58 20 andra
259 1159 53 19 rum,
329 1153 35 20 der
378 1153 201 26 bränvinstillredning
588 1154 89 25 vanligen
688 1154 122 19 härförinnan
817 1154 107 25 förehafts
917 1149 10 34 ,

185 1179 21 20 sä
224 1180 37 19 ock
280 1181 5 18 i
299 1180 25 19 de
338 1180 96 19 särskilda
451 1180 113 26 byggnader
578 1181 37 18 och
629 1186 51 17 rum,
697 1185 43 14 som
754 1180 66 19 kunna
834 1185 48 14 vara
896 1181 30 18 för

185 1205 71 20 sådant
276 1206 89 20 ändamål
386 1207 46 18 eller
448 1207 27 19 till
490 1206 195 25 bränvinsredskaps
699 1206 116 20 förvarande
829 1206 97 20 inrättade

185 1232 47 18 eller
252 1232 102 25 upplåtne;
376 1233 52 18 dock
445 1233 29 18 får
491 1232 61 19 sådan
568 1232 145 25 undersökning
730 1232 17 24 ej
766 1235 45 16 utan
825 1233 100 24 synnerlig

184 1257 103 26 anledning
300 1258 98 25 företagas
415 1259 81 18 emellan
510 1257 82 20 klockan
607 1258 30 18 nio
653 1263 32 14 om
699 1258 77 19 aftonen
791 1259 37 18 och
842 1258 84 19 klockan

185 1283 40 19 fem
243 1289 33 14 om
292 1289 112 20 morgonen,
422 1283 17 26 ej
454 1284 60 19 heller
528 1284 5 19 i
549 1283 99 20 enskildas
662 1284 134 25 boningsrum.
826 1284 51 19 Sker
891 1283 35 20 det

185 1309 58 21 likväl
265 1311 36 19 och
319 1310 62 26 någon
395 1311 117 26 förbrytelse
527 1311 43 19 icke
584 1311 117 25 upptäckes,
717 1317 48 13 vare
779 1311 37 19 den
830 1311 96 19 undersö-

185 1336 57 26 kare,
258 1343 43 14 som
316 1338 29 19 sin
360 1337 114 26 myndighet
488 1337 81 21 sålunda
585 1337 129 25 missbrukat,
725 1337 86 20 förfallen
822 1336 18 27 ej
848 1337 76 20 mindre

185 1366 28 17 att
233 1364 66 20 derför
319 1365 44 19 böta
384 1364 42 19 från
444 1365 66 19 femtio
527 1364 26 20 till
572 1364 119 27 fyrahundra
705 1364 62 25 mark,
784 1366 23 17 än
822 1365 26 19 till
863 1363 64 21 afhål-

185 1390 56 19 lande
261 1390 25 26 på
307 1397 24 14 en
346 1391 41 20 viss
405 1391 26 19 tid
449 1391 42 19 från
509 1391 95 25 tjensten,
619 1391 48 20 eller
681 1392 71 19 förlust
765 1391 20 20 af
797 1391 125 25 densamma,

186 1421 32 15 om
239 1417 72 19 brottet
328 1419 34 17 det
376 1417 97 26 förtjenar,
490 1421 52 16 samt
556 1418 26 19 till
598 1417 83 21 särskild
695 1424 72 14 ansvar
782 1418 58 25 enligt
853 1419 70 19 allmän

185 1443 31 25 lag
231 1443 28 20 för
274 1443 44 21 våld
334 1444 46 19 eller
398 1450 62 13 annan
476 1444 146 26 förolämpning,
639 1450 43 14 som
696 1444 70 20 dervid
781 1444 36 20 kan
831 1444 93 20 förefalla.
