1011 1686
311 140 70 22 Nådiga
395 140 139 23 Propositionen
547 141 35 17 N:o
595 142 28 17 30.

806 142 34 18 905

113 215 114 19 derutöfver
235 215 27 19 till
269 215 38 19 och
314 215 46 20 med
370 216 73 24 45,000
473 224 11 9 »

168 250 10 8 »
305 249 10 10 »
371 243 73 24 —60:000
473 250 10 9 »

168 276 10 9 »
304 275 10 10 »
370 268 74 25 80,000
474 276 10 9 »

168 301 10 10 »
305 301 11 10 »
357 285 45 33 100;
406 295 37 18 000
473 302 10 9 »

123 322 52 17 samt
188 320 115 20 Jerutöfver
316 320 30 19 för
360 310 68 35 hvarje
443 320 44 19 fulla
503 310 30 36 10,
537 310 37 31 000
583 310 75 30 mark.

94 348 27 23 Är
136 352 105 20 vexelbref
253 352 99 20 utfärdadt
365 352 4 19 i
385 353 47 19 flere
446 353 107 25 exemplar,
564 353 96 20 behöfver

123 378 68 20 endast
205 382 29 17 ett
248 379 21 19 af
281 379 59 19 dessa
354 384 46 14 vara
415 379 108 20 karteralt.

97 411 73 19 Derest
186 411 119 25 afbetalning
322 410 11 20 å
350 411 92 25 kapitalet
455 411 51 20 förut
520 411 54 20 skett
590 412 70 19 beräk-

121 443 35 13 nas
170 438 178 25 stämpelbeloppet
365 437 71 20 endast
453 438 49 19 efter
519 437 52 21 hvad
586 439 6 18 i
607 438 53 25 kapi-

122 463 24 20 tal
162 463 91 20 återstår.
283 463 133 26 Förskrifning
431 469 27 14 m.
472 469 35 20 m.,
524 469 43 14 som
582 464 27 19 uti
623 464 38 19 ori-

122 489 50 25 ginal
190 490 5 19 i
213 489 98 20 konkurs-
330 489 46 20 eller
391 489 176 26 ärsproklamamä!
584 491 25 19 till
627 491 34 19 be-

123 516 84 26 vakning
222 516 79 25 företes,
317 516 89 19 karteras
422 515 68 20 säsom
503 516 69 26 bilaga.

95 548 132 26 Förskrifning
241 549 38 19 och
293 553 61 15 annan
364 548 119 20 förbindelse
493 549 10 19 ä
513 548 30 20 län
553 548 49 20 ifrän
612 549 48 19 Kro-

121 580 44 20 nan,
184 574 88 20 Finlands
291 575 59 23 Bank,
371 575 121 20 Alexanders
510 574 148 25 Universitetet,

123 601 59 19 enke-
197 602 37 18 och
248 600 171 27 pupill-kassorna,
430 604 52 17 samt
492 601 59 20 andra
566 602 94 19 allmänna

122 628 69 19 fonder
205 627 37 20 och
257 628 77 24 kassor,
348 628 47 19 med
408 627 97 26 undantag
519 628 69 20 endast
602 628 21 19 af
636 628 24 20 Je

123 654 135 25 förbindelser,
280 660 45 14 som
345 654 27 19 uti
393 654 10 24 $
421 655 25 19 14
463 660 60 14 mom.
539 655 11 19 5
568 654 93 20 särskildt

124 682 122 24 omnämnas,
262 681 90 19 karteras
366 680 67 20 såsom
447 681 80 25 bilagor.

95 716 44 20 Men
154 717 34 18 när
203 715 20 20 så
238 715 101 21 beskaffad
355 715 123 27 förskrifning
493 717 4 17 i
510 716 92 19 afseende
612 715 10 19 å
632 716 29 20 in-

121 742 97 26 teckning,
234 742 106 26 utsökning
355 743 46 18 eller
411 748 62 14 annan
483 742 74 25 åtgärd,
569 742 44 19 med
624 749 36 13 un-

123 768 70 26 dantag
207 768 19 20 af
239 768 110 26 bevakning
363 769 5 18 i
383 769 87 19 konkurs
488 769 47 19 eller
552 768 110 26 årsprokla-

124 800 38 19 ma,
178 794 82 26 ingifves
275 796 46 19 eller
336 798 71 22 upptes
420 796 36 19 hos
469 795 84 20 domstol
568 795 47 19 eller
627 801 35 14 ve-

123 822 124 19 derbörande
257 822 102 24 exekutor,
374 822 48 19 skall
433 822 113 19 densamma
559 821 24 25 på
597 822 65 24 gälde-

123 849 70 18 närens
208 847 111 20 bekostnad
329 848 91 25 beläggas
430 848 46 19 med
486 847 68 20 sådant
570 848 93 25 stämpel-

123 880 81 21 papper,
219 880 44 14 som
277 875 50 19 efter
343 874 34 19 det
394 874 114 20 resterande
522 874 142 26 kapitalbelop-

123 903 34 24 pet
171 901 38 19 ken
223 901 107 20 erfordras.

96 928 72 19 Finska
182 927 91 20 Bankens
284 928 66 19 vexlar
360 928 38 18 och
408 927 131 26 anvisningar,
550 926 22 21 sä
582 927 27 20 in-
620 933 42 14 som

123 954 111 25 utländska,
251 954 87 20 utfärdas
354 953 25 26 pä
445 970 4 3 N

124 983 52 17 samt
190 981 88 19 erfordra
292 980 45 20 icke
351 981 67 19 vidare
432 969 104 37 kartering,
551 969 27 30 då
586 969 39 31 de
636 969 26 30 till

124 1008 73 19 inlösen
211 1007 6 19 i
231 1007 80 20 Banken
325 1007 47 20 eller
386 1007 36 19 hos
437 1012 63 15 annan
511 1007 116 26 myndighet
636 1007 27 19 fö-

124 1036 61 17 retes.

97 1059 221 26 Försäkringsbref,
334 1060 187 25 assuranspolis,
537 1059 57 20 bevis
608 1059 56 19 öfver

125 1087 83 25 förnyad
222 1087 49 18 eller
291 1086 98 19 öfverförd
406 1086 117 25 försäkring,
541 1091 43 14 som
602 1085 11 19 ä
634 1088 30 17 ut-

125 1113 79 19 ländskt
223 1112 189 26 försäkringsbolags
427 1114 74 23 vägnar
515 1113 20 18 af
547 1112 47 20 dess
606 1113 58 23 agent

125 1139 47 19 eller
189 1138 74 20 ombud
280 1140 6 18 i
299 1138 79 20 Finland
393 1138 91 20 utställes
498 1139 47 19 eller
559 1138 102 23 utlemnas,

124 1166 82 19 rörande
224 1166 109 23 försäkring
351 1166 19 17 af
386 1164 126 19 menniskolif
527 1165 38 18 och
584 1164 80 19 lifstids-

125 1193 64 23 ränta,
212 1191 47 20 eller
279 1191 21 20 af
319 1191 95 25 egendom
434 1193 53 17 emot
500 1191 31 19 eld
548 1191 37 19 och
600 1190 63 19 brand

126 1217 48 20 eller
186 1207 96 36 sjöskada
304 1232 40 4 Ca

99 1243 132 32 Gäfvobref
243 1244 89 19 karteras
342 1233 38 30 lika
391 1232 45 30 med
447 1232 99 36 köpebref,
552 1232 44 30 "och
606 1232 57 30 skall,

126 1269 25 32 pä
166 1271 38 18 sätt
217 1275 33 14 om
264 1269 104 27 bytesbref
380 1271 22 18 är
416 1269 89 25 stalgadt
518 1271 52 18 samt
584 1269 32 19 vid
628 1263 36 25 lika

126 1295 79 26 påföljd,
221 1295 82 26 gäfvans
318 1296 59 19 värde
391 1296 6 19 i
411 1296 104 25 penningar
525 1295 52 20 alltid
587 1295 28 19 uti
624 1294 41 25 gäf-

127 1311 106 30 vobrefvet
248 1323 84 18 utsättas
346 1323 47 18 eller
407 1321 6 18 i
428 1324 58 16 annat
499 1322 31 17 fall
545 1321 80 24 lagligen
635 1323 29 16 ut-

127 1351 66 19 redas,
209 1346 24 26 pä
249 1347 34 19 det
299 1347 176 25 stämpelbeloppet
492 1346 32 19 mä
540 1335 64 30 kunna
621 1346 45 19 der-

128 1374 51 19 efter
192 1373 129 20 bestämmas.

101 1400 190 20 Konnässement
305 1400 47 19 eller
365 1399 106 20 fraktsedel
485 1399 11 19 ä
513 1399 59 25 gods,
588 1398 78 25 algäen-

129 1427 25 20 de
167 1426 26 20 till
209 1429 30 17 ort
253 1428 55 17 utom
323 1426 89 20 Finland:

702 217 26 19 45

702 243 25 19 60

703 269 24 18 80

689 295 38 18 100

703 321 24 18 10

758 1443 39 30 o"

787 956 24 19 60

788 1217 24 20 80
