1017 1689
315 132 71 25 Nådiga
397 135 140 24 Propositionen
550 135 36 19 N:o
598 136 28 18 38.
801 134 43 21 1149

98 181 46 28 ning
157 183 31 21 för
201 182 121 22 sistnämnde
335 183 68 28 åtgärd
417 189 47 22 eger
480 184 141 26 Kronobetjent
640 187 28 18 att
684 185 21 20 af
721 184 124 21 tillverkaren

100 210 89 25 uppbära
203 210 40 21 fem
256 210 56 21 mark
327 214 52 17 samt
393 211 65 26 skjuts
472 210 60 30 enligt
545 211 90 27 gällande
648 211 180 26 Resereglemente.

441 263 10 26 g
465 264 33 19 25.
637 282 4 1 .

151 300 42 20 Ifall
208 298 42 22 åter
263 298 63 22 under
340 305 25 16 en
379 300 72 20 termin
465 300 148 26 tillverkningen
628 299 17 27 ej
660 299 63 22 skulle
737 301 65 26 uppgå
816 301 27 20 till

98 325 34 21 det
146 326 78 26 belopp,
240 327 94 20 hvarföre
347 323 55 39 afgift
415 325 63 22 blifvit
492 327 76 26 erlagd,
584 333 36 20 ege
633 327 211 21 bränvinstillverkare

98 354 34 24 att,
146 351 26 21 då
188 355 28 18 ett
232 352 70 21 sådant
321 353 120 21 förhållande
458 353 45 20 med
520 354 91 20 bränneri
628 353 145 21 Kontrollörens
790 354 54 26 intyg

99 378 37 21 hos
150 379 154 27 Länestyrelsen
319 380 87 30 styrkes,
422 379 92 27 återlyfta
529 378 22 22 så
569 383 42 17 stor
624 380 31 20 del
676 381 21 19 af
711 380 38 21 den
766 380 79 27 erlagda

98 405 89 26 afgiften,
203 411 44 15 som
261 409 42 17 mot
316 406 139 32 minskningen
469 407 6 20 i
488 407 51 19 hans
553 406 124 26 tillverkning
693 413 80 18 svarar;
790 407 54 20 dock

98 437 21 15 må
148 432 52 20 hvad
217 433 38 20 han
272 431 80 22 sålunda
368 433 31 20 får
415 433 91 27 återlyfta
524 432 17 26 ej
555 433 109 26 öfverstiga
680 439 24 14 en
719 433 91 21 femtedel
824 433 22 21 af

98 458 39 21 den
151 459 78 26 erlagda
243 460 86 25 afgiften,
346 460 38 20 och
399 459 114 21 återstoden
527 459 44 21 icke
587 460 6 19 i
607 459 59 27 något
681 460 31 20 fall
730 460 114 26 understiga

98 484 39 21 den
152 485 62 26 afgift,
230 491 44 15 som
288 492 69 14 svarar
370 489 43 17 mot
427 486 37 21 den
477 486 72 20 minsta
563 486 128 26 tillverkning,
707 487 94 19 hvarföre
810 492 34 14 an-

98 512 64 20 mälan
176 512 60 26 enligt
249 512 10 26 $
273 512 13 20 6
300 512 30 20 får
344 512 43 25 ske;
403 514 38 18 och
455 513 48 20 skall
517 512 122 25 tillverkare,
660 512 53 20 inom
729 513 67 20 trettio
810 513 34 20 da-

98 544 36 20 gar
148 540 51 18 efter
212 539 245 26 tillverkningsterminens
470 539 81 26 utgång,
567 539 35 19 sitt
618 537 226 29 återlyftningsanspråk

97 565 39 20 hos
149 565 156 26 -Länestyrelsen
319 566 82 24 anmäla,
417 566 33 19 vid
464 566 70 20 förlust
547 566 22 20 af
580 565 118 27 rättigheten
711 566 71 20 dertill.

421 608 77 36 626.

152 656 129 20 Försummar
295 654 63 28 någon
372 658 35 23 att,
423 656 5 20 i
443 656 40 21 Jen
496 656 82 26 ordning
591 656 12 26 $
617 656 25 20 23
658 656 135 26 föreskrifver,
813 662 33 14 er-

97 682 58 26 lägga
168 683 55 25 afgift
237 684 30 18 för
280 682 79 21 anmäld
375 682 230 27 bränvinstillverkning,
625 683 70 25 varde,
714 682 76 21 ändock
806 683 38 19 han

98 709 141 26 handteringen
254 709 45 20 icke
311 710 85 23 utöfvar,
412 709 37 20 den
465 709 84 25 oguluna
563 709 78 26 afgiften
656 710 36 20 hos
707 711 72 18 honom
793 710 51 20 oför-

98 734 96 27 dröjligen
207 737 78 24 utmätt,
301 736 39 20 och
353 742 49 13 vare
416 736 88 26 förlustig
519 736 39 20 den
574 736 6 19 i
597 736 162 26 nästföregäende
775 736 11 25 $
802 741 42 14 om-

98 762 96 20 förmälde
210 763 93 25 rättighet
317 765 34 22 att,
367 762 25 26 pä
407 762 64 25 grund
485 762 20 20 af
520 762 77 20 mindre
610 762 124 26 tillverkning
747 764 25 18 än
785 763 59 19 hvar-

98 788 30 20 för
141 789 55 25 afgift
209 789 63 20 blifvit
285 788 74 26 erlagd,
374 788 63 27 någon
451 789 31 19 del
496 790 21 18 af
529 789 62 19 denna
605 788 98 28 äterlyfta.

150 816 43 19 Den
209 821 54 19 som,
283 815 80 21 oaktadt
379 814 61 21 sådan
457 815 141 20 försummelse
615 821 44 14 som
675 816 36 20 här
728 816 59 19 ofvan
802 820 41 15 om-

98 842 90 26 nämnes,
204 842 143 25 handteringen
361 842 86 26 utöfvar,
462 847 48 15 vare
524 842 89 20 förfallen
627 841 27 21 till
668 846 74 16 ansvar
757 846 44 16 som
814 842 30 19 för

96 868 64 26 oloflig
173 868 223 26 bränviastillverkning.

439 921 10 25 $
463 921 33 19 27.

151 958 77 20 Varder
248 958 92 21 bränneri
357 964 70 21 genom
445 958 72 21 vädelä
534 958 47 21 eller
597 964 62 14 annan
679 958 166 26 olyckshändelse

98 984 102 26 förstördt,
216 984 39 26 mä,
270 986 5 19 i
290 985 96 21 händelse
399 985 127 27 tillverkning
540 985 43 20 icke
592 984 84 27 föregått
684 985 28 20 till
722 985 34 20 det
764 984 78 29 belopp,

97 1017 46 15 som
156 1014 113 18 motsvarar
283 1011 85 21 inbetald
383 1012 63 25 afgift,
463 1010 109 27 återbäring
593 1012 20 19 af
631 1011 100 21 skilnaden
752 1011 90 25 beviljas.

97 1038 37 20 Om
148 1038 126 26 godtgörelse
287 1038 5 19 i
307 1038 69 21 sådant
389 1038 94 20 afseende
497 1038 48 20 skall
560 1038 117 25 ansökning,
693 1036 68 26 åtföljd
776 1038 20 19 af
808 1042 35 15 un-

96 1064 246 26 dersökningshandlingar
355 1070 33 14 om
407 1064 190 27 olyckshändelsens
611 1064 94 20 tillkomst
719 1064 39 20 och
771 1063 71 26 förlop-

96 1094 34 23 pet
144 1071 73 40 dervid
220 1107 4 9 ,
239 1091 84 25 ingifvas
337 1092 27 20 till
381 1092 164 25 Länestyrelsen,
565 1091 80 19 hvilken
661 1090 84 21 ärendet
761 1090 82 26 pröfvar

96 1123 71 21 genom
181 1118 71 26 utslag,
267 1117 42 21 deri
323 1117 80 27 ändring
417 1117 29 21 får
459 1118 60 20 sökas
532 1117 7 20 i
551 1118 44 25 laga
609 1117 89 26 ordning.

439 1170 10 26 $
462 1171 33 20 28.

149 1205 41 21 När
203 1205 217 27 bränvinstillverkning
433 1206 21 19 af
465 1204 60 22 sädan
539 1204 105 28 anledning
659 1204 10 26 $
683 1205 12 19 3
705 1203 83 27 antyder
797 1210 46 13 var-

98 1232 36 20 der
148 1233 20 19 af
180 1233 121 25 Regeringen
315 1232 86 25 inställd,
418 1238 35 20 ege
467 1232 112 20 tillverkare
597 1230 149 21 äterbekomma
762 1230 38 20 den
814 1230 28 20 af-

98 1259 35 26 gift
148 1259 39 19 han
201 1259 79 20 utöfver
294 1258 86 26 ätnjuten
395 1258 174 26 tiliverkningsrätt
583 1258 127 20 förskottsvis
724 1258 69 24 erlagt.

439 1312 10 24 $
463 1312 32 18 29.
788 1325 2 3 :

154 1348 43 20 Den
210 1346 36 21 der
259 1346 114 26 distillering
387 1345 68 21 såsom
469 1344 83 22 särskild
565 1344 78 26 näring,
662 1344 60 26 enligt
738 1344 11 26 $
762 1344 35 25 17,
813 1346 31 18 ut-

100 1374 63 25 Örvar,
180 1373 56 26 skall,
252 1374 79 25 erlägga
345 1378 24 15 en
383 1373 60 26 afgift,
460 1372 140 21 motsvarande
614 1372 34 20 det
661 1372 81 30 arvode,
757 1376 44 15 som
816 1372 28 18 ef-

99 1403 31 18 ter
142 1401 12 26 $
168 1401 25 20 43
208 1400 26 22 tili
249 1400 110 20 Kontrollör
373 1399 64 27 utgär;
454 1400 38 20 och
509 1399 36 21 bör
562 1398 62 21 denna
641 1398 54 27 afgift
711 1399 30 19 för
757 1397 39 21 den
808 1402 35 26 an-

98 1428 64 20 mälda
177 1428 60 25 tiden,
253 1427 57 20 innan
324 1426 113 26 distillering
447 1427 105 25 företages,
563 1426 101 20 nedsättas
674 1426 5 18 i
690 1425 152 21 Läneränteriet.
