1009 1695
175 142 44 19 1126
391 142 71 23 Nådiga
473 143 140 23 Propositionen
626 143 36 17 N:o
673 143 29 17 36.

376 192 93 20 Finlands
493 193 87 19 ständers
591 191 130 27 underdäniga
742 198 45 14 svar
805 191 13 20 &
838 191 76 27 Nädiga

305 221 143 24 propositionen
467 220 96 26 angäende
583 221 80 24 lindring
678 222 7 18 i
702 220 146 19 underdomares
867 219 47 26 älig-

307 248 60 26 gande
383 251 28 17 att
426 249 27 19 till
472 249 76 24 Hofrätt
562 248 81 20 insända
657 249 108 25 renskrifna
780 248 95 25 exemplar
894 249 24 24 af

307 278 43 18 sina
364 277 114 20 domböcker.

357 322 44 23 (Lag
414 321 101 18 Utskottets
528 321 114 18 betänkande
654 321 35 18 N:o
701 322 26 19 7).

457 369 59 19 S.A.
533 369 22 18 K.
572 374 17 13 o.
606 369 20 18 S.

225 430 38 19 Bör
277 432 28 17 att
319 429 72 20 bereda
406 429 56 26 nödig
476 429 83 26 lindring
572 429 5 19 i
596 428 159 23 vederbörandes
772 428 101 27 äliggande
887 433 27 17 att

171 456 26 20 till
216 456 77 20 Hofrätt
310 456 80 19 insända
407 456 120 19 renskrifvet
543 456 100 25 exemplar
651 455 22 20 af
688 456 111 19 underrätts
819 456 94 25 dombok,

172 483 36 20 har
221 483 24 19 E.
261 483 23 20 K.
299 483 36 20 M:t
348 483 28 19 uti
390 487 24 16 en
429 482 11 20 ä
454 483 64 20 denna
532 483 90 25 landtdag
639 482 26 20 till
684 482 89 21 Finlands
791 483 79 20 ständer
886 483 29 20 öf-

171 509 114 21 verlemnad
299 509 120 26 proposition
433 509 5 20 i
453 509 65 20 Näder
532 509 99 26 föreslagit
644 511 28 17 att
689 509 12 20 6
718 509 10 26 $
745 509 12 20 2
774 509 57 26 kap.,
851 510 12 19 5
877 510 10 26 $
902 511 11 18 3

171 535 53 26 kap.,
241 537 12 19 2
267 537 10 25 $
293 537 11 19 5
317 535 46 27 kap.
380 537 38 19 och
432 536 12 20 6
459 536 10 26 $
483 537 12 20 6
509 536 46 26 kap.
571 536 22 20 R.
609 536 21 19 B.
641 535 62 20 måtte
713 536 101 20 förändras
824 536 87 21 sålunda:

519 589 44 26 1.

224 627 27 20 Ur
268 627 38 20 den
323 627 95 20 allmänna
435 627 96 26 dombok,
550 633 44 14 som
611 628 5 18 i
634 627 95 26 Härads-,
747 628 109 25 Lagmans-
876 629 38 19 och

169 652 153 21 Rädstufvurätt
338 653 73 26 hålles,
429 654 55 20 skola
502 654 119 25 fullständigt
637 654 109 19 ustkrifvas
763 655 36 19 alla
819 653 39 22 mål
876 655 39 20 och

171 680 90 24 ärender,
277 680 66 20 hvilka
358 679 49 26 angä
422 681 84 24 egande-
520 681 38 19 och
572 680 102 26 nyttjorätt
688 681 26 20 till
729 681 38 19 fast
777 681 97 26 egendom
887 682 27 19 el-

169 706 30 19 ler
213 706 82 21 dermed
310 707 91 19 förenade
415 707 100 20 förmåner
529 708 38 19 och
581 707 120 26 åligganden,
718 707 142 26 egoskilnader,
874 708 40 20 Jel-

169 733 46 24 ning
229 733 20 19 af
260 733 51 25 jord,
327 733 32 19 arf
371 733 37 20 och
423 736 130 17 testamenten
568 734 102 19 äfvensom
684 735 36 19 alla
736 734 25 19 till
774 734 70 19 allmän
856 735 58 19 efter-

169 759 82 20 rättelse
264 761 30 18 för
308 760 104 19 framtiden
427 760 103 20 utfärdade
544 760 73 25 påbud;
633 761 38 19 och
686 760 61 20 varde
757 760 53 20 detta
820 761 94 20 renskrif-

169 791 24 14 na
211 787 110 24 exemplar,
341 786 58 20 tillika
417 787 46 20 med
479 787 81 25 behörig
579 787 144 26 saköreslängd,
739 787 124 25 upptagande
877 788 35 19 alla

169 811 62 20 under
245 811 43 21 året
302 813 57 19 fallna
373 813 66 24 böter,
455 814 20 19 af
487 813 80 20 domare
584 813 24 26 på
626 813 64 20 landet
707 814 38 19 och
763 813 149 20 Rådstufvurätt

170 838 33 20 vid
217 839 52 19 förut
283 839 81 25 stadgad
378 839 72 25 påföljd
465 840 25 20 till
505 840 79 19 Hofrätt
597 840 83 19 insändt.

457 899 6 2 -
518 892 10 26 $
542 893 19 19 2.

223 929 67 26 Öfrige
304 930 28 20 till
347 930 144 20 ofvanberörde
509 930 86 20 dombok
611 931 88 20 hörande
715 930 39 21 mål
772 931 37 20 och
828 932 85 19 ärender

169 954 32 20 mä
217 956 89 19 deremot
320 956 5 19 i
339 956 38 20 den
392 957 108 19 renskrifna
514 957 113 20 domboken
641 960 96 23 upptagas
752 958 69 19 endast
835 958 5 18 i
857 964 56 14 num-

169 981 90 25 merföljd
274 983 50 19 efter
338 982 38 20 den
391 983 88 26 ordning,
496 983 56 20 hvari
569 984 31 23 de,
618 982 62 26 jemte
697 985 37 19 alla
752 984 5 19 i
772 984 117 26 föregående
903 984 11 26 $

169 1008 123 20 omförmälte
310 1008 38 21 mål
363 1010 100 25 förevarit,
479 1010 46 20 med
539 1010 45 20 kort
598 1011 75 25 uppgift
688 1010 10 20 å
710 1011 51 19 hvad
771 1010 62 20 saken
842 1010 68 26 angår,

168 1034 68 46 aie
251 1041 32 14 om
299 1036 141 26 ransakningar
454 1037 5 18 i
473 1037 116 19 hemställla
604 1036 92 20 brottmål
711 1037 98 20 allaredan
823 1037 91 27 stadgadt

182 1067 55 14 Innes.

518 1116 10 25 $
542 1117 19 19 3.

222 1153 136 20 Kämnersrätt
372 1159 47 15 vare
434 1154 79 20 alldeles
527 1154 88 20 frikallad
630 1154 42 20 från
686 1155 139 26 skyldigheten
839 1158 28 17 att
883 1156 29 19 sin

168 1178 85 20 dombok
268 1180 27 20 till
310 1180 78 20 Hofrätt
401 1180 96 24 inskicka;
513 1181 52 19 dock
582 1182 37 19 bör
635 1181 48 20 dess
700 1182 139 26 saköreslängd
854 1182 58 20 äfven

168 1205 111 25 framdeles,
295 1206 84 20 likasom
393 1207 94 25 hitintills,
503 1208 26 19 till
544 1208 77 19 Hofrätt
635 1207 51 26 ingå.

517 1259 8 24 S
541 1260 19 17 4.

221 1301 40 20 Alla
279 1301 105 26 protokoll,
402 1301 122 20 domböcker
540 1302 39 19 och
596 1301 122 26 handlingar,
734 1307 45 15 som
795 1302 27 21 till
843 1303 69 20 ofvan-

167 1327 85 20 nåmnde
265 1327 124 20 underrätter
401 1327 58 26 höra,
475 1329 62 24 skola,
548 1328 113 25 behörigen
669 1329 139 20 underskrifne
818 1331 36 19 och
865 1330 46 20 med

167 1355 74 24 insegel
257 1354 98 25 försedde,
371 1357 109 24 noggrannt
495 1354 71 21 vårdas
580 1356 39 19 och
632 1355 5 20 i
653 1355 88 27 tillbörlig
755 1356 81 27 ordning
850 1356 60 21 hållas

167 1381 62 20 under
250 1381 65 27 tillsyn
335 1382 20 19 af
373 1381 60 20 desse
453 1383 73 19 rätters
545 1382 122 20 ordförande.
697 1383 124 20 Förnimmes
840 1384 70 20 oskick

168 1408 121 25 härutinnan,
296 1414 45 14 vare
354 1409 38 19 den
407 1409 112 26 försumlige
533 1409 77 20 derföre
624 1410 91 25 ansvarig
727 1410 38 20 och
775 1410 78 26 vidtage
864 1411 47 20 Hof-

170 1435 37 19 rätt
221 1438 68 22 genast
304 1434 66 27 åtgärd
386 1436 25 19 till
426 1435 58 26 nödig
498 1437 80 19 rättelse
592 1436 5 19 i
612 1435 69 21 sådant
695 1437 99 20 afseende.
