1017 1689
311 143 70 23 Nådiga
393 145 140 22 Propositionen
546 145 36 16 N:o
595 145 27 18 28.
806 145 33 18 805

98 191 102 29 vånarene
215 193 4 18 i
233 192 101 20 Kuusamo
349 193 72 20 socken
439 193 4 19 i
461 194 54 19 detta
532 194 113 19 hänseende
662 195 106 19 tillsvidare
786 195 54 20 skola

96 217 75 25 åtnjuta
188 217 60 20 sådan
266 219 91 26 lindring,
376 221 28 17 att
421 221 216 24 mantalspenningarne
655 221 19 18 af
691 221 46 18 dem
754 221 87 26 erläggas

97 244 46 19 med
158 244 71 19 endast
243 251 22 13 en
280 246 56 19 mark
352 247 29 18 för
394 251 46 14 man
454 247 37 19 och
505 247 67 18 femtio
587 247 56 24 penni
658 248 29 18 för
704 247 79 24 qvinna.

150 271 9 24 $
174 271 19 19 6.
222 271 118 20 Underbefäl
353 271 61 26 jemte
429 273 91 24 soldater,
537 270 98 22 matroser
648 274 38 19 och
701 273 60 25 öfrige
772 274 25 18 till
808 279 34 19 ge-

96 297 123 25 menskapen
235 298 86 19 hörande
334 304 96 19 personer
448 299 32 20 vid
499 299 25 20 de
542 299 94 20 värfvade
653 299 63 20 finska
734 302 107 23 trupperne

97 323 65 26 skola,
183 323 78 26 sålänge
279 325 25 19 de
321 326 34 18 äro
372 325 4 19 i
394 324 69 27 tjenst,
484 331 45 14 vara
546 326 29 19 för
591 326 192 25 mantalspenningar
796 326 43 24 frie,

96 349 53 20 dock
170 349 69 20 endast
259 351 28 18 för
305 351 41 19 sine
367 357 48 20 egne
435 357 102 20 personer.
569 353 44 19 Och
633 353 48 19 skall
702 351 97 26 derjemte
816 352 24 25 på

98 375 52 26 dem,
166 377 58 18 deras
239 377 61 19 enkor
314 379 37 18 och
365 378 48 19 barn
427 378 96 26 tillämpas
538 379 53 19 hvad
605 379 36 19 här
658 380 57 18 ofvan
731 379 5 18 i
753 379 9 25 %
780 380 12 18 4
806 378 36 19 fin-

98 409 36 13 nes
148 403 96 25 stadgadt.

150 429 10 24 $
175 430 18 18 7.
225 429 76 19 Sälane
315 430 107 20 afskedade
436 431 94 21 soldater,
545 434 99 16 matroser
657 432 38 19 och
709 436 82 20 gemene
808 431 33 19 vid

97 455 73 19 indelte
184 456 37 18 och
237 456 93 19 värfvade
344 456 63 20 finska
421 456 104 24 militären,
541 463 44 13 som
600 458 29 18 för
643 458 108 25 blessyrer,
762 457 81 25 sjuklig-

98 482 34 19 het
149 482 47 19 eller
213 481 100 27 långvarig
329 481 100 26 tjenstetid
446 483 63 19 blifvit
525 484 90 24 hugnade
631 484 46 19 med
694 484 83 24 pension
795 484 47 19 eller

98 507 56 26 årligt
170 508 99 20 underhåll
285 509 20 19 af
317 510 94 19 allmänna
426 510 70 25 medel,
513 512 34 18 äro
561 510 29 19 för
605 510 30 24 sig
649 511 38 18 och
705 511 82 18 hustrur
799 509 43 27 från

100 534 192 26 mantalspenningar
306 535 93 20 befriade.

152 560 10 25 $
177 561 19 19 8.
225 561 48 19 Intill
287 562 48 19 dess
350 562 139 26 skattlägening
504 563 5 19 i
523 562 39 20 den
576 562 26 20 till
617 562 76 26 Kuopio
708 564 31 18 län
757 562 86 20 hörande

98 588 82 19 andelen
194 588 21 18 af
228 587 81 20 Karelen
324 588 69 20 hinner
406 589 107 19 fullbordas
527 590 37 18 och
579 588 80 25 sålänge
677 589 166 20 medium-räntan

98 613 42 20 från
158 614 138 24 lägenheterne
313 615 104 19 derstädes
429 615 67 25 utgår,
511 616 76 20 betalas
603 615 191 25 mantalspenningar
814 615 28 20 uti

98 640 85 20 nämnde
196 641 55 19 andel
266 640 20 20 af
298 641 52 19 länet
363 641 70 20 endast
447 642 20 19 af
480 642 25 20 de
519 647 102 21 personer,
638 642 67 19 hvilka
715 641 37 20 slik
762 642 79 26 utskyld

100 667 87 19 hitintills
194 666 81 26 utgjort.

154 694 28 18 De
197 693 178 46 krönonybyggare
390 695 64 19 hvilka
469 700 71 20 genom
553 694 132 26 vederbörligt
694 695 64 25 utslag
767 694 37 20 fått
814 696 29 24 sig

99 720 30 19 för
146 720 54 19 vissa
218 720 22 20 är
257 720 129 20 tillförsäkrad
403 722 93 19 befrielse
513 721 43 20 från
572 721 202 25 mantalspenningars
787 722 56 24 utgö-

100 746 68 24 rande,
183 746 80 20 komma
277 749 28 17 att
319 747 69 20 dervid
402 747 115 20 bibehållas.

152 773 11 25 $
179 773 17 19 9.
224 774 105 23 Personer,
345 774 73 24 hvilka,
435 775 61 18 ehuru
511 774 25 20 Je
550 774 63 18 vistas
630 774 28 19 uti
676 773 88 24 Finland,
784 773 59 21 likväl

100 799 44 20 icke
158 801 34 17 äro
208 798 65 21 finske
287 800 138 25 medborgare,
440 799 32 21 mä
487 800 17 26 ej
519 801 29 19 för
562 801 192 25 mantalspenningar
768 800 77 19 debite-

99 832 40 18 ras,
156 825 69 21 såsom
240 827 123 24 exempelvis
378 826 33 20 vid
425 826 38 20 den
477 826 5 19 i
497 827 65 19 landet
576 826 85 26 förlagde
676 826 61 26 ryske
747 826 97 20 militären

99 852 6 19 i
119 852 59 25 tjenst
195 853 86 19 varande
298 853 65 19 öfver-
379 854 38 18 och
435 854 185 23 underofficerares,
640 853 59 19 civile
715 852 129 26 tjenstemäns

100 880 38 18 och
152 878 98 26 betjentes
264 882 53 17 samt
331 880 102 24 soldaters,
448 883 109 17 matrosers
568 880 38 19 och
615 880 60 25 öfrige
686 879 158 26 gemenskapens

101 906 81 20 hustrur
199 906 21 19 af
234 905 63 21 finska
315 906 88 20 nationen
418 905 62 26 jemte
497 907 59 19 deras
573 905 58 24 barn,
650 907 38 19 och
705 906 93 20 likaledes
817 906 27 19 af-

101 932 89 19 skedade
204 932 65 25 dylike
283 937 96 20 personer
392 931 62 26 jemte
468 934 82 18 hustrur
565 933 37 18 och
612 932 165 20 hemmavarande
787 932 55 25 barn,

100 959 103 19 äfvensom
220 958 59 20 deras
296 959 71 24 enkor,
387 958 65 20 såvidt
469 959 24 20 de
510 959 45 19 icke
572 964 71 19 genom
660 959 75 19 födseln
750 961 33 17 äro
799 959 46 19 eller

102 985 114 20 sedermera
231 985 64 19 blifvit
308 988 83 23 antagne
405 985 27 20 till
447 985 64 20 finske
525 985 136 25 medborgare.
676 1009 4 2 |

154 1011 10 26 $
179 1012 32 19 40.
242 1012 39 19 Alla
296 1011 60 26 öfriga
372 1012 85 19 hitintills
471 1012 88 25 gällande
575 1012 37 19 och
627 1012 4 19 i
647 1012 53 19 äldre
709 1011 136 26 författningar

101 1041 99 22 upptagne
215 1037 102 20 befrielser
331 1037 50 20 ifrån
395 1039 196 24 mantalspenningar,
607 1038 63 19 ehvad
685 1037 25 20 de
725 1039 51 18 varit
790 1038 54 19 vissa

102 1064 66 19 städer
183 1064 38 19 och
234 1063 119 20 kommuner
367 1065 47 19 eller
428 1064 87 20 enskilda
530 1064 56 19 stånd
601 1065 38 18 och
653 1069 96 20 personer
762 1063 84 25 bevilja-

102 1090 31 22 de,
150 1091 79 18 komma
244 1092 27 17 att
285 1091 30 18 för
328 1090 103 20 framtiden
442 1091 79 19 alldeles
533 1091 94 24 upphöra;
639 1090 37 19 och
685 1089 33 20 må
728 1089 56 26 ingen,
802 1095 44 14 som

102 1117 61 24 enligt
177 1117 61 19 denna
254 1115 111 26 förordning
379 1118 22 18 är
414 1117 191 25 mantalspenningar
614 1116 138 24 underkastad,
763 1117 43 18 från
815 1118 31 17 ut-

102 1143 86 26 görande
201 1143 20 19 af
233 1143 86 19 nämnde
333 1143 54 19 skatt
401 1143 114 20 hädanefter
531 1148 46 14 vara
591 1143 81 19 befriad.

94 1181 4 5 N
154 1169 11 25 $
182 1170 30 19 11.
242 1169 145 24 Gerningsören
401 1169 121 20 bestämmas
537 1169 26 19 till
578 1169 33 19 två
626 1169 57 19 mark
697 1169 38 18 och
749 1169 96 25 erläggas,

103 1195 68 20 säsom
188 1196 60 23 förut,
267 1195 21 20 af
303 1195 35 19 alla
357 1195 24 24 pä
398 1195 64 20 landet
476 1199 81 21 antagne
573 1195 221 20 socknehandtverkare
808 1195 39 18 och

103 1222 144 25 gerningsmän,
261 1220 74 25 jemväl
351 1221 52 20 inom
417 1222 94 25 Wiborgs
523 1222 38 18 län.

158 1248 10 24 S
184 1249 31 18 12.
245 1248 52 18 Hvar
314 1248 37 18 och
371 1253 24 14 en
412 1248 52 19 finsk
481 1247 130 25 medborgare
629 1247 48 20 skali
691 1247 61 25 jemte
766 1247 79 24 hustru,

102 1274 48 19 barn
168 1274 38 19 och
222 1273 62 24 öirige
301 1274 27 18 till
346 1274 51 19 hans
413 1274 77 19 husfolk
509 1274 99 25 rätteligen
626 1273 86 20 hörande
729 1278 97 20 personer
841 1273 5 18 i

104 1301 73 18 mantal
193 1303 94 22 upptagas
302 1302 52 17 samt
368 1300 3 18 i
388 1300 102 25 kyrkobok
504 1301 72 18 införas
591 1299 10 20 å
616 1300 37 19 den
667 1302 37 21 ort,
719 1299 36 20 der
765 1300 36 19 han
812 1299 34 19 sitt

103 1326 26 18 bo
144 1327 36 17 och
196 1327 48 17 rätta
258 1325 87 19 hemvist
360 1325 75 24 hafver,
451 1326 97 24 borgerlig
561 1326 75 18 rörelse
651 1325 46 18 eller
706 1330 63 14 annan
778 1325 68 23 näring

104 1351 56 19 idkar
174 1351 48 18 eller
236 1349 60 26 tjenst
310 1350 100 19 förvaltar.

158 1377 95 24 Slutligen
267 1377 38 18 och
319 1375 25 20 då
357 1376 38 19 den
413 1377 116 24 föreslagne
538 1375 267 26 mantalspenningeafgiften,
821 1374 25 27 på

105 1404 39 18 sätt
160 1403 100 19 ofvanföre
277 1402 60 20 redan
355 1403 88 26 antydts,
462 1403 55 19 torde
533 1403 82 20 komma
633 1404 27 18 att
674 1402 106 25 öfverstiga
795 1407 52 14 sam-

105 1429 101 26 manlagda
220 1430 92 24 beloppet
325 1429 20 19 af
357 1429 26 19 de
396 1434 28 14 nu
433 1428 96 26 utgående
541 1429 109 25 personella
665 1428 137 26 utskylderna,
816 1428 30 19 til-
