1006 1686
170 141 50 34 1078
391 147 71 23 Nådiga
474 147 140 24 Propositionen
627 148 36 18 N:o
675 148 29 18 32.

228 197 38 19 Vid
280 196 142 20 ofvanstående
436 197 143 25 framställning
593 197 20 19 af
628 197 184 25 bankfullmäktiges
826 197 94 26 rättighe-

175 225 31 16 ter
226 223 38 18 och
284 222 112 25 åligganden
417 223 57 19 hafva
492 222 60 27 några
574 229 26 13 nu
618 223 88 25 gällande
722 223 123 19 föreskrifter
859 223 62 20 blifvit

175 247 133 26 förbigångne,
332 248 82 20 emedan
430 249 5 19 i
455 249 53 25 dem,
524 249 58 25 enligt
596 249 116 20 ständernes
726 249 65 25 tanke,
807 249 112 25 förändring

175 280 49 15 vore
244 274 91 26 behöflig.
364 274 85 20 Sålunda
466 275 79 25 stadgas
561 275 6 19 i
584 275 10 25 $
611 276 25 19 26
653 281 61 13 mom.
732 277 12 17 2
762 276 19 24 c)
799 275 20 19 af
833 274 84 25 Kejserl.

174 300 144 26 Förordningen
332 300 40 20 den
387 301 23 19 13
426 302 52 24 April
494 302 58 24 1859,
568 304 28 16 att
610 302 85 19 Senaten
705 303 48 23 äger
763 301 110 19 bestämma
886 301 34 19 det

175 327 66 25 värde,
257 327 77 20 hvartill
349 327 143 20 räntebärande
506 328 133 25 obligationer,
650 328 103 20 utfärdade
766 328 21 19 af
797 328 124 26 hypotheks-

175 353 110 25 föreningar
298 354 38 19 och
351 354 59 19 andra
425 354 93 20 allmänna
532 354 95 20 anstalter
639 355 5 18 i
657 354 71 25 landet,
739 354 32 20 må
782 353 67 20 såsom
859 354 62 26 hypo-

174 380 47 19 thek
235 379 30 21 för
279 379 30 21 lån
323 383 89 22 antagas.
442 380 69 26 Dylika
526 381 207 25 värdebestämningar

261 422 2 2 *
279 413 52 20 torde
353 413 46 20 dock
416 413 104 25 framdeles
542 414 64 20 känna
628 414 43 19 bero
695 414 25 26 af
742 413 179 21 Bankdirektionens

273 442 99 26 "pröfning.

188 478 2 2 *
228 474 90 20 Nämnde
331 474 119 26 Förordning
464 477 84 18 utsätter
565 475 5 19 i
588 476 10 24 $
616 476 25 18 28
658 476 34 19 det
710 475 69 26 högsta
796 476 93 25 beloppet
903 476 20 19 af

176 500 31 20 län
216 506 24 14 ur
251 501 191 26 hypotheksfonden,
455 502 75 19 hvilket
540 504 51 16 emot
601 502 111 24 inteckning
726 502 4 18 i
742 507 76 15 samma
831 502 92 25 fastighet

175 527 47 20 eller
236 526 24 27 pä
276 527 29 20 ett
318 528 39 19 och
372 533 76 14 samma
463 528 101 26 hypothek
574 527 30 20 får
614 528 19 19 at
643 528 177 20 Bankdirektionen
831 527 89 26 beviljas,

176 553 26 19 till
219 554 61 24 6,000
298 553 66 25 rubel,
385 555 104 18 hvaremot
504 554 186 20 Bankdirektionens
708 555 65 19 beslut
790 555 5 18 i
813 554 54 26 fråga
888 561 33 13 om

175 580 65 19 större
254 579 123 21 länesumma
392 580 36 19 bör
438 580 128 20 underställas
576 580 234 26 Finans-Expeditionens
819 581 100 26 pröfning.

177 605 37 20 För
227 606 29 19 sin
272 606 30 20 del
318 611 48 15 anse
380 606 105 20 -ständerne

274 632 70 26 jemvä!
358 634 102 24 nästsagde
475 633 111 27 länefrägor
600 634 64 18 kunna
679 634 43 19 bero
739 635 24 24 af
779 634 141 20 Bankdirektio-

278 667 45 13 nens
339 662 112 25 afgörande.

227 689 44 19 Men
291 688 96 26 derjemte
404 688 52 21 finna
474 690 106 20 ständerne
596 689 34 19 det
648 695 46 14 vara
711 690 21 20 af
747 690 70 26 högsta
835 692 41 24 vigt
892 691 31 19 för

175 715 159 20 handhafvandet
347 716 21 19 af
379 716 91 20 Bankens
487 716 182 26 utläningsrörelse,
688 719 28 17 att
733 722 23 14 en
774 717 71 20 allmän
862 718 60 25 gräns

176 742 64 20 skulle
254 743 127 24 bestämmas,
397 742 128 20 hvarutöfver
538 742 31 20 län
583 742 20 19 ät
618 748 24 14 en
656 744 38 18 och
708 748 77 15 samma
796 749 72 19 person
878 744 43 20 icke

175 768 52 26 finge
241 769 21 19 af
273 768 177 27 Bankdirektionen
465 769 92 25 utgifvas;
573 772 22 23 ty
612 770 114 25 derigenom
744 770 81 19 komme
841 770 80 20 Banken

176 794 6 20 i
196 795 72 19 tillfälle
283 797 28 17 att
324 795 100 25 bispringa
438 795 48 20 flere
500 795 99 26 låntagare
613 796 38 18 och
666 802 48 14 vore
728 796 58 20 likväl
801 796 45 20 icke
860 799 63 17 utsatt

176 821 30 19 för
220 820 30 20 Je
259 821 101 26 betydliga
374 821 98 24 förluster,
490 828 43 13 som
548 822 33 19 vid
595 822 114 20 inträflande
718 823 131 19 fallissement
858 824 65 18 kunna

176 847 83 19 härröra
276 847 20 19 af
312 850 52 17 stora
385 847 146 20 länesummors
549 848 180 25 sammanhopande
746 848 25 25 pä
793 854 24 13 en
836 854 84 20 persons

176 872 59 21 hand.
264 873 109 20 Ständerne
387 879 47 14 anse
448 874 30 25 sig
491 874 78 20 derföre
586 874 47 19 böra
647 874 140 26 underdänigst
801 875 71 20 föreslå
887 875 34 20 sä-

177 899 48 20 dant
238 899 110 26 stadgande

278 934 28 18 att
321 932 31 20 det
366 932 68 26 högsta
449 933 71 26 belopp,
536 940 40 13 som
585 933 51 26 från
648 935 96 24 primitiva
759 934 34 20 och
811 934 111 26 hypotheks-

272 961 96 26 fonderne
378 961 38 26 får
430 962 24 25 af
469 962 86 19 Bankens
570 962 92 19 direktion
674 961 20 20 ät
704 969 23 12 en
742 962 35 20 och
791 969 73 12 samma
876 969 45 18 per-

277 995 35 13 son
325 988 75 20 utlånas
416 990 44 18 eller
475 992 47 17 emot
537 990 42 19 dess
588 991 119 24 ansvarighet
718 990 91 25 utgifvas,
821 991 59 18 ehvad
891 991 31 19 det

277 1017 44 20 sker
336 1018 6 18 i
356 1024 22 12 en
394 1017 44 20 eller
446 1019 53 24 flera
509 1020 71 23 poster,
594 1017 56 20 måtte
657 1018 111 25 fastställas
782 1019 27 18 till
822 1018 100 23 200,000

277 1045 54 20 mark
344 1044 62 27 finskt
424 1049 58 22 "mynt,
498 1046 63 19 derest
575 1046 38 19 icke
629 1046 176 25 bankfullmäktige,
819 1045 26 26 pä
861 1046 61 19 direk-

278 1075 70 18 tionens
366 1074 140 25 framställning
526 1074 34 19 och
578 1074 48 25 efter
642 1075 90 24 pröfning
748 1074 25 25 af
785 1074 137 25 omständighe.

277 1103 60 21 terna,
347 1101 58 25 finna
419 1101 69 25 skäligt
503 1104 28 16 att
546 1101 26 20 till
584 1101 58 25 högre
654 1108 82 13 summas
748 1101 86 25 utlåning
849 1102 74 25 bifalla-

226 1134 65 26 Enligt
306 1134 11 25 $
333 1135 11 18 2
363 1135 5 18 i
386 1134 110 20 änberörde
511 1134 69 26 nådiga
595 1134 111 26 författning
721 1140 48 20 eger
783 1136 86 18 Senaten
883 1136 39 18 för-

176 1161 60 19 ordna
252 1160 27 20 till
296 1160 110 20 inrättande
422 1161 20 18 af
457 1166 38 20 nya
515 1161 151 19 vexelanstalter
683 1161 48 20 eller
748 1163 107 23 agenturer
873 1162 6 17 i
896 1160 25 21 de

175 1187 75 24 städer,
272 1187 82 19 hvarest
374 1187 65 25 dylika
459 1187 80 24 pröfvas
557 1192 47 14 vara
621 1187 102 26 behöfliga,
743 1190 52 16 samt
809 1187 112 20 bestämma

176 1212 99 25 omfånget
295 1212 20 20 af
333 1213 58 19 deras
412 1213 128 19 verksamhet
560 1213 37 19 och
617 1213 78 20 utfärda
714 1213 159 25 aflöningsstater
891 1214 29 19 för

176 1239 53 24 dem,
245 1239 103 18 äfvensom
362 1238 91 19 förändra
468 1239 46 18 eller
527 1238 80 25 indraga
624 1239 25 18 de
662 1239 52 19 förut
730 1239 106 25 befintliga.
865 1239 54 19 Stän-

178 1264 60 20 derne
253 1270 54 13 anse.
315 1264 33 19 Jet
365 1269 47 14 vara
430 1263 106 26 sjelffallet,

279 1293 28 17 att
326 1290 64 27 dylika
404 1290 72 27 frågor
490 1291 106 26 framdeles
615 1291 66 20 endast
697 1290 29 27 pä
744 1291 177 26 bankfullmäktiges

274 1319 78 26 förslag
366 1319 65 20 kunna
445 1320 7 19 i
467 1319 80 20 Senaten
556 1319 120 26 förekomma
690 1320 34 20 och
738 1320 86 26 afgöras.

230 1352 122 21 Beträffande
375 1353 89 26 slutligen
488 1353 37 20 den
548 1353 117 20 instruktion
688 1354 30 19 för
741 1354 179 27 bankfullmäktige,

178 1379 80 21 hvilken
272 1379 76 21 landets
362 1380 89 24 Ständer,
468 1380 67 20 säsom
549 1380 5 19 i
568 1379 38 21 den
620 1379 70 27 nädiga
704 1381 147 25 propositionen
865 1383 57 24 anty-

178 1406 42 24 des,
243 1406 49 26 egde
312 1406 46 20 dem
379 1406 96 26 meddela,
492 1406 58 21 hafva
564 1406 110 26 ständerne,
690 1410 55 17 utom
760 1407 52 20 hvad
827 1408 58 19 ofvan
899 1408 22 19 är

178 1434 100 25 upptaget,
294 1433 39 19 och
347 1432 100 26 angående
461 1433 145 26 granskningen
620 1434 20 19 af
653 1433 69 26 hvarje
736 1434 86 20 förflutet
836 1433 33 21 års
882 1436 39 18 stat
