1023 1684
311 130 71 23 Nådiga
394 132 140 26 Propositionen
547 132 37 18 N:o
595 134 28 16 38.
797 132 44 20 1185

94 180 144 26 lagstiftningen
251 182 23 18 är
287 180 129 25 planmässigt
425 181 80 25 ordnad,
516 181 161 25 tillverkningens
687 182 70 24 högsta
766 182 73 26 belopp

94 205 65 20 finnes.
181 206 101 20 bestämdt
298 206 49 20 eller
361 206 99 22 befunnits
475 207 70 26 rälligt
559 210 27 17 att
600 208 118 19 bestämma.
746 208 42 19 Man
803 209 35 19 har

96 232 5 18 i
123 232 37 20 den
181 232 61 25 högre
262 233 78 18 skatten
357 233 38 19 och
413 233 5 19 i
435 233 33 19 det
482 233 57 20 deraf
551 233 112 20 föranledda
677 235 63 24 högre
752 233 62 26 priset
828 234 10 20 ä

95 263 60 14 varan
169 258 63 19 funnit
246 261 29 17 ett
289 258 63 20 medel
367 261 34 22 att,
418 259 62 20 under
490 265 23 14 en
516 254 10 35 i
538 259 136 26 författningen
684 260 89 25 reglerad
780 260 59 19 friare

94 284 131 25 konkurrens,
248 284 123 20 .förekomma
386 285 114 25 öfverflödig
514 285 80 26 tillgång
607 285 25 26 pä
647 286 82 19 bränvin
744 289 52 16 samt
809 289 29 16 att

94 310 117 20 tillförsäkra
226 311 126 19 tillverkaren
366 317 24 13 en
406 311 88 26 tillbörlig
509 311 59 25 vinst,
584 314 46 17 utan
643 314 29 16 att
685 311 104 26 uppurifva
799 313 40 24 pri-

94 339 32 17 set
146 336 25 20 till
189 342 24 13 en
230 336 53 26 höjd,
303 342 44 15 som
362 337 62 20 skulle
438 340 119 23 uppmuntra
574 337 64 26 oloflig
654 337 124 26 tillverkning
792 339 46 18 eller

90 358 91 35 införsel.
337 373 2 2 i

148 389 150 20 Fastställandet
317 390 22 19 af
357 392 27 19 ett
403 390 108 19 maximum
531 390 30 19 för
577 389 37 20 den
631 389 59 26 ärliga
707 390 131 20 bränvinstill-

94 415 122 26 verkningen
229 417 22 18 är
266 416 37 19 hos
318 421 34 14 oss
366 416 89 19 förenadt
468 416 46 19 med
528 418 53 17 stora
589 415 131 26 svärigheter,
730 416 5 19 i
741 416 98 22 anseende

94 442 26 19 till.
141 441 76 28 bristen
234 441 24 26 pä
276 442 107 25 tillförlitlig
400 442 110 20 kännedom
524 447 32 14 om
571 442 33 19 det
617 442 79 25 belopp,
712 447 45 16 som
771 442 67 20 hittills

93 468 70 28 hvarje
180 467 22 20 år
220 468 63 19 blifvit
297 468 118 20 tillverkadt.
445 469 28 18 De
488 468 100 25 uppgifter
603 468 146 20 vederbörande
763 468 76 20 Krono-

95 494 86 25 betjente
201 494 94 19 inlemnat
316 495 34 21 äro
371 495 43 24 föga
435 495 130 26 upplysande,
586 493 26 21 då
632 494 117 25 anteckning
765 495 73 18 saknas

94 520 69 20 derom
184 521 51 19 huru
251 521 58 25 länge
325 520 39 21 den
378 521 111 20 utlemnade
504 520 111 25 redskapen
631 520 99 25 verkligen
744 521 51 18 varit
808 521 30 19 för

94 545 111 21 ändamålet
224 547 107 26 begagnad,
354 546 92 20 hvarföre
466 548 59 19 äfven
539 547 36 20 alla
590 546 25 26 på
628 546 46 19 dem
688 546 100 26 grundade
802 547 35 19 be-

94 573 105 25 räkningar
213 573 65 20 måste
291 573 60 20 blifva
367 573 81 32 mycket
462 573 109 20 sväfvande
585 573 38 20 och
631 573 137 25 otillförlitliga.
786 573 51 20 Här-

93 599 26 20 till
141 599 90 20 kommer
251 602 28 17 att
299 600 38 20 den
357 599 72 26 åtgång
447 599 23 26 på
488 600 83 19 bränvin
587 599 90 20 tekniska
691 599 147 25 tillverkningar

95 626 88 19 erfordra
198 627 4 18 i
221 626 38 20 den
279 628 100 18 närmaste
394 626 76 20 framtid
486 626 137 24 undandrager
637 625 30 25 sig
681 624 70 26 hvarje
766 625 70 26 kalkyl,

95 652 86 20 likasom
194 652 34 20 det
241 652 10 20 å
267 653 62 19 andra
343 652 55 20 sidan
413 654 22 18 är
449 652 86 25 omöjligt
548 655 29 16 att
590 652 74 20 förutse
678 652 80 19 hvilken
765 652 73 19 minsk-

94 678 45 26 ning
152 678 6 20 i
172 678 95 26 åtgången
281 679 39 20 den
335 684 38 21 nya
387 679 145 25 lagstiftningen
546 678 38 20 kan
600 678 95 20 medföra.

145 705 43 19 Men
211 705 92 20 förutsatt
322 708 29 17 att
371 705 34 20 det
420 711 48 13 vore
481 704 76 26 möjligt
571 707 28 17 att
612 704 29 19 för
655 704 44 20 hela
713 704 65 20 landet
792 710 46 19 nog-

93 734 69 22 grannt
176 731 112 21 bestämma
302 732 34 20 det
349 735 95 22 gvantum
457 732 90 24 bränvin,
563 736 44 14 som
621 733 112 17 motsvarar
743 732 28 18 ett
779 730 59 19 mäti-

92 758 35 25 ligt
148 758 61 20 behof
227 758 62 24 deraf,
309 763 22 15 so
349 763 48 14 vore
414 758 82 19 dermed
512 757 51 20 dock
578 756 19 26 ej
611 756 82 26 mycket
707 759 81 22 vunnet,
805 762 33 14 om

95 790 45 14 man
158 784 98 25 derjemte
273 784 18 25 ej
305 784 67 21 kunde
386 784 137 20 åstadkomma
537 783 48 20 dess
599 783 110 25 fördelning
723 784 38 18 och
775 782 63 26 sprid-

95 812 45 24 ning
158 810 22 21 så
196 810 63 25 jemnt
277 813 28 17 att
321 811 34 19 det
371 810 24 26 på
412 810 69 24 hvarje
495 813 32 17 ort
540 810 38 19 och
592 809 24 27 på
631 808 70 26 hvarje
714 809 37 25 dag
765 808 19 20 af
796 808 44 20 året

94 843 50 14 vore
158 838 111 25 tillräckligt
283 840 28 17 att
324 837 45 26 fylla
383 837 53 20 detta
450 836 65 21 behof.
544 836 26 20 Sä
585 836 55 25 länge
654 842 25 13 en
693 834 60 21 sådan
768 835 71 20 fördel-

94 864 46 26 ning
153 864 45 21 icke
213 865 22 19 är
249 863 67 26 möjlig
333 866 28 17 att
375 864 72 24 utföra,
462 864 36 19 kan
513 863 33 20 det
561 862 103 20 bestämda
679 861 107 27 maximum
800 861 38 20 lika

95 891 30 20 väl
142 891 43 20 visa
199 891 29 25 sig
243 896 48 15 vara
305 891 30 19 för
349 891 46 24 högt
410 896 43 14 som
467 891 29 19 för
510 889 39 26 lågt
563 889 87 26 tilltaget.
680 889 26 20 Är
719 888 34 20 det
763 888 27 20 för
798 887 40 26 lågt

94 918 39 19 och
147 917 148 26 tillverkningen
311 917 27 20 till
353 916 45 26 följe
411 917 57 19 deraf
481 917 29 19 för
525 916 53 25 ringa
594 916 5 19 i
614 915 119 20 förhållande
747 915 25 20 till
780 915 60 20 efter-

94 943 75 26 frågan,
193 943 48 20 skall
258 945 103 19 bränvinet
374 944 37 25 dag
425 943 43 20 från
483 944 37 25 Jag
534 942 49 26 stiga
598 943 5 18 i
618 943 41 24 pris
673 943 38 18 och
725 941 64 20 lemna
803 941 37 20 till-

95 971 110 20 verkarena
226 976 24 14 en
271 970 74 26 oskälig
367 970 58 25 vinst,
448 973 47 16 utan
509 971 29 18 att
551 969 54 19 detta
619 967 170 22 missförhållande
800 967 39 20 kan

94 996 99 25 utjemnas
215 997 24 25 på
261 1003 63 14 annan
339 998 24 18 än
378 997 68 25 olaglig
460 998 44 23 väg,
521 995 78 20 hvilken
613 994 26 19 då
653 995 58 18 äfven
724 994 77 25 ifrigare
814 995 26 20 än

95 1023 97 25 någonsin
212 1023 65 20 skulle
297 1023 99 20 beträdas.
426 1023 79 19 Samma
526 1021 65 20 blefve
612 1020 129 20 förhållandet
757 1022 33 17 om
806 1020 34 20 det

94 1049 97 26 lyckades
212 1049 114 19 tillverkare
342 1049 38 19 och
400 1049 101 24 försäljare
513 1050 30 18 att
558 1047 61 23 väcka
634 1047 38 19 och
685 1046 116 20 underhålla
816 1051 23 14 en

96 1075 103 22 förmodan
221 1076 46 19 eller
290 1074 78 26 farhåga
385 1074 69 20 derom
468 1077 29 17 att
511 1073 108 20 maximum
633 1072 64 20 blifvit
710 1072 29 19 för
753 1072 39 26 lågt
805 1072 35 20 be-

96 1102 83 20 räknadt
199 1102 38 20 och
254 1104 28 17 att
296 1100 63 26 någon
371 1102 66 18 större
450 1101 50 19 brist
513 1099 25 27 på
553 1099 83 20 bränvin
649 1099 63 19 under
726 1097 54 22 årets
794 1099 46 24 lopp

96 1128 49 20 skall
160 1128 83 20 inträda.

150 1155 67 19 Blefve
236 1154 43 20 åter
301 1153 108 20 maximum
425 1154 29 18 för
469 1146 46 37 högt
527 1146 81 37 antaget
621 1152 39 19 och
674 1150 147 26 tillverkningen
834 1150 6 19 i

96 1180 46 26 följe
162 1180 57 20 deraf
231 1180 31 19 för
276 1183 48 21 stor,
339 1179 64 20 skulle
417 1180 126 19 tillverkaren
557 1177 108 20 föranledas
679 1179 29 17 att
721 1177 27 19 till
762 1176 34 20 det
809 1179 31 23 yt-

97 1199 61 37 tersta
167 1199 95 37 ”nedsätta
274 1206 63 26 priset
345 1206 39 19 och
393 1206 57 20 anlita
460 1206 35 19 alla
506 1204 65 20 medel
580 1206 29 17 att
619 1203 19 20 få
649 1209 62 15 varan
720 1203 65 23 afsatt;
802 1204 38 18 han

98 1234 65 20 skulle
183 1233 64 19 kunna
268 1234 46 24 göra
333 1231 88 26 anspråk
435 1231 25 25 på
475 1231 114 26 Styrelsens
602 1230 123 19 medverkan
742 1229 26 20 till
783 1228 59 20 förtä-

97 1260 81 24 ringens
199 1258 158 26 uppmuntrande
378 1258 47 20 eller
442 1258 72 24 begära
529 1256 188 24 skattenedsättning
731 1255 37 19 och
782 1254 59 30 andra

98 1285 117 26 eftergifter,
231 1284 129 20 förebärande
373 1286 28 17 att
409 1284 115 25 Styrelsens
533 1282 132 25 missräkning
673 1282 21 19 af
701 1282 34 19 det
744 1280 98 45 elen

98 1312 233 24 tillverkningsbeloppet
345 1310 114 24 tillskyndat
472 1310 73 17 honom
559 1308 98 22 förluster,
668 1308 45 19 dem
723 1308 38 18 han
768 1312 17 18 ej
807 1312 35 14 kun-

98 1340 34 16 nat
152 1336 75 20 förutse
245 1336 47 19 eller
306 1337 5 17 i
326 1335 28 19 tid
368 1334 71 25 afböja,
455 1334 24 19 då
494 1333 150 25 tillverkningen
658 1332 71 20 endast
742 1332 62 19 under
818 1336 24 14 en

98 1364 32 19 del
145 1363 20 19 af
177 1362 44 20 året
234 1364 23 18 är
271 1361 82 20 tillåten.
604 1384 4 3 N

155 1389 134 26 Origtigheten
303 1388 21 20 af
336 1388 37 20 den
387 1386 147 26 ifrågavarande
548 1386 100 25 principen
662 1384 53 30 faller
732 1385 48 18 ännu
791 1388 53 25 mera

102 1418 5 18 i
126 1417 75 24 ögonen
219 1421 32 13 om
268 1420 47 14 man
333 1413 111 21 utsträcker
464 1413 113 19 densamma
595 1412 38 18 och
651 1411 58 19 söker
729 1413 28 17 att
776 1410 29 20 för
818 1409 26 20 de

773 1442 24 16 78
