1009 1689
303 143 71 23 Nädiga
386 144 139 23 Propositionen
540 146 35 17 N:o
587 147 28 16 31.
797 148 33 19 977

84 197 25 15 en
145 191 49 22 fyrbåk
209 191 23 28 på
247 193 131 27 Skälgrundet
388 195 76 18 utanför
473 195 67 20 Kaskö
549 195 50 25 stad,
610 196 101 20 beräknad
718 197 26 20 till
756 197 72 26 78,538

84 225 64 14 mark.

235 245 49 22 Hela
298 246 103 21 kostnaden
410 248 35 25 för
460 247 57 20 dessa
532 250 131 23 inrättningar,
679 250 24 24 af
714 250 63 19 hvilka
786 251 43 25 fyr-

185 274 60 21 båken
259 275 26 26 på
303 275 98 19 Ulkokalla
416 278 23 16 är
452 282 40 13 mer
506 279 25 16 än
545 277 23 18 de
583 276 31 19 två
628 277 61 25 öfriga
709 278 77 25 fyrarne
800 278 29 19 be-

187 303 60 25 höflig,
263 305 54 23 utgör
331 302 73 21 således
418 303 90 24 183,770
522 304 60 23 mark,
597 304 62 19 hvilka
679 304 56 21 borde
743 306 37 24 för
796 309 32 16 än-

187 330 82 20 damålet
279 330 70 20 anslås.

137 357 107 26 Sluteligen
261 364 59 15 anser
336 359 99 20 Utskottet
451 362 29 17 att
496 359 39 20 den
551 359 28 20 uti
593 359 73 26 Nådiga
681 361 146 27 propositionen

84 385 109 25 föreslagna
208 385 58 20 kanal
281 385 56 20 öfver
352 385 122 21 Lemströms
492 386 39 20 650
549 387 28 18 fot
593 386 61 20 breda
671 388 36 18 näs
724 387 25 26 på
767 388 62 20 Åland

83 411 45 20 icke
142 411 61 20 borde
221 412 75 19 lemnas
314 414 46 17 utan
378 412 102 21 afseende.
511 413 70 19 Ehuru
597 413 34 20 det
647 414 52 19 ännu
716 415 22 18 är
754 415 74 24 ganska

83 439 72 24 ovisst,
171 443 32 14 om
218 439 37 19 den
269 438 6 19 i
289 438 92 20 kanalens
396 440 71 18 närhet
480 439 80 26 belägna
575 439 69 20 staden
657 440 120 20 Mariehamn
792 440 37 21 kan

84 463 44 27 höja
142 465 30 25 sig
186 465 29 20 till
230 465 61 26 någon
305 465 124 26 betydenhet
443 467 38 18 och
496 466 60 26 draga
569 466 61 19 fördel
648 467 21 18 af
675 467 153 26 anläggningen,

83 491 22 20 sä
120 492 38 19 kan
172 492 58 20 likväl
245 492 38 19 den
297 491 44 20 icke
354 493 54 24 ringa
418 492 236 26 landmannaseglationen
663 493 42 20 från
734 494 44 20 Äland
789 495 39 18 och

84 519 107 25 sydvestra
206 518 79 20 Finland
299 519 57 19 hafva
371 521 51 17 stort
435 525 51 19 gagn
500 519 62 25 deraf,
578 519 83 20 emedan
675 519 37 20 den
731 521 99 19 förkortar

84 545 68 19 färden
168 545 57 26 kring
242 545 103 19 Lemlands
362 545 73 20 socken
451 545 47 20 med
519 545 58 26 några
599 546 40 19 mil.
668 546 113 21 Kostnaden
799 547 30 20 för

83 571 65 20 denna
164 572 56 19 kanal
235 571 45 20 med
295 574 70 17 tretton
380 572 38 19 fots
428 571 48 26 djup
486 573 35 18 har
530 573 89 24 pröfvats
627 572 64 26 uppgå
702 573 27 20 till
739 573 89 26 179,656

83 598 57 20 mark
155 598 38 20 och
207 598 46 20 med
267 598 31 19 nio
313 598 38 19 fots
365 597 47 26 djup
426 599 26 19 till
469 599 86 23 130,508
569 599 62 20 mark.

234 630 33 20 Då
285 630 96 24 Utskottet,
397 631 115 20 oberäknadt
520 632 128 27 förenämnda
662 632 48 24 skäl,
725 633 39 20 icke
783 633 45 20 kun-

185 662 34 17 nat
237 659 61 19 lemna
316 661 47 18 utan
382 659 94 26 afseende,
496 662 27 17 att
541 659 62 20 Åland
624 661 123 25 härförinnan
766 661 63 20 sällan

185 687 73 20 kunnat
271 687 58 25 blifva
343 687 81 26 delaktig
439 688 25 24 af
476 687 22 19 de
515 687 144 27 allmännyttiga
668 689 83 25 företag,
764 684 44 25 som
822 691 7 18 i

185 716 64 19 landet
264 715 58 25 blifvit
336 715 81 26 utförda,
433 716 34 19 och
481 715 26 20 då
521 715 92 21 kanalens
628 717 41 24 läge
683 717 32 19 vid
729 717 62 26 hafvet
801 724 27 13 er-

180 744 82 26 fordrar
277 745 24 18 ett
318 746 59 17 större
395 743 45 26 djup
458 745 31 22 för
507 743 114 24 densamma,
639 744 80 25 föreslås
738 747 29 17 att
786 745 42 20 dess

186 772 115 25 anläggning
315 771 56 20 måtte
386 772 100 26 befrämjas
499 779 67 18 genom
581 775 26 17 ett
621 772 68 27 anslag
703 773 24 26 af
737 773 90 24 179,656

187 801 59 18 mark.

137 829 60 20 Bland
211 829 60 24 öfriga
285 828 146 26 allmännyttiga
444 828 136 27 inrättningar,
598 835 39 14 som
652 829 55 20 detta
721 829 107 22 betänkan-

83 855 27 20 de
123 856 36 19 bör
173 855 81 20 omfatta
269 855 36 20 har
318 855 101 20 Utskottet
433 855 67 20 vidare
520 856 59 19 fästat
599 855 176 26 uppmärksamhet
795 856 33 20 vid

84 882 38 20 den
137 881 104 26 jernbana,
261 881 79 20 hvilken
358 881 71 26 blifvit
437 881 107 26 föreslagen
559 884 28 17 att
603 882 55 19 ledas
671 882 51 20 ifrån
735 884 94 19 Tavaste-

85 908 197 20 hus—Tammerfors
298 908 63 19 banan
376 908 26 19 till
417 907 42 20 Åbo
474 908 51 20 stad.
554 908 31 20 Uti
600 913 24 14 en
640 908 6 19 i
663 909 165 26 Borgareståndet

84 935 116 25 föredragen
217 933 144 21 besvärsskrift
377 934 59 19 hafva
453 933 47 20 flere
518 935 41 19 skäl
577 934 63 19 blifvit
657 935 79 20 anförda
753 936 30 19 för.
800 938 28 17 att

84 961 117 25 ådagalägga
218 961 93 19 behofvet
328 960 36 19 och
385 962 70 23 gagnet
472 961 20 19 af
509 961 62 19 denna
593 960 233 21 »ommunikationslinie.

86 988 37 19 Det
137 988 35 18 har
186 987 62 19 blifvit
262 986 117 25 framhållet,
395 989 29 16 att
437 986 115 20 densamma
569 987 81 19 komme
667 989 29 18 att
711 988 117 25 genomlöpa

85 1013 92 20 Finlands
192 1013 77 26 tidigast
279 1014 38 18 och
327 1013 143 25 fullständigast
478 1013 70 20 odtade
557 1013 82 26 bygder,
651 1017 50 16 samt
711 1017 28 16 att
748 1014 26 19 de
784 1014 45 19 öfri-

84 1046 26 20 ga
124 1046 26 12 nu
165 1040 108 25 föreslagna
286 1038 131 26 jernvägarne
431 1039 43 19 icke
488 1039 64 20 kunde
567 1039 88 26 medföra
671 1043 58 17 annat
743 1042 24 17 än
781 1045 48 14 van-

85 1066 55 20 makt
154 1065 21 20 åt
189 1066 42 20 hela
246 1066 108 26 sydvestra
367 1066 58 19 delen
439 1066 22 19 af
473 1066 64 19 landet
549 1065 61 25 jemte
624 1066 42 19 Åbo
681 1066 50 25 stad,
746 1066 82 20 emedan

84 1093 24 19 all
123 1092 39 20 den
178 1092 98 27 betydliga
293 1091 208 25 handelsförbindelse,
524 1098 44 14 som
587 1092 123 20 härförinnan
731 1096 33 23 egt
783 1098 46 13 rum

85 1120 84 19 emellan
183 1113 42 26 Åbo
240 1120 38 18 och
292 1118 25 20 de
331 1118 42 19 inre
387 1118 79 20 delarne
480 1119 20 19 af
512 1119 65 19 landet
591 1119 63 19 skulle
668 1119 70 25 dragas
748 1119 26 19 till
784 1119 45 19 Hel-

85 1146 92 25 singfors;
194 1146 105 19 hvarutom
313 1144 34 20 det
360 1144 63 20 blifvit
436 1145 91 19 anmärkt
541 1147 28 17 att
585 1144 76 20 landets
678 1145 70 19 handel
766 1145 64 19 skulle

87 1172 82 19 komma
182 1174 29 17 att
224 1172 61 18 sakna
299 1171 34 20 det
344 1171 86 19 lifvande
439 1171 114 25 inflytande,
564 1176 44 14 som
617 1171 148 20 konkurrensen
775 1171 55 19 med-

86 1198 37 24 för,
138 1198 38 20 ifall
192 1198 121 25 Helsingfors
326 1202 71 20 genom
411 1197 103 20 konstlade
528 1197 63 19 medel
607 1197 63 20 skulle
683 1200 58 23 göras
754 1198 27 19 till
791 1197 38 20 den

86 1224 51 20 enda
152 1224 133 26 s'apelstalen
299 1224 30 19 för
343 1229 23 13 en
381 1224 86 26 betydlig
481 1224 31 20 del
527 1224 21 19 af
559 1222 66 21 landet
639 1225 38 19 och
690 1224 49 20 dess
752 1223 77 20 utländ-

86 1251 38 20 ska
137 1250 80 20 handel.

140 1278 38 18 För
191 1279 29 17 att
233 1275 64 24 afböja
310 1275 74 21 sådana
398 1276 126 26 olägenheter
538 1276 58 20 hafva
608 1276 82 26 jemväl,
709 1276 68 26 säsom
791 1276 38 20 den

86 1302 75 26 Nådiga
175 1303 148 25 propositionen
336 1303 102 25 upplyser,
455 1302 97 26 åtskilliga
567 1302 119 20 innevånare
703 1303 6 19 i
726 1303 42 19 Abo
786 1303 44 19 stad

88 1329 125 19 härförinnan
228 1329 36 18 hos
278 1328 121 25 Regeringen
413 1328 71 19 ansökt
497 1328 38 19 och
549 1328 109 25 föreslagit,
677 1330 28 17 att
721 1328 109 19 Ständerna

87 1354 62 20 måtte
163 1355 31 19 för
207 1354 34 19 det
255 1354 89 20 enskilda
359 1354 63 25 bolag,
438 1359 44 13 som
496 1354 132 26 tilläfventyrs
642 1354 57 26 åtoge
708 1354 28 25 sig
747 1354 83 20 nämnda

89 1381 61 20 banas
165 1380 120 26 anläggning,
301 1383 102 23 garantera
418 1386 23 13 en
456 1380 42 20 viss
512 1383 83 23 procent
609 1380 20 20 af
640 1380 35 20 det
688 1380 64 20 dertill
770 1380 62 20 erfor-

90 1408 74 25 derliga
178 1407 78 26 kapital.

143 1434 68 20 Ehuru
225 1434 101 20 Utskottet
339 1434 42 20 icke
396 1434 38 20 kan
447 1433 54 25 jäfva
516 1434 63 25 vigten
594 1434 39 20 och
647 1434 107 26 sanningen
769 1434 22 20 af
804 1434 28 20 fö-

758 1468 24 16 62
