989 1692
195 155 34 19 636
411 154 71 22 Nådiga
494 155 140 23 Propositionen
647 154 36 16 N:o
696 153 28 18 26.

198 211 21 13 sa
234 206 33 18 äro
281 205 48 23 lika,
345 204 49 19 efter
408 204 80 25 lottning
505 203 70 25 invälja
590 209 24 13 en
631 204 95 23 ledamot,
745 203 101 19 hvarefter
862 203 25 19 de
904 202 38 20 alle

198 232 53 18 inom
269 231 30 31 sig
317 220 44 30 utse
376 220 123 30 ordförande.
532 215 202 50 Kompromissrätten
752 234 45 20 eger
815 231 28 17 att
856 229 66 25 afgöra
937 228 5 19 i

199 257 52 20 hvad
266 257 67 20 måtto;
341 256 55 30 gjord
410 257 128 24 anmärkning
553 256 31 20 må
600 256 112 26 godkännas
728 243 48 31 eller
790 255 43 19 icke
843 243 45 32 och
891 254 52 20 hvad

200 283 147 20 vederbörande
361 283 6 19 i
380 283 101 25 anledning
496 283 56 20 deraf
564 276 58 35 hafva
638 285 27 16 alt
678 282 93 23 iakttaga,
790 284 52 17 samt
858 281 65 25 utslag
937 281 5 18 i

199 310 66 25 frågan
280 310 96 23 meddela,
392 309 63 20 deruti
470 299 81 36 ändring
565 308 18 26 ej
598 309 58 20 sökas
671 308 37 20 får.

252 337 23 25 Ej
291 336 32 19 må
339 335 69 26 någon,
425 342 44 14 som
483 325 67 30 blifvit
559 336 65 19 invald
637 335 27 20 till
679 335 86 20 ledamot
778 335 6 19 i
797 334 145 29 Kompromiss-

200 364 37 19 rätt
251 343 26 40 aä
292 363 39 20 den
347 346 101 45 kominun,
464 363 52 19 inom
530 362 79 20 hvilken
624 362 38 19 han
679 363 21 18 är
714 361 76 25 bosatt,
808 363 46 17 utan
871 360 72 26 vigtiga

200 390 40 19 skäl
257 390 37 19 ocb
309 389 75 24 hinder,
401 379 70 30 sådant
485 389 111 20 förtroende
610 389 30 25 sig
654 389 74 24 afsäga.

528 469 13 20 6
554 469 54 26 Kap.

410 533 31 18 Om
452 530 149 25 underställning
612 531 34 19 och
656 531 73 19 besvär.

541 587 10 26 $
566 588 32 19 70.

254 632 212 20 Kommunalstämmas
481 631 66 20 heslut
561 631 57 23 skall,
630 631 28 19 för
668 633 28 16 att
707 629 55 20 vinna
776 630 97 20 bindande
883 630 59 25 kraft,

200 658 131 20 underställas
346 659 94 19 Senatens
454 657 272 32 Ekonomie-Departements
740 657 88 25 pröfning
846 657 37 20 och
898 658 47 19 fast-

200 686 93 23 ställelse,
312 684 24 20 då
354 685 84 19 beslutet
455 684 65 26 angår:
540 685 18 24 a)
574 683 120 26 försäljning,
712 683 171 26 pantförskrifning
896 684 48 19 eller

200 708 69 34 utbyte
284 701 20 30 af
316 711 62 25 nägon
392 711 60 19 sädan
468 696 120 45 kommunen
602 710 83 25 tillhörig
695 711 38 18 fast
743 710 95 25 egendom
849 711 47 19 eller
905 712 38 17 rät-

200 738 67 25 tighet,
284 743 43 14 som
342 743 70 20 genom
426 737 56 25 gäfva
498 738 46 19 eller
559 725 126 31 testamente
691 725 120 31 kommunen
822 736 74 21 tillfallit
906 737 38 19 och

200 752 26 32 till
243 754 102 30 underhåll
362 765 29 19 för
408 764 52 19 vissa
478 764 48 19 Jess
543 769 147 20 gemensamma
708 767 55 22 nytta
778 763 93 20 afseende
885 763 60 20 ända-

201 790 38 21 mål
254 791 63 20 blifvit
331 792 97 24 anslagen,
446 779 108 31 äfvensom
563 791 4 18 i
582 789 54 26 fråga
650 796 32 14 om
700 789 203 21 öfverenskommelse
918 791 27 19 el-

200 819 29 19 ler
246 818 111 25 förlikning,
376 817 100 20 verkande
493 817 26 20 till
536 817 83 25 ändring
637 817 47 20 eller
701 817 141 24 inskränkning
859 819 28 18 uti
907 817 37 19 den

201 846 38 18 rätt
253 844 119 19 kommunen
386 844 27 20 till
429 843 60 20 sådan
504 843 91 25 fastighet
610 844 47 19 eller
671 843 75 19 förmån
761 849 57 24 eger;
837 843 21 25 b)
865 846 79 28 uppta-

201 870 62 26 gande
279 871 21 19 af
314 870 40 25 lån,
373 870 65 20 ställdt
455 870 24 26 på
498 870 64 25 längre
580 869 180 26 återbetalningstid
777 871 24 19 än
819 873 29 16 tre
863 869 29 25 år;
908 870 37 20 och

201 898 18 24 €)
234 897 71 25 förslag
320 887 34 29 till”
360 903 38 20 nya
412 898 47 18 eller
473 890 88 31 förhöjda
575 896 150 25 bropenningar.

254 912 67 31 Beslut
335 924 46 19 eller
396 924 29 18 för
427 924 47 25 slag,
491 923 73 20 hvilket
578 923 36 19 bör
628 924 97 18 Senatens
735 923 91 25 pröfning
835 923 111 20 understäl-

200 950 35 24 las,
253 950 48 20 skall
315 950 91 20 insändas
420 950 26 20 till
462 950 134 24 Guvernören,
612 955 43 13 som
665 950 37 18 har
712 952 27 16 att
749 950 139 24 handlingarne
896 949 49 26 jem-

202 979 18 17 te
234 979 45 23 eget
293 976 100 20 utlåtande
408 976 26 20 till
449 977 85 19 Senaten
549 976 127 20 öfverlemna.

544 1028 56 26 Sn.

262 1073 131 19 Zuvernörens
412 1073 88 25 pröfning
517 1073 54 19 skola
588 1073 132 19 underställas
735 1072 209 21 kommunalstämmas

202 1100 71 24 beslut,
290 1099 131 28 innefattande
436 1099 70 26 förslag
521 1099 25 20 till
565 1105 36 20 nya
619 1100 46 18 eller
683 1098 89 26 förhöjda
789 1098 157 32 färjepenningar

201 1130 52 16 samt
267 1116 66 34 frägor
347 1124 18 26 ej
379 1125 77 20 mindre
470 1115 36 30 om
517 1126 111 23 förändring
641 1126 21 19 af
669 1126 126 19 kommunala
806 1125 101 25 områden,
918 1126 25 26 pä

201 1154 38 18 sätt
254 1153 4 19 i
275 1152 8 26 $
298 1166 10 5 2
324 1152 57 24 sagdt
395 1158 28 19 är,
439 1154 23 17 än
477 1152 24 20 då
516 1152 69 20 hinder
600 1141 46 31 eller
660 1152 61 20 förfall
734 1152 5 18 i
750 1152 102 26 anledning
862 1153 20 19 af
889 1142 56 30 kom-

201 1166 163 33 munalstämmas
378 1180 31 18 val
420 1169 33 29 till
468 1179 114 20 ordförande
597 1180 38 18 och
650 1179 43 19 vice
703 1178 131 20 ordförande
827 1164 12 45 i
840 1168 104 31 stämman

201 1206 38 19 och
253 1205 86 20 ledamot
354 1206 36 18 hos
405 1205 235 25 kommunalfullmäktige
655 1206 37 19 och
706 1205 196 25 kommunalnämnd,
918 1207 27 18 el-

201 1232 28 18 ler
244 1232 26 18 till
287 1232 29 18 val
331 1232 20 17 af
363 1232 105 23 suppleant
485 1232 2 18 i
502 1232 97 18 nämnden
614 1233 88 17 anmäles
716 1232 37 18 och
764 1232 20 18 af
793 1234 98 16 stämman
902 1232 44 19 icke

200 1258 121 23 godkännes,
337 1256 67 20 såsom
419 1257 4 19 i
438 1256 21 25 $$
475 1258 30 22 14,
522 1258 24 18 33
562 1257 37 19 och
610 1258 24 18 43
646 1257 89 25 stadgadt
746 1258 28 18 är.
804 1258 141 19 Guvernörens

201 1283 142 24 godkännande
357 1282 99 20 erfordras
470 1283 37 19 ock
521 1284 30 18 för
565 1286 27 16 att
606 1283 52 25 gifva
672 1284 88 24 gällande
774 1284 52 19 kraft
840 1283 20 19 ät
869 1284 73 24 beslut,

200 1315 43 14 som
258 1310 53 18 afser
324 1309 90 25 åtgärder
429 1310 28 18 för
475 1308 135 25 befrämjande
628 1310 20 19 af
662 1310 71 19 allmän
751 1310 80 25 ordning
848 1310 38 19 och
904 1311 40 19 hel-

200 1336 72 20 sovärd
288 1336 52 19 inom
354 1336 128 24 kommunen,
498 1336 104 20 äfvensom
616 1336 120 26 päläggande
751 1336 19 19 af
783 1336 83 26 afgifter,
879 1336 65 20 hvilka

200 1362 30 20 för
247 1362 94 20 särskildt
357 1363 60 19 behof
432 1365 101 17 uttaxeras
550 1363 62 19 under
629 1364 66 24 längre
714 1364 25 19 tid
758 1364 23 18 än
799 1366 30 16 tre
850 1363 28 20 är.
910 1364 35 19 Till

200 1388 139 21 Guvernörens
354 1389 87 25 pröfning
456 1389 144 20 öfverlemnadt
614 1389 65 20 beslut
694 1390 47 19 skall
758 1390 125 20 oförändradt
897 1391 47 19 fast-

200 1416 66 19 ställas
283 1416 48 19 eller
348 1415 72 26 ogillas.
453 1415 75 27 Vägras
549 1416 135 25 fastställelse,
703 1416 94 26 uppgifve
814 1417 129 20 Guvernören

199 1443 68 19 skålen
284 1443 72 24 dertill,
375 1442 37 19 och
431 1445 21 17 är
469 1432 33 31 det
519 1433 210 30 kommunalstämman
747 1443 91 26 obetaget
854 1446 38 23 att,
912 1449 31 14 om
