1003 1689
170 137 45 33 1270
391 141 71 22 Nädiga
473 142 140 23 Propositionen
627 142 35 17 N:o
674 142 28 17 38.

169 191 95 24 ningsrätt.
277 191 30 19 för
320 190 52 25 året,
388 191 84 19 hvarom
485 191 59 19 äfven
558 193 70 24 genast
641 191 37 20 bör
694 191 25 20 till
741 191 127 20 Guvernören
882 191 28 20 in-

169 216 94 20 berättas.
275 231 2 4 ..
291 217 94 20 Beträdas
399 217 24 19 de
438 216 45 21 med
497 216 146 21 åsidosättande
656 217 21 20 af
689 217 40 20 sina
740 217 134 26 skyldigheter
883 218 26 19 el-

168 243 30 18 ler
217 242 162 21 öfverskridande
396 243 19 20 af
431 243 30 20 sin
476 244 38 19 rätt
528 244 37 19 och
579 243 126 26 befogenhet,
722 249 48 14 vare
784 243 77 20 Jerföre
875 249 34 15 un-

168 268 118 21 derkastade
300 269 42 26 laga
355 275 72 14 ansvar
441 269 24 26 pä
480 271 39 18 sätt
532 275 33 14 om
582 269 153 26 Kronobetjente
749 270 89 26 stadgadt
852 272 28 18 är.

511 323 56 25 s.

221 361 8 19 I
243 359 70 27 hvarje
323 361 147 20 stadsbränneri
481 361 46 20 skall
541 361 61 21 under
611 360 107 27 påstående
729 361 181 26 bränvinstillverk-

168 387 55 26 ning.
233 387 71 25 finnas.
316 393 24 14 en
361 387 132 26 sprithällare,
509 389 27 19 uti
554 387 78 20 hvilken
646 389 84 24 spriten,
747 389 102 19 bränvinet
862 389 48 21 eller

168 414 79 23 lanken,
269 419 71 20 genom
359 417 29 16 ett
408 415 31 18 rör
453 414 42 20 från
513 415 117 25 imkylaren,
649 415 164 25 omedelbarligen
827 415 81 20 jnledes.

169 440 141 25 Sprithällaren
330 440 87 20 förvaras
438 441 28 19 uti
487 440 101 25 särskildt,
604 440 68 20 säkert
685 441 89 19 tillslutet
787 447 51 13 rum.
868 442 42 18 Den

168 466 35 20 bör
219 472 45 14 vara
279 466 116 26 fullkomligt
408 469 37 23 tät,
461 468 57 19 enkel
533 468 38 19 och
583 466 116 27 fristående,
714 467 21 20 sä
745 470 38 22 att,
797 473 70 20 genom
876 468 35 20 be-

169 493 83 26 sigtning
267 493 10 19 ä
291 493 48 20 dess
353 494 67 19 botten
434 494 38 19 och
485 494 59 25 sidor,
559 494 109 26 osvikligen
681 494 38 20 kan
729 496 79 18 utrönas
818 497 28 17 att
856 494 56 20 hem-

168 520 26 25 lig
207 520 96 25 afledning
317 520 17 25 ej
350 520 113 26 förefinnes,
479 524 51 16 samt
545 522 29 18 för
588 522 57 25 öfrigt
657 521 20 19 af
687 521 38 20 Jen
735 521 83 25 storlek,
832 523 28 17 att
868 520 42 20 Jeri

168 547 61 19 minst
242 547 109 26 inrymmes
364 547 66 26 möjlig
443 548 123 25 tillverkning
581 548 62 19 under
657 550 28 16 ett
698 547 62 26 dygn,
771 548 101 19 äfvensom
884 547 27 19 in-

168 574 63 19 rättad
245 574 46 19 med
304 576 27 16 ett
344 575 36 18 tätt
392 574 89 20 slutande
493 574 53 24 lock,
561 575 60 19 hvars
630 574 101 25 öppnande
741 574 37 20 kan
788 574 45 25 med
846 574 66 20 tillför-

168 600 55 26 litligt
231 599 30 21 läs
271 600 117 20 förhindras.
409 600 68 25 Någon
486 606 63 14 annan
559 600 94 26 afledning
662 600 30 20 för
701 600 58 25 sprit;
771 600 82 25 bränvin:
864 600 48 20 eller

168 626 54 26 lank,
244 626 43 20 från
307 626 118 26 imkylaren,
447 628 25 18 än
488 632 70 20 genom
575 626 143 21 ofvanberörde
732 627 27 20 till
774 626 137 26 sprithållaren

168 652 75 26 gående
257 654 39 24 rör,
312 652 71 20 tillåtes
398 654 51 22 icke;
466 654 37 19 och
518 654 49 19 skall
581 653 53 19 detta
648 656 39 22 rör,
703 653 61 20 hvarå
779 656 27 17 ett
820 654 48 20 eller
877 652 33 20 två

169 679 172 25 upprättstående,
363 679 118 20 åtminstone
502 681 72 19 femton
596 682 42 17 tum
651 680 48 25 höga
715 681 38 19 och
767 680 26 20 till
808 680 104 20 bränvins-

168 706 109 25 uttömning
298 706 136 26 obegagneliga
451 707 94 25 luftpipor
559 708 51 18 samt
625 712 23 14 en
662 706 86 20 såkallad
764 706 53 27 lykta
831 705 33 21 må
878 712 34 14 an-

169 733 88 25 bringas,
273 732 80 20 inrättas
368 732 22 20 så
404 732 100 26 åtkomligt
518 733 29 19 för
562 732 119 26 besigtning,
696 736 27 17 att
738 733 84 25 hemliga
832 732 80 27 öppnin-

168 763 35 21 gar
219 758 12 20 å
247 758 111 20 detsamma
375 759 43 19 icke
431 760 66 19 kunna
511 758 105 21 förefinnas
630 760 47 19 eller
691 759 157 26 åstadkommas,
865 762 46 17 utan

170 787 29 17 att
212 785 99 25 lätteligen
325 785 85 25 skönjas.
439 786 37 19 För
493 786 58 24 öfrigt
564 785 18 21 få
597 786 88 19 hvarken
699 786 25 20 de
738 785 42 20 från
795 792 74 20 pannan
884 786 26 20 till

169 812 109 26 imkylaren
288 812 86 27 ledande
388 812 113 26 rörgångar,
517 812 47 20 eller
578 812 88 20 lankrum
681 813 38 19 och
733 812 83 25 bäcken,
833 818 33 14 om
880 812 32 20 så-

168 838 51 20 dana
240 839 93 25 inrättas,
355 844 48 14 vara
423 839 91 20 försedda
535 839 44 19 med
598 838 61 26 någon
674 840 92 25 öppning,
783 840 128 25 hvarigenom

170 865 57 25 sprit,
246 866 82 19 bränvin
345 866 47 19 eller
407 866 43 19 lank
465 866 36 19 kan
515 868 92 23 uttappas
621 866 37 20 ifall
674 866 15 24 ej
705 866 110 26 öppningen
828 868 63 18 sättes
906 866 4 20 i

169 892 114 20 omedelbar
297 891 119 21 förbindelse
431 892 46 20 med
491 892 134 20 förstnämnde
639 893 33 19 rör
681 892 25 20 till
717 892 136 26 sprithållaren
863 893 47 20 eller

169 918 45 19 med
228 924 82 19 pannan.

509 945 11 25 $
535 945 32 20 22.

221 983 188 25 Bränvinsbränning
424 983 4 18 i
443 983 43 19 stad
501 983 35 20 bör
550 983 90 26 begynna
655 983 32 20 vid
702 989 76 14 samma
791 984 24 19 tid
826 990 44 14 som
881 984 7 19 f
901 990 9 13 r

168 1009 93 26 bränning
275 1009 11 20 å
303 1009 65 20 landet
381 1012 22 17 är
416 1009 91 20 bestämd
521 1011 37 19 och
573 1010 87 25 upphöra
675 1009 22 20 så
711 1013 55 17 snart
780 1011 33 19 det
827 1011 29 19 för
870 1013 40 17 sta-

169 1036 38 19 den
227 1036 72 19 tillåtna
317 1036 208 25 tillverkningsbelopp
539 1036 62 21 blifvit
615 1037 125 20 fabriceradt.
770 1037 65 20 Skulle.
850 1037 61 26 sagde

170 1062 70 25 belopp
261 1062 43 20 icke
324 1063 52 18 inom
397 1063 38 19 den
452 1063 102 20 bestämda
569 1063 52 20 tiden
637 1063 59 19 hinna
710 1063 111 25 tillverkas,
838 1064 73 19 aflönas

169 1088 152 20 kontrollörerna:
334 1089 30 19 för
377 1089 26 19 de
416 1089 67 25 dagar,
499 1095 44 14 sorn
557 1088 130 26 öfverskjuta,
704 1090 20 19 af
740 1090 169 25 bränneriägaren,

169 1115 59 25 enligt
242 1115 81 26 räkning
336 1120 44 15 som
394 1116 20 19 af
426 1116 80 19 stadens
520 1115 99 26 Magistrat
633 1115 48 20 skall
695 1117 81 24 pröfvas
791 1117 37 18 och
841 1117 26 20 till
878 1117 34 20 be-

169 1141 70 26 talning
253 1142 112 19 fastställas.

509 1168 10 25 $
533 1169 32 20 23.

223 1206 40 19 Den
278 1211 43 14 som
337 1211 70 20 genom
421 1207 107 26 behörigen
543 1207 98 20 faststäldt
654 1207 183 20 arrende-kontrakt
847 1208 63 21 erhål-

168 1231 22 18 lit
204 1233 225 24 fabriksbränningsrätt,
446 1234 22 17 år
482 1234 28 18 för
525 1233 126 20 densammas
660 1234 105 19 utöfvande
775 1233 44 21 icke
831 1234 79 20 bunden

169 1257 34 19 vid
217 1257 50 19 visst
280 1258 31 19 län
327 1259 46 18 eller
387 1259 93 23 ländsort;
496 1264 45 14 men
555 1257 17 26 ej
588 1259 31 24 må
634 1258 69 21 sådant
712 1260 91 19 bränneri
812 1260 53 19 inom
875 1260 34 20 nå-

168 1289 39 22 gon
221 1284 94 19 kommun
329 1285 100 25 anläggas,
444 1285 64 19 förrän
522 1285 47 20 dess
584 1285 128 20 medlemmar
728 1285 63 20 blifvit
804 1286 5 19 i
824 1285 84 22 sockne-

168 1311 84 19 stämma
266 1309 92 22 ueröfver
371 1311 62 20 hörde
446 1312 38 19 och
499 1311 59 20 minst
568 1311 34 20 två
615 1311 117 26 tredjedelar
742 1313 20 19 af
770 1313 25 20 de
805 1313 33 21 vid
848 1315 61 18 stäm-

168 1333 32 37 man
201 1337 148 20 närvarande
361 1338 62 20 dertill
437 1338 56 27 gifvit
506 1339 33 20 sitt
553 1339 59 20 bifall.

509 1392 10 27 $
533 1393 33 20 24.

220 1430 163 26 Stadskommun,
405 1437 43 14 som
470 1432 30 18 sin
517 1432 252 26 husbehofsbränningsrätt
781 1432 75 27 jemligt
870 1434 10 25 $
895 1435 10 19 7
