1020 1686
295 132 71 23 Nådiga
378 134 139 22 Propositionen
531 135 36 16 N:o
579 135 28 17 28.
802 135 32 19 787

143 180 19 25 c)
191 180 6 19 I
212 180 94 20 Karelska
320 182 110 20 socknarne
445 183 21 19 af
477 183 74 25 Kuopio
560 183 31 19 län
600 184 48 19 eller
657 184 86 24 Nurmis,
754 184 41 20 Pie-
853 189 85 17 Mantals-

90 206 31 26 lis,
138 207 93 19 Ilomants
245 207 46 19 med
306 214 23 13 en
344 208 29 20 del
388 208 20 20 af
422 208 96 26 Suojärvi,
535 209 85 25 Libelits,
634 210 68 24 Kaavi,
714 211 82 19 Tohma-
808 211 49 17 kom.
881 212 55 17 Instr.

86 232 61 25 järvi,
167 233 107 25 Kesälaks,
292 234 60 20 Kides
372 236 37 18 och
426 234 96 26 Pelgjärvi
539 236 85 19 socknar
641 236 46 25 utgå
704 237 92 19 mantals-
808 234 33 26 den
855 234 22 17 20
893 235 43 17 Dec.

88 259 134 28 penningarne
236 260 21 18 af
269 259 73 21 sälane
356 266 103 19 personer,
473 262 64 19 hvilka
548 262 44 19 icke
601 262 45 19 idka
657 262 91 23 jordbruk
758 262 36 20 och
802 252 55 46 1090.
883 257 12 21 s
907 258 28 25 8

88 290 17 19 ej
123 285 77 24 deltaga
221 285 4 18 i
243 286 106 24 utgörande
366 286 19 19 af
398 287 162 20 medium-räntan
579 288 130 24 (tillkommen
723 294 71 19 genom
806 283 81 35 Fn
914 281 23 37 pj

88 311 108 20 resolution
206 311 24 25 på
241 313 106 24 ailmogens
356 312 73 20 besvär
443 313 37 19 den
495 315 12 18 9
518 314 108 19 December
638 315 51 19 1766
699 316 37 17 och
747 315 47 19 fort-
806 309 40 30 gon
858 323 22 17 23
898 315 39 26 Juli

87 337 81 20 farande
182 338 26 19 till
223 338 48 19 dess
286 339 43 20 hela
343 339 83 20 Karelen
440 341 21 18 är
476 340 114 26 skattlagd.)
618 341 94 25 Beloppet
721 343 21 17 är
751 341 43 20 det-
805 345 51 17 1802.

87 369 76 15 samma
178 370 44 13 som
239 365 4 19 i
262 365 95 20 Savolaks
388 381 3 4 .
423 382 3 3 .
458 381 4 4 .
494 383 3 3 .
529 383 3 3 .
599 383 39 4 00.
668 368 25 19 24
707 379 26 2 —
749 368 31 20 18.

140 391 20 24 d)
189 392 7 19 I
213 392 137 25 Lappmarken
367 395 34 16 äro
418 393 113 26 nybyggare
549 395 38 18 och
601 394 192 20 hemmansbrukare
816 394 67 23 Kongl.
896 401 39 16 reg-

86 417 100 20 frikallade
200 417 43 20 från
257 418 109 25 personella
381 419 109 26 utskylder.
805 417 88 27 lementet
901 418 34 17 den

800 435 26 31 24
836 439 41 18 Nov.
883 440 50 17 1749.

85 461 37 22 2:0)
146 460 8 19 I
167 461 90 23 städerne,
275 463 44 17 utan
337 461 87 19 afseende
435 460 12 20 å
460 461 52 20 stånd
525 463 33 18 och
569 463 63 19 vilkor
644 463 33 19 och
693 463 21 19 af
724 461 69 21 stånds-
812 456 10 38 —
828 468 49 22 Kejs.
886 469 48 17 bref-

131 493 94 20 personer,
237 490 135 23 gerningsmän,
384 490 89 24 utridare,
485 492 76 23 rättare,
573 491 39 19 med
625 491 43 19 flere
681 490 67 20 sådane
805 495 33 12 ven
858 492 33 16 den
911 491 23 18 21

148 523 89 19 personer
249 523 38 14 som
299 519 41 18 icke
353 519 62 18 kunna
427 519 87 19 hänföras
526 519 31 20 till
569 520 96 23 allmogen,
675 520 57 24 jemte
804 513 66 40 äg
881 514 51 39 Sn

173 545 67 20 sådana
252 547 60 19 finska
324 547 114 23 infödingar,
451 547 64 19 hvilka
527 548 33 18 hos
573 549 34 18 den
621 548 6 18 i
639 549 65 18 landet
803 541 45 35 1815
858 559 33 17 och
898 542 34 34 dör

200 575 87 25 förlagda
297 576 59 23 ryska
366 576 94 18 militären
472 576 100 20 innehafva
583 575 90 25 årstjenst
803 581 22 17 16
852 581 81 18 Oktober

85 610 77 26 erlägga
176 611 191 25 mantalspenningar
379 610 46 20 med
455 627 4 3 .
490 627 4 4 .
525 627 4 3 .
561 628 3 4 .
596 628 3 4 .
631 628 3 3 .
664 613 32 19 36.
803 602 51 19 1829.

84 654 36 19 3:0,
133 652 23 20 På
168 654 94 19 obestämd
273 654 27 18 tid
312 654 30 19 till
354 654 90 23 Ryssland
456 655 107 23 förpassade
576 660 88 19 personer
675 654 43 20 från
730 656 62 24 öfriga
804 658 49 23 Kejs.
869 659 62 22 kungö-

314 683 40 24 län,
365 684 49 17 utom
427 683 84 23 Wiborgs
523 684 30 18 län
801 681 59 17 relsen
870 682 34 17 den
910 682 22 17 10

116 719 8 3 a
188 718 3 3 ä
480 719 3 5 5
544 719 3 3 ;
778 720 2 2 .
803 704 35 22 Maj
847 704 45 17 1850
899 705 32 16 och

84 718 76 25 erlägga
175 724 42 14 sina
231 718 110 26 personella
355 718 166 26 kronoutskylder
535 719 25 19 till
575 718 71 20 Finska
659 719 131 25 Passexpedi-
802 726 105 22 Kejserliga

84 745 64 19 tionen
172 746 5 18 i
200 745 37 19 S:t
257 745 130 25 Petersburg,
410 750 45 14 man
478 746 37 18 och
539 745 71 25 gvinna
633 746 56 18 öfver
711 746 24 20 15
759 745 29 25 är,
802 748 45 18 Stat.
862 749 33 17 den
908 749 23 18 26

83 771 56 19 Del
170 786 39 4 sm
242 787 38 3 ak
312 786 4 4 6
348 787 3 3 4
383 787 39 3 GN
453 767 13 34 RH
489 767 11 34 Rs
523 787 40 4 ks
593 786 4 4 8
629 787 3 3 a
663 772 32 19 DU
801 766 41 33 Jan.
856 766 50 33 1850.

137 798 28 19 De
178 796 42 20 från
233 798 95 26 Wiborgs
342 798 30 20 län
386 798 6 18 i
407 798 96 26 Ryssland
518 797 90 20 vistande
617 798 62 20 betala
690 798 100 25 podusch-

82 824 86 26 nieafgift
182 824 70 20 endast
265 826 51 18 män.

156 864 86 24 Exempel
254 863 23 25 pä
289 864 51 19 olika
352 864 105 24 debitering
468 864 21 19 af
502 864 213 24 mantalspenningarne:

137 898 39 19 1:0.
205 897 57 20 Jord-
277 898 37 19 och
329 896 178 26 spanmälstorpare
521 899 52 18 samt
581 897 90 26 inhyses-
681 899 38 18 och
728 897 61 20 back-

82 923 105 26 stuguhjon
202 923 37 20 hos
253 923 165 26 ständspersoner
432 923 97 20 debiteras
544 923 10 20 ä
569 929 23 14 en
607 924 30 19 del
653 926 60 23 orter,
730 924 58 25 enligt

83 950 46 20 8:de
143 949 88 26 punkten
245 950 5 19 i
266 951 50 19 1815
330 949 34 20 års
378 950 135 24 cirkulärbref,
530 952 44 17 utan
584 950 94 19 afseende
687 950 10 20 ä
706 953 81 17 naturen

82 977 21 18 af
115 977 121 24 lägenheten,
252 977 35 18 der
301 977 25 19 de
339 978 34 17 äro
388 977 85 23 bosatte,
490 977 26 19 till
533 977 24 18 36
571 976 65 25 kopek
650 977 38 19 och
703 976 10 20 ä
728 977 60 20 andra

82 1005 60 22 orter,
158 1003 58 24 enligt
231 1003 60 19 10:de
305 1003 86 26 punkten
407 1003 4 18 i
426 1009 75 13 samma
511 1003 48 23 bref,
572 1005 45 17 utan
627 1003 93 20 afseende
730 1002 55 27 derä,

81 1032 28 16 att
126 1029 24 19 de
167 1030 33 18 äro
218 1030 39 18 hos
274 1029 173 25 stänuspersoner,
464 1030 49 19 efter
525 1028 127 26 jordnaturen
667 1029 27 20 till
709 1030 25 19 24
749 1030 38 19 och

83 1056 24 19 18
122 1055 72 25 kopek;

135 1082 39 19 2:0.
204 1082 184 25 Spanmälstorpare
402 1081 10 20 ä
428 1083 81 18 säterier
523 1081 59 20 hafva
596 1081 10 20 ä
622 1087 23 14 en
659 1081 31 20 del
705 1084 60 21 orter,
781 1082 5 19 i

81 1108 60 19 likhet
154 1109 46 19 med
215 1108 68 20 adelns
297 1108 83 20 enskilta
394 1107 80 27 tjenare,
491 1107 93 20 frikallats
598 1107 42 19 från
654 1109 133 24 mantalspen-

81 1140 77 20 ningar;

135 1161 39 18 3:0.
203 1160 118 25 Tjenstefolk
335 1160 10 19 å
361 1160 73 20 sådane
448 1161 55 19 adeln
513 1161 38 19 och
561 1160 136 20 Hofrätternes
706 1161 81 19 ofrälse-

80 1187 107 19 ledamöter
204 1187 114 19 tillhörande
334 1187 119 24 egendomar
469 1187 20 18 af
505 1187 76 19 skatte-
598 1187 38 18 och
657 1187 128 24 krononatur,

81 1215 82 18 hvarest
177 1219 84 20 egarene
275 1213 43 20 icke
334 1213 50 20 varit
398 1213 84 24 bosatte,
499 1213 57 20 hafva
570 1212 93 20 stundom
676 1213 110 20 debiterats

81 1240 26 19 till
122 1240 199 25 mantalspenningar,
338 1239 92 20 stundom
444 1239 43 20 icke
503 1245 26 14 m.
545 1245 27 14 m.

362 1277 141 29 Slottshjelp:

80 1315 100 18 debiteras
194 1315 31 18 för
238 1314 151 25 tjenstemän,
406 1315 57 24 enligt
478 1315 68 24 nådiga
560 1314 136 24 förordningen
711 1315 20 18 af
748 1315 37 18 den

81 1341 25 19 12
121 1341 51 24 April
188 1341 58 24 1858,
263 1340 49 19 efter
326 1345 47 20 rang
387 1339 48 20 ifrån
452 1341 6 18 1
476 1341 54 19 rubel
546 1340 25 19 80
586 1340 63 25 kopek
663 1340 5 19 i
685 1341 20 22 4,
721 1340 11 19 2
748 1341 37 18 och

81 1367 11 18 3
107 1366 150 27 rangklasserna
272 1366 50 19 ända
336 1367 26 19 till
377 1367 25 18 20
417 1366 65 26 kopek
497 1367 4 18 i
517 1367 25 19 14
557 1366 134 25 rangklassen,
704 1371 44 14 men
758 1366 28 19 för

80 1393 61 25 öfrige
154 1399 96 19 personer
265 1394 49 19 efter
328 1393 64 24 stånd,
409 1393 62 20 vilkor
481 1394 37 18 och
527 1393 38 19 kön
579 1393 90 25 (hustrur
680 1392 51 20 dock
741 1393 44 24 frie)

80 1418 49 21 ifrån
148 1420 8 19 1
176 1420 55 20 rubel
249 1420 25 20 80
292 1420 66 25 kopek
374 1420 26 19 till
424 1420 5 19 3
447 1420 74 26 kopek,
541 1419 58 26 enligt
616 1419 51 20 1723
685 1418 32 20 års
731 1422 52 22 taxa,
