1020 1689
303 139 70 22 Nådiga
385 141 139 21 Propositionen
537 140 36 17 N:o
584 140 28 18 28.
796 141 32 20 77

85 189 42 20 neri
141 190 47 19 eller
202 195 62 14 annan
278 189 54 26 dylik
347 189 108 25 inrättning,
471 190 102 19 äfvensom
583 189 33 20 vid
629 188 88 27 jernväg,
733 190 53 19 sluss
801 191 26 18 el-

84 216 29 19 ler
127 216 67 23 kanal;
216 215 87 20 biträden
325 216 35 19 hos
378 215 155 23 landthandlare;
556 215 104 26 skeppare,
683 217 88 24 styrmän
789 217 37 19 och

84 242 138 19 maschinister
236 241 25 26 på
275 241 101 26 ångfartyg
390 244 51 17 samt
455 242 98 25 skeppare
567 243 38 18 och
620 243 90 24 styrmän
725 241 24 26 på
765 243 61 19 andra

83 269 26 18 än
123 269 107 24 allmogens
244 268 116 25 segelfartyg
375 268 38 19 och
426 267 66 23 båtar;
514 268 133 19 vaccinatörer
664 269 39 18 och
724 268 103 21 barnmor-

83 294 58 23 skor;
151 294 55 19 .dock
221 293 66 20 såvidt
300 293 62 26 någon
376 294 58 19 bland
453 295 36 19 alla
504 294 59 19 dessa
578 293 18 26 ej
610 294 39 19 kan
666 295 109 24 egentligen
789 295 38 19 till-

84 320 48 19 höra
146 319 156 26 ståndspersons
313 320 86 19 klassen.

138 352 22 25 B)
189 353 8 18 I
214 352 63 19 stad:
296 351 132 20 handtverks-
441 354 53 17 samt
509 352 161 25 fabriksgesäller
684 353 38 18 och
736 353 92 25 lärlingar

82 377 63 26 jemte
158 379 60 24 öfrige
232 379 55 24 lägre
301 378 91 19 arbetare
406 378 32 19 vid
459 378 70 24 fabrik,
546 378 91 31 bryggeri
654 379 47 19 eller
722 379 103 24 bränneri;

72 416 3 1 -
83 410 103 20 personer,
202 405 67 19 hvilka
283 405 26 19 till
326 403 160 27 sjelfförsörjning
500 404 45 20 idka
559 410 63 20 någon
640 403 56 26 slöjd,
715 405 111 20 handtverk

84 431 47 20 eller
145 430 171 28 hushållssyssla;-
325 431 140 25 brandvakter,
481 430 135 26 fängknektar,
628 431 70 24 stads-,
710 430 69 20 hamn-
788 432 38 19 och

83 457 144 26 polisbetjente,
246 456 121 28 postiljoner,
384 456 83 26 sjömän,
490 457 123 26 lodjekarlar,
630 457 65 20 eldare
713 457 24 26 pä
751 457 76 26 ängfar-

84 487 43 23 tyg;
144 490 110 20 uppassare
269 485 37 18 och
320 489 62 14 annan
402 484 53 25 lägre
470 483 99 27 betjening
583 483 25 26 pä
622 484 64 25 segel-
699 485 38 18 och
751 483 76 27 ängfar-

84 513 34 24 tyg
132 511 48 19 eller
193 510 66 24 bätar;
278 510 53 20 land-
345 510 37 20 och
398 510 116 26 sjöformän;
537 510 67 25 äkare,
623 510 130 26 timmermän,
769 511 59 20 bräd-

84 537 76 25 bärare,
183 537 132 19 arbetskarlar
336 539 52 17 samt
408 537 104 19 städernas
533 536 127 21 försvarsfolk
684 537 5 19 i
710 537 115 24 allmänhet;

83 564 143 25 klockringare,
242 563 130 25 dödgräfvara
385 562 62 25 jemte
457 563 60 20 andre
529 564 77 25 ringare
618 562 137 27 kyrktjenare;
771 564 56 26 inhy-

84 590 72 24 singar,
172 595 111 20 uppassare
297 590 37 19 och
349 589 104 25 betjenter,
470 589 150 20 hushällerskor
632 592 52 16 samt
697 589 82 26 drängar
789 591 38 19 och

83 616 56 25 pigor
152 621 26 14 m.
195 616 19 18 fl.
230 616 26 20 till
271 616 37 20 den
322 616 52 25 lägre
390 616 39 19 och
443 616 108 20 arbetande
565 616 105 19 folklassen
685 616 86 20 hörande
783 622 44 20 per-

85 648 66 14 soner.

138 668 23 25 GC)
191 668 35 20 Uti
241 668 52 20 stad
307 669 43 19 och
364 667 28 26 på
407 668 88 20 landet:
515 668 5 19 i
535 667 59 25 tjenst
608 668 91 20 varande
712 668 113 20 underbefäl

82 694 63 26 jemte
158 695 62 25 öfrige
234 696 20 18 af
267 700 75 14 samma
358 694 102 26 värdighet
474 694 33 20 vid
522 694 70 20 indelta
606 694 102 25 militärän,
721 695 106 20 äfvensom

83 721 109 20 afskedade
205 726 95 20 personer
312 721 22 20 af
341 720 142 20 underofficers
497 720 48 26 grad
554 720 34 20 vid
602 720 26 20 de
641 721 71 20 indelte
727 722 38 19 och
775 722 53 19 värf-

87 747 51 21 vade
151 746 64 21 finske
229 750 113 23 trupperne.

138 780 24 25 D)
190 780 125 20 Likaledes
329 780 6 19 i
350 780 50 19 stad
416 780 42 19 och
475 779 27 26 på
517 779 86 21 landet:
623 779 73 20 sådana
713 780 62 20 enkor
789 781 38 19 och

84 806 60 26 ogifta
158 806 82 25 qvinnor
254 807 20 19 af
287 805 53 26 3:dje
355 806 85 25 klassen,
452 806 76 20 hvilkas
540 806 131 20 medellöshet
684 808 22 18 är
720 806 106 27 bebörigen

84 833 67 26 styrkt
164 834 38 18 och
224 838 43 14 som
282 833 69 24 sjelfva
372 832 81 25 försörja.
475 833 29 25 sig
521 832 46 20 med
587 832 127 24 handarbete,
730 833 98 20 hushålls-

85 860 72 26 syssla,
173 858 94 26 mångleri
281 859 46 19 eller
341 864 63 14 annan
419 859 77 20 mindre
510 859 77 25 handel,
603 859 48 27 eller
665 859 65 20 hvilka
744 862 35 16 äro
793 865 35 14 an-

83 886 70 21 ställde
173 885 68 20 såsom
262 886 96 23 arbetare,
380 885 81 20 bidräde
482 886 47 19 eller
548 885 126 25 försäljerska
695 886 32 19 vid
748 886 77 25 handel,

84 912 118 25 handtverk,
218 912 65 20 fabrik
297 912 47 20 eller
358 916 64 15 annan
435 912 53 25 dylik
503 912 111 24 inrättning.

136 945 33 19 Till
184 944 78 24 tredje
275 944 98 20 klassen
388 943 81 20 räknas.

139 971 21 24 A)
189 970 28 20 På
232 970 88 20 landet:
336 970 36 20 alla
387 970 122 26 rusthållare,
526 971 136 19 arrendatorer
676 971 21 19 af
711 970 114 27 kungsgård

84 997 49 19 eller
146 996 165 26 kungsladugård,
327 996 146 20 landthandlare
490 999 53 17 samt
557 1002 58 20 egare
630 997 47 19 eller
690 998 137 19 arrendatorer

83 1024 22 18 af
117 1022 40 27 såg,
174 1024 57 24 bruk,
243 1023 69 25 fabrik,
328 1023 91 26 bryggeri
435 1024 46 18 eller
491 1022 70 21 sådant
574 1023 190 26 bränvinsbränneri,
781 1030 45 14 som

84 1049 136 23 fabriksenlikt
235 1049 105 24 bedrifves,
358 1048 63 26 jemte
443 1049 129 25 inspektorer,
588 1049 105 20 förvaltare
714 1052 52 18 samt
779 1050 48 20 bok-

84 1075 74 22 hållare
172 1075 11 21 å
198 1076 63 26 dylika
276 1076 127 24 inrättningar
418 1076 46 19 eller
478 1075 11 20 å
503 1076 157 25 landtegenJom,
674 1079 46 17 utan
733 1077 94 21 afseende

85 1102 12 21 å
111 1102 84 21 nämnde
212 1108 108 20 personers
338 1102 67 24 stånd;
427 1102 72 20 ofrälse
518 1102 127 20 innehafvare
665 1102 20 20 af
698 1103 69 24 säteri;
789 1104 36 19 alla

85 1128 130 20 medlemmar
228 1128 20 20 af
260 1128 144 26 Ridderskapet
418 1129 38 19 och
466 1128 70 20 Adeln:.
552 1129 37 19 alla
599 1128 87 20 embets-
695 1130 39 18 och
748 1128 80 25 tjenste-

85 1156 46 18 män
145 1155 33 19 vid
192 1155 86 25 militär-,
294 1154 61 26 civil-,
374 1155 135 22 ecklesiastik-
519 1155 43 24 och
578 1155 151 24 skolestaterne,
748 1155 5 19 i
768 1154 60 26 tjenst

85 1182 48 21 eller
146 1181 144 25 förafskedale,
298 1180 68 26 jemte
380 1181 37 19 alla
432 1181 59 22 andra
506 1180 171 26 ståndspersoner.

139 1216 21 24 B)
189 1216 8 18 I
211 1216 61 19 stad:
291 1216 145 25 Ridderskapet
449 1216 38 19 och
502 1214 67 27 Adeln,
584 1216 91 25 samtlige
687 1217 86 19 embets-
789 1217 38 19 och

85 1241 129 25 tjenstemän;
236 1242 114 24 handlande,
372 1242 89 25 borgare,
480 1242 150 24 handtverkare,
651 1242 122 20 fabrikanter
789 1243 38 19 och

85 1268 61 25 öfrige
160 1268 148 25 näringsidkare
319 1267 63 25 jemte
396 1268 59 19 deras
469 1270 92 23 mästare,
578 1268 140 20 maschinister
731 1268 38 20 och
777 1274 52 20 upp-

86 1294 138 26 syningsmän;
246 1293 119 25 bokhållare,
388 1294 92 20 handels-
493 1295 38 19 och
552 1294 170 25 fabriksbetjente;
738 1295 89 19 vaktmä-

85 1322 61 21 stare,
162 1320 94 18 klockare
268 1320 39 18 och.
320 1320 123 24 orgelnister,
462 1320 97 24 skeppare
579 1321 38 17 och
631 1322 89 23 styrmän
736 1320 26 25 på
779 1322 50 18 han-

85 1345 54 19 dels-
152 1346 38 18 och
204 1344 263 27 ängfartyg;:-vaccinatörer
481 1346 40 19 och
534 1345 148 25 barnmorskor,
691 1345 63 25 jemte
767 1348 61 17 samt-

87 1372 38 24 lige
137 1371 61 26 öfrige
212 1370 126 26 innevånare,
348 1377 43 15 som
406 1371 18 25 ej
439 1372 34 18 äro
488 1372 88 20 härförut
590 1371 92 21 särskildt
696 1372 129 26 undantagne.

140 1397 10 26 $
165 1398 18 19 5.
212 1398 62 25 Köping
300 1398 38 21 och
352 1398 85 25 fästning
451 1404 59 14 anses
523 1398 39 20 lika
576 1398 46 20 med
635 1398 50 20 stad.

139 1424 10 25 $
163 1424 19 23 6.
212 1424 42 20 Alla
268 1430 25 14 de
306 1430 102 21 personer,
425 1424 74 26 hvilka,
515 1425 5 19 i
534 1424 98 20 anseende
645 1425 25 19 till
684 1424 143 22 innehafvande

755 1456 31 18 49
