1028 1692
175 142 35 32 782
389 144 72 22 Nädiga
471 144 140 23 Propositionen
623 144 37 18 N:o
671 144 29 18 27.

181 195 43 19 äter
242 194 83 20 ärendet
340 194 119 25 gordsegare
475 194 38 18 och
529 193 85 25 borgare
630 196 130 22 gemensamt,
779 192 22 20 sä
817 193 104 26 uppkallas

180 222 36 19 alla
231 222 31 24 de,
278 220 66 20 hvilka
359 220 61 20 saken
434 219 67 26 angär,
517 220 29 18 för
561 222 28 16 att
602 220 48 18 inför
664 220 125 24 Magistraten
803 220 33 18 sitt
845 222 77 24 yttran-

180 248 25 19 de
218 248 42 26 deri
274 247 78 26 afgifva.
694 271 6 5 N
853 272 6 4 N

232 272 57 23 Ännu
302 273 63 26 gifvas
379 272 61 21 andra
454 272 77 21 klasser
545 272 20 20 af
577 272 180 29 stadsinnevänare,
777 272 46 29 eller
840 272 80 31 sådana,

181 307 42 13 som
238 301 90 24 antingen
343 299 24 26 pä
382 300 63 25 grund
459 301 20 18 af
491 299 144 20 innehafvande
648 299 178 26 tjenstebefattning
840 299 48 20 eller
897 305 25 19 pä

181 327 61 19 andra
256 327 42 19 skäl
312 327 59 18 hafva
386 327 33 18 sitt
434 328 49 17 rätta
498 325 85 20 hemvist
597 326 5 18 i
616 325 51 20 stad.
696 325 62 20 Äfven
772 325 60 25 sagde
845 326 77 19 klasser

181 353 59 20 hafva
253 353 46 19 med
314 353 24 19 de
356 353 51 18 förra
424 352 94 25 åtskilliga
535 357 146 20 gemensamma
699 352 142 25 skyldigheter,
860 353 64 18 ehuru

181 379 59 20 dessa
255 379 17 25 ej
288 384 58 14 anses
360 378 62 26 åligga
436 379 46 19 dem
495 378 68 20 såsom
572 379 128 19 medlemmar
710 379 20 19 af
738 379 184 25 stadskommunen,

180 408 46 17 utan
241 405 67 20 såsom
321 405 129 20 medlemmar
459 406 20 18 af
487 405 144 25 församlingen,
643 405 91 20 hvarföre
744 405 113 20 hithörande
867 408 57 17 ären-

181 432 42 24 der,
240 432 47 19 eller
301 431 73 20 sådane
388 437 43 14 som
445 431 48 26 angä
509 432 52 19 vissa
571 430 171 27 skolinrättningar
752 434 50 17 samt
812 432 63 24 fattig-
884 432 38 19 och
945 433 3 3 '

182 458 116 25 helsovärd,
314 458 107 19 behandlas
435 459 32 19 vid
485 459 159 26 kyrkostämma,
662 461 47 16 utan
726 461 26 16 att
771 459 153 19 kommunalför-

183 485 120 25 valtningens
318 485 68 26 högsta
401 490 65 20 organ,
482 485 133 26 Magistraten,
631 485 35 19 har
683 484 58 27 nägot
758 488 27 16 att
802 485 62 19 skaffa
878 485 46 20 med

182 511 110 20 desamma.

234 537 85 20 Oaktadt
333 537 38 20 den
385 538 73 19 olikhet
472 538 6 19 i
492 538 115 25 rättigheter
622 539 37 18 och
676 537 144 27 skyldigheter,
838 544 44 13 som
898 537 28 20 fö-

183 564 87 19 refinnes
284 565 82 19 emellan
380 564 59 19 dessa
455 564 62 20 skilda
533 565 84 24 klasser,
633 564 55 19 torde
702 565 52 19 dock
767 565 37 19 den
815 565 110 24 förändring

181 591 36 19 lätt
229 591 67 19 kunna
311 591 130 26 genomföras,
457 594 28 16 att
498 591 35 19 alla
547 591 45 19 icke
605 591 88 26 kyrkliga
708 591 89 24 ärender,
816 597 43 14 som
877 591 48 26 angä

183 617 69 20 staden
266 616 68 21 såsom
348 617 101 25 kommun,
465 617 132 20 underkastas
610 618 39 19 lika
663 618 124 25 behandling,
803 621 51 16 samt
864 618 62 19 hand-

182 643 106 20 hafvandet
308 644 22 19 af
344 644 80 19 stadens
442 644 89 19 ekonomi
550 644 37 19 och
604 644 53 25 politi
673 644 112 25 uppdrages
802 644 20 19 ät
841 651 25 13 en
887 645 38 19 och

182 675 76 14 samma
272 669 121 27 myndighet.
423 671 116 25 Derigenom
553 671 64 19 skulle
631 676 24 13 en
669 670 30 20 del
714 671 21 18 af
747 671 25 19 de
789 671 135 26 olägenheter,

181 696 111 19 hvaröfver
304 697 30 18 för
347 697 121 20 närvarande
482 697 74 25 klagas,
572 697 130 24 undanrödjas
716 700 51 17 samt
779 700 28 17 ett
819 698 107 19 närmande

182 722 26 20 de
221 722 63 20 skilda
296 723 104 20 klasserna
414 724 83 19 emellan
511 723 121 20 förberedas.

235 749 65 19 Hans
316 749 133 25 Kejserliga
463 749 110 25 Majestät
586 751 36 18 har
636 749 78 20 derföre
728 751 52 19 velat
794 751 6 18 i
813 750 67 21 Nåder
897 751 29 19 fö-

183 775 61 25 reslå,
260 778 28 17 att
304 781 26 14 en
347 776 112 25 förordning
477 782 31 13 om
527 776 101 19 städernas
645 776 230 27 kommunalförvaltning
892 777 32 20 må

182 801 108 25 utarbetas,
306 801 24 26 på
345 801 84 26 följande
444 802 95 25 grunder:

236 829 41 23 1:0)
293 831 27 16 att
334 829 36 19 alla
387 829 24 19 de
429 834 58 14 anses
505 828 66 20 såsom
588 829 130 20 medlemmar
734 830 21 20 af
770 835 24 15 en
813 830 114 20 stadskom-

182 859 53 20 mun,
252 854 64 20 hvilka
330 855 5 19 i
350 855 67 19 staden
432 856 104 19 innehafva
550 855 92 25 burskap,
659 856 47 19 eller
720 856 102 20 derstädes
832 862 36 20 ega
878 858 48 18 hus-

183 882 49 17 tomt
246 881 47 19 eller
305 880 52 26 jord,
373 882 46 19 eller
433 882 44 19 idka
494 881 77 25 sjöfart,
591 882 69 20 handel
678 883 46 19 eller
742 888 62 14 annan
824 884 102 20 iadustriel

183 907 67 25 näring
264 908 38 18 och
316 909 34 18 äro
364 908 103 19 derstädes
481 909 84 25 bosatte,
580 908 48 20 eller
642 908 36 20 ock
693 908 57 26 eljest
759 910 33 19 sitt
800 910 43 24 laga
852 910 26 20 bo
888 910 38 20 och

182 933 88 19 hemvist
283 934 5 18 i
303 934 69 19 staden
386 940 45 20 ega;

236 959 40 25 2:0)
291 962 29 17 att
333 960 25 19 de
372 961 21 18 af
405 961 132 19 kommunens
551 961 136 25 medlemmar,
703 962 66 20 hvilka
788 962 29 19 för
834 963 92 19 kommu-

183 990 49 14 nens
246 986 94 19 allmänna
354 986 62 19 behof
428 987 76 25 erlägga
518 990 29 16 ett
560 988 39 18 vist
613 988 73 18 minimi
701 988 71 26 belopp
786 989 20 19 af
813 989 111 26 utskylder,

183 1012 34 18 äro
231 1012 121 26 berättigade
366 1015 28 17 att
408 1013 5 18 i
429 1014 78 19 stadens
522 1014 160 25 angelägenbeter
697 1015 51 19 talan
762 1016 47 22 föra;

236 1038 41 24 3:0)
292 1041 34 22 att,
342 1038 5 19 i
363 1039 64 19 stället
441 1040 28 18 för
483 1040 25 19 de
522 1040 73 20 äldstes
609 1040 45 24 råd,
669 1043 56 17 utses
743 1041 4 19 i
766 1041 75 25 städer,
860 1042 66 20 hvilka

183 1068 35 20 ega
232 1064 56 19 öfver
302 1067 79 17 ettusen
396 1065 125 25 innevånare,
538 1066 182 26 stadsfullmäktige,
732 1072 43 14 som
787 1067 61 25 väljas
858 1068 20 20 af
887 1069 39 19 och

183 1088 64 20 ibland
262 1090 81 19 stadens
357 1091 35 19 alla
407 1091 161 26 röstberättigade
582 1092 125 26 innevånare,
719 1093 37 19 och
765 1093 20 20 åt
795 1094 65 19 hvilka
869 1094 57 20 kom-

182 1120 83 14 munens
279 1116 116 20 beslutande
409 1118 38 18 rätt
461 1118 140 23 öfverlemnas;

235 1142 41 24 4:0)
292 1144 28 18 att
333 1142 73 20 antalet
420 1144 21 18 af
453 1144 176 25 stadsfullmäktige
642 1145 123 20 bestämmes
782 1146 5 19 i
805 1146 120 20 förhållande

182 1167 27 20 till
223 1168 82 19 stadens
318 1168 121 26 befolkning;

236 1194 41 24 5:0)
292 1197 28 17 att
333 1195 5 19 i
354 1195 65 19 städer
434 1196 45 19 med
494 1197 76 19 mindre
584 1196 110 27 folkmängd
716 1200 23 17 än
759 1198 62 20 under
838 1200 88 25 punkten

182 1220 11 19 3
211 1220 22 18 är
249 1221 87 24 nämndt,
354 1221 34 19 det
405 1222 31 18 må
454 1222 46 20 bero
518 1223 20 19 af
551 1223 24 19 de
589 1223 163 25 röstberättigade
766 1224 69 24 sjelfva
850 1228 28 16 att
892 1226 34 18 be-

181 1246 84 19 stämma
280 1246 97 20 huruvida
404 1247 25 19 de
444 1247 44 25 vilja
502 1248 67 19 utöfva
584 1248 29 19 sin
628 1248 115 21 beslutande
758 1253 39 17 rätt
810 1251 5 18 i
827 1252 99 19 allmänna

182 1272 186 24 sammankomster,
384 1273 47 19 eller
444 1274 119 19 öfverlemna
579 1274 113 20 densamma
707 1275 20 19 åt
741 1272 126 34 fullmäktige;

235 1298 41 24 6:0)
292 1300 28 17 att
334 1298 36 20 alla
384 1298 113 21 ekonomie-
512 1300 37 20 och
563 1300 157 27 politieärender,
732 1308 43 14 som
785 1302 48 26 angå
844 1303 78 26 staden,

181 1322 107 22 behandlas
303 1324 21 20 af
335 1324 124 26 Magistraten
475 1327 37 19 och
527 1327 181 27 stadsfullmäktige,
725 1329 35 19 der
771 1329 72 20 sådana
852 1326 71 34 finnas,

181 1355 45 24 men
240 1350 5 19 i
260 1356 62 14 annan
337 1351 95 21 händelse
445 1352 21 20 af
478 1353 123 26 Magistraten
615 1354 37 19 och
667 1356 79 19 stadens
760 1357 165 25 röstberättigade

181 1376 125 25 innevånare,
323 1378 38 20 och
375 1380 28 17 att
416 1378 79 21 således
509 1380 36 20 alla
559 1380 25 20 de
598 1381 89 25 ärender,
703 1382 66 20 hvilka
784 1382 17 26 ej
816 1383 47 25 angå
876 1384 49 26 kyr-

181 1402 37 20 kan
233 1404 38 19 och
281 1404 159 29 presterskapet,
456 1407 135 26 undandragas
601 1408 142 27 handläggning
753 1409 33 20 vid
798 1406 126 35 kyrkostäm-

182 1435 31 14 ma
228 1431 5 19 i
247 1431 85 26 enlighet
346 1431 44 20 med
406 1433 25 20 de
444 1433 92 25 grunder,
552 1439 43 15 som
609 1434 64 21 finnas
683 1436 94 24 stadgade
786 1436 6 21 i
801 1437 63 20 Hans
874 1437 50 25 Kej-
