1023 1695
313 147 69 22 Nådiga
394 147 139 23 Propositionen
547 147 36 18 N:o
595 147 28 18 28.
802 147 32 19 763

143 196 54 25 25:0)
226 197 41 19 Alla
281 196 59 20 andra
352 195 130 27 jordtorpare,
498 198 104 19 äfvensom
613 198 144 25 gerningsmän,
767 198 65 25 fattigt

88 223 46 24 folk,
151 223 140 25 arbetskarlar,
307 223 71 20 fiskare
394 223 5 20 i
414 223 91 20 städerna
521 229 27 14 m.
564 223 20 20 fl.
600 229 45 14 som
658 223 18 25 ej
691 225 34 18 äro
736 224 97 20 inskrifne

88 250 90 25 borgare,
192 249 63 25 jemte
269 249 94 26 soldater,
379 249 92 20 båtsmän
485 251 38 18 och
533 250 58 19 deras
602 250 115 25 vederlikar,
729 251 104 19 äfvensom

88 276 92 19 arbetare
193 276 5 19 i
213 277 105 18 allmänhet
333 276 31 19 vid
379 277 58 24 bruk,
454 276 193 26 stångjernshamrar
660 277 39 19 och
717 277 67 25 hyttor
798 279 34 18 äro

88 301 62 26 jemte
171 302 81 19 hustrur
269 302 30 19 för
316 303 37 18 alla
370 303 110 24 personella
498 303 103 26 utskylder
618 303 128 25 förskonade,
765 303 25 20 då
808 303 25 20 de

89 333 36 20 ega
139 329 13 18 4
166 329 47 19 eller
227 329 47 19 flera
288 328 91 20 lefvande
393 329 55 24 barn,
464 329 38 20 tills
516 329 34 20 det
563 331 69 24 yngsta
647 328 83 27 uppnått
741 330 11 19 8
762 329 34 20 års
806 329 26 20 ål-

88 354 44 25 der,
148 355 82 19 änskönt
245 354 59 26 några
318 355 20 19 af
351 355 74 20 barnen
439 355 60 26 ingått
513 356 5 19 i
533 354 95 25 årstjenst
643 356 46 19 eller
699 357 39 18 lära
751 351 53 30 eller
814 356 20 19 af

88 381 60 19 andra
163 381 103 25 försörjas;
286 382 37 19 och
339 381 61 25 gäller
413 381 62 20 denna
493 382 95 19 befrielse
602 382 57 19 äfven
676 387 33 14 om
727 383 73 18 barnen
816 387 16 18 ej

88 408 33 18 äro
136 407 62 26 begge
212 408 137 23 föräldrarnes,
365 411 47 16 utan
426 409 49 19 blott
489 409 73 19 endera
577 408 82 20 makens
673 414 48 20 egna
739 409 55 19 barn.

143 434 54 25 26:0)
226 434 28 20 Då
267 433 105 27 jordegare
386 434 24 26 på
426 435 64 19 landet
504 435 29 19 för
547 436 34 18 sitt
595 434 100 26 legohjon,
712 440 44 14 som
773 436 60 19 redan

90 463 22 17 är
128 460 36 25 gift
178 461 46 19 eller
238 462 58 18 ärnar
310 461 54 19 träda
380 462 4 18 i
402 461 107 25 giftermål,
528 461 115 26 uppbygger
660 461 108 26 backstuga
787 462 46 20 eller

90 486 128 26 boningsrum
234 486 24 27 på
274 493 77 20 egorna,
368 488 48 19 skall
431 487 112 26 legohjonet
555 487 68 26 jemte,
640 489 76 24 hustru,
733 490 46 18 enär
794 489 10 19 3
815 488 21 20 af

88 513 60 21 deras
162 514 50 20 barn
226 514 64 20 blifvit
307 514 1 19 i
323 514 72 20 mantal
411 514 82 26 skrifne,
509 520 48 14 vara
571 515 29 19 för
614 515 36 19 alla
667 516 165 24 mantalspennin-

87 546 34 20 gar
135 540 94 20 befriade.

141 567 55 25 27:0)
224 568 48 24 Den,
288 572 43 14 som
345 567 110 26 upptäcker
470 570 44 24 nytt
527 568 76 19 metall-
617 568 48 20 eller
673 568 158 25 mineralstreck,

88 594 71 18 hvaraf
172 594 59 19 sedan
246 594 70 19 blifver
330 596 28 17 ett
372 594 111 25 beständigt
497 594 56 24 verk,
569 593 71 26 njuter,
656 596 56 18 utom
721 594 62 19 andra
792 595 39 19 för-

87 618 75 26 måner,
179 620 93 20 befrielse
286 619 42 21 från
343 621 35 19 alla
393 621 109 25 personella
517 620 110 26 utskylder.

142 646 54 24 28:0)
227 646 163 26 Understyrmän,
407 646 76 32 sjömän
498 648 38 18 och
551 647 60 25 öfriga
626 647 25 19 till
667 647 117 25 manskapet
799 648 33 18 hö-

88 672 61 20 rande
164 678 95 22 personer
273 674 33 18 äro
321 673 29 19 för
364 673 34 20 det
412 679 21 13 år
447 674 25 19 de
486 673 11 19 å
511 673 64 20 finska
590 673 147 26 kofferdifartyg
752 674 80 19 anställa

87 699 77 19 utrikes
179 700 81 25 sjöresa,
277 699 54 20 såväl
347 700 29 18 för
390 700 30 24 sig
434 699 79 26 sjelfve,
529 706 44 14 som
591 700 81 19 hustrur
689 700 37 19 och
744 700 89 19 hemma-

88 725 88 21 varande
193 726 57 25 harn,
270 726 88 20 befriade
375 725 42 21 från
434 727 23 19 all
476 727 96 25 personell
589 726 144 25 kontribution,
752 726 80 26 utskyld

88 753 38 19 och
144 752 67 26 pålaga
229 753 25 19 till
272 753 86 23 Kronan,
377 753 20 19 af
413 753 50 19 hvad
481 759 58 13 namn
557 753 34 19 det
609 758 45 14 vara
672 752 43 25 må;
732 752 52 20 dock
797 753 36 19 bör

87 778 137 26 afkortningen
238 779 107 27 bestyrkas
359 780 44 19 med
420 780 56 20 bevis
490 779 44 20 från
549 779 154 26 sjörnanshuset.

142 806 54 24 29:0)
226 806 7 19 I
249 806 106 20 allmänhet
371 808 35 18 äro
423 807 35 19 alla
475 805 138 27 allmosehjon,
633 806 105 20 äfvensom
756 806 74 24 fattiga,

88 831 119 26 ålderstigna
222 833 38 18 och
277 832 99 26 bräckliga
393 833 179 26 inhysespersoner
589 833 20 18 af
626 833 96 25 allmogen
739 833 38 18 och
795 832 38 28 den

90 859 108 20 arbetande
212 859 79 20 klassen
306 861 50 17 samt
370 859 107 20 afskedade
491 859 85 20 soldater
590 859 38 19 och
642 861 104 23 matroser,
761 864 45 14 som
815 864 17 19 ej

88 884 62 21 förmå
166 891 71 19 genom
252 886 68 19 arbete
334 885 82 25 förtjena
431 885 33 19 sitt
478 886 113 25 uppehälle,
608 885 43 20 från
669 885 35 20 alla
722 886 111 25 personella

88 912 105 26 utskylder
207 912 94 25 befriade,
318 912 75 19 hvilket
405 911 72 26 jemväl
492 912 60 25 gäller
561 912 30 19 för
600 912 123 25 prestenkor,
735 917 44 14 som
790 912 43 19 icke

89 939 59 19 hafva
161 938 97 24 jordbruk
274 940 39 18 och
326 939 45 18 med
387 939 81 25 behörig
482 941 59 16 attest
556 939 68 25 styrka
639 939 28 25 sig
680 944 46 14 vara
736 939 95 24 utfattiga.

142 965 56 24 30:0)
227 965 32 20 Uti
273 965 39 20 den
327 965 26 20 till
368 965 76 25 Kuopio
458 966 31 19 län
504 965 85 20 hörande
606 965 82 20 andelen
705 965 20 19 af
741 965 91 24 Karelen,

86 991 36 20 der
137 991 188 26 skattläggningarne
340 993 50 18 ännu
400 991 44 20 icke
454 991 69 20 hunnit
532 991 88 25 afslutas,
631 994 46 17 utan
689 997 24 14 en
723 992 42 18 viss
776 991 58 19 sock-

87 1018 88 25 neskatt,
191 1018 97 20 benämnd
302 1018 88 19 medium
400 1020 73 23 räntan,
490 1019 27 19 till
531 1019 44 24 följe
589 1018 20 19 af
626 1018 67 25 Kongl.
724 1018 109 19 Resölutio-

88 1050 62 14 nerne
165 1044 25 26 pä
204 1045 107 25 allmogens
325 1045 73 20 besvär
413 1045 20 19 af
445 1045 37 19 den
498 1046 8 19 1
523 1045 118 25 September
656 1045 50 19 1741
722 1044 10 25 $
746 1045 32 24 41,
795 1044 38 19 och

88 1071 39 20 den
140 1072 12 20 9
168 1072 111 20 December
293 1072 52 20 1766
359 1072 9 25 $
384 1073 31 24 19,
432 1072 62 20 under
514 1071 52 20 tiden
584 1071 44 20 från
645 1072 139 24 lägenheterna
802 1074 31 16 ut-

87 1098 42 26 går,
146 1098 35 20 har
202 1098 37 20 den
256 1097 147 26 jordbrukande
417 1099 97 25 allmogen
528 1098 52 20 varit
593 1098 76 20 befriad
687 1098 29 19 för
730 1098 104 26 personel-

88 1125 19 19 la
121 1125 110 26 utskylder,
248 1124 68 21 sävida
330 1125 216 26 mantalspenningarne
561 1128 52 16 samt
629 1125 101 25 lagmans-
745 1124 37 20 och
799 1125 35 19 hä-

90 1152 206 26 radshöfdingeräntan
311 1155 75 17 ansetts
401 1152 42 26 ingå
458 1152 4 18 i
472 1152 163 24 mediumräntan,
647 1151 74 20 hvilket
731 1150 103 20 förhällan-

87 1178 25 20 de
126 1178 56 20 torde
199 1179 47 19 böra
267 1179 90 23 fortfara,
377 1178 95 20 intilläess
489 1178 165 26 skattläggningen
671 1178 36 19 blir
724 1177 109 20 fullbordad

88 1205 38 19 och
142 1204 36 20 kan
193 1205 55 19 träda
263 1205 5 19 i
286 1204 156 26 verkställighet.
473 1206 94 18 Deremot
584 1205 57 18 hafva
659 1204 61 25 öfrige
737 1209 96 20 personer

89 1231 5 19 i
108 1231 85 19 nämnde
207 1232 89 19 landsort
309 1231 63 19 blifvit
383 1232 30 19 för
423 1232 109 24 personella
542 1231 104 25 utskylder
655 1230 120 24 debiterade,
786 1230 48 19 ehu-

88 1263 24 13 ru
129 1258 58 18 äfven
205 1258 4 17 i
227 1258 53 18 detta
298 1257 114 20 hänseende
429 1257 96 25 åtskilliga
541 1257 96 20 olikheter
653 1257 53 18 inom
725 1256 25 19 de
770 1256 63 19 skilda

88 1283 112 20 socknarne
214 1289 35 20 ega
265 1289 50 20 rum,
332 1283 24 26 pä
371 1285 39 18 sätt
425 1284 184 19 Kammarkontoret
622 1283 86 26 upplyst.
739 1283 54 18 Dock
807 1283 27 18 fö-

89 1310 116 19 rekommer
226 1310 87 20 anledning
342 1310 63 20 dertill
422 1313 29 17 att
467 1310 148 24 ifrågavarande
635 1309 142 25 skattläggning
798 1309 36 18 bör

88 1336 52 19 inom
157 1336 97 24 förloppet
268 1336 21 19 af
301 1341 60 19 nägra
376 1335 21 20 är
413 1341 47 14 vara
474 1335 119 25 fullständigt
607 1335 90 19 afslutad.
778 1355 6 4 ,

143 1362 54 24 31:0)
226 1361 66 26 Enligt
306 1361 10 25 $
330 1362 24 19 18
368 1362 29 19 uti
411 1361 34 20 det
461 1362 29 19 för
507 1361 69 20 staden
593 1361 119 19 Mariehamn
730 1359 24 28 pä
773 1360 60 19 Åland

89 1388 38 19 den
143 1389 24 18 20
184 1388 91 20 Februari
292 1388 48 19 1861
357 1387 81 26 Näuigst
447 1387 102 20 utfärdade
558 1387 161 24 funlationsbref,
731 1389 53 21 njuta
794 1388 39 17 sta-

89 1415 50 20 dens
154 1415 108 20 handlande
280 1415 90 25 borgare,
382 1414 151 25 handtverkare,
544 1413 153 26 näringsidkare,
711 1413 74 19 formän
796 1413 38 19 och

92 1441 139 26 arbetskarlar,
248 1441 18 25 ej
282 1441 76 20 mindre
372 1442 29 19 för
416 1441 29 26 sig
459 1441 76 26 sjelfva,
551 1443 24 18 än
589 1441 30 19 för
633 1441 88 24 hustrur,
737 1439 48 20 barn
796 1439 38 20 och
