<?xml version="1.0" encoding="UTF-8"?>
<alto xmlns="http://www.loc.gov/standards/alto/ns-v3#" xmlns:xlink="http://www.w3.org/1999/xlink" xmlns:xsi="http://www.w3.org/2001/XMLSchema-instance" xsi:schemaLocation="http://www.loc.gov/standards/alto/ns-v3# http://www.loc.gov/alto/v3/alto-3-0.xsd">
	<Description>
		<MeasurementUnit>pixel</MeasurementUnit>
		<sourceImageInformation>
			<fileName>/tmp/tess_glq7cf2j_input.PNG</fileName>
		</sourceImageInformation>
		<OCRProcessing ID="OCR_0">
			<ocrProcessingStep>
				<processingSoftware>
					<softwareName>tesseract 5.3.4</softwareName>
				</processingSoftware>
			</ocrProcessingStep>
		</OCRProcessing>
	</Description>
	<Layout>
		<Page WIDTH="1003" HEIGHT="1686" PHYSICAL_IMG_NR="0" ID="page_0">
			<PrintSpace HPOS="0" VPOS="0" WIDTH="1003" HEIGHT="1686">
				<GraphicalElement ID="cblock_0" HPOS="3" VPOS="188" WIDTH="5" HEIGHT="409"></GraphicalElement >
				<ComposedBlock ID="cblock_1" HPOS="191" VPOS="140" WIDTH="523" HEIGHT="23">
					<TextBlock ID="block_0" HPOS="191" VPOS="140" WIDTH="523" HEIGHT="23">
						<TextLine ID="line_0" HPOS="191" VPOS="140" WIDTH="523" HEIGHT="23">
							<String ID="string_0" HPOS="191" VPOS="140" WIDTH="42" HEIGHT="18" WC="0.96" CONTENT="1262"/><SP WIDTH="171" VPOS="140" HPOS="233"/>
							<String ID="string_1" HPOS="404" VPOS="140" WIDTH="71" HEIGHT="21" WC="0.91" CONTENT="Nådiga"/><SP WIDTH="12" VPOS="140" HPOS="475"/>
							<String ID="string_2" HPOS="487" VPOS="140" WIDTH="138" HEIGHT="23" WC="0.96" CONTENT="Propositionen"/><SP WIDTH="14" VPOS="140" HPOS="625"/>
							<String ID="string_3" HPOS="639" VPOS="141" WIDTH="35" HEIGHT="16" WC="0.96" CONTENT="N:o"/><SP WIDTH="13" VPOS="141" HPOS="674"/>
							<String ID="string_4" HPOS="687" VPOS="140" WIDTH="27" HEIGHT="17" WC="0.95" CONTENT="38."/>
						</TextLine>
					</TextBlock>
				</ComposedBlock>
				<ComposedBlock ID="cblock_2" HPOS="187" VPOS="184" WIDTH="746" HEIGHT="1265">
					<TextBlock ID="block_1" HPOS="187" VPOS="184" WIDTH="742" HEIGHT="55">
						<TextLine ID="line_1" HPOS="188" VPOS="184" WIDTH="741" HEIGHT="41">
							<String ID="string_5" HPOS="188" VPOS="189" WIDTH="63" HEIGHT="19" WC="0.95" CONTENT="stället"/><SP WIDTH="15" VPOS="189" HPOS="251"/>
							<String ID="string_6" HPOS="266" VPOS="189" WIDTH="28" HEIGHT="18" WC="0.93" CONTENT="för"/><SP WIDTH="9" VPOS="189" HPOS="294"/>
							<String ID="string_7" HPOS="303" VPOS="188" WIDTH="258" HEIGHT="27" WC="0.90" CONTENT="bränvinsarrendeafgiften"/><SP WIDTH="12" VPOS="188" HPOS="561"/>
							<String ID="string_8" HPOS="573" VPOS="189" WIDTH="87" HEIGHT="23" WC="0.92" CONTENT="660,000"/><SP WIDTH="11" VPOS="189" HPOS="660"/>
							<String ID="string_9" HPOS="671" VPOS="189" WIDTH="65" HEIGHT="22" WC="0.92" CONTENT="mark,"/><SP WIDTH="16" VPOS="189" HPOS="736"/>
							<String ID="string_10" HPOS="752" VPOS="187" WIDTH="72" HEIGHT="20" WC="0.96" CONTENT="erhålla"/><SP WIDTH="7" VPOS="187" HPOS="824"/>
							<String ID="string_11" HPOS="831" VPOS="184" WIDTH="29" HEIGHT="41" WC="0.93" CONTENT="till"/><SP WIDTH="11" VPOS="184" HPOS="860"/>
							<String ID="string_12" HPOS="871" VPOS="187" WIDTH="58" HEIGHT="20" WC="0.91" CONTENT="stats-"/>
						</TextLine>
						<TextLine ID="line_2" HPOS="187" VPOS="204" WIDTH="565" HEIGHT="39">
							<String ID="string_13" HPOS="187" VPOS="215" WIDTH="111" HEIGHT="19" WC="0.89" CONTENT="behofvens"/><SP WIDTH="14" VPOS="215" HPOS="298"/>
							<String ID="string_14" HPOS="312" VPOS="215" WIDTH="84" HEIGHT="25" WC="0.89" CONTENT="fyllande"/><SP WIDTH="14" VPOS="215" HPOS="396"/>
							<String ID="string_15" HPOS="410" VPOS="217" WIDTH="27" HEIGHT="16" WC="0.93" CONTENT="ett"/><SP WIDTH="14" VPOS="217" HPOS="437"/>
							<String ID="string_16" HPOS="451" VPOS="211" WIDTH="68" HEIGHT="32" WC="0.96" CONTENT="bidrag"/><SP WIDTH="14" VPOS="211" HPOS="519"/>
							<String ID="string_17" HPOS="533" VPOS="215" WIDTH="20" HEIGHT="18" WC="0.93" CONTENT="af"/><SP WIDTH="12" VPOS="215" HPOS="553"/>
							<String ID="string_18" HPOS="565" VPOS="215" WIDTH="18" HEIGHT="23" WC="0.93" CONTENT="4,"/><SP WIDTH="5" VPOS="215" HPOS="583"/>
							<String ID="string_19" HPOS="588" VPOS="204" WIDTH="44" HEIGHT="34" WC="0.95" CONTENT="300,"/><SP WIDTH="4" VPOS="204" HPOS="632"/>
							<String ID="string_20" HPOS="636" VPOS="215" WIDTH="38" HEIGHT="19" WC="0.95" CONTENT="000"/><SP WIDTH="14" VPOS="215" HPOS="674"/>
							<String ID="string_21" HPOS="688" VPOS="205" WIDTH="64" HEIGHT="29" WC="0.95" CONTENT="mark."/>
						</TextLine>
					</TextBlock>
					<TextBlock ID="block_2" HPOS="187" VPOS="241" WIDTH="745" HEIGHT="471">
						<TextLine ID="line_3" HPOS="241" VPOS="241" WIDTH="687" HEIGHT="25">
							<String ID="string_22" HPOS="241" VPOS="238" WIDTH="37" HEIGHT="22" WC="0.96" CONTENT="För"/><SP WIDTH="16" VPOS="238" HPOS="278"/>
							<String ID="string_23" HPOS="294" VPOS="241" WIDTH="58" HEIGHT="24" WC="0.96" CONTENT="öfrigt"/><SP WIDTH="17" VPOS="241" HPOS="352"/>
							<String ID="string_24" HPOS="369" VPOS="241" WIDTH="86" HEIGHT="19" WC="0.96" CONTENT="ansluter"/><SP WIDTH="18" VPOS="241" HPOS="455"/>
							<String ID="string_25" HPOS="473" VPOS="241" WIDTH="28" HEIGHT="24" WC="0.96" CONTENT="sig"/><SP WIDTH="21" VPOS="241" HPOS="501"/>
							<String ID="string_26" HPOS="522" VPOS="230" WIDTH="63" HEIGHT="30" WC="0.83" CONTENT="denna"/><SP WIDTH="21" VPOS="230" HPOS="585"/>
							<String ID="string_27" HPOS="606" VPOS="230" WIDTH="92" HEIGHT="30" WC="0.84" CONTENT="Sektions"/><SP WIDTH="14" VPOS="230" HPOS="698"/>
							<String ID="string_28" HPOS="712" VPOS="241" WIDTH="71" HEIGHT="25" WC="0.95" CONTENT="förslag"/><SP WIDTH="14" VPOS="241" HPOS="783"/>
							<String ID="string_29" HPOS="797" VPOS="241" WIDTH="4" HEIGHT="18" WC="0.95" CONTENT="i"/><SP WIDTH="15" VPOS="241" HPOS="801"/>
							<String ID="string_30" HPOS="816" VPOS="241" WIDTH="54" HEIGHT="19" WC="0.96" CONTENT="hvad"/><SP WIDTH="15" VPOS="241" HPOS="870"/>
							<String ID="string_31" HPOS="885" VPOS="246" WIDTH="43" HEIGHT="14" WC="0.96" CONTENT="som"/>
						</TextLine>
						<TextLine ID="line_4" HPOS="187" VPOS="255" WIDTH="741" HEIGHT="37">
							<String ID="string_32" HPOS="187" VPOS="269" WIDTH="55" HEIGHT="17" WC="0.91" CONTENT="rörer"/><SP WIDTH="14" VPOS="269" HPOS="242"/>
							<String ID="string_33" HPOS="256" VPOS="255" WIDTH="229" HEIGHT="37" WC="0.91" CONTENT="husbehofsbränningen"/><SP WIDTH="17" VPOS="255" HPOS="485"/>
							<String ID="string_34" HPOS="502" VPOS="267" WIDTH="26" HEIGHT="19" WC="0.89" CONTENT="till"/><SP WIDTH="18" VPOS="267" HPOS="528"/>
							<String ID="string_35" HPOS="546" VPOS="267" WIDTH="37" HEIGHT="19" WC="0.96" CONTENT="den"/><SP WIDTH="14" VPOS="267" HPOS="583"/>
							<String ID="string_36" HPOS="597" VPOS="273" WIDTH="25" HEIGHT="13" WC="0.95" CONTENT="nu"/><SP WIDTH="14" VPOS="273" HPOS="622"/>
							<String ID="string_37" HPOS="636" VPOS="267" WIDTH="88" HEIGHT="25" WC="0.95" CONTENT="gällande"/><SP WIDTH="13" VPOS="267" HPOS="724"/>
							<String ID="string_38" HPOS="737" VPOS="256" WIDTH="67" HEIGHT="36" WC="0.78" CONTENT="nådiga"/><SP WIDTH="17" VPOS="256" HPOS="804"/>
							<String ID="string_39" HPOS="821" VPOS="267" WIDTH="107" HEIGHT="19" WC="0.90" CONTENT="förordnin-"/>
						</TextLine>
						<TextLine ID="line_5" HPOS="187" VPOS="292" WIDTH="742" HEIGHT="26">
							<String ID="string_40" HPOS="187" VPOS="298" WIDTH="37" HEIGHT="20" WC="0.96" CONTENT="gen"/><SP WIDTH="18" VPOS="298" HPOS="224"/>
							<String ID="string_41" HPOS="242" VPOS="294" WIDTH="20" HEIGHT="18" WC="0.96" CONTENT="af"/><SP WIDTH="16" VPOS="294" HPOS="262"/>
							<String ID="string_42" HPOS="278" VPOS="293" WIDTH="37" HEIGHT="19" WC="0.96" CONTENT="den"/><SP WIDTH="15" VPOS="293" HPOS="315"/>
							<String ID="string_43" HPOS="330" VPOS="294" WIDTH="24" HEIGHT="18" WC="0.96" CONTENT="30"/><SP WIDTH="14" VPOS="294" HPOS="354"/>
							<String ID="string_44" HPOS="368" VPOS="293" WIDTH="37" HEIGHT="25" WC="0.97" CONTENT="Maj"/><SP WIDTH="16" VPOS="293" HPOS="405"/>
							<String ID="string_45" HPOS="421" VPOS="294" WIDTH="58" HEIGHT="24" WC="0.88" CONTENT="1859,"/><SP WIDTH="17" VPOS="294" HPOS="479"/>
							<String ID="string_46" HPOS="496" VPOS="295" WIDTH="51" HEIGHT="17" WC="0.95" CONTENT="samt"/><SP WIDTH="17" VPOS="295" HPOS="547"/>
							<String ID="string_47" HPOS="564" VPOS="292" WIDTH="118" HEIGHT="21" WC="0.96" CONTENT="beträffande"/><SP WIDTH="15" VPOS="292" HPOS="682"/>
							<String ID="string_48" HPOS="697" VPOS="293" WIDTH="119" HEIGHT="25" WC="0.96" CONTENT="regleringen"/><SP WIDTH="14" VPOS="293" HPOS="816"/>
							<String ID="string_49" HPOS="830" VPOS="294" WIDTH="38" HEIGHT="18" WC="0.93" CONTENT="och"/><SP WIDTH="15" VPOS="294" HPOS="868"/>
							<String ID="string_50" HPOS="883" VPOS="293" WIDTH="46" HEIGHT="19" WC="0.92" CONTENT="kon-"/>
						</TextLine>
						<TextLine ID="line_6" HPOS="187" VPOS="318" WIDTH="742" HEIGHT="26">
							<String ID="string_51" HPOS="187" VPOS="320" WIDTH="69" HEIGHT="18" WC="0.95" CONTENT="trollen"/><SP WIDTH="14" VPOS="320" HPOS="256"/>
							<String ID="string_52" HPOS="270" VPOS="320" WIDTH="21" HEIGHT="19" WC="0.93" CONTENT="af"/><SP WIDTH="13" VPOS="320" HPOS="291"/>
							<String ID="string_53" HPOS="304" VPOS="319" WIDTH="193" HEIGHT="25" WC="0.92" CONTENT="fabriksbränningen"/><SP WIDTH="14" VPOS="319" HPOS="497"/>
							<String ID="string_54" HPOS="511" VPOS="320" WIDTH="26" HEIGHT="18" WC="0.96" CONTENT="till"/><SP WIDTH="15" VPOS="320" HPOS="537"/>
							<String ID="string_55" HPOS="552" VPOS="319" WIDTH="38" HEIGHT="19" WC="0.96" CONTENT="den"/><SP WIDTH="14" VPOS="319" HPOS="590"/>
							<String ID="string_56" HPOS="604" VPOS="319" WIDTH="114" HEIGHT="20" WC="0.96" CONTENT="alternativa"/><SP WIDTH="16" VPOS="319" HPOS="718"/>
							<String ID="string_57" HPOS="734" VPOS="318" WIDTH="68" HEIGHT="26" WC="0.93" CONTENT="nådiga"/><SP WIDTH="10" VPOS="318" HPOS="802"/>
							<String ID="string_58" HPOS="812" VPOS="319" WIDTH="117" HEIGHT="25" WC="0.91" CONTENT="propositio-"/>
						</TextLine>
						<TextLine ID="line_7" HPOS="189" VPOS="345" WIDTH="740" HEIGHT="25">
							<String ID="string_59" HPOS="189" VPOS="351" WIDTH="43" HEIGHT="13" WC="0.93" CONTENT="nen."/><SP WIDTH="29" VPOS="351" HPOS="232"/>
							<String ID="string_60" HPOS="261" VPOS="346" WIDTH="43" HEIGHT="18" WC="0.93" CONTENT="Med"/><SP WIDTH="15" VPOS="346" HPOS="304"/>
							<String ID="string_61" HPOS="319" VPOS="345" WIDTH="93" HEIGHT="19" WC="0.93" CONTENT="afseende"/><SP WIDTH="18" VPOS="345" HPOS="412"/>
							<String ID="string_62" HPOS="430" VPOS="345" WIDTH="9" HEIGHT="19" WC="0.90" CONTENT="å"/><SP WIDTH="18" VPOS="345" HPOS="439"/>
							<String ID="string_63" HPOS="457" VPOS="346" WIDTH="38" HEIGHT="19" WC="0.96" CONTENT="den"/><SP WIDTH="15" VPOS="346" HPOS="495"/>
							<String ID="string_64" HPOS="510" VPOS="346" WIDTH="78" HEIGHT="18" WC="0.96" CONTENT="kortare"/><SP WIDTH="16" VPOS="346" HPOS="588"/>
							<String ID="string_65" HPOS="604" VPOS="345" WIDTH="27" HEIGHT="19" WC="0.93" CONTENT="tid"/><SP WIDTH="15" VPOS="345" HPOS="631"/>
							<String ID="string_66" HPOS="646" VPOS="345" WIDTH="231" HEIGHT="25" WC="0.91" CONTENT="husbehofsbränningen"/><SP WIDTH="15" VPOS="345" HPOS="877"/>
							<String ID="string_67" HPOS="892" VPOS="346" WIDTH="37" HEIGHT="18" WC="0.96" CONTENT="kan"/>
						</TextLine>
						<TextLine ID="line_8" HPOS="190" VPOS="371" WIDTH="740" HEIGHT="26">
							<String ID="string_68" HPOS="190" VPOS="372" WIDTH="78" HEIGHT="19" WC="0.96" CONTENT="komma"/><SP WIDTH="16" VPOS="372" HPOS="268"/>
							<String ID="string_69" HPOS="284" VPOS="374" WIDTH="28" HEIGHT="16" WC="0.93" CONTENT="att"/><SP WIDTH="13" VPOS="374" HPOS="312"/>
							<String ID="string_70" HPOS="325" VPOS="372" WIDTH="84" HEIGHT="18" WC="0.91" CONTENT="fortvara"/><SP WIDTH="15" VPOS="372" HPOS="409"/>
							<String ID="string_71" HPOS="424" VPOS="372" WIDTH="36" HEIGHT="19" WC="0.96" CONTENT="har"/><SP WIDTH="14" VPOS="372" HPOS="460"/>
							<String ID="string_72" HPOS="474" VPOS="377" WIDTH="45" HEIGHT="13" WC="0.96" CONTENT="man"/><SP WIDTH="14" VPOS="377" HPOS="519"/>
							<String ID="string_73" HPOS="533" VPOS="371" WIDTH="43" HEIGHT="19" WC="0.95" CONTENT="icke"/><SP WIDTH="15" VPOS="371" HPOS="576"/>
							<String ID="string_74" HPOS="591" VPOS="374" WIDTH="63" HEIGHT="16" WC="0.95" CONTENT="ansett"/><SP WIDTH="8" VPOS="374" HPOS="654"/>
							<String ID="string_75" HPOS="662" VPOS="372" WIDTH="88" HEIGHT="25" WC="0.96" CONTENT="lämpligt"/><SP WIDTH="9" VPOS="372" HPOS="750"/>
							<String ID="string_76" HPOS="759" VPOS="374" WIDTH="28" HEIGHT="16" WC="0.96" CONTENT="att"/><SP WIDTH="9" VPOS="374" HPOS="787"/>
							<String ID="string_77" HPOS="796" VPOS="372" WIDTH="26" HEIGHT="18" WC="0.96" CONTENT="uti"/><SP WIDTH="11" VPOS="372" HPOS="822"/>
							<String ID="string_78" HPOS="833" VPOS="372" WIDTH="24" HEIGHT="19" WC="0.93" CONTENT="de"/><SP WIDTH="11" VPOS="372" HPOS="857"/>
							<String ID="string_79" HPOS="868" VPOS="372" WIDTH="62" HEIGHT="23" WC="0.90" CONTENT="regle-"/>
						</TextLine>
						<TextLine ID="line_9" HPOS="188" VPOS="398" WIDTH="741" HEIGHT="25">
							<String ID="string_80" HPOS="188" VPOS="398" WIDTH="119" HEIGHT="19" WC="0.91" CONTENT="mentariska"/><SP WIDTH="16" VPOS="398" HPOS="307"/>
							<String ID="string_81" HPOS="323" VPOS="398" WIDTH="169" HEIGHT="24" WC="0.92" CONTENT="bestämningarne"/><SP WIDTH="17" VPOS="398" HPOS="492"/>
							<String ID="string_82" HPOS="509" VPOS="398" WIDTH="98" HEIGHT="25" WC="0.93" CONTENT="angående"/><SP WIDTH="17" VPOS="398" HPOS="607"/>
							<String ID="string_83" HPOS="624" VPOS="398" WIDTH="127" HEIGHT="19" WC="0.90" CONTENT="densammas"/><SP WIDTH="17" VPOS="398" HPOS="751"/>
							<String ID="string_84" HPOS="768" VPOS="398" WIDTH="87" HEIGHT="24" WC="0.89" CONTENT="utöfning"/><SP WIDTH="14" VPOS="398" HPOS="855"/>
							<String ID="string_85" HPOS="869" VPOS="398" WIDTH="60" HEIGHT="18" WC="0.96" CONTENT="införa"/>
						</TextLine>
						<TextLine ID="line_10" HPOS="189" VPOS="423" WIDTH="742" HEIGHT="26">
							<String ID="string_86" HPOS="189" VPOS="424" WIDTH="59" HEIGHT="24" WC="0.95" CONTENT="några"/><SP WIDTH="21" VPOS="424" HPOS="248"/>
							<String ID="string_87" HPOS="269" VPOS="424" WIDTH="98" HEIGHT="25" WC="0.95" CONTENT="betydliga"/><SP WIDTH="15" VPOS="424" HPOS="367"/>
							<String ID="string_88" HPOS="382" VPOS="424" WIDTH="139" HEIGHT="25" WC="0.95" CONTENT="förändringar."/><SP WIDTH="30" VPOS="424" HPOS="521"/>
							<String ID="string_89" HPOS="551" VPOS="424" WIDTH="41" HEIGHT="19" WC="0.92" CONTENT="Den"/><SP WIDTH="16" VPOS="424" HPOS="592"/>
							<String ID="string_90" HPOS="608" VPOS="424" WIDTH="103" HEIGHT="25" WC="0.90" CONTENT="vigtigaste"/><SP WIDTH="13" VPOS="424" HPOS="711"/>
							<String ID="string_91" HPOS="724" VPOS="423" WIDTH="103" HEIGHT="24" WC="0.91" CONTENT="afvikelse,"/><SP WIDTH="18" VPOS="423" HPOS="827"/>
							<String ID="string_92" HPOS="845" VPOS="429" WIDTH="44" HEIGHT="14" WC="0.93" CONTENT="som"/><SP WIDTH="14" VPOS="429" HPOS="889"/>
							<String ID="string_93" HPOS="903" VPOS="424" WIDTH="28" HEIGHT="18" WC="0.89" CONTENT="fö-"/>
						</TextLine>
						<TextLine ID="line_11" HPOS="190" VPOS="449" WIDTH="740" HEIGHT="27">
							<String ID="string_94" HPOS="190" VPOS="450" WIDTH="99" HEIGHT="25" WC="0.91" CONTENT="reslagits,"/><SP WIDTH="19" VPOS="450" HPOS="289"/>
							<String ID="string_95" HPOS="308" VPOS="451" WIDTH="22" HEIGHT="18" WC="0.96" CONTENT="är"/><SP WIDTH="16" VPOS="451" HPOS="330"/>
							<String ID="string_96" HPOS="346" VPOS="450" WIDTH="47" HEIGHT="23" WC="0.96" CONTENT="den,"/><SP WIDTH="19" VPOS="450" HPOS="393"/>
							<String ID="string_97" HPOS="412" VPOS="452" WIDTH="27" HEIGHT="17" WC="0.96" CONTENT="att"/><SP WIDTH="18" VPOS="452" HPOS="439"/>
							<String ID="string_98" HPOS="457" VPOS="450" WIDTH="60" HEIGHT="26" WC="0.96" CONTENT="någon"/><SP WIDTH="19" VPOS="450" HPOS="517"/>
							<String ID="string_99" HPOS="536" VPOS="450" WIDTH="137" HEIGHT="25" WC="0.96" CONTENT="inskränkning"/><SP WIDTH="15" VPOS="450" HPOS="673"/>
							<String ID="string_100" HPOS="688" VPOS="450" WIDTH="20" HEIGHT="19" WC="0.96" CONTENT="af"/><SP WIDTH="13" VPOS="450" HPOS="708"/>
							<String ID="string_101" HPOS="721" VPOS="450" WIDTH="51" HEIGHT="19" WC="0.96" CONTENT="tiden"/><SP WIDTH="15" VPOS="450" HPOS="772"/>
							<String ID="string_102" HPOS="787" VPOS="450" WIDTH="29" HEIGHT="19" WC="0.93" CONTENT="för"/><SP WIDTH="13" VPOS="450" HPOS="816"/>
							<String ID="string_103" HPOS="829" VPOS="449" WIDTH="101" HEIGHT="20" WC="0.91" CONTENT="bränvins-"/>
						</TextLine>
						<TextLine ID="line_12" HPOS="190" VPOS="476" WIDTH="741" HEIGHT="25">
							<String ID="string_104" HPOS="190" VPOS="476" WIDTH="121" HEIGHT="25" WC="0.95" CONTENT="tillverkning"/><SP WIDTH="18" VPOS="476" HPOS="311"/>
							<String ID="string_105" HPOS="329" VPOS="477" WIDTH="45" HEIGHT="19" WC="0.96" CONTENT="eller"/><SP WIDTH="18" VPOS="477" HPOS="374"/>
							<String ID="string_106" HPOS="392" VPOS="476" WIDTH="57" HEIGHT="25" WC="0.96" CONTENT="något"/><SP WIDTH="18" VPOS="476" HPOS="449"/>
							<String ID="string_107" HPOS="467" VPOS="477" WIDTH="56" HEIGHT="19" WC="0.96" CONTENT="totalt"/><SP WIDTH="16" VPOS="477" HPOS="523"/>
							<String ID="string_108" HPOS="539" VPOS="476" WIDTH="70" HEIGHT="19" WC="0.96" CONTENT="förbud"/><SP WIDTH="14" VPOS="476" HPOS="609"/>
							<String ID="string_109" HPOS="623" VPOS="478" WIDTH="27" HEIGHT="17" WC="0.96" CONTENT="att"/><SP WIDTH="13" VPOS="478" HPOS="650"/>
							<String ID="string_110" HPOS="663" VPOS="476" WIDTH="75" HEIGHT="20" WC="0.96" CONTENT="bränna"/><SP WIDTH="14" VPOS="476" HPOS="738"/>
							<String ID="string_111" HPOS="752" VPOS="476" WIDTH="43" HEIGHT="19" WC="0.95" CONTENT="icke"/><SP WIDTH="20" VPOS="476" HPOS="795"/>
							<String ID="string_112" HPOS="815" VPOS="472" WIDTH="68" HEIGHT="34" WC="0.94" CONTENT="komme"/><SP WIDTH="12" VPOS="472" HPOS="883"/>
							<String ID="string_113" HPOS="895" VPOS="478" WIDTH="36" HEIGHT="22" WC="0.94" CONTENT="att"/>
						</TextLine>
						<TextLine ID="line_13" HPOS="189" VPOS="502" WIDTH="742" HEIGHT="26">
							<String ID="string_114" HPOS="189" VPOS="504" WIDTH="35" HEIGHT="23" WC="0.96" CONTENT="äga"/><SP WIDTH="22" VPOS="504" HPOS="224"/>
							<String ID="string_115" HPOS="246" VPOS="508" WIDTH="44" HEIGHT="14" WC="0.96" CONTENT="rum"/><SP WIDTH="21" VPOS="508" HPOS="290"/>
							<String ID="string_116" HPOS="311" VPOS="502" WIDTH="62" HEIGHT="20" WC="0.96" CONTENT="under"/><SP WIDTH="21" VPOS="502" HPOS="373"/>
							<String ID="string_117" HPOS="394" VPOS="502" WIDTH="25" HEIGHT="20" WC="0.96" CONTENT="de"/><SP WIDTH="20" VPOS="502" HPOS="419"/>
							<String ID="string_118" HPOS="439" VPOS="503" WIDTH="40" HEIGHT="19" WC="0.96" CONTENT="fem"/><SP WIDTH="18" VPOS="503" HPOS="479"/>
							<String ID="string_119" HPOS="497" VPOS="502" WIDTH="21" HEIGHT="20" WC="0.96" CONTENT="är"/><SP WIDTH="17" VPOS="502" HPOS="518"/>
							<String ID="string_120" HPOS="535" VPOS="502" WIDTH="137" HEIGHT="25" WC="0.93" CONTENT="förordningen"/><SP WIDTH="14" VPOS="502" HPOS="672"/>
							<String ID="string_121" HPOS="686" VPOS="503" WIDTH="64" HEIGHT="19" WC="0.92" CONTENT="blefve"/><SP WIDTH="14" VPOS="503" HPOS="750"/>
							<String ID="string_122" HPOS="764" VPOS="502" WIDTH="95" HEIGHT="26" WC="0.91" CONTENT="gällande."/><SP WIDTH="30" VPOS="502" HPOS="859"/>
							<String ID="string_123" HPOS="889" VPOS="504" WIDTH="42" HEIGHT="18" WC="0.94" CONTENT="Den"/>
						</TextLine>
						<TextLine ID="line_14" HPOS="189" VPOS="528" WIDTH="742" HEIGHT="27">
							<String ID="string_124" HPOS="189" VPOS="529" WIDTH="92" HEIGHT="26" WC="0.95" CONTENT="trygghet"/><SP WIDTH="13" VPOS="529" HPOS="281"/>
							<String ID="string_125" HPOS="294" VPOS="531" WIDTH="42" HEIGHT="16" WC="0.93" CONTENT="mot"/><SP WIDTH="13" VPOS="531" HPOS="336"/>
							<String ID="string_126" HPOS="349" VPOS="528" WIDTH="120" HEIGHT="26" WC="0.76" CONTENT="opåräknadt"/><SP WIDTH="9" VPOS="528" HPOS="469"/>
							<String ID="string_127" HPOS="478" VPOS="528" WIDTH="91" HEIGHT="26" WC="0.96" CONTENT="intrång"/><SP WIDTH="-6" VPOS="528" HPOS="569"/>
							<String ID="string_128" HPOS="563" VPOS="524" WIDTH="12" HEIGHT="35" WC="0.93" CONTENT="i"/><SP WIDTH="5" VPOS="524" HPOS="575"/>
							<String ID="string_129" HPOS="580" VPOS="529" WIDTH="228" HEIGHT="25" WC="0.91" CONTENT="närinsverksamheten,"/><SP WIDTH="13" VPOS="529" HPOS="808"/>
							<String ID="string_130" HPOS="821" VPOS="535" WIDTH="43" HEIGHT="14" WC="0.97" CONTENT="som"/><SP WIDTH="10" VPOS="535" HPOS="864"/>
							<String ID="string_131" HPOS="874" VPOS="529" WIDTH="57" HEIGHT="26" WC="0.96" CONTENT="utgör"/>
						</TextLine>
						<TextLine ID="line_15" HPOS="189" VPOS="555" WIDTH="741" HEIGHT="25">
							<String ID="string_132" HPOS="189" VPOS="558" WIDTH="27" HEIGHT="16" WC="0.92" CONTENT="ett"/><SP WIDTH="20" VPOS="558" HPOS="216"/>
							<String ID="string_133" HPOS="236" VPOS="555" WIDTH="162" HEIGHT="25" WC="0.91" CONTENT="spekulationens"/><SP WIDTH="16" VPOS="555" HPOS="398"/>
							<String ID="string_134" HPOS="414" VPOS="555" WIDTH="101" HEIGHT="24" WC="0.92" CONTENT="lifsvilkor,"/><SP WIDTH="20" VPOS="555" HPOS="515"/>
							<String ID="string_135" HPOS="535" VPOS="555" WIDTH="55" HEIGHT="19" WC="0.96" CONTENT="torde"/><SP WIDTH="16" VPOS="555" HPOS="590"/>
							<String ID="string_136" HPOS="606" VPOS="555" WIDTH="45" HEIGHT="19" WC="0.96" CONTENT="icke"/><SP WIDTH="18" VPOS="555" HPOS="651"/>
							<String ID="string_137" HPOS="669" VPOS="556" WIDTH="46" HEIGHT="18" WC="0.91" CONTENT="böra"/><SP WIDTH="18" VPOS="556" HPOS="715"/>
							<String ID="string_138" HPOS="733" VPOS="556" WIDTH="80" HEIGHT="24" WC="0.91" CONTENT="betagas"/><SP WIDTH="15" VPOS="556" HPOS="813"/>
							<String ID="string_139" HPOS="828" VPOS="555" WIDTH="102" HEIGHT="19" WC="0.88" CONTENT="bränvins-"/>
						</TextLine>
						<TextLine ID="line_16" HPOS="190" VPOS="571" WIDTH="741" HEIGHT="35">
							<String ID="string_140" HPOS="190" VPOS="581" WIDTH="130" HEIGHT="20" WC="0.91" CONTENT="tillverkaren."/><SP WIDTH="32" VPOS="581" HPOS="320"/>
							<String ID="string_141" HPOS="352" VPOS="582" WIDTH="48" HEIGHT="18" WC="0.93" CONTENT="Utan"/><SP WIDTH="17" VPOS="582" HPOS="400"/>
							<String ID="string_142" HPOS="417" VPOS="581" WIDTH="63" HEIGHT="19" WC="0.96" CONTENT="denna"/><SP WIDTH="18" VPOS="581" HPOS="480"/>
							<String ID="string_143" HPOS="498" VPOS="571" WIDTH="57" HEIGHT="35" WC="0.96" CONTENT="trygg"/><SP WIDTH="-6" VPOS="571" HPOS="555"/>
							<String ID="string_144" HPOS="549" VPOS="582" WIDTH="40" HEIGHT="18" WC="0.28" CONTENT="ghet"/><SP WIDTH="17" VPOS="582" HPOS="589"/>
							<String ID="string_145" HPOS="606" VPOS="581" WIDTH="52" HEIGHT="19" WC="0.95" CONTENT="lärer"/><SP WIDTH="17" VPOS="581" HPOS="658"/>
							<String ID="string_146" HPOS="675" VPOS="582" WIDTH="73" HEIGHT="24" WC="0.96" CONTENT="knappt"/><SP WIDTH="17" VPOS="582" HPOS="748"/>
							<String ID="string_147" HPOS="765" VPOS="581" WIDTH="62" HEIGHT="25" WC="0.92" CONTENT="någon"/><SP WIDTH="20" VPOS="581" HPOS="827"/>
							<String ID="string_148" HPOS="847" VPOS="581" WIDTH="84" HEIGHT="20" WC="0.92" CONTENT="fabriks-"/>
						</TextLine>
						<TextLine ID="line_17" HPOS="189" VPOS="595" WIDTH="742" HEIGHT="38">
							<String ID="string_149" HPOS="189" VPOS="607" WIDTH="93" HEIGHT="31" WC="0.96" CONTENT="bränning"/><SP WIDTH="14" VPOS="607" HPOS="282"/>
							<String ID="string_150" HPOS="296" VPOS="608" WIDTH="64" HEIGHT="18" WC="0.96" CONTENT="kunna"/><SP WIDTH="14" VPOS="608" HPOS="360"/>
							<String ID="string_151" HPOS="374" VPOS="607" WIDTH="71" HEIGHT="25" WC="0.96" CONTENT="uppstå"/><SP WIDTH="14" VPOS="607" HPOS="445"/>
							<String ID="string_152" HPOS="459" VPOS="607" WIDTH="25" HEIGHT="25" WC="0.96" CONTENT="på"/><SP WIDTH="15" VPOS="607" HPOS="484"/>
							<String ID="string_153" HPOS="499" VPOS="607" WIDTH="36" HEIGHT="19" WC="0.96" CONTENT="den"/><SP WIDTH="15" VPOS="607" HPOS="535"/>
							<String ID="string_154" HPOS="550" VPOS="608" WIDTH="55" HEIGHT="19" WC="0.93" CONTENT="korta"/><SP WIDTH="15" VPOS="608" HPOS="605"/>
							<String ID="string_155" HPOS="620" VPOS="607" WIDTH="110" HEIGHT="26" WC="0.92" CONTENT="tidrymden"/><SP WIDTH="15" VPOS="607" HPOS="730"/>
							<String ID="string_156" HPOS="745" VPOS="608" WIDTH="19" HEIGHT="18" WC="0.95" CONTENT="af"/><SP WIDTH="13" VPOS="608" HPOS="764"/>
							<String ID="string_157" HPOS="777" VPOS="595" WIDTH="43" HEIGHT="38" WC="0.96" CONTENT="fyra"/><SP WIDTH="14" VPOS="595" HPOS="820"/>
							<String ID="string_158" HPOS="834" VPOS="608" WIDTH="47" HEIGHT="20" WC="0.96" CONTENT="eller"/><SP WIDTH="10" VPOS="608" HPOS="881"/>
							<String ID="string_159" HPOS="891" VPOS="608" WIDTH="40" HEIGHT="19" WC="0.96" CONTENT="fem"/>
						</TextLine>
						<TextLine ID="line_18" HPOS="190" VPOS="630" WIDTH="742" HEIGHT="28">
							<String ID="string_160" HPOS="190" VPOS="632" WIDTH="28" HEIGHT="20" WC="0.94" CONTENT="år."/><SP WIDTH="29" VPOS="632" HPOS="218"/>
							<String ID="string_161" HPOS="247" VPOS="622" WIDTH="42" HEIGHT="31" WC="0.91" CONTENT="Och"/><SP WIDTH="15" VPOS="622" HPOS="289"/>
							<String ID="string_162" HPOS="304" VPOS="630" WIDTH="24" HEIGHT="22" WC="0.96" CONTENT="då"/><SP WIDTH="15" VPOS="630" HPOS="328"/>
							<String ID="string_163" HPOS="343" VPOS="634" WIDTH="214" HEIGHT="30" WC="0.89" CONTENT="tillverkningsskatten"/><SP WIDTH="14" VPOS="634" HPOS="557"/>
							<String ID="string_164" HPOS="571" VPOS="633" WIDTH="98" HEIGHT="25" WC="0.91" CONTENT="påräknas"/><SP WIDTH="14" VPOS="633" HPOS="669"/>
							<String ID="string_165" HPOS="683" VPOS="635" WIDTH="30" HEIGHT="18" WC="0.96" CONTENT="för"/><SP WIDTH="16" VPOS="635" HPOS="713"/>
							<String ID="string_166" HPOS="729" VPOS="634" WIDTH="103" HEIGHT="20" WC="0.93" CONTENT="bestämda"/><SP WIDTH="15" VPOS="634" HPOS="832"/>
							<String ID="string_167" HPOS="847" VPOS="635" WIDTH="85" HEIGHT="19" WC="0.92" CONTENT="statsbe-"/>
						</TextLine>
						<TextLine ID="line_19" HPOS="191" VPOS="660" WIDTH="741" HEIGHT="30">
							<String ID="string_168" HPOS="191" VPOS="660" WIDTH="43" HEIGHT="19" WC="0.92" CONTENT="hofs"/><SP WIDTH="16" VPOS="660" HPOS="234"/>
							<String ID="string_169" HPOS="250" VPOS="660" WIDTH="95" HEIGHT="30" WC="0.91" CONTENT="fyllande,"/><SP WIDTH="16" VPOS="660" HPOS="345"/>
							<String ID="string_170" HPOS="361" VPOS="659" WIDTH="21" HEIGHT="20" WC="0.96" CONTENT="så"/><SP WIDTH="19" VPOS="659" HPOS="382"/>
							<String ID="string_171" HPOS="401" VPOS="662" WIDTH="56" HEIGHT="23" WC="0.96" CONTENT="utgör"/><SP WIDTH="17" VPOS="662" HPOS="457"/>
							<String ID="string_172" HPOS="474" VPOS="661" WIDTH="58" HEIGHT="19" WC="0.85" CONTENT="äfven"/><SP WIDTH="15" VPOS="661" HPOS="532"/>
							<String ID="string_173" HPOS="547" VPOS="660" WIDTH="53" HEIGHT="19" WC="0.96" CONTENT="detta"/><SP WIDTH="14" VPOS="660" HPOS="600"/>
							<String ID="string_174" HPOS="614" VPOS="663" WIDTH="29" HEIGHT="16" WC="0.96" CONTENT="ett"/><SP WIDTH="13" VPOS="663" HPOS="643"/>
							<String ID="string_175" HPOS="656" VPOS="661" WIDTH="43" HEIGHT="19" WC="0.94" CONTENT="skäl"/><SP WIDTH="15" VPOS="661" HPOS="699"/>
							<String ID="string_176" HPOS="714" VPOS="663" WIDTH="28" HEIGHT="17" WC="0.95" CONTENT="att"/><SP WIDTH="14" VPOS="663" HPOS="742"/>
							<String ID="string_177" HPOS="756" VPOS="660" WIDTH="58" HEIGHT="20" WC="0.92" CONTENT="ordna"/><SP WIDTH="16" VPOS="660" HPOS="814"/>
							<String ID="string_178" HPOS="830" VPOS="660" WIDTH="102" HEIGHT="20" WC="0.91" CONTENT="förhållan-"/>
						</TextLine>
						<TextLine ID="line_20" HPOS="189" VPOS="674" WIDTH="562" HEIGHT="43">
							<String ID="string_179" HPOS="189" VPOS="686" WIDTH="33" HEIGHT="19" WC="0.96" CONTENT="det"/><SP WIDTH="14" VPOS="686" HPOS="222"/>
							<String ID="string_180" HPOS="236" VPOS="685" WIDTH="22" HEIGHT="20" WC="0.96" CONTENT="så"/><SP WIDTH="15" VPOS="685" HPOS="258"/>
							<String ID="string_181" HPOS="273" VPOS="674" WIDTH="136" HEIGHT="38" WC="0.96" CONTENT="regelmässigt"/><SP WIDTH="14" VPOS="674" HPOS="409"/>
							<String ID="string_182" HPOS="423" VPOS="692" WIDTH="42" HEIGHT="14" WC="0.96" CONTENT="som"/><SP WIDTH="15" VPOS="692" HPOS="465"/>
							<String ID="string_183" HPOS="480" VPOS="686" WIDTH="191" HEIGHT="31" WC="0.96" CONTENT="omständigheterna"/><SP WIDTH="15" VPOS="686" HPOS="671"/>
							<String ID="string_184" HPOS="686" VPOS="686" WIDTH="65" HEIGHT="20" WC="0.96" CONTENT="tillåta."/>
						</TextLine>
					</TextBlock>
					<TextBlock ID="block_3" HPOS="190" VPOS="712" WIDTH="743" HEIGHT="313">
						<TextLine ID="line_21" HPOS="247" VPOS="712" WIDTH="684" HEIGHT="26">
							<String ID="string_185" HPOS="247" VPOS="712" WIDTH="56" HEIGHT="20" WC="0.91" CONTENT="Hvad"/><SP WIDTH="14" VPOS="712" HPOS="303"/>
							<String ID="string_186" HPOS="317" VPOS="712" WIDTH="212" HEIGHT="20" WC="0.91" CONTENT="fabriksbrännerierna"/><SP WIDTH="15" VPOS="712" HPOS="529"/>
							<String ID="string_187" HPOS="544" VPOS="711" WIDTH="58" HEIGHT="26" WC="0.96" CONTENT="angår"/><SP WIDTH="11" VPOS="711" HPOS="602"/>
							<String ID="string_188" HPOS="613" VPOS="713" WIDTH="35" HEIGHT="19" WC="0.96" CONTENT="har"/><SP WIDTH="9" VPOS="713" HPOS="648"/>
							<String ID="string_189" HPOS="657" VPOS="713" WIDTH="106" HEIGHT="19" WC="0.96" CONTENT="Sektionen"/><SP WIDTH="10" VPOS="713" HPOS="763"/>
							<String ID="string_190" HPOS="773" VPOS="715" WIDTH="64" HEIGHT="17" WC="0.96" CONTENT="ansett"/><SP WIDTH="9" VPOS="715" HPOS="837"/>
							<String ID="string_191" HPOS="846" VPOS="712" WIDTH="29" HEIGHT="26" WC="0.96" CONTENT="sig"/><SP WIDTH="9" VPOS="712" HPOS="875"/>
							<String ID="string_192" HPOS="884" VPOS="713" WIDTH="47" HEIGHT="19" WC="0.96" CONTENT="böra"/>
						</TextLine>
						<TextLine ID="line_22" HPOS="190" VPOS="727" WIDTH="741" HEIGHT="37">
							<String ID="string_193" HPOS="190" VPOS="738" WIDTH="26" HEIGHT="20" WC="0.86" CONTENT="till"/><SP WIDTH="19" VPOS="738" HPOS="216"/>
							<String ID="string_194" HPOS="235" VPOS="738" WIDTH="69" HEIGHT="25" WC="0.93" CONTENT="hvarje"/><SP WIDTH="17" VPOS="738" HPOS="304"/>
							<String ID="string_195" HPOS="321" VPOS="738" WIDTH="105" HEIGHT="20" WC="0.96" CONTENT="kommuns"/><SP WIDTH="18" VPOS="738" HPOS="426"/>
							<String ID="string_196" HPOS="444" VPOS="742" WIDTH="45" HEIGHT="21" WC="0.96" CONTENT="eget"/><SP WIDTH="17" VPOS="742" HPOS="489"/>
							<String ID="string_197" HPOS="506" VPOS="727" WIDTH="102" HEIGHT="37" WC="0.91" CONTENT="afgörande"/><SP WIDTH="18" VPOS="727" HPOS="608"/>
							<String ID="string_198" HPOS="626" VPOS="738" WIDTH="130" HEIGHT="26" WC="0.88" CONTENT="öfverlemna,"/><SP WIDTH="22" VPOS="738" HPOS="756"/>
							<String ID="string_199" HPOS="778" VPOS="739" WIDTH="97" HEIGHT="19" WC="0.95" CONTENT="huruvida"/><SP WIDTH="18" VPOS="739" HPOS="875"/>
							<String ID="string_200" HPOS="893" VPOS="739" WIDTH="38" HEIGHT="20" WC="0.96" CONTENT="den"/>
						</TextLine>
						<TextLine ID="line_23" HPOS="191" VPOS="752" WIDTH="741" HEIGHT="33">
							<String ID="string_201" HPOS="191" VPOS="764" WIDTH="31" HEIGHT="20" WC="0.88" CONTENT="vill"/><SP WIDTH="22" VPOS="764" HPOS="222"/>
							<String ID="string_202" HPOS="244" VPOS="764" WIDTH="58" HEIGHT="20" WC="0.88" CONTENT="tillåta"/><SP WIDTH="21" VPOS="764" HPOS="302"/>
							<String ID="string_203" HPOS="323" VPOS="764" WIDTH="116" HEIGHT="20" WC="0.95" CONTENT="inrättandet"/><SP WIDTH="19" VPOS="764" HPOS="439"/>
							<String ID="string_204" HPOS="458" VPOS="765" WIDTH="20" HEIGHT="19" WC="0.92" CONTENT="af"/><SP WIDTH="18" VPOS="765" HPOS="478"/>
							<String ID="string_205" HPOS="496" VPOS="752" WIDTH="164" HEIGHT="32" WC="0.90" CONTENT="fabriksbränneri"/><SP WIDTH="22" VPOS="752" HPOS="660"/>
							<String ID="string_206" HPOS="682" VPOS="766" WIDTH="53" HEIGHT="18" WC="0.91" CONTENT="inom"/><SP WIDTH="18" VPOS="766" HPOS="735"/>
							<String ID="string_207" HPOS="753" VPOS="755" WIDTH="37" HEIGHT="30" WC="0.90" CONTENT="sitt"/><SP WIDTH="17" VPOS="755" HPOS="790"/>
							<String ID="string_208" HPOS="807" VPOS="765" WIDTH="88" HEIGHT="19" WC="0.96" CONTENT="område."/><SP WIDTH="29" VPOS="765" HPOS="895"/>
							<String ID="string_209" HPOS="924" VPOS="766" WIDTH="8" HEIGHT="19" WC="0.94" CONTENT="I"/>
						</TextLine>
						<TextLine ID="line_24" HPOS="193" VPOS="790" WIDTH="739" HEIGHT="26">
							<String ID="string_210" HPOS="193" VPOS="791" WIDTH="52" HEIGHT="19" WC="0.96" CONTENT="detta"/><SP WIDTH="18" VPOS="791" HPOS="245"/>
							<String ID="string_211" HPOS="263" VPOS="791" WIDTH="93" HEIGHT="20" WC="0.38" CONTENT="afseende"/><SP WIDTH="17" VPOS="791" HPOS="356"/>
							<String ID="string_212" HPOS="373" VPOS="792" WIDTH="34" HEIGHT="18" WC="0.96" CONTENT="har"/><SP WIDTH="17" VPOS="792" HPOS="407"/>
							<String ID="string_213" HPOS="424" VPOS="792" WIDTH="57" HEIGHT="19" WC="0.96" CONTENT="likväl"/><SP WIDTH="18" VPOS="792" HPOS="481"/>
							<String ID="string_214" HPOS="499" VPOS="792" WIDTH="98" HEIGHT="24" WC="0.96" CONTENT="undantag"/><SP WIDTH="17" VPOS="792" HPOS="597"/>
							<String ID="string_215" HPOS="614" VPOS="790" WIDTH="62" HEIGHT="26" WC="0.96" CONTENT="gjorts"/><SP WIDTH="16" VPOS="790" HPOS="676"/>
							<String ID="string_216" HPOS="692" VPOS="792" WIDTH="30" HEIGHT="18" WC="0.96" CONTENT="för"/><SP WIDTH="16" VPOS="792" HPOS="722"/>
							<String ID="string_217" HPOS="738" VPOS="792" WIDTH="25" HEIGHT="19" WC="0.96" CONTENT="de"/><SP WIDTH="15" VPOS="792" HPOS="763"/>
							<String ID="string_218" HPOS="778" VPOS="791" WIDTH="71" HEIGHT="24" WC="0.96" CONTENT="städer,"/><SP WIDTH="17" VPOS="791" HPOS="849"/>
							<String ID="string_219" HPOS="866" VPOS="792" WIDTH="66" HEIGHT="19" WC="0.96" CONTENT="hvilka"/>
						</TextLine>
						<TextLine ID="line_25" HPOS="192" VPOS="808" WIDTH="740" HEIGHT="39">
							<String ID="string_220" HPOS="192" VPOS="818" WIDTH="66" HEIGHT="19" WC="0.92" CONTENT="utöfva"/><SP WIDTH="20" VPOS="818" HPOS="258"/>
							<String ID="string_221" HPOS="278" VPOS="818" WIDTH="30" HEIGHT="18" WC="0.93" CONTENT="sin"/><SP WIDTH="20" VPOS="818" HPOS="308"/>
							<String ID="string_222" HPOS="328" VPOS="818" WIDTH="261" HEIGHT="19" WC="0.88" CONTENT="husbehofsbränningsrätt."/><SP WIDTH="33" VPOS="818" HPOS="589"/>
							<String ID="string_223" HPOS="622" VPOS="817" WIDTH="27" HEIGHT="19" WC="0.92" CONTENT="Då"/><SP WIDTH="22" VPOS="817" HPOS="649"/>
							<String ID="string_224" HPOS="671" VPOS="818" WIDTH="95" HEIGHT="26" WC="0.92" CONTENT="nemligen"/><SP WIDTH="21" VPOS="818" HPOS="766"/>
							<String ID="string_225" HPOS="787" VPOS="808" WIDTH="145" HEIGHT="39" WC="0.94" CONTENT="landsbygdens"/>
						</TextLine>
						<TextLine ID="line_26" HPOS="191" VPOS="843" WIDTH="742" HEIGHT="26">
							<String ID="string_226" HPOS="191" VPOS="843" WIDTH="217" HEIGHT="25" WC="0.91" CONTENT="bränvinstillverkning"/><SP WIDTH="14" VPOS="843" HPOS="408"/>
							<String ID="string_227" HPOS="422" VPOS="844" WIDTH="67" HEIGHT="19" WC="0.96" CONTENT="städse"/><SP WIDTH="14" VPOS="844" HPOS="489"/>
							<String ID="string_228" HPOS="503" VPOS="844" WIDTH="4" HEIGHT="19" WC="0.96" CONTENT="i"/><SP WIDTH="35" VPOS="844" HPOS="507"/>
							<String ID="string_229" HPOS="542" VPOS="843" WIDTH="100" HEIGHT="20" WC="0.96" CONTENT="förhållande"/><SP WIDTH="13" VPOS="843" HPOS="642"/>
							<String ID="string_230" HPOS="655" VPOS="844" WIDTH="26" HEIGHT="19" WC="0.96" CONTENT="till"/><SP WIDTH="15" VPOS="844" HPOS="681"/>
							<String ID="string_231" HPOS="696" VPOS="838" WIDTH="118" HEIGHT="31" WC="0.96" CONTENT="efterfrågan"/><SP WIDTH="17" VPOS="838" HPOS="814"/>
							<String ID="string_232" HPOS="831" VPOS="845" WIDTH="38" HEIGHT="18" WC="0.93" CONTENT="och"/><SP WIDTH="14" VPOS="845" HPOS="869"/>
							<String ID="string_233" HPOS="883" VPOS="845" WIDTH="50" HEIGHT="24" WC="0.92" CONTENT="pris-"/>
						</TextLine>
						<TextLine ID="line_27" HPOS="191" VPOS="856" WIDTH="739" HEIGHT="43">
							<String ID="string_234" HPOS="191" VPOS="869" WIDTH="55" HEIGHT="20" WC="0.96" CONTENT="stånd"/><SP WIDTH="19" VPOS="869" HPOS="246"/>
							<String ID="string_235" HPOS="265" VPOS="870" WIDTH="59" HEIGHT="19" WC="0.96" CONTENT="söker"/><SP WIDTH="16" VPOS="870" HPOS="324"/>
							<String ID="string_236" HPOS="340" VPOS="871" WIDTH="29" HEIGHT="22" WC="0.93" CONTENT="sig"/><SP WIDTH="18" VPOS="871" HPOS="369"/>
							<String ID="string_237" HPOS="387" VPOS="870" WIDTH="104" HEIGHT="24" WC="0.92" CONTENT="afsättning"/><SP WIDTH="17" VPOS="870" HPOS="491"/>
							<String ID="string_238" HPOS="508" VPOS="871" WIDTH="4" HEIGHT="18" WC="0.96" CONTENT="i"/><SP WIDTH="16" VPOS="871" HPOS="512"/>
							<String ID="string_239" HPOS="528" VPOS="870" WIDTH="102" HEIGHT="25" WC="0.96" CONTENT="städerna,"/><SP WIDTH="16" VPOS="870" HPOS="630"/>
							<String ID="string_240" HPOS="646" VPOS="873" WIDTH="51" HEIGHT="16" WC="0.96" CONTENT="samt"/><SP WIDTH="13" VPOS="873" HPOS="697"/>
							<String ID="string_241" HPOS="710" VPOS="871" WIDTH="25" HEIGHT="20" WC="0.96" CONTENT="de"/><SP WIDTH="15" VPOS="871" HPOS="735"/>
							<String ID="string_242" HPOS="750" VPOS="856" WIDTH="180" HEIGHT="43" WC="0.75" CONTENT="stadskommuner,"/>
						</TextLine>
						<TextLine ID="line_28" HPOS="191" VPOS="882" WIDTH="741" HEIGHT="44">
							<String ID="string_243" HPOS="191" VPOS="896" WIDTH="66" HEIGHT="20" WC="0.96" CONTENT="hvilka"/><SP WIDTH="15" VPOS="896" HPOS="257"/>
							<String ID="string_244" HPOS="272" VPOS="895" WIDTH="69" HEIGHT="26" WC="0.95" CONTENT="sjelfva"/><SP WIDTH="15" VPOS="895" HPOS="341"/>
							<String ID="string_245" HPOS="356" VPOS="897" WIDTH="87" HEIGHT="24" WC="0.95" CONTENT="begagna"/><SP WIDTH="16" VPOS="897" HPOS="443"/>
							<String ID="string_246" HPOS="459" VPOS="896" WIDTH="30" HEIGHT="25" WC="0.96" CONTENT="sig"/><SP WIDTH="14" VPOS="896" HPOS="489"/>
							<String ID="string_247" HPOS="503" VPOS="897" WIDTH="20" HEIGHT="19" WC="0.96" CONTENT="af"/><SP WIDTH="14" VPOS="897" HPOS="523"/>
							<String ID="string_248" HPOS="537" VPOS="897" WIDTH="29" HEIGHT="19" WC="0.96" CONTENT="sin"/><SP WIDTH="14" VPOS="897" HPOS="566"/>
							<String ID="string_249" HPOS="580" VPOS="882" WIDTH="150" HEIGHT="44" WC="0.90" CONTENT="bränningsrätt,"/><SP WIDTH="16" VPOS="882" HPOS="730"/>
							<String ID="string_250" HPOS="746" VPOS="897" WIDTH="112" HEIGHT="25" WC="0.91" CONTENT="derigenom"/><SP WIDTH="9" VPOS="897" HPOS="858"/>
							<String ID="string_251" HPOS="867" VPOS="887" WIDTH="65" HEIGHT="30" WC="0.96" CONTENT="måste"/>
						</TextLine>
						<TextLine ID="line_29" HPOS="191" VPOS="922" WIDTH="742" HEIGHT="25">
							<String ID="string_252" HPOS="191" VPOS="927" WIDTH="59" HEIGHT="14" WC="0.96" CONTENT="anses"/><SP WIDTH="14" VPOS="927" HPOS="250"/>
							<String ID="string_253" HPOS="264" VPOS="923" WIDTH="58" HEIGHT="18" WC="0.96" CONTENT="hafva"/><SP WIDTH="14" VPOS="923" HPOS="322"/>
							<String ID="string_254" HPOS="336" VPOS="922" WIDTH="69" HEIGHT="19" WC="0.96" CONTENT="uttalat"/><SP WIDTH="14" VPOS="922" HPOS="405"/>
							<String ID="string_255" HPOS="419" VPOS="923" WIDTH="37" HEIGHT="18" WC="0.92" CONTENT="den"/><SP WIDTH="16" VPOS="923" HPOS="456"/>
							<String ID="string_256" HPOS="472" VPOS="922" WIDTH="59" HEIGHT="25" WC="0.92" CONTENT="äsigt,"/><SP WIDTH="16" VPOS="922" HPOS="531"/>
							<String ID="string_257" HPOS="547" VPOS="925" WIDTH="27" HEIGHT="16" WC="0.96" CONTENT="att"/><SP WIDTH="15" VPOS="925" HPOS="574"/>
							<String ID="string_258" HPOS="589" VPOS="927" WIDTH="59" HEIGHT="14" WC="0.96" CONTENT="varan"/><SP WIDTH="15" VPOS="927" HPOS="648"/>
							<String ID="string_259" HPOS="663" VPOS="923" WIDTH="56" HEIGHT="24" WC="0.96" CONTENT="utgör"/><SP WIDTH="15" VPOS="923" HPOS="719"/>
							<String ID="string_260" HPOS="734" VPOS="926" WIDTH="27" HEIGHT="17" WC="0.96" CONTENT="ett"/><SP WIDTH="14" VPOS="926" HPOS="761"/>
							<String ID="string_261" HPOS="775" VPOS="923" WIDTH="29" HEIGHT="19" WC="0.96" CONTENT="för"/><SP WIDTH="14" VPOS="923" HPOS="804"/>
							<String ID="string_262" HPOS="818" VPOS="926" WIDTH="55" HEIGHT="17" WC="0.93" CONTENT="orten"/><SP WIDTH="13" VPOS="926" HPOS="873"/>
							<String ID="string_263" HPOS="886" VPOS="924" WIDTH="47" HEIGHT="19" WC="0.92" CONTENT="nöd-"/>
						</TextLine>
						<TextLine ID="line_30" HPOS="191" VPOS="948" WIDTH="741" HEIGHT="25">
							<String ID="string_264" HPOS="191" VPOS="948" WIDTH="80" HEIGHT="25" WC="0.91" CONTENT="vändigt"/><SP WIDTH="19" VPOS="948" HPOS="271"/>
							<String ID="string_265" HPOS="290" VPOS="948" WIDTH="229" HEIGHT="24" WC="0.90" CONTENT="konsumtionsföremål,"/><SP WIDTH="20" VPOS="948" HPOS="519"/>
							<String ID="string_266" HPOS="539" VPOS="948" WIDTH="21" HEIGHT="20" WC="0.96" CONTENT="så"/><SP WIDTH="19" VPOS="948" HPOS="560"/>
							<String ID="string_267" HPOS="579" VPOS="949" WIDTH="61" HEIGHT="18" WC="0.95" CONTENT="finnes"/><SP WIDTH="19" VPOS="949" HPOS="640"/>
							<String ID="string_268" HPOS="659" VPOS="949" WIDTH="27" HEIGHT="19" WC="0.96" CONTENT="för"/><SP WIDTH="18" VPOS="949" HPOS="686"/>
							<String ID="string_269" HPOS="704" VPOS="949" WIDTH="61" HEIGHT="20" WC="0.95" CONTENT="sådan"/><SP WIDTH="15" VPOS="949" HPOS="765"/>
							<String ID="string_270" HPOS="780" VPOS="950" WIDTH="92" HEIGHT="19" WC="0.96" CONTENT="kommun"/><SP WIDTH="16" VPOS="950" HPOS="872"/>
							<String ID="string_271" HPOS="888" VPOS="950" WIDTH="44" HEIGHT="19" WC="0.96" CONTENT="icke"/>
						</TextLine>
						<TextLine ID="line_31" HPOS="190" VPOS="973" WIDTH="743" HEIGHT="27">
							<String ID="string_272" HPOS="190" VPOS="973" WIDTH="59" HEIGHT="26" WC="0.96" CONTENT="något"/><SP WIDTH="13" VPOS="973" HPOS="249"/>
							<String ID="string_273" HPOS="262" VPOS="975" WIDTH="62" HEIGHT="25" WC="0.96" CONTENT="giltigt"/><SP WIDTH="14" VPOS="975" HPOS="324"/>
							<String ID="string_274" HPOS="338" VPOS="975" WIDTH="39" HEIGHT="19" WC="0.96" CONTENT="skäl"/><SP WIDTH="15" VPOS="975" HPOS="377"/>
							<String ID="string_275" HPOS="392" VPOS="977" WIDTH="27" HEIGHT="17" WC="0.96" CONTENT="att"/><SP WIDTH="15" VPOS="977" HPOS="419"/>
							<String ID="string_276" HPOS="434" VPOS="976" WIDTH="92" HEIGHT="19" WC="0.96" CONTENT="motsätta"/><SP WIDTH="14" VPOS="976" HPOS="526"/>
							<String ID="string_277" HPOS="540" VPOS="975" WIDTH="29" HEIGHT="25" WC="0.93" CONTENT="sig"/><SP WIDTH="7" VPOS="975" HPOS="569"/>
							<String ID="string_278" HPOS="576" VPOS="975" WIDTH="73" HEIGHT="24" WC="0.93" CONTENT="jemväl"/><SP WIDTH="11" VPOS="975" HPOS="649"/>
							<String ID="string_279" HPOS="660" VPOS="975" WIDTH="201" HEIGHT="20" WC="0.91" CONTENT="fabriksbränneriers"/><SP WIDTH="10" VPOS="975" HPOS="861"/>
							<String ID="string_280" HPOS="871" VPOS="977" WIDTH="62" HEIGHT="18" WC="0.93" CONTENT="inrät-"/>
						</TextLine>
						<TextLine ID="line_32" HPOS="192" VPOS="1000" WIDTH="258" HEIGHT="25">
							<String ID="string_281" HPOS="192" VPOS="1001" WIDTH="56" HEIGHT="18" WC="0.96" CONTENT="tande"/><SP WIDTH="14" VPOS="1001" HPOS="248"/>
							<String ID="string_282" HPOS="262" VPOS="1000" WIDTH="24" HEIGHT="25" WC="0.96" CONTENT="pä"/><SP WIDTH="14" VPOS="1000" HPOS="286"/>
							<String ID="string_283" HPOS="300" VPOS="1001" WIDTH="48" HEIGHT="19" WC="0.94" CONTENT="dess"/><SP WIDTH="14" VPOS="1001" HPOS="348"/>
							<String ID="string_284" HPOS="362" VPOS="1000" WIDTH="88" HEIGHT="20" WC="0.96" CONTENT="område."/>
						</TextLine>
					</TextBlock>
					<TextBlock ID="block_4" HPOS="191" VPOS="1027" WIDTH="742" HEIGHT="176">
						<TextLine ID="line_33" HPOS="244" VPOS="1027" WIDTH="688" HEIGHT="27">
							<String ID="string_285" HPOS="244" VPOS="1027" WIDTH="32" HEIGHT="19" WC="0.96" CONTENT="Att"/><SP WIDTH="14" VPOS="1027" HPOS="276"/>
							<String ID="string_286" HPOS="290" VPOS="1027" WIDTH="57" HEIGHT="19" WC="0.90" CONTENT="binda"/><SP WIDTH="14" VPOS="1027" HPOS="347"/>
							<String ID="string_287" HPOS="361" VPOS="1027" WIDTH="213" HEIGHT="20" WC="0.90" CONTENT="fabriksbrännerierna"/><SP WIDTH="16" VPOS="1027" HPOS="574"/>
							<String ID="string_288" HPOS="590" VPOS="1027" WIDTH="31" HEIGHT="20" WC="0.96" CONTENT="vid"/><SP WIDTH="15" VPOS="1027" HPOS="621"/>
							<String ID="string_289" HPOS="636" VPOS="1027" WIDTH="36" HEIGHT="20" WC="0.96" CONTENT="den"/><SP WIDTH="15" VPOS="1027" HPOS="672"/>
							<String ID="string_290" HPOS="687" VPOS="1027" WIDTH="29" HEIGHT="19" WC="0.93" CONTENT="för"/><SP WIDTH="11" VPOS="1027" HPOS="716"/>
							<String ID="string_291" HPOS="727" VPOS="1028" WIDTH="205" HEIGHT="26" WC="0.90" CONTENT="husbehofsbränning"/>
						</TextLine>
						<TextLine ID="line_34" HPOS="192" VPOS="1043" WIDTH="741" HEIGHT="34">
							<String ID="string_292" HPOS="192" VPOS="1051" WIDTH="93" HEIGHT="26" WC="0.96" CONTENT="stadgade"/><SP WIDTH="15" VPOS="1051" HPOS="285"/>
							<String ID="string_293" HPOS="300" VPOS="1054" WIDTH="70" HEIGHT="19" WC="0.96" CONTENT="termin"/><SP WIDTH="16" VPOS="1054" HPOS="370"/>
							<String ID="string_294" HPOS="386" VPOS="1054" WIDTH="46" HEIGHT="20" WC="0.96" CONTENT="eller"/><SP WIDTH="14" VPOS="1054" HPOS="432"/>
							<String ID="string_295" HPOS="446" VPOS="1053" WIDTH="60" HEIGHT="20" WC="0.96" CONTENT="årstid"/><SP WIDTH="15" VPOS="1053" HPOS="506"/>
							<String ID="string_296" HPOS="521" VPOS="1055" WIDTH="35" HEIGHT="17" WC="0.96" CONTENT="har"/><SP WIDTH="15" VPOS="1055" HPOS="556"/>
							<String ID="string_297" HPOS="571" VPOS="1053" WIDTH="103" HEIGHT="20" WC="0.96" CONTENT="Sektionen"/><SP WIDTH="15" VPOS="1053" HPOS="674"/>
							<String ID="string_298" HPOS="689" VPOS="1057" WIDTH="65" HEIGHT="16" WC="0.96" CONTENT="ansett"/><SP WIDTH="14" VPOS="1057" HPOS="754"/>
							<String ID="string_299" HPOS="768" VPOS="1060" WIDTH="47" HEIGHT="13" WC="0.96" CONTENT="vara"/><SP WIDTH="14" VPOS="1060" HPOS="815"/>
							<String ID="string_300" HPOS="829" VPOS="1055" WIDTH="46" HEIGHT="18" WC="0.96" CONTENT="icke"/><SP WIDTH="13" VPOS="1055" HPOS="875"/>
							<String ID="string_301" HPOS="888" VPOS="1043" WIDTH="45" HEIGHT="31" WC="0.89" CONTENT="alle-"/>
						</TextLine>
						<TextLine ID="line_35" HPOS="191" VPOS="1078" WIDTH="741" HEIGHT="27">
							<String ID="string_302" HPOS="191" VPOS="1082" WIDTH="45" HEIGHT="16" WC="0.95" CONTENT="nast"/><SP WIDTH="21" VPOS="1082" HPOS="236"/>
							<String ID="string_303" HPOS="257" VPOS="1079" WIDTH="77" HEIGHT="26" WC="0.93" CONTENT="onödigt"/><SP WIDTH="22" VPOS="1079" HPOS="334"/>
							<String ID="string_304" HPOS="356" VPOS="1082" WIDTH="44" HEIGHT="17" WC="0.93" CONTENT="utan"/><SP WIDTH="21" VPOS="1082" HPOS="400"/>
							<String ID="string_305" HPOS="421" VPOS="1078" WIDTH="96" HEIGHT="26" WC="0.91" CONTENT="derjemte"/><SP WIDTH="21" VPOS="1078" HPOS="517"/>
							<String ID="string_306" HPOS="538" VPOS="1080" WIDTH="136" HEIGHT="19" WC="0.32" CONTENT="föranledande"/><SP WIDTH="14" VPOS="1080" HPOS="674"/>
							<String ID="string_307" HPOS="688" VPOS="1080" WIDTH="26" HEIGHT="19" WC="0.96" CONTENT="till"/><SP WIDTH="15" VPOS="1080" HPOS="714"/>
							<String ID="string_308" HPOS="729" VPOS="1081" WIDTH="95" HEIGHT="24" WC="0.92" CONTENT="betydligt"/><SP WIDTH="15" VPOS="1081" HPOS="824"/>
							<String ID="string_309" HPOS="839" VPOS="1081" WIDTH="93" HEIGHT="20" WC="0.60" CONTENT="förökale"/>
						</TextLine>
						<TextLine ID="line_36" HPOS="191" VPOS="1105" WIDTH="742" HEIGHT="21">
							<String ID="string_310" HPOS="191" VPOS="1105" WIDTH="109" HEIGHT="20" WC="0.96" CONTENT="kostnader"/><SP WIDTH="19" VPOS="1105" HPOS="300"/>
							<String ID="string_311" HPOS="319" VPOS="1106" WIDTH="5" HEIGHT="18" WC="0.95" CONTENT="i"/><SP WIDTH="20" VPOS="1106" HPOS="324"/>
							<String ID="string_312" HPOS="344" VPOS="1107" WIDTH="38" HEIGHT="18" WC="0.96" CONTENT="och"/><SP WIDTH="19" VPOS="1107" HPOS="382"/>
							<String ID="string_313" HPOS="401" VPOS="1106" WIDTH="30" HEIGHT="18" WC="0.91" CONTENT="för"/><SP WIDTH="21" VPOS="1106" HPOS="431"/>
							<String ID="string_314" HPOS="452" VPOS="1106" WIDTH="116" HEIGHT="19" WC="0.92" CONTENT="kontrollen."/><SP WIDTH="30" VPOS="1106" HPOS="568"/>
							<String ID="string_315" HPOS="598" VPOS="1106" WIDTH="102" HEIGHT="19" WC="0.51" CONTENT="Likaledes"/><SP WIDTH="18" VPOS="1106" HPOS="700"/>
							<String ID="string_316" HPOS="718" VPOS="1107" WIDTH="34" HEIGHT="18" WC="0.93" CONTENT="har"/><SP WIDTH="15" VPOS="1107" HPOS="752"/>
							<String ID="string_317" HPOS="767" VPOS="1107" WIDTH="107" HEIGHT="18" WC="0.96" CONTENT="Sektionen"/><SP WIDTH="14" VPOS="1107" HPOS="874"/>
							<String ID="string_318" HPOS="888" VPOS="1107" WIDTH="45" HEIGHT="19" WC="0.96" CONTENT="icke"/>
						</TextLine>
						<TextLine ID="line_37" HPOS="191" VPOS="1130" WIDTH="741" HEIGHT="26">
							<String ID="string_319" HPOS="191" VPOS="1133" WIDTH="39" HEIGHT="17" WC="0.92" CONTENT="sett"/><SP WIDTH="17" VPOS="1133" HPOS="230"/>
							<String ID="string_320" HPOS="247" VPOS="1130" WIDTH="58" HEIGHT="26" WC="0.92" CONTENT="nägot"/><SP WIDTH="17" VPOS="1130" HPOS="305"/>
							<String ID="string_321" HPOS="322" VPOS="1132" WIDTH="51" HEIGHT="24" WC="0.93" CONTENT="skäl,"/><SP WIDTH="19" VPOS="1132" HPOS="373"/>
							<String ID="string_322" HPOS="392" VPOS="1132" WIDTH="91" HEIGHT="19" WC="0.92" CONTENT="hvarföre"/><SP WIDTH="17" VPOS="1132" HPOS="483"/>
							<String ID="string_323" HPOS="500" VPOS="1132" WIDTH="44" HEIGHT="19" WC="0.88" CONTENT="icke"/><SP WIDTH="19" VPOS="1132" HPOS="544"/>
							<String ID="string_324" HPOS="563" VPOS="1132" WIDTH="196" HEIGHT="20" WC="0.92" CONTENT="stadsbrännerierna"/><SP WIDTH="19" VPOS="1132" HPOS="759"/>
							<String ID="string_325" HPOS="778" VPOS="1132" WIDTH="64" HEIGHT="20" WC="0.93" CONTENT="kunde"/><SP WIDTH="19" VPOS="1132" HPOS="842"/>
							<String ID="string_326" HPOS="861" VPOS="1133" WIDTH="71" HEIGHT="19" WC="0.92" CONTENT="tillätas"/>
						</TextLine>
						<TextLine ID="line_38" HPOS="191" VPOS="1148" WIDTH="741" HEIGHT="37">
							<String ID="string_327" HPOS="191" VPOS="1158" WIDTH="89" HEIGHT="19" WC="0.86" CONTENT="fortsätta"/><SP WIDTH="20" VPOS="1158" HPOS="280"/>
							<String ID="string_328" HPOS="300" VPOS="1158" WIDTH="29" HEIGHT="19" WC="0.96" CONTENT="sin"/><SP WIDTH="18" VPOS="1158" HPOS="329"/>
							<String ID="string_329" HPOS="347" VPOS="1148" WIDTH="92" HEIGHT="35" WC="0.92" CONTENT="bränning"/><SP WIDTH="16" VPOS="1148" HPOS="439"/>
							<String ID="string_330" HPOS="455" VPOS="1158" WIDTH="45" HEIGHT="20" WC="0.94" CONTENT="intill"/><SP WIDTH="18" VPOS="1158" HPOS="500"/>
							<String ID="string_331" HPOS="518" VPOS="1158" WIDTH="47" HEIGHT="20" WC="0.90" CONTENT="dess"/><SP WIDTH="14" VPOS="1158" HPOS="565"/>
							<String ID="string_332" HPOS="579" VPOS="1158" WIDTH="33" HEIGHT="20" WC="0.96" CONTENT="det"/><SP WIDTH="15" VPOS="1158" HPOS="612"/>
							<String ID="string_333" HPOS="627" VPOS="1158" WIDTH="29" HEIGHT="19" WC="0.97" CONTENT="för"/><SP WIDTH="14" VPOS="1158" HPOS="656"/>
							<String ID="string_334" HPOS="670" VPOS="1158" WIDTH="45" HEIGHT="21" WC="0.93" CONTENT="dem"/><SP WIDTH="14" VPOS="1158" HPOS="715"/>
							<String ID="string_335" HPOS="729" VPOS="1159" WIDTH="97" HEIGHT="25" WC="0.92" CONTENT="medgifna"/><SP WIDTH="14" VPOS="1159" HPOS="826"/>
							<String ID="string_336" HPOS="840" VPOS="1160" WIDTH="92" HEIGHT="25" WC="0.96" CONTENT="beloppet"/>
						</TextLine>
						<TextLine ID="line_39" HPOS="191" VPOS="1184" WIDTH="189" HEIGHT="19">
							<String ID="string_337" HPOS="191" VPOS="1184" WIDTH="68" HEIGHT="19" WC="0.96" CONTENT="hunnit"/><SP WIDTH="14" VPOS="1184" HPOS="259"/>
							<String ID="string_338" HPOS="273" VPOS="1184" WIDTH="107" HEIGHT="19" WC="0.96" CONTENT="tillverkas."/>
						</TextLine>
					</TextBlock>
					<TextBlock ID="block_5" HPOS="189" VPOS="1211" WIDTH="744" HEIGHT="181">
						<TextLine ID="line_40" HPOS="244" VPOS="1211" WIDTH="688" HEIGHT="24">
							<String ID="string_339" HPOS="244" VPOS="1211" WIDTH="69" HEIGHT="18" WC="0.92" CONTENT="Ehuru"/><SP WIDTH="14" VPOS="1211" HPOS="313"/>
							<String ID="string_340" HPOS="327" VPOS="1211" WIDTH="104" HEIGHT="19" WC="0.95" CONTENT="Sektionen"/><SP WIDTH="17" VPOS="1211" HPOS="431"/>
							<String ID="string_341" HPOS="448" VPOS="1211" WIDTH="3" HEIGHT="18" WC="0.95" CONTENT="i"/><SP WIDTH="15" VPOS="1211" HPOS="451"/>
							<String ID="string_342" HPOS="466" VPOS="1211" WIDTH="105" HEIGHT="20" WC="0.95" CONTENT="allmänhet"/><SP WIDTH="12" VPOS="1211" HPOS="571"/>
							<String ID="string_343" HPOS="583" VPOS="1211" WIDTH="45" HEIGHT="19" WC="0.96" CONTENT="icke"/><SP WIDTH="15" VPOS="1211" HPOS="628"/>
							<String ID="string_344" HPOS="643" VPOS="1211" WIDTH="60" HEIGHT="20" WC="0.96" CONTENT="funnit"/><SP WIDTH="13" VPOS="1211" HPOS="703"/>
							<String ID="string_345" HPOS="716" VPOS="1211" WIDTH="42" HEIGHT="20" WC="0.95" CONTENT="skäl"/><SP WIDTH="15" VPOS="1211" HPOS="758"/>
							<String ID="string_346" HPOS="773" VPOS="1214" WIDTH="28" HEIGHT="16" WC="0.96" CONTENT="att"/><SP WIDTH="13" VPOS="1214" HPOS="801"/>
							<String ID="string_347" HPOS="814" VPOS="1211" WIDTH="69" HEIGHT="24" WC="0.96" CONTENT="frångå"/><SP WIDTH="10" VPOS="1211" HPOS="883"/>
							<String ID="string_348" HPOS="893" VPOS="1213" WIDTH="39" HEIGHT="19" WC="0.96" CONTENT="Jen"/>
						</TextLine>
						<TextLine ID="line_41" HPOS="192" VPOS="1235" WIDTH="741" HEIGHT="26">
							<String ID="string_349" HPOS="192" VPOS="1237" WIDTH="5" HEIGHT="17" WC="0.96" CONTENT="i"/><SP WIDTH="14" VPOS="1237" HPOS="197"/>
							<String ID="string_350" HPOS="211" VPOS="1235" WIDTH="36" HEIGHT="19" WC="0.96" CONTENT="vår"/><SP WIDTH="15" VPOS="1235" HPOS="247"/>
							<String ID="string_351" HPOS="262" VPOS="1237" WIDTH="118" HEIGHT="23" WC="0.93" CONTENT="lagstiftning"/><SP WIDTH="15" VPOS="1237" HPOS="380"/>
							<String ID="string_352" HPOS="395" VPOS="1237" WIDTH="74" HEIGHT="18" WC="0.89" CONTENT="härtills"/><SP WIDTH="14" VPOS="1237" HPOS="469"/>
							<String ID="string_353" HPOS="483" VPOS="1236" WIDTH="57" HEIGHT="23" WC="0.93" CONTENT="följda"/><SP WIDTH="15" VPOS="1236" HPOS="540"/>
							<String ID="string_354" HPOS="555" VPOS="1237" WIDTH="129" HEIGHT="24" WC="0.91" CONTENT="grundsatsen"/><SP WIDTH="15" VPOS="1237" HPOS="684"/>
							<String ID="string_355" HPOS="699" VPOS="1239" WIDTH="28" HEIGHT="16" WC="0.96" CONTENT="att"/><SP WIDTH="17" VPOS="1239" HPOS="727"/>
							<String ID="string_356" HPOS="744" VPOS="1237" WIDTH="83" HEIGHT="19" WC="0.96" CONTENT="bränvin"/><SP WIDTH="16" VPOS="1237" HPOS="827"/>
							<String ID="string_357" HPOS="843" VPOS="1238" WIDTH="44" HEIGHT="18" WC="0.96" CONTENT="icke"/><SP WIDTH="13" VPOS="1238" HPOS="887"/>
							<String ID="string_358" HPOS="900" VPOS="1236" WIDTH="33" HEIGHT="20" WC="0.96" CONTENT="må"/>
						</TextLine>
						<TextLine ID="line_42" HPOS="192" VPOS="1259" WIDTH="740" HEIGHT="38">
							<String ID="string_359" HPOS="192" VPOS="1261" WIDTH="28" HEIGHT="19" WC="0.91" CONTENT="för"/><SP WIDTH="20" VPOS="1261" HPOS="220"/>
							<String ID="string_360" HPOS="240" VPOS="1261" WIDTH="122" HEIGHT="25" WC="0.91" CONTENT="afhemtning"/><SP WIDTH="22" VPOS="1261" HPOS="362"/>
							<String ID="string_361" HPOS="384" VPOS="1262" WIDTH="126" HEIGHT="19" WC="0.91" CONTENT="utminuteras"/><SP WIDTH="18" VPOS="1262" HPOS="510"/>
							<String ID="string_362" HPOS="528" VPOS="1262" WIDTH="24" HEIGHT="19" WC="0.96" CONTENT="till"/><SP WIDTH="19" VPOS="1262" HPOS="552"/>
							<String ID="string_363" HPOS="571" VPOS="1262" WIDTH="75" HEIGHT="19" WC="0.95" CONTENT="mindre"/><SP WIDTH="16" VPOS="1262" HPOS="646"/>
							<String ID="string_364" HPOS="662" VPOS="1263" WIDTH="72" HEIGHT="28" WC="0.96" CONTENT="belopp"/><SP WIDTH="18" VPOS="1263" HPOS="734"/>
							<String ID="string_365" HPOS="752" VPOS="1264" WIDTH="23" HEIGHT="17" WC="0.96" CONTENT="än"/><SP WIDTH="15" VPOS="1264" HPOS="775"/>
							<String ID="string_366" HPOS="790" VPOS="1268" WIDTH="22" HEIGHT="13" WC="0.96" CONTENT="en"/><SP WIDTH="15" VPOS="1268" HPOS="812"/>
							<String ID="string_367" HPOS="827" VPOS="1259" WIDTH="105" HEIGHT="38" WC="0.92" CONTENT="fjerdedels"/>
						</TextLine>
						<TextLine ID="line_43" HPOS="189" VPOS="1287" WIDTH="742" HEIGHT="27">
							<String ID="string_368" HPOS="189" VPOS="1287" WIDTH="63" HEIGHT="18" WC="0.96" CONTENT="kanna"/><SP WIDTH="15" VPOS="1287" HPOS="252"/>
							<String ID="string_369" HPOS="267" VPOS="1290" WIDTH="50" HEIGHT="15" WC="0.95" CONTENT="samt"/><SP WIDTH="14" VPOS="1290" HPOS="317"/>
							<String ID="string_370" HPOS="331" VPOS="1290" WIDTH="27" HEIGHT="16" WC="0.95" CONTENT="att"/><SP WIDTH="14" VPOS="1290" HPOS="358"/>
							<String ID="string_371" HPOS="372" VPOS="1287" WIDTH="129" HEIGHT="25" WC="0.95" CONTENT="utskänkning"/><SP WIDTH="14" VPOS="1287" HPOS="501"/>
							<String ID="string_372" HPOS="515" VPOS="1288" WIDTH="24" HEIGHT="19" WC="0.92" CONTENT="tili"/><SP WIDTH="16" VPOS="1288" HPOS="539"/>
							<String ID="string_373" HPOS="555" VPOS="1288" WIDTH="93" HEIGHT="24" WC="0.93" CONTENT="förtäring"/><SP WIDTH="14" VPOS="1288" HPOS="648"/>
							<String ID="string_374" HPOS="662" VPOS="1287" WIDTH="10" HEIGHT="19" WC="0.93" CONTENT="å"/><SP WIDTH="15" VPOS="1287" HPOS="672"/>
							<String ID="string_375" HPOS="687" VPOS="1288" WIDTH="65" HEIGHT="19" WC="0.96" CONTENT="stället"/><SP WIDTH="14" VPOS="1288" HPOS="752"/>
							<String ID="string_376" HPOS="766" VPOS="1288" WIDTH="71" HEIGHT="20" WC="0.96" CONTENT="endast"/><SP WIDTH="13" VPOS="1288" HPOS="837"/>
							<String ID="string_377" HPOS="850" VPOS="1289" WIDTH="32" HEIGHT="19" WC="0.96" CONTENT="må"/><SP WIDTH="15" VPOS="1289" HPOS="882"/>
							<String ID="string_378" HPOS="897" VPOS="1291" WIDTH="34" HEIGHT="23" WC="0.96" CONTENT="äga"/>
						</TextLine>
						<TextLine ID="line_44" HPOS="191" VPOS="1302" WIDTH="741" HEIGHT="43">
							<String ID="string_379" HPOS="191" VPOS="1319" WIDTH="45" HEIGHT="13" WC="0.96" CONTENT="rum"/><SP WIDTH="13" VPOS="1319" HPOS="236"/>
							<String ID="string_380" HPOS="249" VPOS="1312" WIDTH="25" HEIGHT="20" WC="0.96" CONTENT="då"/><SP WIDTH="14" VPOS="1312" HPOS="274"/>
							<String ID="string_381" HPOS="288" VPOS="1316" WIDTH="40" HEIGHT="16" WC="0.95" CONTENT="mat"/><SP WIDTH="14" VPOS="1316" HPOS="328"/>
							<String ID="string_382" HPOS="342" VPOS="1313" WIDTH="58" HEIGHT="20" WC="0.93" CONTENT="tillika"/><SP WIDTH="14" VPOS="1313" HPOS="400"/>
							<String ID="string_383" HPOS="414" VPOS="1311" WIDTH="97" HEIGHT="27" WC="0.91" CONTENT="utspisas,"/><SP WIDTH="17" VPOS="1311" HPOS="511"/>
							<String ID="string_384" HPOS="528" VPOS="1314" WIDTH="35" HEIGHT="19" WC="0.95" CONTENT="har"/><SP WIDTH="13" VPOS="1314" HPOS="563"/>
							<String ID="string_385" HPOS="576" VPOS="1313" WIDTH="57" HEIGHT="21" WC="0.93" CONTENT="likväl"/><SP WIDTH="4" VPOS="1313" HPOS="633"/>
							<String ID="string_386" HPOS="637" VPOS="1302" WIDTH="147" HEIGHT="37" WC="0.63" CONTENT="&quot;undantagsvis"/><SP WIDTH="10" VPOS="1302" HPOS="784"/>
							<String ID="string_387" HPOS="794" VPOS="1304" WIDTH="138" HEIGHT="41" WC="0.90" CONTENT="medgifvande"/>
						</TextLine>
						<TextLine ID="line_45" HPOS="191" VPOS="1330" WIDTH="741" HEIGHT="36">
							<String ID="string_388" HPOS="191" VPOS="1339" WIDTH="21" HEIGHT="19" WC="0.95" CONTENT="af"/><SP WIDTH="12" VPOS="1339" HPOS="212"/>
							<String ID="string_389" HPOS="224" VPOS="1345" WIDTH="23" HEIGHT="13" WC="0.96" CONTENT="en"/><SP WIDTH="15" VPOS="1345" HPOS="247"/>
							<String ID="string_390" HPOS="262" VPOS="1339" WIDTH="76" HEIGHT="20" WC="0.96" CONTENT="mindre"/><SP WIDTH="15" VPOS="1339" HPOS="338"/>
							<String ID="string_391" HPOS="353" VPOS="1339" WIDTH="100" HEIGHT="21" WC="0.96" CONTENT="inskränkt"/><SP WIDTH="11" VPOS="1339" HPOS="453"/>
							<String ID="string_392" HPOS="464" VPOS="1330" WIDTH="130" HEIGHT="35" WC="0.95" CONTENT="utskänkning;"/><SP WIDTH="2" VPOS="1330" HPOS="594"/>
							<String ID="string_393" HPOS="596" VPOS="1341" WIDTH="49" HEIGHT="18" WC="0.82" CONTENT="srält"/><SP WIDTH="9" VPOS="1341" HPOS="645"/>
							<String ID="string_394" HPOS="654" VPOS="1343" WIDTH="75" HEIGHT="17" WC="0.90" CONTENT="ansetts"/><SP WIDTH="0" VPOS="1343" HPOS="729"/>
							<String ID="string_395" HPOS="729" VPOS="1329" WIDTH="73" HEIGHT="31" WC="0.96" CONTENT="kunna"/><SP WIDTH="11" VPOS="1329" HPOS="802"/>
							<String ID="string_396" HPOS="813" VPOS="1342" WIDTH="58" HEIGHT="24" WC="0.96" CONTENT="göras"/><SP WIDTH="10" VPOS="1342" HPOS="871"/>
							<String ID="string_397" HPOS="881" VPOS="1341" WIDTH="51" HEIGHT="20" WC="0.95" CONTENT="hvad"/>
						</TextLine>
						<TextLine ID="line_46" HPOS="192" VPOS="1353" WIDTH="740" HEIGHT="39">
							<String ID="string_398" HPOS="192" VPOS="1366" WIDTH="90" HEIGHT="19" WC="0.96" CONTENT="städerna"/><SP WIDTH="10" VPOS="1366" HPOS="282"/>
							<String ID="string_399" HPOS="292" VPOS="1365" WIDTH="68" HEIGHT="26" WC="0.94" CONTENT="angår."/><SP WIDTH="22" VPOS="1365" HPOS="360"/>
							<String ID="string_400" HPOS="382" VPOS="1366" WIDTH="37" HEIGHT="19" WC="0.96" CONTENT="Det"/><SP WIDTH="13" VPOS="1366" HPOS="419"/>
							<String ID="string_401" HPOS="432" VPOS="1367" WIDTH="34" HEIGHT="18" WC="0.95" CONTENT="har"/><SP WIDTH="12" VPOS="1367" HPOS="466"/>
							<String ID="string_402" HPOS="478" VPOS="1367" WIDTH="49" HEIGHT="19" WC="0.95" CONTENT="visat"/><SP WIDTH="10" VPOS="1367" HPOS="527"/>
							<String ID="string_403" HPOS="537" VPOS="1367" WIDTH="38" HEIGHT="25" WC="0.96" CONTENT="sig,"/><SP WIDTH="7" VPOS="1367" HPOS="575"/>
							<String ID="string_404" HPOS="582" VPOS="1353" WIDTH="35" HEIGHT="32" WC="0.86" CONTENT="au"/><SP WIDTH="10" VPOS="1353" HPOS="617"/>
							<String ID="string_405" HPOS="627" VPOS="1366" WIDTH="26" HEIGHT="20" WC="0.96" CONTENT="uti"/><SP WIDTH="9" VPOS="1366" HPOS="653"/>
							<String ID="string_406" HPOS="662" VPOS="1367" WIDTH="25" HEIGHT="19" WC="0.96" CONTENT="de"/><SP WIDTH="9" VPOS="1367" HPOS="687"/>
							<String ID="string_407" HPOS="696" VPOS="1367" WIDTH="73" HEIGHT="24" WC="0.96" CONTENT="städer,"/><SP WIDTH="12" VPOS="1367" HPOS="769"/>
							<String ID="string_408" HPOS="781" VPOS="1373" WIDTH="42" HEIGHT="14" WC="0.96" CONTENT="som"/><SP WIDTH="13" VPOS="1373" HPOS="823"/>
							<String ID="string_409" HPOS="836" VPOS="1369" WIDTH="96" HEIGHT="19" WC="0.95" CONTENT="innesluta"/>
						</TextLine>
					</TextBlock>
					<TextBlock ID="block_6" HPOS="204" VPOS="1383" WIDTH="729" HEIGHT="62">
						<TextLine ID="line_47" HPOS="206" VPOS="1383" WIDTH="727" HEIGHT="37">
							<String ID="string_410" HPOS="206" VPOS="1395" WIDTH="16" HEIGHT="15" WC="0.93" CONTENT="tt"/><SP WIDTH="14" VPOS="1395" HPOS="222"/>
							<String ID="string_411" HPOS="236" VPOS="1391" WIDTH="58" HEIGHT="26" WC="0.96" CONTENT="något"/><SP WIDTH="15" VPOS="1391" HPOS="294"/>
							<String ID="string_412" HPOS="309" VPOS="1393" WIDTH="63" HEIGHT="18" WC="0.96" CONTENT="större"/><SP WIDTH="13" VPOS="1393" HPOS="372"/>
							<String ID="string_413" HPOS="385" VPOS="1393" WIDTH="50" HEIGHT="19" WC="0.95" CONTENT="antal"/><SP WIDTH="15" VPOS="1393" HPOS="435"/>
							<String ID="string_414" HPOS="450" VPOS="1392" WIDTH="103" HEIGHT="24" WC="0.93" CONTENT="invånare,"/><SP WIDTH="17" VPOS="1392" HPOS="553"/>
							<String ID="string_415" HPOS="570" VPOS="1393" WIDTH="112" HEIGHT="19" WC="0.82" CONTENT="hvaribiand"/><SP WIDTH="16" VPOS="1393" HPOS="682"/>
							<String ID="string_416" HPOS="698" VPOS="1399" WIDTH="24" HEIGHT="14" WC="0.96" CONTENT="en"/><SP WIDTH="15" VPOS="1399" HPOS="722"/>
							<String ID="string_417" HPOS="737" VPOS="1383" WIDTH="44" HEIGHT="30" WC="0.94" CONTENT="icke"/><SP WIDTH="13" VPOS="1383" HPOS="781"/>
							<String ID="string_418" HPOS="794" VPOS="1394" WIDTH="52" HEIGHT="26" WC="0.96" CONTENT="ringa"/><SP WIDTH="15" VPOS="1394" HPOS="846"/>
							<String ID="string_419" HPOS="861" VPOS="1394" WIDTH="72" HEIGHT="26" WC="0.66" CONTENT="mängd"/>
						</TextLine>
						<TextLine ID="line_48" HPOS="204" VPOS="1404" WIDTH="729" HEIGHT="45">
							<String ID="string_420" HPOS="204" VPOS="1411" WIDTH="213" HEIGHT="27" WC="0.91" CONTENT="ammanströmmande"/><SP WIDTH="14" VPOS="1411" HPOS="417"/>
							<String ID="string_421" HPOS="431" VPOS="1420" WIDTH="37" HEIGHT="23" WC="0.96" CONTENT="löst"/><SP WIDTH="15" VPOS="1420" HPOS="468"/>
							<String ID="string_422" HPOS="483" VPOS="1419" WIDTH="47" HEIGHT="22" WC="0.83" CONTENT="folk,"/><SP WIDTH="14" VPOS="1419" HPOS="530"/>
							<String ID="string_423" HPOS="544" VPOS="1404" WIDTH="210" HEIGHT="45" WC="0.89" CONTENT="Polismyndigheterna"/><SP WIDTH="10" VPOS="1404" HPOS="754"/>
							<String ID="string_424" HPOS="764" VPOS="1436" WIDTH="3" HEIGHT="9" WC="0.91" CONTENT=","/><SP WIDTH="12" VPOS="1436" HPOS="767"/>
							<String ID="string_425" HPOS="779" VPOS="1420" WIDTH="72" HEIGHT="21" WC="0.96" CONTENT="sådana"/><SP WIDTH="11" VPOS="1420" HPOS="851"/>
							<String ID="string_426" HPOS="862" VPOS="1421" WIDTH="24" HEIGHT="19" WC="0.96" CONTENT="de"/><SP WIDTH="11" VPOS="1421" HPOS="886"/>
							<String ID="string_427" HPOS="897" VPOS="1410" WIDTH="36" HEIGHT="30" WC="0.96" CONTENT="hos"/>
						</TextLine>
					</TextBlock>
				</ComposedBlock>
				<Illustration ID="cblock_3" HPOS="520" VPOS="820" WIDTH="44" HEIGHT="23"></Illustration>
				<Illustration ID="cblock_4" HPOS="529" VPOS="844" WIDTH="11" HEIGHT="19"></Illustration>
			</PrintSpace>
		</Page>
	</Layout>
</alto>
