995 1692
281 132 71 22 Nådiga
363 133 139 23 Propositionen
515 132 35 18 N:o
562 133 29 17 38.
764 132 44 19 1233

61 182 81 20 tillfället
162 182 100 24 minskad,
285 188 46 14 men
353 182 24 20 då
397 182 63 20 denna
478 182 112 26 förmånliga
608 182 121 26 förändrings
745 182 60 20 fram-

61 208 39 20 tida
121 208 83 21 bestånd
224 208 45 20 icke
286 210 37 18 kan
340 208 107 26 påräknas,
466 208 22 20 så
502 210 56 25 länge
572 209 37 20 den
630 210 113 19 nuvarande
765 210 39 25 lag-

61 236 112 25 stiftningen
184 236 68 18 fortfar
261 238 28 16 att
302 236 57 25 gälla,
376 236 35 18 har
427 236 108 25 Utskottet,
551 235 24 26 pä
589 236 62 25 grund
665 236 22 18 af
693 235 25 20 de
728 237 27 19 uti
765 236 39 20 den

61 261 73 26 Nådiga
153 262 147 25 propositionen
320 262 120 19 framställda
460 262 152 25 hufvudsakliga
631 262 92 25 motiver,
741 263 64 19 funnit

62 288 29 25 sig
111 290 33 23 äga
166 288 102 25 anledning
290 289 145 19 vördsammast
453 288 107 27 tillstyrka,
575 289 34 19 det
623 288 85 20 Landets
722 289 83 20 Ständer

61 314 62 19 måtte
137 315 101 25 godkänna
252 315 38 19 den
304 314 59 26 åsigt,
379 317 28 17 att
416 314 230 26 husbehofsbränningen
661 314 49 20 skall
720 315 45 19 vika
775 315 29 19 för

61 341 149 25 fabriksmässig
231 341 122 25 tillverkning
373 341 21 19 af
408 341 81 20 bränvin
504 342 38 19 och
556 343 28 18 att
597 341 79 20 Finland
690 341 6 19 i
710 341 54 20 detta
777 342 28 19 af-

62 367 73 20 seende
152 367 48 20 icke
220 368 98 25 framgent
337 367 36 20 bör
391 368 66 25 utgöra
475 371 28 16 ett
517 368 96 25 undantag
627 367 41 20 från
682 368 61 20 andra
757 368 48 19 civi-

63 393 85 21 liserade.
163 395 115 19 samhällen.
625 401 3 3 :

115 421 70 19 Ehuru
198 421 83 20 flertalet
294 421 21 19 af
328 421 110 19 Utskottets
453 421 129 20 medlemmar
592 419 82 22 sålunda
683 424 65 17 ansett
758 422 47 19 hus-

62 446 190 27 behofsbränningen
270 447 47 20 böra
334 447 121 26 upphäfvas,
474 448 57 20 hafva
548 447 52 20 dock
617 447 122 20 beträffande
752 448 53 19 tiden

63 474 38 19 och
115 475 59 18 sättet
186 475 29 18 för
224 473 151 26 fabriksmässig
383 474 135 26 tillverknings
527 473 102 20 införande
642 476 72 24 yppats
728 473 78 26 skiljak-

63 500 39 25 tiga
123 499 80 27 åsigter.
232 500 48 20 Wid
299 501 108 20 framställd
426 501 134 26 proposition,
583 501 96 19 huruvida
700 507 24 13 en
740 501 65 20 direkt

63 526 105 27 öfvergång
181 527 43 20 från
235 527 38 20 den
283 527 112 20 nuvarande
405 527 230 24 husbehofsbränningen
646 527 25 20 till
682 527 123 20 uteslutande

63 553 147 26 fabriksmässig
224 553 125 26 tillverkning
363 555 20 19 af
396 554 81 20 bränvin
492 554 62 20 borde
566 554 20 19 af
594 553 100 21 Utskottet
704 553 99 26 förordas,

62 581 37 18 har
107 581 97 25 nemligen
214 580 67 25 frågan
291 581 104 20 besvarats
402 580 84 27 jakande
494 581 21 19 af
523 580 155 26 Ridderskapets
685 581 39 19 och
730 580 74 20 Adeins
817 586 4 2 *

63 609 52 17 samt
128 607 176 25 Borgareståndets
317 607 135 26 medlemmar,
469 607 45 20 med
528 607 92 26 enhälligt
629 607 89 20 nekande
727 607 20 19 af
754 607 51 20 Bon-

63 632 115 21 deståndets
195 633 131 26 deputerade;
342 635 38 18 och
393 633 25 21 då
431 635 57 19 bland
503 633 158 20 Prestaståndets
676 633 107 20 ledamöter
799 633 4 20 i

62 659 103 20 Utskottet
177 663 31 16 tre
222 661 63 18 röster
298 660 71 20 utfallit
382 661 29 19 för
425 660 98 20 hvardera
537 659 74 26 åsigten
625 662 52 17 samt
691 665 24 14 en
724 660 20 19 af
752 661 53 18 näst-

62 686 84 19 nämnde
160 686 140 20 medlemmars
314 687 198 25 omröstningssedlar
524 686 67 25 aflagts
601 687 37 18 och
648 686 98 19 befunnits
757 691 47 15 vara

61 711 93 26 jakande,
172 713 36 20 har
225 712 149 21 Prestaståndet
387 715 75 18 ansetts
476 712 77 21 biträda
566 713 38 19 den
617 713 21 18 af
649 711 156 22 Bondeståndets

63 738 118 27 deputerare
201 739 86 20 uttalade
307 740 98 26 mening..
422 741 54 18 Enär
494 739 80 20 sålunda
590 739 33 19 två
638 738 56 20 stånd
709 741 77 17 stannat
800 739 5 19 i

64 768 28 18 ett
105 769 56 17 emot
174 766 25 20 de
212 768 74 18 tvänne
299 766 60 20 andra
374 766 94 21 ståndens
482 766 101 20 stridande
596 766 65 20 beslut
671 764 100 26 angående
780 766 25 20 de

62 794 99 19 närmaste
175 792 114 26 åtgärderna
303 794 30 18 för
346 793 249 26 bränvinslagstiftningens
609 792 107 25 ordnande,
731 792 36 20 har
777 793 30 19 vi-

63 820 48 20 dare
131 819 106 26 beredning
258 820 20 19 af
298 820 128 20 förevarande
443 820 71 20 ärende
532 820 43 19 icke
593 819 75 20 kunnat
681 818 90 26 fullföljas
786 820 21 18 af

63 846 100 20 Utskottet
176 846 5 19 i
196 846 48 20 dess
258 847 75 23 helhet,
348 850 46 17 utan
409 847 52 19 detta
475 847 52 19 delat
540 846 29 26 sig
584 846 6 19 i
599 845 34 20 två
643 846 106 29 sektioner,
761 851 44 14 som

63 874 6 19 i
83 876 66 17 ämnet
162 875 82 23 uppsatt
257 873 116 20 alternativa
387 873 147 25 betänkanden,
551 873 20 19 af
583 872 66 20 hvilka
663 872 33 20 det
708 877 35 15 ena
753 871 52 27 åsyf-

63 903 30 17 tar
107 900 240 26 husbehofsbränningens
361 899 125 26 ofördröjliga
499 899 136 26 upphörande,
647 904 46 14 men
702 898 34 20 det
744 899 60 19 andra

63 927 53 19 afser
133 929 27 17 att
176 926 151 26 fabriksmässig
343 926 121 26 tillverkning
482 926 68 21 endast
567 925 102 20 efterhand
683 924 61 21 borde.
757 925 48 19 infö-

63 959 33 14 ras
111 954 37 18 och
163 953 25 20 till
203 958 24 14 en
242 952 66 26 början
323 953 48 19 blott
382 952 62 26 jemte
457 952 204 26 husbehofsbränning
675 951 78 21 tillåtas.

116 1034 42 19 Den
179 1033 77 20 sektion
272 1034 20 18 af
307 1034 141 19 sammansatta
462 1032 116 20 Ekonomie-
592 1032 38 19 och
643 1031 162 25 Bevillnings-Ut-

63 1060 83 25 skottet,
170 1065 44 15 som
235 1059 85 27 utgjorts
341 1060 20 19 af
376 1059 82 20 flertalet
475 1059 20 20 af
510 1058 155 26 Ridderskapets
679 1059 38 19 och
731 1057 74 21 Adelns

63 1090 53 17 samt
130 1086 174 26 Borgareståndets
316 1086 134 26 medlemmar,
466 1086 102 19 äfvensom
577 1088 30 16 tre
618 1085 21 19 af
645 1084 160 21 Prestaståndets

63 1114 131 26 deputerade,
216 1114 37 19 och
274 1114 61 18 hvars
355 1112 133 26 öfvertygelse
504 1112 44 20 icke
565 1111 102 26 medgifvit
683 1114 28 17 att
728 1111 77 19 förorda

63 1140 242 25 husbehofsbränningens
321 1140 66 19 vidare
401 1138 144 26 bibehållande,
560 1138 30 20 får
604 1138 26 20 tifl
645 1138 44 20 stöd
703 1138 30 19 för
741 1138 64 19 denna

64 1167 123 26 uppfattning
201 1168 65 18 anföra
281 1166 150 20 nedannämnde
446 1165 51 20 skål:
775 1190 9 3 N

119 1194 36 19 Det
174 1199 71 20 genom
266 1192 151 26 ofvanuppgifna
436 1191 118 21 förhällande
573 1191 30 19 för
620 1190 121 20 närvarande
759 1190 47 29 högt

64 1220 104 25 uppdrifna
182 1221 62 24 priset
258 1219 24 26 pä
297 1219 90 24 bränvin,
404 1219 5 19 i
424 1218 46 26 följd
484 1218 70 19 hvaraf
566 1217 150 20 konsumtionen
728 1216 75 29 aftagit
796 1212 11 37 ,

64 1247 117 25 isynnerhet
200 1247 5 18 i
226 1246 24 20 de
271 1246 54 19 delar
341 1246 20 18 af
375 1245 75 24 landet,
468 1245 35 19 der
518 1243 229 26 husbehofsbränningen
761 1242 45 29 icke

64 1274 70 18 vunnit
154 1274 119 21 allmännare
288 1272 73 25 insteg,
382 1272 35 19 har
430 1271 90 20 deremot
533 1270 6 19 i
553 1270 136 24 Österbotten,
705 1270 82 19 hvarest
802 1275 4 12 i

64 1299 101 20 anseende
179 1299 26 20 till
220 1299 39 20 den
272 1299 93 24 felslagne
379 1298 84 19 skörden
478 1298 22 19 all
516 1295 215 25 bränvinstillverkning
744 1294 62 29 under

64 1325 129 19 sistförflutne
213 1326 74 17 tvänne
307 1324 22 19 är
349 1324 51 19 varit
419 1323 111 24 förbjuden,
553 1323 108 19 framkailat
677 1321 129 24 lurendrejeri

64 1350 42 19 från
121 1351 61 19 andra
196 1350 56 19 sidan
266 1350 145 22 bottenhafvet;
427 1349 37 19 och
479 1349 5 18 i
498 1348 25 19 de
540 1348 114 23 landsorter,
674 1346 65 29 hvilka
757 1347 50 18 före-

64 1376 100 21 trädesvis
177 1378 57 24 egnat
246 1375 28 26 sig
288 1375 20 20 ät
322 1375 222 24 bränvinshandtering,
559 1374 36 19 har
608 1373 137 24 lönnbränning
759 1377 49 25 upp-

64 1403 94 26 kommit,
177 1403 101 20 äfvensom
293 1402 38 20 den
345 1401 103 21 minskade
462 1401 149 25 tillverkningen
625 1400 52 21 inom
691 1399 66 20 landet
771 1398 37 31 för-

65 1431 66 20 anledt
146 1429 88 28 betydlig
250 1429 73 25 import
339 1429 21 20 af
374 1428 96 25 romsprit
484 1427 67 20 såsom
565 1429 92 23 surrogat
671 1426 29 19 för
714 1425 90 22 bränvin.

737 1459 24 16 78
