1009 1686
309 145 71 23 Nådiga
392 146 139 23 Propositionen
544 146 36 17 N:o
591 146 29 18 31.
793 145 44 21 1021

96 195 64 20 kande
173 195 20 19 af
212 195 86 20 kronans
316 197 44 23 rätt,
381 194 62 25 jemte
463 195 197 24 Häradsskrifvaren,
683 201 43 14 som
741 195 36 20 bör
796 195 42 20 föra

94 221 118 25 protokollet
225 224 52 17 samt
293 223 46 23 göra
353 222 138 25 anteckningar
505 223 5 18 i
525 221 206 26 bevillningslängden,
746 221 92 20 förordna

94 251 29 16 ett
137 248 93 19 särskildt
243 248 66 19 Krono
323 248 86 25 Ombud,
427 254 33 13 om
474 248 128 20 Guvernören
619 254 58 13 anser
693 248 88 19 Kronans
799 249 40 18 rätt

94 273 70 20 sådant
177 274 72 19 fordra.

147 300 91 19 Förutom
253 300 69 19 allmän
336 300 191 25 inkomstbevillning
540 302 51 17 samt
600 300 39 19 den
653 299 60 20 redan
728 300 52 18 förut
790 300 49 19 fast-

94 326 70 20 ställda
179 326 137 25 stämpelafgift
329 326 30 19 för
373 327 94 25 spelkort,
489 327 58 19 hafva
562 326 105 19 ständerne
683 328 64 17 ansett
762 325 75 20 kortfa-

93 353 101 20 brikanter
208 352 63 20 kunna
281 352 80 26 åläggas
373 358 23 14 en
407 355 54 17 extra
472 353 103 29 bevillning
589 353 19 18 af
621 353 25 19 60
655 352 57 25 penni
727 352 30 18 för
767 351 69 25 hvarje

94 379 62 20 under
170 378 53 20 årets
238 379 46 25 lopp
294 378 72 21 försåld
381 380 31 19 lek
427 379 96 25 spelkort.
545 379 28 19 Då
583 379 38 19 den
636 378 117 20 föreskrifna
778 380 61 18 stäm-

94 406 76 25 plingen
184 406 75 19 lemnar
274 405 109 26 fullständig
398 406 93 19 säkerhet
500 406 29 18 för
542 405 117 24 kontrolten,
677 406 38 18 har
727 404 62 25 någon
803 404 36 20 be-

92 431 109 26 tänklighet
216 431 17 25 ej
243 434 50 17 mött
307 434 28 17 att
348 432 26 20 till
386 432 142 20 fabrikanterne
542 431 120 20 öfverlemna
677 434 28 16 att
719 430 60 21 tillika
791 430 46 20 med

93 458 100 26 uppgiften
209 464 33 13 om
259 458 30 19 sin
306 457 59 26 årliga
379 458 86 20 inkomst
481 458 26 20 till
525 457 206 26 bevillningskomitén
745 457 92 26 uppgifva

95 485 29 19 sin
139 485 120 25 omsättning
272 485 30 19 för
316 484 50 20 året.

148 511 108 19 Ständerne
272 511 57 19 hafva
344 511 37 19 ock
395 510 59 27 åtagit
468 512 29 25 sig
511 517 24 13 en
549 510 136 20 konsumtions
698 511 53 18 skatt
765 510 20 19 af
797 510 41 19 fem

94 537 57 26 penni
166 539 29 18 för
209 536 70 26 hvarje
292 537 42 20 från
349 537 139 26 bryggerierna
502 537 72 20 försåld
588 537 63 19 kanna
665 537 17 19 öl
697 537 48 19 eller
759 539 74 23 porter.

147 564 75 19 Genom
236 564 25 19 de
275 564 20 19 af
309 564 104 19 ständerne
432 564 5 18 i
451 564 38 20 Jen
506 564 109 25 föreslagna
636 563 201 25 bevillningsstadgan

94 590 81 20 sålunda
189 590 67 25 gjorda
271 590 102 24 ändringar
388 591 39 18 och
441 590 64 26 tillägg
520 590 63 20 skulle
597 590 62 19 Jenna
671 589 80 20 komma
765 592 28 17 att
803 594 33 14 er-

94 616 53 20 hålla
162 616 84 25 följande
260 616 83 27 lydelse.

299 712 116 23 ”Finlands
441 712 104 24 Ständers
571 712 128 28 Bevillning
722 712 37 22 för
785 709 54 25 åren

233 740 62 28 1865,
312 739 55 24 1866
382 740 41 23 och
439 741 61 23 1867.

422 806 54 25 Kap.
491 805 17 20 I.

300 847 129 25 Föremålen
443 849 36 23 för
493 848 133 29 Bevillning.

438 901 11 26 $
465 902 18 19 4.

148 939 58 20 Finsk
220 939 136 26 medborgare,
373 940 60 19 hvars
451 945 46 14 rena
511 939 86 20 inkomst
614 940 30 19 för
658 938 43 21 året
714 938 77 27 uppgår
808 938 28 21 till

95 965 60 26 högre
169 966 71 25 belopp
254 968 24 17 än
292 966 116 20 femhundra
423 967 64 24 mark,
503 967 87 24 erlägger
604 967 30 18 för
651 965 69 26 hvarje
734 965 103 20 hundrade

95 993 57 18 mark
166 994 17 17 at
197 993 33 19 det
244 993 113 20 derutöfver
367 993 89 25 stigande
470 993 91 26 beloppet
575 993 193 24 inkomstbevillning
778 992 59 26 enligt

95 1018 84 25 följande
192 1019 95 26 grunder:

149 1046 39 19 1:0.
217 1046 38 19 För
269 1051 24 14 en
308 1045 86 20 inkomst
408 1042 27 23 till
445 1046 38 19 och
492 1045 47 20 med
552 1045 100 19 femtusen
664 1045 57 20 mark
735 1044 43 27 fyra
787 1045 52 19 fem-

95 1071 64 20 tedels
172 1075 93 21 procent;
376 1095 5 2 N

148 1098 40 19 2:0.
218 1099 117 19 Derutöfver
356 1098 25 20 till
401 1098 38 19 och
460 1099 45 20 med
525 1099 85 18 tiotusen
631 1098 56 19 mark
709 1103 24 14 en
753 1099 84 24 procent

95 1127 53 17 samt

148 1150 40 20 3:0.
217 1151 37 19 För
267 1151 61 26 högre
341 1150 86 21 inkomst
442 1152 24 19 än
479 1152 86 19 tiotusen
578 1150 58 20 mark
649 1156 26 14 en
689 1150 39 20 och
743 1150 94 19 enfemte-

96 1177 44 20 dels
154 1180 90 22 procent.

446 1204 9 25 $
469 1205 20 18 2.

149 1241 106 24 Utlänning,
271 1247 44 13 som
329 1246 23 14 en
367 1241 26 20 ti)
408 1242 21 19 af
441 1245 28 16 ett
483 1241 21 20 är
518 1241 46 20 eller
581 1241 114 19 derutöfver
713 1243 22 17 är
750 1241 5 18 i
770 1240 66 20 landet

95 1267 72 24 bosatt,
183 1268 88 23 erlägger
285 1268 30 18 för
328 1267 38 20 den
380 1267 93 25 inkomst,
489 1269 37 18 han
541 1268 36 19 här
591 1267 60 20 under
666 1267 53 20 tiden
739 1267 42 19 kan
795 1267 39 18 för-

96 1293 75 25 värfva,
186 1293 191 26 inkomstbevillning
390 1294 58 25 enligt
465 1294 99 19 enahanda
578 1293 92 26 grunder,
688 1299 45 14 som
746 1293 31 19 för
794 1293 43 19 lan-

96 1319 44 18 dets
154 1324 48 20 egna
216 1319 119 18 innevänare
349 1323 34 15 äro
397 1320 94 23 gällande.

445 1367 10 25 $
469 1368 18 19 3.

150 1405 66 19 Aktie-
228 1405 37 19 och
279 1405 125 25 Bank-bolag,
419 1404 77 20 hvilkas
517 1404 78 26 stadgar
611 1404 63 20 blifvit:
693 1403 141 25 öfverhetligen

96 1430 125 24 stadfästade,
237 1432 48 19 böra
300 1432 68 24 utgöra
382 1430 153 26 ofvanstadgade
549 1430 102 26 bevillning
671 1430 30 20 för
717 1430 39 21 den
769 1430 31 20 del
814 1430 22 20 af
