1700 1853
770 444 49 33 33.

627 554 72 23 Hans
721 554 167 29 Kejserliga
910 555 148 28 Majestäts
1082 555 85 29 Nådiga

559 582 140 29 Proposition
708 583 43 32 till
766 583 103 23 Finlands
885 584 100 26 Ständer,
1002 590 34 16 om
1046 585 120 29 upptagan-

559 610 27 23 de
601 610 26 34 af
639 610 94 23 statslån
748 611 37 23 för
799 612 33 22 att
846 612 81 23 bereda
937 612 26 22 de
973 611 14 23 å
997 612 169 28 donationsgod-

559 644 40 18 sen
613 646 9 16 i
636 639 103 34 Wiborgs
750 640 39 22 län
798 640 85 23 bosatte
893 640 83 23 bönder
985 641 71 28 ntväg
1065 642 33 22 att
1108 640 59 24 tillö-

560 673 25 17 sa
600 668 35 28 sig
651 668 48 22 sina
715 668 96 23 åboende
825 668 137 29 lägenheter.
1079 689 2 2 N

479 732 63 19 Hans
557 732 131 25 Kejserliga
703 732 108 25 Majestät
825 733 36 19 har
877 733 5 19 i
898 732 66 20 Näder
981 736 65 16 ansett
1063 739 24 13 en
1104 734 64 18 förän-

423 759 57 25 dring
494 758 5 19 i
514 759 24 19 Je
553 758 10 19 ä
578 759 177 25 donationsgodsen
770 759 4 19 i
787 759 93 26 Wiborgs
890 760 31 19 län
933 760 77 19 bosatte
1020 759 86 21 bönders
1115 759 53 20 ställ-

423 786 45 25 ning
481 785 47 19 böra
543 785 33 19 vid
590 785 129 20 förevarande
733 785 90 26 landtdag
841 787 68 24 utgöra
923 789 28 16 ett
968 786 79 19 föremäl
1065 786 30 19 för
1112 787 56 18 Stän-

423 811 73 20 dernas
510 811 136 26 rädplägning.
675 813 67 18 Denna
756 811 61 26 fråga,
833 812 108 20 berörande
957 814 46 17 nära
1016 812 72 20 hälften
1098 812 19 19 af
1126 812 42 19 Wi-

424 838 60 25 borgs
498 838 43 19 läns
555 838 116 25 befolkning,
687 840 22 17 är
723 838 28 19 för
767 838 42 20 hela
823 839 65 20 landet
902 839 20 18 af
935 841 41 17 stor
990 839 109 24 betydelse,
1115 844 55 13 eme-

424 865 38 19 dan
476 864 210 25 Jdonationsallmogens
701 865 114 20 nuvarande
829 865 115 26 belägenhet
959 865 109 20 förhindrar
1077 865 92 20 densam-

424 897 32 13 ma
470 893 28 17 att
514 891 58 18 vinna
589 891 97 19 förkolran
703 891 5 19 i
726 891 85 25 bildning
828 893 38 18 och
883 891 90 20 välstånd
992 892 39 19 och
1045 890 81 21 sålunda
1140 891 29 19 bi-

424 917 60 26 draga
498 917 26 20 till
539 917 168 20 fäderneslandets
722 918 93 19 allmänna
831 918 61 25 bästa,
908 924 24 13 en
943 918 84 25 fordran,
1040 917 80 20 hvilken
1129 917 41 20 Mo-

425 945 48 30 nark
488 945 38 18 och
541 944 39 19 folk
595 945 34 18 äro
643 944 120 26 berättigade
778 948 27 16 att
819 945 54 20 ställa
888 943 24 27 pä
927 951 24 13 en
966 945 49 19 hvar
1027 943 20 20 af
1055 943 77 20 landets
1142 943 27 20 in-

424 977 108 14 nevänare.

479 998 49 19 Före
543 998 94 24 Wiborgs
651 998 43 19 läns
709 997 130 26 återförening
852 998 46 20 med
912 997 34 20 det
960 998 60 25 öfriga
1029 997 79 19 Finland
1119 996 51 20 hade

426 1024 6 19 i
448 1024 85 20 nämnde
549 1024 31 19 län
599 1027 28 16 ett
644 1024 95 25 betydligt
756 1025 51 19 antal
822 1025 164 24 kronohemman,
1005 1023 116 26 uppgående
1142 1023 27 19 till

423 1051 93 25 omkring
530 1051 109 20 niohundra
653 1051 67 18 femtio
734 1052 78 23 mantal,
835 1051 62 20 under
917 1051 66 24 loppet
1003 1051 20 18 af
1042 1049 127 20 sistförflutna

428 1077 54 19 sekel
498 1077 61 19 blifvit
575 1078 20 18 af
603 1077 61 19 Hans
673 1076 132 26 Kejserliga
815 1077 120 25 Majestäts
944 1077 121 19 företrädare
1074 1075 24 25 pä
1108 1076 63 25 Ryss-

426 1104 57 18 lands
498 1104 57 18 thron
569 1104 26 18 till
611 1103 88 19 enskilde
713 1108 95 19 personer
823 1103 105 20 donerade.
961 1103 35 19 Vid
1011 1101 118 20 omnämnde
1143 1102 28 18 fö-

427 1129 67 24 réning
509 1129 41 19 blef
562 1129 33 19 det
609 1135 24 13 en
647 1129 143 24 nödvändighet
804 1132 28 16 att
849 1129 188 25 donationsgodsens
1049 1127 102 25 jordnatur
1165 1127 6 18 i

426 1156 209 19 öfverensstämmelse
649 1155 46 19 med
708 1155 89 20 Finlands
807 1155 88 26 gällande
905 1156 52 24 lagar
966 1155 63 19 skulle
1039 1155 130 18 bestämmas.

426 1182 66 19 Sedan
506 1182 96 19 särskilda
619 1181 171 26 undersökningar
808 1183 5 18 i
830 1182 53 19 detta
900 1181 113 20 hänseende
1031 1179 92 26 föregått,
1143 1179 28 20 af-

428 1208 89 25 gjordes,
536 1207 25 26 på
578 1208 62 25 grund
658 1209 20 18 af
694 1208 50 19 hvad
763 1214 23 13 en
806 1209 25 19 till
847 1208 64 25 slutlig
924 1207 119 26 granskning
1057 1207 21 19 af
1090 1206 82 19 ärendet

429 1235 62 21 under
505 1235 38 19 den
559 1235 24 19 43
597 1235 79 19 Januari
692 1235 51 20 1825
758 1235 81 25 Nådigst
853 1234 131 20 tillförordnad
995 1233 128 20 kommission
1134 1235 39 22 ytt-

428 1264 31 17 rat
474 1261 38 20 och
526 1262 107 25 hemställt,
649 1267 70 19 genom
734 1261 134 26 förordningen
883 1261 20 18 af
913 1261 38 19 den
961 1261 25 19 25
995 1259 114 21 November
1121 1259 51 19 1826

430 1291 28 16 att
472 1288 38 19 den
524 1288 100 19 donerade
636 1287 71 25 jorden
724 1288 63 19 skulle
804 1289 30 18 för
850 1288 59 19 frälse
926 1293 67 17 anses,
1013 1287 46 19 med
1077 1285 95 25 undantag

430 1315 70 20 endast
513 1315 30 18 för
557 1314 74 19 sådane
645 1314 42 19 deri
701 1313 93 26 ingående
808 1315 99 23 hemman,
924 1319 32 13 om
970 1313 74 24 hvilka,
1060 1312 68 20 såsom
1140 1317 33 19 ge-

429 1347 46 14 nom
495 1341 84 19 särskild
600 1341 111 25 författning
725 1341 21 18 af
758 1341 37 19 den
811 1342 24 18 14
849 1340 78 20 Januari
943 1340 50 19 1828
1010 1341 92 18 närmare
1119 1337 54 20 stad-

430 1368 68 25 gades,
515 1367 64 19 kunde
593 1367 80 20 utredas
691 1369 28 17 att
737 1367 24 19 de
779 1367 58 24 enligt
853 1369 78 17 senaste
947 1366 63 19 under
1024 1365 93 24 Wiborgs
1131 1365 42 18 läns

432 1394 86 24 förening
533 1394 45 19 med
594 1393 81 24 Sverige
690 1393 116 25 upprättade
819 1392 95 25 jordebok
929 1395 32 22 egt
971 1393 129 18 skattenatur.

486 1419 28 19 Då
527 1420 59 19 likväl
597 1419 107 24 betänkliga
715 1419 181 18 missförhållanden
906 1418 5 18 i
922 1423 94 18 egarenes
1025 1417 26 18 till
1063 1417 113 18 donations-

431 1445 76 26 godsen
521 1447 37 17 och
573 1446 58 19 deras
645 1445 146 18 frälsebönders
805 1443 117 24 ömsesidiga
936 1444 87 23 ställning
1032 1441 95 26 uppstått,
1139 1442 37 18 har

432 1472 62 18 Hans
509 1471 132 25 Kejserliga
656 1470 108 25 Majestät
781 1470 58 19 fästat
856 1470 33 19 Sin
907 1469 72 25 Nådiga
996 1468 179 26 uppmärksamhet

432 1498 26 26 på
472 1498 25 20 de
512 1498 89 23 orsaker,
617 1503 44 14 som
676 1497 28 19 för
718 1496 58 20 dessa
791 1496 50 26 ligga
856 1496 25 19 till
889 1495 71 26 grund.

488 1524 195 26 Donationsgodsens
700 1527 53 17 stora
771 1523 78 26 omfång
865 1523 39 19 och
921 1521 192 26 sammanhängande
1133 1521 43 25 läge
