1003 1692
181 150 54 32 1268
400 153 71 21 Nädiga
482 154 141 22 Propositionen
636 152 36 18 N:o
684 152 28 18 38.

188 202 264 24 bränvinstillverkningsrätt
466 202 20 19 af
498 202 96 24 landboen
607 202 84 22 utöfvas,
708 202 47 19 eller
765 206 76 14 samma
851 202 38 18 rätt
898 201 30 25 sig

189 228 45 24 sjelf
246 228 106 20 förbehälla
366 228 30 19 för
412 230 28 17 att
454 228 56 19 deraf
526 230 46 23 göra
586 227 49 19 bruk
649 227 12 19 ä
675 227 37 19 den
726 228 90 24 lägenhet
830 228 38 18 han
882 227 46 19 med

188 260 49 20 egna
252 254 90 20 arbetare
355 254 99 19 förvaltar.
483 254 87 25 Iakttage
581 253 50 20 dock
643 253 71 20 dervid
726 254 52 19 hvad
792 254 5 18 i
812 254 10 24 $
836 254 26 19 14
876 253 53 20 stad-

189 281 45 25 gadt
248 282 29 18 är.

530 306 10 26 S
554 306 32 20 16.

241 346 33 19 Till
290 346 204 25 husbehofsbränning
508 344 10 19 å
533 345 65 20 landet
611 344 32 20 mä
656 344 70 20 endast
735 345 100 25 begagnas
844 345 86 26 redskap

189 373 21 19 af
228 372 75 20 härtills
324 372 71 20 tillåten
409 372 145 23 konstruktion,
571 371 65 19 hvilka
651 370 104 26 undergätt
768 372 110 25 besigtning
892 373 38 18 och

189 399 87 25 mätning
290 399 20 19 af
322 399 29 19 för
366 398 68 20 sådant
449 398 87 19 ändamål
552 398 79 19 tillsatte
643 396 108 27 justerare,
770 398 66 19 hvilka
850 396 79 27 åligger,

190 425 62 19 under
266 426 99 18 enabanda
379 424 126 26 ansvarighet
522 430 42 14 som
580 425 29 18 för
621 423 95 25 justering
731 426 22 17 är
766 424 96 24 gällande,
879 424 53 20 tillse

190 454 26 17 att
231 451 111 26 redskapen
357 452 26 19 till
397 452 50 18 form
462 451 36 19 och
513 451 176 25 sammansättning
702 450 44 20 icke
761 450 77 20 afviker
847 450 50 20 ifrån
906 451 27 19 Je

189 478 122 20 föreskrifter
325 483 44 14 som
384 481 35 16 äro
433 478 50 24 gifna
498 482 71 21 genom
583 476 72 26 Nådiga
666 477 133 25 Kungörelsen
808 477 39 19 den
856 478 27 19 29
892 477 39 20 Ok-

175 505 71 21 tober
261 505 60 23 1841,
338 504 79 20 Brefvet
430 504 39 20 den
483 505 12 19 9
509 504 52 20 Mars
576 504 52 19 4843
642 504 38 18 och
694 503 145 25 Förordningen
852 504 39 19 den
906 504 25 19 30

189 530 36 25 Maj
240 531 52 20 1859
307 534 53 17 samt
374 531 50 19 efter
437 530 128 26 uppmätning
580 530 20 19 af
612 535 62 20 panna
687 529 62 26 jemte
763 530 55 20 bröst
834 531 39 19 och
881 531 49 25 hatt,

190 558 52 19 förse
256 557 45 20 dem
315 558 46 19 med
375 558 102 24 stemplar,
494 557 104 20 utvisande
612 556 109 20 hvarderas
735 556 57 27 rymd
806 558 39 18 och
859 558 31 18 för
903 557 30 19 öf-

191 584 36 25 rigt
246 584 46 20 med
312 584 72 20 sådana
405 584 90 25 märken,
518 590 43 14 som
576 584 34 19 äro
623 584 30 19 för
667 582 95 22 mälkäris
774 582 96 27 justering
884 584 49 19 fast-

191 610 79 26 ställde,
286 611 90 19 hvarföre
390 611 26 19 till
430 610 112 25 justeraren
552 610 89 25 erlägges
650 610 12 20 8
671 610 58 25 penni
739 610 29 19 för
778 609 69 25 hvarje
857 610 73 25 kanna,

191 643 43 13 som
255 637 37 19 den
312 639 102 24 uppmätta
436 638 37 18 och
490 636 109 26 stemplade
613 637 111 25 redskapen
739 637 115 25 inrymmer,
868 636 63 26 jemte

191 664 33 19 det
237 664 59 19 äfven
309 664 119 24 nödvändigt
442 663 215 26 handtlangarebiträde
671 663 35 19 bör
720 663 21 19 af
753 663 44 22 den,
813 668 44 14 som
870 663 62 25 juste-

190 690 68 25 ringen
273 690 100 24 åstundar,
389 690 101 20 bekostas.
512 691 106 19 Dessutom
634 690 119 19 tillkommer
760 689 135 26 justerarene,
906 689 25 21 då

190 716 25 21 de
229 717 61 19 kallas
304 717 27 19 till
346 717 136 25 förrättningar
496 720 56 16 utom
565 716 33 20 sitt
613 716 95 24 hemvist,
720 715 66 25 skjuts
795 716 37 19 och
841 716 92 26 dagtrak-

191 745 86 18 tamente
291 744 30 21 för
335 743 123 20 förefallande
472 748 64 20 resor,
552 748 43 14 som
609 742 51 20 dock
675 742 46 20 böra
736 743 20 19 af
768 742 46 20 dem
828 742 22 20 så
868 743 65 25 afpas-

191 775 42 19 sas,
248 772 30 16 alt
291 770 25 19 de
332 770 200 26 betalningsskyldige
547 768 17 26 ej
579 770 96 24 betungas
689 768 46 20 med
750 769 84 26 drygare
844 770 86 24 utgifter,

191 796 190 25 omständigheterna
396 796 154 26 oundgängligen
566 796 75 19 kräfva.

534 849 9 26 $
558 849 32 20 17.

242 888 33 19 Till
290 887 51 20 bruk
357 887 32 20 vid
403 887 206 25 husbehofsbränning
625 886 24 26 pä
665 887 73 25 landet,
757 887 32 20 mä
803 887 19 26 ej
836 893 38 21 nya
889 888 44 19 red-

191 915 49 24 skap
260 914 114 25 förfärdigas
391 915 47 18 eller
454 915 55 18 äldre
523 913 85 26 redskap
622 915 92 23 omgöras
727 914 48 19 eller
789 915 81 24 ändras,
886 918 45 17 utan

191 941 36 18 hos
241 940 102 20 städernes
360 940 152 25 kopparslagare
531 941 50 19 efter
598 941 125 24 beställning,
741 941 84 19 hvarvid
840 941 47 25 Jen,
902 942 31 19 för

191 967 79 19 hvilken
284 967 141 24 beställningen
439 968 67 24 göres,
522 967 36 20 bör
572 967 45 19 med
632 967 57 19 bevis
698 967 21 19 af
726 967 148 20 vederbörande
884 968 50 20 Kro-

191 994 113 18 nolänsman
325 993 68 26 styrka,
410 993 29 19 sin
453 995 39 17 rätt
505 995 28 18 att
547 993 25 20 till
588 993 217 26 bränvinstiliverkning
819 993 61 27 nyttja
895 994 38 20 den

191 1025 61 19 panna
274 1025 43 14 som
336 1019 100 20 beställes.
465 1020 78 19 Samma
562 1019 56 20 bevis
635 1019 47 20 skall
699 1019 71 24 också,
785 1019 57 20 innan
856 1021 78 19 arbetet

191 1045 137 26 päbegynnes,
347 1051 71 20 genom
436 1045 175 27 kopparslagarens
626 1045 76 26 försorg
716 1049 73 28 upptes
802 1046 36 19 hos
853 1047 80 19 stadens

191 1071 66 24 fiskal,
280 1077 43 14 som
343 1073 47 24 äger
407 1071 103 21 innehållet
527 1072 57 20 deraf
595 1071 28 20 uti
637 1077 24 14 en
675 1072 30 19 för
719 1073 70 19 sådant
802 1072 88 21 ändamål
906 1073 27 19 in-

190 1098 63 19 rättad
267 1097 121 27 förteckning
402 1098 81 20 bokföra
498 1099 38 19 och
550 1098 87 25 beviset,
653 1098 46 20 med
713 1097 121 26 påtecknadt
843 1099 54 26 intyg
905 1100 28 19 öf-

191 1130 36 13 ver
240 1123 48 20 dess
305 1125 120 25 uppteende,
445 1125 29 26 till
486 1124 163 27 kopparslagaren
664 1123 109 28 återställa,
789 1126 101 19 hvarefter
905 1127 28 18 vi-

191 1151 47 19 dare
253 1151 95 25 iakttages
362 1153 28 18 att
404 1151 38 20 den
457 1151 93 20 beställda
565 1151 121 25 redskapen,
702 1151 60 20 sedan
775 1152 37 19 den
824 1153 62 19 blifvit
896 1153 37 20 fär-

191 1177 41 25 dig,
252 1177 44 19 icke
313 1177 82 20 allenast
412 1178 64 19 förses
493 1177 9 20 å
520 1183 62 20 panna
597 1177 37 20 och
650 1179 41 18 hatt
705 1178 45 20 med
766 1179 101 25 stemplar,
882 1179 52 20 utvi-

192 1203 59 20 sande
265 1203 177 27 kopparslagarens
457 1205 37 18 och
508 1204 81 20 stadens
603 1210 58 13 namn
673 1203 62 26 jemte
747 1205 185 26 tillverkningsåret,

191 1233 46 15 utan
258 1231 36 17 ock
313 1231 37 17 hos
365 1231 79 18 stadens
456 1229 99 24 justerare
569 1230 24 25 på
608 1233 39 16 sätt
661 1232 5 17 i
681 1231 9 24 $
706 1232 25 18 16
745 1231 136 24 föreskrifves,
898 1238 36 13 un-

191 1255 73 25 dergär
284 1255 84 26 mätning
389 1256 37 19 och
446 1257 103 24 stämpling
566 1256 58 19 innan
639 1256 112 25 redskapen
766 1257 26 19 till
806 1258 127 24 regvirenten

191 1280 104 20 utlemnas.
323 1281 71 26 Brytes
408 1282 99 25 häremot,
524 1287 21 14 så
560 1284 28 17 att
601 1282 90 25 antingen
705 1288 63 13 annan
782 1284 22 18 än
820 1283 114 27 kopparsla-

192 1313 45 19 gäre
251 1307 5 19 i
271 1307 43 20 stad
328 1307 83 20 befattar
426 1308 28 25 sig
471 1308 45 19 med
533 1308 142 25 förfärdigande
689 1309 48 19 eller
751 1309 79 24 ändring
843 1311 21 18 af
876 1311 58 19 brän-

192 1333 246 26 vinsbrännings-redskap
452 1335 46 19 eller
513 1335 151 26 kopparslagare
676 1335 115 26 förfärdigar
800 1325 37 41 slik
847 1337 87 25 redskap

191 1361 119 20 annorlunda
331 1363 26 17 än
379 1361 49 20 efter
448 1361 116 26 beställning
579 1362 47 19 eller
639 1363 96 19 utlemnar
750 1363 81 20 beställd
847 1363 87 26 redskap

191 1387 55 19 innan
261 1388 33 19 allt
310 1387 63 20 blifvit
389 1387 106 26 fullgjordt,
514 1393 42 14 som
572 1394 24 13 nu
611 1389 22 18 är
647 1389 98 25 stadgadt,
762 1389 44 20 böte
821 1390 38 20 den
874 1390 60 20 felak-

192 1413 38 26 tige
243 1414 62 20 första
319 1413 74 28 gången
407 1417 28 17 ett
448 1415 76 20 hundra
539 1414 54 27 tjugu
609 1415 65 25 mark,
690 1416 60 20 andra
765 1415 74 27 gången
853 1417 81 21 dubbelt

191 1441 38 19 och
244 1441 31 20 vid
291 1441 63 20 oftare
367 1441 81 26 förnyad
464 1442 143 20 öfverträdelse
621 1441 68 26 hvarje
704 1441 49 28 gång
769 1443 122 26 fyrahundra
905 1443 29 21 åt-
