981 1695
265 140 71 24 Nådiga
347 142 140 23 Propositionen
500 142 36 18 N:o
547 142 30 18 26.
758 140 34 20 653

48 190 60 21 redan
122 190 6 21 i
142 190 21 27 $$
177 192 12 19 9
204 192 39 19 och
257 192 25 20 10
297 191 111 26 uppställda
425 191 67 21 såsom
510 191 69 21 hinder
600 192 29 19 för
643 191 116 21 utöfvandet
772 192 20 19 af

48 219 82 19 rösträtt
145 218 4 19 i
158 218 205 25 kommunalstämma,
374 219 38 19 och
426 218 60 20 redan
498 218 6 20 i
513 218 61 20 mom.
587 219 8 19 1
608 218 21 19 af
639 218 66 20 denna
718 218 7 25 $
739 218 53 25 stad-

48 250 42 19 gas,
102 246 28 17 att
144 244 70 20 endast
228 244 203 26 röstberättigade
443 244 132 20 medlemmar
583 246 35 18 äro
628 245 88 23 valbara;
733 244 59 21 hvar-

48 270 43 20 före
111 270 47 20 flera
175 270 22 20 af
211 270 25 20 de
248 271 33 19 uti
301 270 148 26 ifrågavarande
466 273 90 17 moment
575 271 110 25 uppställda
706 272 86 24 punkter

48 296 66 20 kunna
127 296 54 26 utgä.
208 297 103 20 Utskottet
331 302 59 15 anser
403 297 70 20 vidare
486 297 34 19 det
539 297 65 26 tillägg
620 297 47 19 böra
683 298 64 24 göras,
762 300 29 18 att

48 322 121 27 kronofogde
184 324 38 18 och
236 323 152 21 kronolänsman
402 326 52 17 samt
472 324 54 25 lägre
546 323 162 25 kronohetjenste
724 322 18 26 ej
757 325 34 19 äro

49 350 26 19 till
92 349 60 21 dessa
164 350 130 26 befattningar
303 350 86 26 valbara,
401 350 69 20 såvida
484 350 101 20 kollission
597 349 58 26 eljest
663 350 64 20 kunde
742 356 49 20 upp-

48 375 31 21 stä
94 376 82 20 emellan
189 377 25 20 de
228 377 78 26 pligter,
321 376 67 21 hvilka
402 376 62 27 åligga
478 377 66 24 dessa,
560 376 68 20 såsom
645 376 90 31 skyldige
748 377 42 27 lyd-

48 403 38 20 nad
100 402 20 21 åt
134 403 42 20 sina
192 403 81 26 förmän,
285 404 38 20 och
337 404 26 20 de
376 403 115 26 åligganden
505 409 44 14 som
562 404 76 20 tillhöra
651 404 47 20 dem
713 409 4 14 i
731 409 59 21 egen-

49 429 49 26 skap
112 430 21 19 af
146 429 117 21 ordförande
277 431 6 18 i
297 430 206 21 kommunalstämma.

102 456 58 20 Hvad
174 456 10 26 $
199 457 25 20 44
238 456 67 27 angår,
323 462 60 15 anser
401 457 98 20 utskottet
516 462 50 21 svag
583 457 61 25 helsa,
666 456 68 21 såsom
749 457 42 27 laga

49 482 44 21 skäl
107 485 29 18 att
149 483 67 26 afsäga
230 484 33 23 sig
271 483 110 26 uppdraget
394 486 29 17 att
434 489 49 15 vara
496 483 116 21 ordförande
627 484 47 19 eller
687 484 45 19 vice
746 485 46 19 ord-

48 509 83 21 förande
150 510 6 19 i
174 510 199 21 kommunalstämma
394 510 47 20 böra
461 509 52 28 utgå,
535 510 81 20 emedan
637 510 54 20 detta
710 511 82 26 uttryck

48 541 61 20 synes
123 542 48 14 vara
184 543 39 20 nog
236 537 119 25 obestämdt,
371 537 38 20 och
423 537 24 20 då
462 540 28 17 ett
503 536 153 26 helsotillstånd,
670 543 44 14 som
728 537 64 21 skulle

48 562 100 21 förhindra
162 569 25 14 en
200 569 73 20 person
287 566 29 18 att
329 563 47 20 slikt
389 564 90 26 uppdrag
491 563 88 26 fullgöra,
595 564 31 19 väl
639 563 36 20 bör
688 569 60 15 anses
762 563 31 21 så-

49 594 44 15 som
108 588 82 21 svårare
204 589 111 26 sjuklighet.

103 616 37 21 Vid
155 615 9 26 $
180 617 24 19 15
218 622 59 15 anser
291 617 97 20 utskottet
401 617 30 26 sig
451 617 48 20 böra
513 617 101 24 anmärka,
630 619 29 17 att
675 617 118 21 ordförande

49 642 48 20 eller
111 643 44 20 vice
169 643 118 20 ordförande
301 643 5 20 i
320 643 198 20 kommunalstämma
532 643 65 20 kunna
609 643 73 26 jemväl
697 644 21 19 af
729 648 63 16 annan

48 669 43 26 laga
105 669 59 20 orsak
179 670 62 19 under
255 669 126 26 tjenstetiden
395 670 50 26 afgä,
461 670 92 20 hvarföre
566 669 63 20 denna
643 670 11 25 $
668 670 37 20 bör
718 670 74 21 erhålla

48 695 104 22 förändrad
165 696 83 26 lydelse.
277 697 69 20 Likasä
360 697 39 20 kan
413 697 34 20 det
460 697 30 20 fall
504 696 83 25 inträffa,
603 699 28 17 att
644 697 99 20 hvardera
756 702 37 15 un-

49 721 36 21 der
98 722 127 25 tjenstetiden
239 723 62 26 afgär,
316 724 57 20 innan
387 729 63 15 annan
464 724 5 19 i
483 723 38 20 den
535 729 38 14 ena
586 724 49 19 eller
648 723 71 20 andras
736 724 57 20 ställe

49 748 70 21 hinner
132 749 61 21 blifva
207 750 82 24 utsedd;
311 750 38 20 och
363 756 59 14 anser
438 750 97 20 utskottet
554 752 28 17 att
599 750 5 19 i
619 750 62 20 sådan
697 750 95 21 händelse

48 778 57 18 extra
119 778 84 18 stämma
216 777 31 19 för
268 777 116 20 inställande
401 778 20 18 af
433 776 66 27 nödigt
512 777 31 20 val
563 779 71 23 genast
647 777 35 19 bör
701 777 22 20 af
735 776 57 28 kom-

48 802 166 20 munalnämnden
228 803 160 21 sammankallas.

102 830 32 19 Till
149 829 11 26 $
174 830 25 19 47
220 829 83 21 föreslår
323 831 96 19 utskottet
439 830 34 20 det
493 830 65 26 tillägg
578 830 27 19 till
626 830 119 25 stadgandet
758 836 33 15 orm

49 855 213 21 kommunalstämmas
279 856 118 26 kungörelse
416 857 3 18 i
433 857 133 20 kommunens
583 856 80 26 kyrkor,
682 858 29 18 att
724 857 68 19 samti-

48 882 41 26 digt
102 882 83 21 härmed
197 881 74 26 jemväl
285 883 67 26 anslag
369 889 32 14 om
415 883 54 20 tiden
486 883 30 19 för
530 885 99 18 stämman
645 883 36 19 bör
693 883 98 26 utfärdas,

49 911 53 18 samt
115 915 48 14 vara
177 909 112 26 tillgängligt
303 909 5 19 i
322 910 146 25 socknestugan
482 909 48 20 eller
544 909 5 20 å
564 911 59 18 annat
636 909 89 26 lämpligt
738 915 53 15 rum.

103 935 63 26 Enligt
180 936 24 19 23
220 936 10 25 $
244 937 21 18 af
278 936 51 20 1723
344 936 33 20 års
397 936 114 26 privilegier
524 936 30 19 för
567 935 148 26 presteståndet
735 936 56 20 skola

49 962 97 20 ordinarie
163 962 172 21 sockenstämmor
354 962 61 21 hållas
431 965 73 18 tvenne
524 962 73 27 gånger
610 967 33 14 om
656 962 50 20 året.
735 963 32 20 Uti
780 963 11 26 $

50 989 25 19 48
90 989 20 19 af
122 989 39 20 den
175 989 74 25 Nödiga
264 989 145 26 propositionen
429 989 84 20 föreslås
530 989 38 20 den
588 988 81 27 ändring
688 989 5 19 i
707 989 86 22 berörde

50 1014 114 27 stadgande,
188 1018 27 18 att
231 1016 97 20 ordinarie
345 1015 210 21 kommunalstämmor
574 1015 56 21 skola
644 1015 72 27 årligen
731 1015 61 22 hållas

50 1043 30 18 tre
94 1041 80 27 gånger.
203 1043 88 26 Ordning
304 1042 6 20 i
323 1042 131 21 kommunens
470 1043 75 20 drätsel
562 1044 22 18 är
601 1041 29 20 för
643 1042 117 21 densamma
773 1043 21 20 af

50 1067 69 27 högsta
134 1069 48 26 vigt,
197 1070 38 19 och
255 1069 34 20 det
303 1075 60 20 synes
377 1075 47 14 vara
438 1070 21 19 af
476 1069 63 20 denna
553 1069 60 20 orsak
630 1074 44 14 som
687 1071 30 18 tre
731 1068 61 28 årliga

50 1094 212 22 kommunalstämmor
281 1096 63 20 blifvit
357 1097 117 25 föreslagna,
497 1101 23 15 en
534 1096 30 19 för
578 1097 28 18 att
622 1096 69 24 pröfva
705 1096 39 19 och
758 1096 35 20 be-

50 1121 51 20 sluta
115 1127 33 15 om
161 1123 39 20 den
216 1122 61 27 årliga
293 1122 97 20 inkomst-
404 1123 38 20 och
460 1122 149 26 utgifts-staten,
629 1127 24 14 en
666 1123 30 18 för
709 1123 83 25 gransk-

49 1148 45 26 ning
108 1149 20 19 af
141 1149 113 26 taxerings-,
270 1149 130 26 debiterings-
414 1151 38 18 och
465 1148 184 27 uppbördslängden
660 1151 53 17 samt
727 1149 31 20 val
773 1148 21 21 af

50 1175 107 25 revisorer,
173 1177 38 18 och
228 1181 25 14 en
266 1176 31 19 för
312 1176 89 26 pröfning
417 1177 21 18 af
449 1176 38 20 den
501 1176 30 19 för
545 1175 140 26 förvaltningen
703 1175 20 20 af
735 1175 57 20 kome

50 1206 84 15 munens
154 1203 65 20 medel
240 1203 70 25 afgifna
327 1202 135 25 redovisning.
493 1201 102 21 Utskottet
614 1207 59 14 anser
692 1202 34 20 det
746 1207 47 14 vara

50 1228 124 27 oeftergifligt
189 1232 29 17 att
231 1229 104 20 bestämda
350 1230 64 25 reglor
427 1229 30 20 för
473 1228 156 21 drätselverkets
643 1228 150 21 handhafvande

50 1254 70 26 finnas,
139 1257 44 24 och,
200 1257 64 19 ehuru:
281 1255 90 20 anmärkt
386 1255 63 20 blifvit
465 1256 33 20 det
518 1255 114 25 lämpligare
652 1255 95 19 terminer
763 1255 29 20 för

50 1283 122 19 stämmorna
193 1282 67 20 kunde
276 1282 71 25 finnas,
369 1282 109 26 tillstyrker
494 1282 99 20 Utskottet
609 1283 29 18 att
650 1280 143 27 frågavarande

50 1307 12 25 $
74 1308 24 25 på
113 1308 80 21 anförda
208 1310 42 19 skäl
264 1309 37 20 bör
314 1308 119 26 godkännas.

105 1336 7 18 I
126 1336 50 18 sista
190 1340 61 14 mom.
269 1335 22 19 af
308 1335 11 25 $
336 1335 24 19 19
377 1334 109 20 betecknas
506 1335 94 19 allmänna
621 1334 117 26 reglerings-
754 1334 38 18 och

51 1360 166 27 taxeringsfrägor
232 1360 68 20 såsom
314 1360 72 19 sådana
406 1360 66 19 hvilka
487 1359 17 25 ej
521 1360 64 19 kunna
600 1360 21 19 af
638 1362 55 16 extra
707 1361 85 18 stämma

50 1386 116 21 behandlas.
194 1387 11 25 $
219 1388 24 19 48
259 1387 36 20 har
311 1386 60 21 redan
392 1386 76 27 stadgat
484 1388 28 18 att
525 1385 110 26 budgetens
651 1385 90 26 pröfning
755 1385 37 20 och

51 1414 123 27 taxeringens
188 1414 118 26 granskning
320 1413 54 20 skola
389 1413 34 20 ske
439 1413 32 19 vid
485 1412 97 21 ordinarie
599 1413 92 19 stämma.
720 1413 38 19 Det
771 1413 22 19 är

48 1440 81 21 derföre
142 1440 56 22 svårt
212 1443 27 18 att
249 1441 43 20 inse
305 1440 54 21 hvad
373 1445 44 15 som
431 1440 48 20 skall
489 1439 110 27 inbegripas
613 1439 63 20 under
689 1439 61 20 dessa
759 1439 33 20 all-
