1034 1700
201 154 35 20 706
417 152 72 24 Nådiga
500 154 140 22 Propositionen
652 153 36 18 N:o
699 153 30 18 26.

204 204 39 20 lan.
272 203 8 19 I
293 202 63 20 denna
370 202 11 25 $
393 202 100 20 erfordras
507 202 43 26 ock,
566 202 60 25 enligt
637 201 116 21 ständernes
762 201 57 27 åsigt,
834 204 28 18 ett
870 202 76 26 tillägg,

205 234 45 16 som
263 228 94 20 förklarar
371 228 167 20 kronohemmans
552 228 61 21 åboer
627 230 38 18 och
679 228 81 20 boställs
774 228 127 20 innehafvare
913 228 35 20 be-

204 254 96 27 rättigade
313 257 29 17 att
355 257 46 17 utan
416 255 69 20 vidare
497 254 157 28 bemyndigande
668 255 41 19 föra
720 255 51 19 talan
782 254 29 20 för
819 254 26 20 de
853 254 94 26 fastighe-

205 285 37 21 ter,
259 286 44 15 som
317 281 20 19 af
350 281 45 19 dem
409 281 101 20 förvaltas.

258 307 73 20 Vidare
344 306 110 22 innehåller.
461 308 64 20 denna
540 308 10 26 $
564 310 28 18 att
608 308 30 19 för
646 307 98 26 fastighet,
763 312 45 15 som
826 306 42 20 står
883 306 64 20 under

206 335 133 25 borgenärers
353 334 122 25 förvaltning,
492 334 17 25 ej
525 333 29 21 får
568 334 33 20 vid
615 334 199 20 kommunalstämma
827 334 72 24 röstas,
916 332 33 20 sä-

206 362 60 18 framt
279 360 39 20 den
332 360 44 20 icke
390 360 115 20 innehafves
520 360 20 20 af
548 361 70 20 landbo
628 361 48 19 eller
685 360 123 21 arrendator.
837 360 111 20 Ständerne

206 393 48 14 anse
269 386 40 20 skäl
325 386 18 26 ej
357 386 105 21 förefinnas
477 390 27 17 att
520 386 90 26 förbjuda
648 387 25 20 gode
690 389 85 18 männen
801 387 6 19 i
826 386 121 24 konkursen,

208 414 66 20 hvilka
288 414 81 19 förvalta
384 414 129 25 egendomen,
532 416 28 19 att
576 415 30 19 för
636 419 103 16 densamma
756 414 42 19 föra
815 414 63 25 talan,
897 415 53 18 samt

208 441 59 19 hafva
283 440 79 20 derföre
378 440 55 20 hållit
448 441 42 20 före
507 443 27 18 att
550 441 53 20 detta
620 443 88 18 moment
724 441 6 20 i
748 440 130 27 nyssnämndt
896 440 54 25 syfte

208 467 63 20 borde
285 467 109 20 förändras.

262 494 8 19 1
284 494 25 19 12
325 493 9 25 $
348 493 110 26 medgifves
472 493 117 27 röstegande
602 493 203 21 kommunalmedlem
817 495 29 18 att
860 492 30 20 sin
899 492 52 21 talan

208 519 26 26 pä
248 525 64 15 annan
325 520 153 25 röstberättigad
492 519 94 21 öfverläta
599 525 70 20 genom
683 520 96 25 fullmakt,
796 519 58 20 ställd
867 518 26 27 pä
907 519 44 19 viss

209 552 74 20 person
297 547 38 19 och
349 545 134 21 innehällande
496 547 76 26 uppgift
585 546 25 26 pä
623 547 88 25 tillfället,
727 546 25 20 dä
766 547 38 19 den
817 545 50 21 skall
880 546 72 26 begag-

210 579 43 14 nas.
283 574 37 19 Det
334 572 57 21 torde
404 573 59 19 likväl
477 574 72 20 saknas
563 574 61 26 giltigt
637 574 49 25 skäl,
698 573 92 20 hvarföre
799 572 95 21 ombudet
904 572 48 20 nöd-

210 599 80 27 vändigt
304 599 49 20 skall
368 598 52 26 sjelft
434 605 47 15 vara
491 600 159 26 röstberättigalt
659 600 39 20 och
707 598 92 21 hvarföre
809 600 44 20 icke
863 605 24 14 en
895 598 56 20 med-

209 627 40 19 lem
264 627 20 19 af
297 626 119 27 kommunen
432 626 36 20 kan
481 626 19 20 fä
518 627 26 20 till
561 626 106 26 fullmäktig
684 629 68 23 antaga
769 626 38 20 den
824 631 82 21 person,
925 625 27 20 till

210 653 82 20 hvilken
306 653 38 19 han
357 653 62 26 hyser
433 653 118 26 förtroende,
566 654 84 20 allenast
663 653 63 20 denne
739 653 98 26 uppfyller
846 652 25 21 de
881 652 70 25 vilkor,

212 685 44 14 som
271 680 5 19 i
291 679 106 20 allmänhet
410 679 99 21 erfordras
523 680 29 20 för
566 682 28 18 att
607 681 42 19 föra
663 679 71 21 andras
751 680 62 24 talan,
832 678 22 21 sä
871 679 83 25 mycket

212 706 61 20 hellre
287 711 44 14 som
344 704 103 28 jordegare
461 707 30 19 för
504 707 122 20 närvarande
640 705 16 26 ej
671 708 22 18 är
712 706 110 20 förmenadt
838 708 29 17 att
882 710 72 21 genom

212 732 30 20 sin
257 732 106 20 förvaltare
377 732 46 20 eller
438 738 62 15 annan
514 739 73 21 person
600 732 68 21 utöfva
681 734 82 18 rösträtt
772 732 34 21 vid
816 732 138 20 socknestäm-

211 764 42 19 ma,
273 760 38 18 och
328 758 63 26 någon
408 760 102 24 olägenhet
526 760 57 20 deraf
598 758 17 27 ej
632 759 65 20 blifvit
713 760 96 19 anmärkt.
840 758 69 26 Nägon
926 758 27 20 in-

212 785 121 26 skränkning
346 786 21 18 af
379 785 52 21 tiden
445 786 29 20 för
487 787 127 20 fullmaktens
631 786 125 26 begagnande
773 790 61 22 synes
850 785 46 20 icke
912 785 42 20 hel-

212 812 29 20 ler
256 817 48 14 vara
318 811 20 20 af
350 811 94 21 behofvet
457 812 95 26 påkallad,
567 815 48 17 utan
624 815 56 17 torde
690 818 24 14 en
724 812 61 20 hvars
799 814 38 18 rätt
845 812 66 20 kunna
920 817 35 14 an-

212 844 34 14 ses
260 838 46 20 bäst
320 838 89 26 skyddad
424 844 33 14 om
470 839 188 25 tidsbestämningen
678 839 132 19 öfverlemnas
829 837 21 21 åt
865 838 89 20 utfärda-

212 870 47 14 rens
273 867 45 22 eget
331 864 143 25 godtfinnande.
496 866 38 20 Fall
549 866 65 19 kunna
629 865 97 20 nemligen
740 865 75 19 inträffa
829 864 24 20 då
864 870 26 14 en
899 864 56 20 kom-

212 890 154 20 munalmedlem
386 891 29 19 för
435 892 66 25 längre
519 892 27 20 tid
564 894 21 18 är
602 892 86 26 aflägsnad
718 890 44 21 från
779 892 120 19 kommunen
917 892 38 19 och

213 916 85 24 således,
315 922 32 14 om
361 917 90 20 fullmakt
464 919 29 19 för
510 918 70 25 hvarje
596 918 71 20 tillfälle
685 918 48 20 skall
751 918 98 26 utfärdas,
868 917 38 20 blir
923 923 34 14 ur-

213 942 98 20 ständsatt
324 945 28 17 att
365 943 76 20 bevaka
455 945 31 19 sin
497 946 41 18 rätt
548 944 33 20 vid
593 944 219 20 kommunalstämman.
896 962 3 4 E

267 970 37 18 För
317 970 103 19 valbarhet
433 970 26 20 till
474 971 115 21 ordförande
603 972 38 18 och
655 971 45 19 vice
712 970 117 20 ordförande
843 970 5 20 i
862 970 92 20 kommu-

214 995 117 29 nalstämma
345 996 113 24 uppräknas
472 998 5 18 i
492 1003 70 15 senare
576 1003 60 14 mom.
652 998 21 18 af
685 996 10 26 $
710 998 24 19 13
748 997 96 26 åtskilliga
853 996 102 20 inskränk-

214 1027 73 20 ningar,
304 1022 21 19 af
337 1022 66 20 hvilka
417 1022 24 20 de
456 1024 56 20 flesta
527 1024 59 20 redan
600 1024 62 19 finnas
676 1023 6 19 i
696 1023 21 25 $$
731 1024 12 20 9
758 1025 39 18 och
810 1024 24 20 10
844 1023 110 25 uppställda

214 1047 68 21 säsom
297 1048 68 20 hinder
379 1048 29 20 för
421 1050 115 20 utöfvandet
550 1050 20 20 af
582 1052 81 18 rösträtt
681 1049 1 20 i
694 1050 207 24 kommunalstämma,
917 1050 38 19 och

213 1074 80 28 derföre
307 1074 22 19 sä
343 1075 80 25 mycket
438 1077 61 19 hellre
512 1077 66 19 kunna
592 1078 36 18 här
644 1076 46 25 utgä
707 1082 43 14 som
767 1076 62 19 första
845 1078 110 17 momentet

214 1099 109 21 innehåller
337 1102 28 17 att
379 1101 69 20 endast
461 1102 201 26 röstberättigade
674 1102 131 20 medlemmar
816 1103 34 19 äro
867 1102 88 20 valbara.

214 1126 95 20 Deremot
322 1132 50 14 anse
385 1128 105 21 ständerne
503 1129 63 20 denna
581 1129 11 25 $
606 1128 88 20 erfordra
708 1128 35 21 det
759 1128 66 25 tillägg
843 1130 28 17 att
884 1128 73 19 krono-

215 1152 57 27 fogde
287 1153 38 19 och
332 1153 157 29 kronolänsman
499 1158 52 17 samt
560 1156 52 25 lägre
621 1154 150 26 kronobetjente
781 1154 18 26 ej
808 1156 34 19 äro
852 1154 26 21 till
889 1155 68 19 nämn-

214 1179 25 19 da
253 1179 132 29 befattningar
398 1181 85 26 valbara,
496 1181 69 21 såvida
574 1181 90 20 kollision
673 1180 58 27 eljest
740 1181 66 20 kunde
815 1181 72 26 uppstå
897 1181 60 20 emel-

215 1205 31 20 lan
260 1205 26 20 de
301 1205 75 26 pligter,
392 1207 65 20 hvilka
471 1208 5 19 i
491 1208 38 20 ock
538 1208 29 19 för
575 1208 59 20 deras
648 1207 83 25 tjenster
747 1207 62 26 åligga
837 1213 42 20 dem,
906 1210 51 17 samt

214 1231 38 19 den
266 1231 137 26 verksamhet,
420 1239 43 13 som
477 1235 65 18 skulle
556 1234 80 19 kräfvas
650 1234 20 19 af
682 1233 46 20 dem
741 1234 7 18 i
757 1233 58 20 deras
827 1233 100 25 egenskap
937 1233 20 19 af

215 1256 120 19 ordförande
350 1256 6 19 i
369 1256 205 24 kommunalstämma.

269 1282 58 20 Hvad
340 1282 11 30 $
366 1283 24 20 14
407 1285 69 26 angår,
495 1291 49 14 anse
560 1285 105 20 ständerne
682 1290 49 21 svag
747 1286 63 24 helsa,
829 1284 69 20 såsom
914 1285 43 20 laga

215 1308 41 30 skäl
271 1310 29 18 att
310 1309 69 29 afsäga
393 1312 30 25 sig
437 1312 109 26 uppdraget
560 1314 28 18 att
601 1317 47 15 vara
662 1311 117 21 ordförande
793 1312 48 20 eller
855 1311 44 20 vice
911 1296 48 46 ord-

215 1334 81 20 förande
309 1340 6 14 i
329 1335 204 29 kommunalstämma,
550 1338 46 20 böra
611 1338 53 26 utgå,
676 1338 82 20 emedan
769 1338 54 20 detta
832 1337 81 21 uttryck
923 1343 34 21 sy-

214 1366 36 26 nes
264 1366 48 15 vara
326 1367 38 21 nog
378 1366 112 20 obestämdt
506 1366 39 19 och
562 1367 27 18 ett
606 1364 152 26 helsotillstånd,
777 1370 44 15 som
838 1364 64 20 skulle
918 1365 39 19 för-

215 1388 70 20 hindra
299 1393 24 14 en
337 1394 73 20 person
427 1394 28 18 att
471 1392 47 20 slikt
533 1392 90 30 uppdrag
639 1392 91 26 fullgöra,
750 1392 31 20 väl
799 1391 37 21 hör
852 1392 103 19 innefattas

214 1414 63 21 under
287 1417 105 27 uttrycket
405 1418 82 21 svårare
500 1418 111 27 sjuklighet.

268 1440 37 21 Vid
319 1441 11 25 $
345 1442 24 25 15
383 1446 36 20 har
433 1446 107 24 anmärkts,
554 1448 29 18 att
597 1445 117 21 ordförande
727 1446 47 20 eller
784 1446 45 20 vice
838 1444 117 21 ordförande
