1034 1689
173 137 35 33 988
385 140 71 21 Nådiga
468 141 140 21 Propositionen
622 140 36 16 N:o
670 139 27 16 31.

175 189 58 20 hafva
247 192 28 17 att
288 189 86 26 påräkna
391 189 93 19 råämnen
490 182 12 37 i
519 189 105 24 tillräcklig
640 188 78 25 mängd.
744 188 63 19 Dessa
822 186 95 20 råämnen

176 216 58 19 blifva
250 216 109 19 nuförtiden
373 216 101 19 oanvända
490 215 46 20 eller
551 214 58 25 säljas
624 215 28 18 för
666 214 112 25 underpris,
796 212 20 21 af
829 213 50 20 brist
892 212 25 26 pä

176 243 75 19 rörelse
268 243 38 18 och
321 242 79 25 köpare.
431 242 60 19 Deraf
510 241 48 20 lider
572 241 61 19 också
654 241 60 20 folket
728 241 38 18 och
788 240 90 19 kommer
892 242 29 17 att

176 268 39 19 lida
229 270 53 18 ännu
296 269 5 18 i
316 268 106 24 årtionden,
445 274 32 13 om
497 267 18 26 ej
534 273 25 14 nu
580 267 147 26 ifrågavarande
746 266 82 25 jernväg
850 266 71 19 blifver

177 295 60 26 bygd.
263 295 38 20 Men
313 295 45 24 ifall
373 300 44 13 man
428 295 63 18 skulle
507 295 62 19 utföra
579 294 82 25 arbetet,
677 293 80 20 komme
772 293 72 19 antalet
858 293 20 18 af
886 292 35 19 alla

178 321 108 25 produkter
300 323 28 17 att
342 321 48 26 stiga
406 321 38 19 och
458 321 24 19 de
497 321 63 20 skulle
575 320 74 20 erhålla
664 321 33 18 sitt
711 321 49 18 rätta
775 319 67 24 värde,
854 319 68 19 äfven-

178 353 44 14 som
236 347 72 20 folkets
323 348 87 25 ställning
425 347 127 26 synbarligen
567 347 80 20 komme
660 349 27 17 att
702 346 112 19 förbättras.
843 345 29 26 Ty
886 345 37 19 fol-

178 373 45 20 kets
237 373 101 20 förkofran
354 375 4 17 i
373 373 85 25 bildning
472 374 38 18 och
525 372 88 21 välstånd
628 373 110 19 framkallas
753 373 20 18 af
785 371 84 20 trafiken
884 371 38 19 och

179 399 56 20 deraf
248 402 26 17 att
291 400 137 19 menniskorna
443 401 67 18 närma
532 399 28 26 sig
575 399 104 25 hvrandra,
695 398 97 20 måhända
813 398 38 19 lika
866 403 56 20 myc-

179 426 33 19 ket
226 431 44 15 som
284 427 21 19 af
317 426 66 20 skolor
397 427 38 18 och
450 426 59 19 andra
525 425 134 26 inrättningar.
687 426 35 24 Jag
732 425 37 19 kan
784 423 17 26 ej
811 424 61 29 heller
887 429 38 14 un-

180 452 74 20 derlåta
269 456 28 16 att
310 452 91 26 påminna
421 453 76 25 derom,
519 455 28 17 att
560 451 88 25 Päijänes
663 451 117 28 vattendrag
800 451 20 19 af
833 450 91 20 Finlands

179 481 30 17 tre
224 482 53 17 stora
292 481 144 24 vattensystem
451 479 55 19 torde
517 484 48 14 vara
579 478 32 24 de,
622 479 28 18 för
665 478 135 24 befrämjande
813 478 20 18 af
846 477 78 19 hvilkas

179 504 57 20 trafik
250 512 46 14 man
312 505 86 20 hitintills
415 505 97 20 måhända
532 505 51 26 gjort
596 505 65 19 minst.
692 504 70 20 Männe
779 503 17 27 ej
812 504 112 25 billigheten

178 532 64 19 skulle
257 532 72 22 fordra,
352 535 27 16 att
400 532 56 19 äfven
471 532 25 19 de
517 532 6 19 i
538 532 29 19 sin
581 535 31 16 tur
634 532 63 19 skulle
718 532 60 21 blifva
792 530 98 25 delaktiga
904 530 22 19 af

179 558 44 19 hela
237 558 72 20 folkets
324 556 64 27 hjelp?
408 558 67 20 Dertill
493 564 58 14 anser
564 558 32 26 jag
611 557 21 20 så
648 558 81 26 mycket
750 563 54 13 mera
819 557 43 19 skäl
877 562 47 14 vara

179 584 114 26 förhanden,
310 590 44 14 som
369 585 39 19 min
424 585 132 25 öfvertygelse
570 586 22 18 är
606 586 28 17 att
648 584 199 20 Riihimäki—Lahtis
862 584 61 24 vägen

179 613 54 17 snart
247 616 38 20 nog
299 611 63 19 skulle
377 611 79 19 komma
470 614 28 16 att
513 612 47 19 bära
575 612 43 18 sina
632 610 115 20 kostnader.

233 637 56 20 Hvad
306 636 43 21 åter
363 637 283 20 Tavastehus—Tammerfors
665 636 108 26 jernvägen
791 636 132 24 vidkommer,

180 662 21 20 sä
216 664 32 20 vill
261 663 30 26 jag
307 663 17 26 ej
338 664 126 19 underkänna
479 664 48 20 dess
542 663 153 25 nödvändighet;
710 663 32 26 jag
754 662 87 20 anhåller
856 663 70 19 endast

180 692 29 24 att
222 690 77 20 landets
313 690 107 26 högtärade
434 690 84 20 Ständer
534 690 43 19 ville
590 690 51 19 fästa
658 690 92 20 afseende
766 689 32 19 vid
816 694 24 14 en
855 689 69 26 punkt.

180 717 43 19 Åbo
238 717 38 19 och
292 716 60 26 Borgå
367 716 73 23 städer,
464 718 20 18 af
497 717 65 19 hvilka
577 716 38 19 den
636 717 123 19 sistnämnda
779 717 21 18 är
817 716 21 18 af
850 716 75 20 landets

180 742 83 24 mindre,
280 743 58 19 hafva
353 742 86 26 erbjudit
460 743 29 25 sig
504 746 26 16 att
552 742 70 25 sjelfva
637 743 62 26 bygga
719 742 104 26 jernvägar
838 743 29 19 för
884 743 41 19 siha

180 769 65 24 behof,
263 768 82 21 såframt
359 770 68 19 Staten
441 770 45 19 ville
508 770 63 19 lemna
589 770 45 18 dem
649 769 105 19 understöd
770 769 70 19 dertill.
870 770 56 19 Tam-

181 796 84 19 merfors
279 797 21 18 är
315 796 38 20 den
367 796 20 19 af
400 795 47 19 våra
458 796 72 25 städer,
542 796 81 19 hvilken
638 797 46 25 äger
698 796 46 19 flera
760 796 19 19 af
793 798 80 17 naturen
886 796 39 20 och

181 823 99 25 styrelsen
295 822 99 20 förlänade
414 823 119 25 privilegier,
549 824 24 18 än
587 822 62 26 någon
670 828 62 13 annan
746 822 43 20 stad
804 822 5 19 i
824 823 43 19 hela
882 823 44 19 Fin-

180 848 53 20 land.
262 848 71 20 Månne
347 849 33 20 det
394 849 30 19 väl
439 849 23 19 då
479 855 47 14 vore
541 851 50 17 orätt
605 852 28 16 att
647 850 72 24 begära
733 852 28 16 att
775 848 58 20 äfven
846 849 39 19 den
899 856 26 12 nu

181 874 63 21 skulle
261 875 76 26 deltaga
359 876 4 19 i
382 876 164 20 omkostnaderna
571 876 28 18 för
617 875 111 27 byggandet
749 876 20 19 af
782 876 29 19 sin
831 876 97 26 jernväg?

180 901 39 20 Ifall
235 902 68 20 Staten
326 902 62 20 skulle
405 902 65 26 bygga
492 903 29 19 för
537 902 38 20 den
593 902 92 24 landsort,
707 902 80 20 hvilken
809 904 21 17 är
848 902 4 19 i
867 902 61 20 behof

181 926 61 27 deraf,
258 928 72 19 månne
344 928 17 25 ej
377 928 68 20 staden
462 929 45 19 eller
521 929 47 19 dess
585 929 123 25 bruksägare
726 929 28 18 för
769 929 30 19 sin
814 928 30 20 del
859 929 68 19 kunde

180 953 76 27 deltaga
271 955 6 18 i
292 954 77 20 arbetet
385 954 24 26 på
428 955 100 20 enahanda
546 954 69 25 vilkor,
639 960 42 14 som
702 955 5 18 i
726 954 73 20 sådana
821 955 105 20 händelser

181 980 91 26 vanligen
285 980 84 25 beviljas
383 981 87 19 enskilda
486 986 102 20 personer.
613 981 72 19 Härvid
701 981 35 19 bör
750 981 138 25 ihågkommas
898 984 28 17 att

182 1006 29 19 för
225 1012 36 20 par
275 1006 22 20 år
311 1007 60 19 sedan
386 1009 71 17 tvänne
474 1008 21 18 af
508 1008 134 19 Tammerfors
663 1008 128 24 bruksägare,
808 1007 117 27 visserligen

180 1032 45 20 med
241 1034 71 18 andras
326 1033 82 24 biträde,
425 1033 81 25 erbjödo
525 1034 29 25 sig
568 1036 28 16 att
613 1034 63 26 bygga
694 1034 44 19 hela
754 1035 68 24 vägen.
852 1035 26 18 Är
896 1033 31 20 så-

180 1058 55 20 ledes
250 1059 39 19 den
303 1059 79 20 fordran
397 1059 120 26 oberättigad
532 1063 28 16 att
574 1060 35 19 alla
625 1060 47 20 dess
687 1060 121 25 bruksägare
822 1066 26 13 nu
863 1060 62 20 skulle

180 1084 65 27 bygga
260 1091 23 13 en
298 1085 30 20 del
343 1086 66 19 deraf?
430 1086 38 19 Ifall
484 1086 24 20 de
523 1087 64 19 skulle
596 1088 45 23 göra
656 1087 39 23 det,
707 1092 45 13 men
766 1086 18 25 ej
799 1086 4 19 i
819 1086 59 25 något
892 1092 35 14 an-

181 1113 33 17 nat
227 1112 39 24 fall,
282 1112 63 19 skulle
357 1111 32 25 jag
404 1112 60 19 önska
479 1115 27 17 att
520 1118 45 14 man
583 1113 63 19 skulle
663 1112 115 26 båbegynna
792 1113 135 19 Tammerfors

181 1137 64 19 banan
262 1138 99 25 samtidigt
381 1139 45 19 med
444 1138 197 21 Riihimäki—Lahtis
661 1139 70 19 banan.
761 1139 53 19 Eller
832 1140 36 19 bör
880 1145 46 14 man

181 1163 28 19 till
223 1164 134 20 Tammerfors
371 1164 60 26 öfriga
445 1165 114 25 privilegier
574 1167 50 17 ännu
639 1166 53 25 lägga
706 1166 34 20 det
754 1168 28 16 att
797 1171 45 14 man
856 1166 71 19 främst

181 1189 77 26 bygger
272 1196 25 14 en
309 1190 83 25 jernväg
407 1191 34 25 dit,
457 1191 72 20 medan
543 1192 24 19 de
585 1192 29 18 för
627 1192 61 19 andra
706 1192 121 20 landsorters
846 1192 81 26 räkning

180 1215 66 20 måste
260 1217 61 19 blifva
335 1216 89 25 obygda?

234 1242 35 24 Jag
284 1242 38 18 kan
337 1241 17 25 ej
369 1242 61 19 heller
444 1243 62 19 lemna
517 1243 102 19 oanmärkt
634 1246 27 16 att
671 1249 33 13 om
716 1243 132 25 jernvägarne
864 1243 62 20 skulle

181 1267 74 28 byggas
270 1267 24 25 på
307 1272 28 21 nu
349 1268 67 25 antydt
430 1271 44 22 sätt,
491 1268 48 20 våra
558 1268 100 26 tillgångar
672 1269 98 20 måhända
788 1270 63 18 skulle
865 1269 59 20 förslå

181 1295 27 17 all
222 1293 64 25 hjelpa
302 1294 41 19 Åbo
358 1294 37 18 och
409 1294 155 26 Borgå-boerne.
594 1295 23 20 Vi
632 1296 63 19 skulle
710 1295 78 20 således
808 1295 25 26 på
849 1301 77 14 samma

180 1318 27 21 tid
220 1320 79 21 som,
280 1314 22 38 vi
315 1319 72 21 erhålla
401 1326 24 14 en
441 1322 47 19 eller
503 1321 41 25 två,
561 1322 74 20 erhålla
649 1322 43 26 fyra
704 1322 110 25 jernvägar.

234 1346 7 19 I
255 1346 65 20 denna
334 1348 121 19 reservation
470 1348 93 20 förenade
579 1349 29 25 sig
623 1348 195 27 Landtdagsmannen
834 1349 69 20 Klami.
