992 1692
294 140 212 23 NådigaPropositionen
519 140 36 18 N:o
567 140 28 18 38.
768 137 45 28 1228

71 197 36 15 ver
119 190 72 26 jemväl
206 190 33 21 vid
253 190 83 24 handen,
352 193 28 17 att
393 189 218 26 bränvinstillverkning
625 189 53 25 icke,
694 188 67 20 säsom
778 188 36 20 lik-

71 219 31 19 väl
117 224 24 14 en
154 218 31 20 del
200 218 68 19 idkare
282 218 21 19 af
315 217 114 19 densamma
443 217 95 26 förmena,
553 216 5 19 i
568 216 110 24 väsendtlig
688 214 46 20 män
744 215 71 19 under-

70 244 76 26 hjelper
159 243 124 26 jordbruket,
299 246 46 17 utan
362 244 83 19 fastmer
459 248 70 20 genom
547 242 159 20 öfverskattande
722 242 21 19 af
758 242 58 19 dran-

70 271 50 19 kens
134 270 117 20 fodervärde
265 270 38 19 och
317 269 57 20 deraf
387 269 94 20 föranledt
497 269 124 20 förbiseende
637 269 21 19 af
673 268 140 25 ängskötselns

70 300 54 16 stora
142 299 65 23 nyttä,
225 298 23 18 är
265 296 94 25 hinderlig
376 296 29 19 för
422 296 47 19 dess
483 295 97 26 gagneliga
598 295 118 24 utveckling.
746 295 7 18 I
768 293 46 26 följd

71 323 57 20 häraf
140 324 38 19 och
193 322 23 20 då
231 323 25 19 de
269 322 19 20 af
302 322 75 20 landets
392 322 89 26 Styrelse
491 322 25 19 tid
528 322 50 19 efter
590 327 61 14 annan
661 321 102 19 utfärdade
773 323 43 17 sär-

71 350 57 19 skilta
143 349 72 25 påbud,
231 349 104 26 äsyftande
348 352 29 16 att
390 349 105 19 inskränka
511 348 115 25 öfverflödig
635 347 79 26 tillgång
722 347 26 26 pä
758 348 58 19 brän-

72 377 32 18 vin
118 376 37 19 och
170 377 79 18 hämma
264 375 133 26 fyllerilasten,
413 375 48 20 blott
475 375 132 25 ofullständigt
623 375 84 25 uppfyllt
723 373 92 21 ändamä-

70 403 34 25 let,
120 403 51 19 helst
186 403 101 19 missbruk
297 403 20 18 af
325 401 149 26 ifrågavarande
484 401 143 25 tillverknings-
636 402 38 19 och
684 400 131 26 försäljnings-

71 431 45 24 rätt,
132 429 79 26 sålänge
225 429 38 20 den
277 430 21 19 är
313 428 70 26 hvarje
399 429 161 26 fastighetsegare
577 428 112 24 tillerkänd,
708 427 106 26 omöjligen

71 456 65 20 kunna
151 456 140 24 förekommas,
307 456 36 19 har
357 455 88 26 oafvislig
460 455 145 26 nödvändighet
615 455 73 20 intrält
702 457 28 17 att
744 460 70 20 genom

69 482 160 25 undanrödjande
249 482 20 19 af
289 482 61 25 sagde
373 482 205 20 öfverenskommelse
603 482 72 19 bereda
695 481 119 26 Regerings-

70 509 83 25 makten
169 509 71 20 tillfälle
253 511 30 18 att
299 509 76 19 vidtaga
393 509 35 19 alla
446 509 28 19 för
492 508 117 20 hämmande
626 508 20 19 af
661 508 38 19 den
716 507 100 26 omättliga

72 535 209 26 bränvinsnjutningen
295 535 125 25 erforderliga
435 535 98 26 åtgärder,
549 537 52 17 samt
615 537 28 17 att
655 534 72 26 jemväl
744 535 4 18 i
759 534 57 25 öfrigt

71 562 62 21 ordna
151 562 148 26 tillverkningen
317 563 37 18 och
372 561 136 26 försäljningen
523 561 20 20 af
556 561 83 20 nämnde
657 561 116 26 spritdryck
790 560 25 26 pä

72 591 39 18 sätt
125 589 76 20 landets
216 589 30 19 väl
261 589 85 20 kräfver.
374 588 34 20 Till
422 588 158 20 landtständerna
598 594 61 20 synes
677 587 79 20 derföre
770 588 46 19 böra

72 615 131 20 ofverlemnas
219 621 33 14 om
265 615 25 20 de
305 616 29 18 för
349 615 97 19 vinnande
463 615 21 20 af
499 615 53 19 detta
571 615 70 25 vigtiga
659 613 95 27 syltemäl
772 613 46 26 vilja

72 642 109 19 medverka
199 642 26 19 till
243 641 61 20 sädan
322 642 133 25 bestämning,
474 644 28 17 att
518 641 36 20 Jen
573 641 93 24 rättighet
682 643 28 17 att
727 641 89 19 tillverka

72 669 39 19 och
125 667 78 26 försälja
217 668 95 25 bränvin,
329 674 43 14 som
385 674 26 13 nu
429 669 22 18 är
466 667 185 26 jordlägenheterne
668 667 11 20 ä
696 667 65 20 landet
780 667 37 19 och

72 701 26 14 en
112 695 30 20 del
158 695 67 19 städer
240 695 111 24 tillerkänd,
368 695 48 19 skall
431 695 30 18 för
478 694 103 19 framtiden
599 694 97 25 upphöra,
715 696 56 17 emot
784 693 34 20 det

71 722 37 19 den
124 722 53 19 skatt
191 721 77 20 Kronan
283 721 96 20 härintills
392 721 63 20 under
473 727 57 14 namn
548 721 21 19 af
584 720 234 25 bränvinsarrendeafgift

71 748 93 26 uppburit
177 747 93 21 likaledes
285 748 98 20 afskaffas.

124 776 53 18 Enär
192 775 91 25 förtäring
298 775 20 19 af
331 775 84 19 bränvin
429 774 136 26 beklagligtvis
578 774 30 19 för
618 773 84 27 mängen
712 773 57 20 bland
779 773 38 20 den

71 802 113 19 nuvarande
197 802 138 24 generationen
349 802 62 19 blifvit
425 807 24 13 en
465 807 58 18 vana,
540 806 43 14 som
601 800 17 25 ej
640 801 36 19 kan
694 806 71 19 genom
780 800 38 19 för-

72 828 40 20 bud
128 831 42 16 mot
191 828 22 20 all
235 828 124 25 tillverkning
375 828 57 19 deraf
447 830 85 21 utrotas,
552 832 46 14 men
616 830 28 16 ett
661 826 71 20 sådant
750 826 69 20 förbud

73 854 83 20 ofelbart
171 854 62 20 skulle
247 859 73 20 genom
335 856 82 23 utsigter
432 854 27 20 till
475 859 45 14 snar
534 854 39 18 och
587 852 86 26 betydlig
688 853 52 19 vinst
758 853 61 19 fresta

73 880 166 26 lagöfverträdare
253 881 37 19 och
304 880 93 20 utländsk
412 880 81 20 industri
508 880 27 19 till
552 885 71 14 varans
640 879 77 25 olofliga
732 879 87 25 insmug-

73 907 63 24 lande,
153 907 76 20 hvartill
244 907 91 19 kommer
349 909 28 17 att
391 906 82 20 bränvin
486 906 78 19 ändock
578 907 22 18 är
614 906 119 25 oumbärligt
747 905 29 19 för
784 905 36 19 be-

73 933 87 20 redande
174 934 21 19 af
207 934 76 19 alkohol
298 934 26 19 till
339 933 146 25 vetenskapliga
500 933 38 19 och
552 932 61 20 andra
627 932 73 26 nyttiga
717 930 100 26 ändamål,

73 960 37 20 har
124 960 33 19 det
171 960 4 19 i
190 960 60 20 andra
264 960 67 20 länder
345 960 103 24 godkända
463 959 194 25 lagstiftningsmedel
668 961 28 17 att
706 958 48 20 söka
765 959 55 19 häm-

73 992 32 14 ma
119 986 216 26 dryckenskapslasten
348 992 72 19 genom
435 986 111 24 begränsad
560 986 37 18 och
612 988 108 22 noggrannt
732 984 88 20 kontrol-

71 1013 54 19 lerad
140 1013 122 25 tillverkning
276 1013 5 19 i
295 1013 64 19 större
377 1013 38 19 och
434 1012 105 26 fåtaligare,
559 1017 47 14 men
624 1011 60 26 högre
702 1010 116 21 beskattade

72 1040 121 24 brännerier,
208 1040 5 18 i
228 1040 88 25 förening
332 1039 46 19 med
395 1044 24 14 en
434 1038 72 25 jemväl
524 1038 101 20 inskränkt
642 1037 174 26 försäljningsrätt,

73 1068 76 18 ansetts
164 1066 46 19 böra
224 1066 59 20 äfven
297 1067 36 19 här
347 1065 5 19 i
366 1065 66 20 landet
445 1066 97 24 tillämpas
556 1064 39 20 och
610 1064 80 20 komma
706 1067 29 17 att
744 1064 75 20 medfö-

72 1098 21 14 ra
109 1092 117 26 välgörande
241 1092 123 26 verkningar.

128 1119 72 19 Dervid
222 1119 101 20 erfordras
342 1119 70 20 främst
432 1119 106 25 tillförlitlig
555 1118 74 26 uppgift
647 1125 33 13 om
696 1118 34 20 Jet
748 1118 72 26 belopp

75 1146 88 23 bränvin,
179 1151 44 14 som
237 1146 62 19 under
313 1146 25 19 de
353 1151 69 15 senare
437 1145 48 20 åren
495 1145 76 21 blifvit
566 1141 9 33 i
582 1145 68 20 landet
659 1145 112 20 tillverkadt
780 1145 39 19 och

74 1172 123 25 förbrukadt,
213 1171 24 27 pä
252 1172 33 20 det
299 1172 94 20 öfverflöd
408 1172 57 20 deraf
477 1171 18 25 ej
509 1172 70 19 vidare
592 1171 33 20 mä
641 1178 35 19 ega
691 1177 44 14 rum
748 1172 38 18 och
800 1170 19 26 ej

75 1198 61 20 heller
150 1198 57 26 nödig
221 1198 76 26 tillgång
312 1198 79 20 saknas.
420 1198 70 20 Ehuru
504 1198 24 20 de
543 1198 5 19 i
566 1197 70 21 sådant
652 1198 94 20 afseende
760 1197 61 19 infor-

75 1224 62 20 drade
151 1225 143 26 upplysningar
307 1230 32 14 om
354 1224 231 25 husbehofsbränningen
600 1224 11 20 ä
626 1220 65 35 landet
698 1224 24 25 ,-i
741 1224 46 24 följd
802 1224 20 19 af

74 1251 101 21 bristande
192 1251 110 20 kännedom
319 1252 36 19 hos
373 1251 155 25 Kronobetjente
546 1252 51 18 huru
614 1252 62 25 träget
694 1251 37 19 den
748 1251 72 19 utlem-

75 1278 50 19 nade
139 1278 206 25 bränvinsredskapen
360 1277 63 20 under
436 1278 91 25 lofgifven
538 1277 165 25 tillverkningstid
712 1277 64 20 blifvit
786 1277 34 19 be-

75 1305 82 24 gagnad,
173 1304 44 19 icke
231 1305 34 18 äro
279 1305 188 25 tillfyllestgörande,
483 1304 65 19 utvisa
562 1304 59 20 likväl
635 1304 35 19 alla
684 1303 46 20 med
741 1303 79 26 ledning

75 1329 21 20 af
108 1330 115 19 densamma
237 1329 69 25 gjorda
320 1330 129 24 beräkningar
463 1333 28 16 att
504 1329 246 25 bränvinstillverkningen
764 1329 5 18 i
780 1330 41 18 lan-

76 1355 34 20 det
124 1356 30 19 för
167 1355 70 25 hvarje
250 1355 23 20 år
286 1356 38 19 den
338 1356 87 19 utöfvats
437 1355 63 20 under
509 1355 63 20 dertill
581 1355 97 25 medgifna
689 1361 37 13 sex
736 1355 82 23 veckor,

76 1381 82 30 uppgått
171 1382 28 20 till
213 1381 90 26 omkring
317 1381 32 26 sju
362 1381 91 26 miljoner
471 1382 79 19 kannor.
580 1380 34 21 Att
630 1381 53 20 detta
700 1381 72 26 belopp
789 1383 30 17 ut-

76 1411 52 23 gjort
141 1407 105 21 öfvermått
259 1409 38 19 och
311 1409 84 24 bidragit
408 1409 26 19 till
449 1407 145 27 dryckenskap,
610 1407 128 26 ådagalägges
752 1407 21 20 af
785 1407 34 20 all-

76 1436 54 19 mänt
145 1436 52 25 intyg
212 1440 32 15 om
259 1435 94 26 sedligare
367 1435 22 20 lif
401 1435 24 20 då
443 1434 189 25 tillverkningstiden
650 1434 50 20 varit
716 1433 103 21 inskränkt
