1020 1689
187 147 32 32 776
401 148 71 23 Nädiga
483 150 140 21 Propositionen
636 149 35 18 N:o
683 149 28 17 28.

185 199 42 20 den
240 199 30 19 40:
279 197 36 26 Maj
330 198 58 24 1850,
404 197 23 20 så
442 197 42 20 vidt
500 197 110 21 detsamma
624 196 61 26 angår:
705 198 95 24 beloppet
811 197 58 20 af.de
883 203 45 19 per-

185 225 76 20 sonella
273 223 111 27 utskylder,
398 229 43 14 som
456 224 47 19 böra
517 224 88 25 erläggas
619 224 20 19 af
652 222 73 20 sådana
739 223 25 19 till
779 222 149 21 arbetsklassen

184 250 88 21 hörande
291 255 84 21 persoer
394 249 43 20 från
451 250 85 24 Finland,
559 250 67 19 hvilka
640 248 25 26 på
686 249 104 19 obestämd
803 248 28 21 tid
847 249 61 19 vistas
922 249 6 18 i

184 276 106 27 Ryssland,
305 277 93 20 kommer
409 280 28 16 att
450 277 30 20 till
491 277 54 19 kraft
558 277 38 19 och
610 275 75 20 verkan
698 276 83 19 förfalla.
874 297 4 2 N

238 303 11 25 $
263 303 19 19 2.
311 303 9 19 1
333 302 67 20 stället
415 303 48 20 skall
476 308 26 14 en
523 307 115 21 gemensam
652 303 86 24 pesonell
759 301 89 26 utskylä,
866 301 63 20 under

184 335 59 16 namn
256 330 21 19 af
289 329 243 26 mantalspenningar,
548 331 6 18 i
568 329 64 20 landet
642 328 79 25 införas,
732 327 87 26 hvilken,
830 328 38 21 lika
882 328 47 19 med

185 356 29 21 de
226 361 82 16 numera
321 355 108 20 afskaflale
438 355 109 26 afgifterna,
554 356 51 19 skall
618 355 60 20 blifva
691 361 23 14 en:
729 354 119 21 ordinarie
863 355 66 19 skatt

186 383 39 20 och
239 383 80 25 utgöras
328 382 22 19 af
361 382 37 19 alla
407 382 64 19 finska
485 382 137 25 medborgare,
633 387 45 14 som
692 380 83 26 uppnått
785 381 24 19 15
819 380 33 21 ärs
866 381 60 24 ålder,

186 411 47 17 utan
247 403 94 25 -afseenlle
354 407 11 19 å
380 407 57 21 stånd
451 409 48 18 eller
513 409 122 22 vistelseort;
653 408 38 18 och
705 408 80 18 komma
799 407 72 20 endast
884 407 25 19 de
923 407 6 19 i

186 434 65 20 denna
265 434 112 24 förordning
386 434 95 25 stadgade
494 434 104 20 befrielser
610 433 45 20 från
664 433 111 25 personella
788 433 104 26 utskylder
901 435 28 17 att

187 461 106 19 framdeles
309 466 46 14 vara
369 460 94 25 gällande.

240 487 11 25 $
267 487 20 19 3.
307 486 198 25 Mantalspenningar
520 488 98 24 erläggas:

284 513 5 19 i
304 513 54 19 4:sta
371 512 87 25 klassen,
476 512 21 20 af
509 518 46 14 man
576 512 47 20 med
637 513 11 19 2
663 512 63 19 mark.

476 539 21 19 af
509 539 73 25 gvinna
597 546 10 10 »
637 539 9 19 4
662 538 63 20 mark.

283 565 6 19 i
302 564 58 21 2:dra
374 565 86 25 klassen,
476 566 20 18 af
509 571 45 14 man
598 573 11 9 =»
638 566 11 19 2
665 564 56 20 mark
735 564 25 19 40
774 565 65 25 penni:

285 606 2 2 ,
341 616 3 2 N
476 592 20 19 af
508 592 72 24 gvinna
598 599 11 9 »
638 592 10 19 4
664 591 56 20 mark
734 591 26 19 20
774 591 63 25 penni.

284 618 5 19 i
302 616 56 26 3:dje
371 618 85 24 klassen,
472 618 21 19 af
508 622 45 16 män;
597 625 10 9 »
635 619 13 18 4
661 617 63 20 mark.

474 646 20 18 af
507 644 72 25 gvinna
598 652 10 9 »
636 645 11 19 2
662 643 62 20 mark.

240 671 41 20 Alla
295 670 26 20 till
337 671 52 21 4:sta
403 670 37 19 och
455 671 57 19 2:dra
532 671 102 19 klasserna
655 670 85 20 hörande
763 676 94 19 personer
872 670 58 20 skola

187 698 34 19 vid
234 696 94 26 uppnådd
342 697 26 19 60
382 696 33 20 års
430 696 53 20 ålder
498 702 46 15 vara
564 697 29 19 för
608 697 29 25 sig
652 696 70 25 sjelfve
742 696 43 20 från
799 697 131 25 mantalspen-

188 724 78 25 ningars
281 722 68 21 vidare
359 722 115 28 erläggande
487 723 95 23 befriade,
593 723 104 19 hvaremot
711 722 62 20 denna
787 722 91 20 befrielse
887 723 44 20 icke

187 751 62 25 gäller
264 750 29 18 för
307 749 25 21 de
346 749 27 20 till
389 749 62 24 tredje
465 750 87 19 klassen.
558 749 95 19 hänförda
666 754 102 20 personer.

240 776 11 25 $
265 776 20 20 4,
315 776 33 20 Till
362 775 75 20 första
453 775 95 21 klassen
562 774 82 21 räknas:

241 802 24 24 A)
294 802 29 20 På
340 801 89 24 landet:
445 801 75 21 bönder
533 802 49 20 eller
596 802 88 25 allmoge,
700 807 44 14 som
763 801 105 20 innehafva
882 802 48 19 eller

191 828 64 20 bruka
269 828 92 19 hemman
382 828 20 18 af
414 827 61 20 krono
496 828 48 19 eller
557 827 65 21 skatte
636 830 63 21 natur,
720 827 61 25 jemte
802 827 128 25 landbönder,

188 854 162 21 hälftenbrukare
364 854 38 18 och
417 853 113 27 bolagsmän
540 853 53 21 såväl
603 853 25 26 pä
642 854 66 24 dessa,
721 859 43 15 som
775 853 37 20 ock
826 854 52 26 uppå
888 854 45 20 fräl-

187 882 124 20 sehemman.

197 914 2 2 =
240 907 22 24 B)
291 906 124 21 Likaledes
431 906 28 26 pä
477 906 89 21 landet:
589 906 126 21 innehafvare
731 907 21 19 af
771 906 115 26 kronotorp,
901 909 31 18 ut-

188 933 93 26 bysskatt
293 934 48 19 eller
355 938 62 13 annan
437 933 61 20 sådan
514 933 77 20 mindre
611 933 97 25 lägenhet,
731 938 44 15 som
793 932 17 25 ej
831 934 37 19 har
881 933 51 19 visst

188 959 71 28 manta!
275 960 46 19 eller:
334 961 59 18 annat
406 959 91 20 skattetal
510 960 30 25 sig
554 958 61 25 äsatt;
629 959 54 24 jord-
691 959 38 19 och
743 958 186 27 spanmälstorpare,

188 985 120 26 inhysingar,
324 985 164 26 backstuguhjon,
504 985 139 26 skogsvakter,
658 985 80 25 fiskare,
753 985 180 21 socknehandtver-

189 1013 48 19 kare
251 1013 38 19 och
304 1012 136 25 gerningsmän
455 1015 53 17 samt
516 1012 58 20 deras
588 1012 132 25 lärodrängar,
731 1013 54 24 lägre
797 1011 133 27 kyrktjenare,

189 1039 132 21 skolmästare
335 1037 34 21 viil
383 1038 81 19 socken-
476 1038 48 20 eller
537 1038 90 26 byskola,
639 1038 98 26 skeppare
751 1039 37 18 och
803 1040 89 25 styrmän
906 1037 25 26 pä

189 1066 108 23 alimogens
312 1064 119 26 segelfartyg
444 1065 38 18 och
497 1064 64 24 båtar;
578 1063 81 26 sjömän,
674 1065 84 24 drängar
773 1065 38 18 och
825 1065 63 25 pigor;
904 1065 28 19 äf-

188 1096 87 14 vensom
289 1091 90 19 arbetare
393 1091 37 19 och
445 1090 70 21 vakter
527 1090 12 19 å
556 1090 143 25 jordlägenhet,
722 1090 41 25 'säg,
783 1096 69 20 qvarn,
871 1090 59 25 bruk,

189 1117 64 19 fabrik
267 1117 21 20 af
300 1117 37 20 alla
351 1117 48 24 slag,
413 1115 91 26 jernväg,
514 1117 53 20 sluss
581 1117 46 19 ellet
635 1117 62 25 kanal,
708 1116 61 25 jemte
779 1117 60 20 andra
854 1117 26 20 till
894 1117 38 19 den

189 1143 90 25 fattigare
291 1143 121 20 folkklassen
426 1143 85 20 hörande
525 1148 102 20 personer.

243 1169 24 24 €)
295 1169 38 20 Uti
348 1169 52 19 stad
414 1170 43 18 och
471 1168 28 26 på
514 1169 89 20 landet:
619 1167 74 26 itjenst
704 1168 85 21 varande
799 1169 87 20 soldater
895 1170 38 18 och

190 1201 82 19 gemene
287 1195 32 20 vid.
334 1194 38 20 den
386 1195 71 19 indelta
474 1195 102 24 militären,
592 1195 102 20 äfvensom
710 1195 42 19 från
769 1195 26 20 de
808 1195 71 20 indelte
894 1196 39 19 och

190 1221 95 20 värfvade
301 1221 63 19 finske
378 1223 107 22 trupperne
499 1221 107 21 afskedade
621 1222 91 23 soldater,
727 1224 98 17 matroser
839 1224 52 17 samt
904 1222 28 18 öf-

191 1246 40 25 rige
245 1247 27 19 till
287 1246 147 25 gemenskapen
448 1246 87 20 hörande
549 1251 104 20 personer.

243 1273 33 19 Till
292 1272 71 19 andra
377 1272 96 19 klassen
488 1273 81 19 räknas:

245 1299 22 24 A)
294 1297 30 22 På
341 1298 88 21 landet:
449 1297 81 27 bönder,
546 1304 44 14 som
604 1304 35 21 ega
659 1299 151 20 frälsehemman
814 1293 10 36 .
823 1299 56 20 eller
896 1300 34 19 äro

189 1325 137 20 arrendatorer
341 1325 21 19 af
369 1325 81 24 militie-,
462 1324 62 21 civilt-
533 1325 47 20 eller
589 1324 236 25 ecklesiastikt-boställe;
837 1325 94 20 klockare

184 1347 39 34 och
233 1366 4 3 .
242 1351 182 26 orgelnister,
373 1347 56 34 :bro-
437 1352 38 19 och
490 1351 123 26 skallfogdar,
629 1352 83 19 nämnde
727 1353 38 19 och
779 1351 149 26 fjerdingsmän
920 1347 12 34 ;

189 1377 76 26 fogdär,
282 1379 72 19 rättare
368 1380 51 19 samt
433 1377 189 27 trädgårdsmästare
642 1377 5 20 å
663 1379 91 20 hemman
768 1378 49 22 eller
830 1378 99 24 lägenhet;

190 1404 145 26 byggmästare,
348 1406 100 23 qvarters-
461 1405 39 19 och
509 1404 176 26 uppsyningsmän,
696 1406 88 20 mästare
793 1405 39 19 och
848 1405 84 19 maschi-

190 1431 62 21 meter
265 1430 12 21 å
291 1430 41 26 såg,
349 1436 68 19 qvarn,
434 1431 57 25 bruk,
507 1431 70 24 fabrik,
588 1431 98 25 bryggeri,
700 1432 65 20 större
780 1431 153 19 bränvinsbrän-
