1023 1689
176 147 34 18 766
392 146 71 22 Nädiga
475 147 140 22 Propositionen
628 148 35 16 N:o
675 148 28 17 28.

245 196 12 19 å
272 196 25 19 36
312 195 64 26 kopek
396 212 2 3 .
430 211 4 4 .
466 212 4 3 .
501 212 3 3 .
537 212 4 3 2
573 212 38 3 0.
642 197 87 24 160,012
743 201 103 20 personer.

246 223 11 18 a
271 223 26 18 24
311 221 65 26 kopek
396 239 3 3 .
431 238 3 3 .
466 238 3 3 .
502 238 109 3 0.
642 223 87 24 423,972
752 212 14 40 —
784 229 10 10 »

246 249 11 19 a
272 249 24 19 18
311 248 65 26 kopek
395 265 4 4 .
431 265 2 2 .
465 265 3 3 so
500 265 4 3 so
536 264 4 4 co
641 249 87 24 353794
784 256 11 9 »

545 287 82 20 Summa
641 287 88 23 637,778
745 292 103 20 personer.

230 318 64 27 Enligt
308 319 239 26 folkmängds-tabellerne
560 318 91 27 utgjorde
665 319 76 20 landets
754 317 44 21 bela
808 319 113 26 befolkning

176 345 30 20 för
220 345 61 25 sagde
294 345 23 19 år
331 345 66 20 inalles
412 345 109 25 1,705,735
531 351 103 20 personer,
645 345 57 20 deraf
710 345 88 24 235,678
808 345 6 19 i
824 344 96 27 Wiborgs

175 374 52 17 samt
242 372 109 24 1,470,057
366 377 96 20 personer
476 373 52 18 inom
543 372 62 24 öfriga
618 373 39 18 län.

230 398 7 19 I
251 397 93 20 afseende
358 397 11 20 å
383 398 25 20 de
424 399 85 23 160,012
524 403 105 20 personer,
645 403 44 14 som
707 398 5 19 i
730 398 192 25 mantalspenningar

176 425 62 24 erlagt
254 425 25 19 36
293 424 72 25 kopek,
381 424 32 20 må
428 425 105 19 anmärkas
547 427 28 17 att
588 424 27 20 uti
630 425 53 19 detta
697 425 52 19 antal
764 423 42 27 ingå
819 425 45 19 icke
873 425 49 19 blott

176 451 105 20 städernas
304 451 102 20 betalande
426 451 119 20 innevånare
559 451 21 19 af
592 451 37 20 alla
646 451 77 20 klasser
740 453 52 17 samt
806 450 116 27 ståndsper-

177 482 59 15 soner
250 476 24 27 på
290 477 70 26 landet,
376 480 48 17 utan
439 478 37 19 ock
491 480 28 17 ett
533 477 58 26 högst
603 477 96 26 betydligt
712 478 50 19 antal
782 478 19 19 af
818 478 83 25 allmoge
917 477 5 20 i

177 503 25 26 de
216 503 58 20 södra
288 504 66 25 länen,
369 503 61 26 jemte
444 505 36 19 alla
495 504 113 26 inhysingar
625 505 38 18 och
680 503 158 26 backstuguhjon
855 505 28 18 uti
897 504 26 20 de

176 530 160 20 Österbottniska
350 531 111 19 socknarne
476 531 20 19 af
509 531 62 20 Wasa
586 531 38 18 och
633 530 110 26 Uleåborgs
752 531 39 24 län,
803 531 73 24 hvilka,
888 537 34 14 en-

175 556 34 31 ligt
223 557 53 20 hvad
289 557 52 19 förut
355 557 63 20 blifvit
432 557 88 26 nämndt,
536 563 26 13 nu
576 557 64 20 betala
655 557 25 20 36
689 557 65 26 kopek
770 557 29 19 för
812 563 106 19 personen,

175 582 52 21 både
241 583 29 20 för
285 584 30 24 sig
330 583 76 25 sjelfve,
423 584 89 25 hustrur,
528 584 48 20 barn
591 584 38 19 och
646 582 121 25 tjenstefolk.
797 584 7 19 1
822 584 99 19 anseende

175 609 63 20 härtill
254 609 65 20 måste
333 610 34 20 vid
382 616 24 13 en
416 616 63 14 annan
489 610 154 25 klassindelning
653 611 70 19 antalet
733 611 21 19 af
762 615 103 21 personer,
877 616 45 13 som

177 635 63 21 skulle
254 636 79 20 komma
344 639 27 16 att
380 637 47 19 höra
437 637 27 20 till
474 637 24 19 de
509 637 60 25 högre
579 636 108 25 klasserna,
699 637 59 20 äfven
767 637 101 19 nedsättas
877 637 47 20 med

176 662 91 26 omkring
281 663 79 19 hälften.

231 689 41 20 2:0.
301 689 124 25 Lagmans-
439 691 44 18 och
496 689 299 26 häradshöfdinge-räntan
813 693 22 16 är
853 695 24 14 en
891 696 33 13 ur-

177 716 85 25 gammal
279 715 59 25 skatt,
354 721 43 14 som
412 717 80 25 utgöres
507 716 70 19 endast
591 716 24 25 pä
630 716 73 25 landet,
718 722 47 13 men
779 715 146 20 icke
830 711 9 36 i
851 715 74 20 städer-

177 747 31 14 ne.
238 741 45 20 Med
297 741 62 20 denna
373 743 61 24 ränta,
452 748 43 14 som
510 743 113 26 ytterligare
637 743 127 19 bekräftades
778 748 71 20 genom
863 743 60 19 Norr-

177 768 84 25 köpings
275 768 164 26 RiksJagsbeslut
453 770 21 18 af
486 769 37 20 den
538 769 25 20 22
577 770 52 19 Mars
645 769 52 20 1604
711 769 10 25 $
736 770 34 24 11,
788 768 40 21 står
843 769 38 20 den
896 769 26 20 till

178 795 116 25 lagmännen
308 795 37 19 och
361 795 200 26 häradshöfdingarne
578 795 97 26 utgående
692 795 166 26 tingsgästningen
876 796 48 19 eller

177 821 182 26 domarekapparne
374 822 4 19 i
393 822 122 20 omedelbart
529 823 146 25 sammanhang,
695 823 62 18 ehuru
771 829 33 13 om
819 823 105 19 sistnämn-

177 847 24 20 da
216 847 78 27 utskyld
310 849 36 18 här
359 848 50 20 dock
424 848 18 25 ej
457 849 37 19 kan
509 848 59 21 blifva
583 848 61 26 fråga.
673 848 107 25 Angående
794 849 37 20 den
845 849 79 20 Kronan

178 874 111 20 tillfallande
303 875 68 18 räntan
386 876 34 18 äro
435 875 114 20 sedermera
563 875 27 19 tid
605 875 50 20 efter
670 881 63 14 annan
743 875 96 20 särskilda
849 876 75 19 författ-

177 900 68 26 ningar
258 900 110 25 utfärdade,
384 901 57 20 bland
456 901 60 20 andra
529 901 69 26 Kongl.
615 902 128 25 reglementet
753 902 38 19 den
802 902 24 19 20
836 902 89 19 Novem-

178 926 36 20 ber
228 927 49 19 1741
293 927 39 19 och
346 927 136 26 förordningen
496 927 39 20 den
550 928 23 19 12
589 928 52 25 April
658 928 58 24 1858,
732 928 58 25 enligt
805 928 65 19 hvilka
880 934 44 19 sag-

178 953 25 19 de
218 954 54 19 ränta
286 953 36 20 bör
336 953 90 26 erläggas
435 955 46 18 med
491 955 25 18 27
527 954 64 25 kopek
602 954 68 19 silfver
679 954 45 19 icke
733 955 81 25 allenast
823 955 20 18 af
854 955 70 23 hvarje

177 979 127 20 innehafvare
318 979 21 19 af
351 980 92 19 hemman
459 981 38 18 och
510 980 80 25 lagligen
601 980 68 20 afskill
680 980 144 25 hemmansuel,
834 979 90 26 jordtorp

178 1005 38 19 och
230 1005 61 25 öfriga
305 1005 120 26 lägenheter,
442 1007 66 18 hvilka
523 1006 43 20 icke
580 1006 5 19 i
601 1005 45 26 följd
661 1007 20 18 af
693 1007 87 24 gällande
791 1007 134 24 författningar

176 1033 35 17 äro
226 1031 86 19 derifrän
328 1032 93 24 befriade,
438 1035 46 16 utan
500 1033 38 19 ock
553 1033 20 19 af
585 1033 139 25 gerningsmän
734 1033 38 18 och
783 1031 69 27 hvarje
861 1039 61 13 annan

178 1056 25 26 pä
220 1057 66 20 landet
302 1058 66 20 bosatt
385 1064 73 19 person
475 1058 46 20 med
539 1061 45 23 eget
598 1058 83 26 hushäll,
698 1064 43 14 som
756 1058 17 25 ej
788 1060 22 18 är
823 1059 101 19 beroende

177 1084 21 18 af
214 1089 63 13 annan
294 1084 77 19 enskild
387 1090 85 19 persons
488 1085 78 19 försvar
586 1086 37 18 och
640 1085 172 23 husbondevälde;
836 1085 87 20 härifrån

177 1110 57 19 likväl
249 1110 123 25 undantagne
386 1110 123 26 statdrängar
523 1112 46 19 eller
584 1110 186 26 spanmälstorpare,
782 1117 53 14 samt
844 1112 26 19 de
879 1118 45 19 per-

178 1142 65 19 soner,
260 1142 44 14 som
318 1139 34 17 äro
367 1136 100 20 frikallade
481 1137 43 20 från
539 1138 136 26 skyldigheten
685 1140 28 18 att
723 1138 53 19 förse
786 1138 28 25 sig
824 1138 46 20 med
880 1138 43 20 ärs-

178 1162 66 26 tjenst,
261 1163 47 19 eller
322 1163 67 19 hvilka
404 1163 42 19 frän
460 1164 80 25 afgiften
554 1163 57 26 eljest
624 1166 34 17 äro
672 1164 88 26 fritagne.

231 1198 89 19 Befriade
334 1200 34 18 äro
382 1198 26 20 de
422 1199 20 19 af
454 1200 142 25 Ridderskapet
609 1200 38 19 och
662 1200 68 24 Adeln,
747 1206 43 13 som
802 1199 18 26 ej
830 1200 36 20 åbo
878 1200 46 20 kro-

177 1230 33 12 no-
225 1224 37 18 och
278 1224 157 20 skattehemman
450 1226 46 18 eller
510 1226 83 18 boställe
607 1229 47 15 utan
669 1226 127 23 säterifrihet;
808 1227 114 19 innehafva-

177 1255 21 13 ve
212 1250 20 18 af
246 1249 128 20 frälse-säteri
389 1251 47 19 eller
450 1250 94 26 ladugård
558 1252 46 18 med
617 1251 48 20 derä
676 1252 88 19 varande
774 1252 146 25 arrendatorer,

178 1275 168 25 hälftenbrukare,
362 1278 88 23 torpare,
466 1277 92 25 krögare,
574 1276 104 26 mjölnare,
694 1278 134 25 gerningmän,
844 1278 77 26 fogdar,

179 1303 78 23 rättare,
274 1302 197 26 trädgårdsmästare,
487 1304 116 25 gathusmän
613 1304 37 19 och
661 1304 136 26 inhyseshjon;
809 1305 114 19 innehafva-

178 1334 22 14 re
215 1329 20 19 al
247 1328 103 20 berustadt
365 1329 46 20 eller
425 1329 26 20 till
466 1330 83 20 boställe
563 1330 61 20 indelt
638 1331 59 19 säteri
706 1330 46 20 med
762 1331 25 20 de
796 1330 24 27 pä
831 1332 91 19 säteriets

178 1355 87 20 enskilda
280 1362 47 20 egor
341 1356 77 20 bosatte
432 1356 119 27 oskattlagle
565 1360 86 22 torpare;
667 1358 137 20 arrendatorer
818 1358 21 20 af
846 1358 76 26 Kungs-

178 1381 49 26 gård
241 1381 62 26 jemte
316 1382 99 20 derunder
429 1383 85 26 lydande
529 1387 84 23 torpare;
630 1384 136 27 kyrkoherdar
776 1388 52 17 samt
844 1388 78 23 torpare

178 1408 25 26 på
220 1409 140 26 prestgårdens
378 1410 86 20 enskilda
482 1416 56 20 egor;
557 1411 112 25 kapellaner
685 1412 38 19 och
738 1412 102 25 klockare,
858 1412 63 20 såvidt

178 1436 59 20 dessa
252 1436 84 20 sednäre
350 1436 18 26 ej
382 1437 52 20 bebo
449 1437 55 26 något
521 1438 104 26 skattlagdt
640 1439 101 19 hemman;
757 1438 113 26 adjunkter,
887 1445 34 19 pe-
