1014 1692
302 133 71 22 Nådiga
384 133 141 23 Propositionen
538 134 36 17 N:o
587 134 28 17 31.
793 132 35 21 948

86 182 53 25 fund,
156 183 94 19 allmänna
264 182 210 26 undervisningsverk,
492 182 293 27 barmhertighetsinrättningar
798 183 29 20 el-

87 210 29 19 ler
130 209 95 19 enskildta
239 209 96 25 tillhöriga
349 210 116 24 fastigheter
472 210 53 24 eller
539 210 107 25 byggader,
662 215 44 14 som
720 211 34 18 äro
767 210 51 19 antin

86 242 37 19 gen
138 236 26 19 till
178 235 94 19 boställen
286 236 47 19 eller
347 235 58 25 eljest
418 235 25 25 på
457 236 33 19 lön
502 236 99 24 anslagne.

140 262 25 18 Af
180 261 53 25 dylik
249 262 87 19 inkomst
352 262 30 18 för
398 261 44 19 året
458 262 81 23 utgöres
556 262 103 24 bevillning
676 262 46 19 med
739 267 24 14 en
783 267 47 19 pro-

87 282 52 35 cent.
458 299 3 2 -

140 313 20 24 b)
189 313 37 19 den
241 313 86 19 inkomst
341 319 43 13 som
398 312 84 21 erhålles
497 315 19 18 af
530 313 76 24 handel,
622 312 74 25 sjöfart,
709 313 118 25 handtverk,

86 340 73 23 fabrik,
175 339 50 20 bruk
240 341 38 18 och
292 338 144 26 hvarje-annan
448 339 118 26 jordbruket
579 340 45 19 icke
634 339 115 20 tillhörande
759 340 70 24 näring

87 366 50 26 yrke
151 367 48 18 eller
214 367 79 24 rörelse,
310 369 51 16 samt
375 365 50 20 hvad
441 372 43 13 som
499 366 110 20 förvärfvas
622 371 71 20 genom
706 366 88 25 utöfning
808 366 22 19 af

87 393 109 24 vetenskap
211 393 37 18 och
263 393 67 23 konst,
346 393 37 18 och
398 392 94 20 likaledes
509 393 38 19 den
565 392 109 26 behållning
690 393 139 19 arrendatorer
849 401 2 3 +

86 425 36 19 ega
135 419 22 20 af
170 418 60 20 sådan
244 419 67 19 Staten
327 419 82 25 tillhörig
423 419 38 20 fast
476 419 102 26 egendom,
594 419 28 19 för
633 420 79 19 hvilken
722 419 107 24 bevillning

87 446 50 19 efter
151 445 10 25 $
175 446 12 19 2
201 445 43 20 icke
256 447 94 24 erlägges.

142 472 24 19 Af
178 471 22 20 så
215 471 99 20 beskaffad
329 471 86 20 inkomst
428 471 29 20 för
471 471 43 20 året
527 471 46 26 utgå
587 472 105 25 bevillning
702 472 45 19 med
758 477 24 14 en
791 472 38 19 och

87 504 24 14 en
125 498 103 20 femtedels
243 500 87 24 procent.

141 525 32 20 Till
187 525 87 19 inkomst
288 525 20 18 af
321 524 70 25 kapital
405 525 100 19 hänföras:
520 526 54 18 ränta
589 524 11 19 å
614 524 91 20 utlånade
715 524 46 19 eller
772 524 5 19 i
787 525 44 18 rän-

87 551 107 20 tebärande
208 551 126 24 obligationer
348 551 104 26 nedlagde,
468 551 47 20 eller
532 551 124 25 deponerade
672 551 115 25 penningar,
801 550 30 19 äf-

87 583 86 14 vensom
186 580 56 17 ränta
256 577 11 19 å
282 577 62 19 sådan
359 567 57 29 vinst
425 567 27 29 af
458 578 80 24 rörelse,
555 583 43 13 som
613 577 42 20 icke
669 577 37 19 kan
716 576 113 25 inbegripas

87 603 62 20 under
164 603 118 26 "benämning
296 603 86 20 inkomst
395 604 21 19 af
428 603 75 20 arbete.
532 593 26 30 Af
569 603 62 20 sådan
645 604 86 19 inkomst
740 603 89 25 erlägges

87 630 102 25 bevillning
204 630 29 19 för
248 613 69 46 hvarje
331 629 22 20 år
367 630 45 20 med
427 636 24 13 en
466 631 38 18 och
518 636 25 13 en
557 630 105 19 femtedels
675 631 89 24 procent:

435 683 15 26 $
463 684 18 19 5.

140 727 51 20 Från
205 727 106 26 utgörande
326 727 20 20 af
358 727 23 20 all
396 727 190 26 inkomstbevillning
601 729 33 18 äro
648 727 109 20 frikallade:

141 761 18 23 a)
188 761 74 24 Staten,
278 759 82 26 kyrkor,
377 759 145 25 vetenskapliga
540 760 101 24 samfund,
660 760 67 19 länens
744 759 87 20 hushåll-

88 787 172 24 ningssällskaper,
276 786 96 20 allmänna
390 786 66 19 skolor
472 786 265 25 oeh'undervisningsverk,
757 786 74 29 stipen-

87 809 102 34 diifonder,
207 799 191 43 penslonsanstalter,
411 812 52 25 sjuk-
473 813 38 18 och
520 802 250 37 fattigvärdsinrätiningar,
779 812 52 25 Jem-

87 842 19 17 te
121 839 60 19 andra
195 839 84 19 fromma
294 838 99 22 stiftelser,
408 819 177 44 tifränteanstalter,
598 839 121 25 sparbanker
729 840 52 18 samt
791 840 39 18 stä-

87 866 36 19 der
137 866 37 19 och
189 866 128 25 menigheter;
332 865 51 19 dock
397 865 35 19 bör
447 866 30 18 för
491 865 61 25 löner,
568 854 97 35 arvoden,
681 865 106 25 pensioner
801 871 28 13 m.

87 898 36 18 m.,
139 898 44 14 som
198 892 19 19 af
230 898 24 13 nu
269 892 127 26 uppräknade
410 892 60 18 verks
485 882 100 39 tillgångar
600 890 51 26 utgå,
661 881 22 29 af
690 891 140 20 innehafvaren

87 920 89 24 erläggas
191 919 104 25 bevillning
309 919 50 19 efter
373 924 76 13 samma
464 916 189 28 beräkningsgrund,
670 923 43 14 som
728 919 29 19 för
771 918 60 19 andra

87 946 40 19 lön-
143 946 37 18 och
195 934 161 36 pensionstagare
370 944 45 30 med
431 944 46 20 flere
492 946 22 18 är
530 932 104 32 fastställd.

141 978 20 24 b)
176 997 3 1 .
190 978 64 19 finske
269 977 135 25 medborgare,
421 976 64 20 hvilka
500 983 10 13 å
524 979 32 17 ort
568 979 56 17 utom
637 976 77 20 Finland
724 976 64 20 drifva
798 978 33 18 nä-

88 1004 41 26 ring
144 1005 46 19 eller
204 1005 55 25 yrke,
276 1003 43 21 från
334 1004 106 24 bevillning
456 1004 28 19 för
499 1004 113 19 inkomsten
626 1003 65 19 deraf.

142 1036 19 25 c)
190 1035 127 25 tjenstemän,
337 1035 86 25 betjente
441 1037 38 18 och
496 1036 121 26 gemenskap
635 1035 32 19 vid
685 1035 24 19 de
726 1036 5 18 i
752 1035 79 20 Finland

87 1063 87 25 förlagde
189 1064 59 25 ryska
263 1063 56 19 civila
334 1063 38 18 och
387 1062 81 20 militära
484 1062 138 26 myndigheter
640 1065 51 16 samt
708 1062 123 20 främmande

88 1078 89 30 makters
191 1089 122 20 härvarande
328 1089 111 19 konsulater
455 1089 114 19 tillhörande
584 1094 102 20 personer,
700 1087 61 26 jemte
773 1089 58 19 deras

89 1115 109 25 betjening,
218 1116 21 19 sä
256 1116 59 18 framt
331 1115 26 19 de
374 1115 44 19 icke
436 1117 32 17 äro
487 1115 63 20 finske
566 1105 131 35 medborgare
715 1116 47 29 eller
779 1115 52 19 inom

89 1142 66 19 landet
169 1142 65 19 utöfva
249 1142 67 25 näring
330 1142 48 18 eller
393 1142 57 24 yrke.

142 1174 20 24 d)
191 1174 138 29 utländningar,
346 1173 64 20 hvilka
426 1174 69 19 endast
508 1173 70 19 såsom
591 1173 84 19 resande
689 1173 29 25 sig
732 1173 4 19 i
751 1172 80 20 Finland

89 1200 103 26 uppehålla
210 1201 38 18 och
264 1200 36 19 här
314 1200 5 19 i
334 1200 65 19 landet
416 1200 87 19 hvarken
517 1200 44 19 idka
576 1200 68 25 näring
657 1188 60 31 eller
718 1201 33 17 äro
768 1199 5 18 i
787 1199 44 20 Sta-

89 1229 51 25 tens,
156 1228 104 18 kommuns
276 1226 46 19 eller
336 1225 52 20 finsk
402 1226 117 19 undersätes
534 1225 59 25 tjenst
602 1226 102 19 anställda.

143 1260 18 24 €)
177 1258 93 20 invånare
285 1258 4 19 i
304 1258 147 25 Lappmarkens
466 1258 67 21 härad.

143 1292 107 18 Dessutom
264 1290 81 19 befrias:
362 1290 18 24 1)
396 1290 44 19 från
457 1290 104 25 bevillning
577 1290 29 20 för
623 1290 86 19 inkomst
725 1290 21 19 af
762 1290 71 20 arbete

91 1317 25 18 Je
129 1322 103 19 personer,
248 1316 78 18 hvilkas
340 1315 61 25 ärliga
418 1317 85 18 inkomst
519 1316 56 18 deraf
591 1317 44 17 icke
651 1316 118 24 öfverstiger
783 1316 49 18 ätta-

90 1342 75 19 hundra
182 1342 66 24 mark,
267 1342 38 18 och
320 1340 75 26 jemväl
413 1342 92 18 sterbhus
524 1342 48 19 efter
589 1347 95 19 personer
701 1342 87 18 hörande
804 1342 27 18 til

90 1367 140 20 Kleresistaten
244 1357 30 29 för
288 1367 110 19 inkomsten
413 1368 20 18 af
446 1370 55 16 extra
516 1367 67 24 nädär;
596 1368 37 18 och
643 1368 19 24 2)
673 1367 42 19 frän
725 1367 107 25 bevillning

90 1394 30 20 för
134 1394 86 19 inkomst
233 1394 19 19 af
266 1394 69 25 kapital
350 1394 24 19 de
388 1400 104 19 personer,
508 1380 78 43 hvilkas
600 1394 58 25 ärliga
675 1394 88 19 inkomst
777 1393 57 20 deraf

90 1421 45 19 icke
148 1421 117 24 öfverstiger
280 1421 66 19 femtio
360 1420 63 19 mark.
