1025 1686
312 144 71 23 Nädiga
395 145 141 24 Propositionen
549 145 35 18 N:o
597 146 29 17 86.
797 145 44 20 1183

98 191 20 22 af
138 192 174 27 alkoholmängden
333 195 50 19 efter
404 195 129 20 mäskkarens
554 194 108 27 rymdmätt
679 195 70 20 blifver
763 195 81 20 alldeles

98 220 119 26 godtycklig.
247 221 37 19 För
298 221 38 19 den
352 221 156 20 kontrollerande
523 221 141 26 myndigheten
678 221 64 20 måste
757 221 33 19 det
799 221 45 20 der-

97 246 43 19 före
156 252 45 13 vara
216 245 116 28 ojemförligt
347 248 118 25 lämpligare,
481 248 83 19 likasom
578 247 34 20 det
625 248 30 19 för
669 249 90 18 skattens
773 247 70 26 riktiga

99 272 108 25 beräkning
224 276 23 15 är
263 273 124 25 nödvändigt,
406 277 28 15 att
451 274 70 19 endast
538 274 93 24 beloppet
644 274 20 18 af
676 274 38 19 den
729 273 115 20 tillverkade

98 303 62 15 varan
176 302 108 21 noggrannt
298 299 88 23 utredes,
402 300 64 19 denna
480 299 32 20 må
527 300 60 19 sedan
602 300 58 19 hafva
675 299 110 20 tillkommit
796 300 49 19 efter

98 324 66 19 hvilka
180 325 104 19 methoder
298 326 37 18 och
351 326 4 18 i
370 326 101 19 hurudana
486 326 86 25 redskap
587 331 43 14 som
646 326 57 20 helst.
733 326 66 19 Denna
814 328 30 17 ut-

97 350 80 26 redning
193 351 67 19 vinnes
274 352 45 19 bäst
332 357 73 19 genom
418 352 65 19 direkt
498 352 135 26 uppmätning,
649 352 24 19 då
687 352 36 20 alla
733 352 110 26 föreslagna

97 376 116 20 mekaniska
233 378 38 18 och
292 377 172 25 sjelfverksamma
478 378 204 26 mätningsapparater
695 380 51 18 ännu
761 377 18 27 ej
794 384 50 14 vun-

98 403 28 19 nit
140 402 63 26 någon
218 404 63 19 större
296 404 117 25 utbredning
428 405 37 19 och
480 404 17 25 ej
513 405 61 19 heller
588 402 66 22 kudna
660 405 91 19 undvara
757 410 87 20 nogrann

97 429 74 26 tillsyn.
201 430 29 18 De
244 431 64 18 större
322 430 107 20 kostnäder
443 431 38 19 den
496 431 108 25 föreslagna
616 431 229 25 kontrolleringsmetho-

96 455 38 20 den
149 456 100 19 erfordrar
263 458 101 24 uppvägas
378 457 155 25 fullständigt
509 451 21 36 af
541 457 33 19 det
584 457 114 25 tillförlitliga
709 458 82 19 resultat
797 457 47 20 den-

97 487 77 14 samma
194 483 82 23 lemnar,
295 484 37 18 och
347 488 67 20 synes,
431 485 49 17 enär
493 483 171 20 Ofverkontrollör
678 484 133 19 tillförordnas
825 484 22 20 af

96 508 76 20 landets
193 509 97 25 Styrelse,
309 510 152 25 Länestyrelsen
475 512 83 23 antager
571 510 119 25 Kontrollör,
707 510 94 20 särskildt
814 510 29 19 för

96 534 70 25 hvarje
187 535 185 25 bränningstermin,
389 537 38 18 och
441 536 119 20 kommunen
574 536 58 20 äfven
648 542 47 20 eger
709 539 29 17 att
751 538 46 18 utse
811 536 34 20 sitt

97 560 75 21 ombud
186 562 48 19 eller
248 564 28 16 ett
291 562 62 19 vittne
367 564 28 17 att
404 562 249 25 bränvinsuppmätningen
663 562 112 25 öfvervara,
786 563 57 25 ingen

98 587 104 25 anledning
224 587 63 20 finnas
300 587 26 20 till
346 587 79 27 :farhåga
439 591 27 16 att
480 589 102 19 underslef
594 589 46 19 med
654 591 43 17 vett
711 589 37 19 och
764 588 46 26 vilja
825 589 21 19 af

98 613 266 27 kontrolleringspersonalen
378 614 81 20 komme
473 618 28 16 att
515 614 67 26 begås.

152 646 36 19 För
210 649 26 16 att
256 646 52 20 dock
326 649 28 17 ett
371 650 108 22 noggrannt
495 648 83 19 resultat
598 648 47 19 skall
662 648 69 19 vinnas
745 648 23 19 är
781 648 61 19 ound-

97 672 103 25 gängligen
218 672 118 26 nödvändigt
351 675 27 17 att
393 673 32 19 vid
440 673 151 26 uppmätningen
606 673 17 25 ej
638 674 49 19 blott
701 674 111 20 kannetalet
825 674 21 19 af

98 698 151 26 tillverkningen
267 700 87 24 utrönes,
370 702 46 17 utan
431 700 57 19 äfven
504 700 96 26 mängden
614 700 20 19 af
647 700 33 19 det
695 700 41 20 deri
751 700 94 26 ingående

97 725 95 25 egentliga
203 726 111 24 fabrikatet,
326 725 38 20 den
374 726 103 19 vattenfria
487 726 110 26 alkoholen,
609 726 139 20 areometriskt
758 727 87 19 bestäm-

97 757 51 14 mes.
177 752 41 19 Den
240 753 36 19 hos
293 758 34 14 oss
341 752 30 20 för
385 752 70 20 sådant
469 752 88 21 ändamål
572 752 89 20 använda
676 754 167 19 areometerskala

97 778 63 19 hvilar
181 778 23 25 på
222 784 24 14 en
263 778 104 20 irrationell
383 779 76 25 princip
474 780 38 18 och
525 780 75 19 lemnar
614 778 18 26 ej
647 778 64 26 någon
725 780 119 26 upplysning

97 810 32 14 om
150 804 113 20 bränvinets
281 805 88 26 verkliga
384 806 75 26 styrka,
477 806 103 20 hvaremot
594 806 38 19 den
646 806 22 19 af
680 806 91 20 Tralles
785 806 59 20 inrät-

97 831 45 19 tade
163 834 123 16 areometern
312 831 64 20 direkt
396 832 88 26 angifver
498 833 52 18 huru
565 831 69 26 många
649 832 49 19 mått
712 832 77 19 alkohol
805 833 38 19 100

97 857 50 20 mått
161 858 21 19 af
194 858 103 19 bränvinet
311 857 116 24 innehåller;
443 859 38 18 och
495 858 24 20 då
534 859 115 19 densamma
663 859 30 18 för
708 864 24 13 en
743 863 48 15 vara
801 864 43 14 som

97 885 76 18 mätes
194 886 22 17 är
236 884 45 20 vida
295 883 188 27 ändamålsenligare
497 886 25 18 än
537 891 24 14 en
578 887 119 22 areometer,
717 885 81 20 hvilken
813 884 32 20 sä-

96 916 45 14 som
158 913 14 17 t.
191 916 31 13 ex.
241 911 113 19 Richters
374 911 90 25 angifver
485 911 137 26 vigtsdelarna,
642 911 36 19 har
694 911 37 20 den
745 917 44 14 mer
803 912 40 19 och

96 942 45 14 mer
154 937 83 19 kommit
250 937 6 19 i
270 937 78 20 allmänt
362 937 50 20 bruk
427 937 33 20 vid
474 937 138 20 brännerierna
628 937 36 19 och
679 937 94 25 förtjenar
787 939 5 18 i
805 939 39 24 hög

96 963 49 25 grad
159 965 29 17 att
200 963 59 20 äfven
273 964 37 19 hos
325 969 34 14 oss
374 964 79 19 införas.

150 995 69 20 Ehuru
240 995 38 20 den
298 996 121 19 framställda
440 996 259 19 kontrolleringsmethoden
717 996 73 20 befriar
804 997 40 25 lag-

97 1021 89 20 stiftaren
207 1021 42 20 från
267 1027 24 14 en
309 1022 71 25 mängd
398 1023 123 18 föreskrifter
535 1022 100 25 angående
649 1023 152 18 bränneriernas
816 1023 28 18 in-

97 1047 85 26 rättning
196 1047 37 20 och
248 1048 161 25 tillverkningens
425 1049 89 18 tekniska
529 1048 109 25 utförande,
654 1049 57 18 hafva
724 1048 51 20 dock
785 1047 58 27 några

97 1074 145 26 bestämningar
257 1074 99 20 befunnits
371 1075 71 25 nödiga
457 1077 28 17 att
499 1075 101 24 fastställa,
616 1075 42 19 dels
673 1075 47 20 med
729 1074 113 21 afseende
830 1070 16 35 ä

97 1100 148 20 underlättande
260 1102 20 18 af
293 1101 115 24 kontrollen,
425 1101 43 19 dels
483 1102 29 18 för
526 1104 28 16 att
568 1101 121 19 förekomma
701 1101 103 20 underslef
812 1107 33 19 ge-

97 1132 47 14 nom
159 1126 63 26 oloflig
236 1127 125 25 tillverkning
375 1128 48 18 eller
437 1127 91 19 frestelse
541 1127 69 19 dertill.
640 1128 8 18 I
663 1126 70 20 sådant
747 1127 52 26 syfte
809 1127 35 25 pä-

97 1153 68 26 yrkas,
181 1155 28 17 att
222 1152 24 26 på
261 1159 75 13 samma
351 1154 92 24 lägenhet
456 1154 82 19 bränvin
552 1153 18 25 ej
584 1152 30 20 får
628 1154 100 24 samtidigt
742 1154 101 19 tillverkas

97 1180 6 19 i
124 1179 47 20 flere
192 1182 25 16 än
238 1182 29 16 ett
287 1180 98 22 bränneri,
408 1182 33 22 att,
465 1179 68 20 såsom
551 1179 61 20 redan
627 1179 64 19 blifvit
704 1178 118 27 framhållet,
839 1180 5 18 i

98 1204 70 26 hvarje
182 1206 91 19 bränneri
288 1206 69 20 endast
371 1212 25 13 en
412 1206 86 25 redskap
513 1206 30 19 får
557 1206 109 24 anbringas,
679 1209 52 16 samt
741 1208 28 17 att
778 1206 67 20 mäsk-

97 1231 109 25 beredning
219 1231 30 20 får
263 1232 97 26 företagas
375 1232 58 25 högst
446 1232 40 19 fem
501 1232 61 25 dagar
576 1232 41 19 före
632 1231 67 25 början
714 1232 21 19 af
740 1232 105 20 bränvins-

97 1258 157 25 tillverkningen.
283 1259 67 19 Denna
370 1258 27 20 tid
415 1260 21 17 är
453 1258 117 25 fullkomligt
587 1258 101 25 tillräcklig
705 1258 30 19 för
747 1257 99 27 jäsnings-

98 1289 120 21 processens
239 1284 118 26 afslutande,
375 1285 38 19 och
430 1286 22 18 är
468 1285 33 19 det
515 1285 78 19 derföre
607 1284 80 20 alldeles
701 1284 142 20 ändamålslöst

98 1312 29 17 att
143 1310 30 18 för
190 1316 23 13 en
230 1310 72 19 tillåten
317 1311 217 24 bränvinstillverkning
549 1311 52 18 förut
615 1311 86 24 företaga
715 1311 126 22 densamma;

79 1354 5 2 -
98 1335 62 20 likaså
181 1335 63 20 finnes
265 1336 57 25 ingen
340 1335 102 25 tillräcklig
456 1336 63 25 grund
534 1335 46 20 att
574 1331 11 34 i
595 1337 105 18 allmänhet
715 1335 60 20 tillåta
791 1336 51 19 inne-

98 1361 106 20 hafvandet
218 1363 21 18 af
251 1367 35 14 sur
300 1362 136 25 tillmäskning,
453 1362 79 19 hvarför
546 1361 60 22 äfven
620 1362 71 19 förbud
705 1362 69 19 derom
778 1357 13 34 i
805 1362 38 19 för-

99 1389 62 25 slaget
175 1387 66 27 ingått.
