1009 1681
300 132 73 22 Nådiga
384 133 141 22 Propositionen
537 134 36 17 N:o
583 134 29 17 32.
786 135 43 19 1051

186 184 35 21 att,
235 181 32 20 vid
281 181 58 26 behof
351 183 24 25 af
381 183 136 26 förstärkning
531 185 8 18 i
556 183 90 20 Bankens
664 185 111 25 silfverfond
793 187 34 18 och

185 210 48 26 efter
243 210 94 27 pröfning
351 211 26 25 af
389 211 174 27 bankfullmäktiges
573 212 65 19 derom
646 213 69 24 gjorda
719 213 108 24 framställ-

184 239 51 24 ning,
247 237 28 26 på
290 237 116 20 Ständernes
424 243 74 21 vägnar
516 242 107 23 garantera
642 240 69 19 utrikes
732 240 31 19 lån
783 242 44 18 eller

183 265 62 20 kredit
259 266 28 19 till
301 266 65 25 belopp
381 267 25 24 af
417 267 55 24 högst
486 266 41 20 åtta
541 267 84 25 miljoner
637 268 54 19 mark
695 268 62 25 finskt
766 271 59 23 mynt,

183 293 63 19 hvilka
264 294 60 19 medel
338 294 59 19 skulle
406 295 37 24 för
457 295 122 19 statsverkets
595 295 80 25 räkning
688 295 93 26 upplänas
791 297 34 19 och

184 321 28 19 till
229 321 86 20 Bankens
331 321 110 26 disposition
455 322 111 26 öfverlätas,
582 325 47 17 emot
648 323 118 20 densammas
780 324 45 25 för-

183 349 82 20 bindelse
285 352 28 17 att
331 356 84 13 ansvara
428 351 37 24 för
488 350 161 26 äterbetalningen
671 352 50 19 inom
742 351 83 26 stadgad

183 377 159 26 amorteringstid.

132 409 70 20 Ehuru
216 409 167 26 konjunkturerna
396 411 63 20 under
473 411 125 20 närvarande
608 411 90 26 tidpunkt
707 412 44 19 icke
762 418 62 20 synas

81 436 98 25 medgifva
195 435 151 28 negocierandet
359 437 21 19 af
392 438 143 20 ofvanberörde
552 437 31 20 lån
597 437 25 26 pä
639 439 95 25 antagliga
751 439 70 24 vilkor,

80 463 62 20 borde
157 463 48 20 dess
219 463 124 26 upptagande
357 464 51 19 dock
424 465 4 18 i
443 464 105 20 framtiden
561 465 60 20 blifva
635 464 84 26 möjligt,
738 466 38 18 och
793 465 32 20 så-

78 489 60 20 lunda
152 489 118 21 åtminstone
285 491 33 19 det
331 490 92 20 svåraste
436 491 79 20 hindret
529 491 28 19 för
574 491 89 19 Bankens
680 491 101 26 öppnande
796 492 27 20 till

79 516 170 26 silfverutvexling
263 517 65 19 kunna
342 517 138 25 undanrödjas.
509 518 38 20 För
561 520 28 17 att
603 523 25 14 nu
643 517 63 20 denna
720 518 57 26 högst
785 519 39 25 vig-

78 542 38 26 tiga
131 543 96 26 reglering
241 544 20 18 af
273 544 90 19 Finlands
377 544 146 26 myntväsende
537 544 45 19 icke
596 544 140 26 mättelängre,
747 547 24 17 än
781 551 42 13 om-

78 569 159 26 stänligheterna
251 570 76 25 kräfva,
343 570 115 26 uppehällas
473 572 38 18 och
530 570 104 25 fördröjas,
649 576 60 14 anser
723 571 101 20 Utskottet

78 596 31 25 sig
122 596 47 19 böra
185 596 36 19 hos
235 596 110 20 Ständerne
360 597 145 20 vördsammast
519 597 107 26 tillstyrka,

181 630 28 18 att
224 628 93 20 Finlands
331 629 56 20 Bank
402 628 31 20 mä
447 633 74 22 öppnas
536 630 27 19 till
580 630 165 26 silfverutvexling,
763 630 60 20 sedan

181 656 43 20 dess
238 658 105 19 metalliska
354 658 33 19 och
401 658 84 19 redbara
494 658 73 26 fonder
581 659 64 19 vunnit
659 658 57 24 nödig
725 658 97 25 förstärk-

180 686 51 25 ning,
247 688 49 16 samt
307 686 70 24 jemväl
391 686 62 19 andra
468 686 59 20 vilkor
542 686 33 20 och
584 685 144 27 förhållanden,
741 692 41 14 som
791 686 32 20 vid

181 720 22 13 en
218 713 52 26 dylik
285 713 69 26 ätgärd
368 714 64 19 kunna
446 721 48 13 vara
509 714 24 26 af
549 714 132 26 hufvudsaklig
701 716 44 24 vigt,
766 716 57 24 tagits

181 742 6 18 i
210 742 83 25 behörigt
312 742 139 26 öfvervägande
472 744 25 24 af
514 742 164 26 bankfullmäktige
697 742 34 20 och
749 743 74 19 landets

179 769 103 26 Regering,
295 770 28 26 pä
337 770 72 20 hvilkas
423 772 142 24 samstämmiga
580 770 58 20 beslut
651 770 69 20 sakens
731 771 91 25 afyöran-

181 798 22 20 de
217 798 59 20 skulle
291 798 50 20 bero.

130 826 91 20 Finlands
235 826 53 20 Bank
303 827 36 19 har
352 826 67 20 såsom
433 826 38 20 den
486 827 27 19 till
527 826 40 20 tab.
584 826 32 25 IV,
631 826 18 20 V
663 826 38 20 och
717 826 25 20 VI
753 826 69 20 höran-

76 852 26 20 de
114 851 215 21 historisk-statistiska
338 853 142 26 framställning
489 853 86 24 utvisar,
594 852 63 20 under
673 852 39 20 den
728 852 56 20 korta
798 854 24 18 ti-

77 879 38 19 den
129 878 43 20 från
187 878 22 20 år
224 879 50 19 1840
290 880 25 19 till
331 880 38 18 och
382 880 47 19 med
443 880 51 20 1862
505 878 112 27 genomgått
627 878 70 26 många
706 880 114 18 omvexlan-

77 905 25 20 de
116 905 79 24 skiften;
211 906 38 19 och
264 906 136 19 erfarenheten
415 906 57 19 häraf
487 906 35 26 gör
539 905 34 20 det
590 905 99 24 tänkbart,
705 908 37 22 att,
761 906 60 19 sedan

77 932 79 19 Banken
171 931 43 20 åter
228 935 73 22 öppnat
314 933 30 19 sin
358 933 176 25 silfverutvexling,
547 937 38 21 nya
595 933 38 18 och
643 932 127 19 oförutsedda
779 937 42 14 om-

77 958 134 26 ständigheter
231 958 66 21 kunna
314 959 86 23 inträffa,
419 959 66 20 hvilka
502 959 46 19 med
568 958 87 26 oafvislig
676 959 146 24 nödvändighet

77 984 118 20 framtvinga
209 984 91 27 åtgärder
314 985 5 19 i
333 988 82 17 motsatt
431 985 91 25 riktning.
554 985 29 19 En
600 985 46 19 klok
663 985 108 25 beräkning
786 985 36 25 på-

72 1011 73 25 kallar,
161 1012 82 19 likasom
258 1011 130 26 härförinnan,
404 1011 125 26 iakttagande
543 1011 20 19 af
575 1011 123 26 försigtighet
715 1012 5 18 i
735 1011 22 19 så
771 1011 50 20 måt-

77 1040 28 22 to,
121 1040 28 17 att
162 1037 89 20 Bankens
264 1037 84 20 bestånd
361 1038 45 19 icke
420 1037 29 20 får
463 1038 122 30 äfventyras,
601 1037 30 20 för
643 1040 30 17 att
685 1037 26 26 på
725 1037 97 26 vanskligt

76 1065 41 18 sätt
133 1064 64 19 under
213 1063 63 25 någon
293 1064 80 19 kortare
392 1064 26 20 tid
439 1063 131 26 upprätthålla
589 1064 135 25 myntvärdet,
747 1063 74 20 hvilket

77 1090 87 20 derefter
179 1090 37 19 kan
231 1089 70 26 sjunka
314 1090 6 19 i
335 1093 28 16 ett
376 1092 51 17 ännu
446 1090 82 25 djupare
548 1089 69 20 förfall.
645 1090 44 19 Med
709 1090 66 25 nödigt
794 1090 27 19 af-

77 1117 78 19 seende-
165 1116 11 20 å
191 1116 66 26 dylika
271 1116 171 25 samhällsvådliga
455 1116 138 23 förhållanden,
609 1117 38 18 och
661 1116 24 25 på
700 1116 33 19 det
742 1116 78 20 Finland

77 1143 64 20 under
154 1149 25 14 en
194 1143 61 19 sådan
269 1143 27 19 tid
310 1143 61 19 måtte
385 1143 5 19 i
405 1143 72 19 minsta
491 1142 78 26 möjliga
585 1143 48 25 grad
650 1143 109 18 vidkännas
776 1143 45 18 sak-

77 1170 63 19 naden
155 1169 21 20 af
189 1169 33 19 det
236 1169 131 26 bytesmedel,
384 1175 43 14 som
442 1169 68 20 vunnit
523 1169 79 19 rättvist
616 1169 111 19 förtroende
737 1169 36 18 hos
781 1169 40 18 lan-

78 1195 44 20 dets
136 1195 100 25 invånare,
252 1195 62 20 finner
328 1196 101 19 Utskottet
442 1196 30 25 sig
484 1196 49 19 böra
547 1195 37 20 hos
597 1195 109 19 Ständerne
718 1195 103 19 vördsam-

76 1221 58 21 mast
143 1222 104 25 tillstyrka,
318 1238 4 5 a

180 1250 27 17 att
221 1248 72 19 landets
308 1247 101 28 Regering,
426 1250 89 23 antingen
530 1248 47 25 efter
586 1247 137 26 godkännande
732 1247 24 25 af
763 1247 57 20 bank-

175 1276 129 27 fullmäktiges
319 1277 64 19 derom
396 1277 69 25 gjorda
473 1276 152 25 framställning,
645 1275 46 20 eller
710 1275 34 19 ock
762 1275 59 19 sedan

180 1304 165 25 bankfullmäktige
359 1305 27 18 till
401 1305 129 24 Regeringens
545 1303 99 20 enahanda
653 1303 78 25 förslag
746 1303 73 24 bifallit,

179 1331 32 20 må
226 1331 123 20 tillerkännas
363 1332 88 24 rättighet
466 1334 27 17 att
507 1333 7 17 i
528 1331 105 25 trängande
646 1330 74 25 nödfall
734 1330 86 19 inskrän-

179 1359 26 19 ka
219 1359 44 19 eller
277 1359 76 19 alldeles
367 1360 76 19 inställa
458 1360 89 18 Bankens
560 1358 163 26 silfverutvexling,
735 1358 33 18 och
778 1358 41 18 der-

179 1388 48 25 efter
241 1388 30 19 vid
286 1388 92 25 inträffad
387 1388 140 26 förmånligare
541 1387 88 25 ställning
643 1385 42 21 åter
699 1385 40 20 låta
757 1388 64 23 öppna

180 1416 117 24 densamma;
311 1416 98 26 äfvensom
425 1419 27 17 att
466 1416 61 20 under
541 1415 35 20 den
591 1415 33 23 tid,
639 1414 26 21 dä
679 1414 65 26 silfver
753 1415 7 17 i
769 1414 51 20 Ban-
