1009 1689
300 136 70 22 Nådiga
383 137 140 22 Propositionen
537 137 35 16 N:o
585 137 28 17 35.
785 137 43 20 1115

85 185 76 20 förmån
179 185 115 20 meddelade
310 186 84 25 utslaget
411 187 20 18 af
445 185 117 26 jordegaren
579 186 5 19 i
599 186 82 25 stadgad
695 187 83 25 ordning
792 193 36 14 un-

84 212 103 20 derkastas
201 212 119 25 granskning
334 212 21 19 af
367 217 24 14 en
406 215 51 17 ännu
472 213 61 25 högre
543 212 82 20 instans.
653 213 34 19 Ett
697 212 69 20 sädant
775 213 52 20 stad-

84 239 63 25 gande
165 244 61 20 synes
243 238 65 20 kunna
326 238 78 19 komma
421 241 29 17 att
466 239 43 19 leda
530 239 27 19 till
579 241 52 17 stora
649 239 126 25 olägenheter
789 240 37 19 och

84 265 59 20 svåra
158 265 145 25 förvecklingar
317 264 51 20 både
382 265 29 19 för
425 265 104 22 landboen,
545 265 60 20 hvars
619 265 61 20 fördel
697 265 34 20 det
747 266 79 25 egentli-

85 296 37 20 gen
137 291 81 26 åsyftar,
235 291 37 19 och
287 292 30 19 för
329 290 124 25 jordegaren.
483 292 30 25 Ty
526 291 34 20 det
573 293 22 18 är
603 291 102 26 ingalunda
716 292 109 25 otänkbart,

84 320 29 17 att
126 317 134 26 nyssberörda
274 317 117 26 granskning
406 317 39 20 kan
459 318 43 19 leda
516 317 73 24 dertill,
605 320 29 17 att
650 318 177 26 afhysningsutsla-

84 347 38 22 get,
139 344 45 19 med
199 343 138 26 upphäfvande
351 344 20 19 af
383 343 33 20 det
431 344 84 20 sednare
529 345 86 23 utslaget
629 345 46 19 eller
688 344 79 25 domen,
779 345 47 19 slut-

84 371 51 25 ligen
149 371 113 19 fastställes.
291 371 31 19 En
336 376 27 20 ny
376 371 106 26 afhysning
495 371 65 19 blefve
569 370 25 20 då
603 371 112 26 oundviklig
725 371 38 18 och
773 371 53 20 skul-

84 397 18 20 le
116 397 90 25 vanligen
220 397 80 20 komma
314 399 28 17 att
355 396 76 26 åtföljas
446 397 21 20 af
479 403 38 19 nya
531 403 43 14 mer
591 397 47 20 eller
654 397 76 20 mindre
747 397 80 20 inveck-

84 423 44 21 lade
142 423 199 25 ersättningstvister.
371 423 99 20 Utskottet
479 429 58 14 anser
546 424 35 19 det
593 423 77 20 derföre
687 428 47 15 vara
751 424 6 18 i
773 423 54 20 land-

85 449 63 21 boens
162 449 17 25 ej
194 450 77 20 mindre
284 451 23 18 än
323 448 128 28 jordegarens
468 455 59 15 sanna
544 450 94 24 intresse,
657 456 32 14 om
708 450 38 20 den
764 450 63 20 förres

85 476 153 20 återinsättande
252 477 43 19 icke
310 475 29 20 får
353 476 79 20 komma
447 477 4 19 i
466 476 60 26 fråga,
543 477 57 18 innan
614 476 34 20 det
661 476 72 25 utslag,
744 476 26 19 till
781 475 45 26 följd

85 503 72 20 hvaraf
172 504 38 18 han
227 502 64 20 blifvit
307 502 76 26 afhyst,
403 502 63 20 blifvit
482 508 70 20 genom
568 503 64 25 utslag
648 504 47 19 eller
711 502 56 24 dom,
782 508 45 14 som

85 530 68 19 vunnit
167 530 41 24 laga
222 528 52 21 kraft
287 529 48 20 eller
348 529 55 20 hvari
419 530 81 24 ändring
513 530 44 19 icke
572 534 54 14 mera
635 529 38 20 kan
683 529 66 24 sökas,
766 528 61 21 slutli-

84 562 38 20 gen
136 556 115 26 upphäfvet,
268 556 37 19 och
319 555 30 19 får
363 555 78 21 således
456 556 77 24 föreslå,
549 558 28 17 att
591 554 148 27 ifrågavarande
755 554 11 26 $
782 555 45 19 icke

84 582 62 20 måtte
161 583 20 19 af
194 582 108 20 Ständerne
316 585 79 23 antagas
409 582 115 20 oförändrad
539 584 47 17 utan
600 582 46 20 med
659 580 90 26 följande,
761 581 6 19 i
776 582 52 19 före-

85 608 82 20 stående
181 608 140 24 framställning
335 608 100 25 grundade
449 608 84 26 lydelse:

253 635 48 19 Har
314 634 6 19 i
334 635 51 19 stöd
400 635 23 19 af
436 635 135 19 Guvernörs
589 634 58 20 eller
663 634 117 20 domstols
793 636 35 17 ut-

209 662 50 24 slag
276 661 128 25 afhysning
422 661 73 25 skett,
514 660 27 26 på
559 662 46 18 sätt
622 660 125 19 ofvanföre
767 660 60 19 med-

209 688 76 24 gifvet
298 688 34 24 är,
348 687 43 19 och
406 688 85 19 varder
506 686 84 21 sådant
603 687 78 25 utslag
692 686 71 20 sedan
772 691 55 20 upp-

210 714 83 19 häfvet
307 719 82 19 genom
403 713 51 20 dom
469 714 58 20 eller
541 713 86 25 utslag,
643 718 50 14 som
708 708 78 35 vunnit
798 713 30 19 la-

210 746 27 20 ga
251 740 72 24 kraft,
339 739 35 20 må
389 740 43 20 den
446 740 95 25 afhyste
555 738 157 21 återinsättas
729 738 5 19 i
751 740 77 24 lägen-

211 768 84 18 hetens
310 766 147 26 förvaltning
472 766 43 19 och
530 771 57 14 vare
600 766 87 19 derhos
697 764 130 26 berättigad

211 793 34 19 till
261 792 41 20 full
317 792 134 26 ersättning
465 793 35 19 för
514 792 28 20 all
557 792 44 19 den
615 790 99 21 kostnad
729 791 42 20 och
781 791 46 19 ska-

210 819 36 24 da,
263 818 44 20 han
321 824 82 20 genom
417 819 160 26 afhysningen
592 818 44 20 fått
650 818 136 19 vidkännas.

138 869 130 26 Helsingfors,
285 868 37 20 den
337 869 11 19 3
363 869 111 20 December
485 869 58 19 1864.

349 1035 222 22 Reservation.

299 1094 25 19 Af
336 1094 150 24 Borgmästaren
501 1093 17 19 J.
535 1093 80 20 Mölsä:

140 1132 71 21 Såsom
227 1137 45 15 man
291 1134 34 17 vet
340 1131 63 20 finnes
419 1131 34 19 det
470 1136 24 13 en
509 1129 107 25 väsendtlig
631 1129 101 20 åtskillnad
747 1129 82 20 emellan

88 1159 112 26 rättegångs
214 1159 108 24 ordningen
338 1157 32 20 vid
385 1157 111 20 häradsrätt
510 1158 38 19 och
563 1156 32 29 vid
610 1156 137 26 länestyrelse.

140 1186 33 19 Till
189 1185 112 20 häradsrätt
315 1185 35 19 bör
364 1183 143 25 svarandepart
521 1183 48 20 först
583 1184 116 17 instemmas
713 1182 58 19 innan
784 1187 44 14 man

88 1216 42 17 mot
144 1213 72 18 honom
230 1211 37 20 kan
281 1211 41 20 föra
337 1211 57 18 talan.
425 1209 37 20 Vid
476 1209 117 20 häradsrätt,
609 1209 63 23 ehuru
687 1209 24 18 de
726 1207 51 20 hålla
790 1208 40 25 lag-

90 1240 47 19 tima
151 1239 42 24 ting
208 1238 48 19 blott
269 1237 34 20 två
317 1236 73 26 gånger
404 1241 31 14 om
452 1235 48 26 året,
518 1235 60 20 vållar
594 1235 120 24 invändning
729 1239 33 14 om
775 1234 55 19 dom-

88 1266 50 19 stols
151 1264 116 25 behörighet
281 1264 38 19 och
328 1263 47 19 flere
385 1265 77 25 parters
475 1261 94 24 hörande,
580 1266 32 14 om
623 1261 37 19 den
670 1261 104 23 förkastas,
785 1265 46 14 men

89 1297 45 14 man
149 1293 23 17 är
186 1290 45 19 med
246 1289 93 26 åtgärden
354 1288 102 25 missnöjd,
472 1287 87 27 uppskof
571 1287 4 18 i
589 1286 133 26 rättegången.
751 1286 40 19 Alla
801 1291 31 14 ar-

90 1321 30 16 ter
135 1317 21 18 af
169 1315 178 26 bevisningsmedel
361 1316 67 17 kunna
443 1315 98 27 begagnas
555 1313 32 18 vid
602 1313 109 28 häradsrätt
725 1313 39 17 och
773 1313 59 17 rätte-

90 1343 76 26 gången
180 1343 21 18 är
216 1341 99 24 muntelig,
332 1340 21 19 så
367 1343 28 16 att
409 1342 69 23 parten
494 1339 45 25 sjelf
551 1339 37 18 kan
603 1339 82 24 iakttaga
700 1337 37 19 och
755 1337 76 19 bevaka

90 1369 30 20 sin
134 1371 40 16 rätt
187 1369 38 18 och
239 1367 36 22 sitt
287 1367 63 19 bästa.
686 1389 3 3 N

144 1396 62 19 Annat
222 1395 21 19 är
260 1393 128 20 förhållandet
404 1392 45 19 med
467 1390 190 27 processordningen
672 1389 31 20 vid
719 1389 113 26 länestyrel-

89 1427 68 15 serne.
186 1421 89 20 Emedan
295 1419 60 20 desse
375 1419 139 19 auktoriteters
532 1418 126 18 verksamhet
673 1418 21 17 är
708 1418 123 22 permanent,
