1009 1689
188 133 45 32 1284
395 136 71 22 Nådiga
477 137 140 22 Propositionen
630 137 34 16 N:o
676 137 30 16 38.

517 221 45 20 Art.
582 221 20 20 4.

444 273 96 20 Allmänna
554 273 120 24 Stadganden.

526 323 10 26 $
551 324 46 19 107.

244 362 49 24 Den,
309 367 44 14 som
368 361 62 20 under
444 361 37 19 den
496 361 37 24 tid,
548 361 25 19 då
586 361 38 19 ban
636 361 29 19 för
677 361 130 26 förbrytelser
818 364 42 17 mot
869 361 64 20 denna

190 387 112 26 förordning
321 390 22 17 är
362 388 64 19 under
447 388 53 19 tilltal
518 387 66 25 ställd,
600 393 76 14 samma
691 387 118 26 förbrytelse
823 388 109 25 fortsätter,

190 413 60 25 skall,
267 416 36 17 när
319 415 39 18 han
375 414 62 19 dertill
452 414 81 26 lagligen
546 414 108 18 förvunnen
668 413 79 25 varder,
763 415 29 18 för
806 413 68 25 hvarje
884 413 50 27 gång

191 440 98 24 stämning
304 440 78 20 derföre
396 440 95 20 utfärdats
506 440 36 20 och
556 439 108 26 delgifvits,
681 440 55 19 fällas
744 440 26 20 till
780 440 26 20 de
815 440 63 24 böter,
889 446 44 14 som

191 466 30 18 för
236 466 60 20 sådan
311 466 118 26 förbrytelse
444 466 93 26 stadgade
552 467 41 18 äro.
621 466 7 19 1
643 466 65 26 dylika
722 466 31 20 fall
768 467 35 19 bör
818 465 17 26 ej
848 466 46 20 med
903 469 32 17 ut-

192 492 51 25 slags
258 492 125 20 afkunnande
396 493 56 19 öfver
465 493 61 19 redan
540 492 70 20 utredd
625 492 117 27 förbrytelse
752 492 122 26 uppehållas,
886 495 48 17 utan

191 518 70 20 dervid
275 519 49 19 blott
337 519 97 25 iakttagas
448 522 34 22 att,
498 518 24 20 då
536 519 82 20 böterne
633 517 18 26 ej
664 518 54 26 utgå,
729 518 121 26 förvandling
860 520 20 18 af
887 519 47 19 dem

191 544 28 20 till
236 545 141 20 motsvarande
394 548 60 17 annat
470 545 58 20 straff
542 545 30 19 för
588 545 35 19 alla
639 545 153 26 förbrytelserna
804 544 26 26 på
844 551 26 14 en
884 545 51 26 gång

191 572 93 19 utsättes.

527 604 11 25 $
552 604 46 19 108.

244 642 26 18 Af
288 642 57 20 böter
362 647 43 14 som
423 642 57 24 enligt
497 642 64 20 denna
576 641 112 25 förordning
702 640 112 26 älömmas,
830 642 104 18 äfvensom

192 667 61 20 värde
267 668 21 19 af
300 668 93 24 bränvin,
408 673 44 14 som
466 668 98 20 förbrutet
580 673 68 18 anses,
663 668 73 19 tillfalle
752 673 25 13 en
791 666 95 26 tredjedel
902 673 34 13 en-

191 693 51 19 hvar
255 694 21 19 af
288 694 121 25 angifvaren,
425 693 104 27 äklagaren
544 695 38 19 och
596 694 39 19 den
649 693 101 25 kommun,
765 694 36 19 der
810 693 38 20 Jen
858 693 78 21 ätalade

192 720 132 26 förbrytelsen
338 721 22 18 är
373 720 109 25 begängen.

527 774 11 25 $
552 774 46 20 109.

245 811 58 20 Hvad
317 811 21 19 af
350 811 66 24 böter,
432 816 43 14 som
491 810 28 20 för
536 810 64 26 oloflig
612 810 219 26 bränvinstillverkning
844 809 90 26 ädömas,

192 837 44 19 icke
249 837 63 25 utgår,
329 837 48 19 skall
392 838 111 19 förvandlas
519 838 26 19 till
560 837 94 25 fängelse,
670 837 45 19 med
730 837 112 25 skyldighet
856 839 28 17 att
895 837 40 19 för-

191 864 50 18 rätta
254 863 87 26 lämpligt
355 864 79 19 allmänt
448 864 68 19 arbete
531 864 61 19 under
606 862 84 26 följande
705 863 37 19 tid:

191 895 37 19 För
242 895 57 20 böter
312 896 26 19 till
354 895 38 19 och
406 895 46 19 med
466 896 67 18 femtio
547 895 55 19 mark
636 910 4 4 .
671 910 4 4 .
707 910 4 4 .
742 910 5 4 .
778 910 5 4 .
826 896 25 19 414
865 895 68 25 dagar.

192 921 42 19 från
248 922 69 19 femtio
331 921 26 19 till
372 922 38 19 och
424 922 45 19 med
484 922 105 19 etthundra
602 921 76 19 mark.
710 937 5 3 .
745 937 4 3 .
782 937 3 3 .
828 922 25 19 20
896 929 11 10 >

191 947 43 19 från
248 948 107 19 etthundra
368 948 27 19 till
410 947 37 20 och
461 949 45 18 med
521 947 105 20 etthundra
640 947 67 20 femtio
721 947 65 20 mark.
828 948 26 19 30
895 956 13 9 »

192 973 42 20 från
249 974 105 19 etthundra
369 974 68 19 femtio
451 974 25 19 till
492 975 37 18 och
543 974 44 19 med
602 973 112 20 tvåhundra
730 973 57 20 mark
808 969 9 34 =
828 975 25 19 40
897 982 11 9 »

192 999 43 20 från
250 999 111 21 tvåhundra
375 1000 25 19 till
416 1001 38 18 och
468 1001 45 19 med
528 999 110 21 tvåhundra
653 1000 66 19 femtio
732 999 56 20 mark
811 995 9 34 =
829 1001 25 20 59
896 1009 12 9 »

192 1025 43 20 från
250 1025 112 21 tvåhundra
376 1026 69 19 femtio
459 1027 25 19 till
500 1027 37 19 och
552 1027 45 19 med
612 1026 105 20 trehundra
731 1027 57 19 mark
809 1021 9 35 =
829 1027 25 20 60
896 1035 12 9 »

192 1051 42 22 från
248 1052 108 20 trehundra
369 1053 27 19 till
411 1053 38 19 och
463 1053 45 20 med
522 1053 120 26 fyrahundra
660 1053 56 20 mark
746 1069 5 3 .
782 1069 4 4 .
829 1054 24 19 80
896 1061 12 10 >»

191 1077 43 21 frän
248 1079 120 26 fyrahundra
383 1079 25 20 till
424 1080 38 18 och
476 1080 45 19 med
536 1079 118 20 femhundra
668 1079 57 20 mark
747 1095 5 4 .
783 1095 4 4 .
816 1081 39 18 100
896 1088 12 9 »

191 1104 42 20 från
248 1105 116 20 femhundra
379 1105 25 20 till
420 1106 38 19 och
472 1106 45 19 med
532 1106 113 19 sexhundra
659 1106 57 19 mark
745 1122 5 3 .
781 1121 3 4 .
815 1107 38 19 120
896 1114 12 9 »

191 1130 44 20 från
249 1132 114 19 sexhundra
378 1132 26 19 till
420 1132 38 19 och
472 1132 45 19 med
532 1131 108 26 sjuhundra
659 1133 56 19 mark
746 1149 3 2 .
782 1148 3 3 .
816 1133 38 19 140
896 1141 11 8 »

192 1156 42 20 från
249 1157 109 24 sjuhundra
372 1158 25 19 till
412 1158 37 19 och
464 1158 45 19 med
524 1158 116 20 ättahundra
659 1159 58 18 mark
747 1174 4 4 .
782 1174 4 3 .
816 1159 38 20 460
898 1167 10 9 »

191 1183 42 19 från
248 1183 116 20 ättahundra
378 1183 26 20 till
420 1185 38 18 och
472 1185 46 19 med
531 1184 109 20 niohundra
655 1189 56 15 mark
746 1199 5 4 .
782 1201 4 4 .
816 1185 38 20 180
896 1193 12 9 >»

191 1208 43 20 från
249 1209 109 20 niohundra
372 1209 26 20 till
414 1211 37 18 och
465 1211 45 19 med
525 1213 78 18 ettusen
618 1211 56 20 mark
710 1226 4 4 =.
746 1227 4 3 .
814 1212 40 19 200
896 1219 11 9 »

192 1236 38 17 och
246 1236 74 23 vidare,
331 1236 5 17 i
346 1241 75 13 samma
430 1236 127 23 förhällande,
570 1237 26 18 till
611 1239 27 16 ett
652 1236 29 24 är,
698 1242 44 14 som
751 1239 114 17 motsvarar
878 1237 58 19 böter

191 1261 78 18 utöfver
283 1263 79 17 ettusen
377 1261 108 20 niohundra
499 1262 56 19 mark
570 1263 38 18 och
622 1263 22 18 är
658 1263 36 19 den
708 1263 76 24 längsta
798 1263 34 24 tid,
848 1263 88 19 hvarun-

192 1287 36 18 der
241 1285 65 26 någon
319 1287 30 18 för
363 1287 48 20 siika
426 1287 62 25 böter,
504 1287 32 20 mä
551 1287 5 20 i
571 1287 85 26 fängelse
671 1288 68 21 hållas.

245 1313 37 19 Det
296 1313 72 26 belopp
383 1313 20 19 af
416 1314 61 25 öfrige
491 1314 5 19 i
510 1314 61 20 denna
587 1314 111 27 förordning
712 1315 94 26 stadgade
816 1316 63 25 böter,
891 1321 43 14 som

192 1339 18 25 ej
224 1339 38 20 kan
280 1339 62 26 utfäs,
362 1340 48 19 skall
428 1341 112 20 förvandlas
558 1341 25 20 till
602 1341 87 25 fängelse
704 1341 33 20 vid
753 1345 65 17 vatten
832 1343 39 19 och
886 1343 48 20 bröd

192 1365 82 21 sålunda
288 1368 29 18 att
326 1369 53 17 emot
389 1366 56 20 böter
454 1367 26 20 till
492 1368 37 19 och
540 1367 46 20 med
594 1368 66 19 trettio
671 1369 56 19 mark
740 1375 70 14 svarar
821 1369 62 26 dylikt
892 1370 42 19 fän-

192 1393 55 24 gelse
260 1393 6 18 i
280 1393 43 26 fyra
337 1393 65 25 dagar,
418 1393 92 20 deröfver
524 1394 24 20 till
564 1394 37 19 och
616 1394 46 20 med
675 1395 63 20 sextio
750 1396 56 19 mark
816 1395 39 21 åtta
864 1396 68 26 dagar,

192 1418 92 20 deröfver
299 1419 26 19 till
340 1420 37 18 och
392 1420 45 19 med
452 1421 103 19 etthundra
570 1420 55 28 tjugu
640 1421 57 20 mark
711 1421 35 21 tolf
759 1422 67 26 dagar,
841 1423 93 19 deröfver
