1023 1686
324 138 71 23 Nådiga
407 139 141 24 Propositionen
561 140 36 18 N:o
609 141 29 17 38.
810 140 45 19 1299

110 186 67 30 vinser
190 188 23 19 är
225 187 34 20 det
273 187 99 26 förbjudet
386 191 28 17 att
427 189 83 19 bränvin
525 189 26 19 till
561 188 81 20 Finland
651 189 68 19 införa.
748 188 105 20 Beträffan-

109 213 26 29 Je
149 214 78 19 införsel
242 214 21 19 af
275 214 82 20 bränvin
371 215 29 19 för
414 215 61 26 ryska
489 215 78 19 flottans
581 215 66 24 behof,
664 215 50 25 gälle
730 214 52 20 dock
799 216 53 19 hvad

109 244 4 13 i
128 239 54 20 detta
197 240 93 20 afssende
304 240 94 20 särskildt
411 243 22 17 är
447 241 48 20 eller
508 241 107 21 framdeles
629 241 71 20 blifver
713 241 97 26 stadgadt.

419 276 22 25 $$
456 276 84 20 57—60.

409 319 141 20 Oförändrade.

451 372 10 25 $
475 373 33 19 61.

162 415 45 21 Med
227 415 98 25 undantag
346 415 20 20 af
385 415 51 20 hvad
454 416 62 20 under
532 415 76 26 sjöresa
622 415 11 20 å
647 417 64 25 fartyg
725 417 68 19 såsom
807 422 46 21 pro-

108 441 54 20 viant
181 443 48 18 eller
243 442 26 19 till
284 442 82 20 utförsel
381 441 43 20 från
438 442 67 20 landet
519 442 124 25 medhafves,
659 442 47 20 skall
721 443 90 24 bränvin,
827 443 24 20 då

107 467 34 20 det
161 468 11 19 å
194 467 67 26 saltsjö
279 468 70 20 forslas
367 468 26 19 till
409 469 5 18 i
428 468 173 20 nästförestående
614 469 94 25 paragraf
719 469 85 20 berörde
818 469 34 19 be-

106 495 52 24 lopp,
176 494 59 20 äfven
249 500 48 14 vara
311 493 75 26 åtföljdt
397 495 21 19 af
426 495 130 26 förpassning.
585 495 38 19 Om
633 495 106 26 forslingen
749 496 47 19 sker
805 496 46 19 med

107 520 85 21 roddbåt
211 522 47 19 eller
279 526 64 15 annan
363 521 76 20 mindre
459 521 81 25 farkost,
563 521 48 20 eller
628 521 92 20 vintertid
734 521 117 20 annorledes

107 547 118 20 verkställes
243 547 6 19 i
266 547 127 25 skärgården,
411 547 31 20 får
459 548 69 19 dervid
544 547 25 26 på
587 553 24 13 en
627 547 50 27 gång
693 547 19 25 ej
725 548 127 24 medbringas

106 573 79 19 utöfver
203 573 66 21 trettio
286 574 76 19 kannor
377 574 88 19 bränvin.
495 574 43 20 Den
558 573 63 20 dertill
643 574 68 25 nödiga
729 574 123 26 förpassning

107 600 88 19 utfärdas
210 599 11 20 å
236 600 38 19 sätt
288 599 57 21 ofvan
360 600 56 25 sagdt
433 601 27 19 är.

449 652 10 26 $
473 652 33 20 62.

411 690 132 20 Oförändrad.

449 743 10 25 $
473 744 32 19 63.

159 781 100 20 Anträffas
273 781 11 19 å
299 780 61 21 sådan
374 781 48 25 fora,
439 786 43 14 som
495 783 116 18 omnämnes
621 781 5 19 i
636 781 21 26 $$
666 782 25 20 60
701 782 38 19 och
748 782 33 25 61,
793 781 57 20 brän-

108 808 33 20 vin
162 808 79 20 utöfver
262 808 74 19 femton
357 808 74 19 kannor
451 810 48 17 utan
516 808 124 25 förpassning
657 808 46 20 eller
720 810 22 18 är
758 808 93 25 beloppet

105 836 64 17 större
183 836 24 17 än
215 833 130 26 medföljande
355 834 121 25 förpassning
484 838 103 22 upptager,
599 840 48 13 vare
657 834 52 20 alltid
719 834 82 20 bränvin
811 835 38 19 och

106 860 40 20 kärl
165 861 108 20 förbrutna.
302 861 41 19 Den
357 866 45 14 som
418 861 104 19 bränvinet
535 861 81 19 innehar
631 861 46 19 eller
692 861 83 25 afsändt,
791 861 59 19 miste

105 887 39 20 ock
164 887 52 20 alltid
230 887 83 26 dragare
332 888 37 18 och
393 887 178 26 forslingsredskap
588 889 53 17 samt
657 886 59 26 plikte
736 887 110 24 dessutom,

105 913 83 20 såframt
213 914 38 19 han
274 912 18 26 ej
307 913 33 20 vid
355 913 110 20 domstolen
480 913 80 26 lagligen
575 913 80 20 utreder
669 915 28 18 att
710 913 105 20 bränvinet
828 915 22 18 är

106 941 21 18 af
140 939 49 20 finsk
205 939 129 26 tillverkning,
356 939 83 20 likasom
460 940 29 19 för
508 938 137 25 lurendrejeri.
674 939 63 20 Gitter
750 939 38 20 han
798 942 52 23 styr-

105 966 25 20 ka
147 968 29 17 att
192 966 103 19 bränvinet
311 967 23 18 är
350 966 91 19 inhemsk
457 971 48 14 vara
521 966 45 19 böte
584 965 77 20 ändock
678 965 29 20 för
723 965 74 20 saknad
811 967 39 18 för-

105 992 93 25 passning
213 991 53 20 såväl
281 992 102 19 afsändare
398 997 44 14 som
456 992 80 23 forkarl,
552 991 36 20 der
601 991 64 20 denne
681 991 44 20 icke
735 991 42 20 står
786 992 63 19 under

106 1018 38 20 den
154 1018 64 20 förres
228 1018 163 20 husbondevälde
405 1019 46 19 eller
465 1018 61 19 andre
540 1018 41 19 skäl
597 1018 27 19 till
637 1019 49 18 hans
696 1017 101 21 befriande
805 1017 43 21 från

106 1049 73 16 ansvar
195 1045 128 23 förekomma,
341 1043 12 21 å
369 1045 39 18 sätt
423 1044 6 19 i
443 1043 10 26 $
468 1045 24 19 82
507 1044 87 25 stadgas.

449 1098 10 25 5
472 1099 33 19 64.

159 1136 25 19 Af
203 1136 88 24 bränvin,
314 1135 91 26 tillhörigt
419 1135 121 25 tillverkare,
556 1137 23 19 är
596 1135 85 26 ständigt
694 1136 72 24 upplag
779 1134 70 21 tillåtet

106 1162 70 19 endast
190 1162 33 19 vid
237 1162 91 19 bränneri
343 1162 37 19 och
396 1162 10 19 å
424 1161 70 20 sådant
510 1162 65 24 ställe,
595 1162 35 19 der
647 1162 72 19 honom
736 1161 113 20 medgifven

105 1187 160 27 försäljningsrätt
281 1188 83 19 utöivas.
396 1188 40 19 Har
453 1189 50 18 dock
520 1189 20 18 af
556 1189 73 19 honom
652 1189 6 18 i
678 1187 93 20 afseende
781 1183 12 35 å
810 1187 39 20 för-

106 1213 80 27 säljning
203 1214 63 21 blifvit
282 1215 5 18 i
305 1214 43 20 stad
363 1214 70 20 infördt
447 1215 81 20 bränvin
538 1215 78 19 utöfver
626 1215 73 18 femton
712 1213 83 26 kannor,
804 1219 44 14 som

104 1241 44 19 icke
168 1241 109 26 föryttrats,
300 1241 31 19 mä
353 1240 33 20 det
402 1241 105 20 derstädes
521 1241 27 19 till
563 1241 50 19 hans
627 1241 93 25 lagenliga
734 1240 114 28 förfogande

106 1267 115 25 uppläggas,
238 1267 60 19 sedan
313 1267 88 20 anmälan
415 1267 68 20 derom
497 1267 62 20 biifvit
570 1267 36 19 hos
615 1266 117 21 Stadsfiskal
743 1267 57 24 gjord
810 1267 38 18 och

104 1293 61 20 tillika
180 1293 38 20 den
235 1294 103 19 bränvinet
352 1292 103 25 åtföljande
472 1293 123 26 förpassning
611 1293 112 24 aflemnats,
742 1293 107 19 hvaröfver

106 1319 64 24 bevis,
182 1322 53 15 emot
245 1319 54 18 lösen
309 1325 23 13 en
348 1320 63 23 mark,
427 1320 48 18 skall
490 1319 96 19 utfärdas.
615 1319 39 18 När
668 1319 81 22 forsling
763 1319 20 18 af
795 1319 53 18 detta

106 1345 72 24 belopp
194 1345 83 19 bränvin
295 1344 50 26 ånyo
362 1345 99 24 vidtages,
477 1344 98 20 äterställe
590 1344 112 20 tillverkare
717 1344 59 25 sagde
791 1344 57 19 bevis

106 1370 38 21 och
159 1371 127 20 utbekomme
300 1371 37 19 den
352 1371 109 19 aflemnade
474 1370 150 26 förpassningen
635 1370 43 19 med
689 1369 84 26 påskrift
782 1370 19 19 af
814 1370 33 19 he-

106 1398 65 19 mälde
180 1397 117 25 tjensteman
307 1398 58 18 hvart
379 1397 104 25 forslingen
497 1397 47 19 sker
553 1398 37 18 och
604 1397 61 19 dertill
681 1396 112 26 erforderlig
809 1397 37 23 tid;

106 1424 55 26 afgift
175 1424 29 20 för
218 1424 62 20 denna
295 1424 117 26 anteckning
427 1430 46 14 vare
488 1424 38 19 lika
543 1429 43 14 som
600 1424 58 19 ofvan
672 1424 21 19 är
707 1425 68 17 utsatt.
