3533 3931
217 172 251 37 Sammansatta
491 178 88 33 Stats
602 181 62 32 och
685 178 215 52 Bevillnings-

113 216 148 34 Stånden
281 219 178 36 förefaline
482 224 275 44 skiljaktigheter.

183 320 47 25 Pag.

128 356 8 27 i
145 356 174 29 Betänkandet.

246 319 16 26 $.

419 360 174 36 Ridderskapet
611 364 43 27 och
677 365 101 29 Adeln,
765 356 16 46 :

982 369 186 29 Prestaståndet.

1565 132 4 9 N

1592 269 3 15 i

1592 291 1 12 i

1592 317 1 7 T

1591 331 2 14 i

1473 373 208 33 Borgareständet.

1914 386 13 1 =
1928 376 394 31 Bondeständet77—-—
2295 372 30 44 >

928 187 141 32 skottets
1091 187 125 41 förslag
1238 188 52 32 tili
1312 190 333 44 sammanjemkande
1668 191 37 32 af
1723 191 40 33 de
1785 192 58 32 vid
1856 177 255 64 behandlingen
2132 195 39 33 af
2187 195 187 34 Utskottets
2394 197 219 34 Betänkande
2634 200 12 31 i
2666 185 329 62 Bevillningsfrägan
3015 204 51 31 uti
3087 204 87 34 Riks

3050 289 53 23 (Pag.
3119 290 52 23 1012)

2336 386 137 1 ua
2475 382 131 28 Utskottets
2625 383 95 33 förslag
2738 384 39 27 till
2794 386 244 34 sammanjemkning.

141 983 46 25 Pag:
203 983 18 19 2.

141 1036 46 26 Pag.
203 1036 18 19 3.

139 1303 45 26 Pag.
201 1304 18 18 3.

137 1461 45 25 Pag.
199 1462 18 19 5.

137 1514 45 26 Pag.
199 1515 18 19 5.

136 1567 46 25 Pag.
199 1567 18 20 6.

134 1673 47 26 Pag.
199 1674 17 18 7.

128 2814 45 26 Pag.
188 2814 20 20 9.
225 2814 12 26 $
251 2814 32 20 24.

122 2919 45 25 Pag.
184 2920 31 20 10.
234 2920 10 25 $
258 2920 32 20 26.

107 2976 2 4 *
121 2973 44 25 Pag.
183 2974 30 18 12.
231 2973 12 26 $
257 2974 32 19 32.

121 3371 44 25 Pag.
183 3370 30 21 13.
233 3370 9 26 $
257 3370 32 26 32.

120 3424 45 25 Pag.
182 3424 31 19 13.
233 3423 10 26 $
257 3424 31 20 34.

145 452 47 25 Pag.
209 452 21 20 11.

221 797 66 26 283.

219 919 4 3 .
242 903 43 26 54.

241 982 10 26 $
265 984 19 18 5.

240 1036 10 25 $
264 1037 19 19 6.

216 1236 4 4 .
239 1221 42 26 58.

238 1304 11 25 $
262 1304 19 18 8.

237 1462 10 25 $
261 1462 32 19 11.

236 1514 10 26 $
262 1515 31 20 12.

236 1567 10 25 $
261 1568 31 19 14.

234 1673 11 25 $
260 1673 32 20 17.

132 2043 45 26 Pag.
193 2043 19 20 8.
231 2042 10 26 $
255 2044 32 20 21.

131 2310 45 24 Pag.
193 2308 18 20 8.
230 2308 10 26 $
254 2310 33 18 22.

316 2497 1 5 |
329 2499 64 19 lemna
407 2499 47 19 eller
468 2499 63 20 under
546 2500 75 26 omslag
631 2500 79 20 insända
720 2502 40 22 före
768 2502 36 20 den

305 2557 3 2 *|
329 2552 38 19 ock
381 2552 82 20 aflemna
477 2553 233 25 besvärsskriften
653 2548 61 34 jemte
717 2556 88 46 nn

371 455 33 19 Att
425 456 21 19 af
457 456 130 28 bevillningen
604 460 70 26 främst
689 460 30 21 mä
734 462 44 26 utgå
792 463 33 20 det

334 488 2 3 |
347 481 91 21 beslutna
463 484 86 26 anslaget
573 486 28 18 för
625 483 195 35 folkskoleväsendet,

347 511 52 16 samt
420 512 28 16 ett
465 511 162 26 amorteringslän
644 514 25 19 till
685 515 91 19 nominelt
789 516 33 19 be-

347 535 44 25 lopp
406 536 20 18 af
440 536 57 26 högst
512 538 120 25 18,000,000
648 541 56 19 mark
720 538 100 34 upptagas,

347 561 74 20 hvilket
436 562 31 20 lån
481 563 60 21 tillika
555 565 46 20 med
618 566 127 22 öfverskottet
758 569 20 19 af
790 575 31 13 an-

346 588 62 25 slaget
422 589 44 19 från
480 590 93 20 bränvins
584 593 37 19 och
629 593 192 27 bevillningsmedlen

347 615 78 19 utöfver
445 616 113 21 annuiteten
579 618 10 20 å
610 618 51 21 lånet
679 621 36 19 och
736 619 86 28 anslaget

347 641 26 19 till
388 642 139 28 folkskolorna,
544 644 62 20 borde
620 646 25 20 till
660 647 99 21 utförande
769 649 19 18 af
794 650 28 18 öf-

346 667 39 26 riga
406 670 73 23 jemväl
502 670 88 20 beslutna
612 672 81 20 arbeten
715 671 103 24 användas.

345 694 32 20 Till
391 695 90 20 annuitet
495 696 10 20 å
521 697 60 26 sagde
594 698 33 20 lån
641 698 52 27 finge
706 700 55 20 likväl
776 701 5 19 i
794 703 27 18 in-

345 723 28 17 tet
393 722 30 19 fall
439 723 102 20 användas
555 730 54 14 mera
627 726 23 18 än
665 726 51 20 hvad
730 728 20 19 af
760 729 60 19 ansla-

345 752 36 20 gen
404 748 25 20 till
447 749 54 19 detta
515 750 88 21 ändamål
618 752 43 20 från
675 753 145 21 bränvinsskat-

345 776 33 16 ten
393 776 37 18 och
445 776 129 26 bevillnifigen
588 778 84 26 utginge.

369 801 33 19 Att
417 802 48 19 sista
481 803 110 25 meningen:
611 805 118 21 «Utländska
745 807 73 20 försäk-

344 826 110 27 ringsbolag
469 830 68 24 utgöra
552 836 75 14 samma
642 832 102 26 bevillning
752 834 29 19 för
790 834 28 20 in-

343 853 91 21 komsten
455 856 22 18 af
497 856 57 20 deras
574 858 73 19 rörelse
667 858 51 20 inom
731 860 83 26 Finland,

344 880 60 25 enligt
418 885 94 22 agentens
526 884 87 25 uppgift»
628 884 31 20 mä
677 885 51 27 utgå.
744 886 4 25 i

366 907 32 20 Att
419 908 57 20 ordet
495 909 72 20 «ifrän«
583 911 48 19 efter
645 912 34 19 det
692 912 10 20 ä
716 912 56 20 andra
786 920 30 14 ra-

342 932 38 20 den
394 934 162 22 förekommande
570 937 57 20 ordet
635 941 74 17 «samt»
718 938 30 21 mä
758 940 58 26 tilläg-

341 965 42 20 gas.
398 978 2 2 .

365 986 32 20 Att
412 988 102 26 uttrycket
528 989 127 21 «inhemska»
671 992 4 18 i
690 998 58 14 mom.
763 998 9 14 a
783 993 31 21 mä

341 1008 52 34 utgä.
576 1037 3 3 N

365 1040 32 19 Att
412 1040 210 28 näringsbevillningen
636 1044 29 20 för
676 1045 136 27 utlandningar,

341 1071 43 24 som
406 1067 45 19 idka
472 1068 167 28 positivspelning,
655 1072 81 19 förevisa
750 1072 64 21 konst-

340 1092 83 26 ridning,
447 1094 115 21 mekaniska
583 1096 46 20 eller
649 1098 59 19 andra
727 1094 84 35 konster,

339 1118 146 28 kosmoramor,
508 1127 117 19 panoramor
641 1125 37 19 och
695 1124 56 20 andra
766 1122 47 34 opti-

339 1144 34 20 ska
388 1146 150 28 konststycken,
552 1149 152 27 vaxkabinetter,
714 1152 100 26 samlingar

340 1172 20 18 af
379 1172 45 25 djur
445 1175 38 18 och
503 1175 104 19 naturalier
623 1182 27 14 m.
669 1183 26 13 m.
714 1177 30 21 mä
762 1180 47 19 ned-

339 1199 62 19 sättas
415 1199 26 19 till
456 1200 43 26 fyra
514 1200 55 19 mark
587 1201 5 19 i
609 1202 103 20 månaden.

363 1225 33 19 Att
415 1228 56 17 extra
492 1226 103 26 bevillning
610 1228 20 19 af
642 1229 170 27 ölbryggeri-inne-

339 1250 80 21 hafvare
434 1253 38 19 och
482 1255 68 23 porter
560 1254 117 21 fabrikanter
686 1256 32 20 mä
728 1258 84 25 erläggas

338 1278 46 19 med
392 1279 43 25 fem
445 1281 61 24 penni
520 1280 30 19 för
563 1280 72 21 försäld
649 1282 69 21 kanna.

360 1466 33 19 Att
407 1466 27 19 uti
449 1466 60 20 slutet
523 1468 38 19 af
560 1462 11 39 3
577 1474 60 14 mom.
654 1469 31 20 mä
700 1470 64 27 inflyta
778 1471 34 20 be-

337 1492 132 26 stämningen:
482 1492 73 26 «jemte
567 1496 102 24 suppleant
678 1497 29 19 för
719 1498 91 20 honom.»

361 1519 32 19 Att
406 1519 117 25 bevillnings
530 1521 201 21 komitesordförande
739 1524 30 18 må
781 1530 29 13 er-

337 1543 49 21 hålla
401 1545 5 18 i
420 1545 173 25 dagtraktamente
607 1548 39 18 fem
660 1548 73 19 mark.
727 1539 10 37 |

361 1571 32 19 Att
414 1571 49 20 sista
483 1572 105 26 meningen
608 1574 19 18 af
641 1574 49 26 förra
705 1559 58 35 mdm.
779 1574 31 20 må

337 1597 82 20 erhålla
414 1593 9 36 -
430 1598 83 23 följande
534 1600 81 25 lydelse:
633 1601 37 19 «Är
685 1600 36 19 både
748 1601 64 19 ordfö-

335 1624 60 19 rande
409 1625 38 18 och
462 1625 48 19 dess
525 1620 99 36 suppleant
633 1627 135 25 frånvarande,
778 1628 32 19 mä

336 1650 99 20 komitens
451 1651 120 20 ledamöter»
587 1655 38 17 etc.
735 1666 3 16 |

360 1677 32 20 Alt
406 1678 5 18 i
426 1677 64 20 denna
505 1678 11 26 $
530 1678 31 20 mä
576 1680 87 25 tilläggas
677 1682 28 17 ett
739 1685 37 15 mom.
793 1681 20 19 af

335 1701 83 27 följande
432 1704 84 20 innehåll
526 1705 80 20 «Finner
616 1681 192 76 bevilningskomite,

335 1729 28 20 för
377 1730 120 25 fullgörande
512 1732 21 18 af
545 1732 34 19 sitt
593 1732 105 26 åliggande,
710 1733 64 26 nölligt
783 1737 28 17 att

336 1756 42 19 från
392 1757 129 19 embetsverk
535 1758 46 19 eller
596 1758 115 25 tjenstemän
725 1759 85 20 inhemta

335 1784 91 18 närmare
440 1784 99 25 uppgifter
555 1785 38 19 och
607 1785 146 26 upplysningar,
764 1786 46 20 bora

335 1809 59 20 desse
408 1809 137 27 ofördröjligen
559 1817 69 19 genom
643 1812 85 20 komitens
748 1813 63 20 orufö-

336 1836 59 20 rande
409 1836 97 20 infordras
514 1838 38 19 och
562 1838 20 19 af
590 1838 151 25 vederbörande
748 1839 62 20 komi-

334 1864 33 18 ten
382 1863 161 20 tillhandahållas.
560 1864 115 20 Underlåter
683 1866 126 20 embetsverk

335 1889 47 19 eller
402 1888 120 26 tjensteman
543 1893 27 17 att
591 1892 89 19 meddela
700 1892 64 25 dylika
781 1893 29 19 för

334 1915 116 26 bevillnings
458 1916 75 20 komite
539 1917 124 27 erforderliga
671 1914 96 29 uppgifter
774 1920 37 18 och

334 1942 149 26 upplysningar,
499 1943 48 19 eller
561 1943 96 25 fördröjer
671 1944 67 20 dermed
761 1946 48 20 otill-

333 1968 93 26 börligen,
433 1969 47 19 eller
487 1969 95 20 aflemnar
589 1970 46 20 dem
642 1971 116 26 bristfällige,
765 1978 46 14 vare

333 1995 148 20 vederbörande
502 1996 78 20 derföre
598 1997 85 20 förfallne
700 1998 24 19 till
743 2004 66 21 ansvar

333 2020 68 21 såsom
415 2022 29 19 för
459 2028 62 14 annan
537 2023 136 20 försummelse
687 2024 5 19 i
703 2023 104 26 tjensten.»

357 2048 33 19 Att
404 2048 37 20 den
456 2048 49 20 sista
513 2050 109 25 meningen:
633 2051 72 18 «Innan
711 2051 97 27 pröfnings

332 2074 108 20 kommiten
455 2076 156 20 sammanträder
627 2076 48 20 böra
691 2076 118 28 banulingar-

332 2106 24 14 ne
371 2101 74 19 dennas
459 2102 119 20 ordförande
594 2103 105 19 tillställas»
718 2110 24 13 mä
763 2104 45 26 utgå

332 2128 38 19 och
377 2123 10 37 i
400 2128 47 19 Jess
458 2128 56 20 ställe
521 2128 76 26 intagas
604 2129 84 25 följande
696 2130 110 26 stadgande:

357 2154 145 26 «Magistraten,
519 2156 156 26 ordningsrätten
691 2157 46 19 eller
746 2158 62 19 brdfö-

331 2180 60 20 rande
405 2182 5 18 i
419 2181 114 20 kommunal
543 2182 47 19 eller
598 2181 158 23 sockenstämmä
764 2184 44 20 sko-

332 2207 16 19 la
363 2207 86 20 derefter
463 2207 81 21 insända
559 2208 138 26 handlingarne
712 2210 24 20 till
747 2211 61 22 Läne-

331 2234 98 25 styrelsen
443 2233 22 20 sä
480 2234 56 26 tidigt
550 2238 27 16 att
592 2235 25 20 de
631 2236 58 19 hinna
704 2236 104 21 framkom-

329 2265 32 14 ma
379 2260 44 20 före
437 2260 38 20 den
490 2260 38 26 dag
545 2262 63 19 länets
623 2262 97 26 pröfnings
735 2264 72 30 komite

331 2283 178 34 sammanträder.»
749 2296 6 22 i

356 2313 31 19 Att
409 2313 48 19 sista
474 2314 105 26 meningen
593 2314 30 20 mä
638 2316 96 19 uteslutas
762 2317 23 19 pch
800 2318 6 18 i

330 2339 47 20 dess
391 2340 56 19 ställe
461 2340 75 25 intagas
549 2344 28 16 ett
587 2341 80 19 särskilt
675 2348 60 14 mom.
740 2335 21 35 af
758 2344 50 19 föl-

328 2364 60 26 jande
403 2366 90 20 innehåll:
505 2368 153 26 «Skattskyldig,
669 2374 43 14 som
720 2369 32 20 vill
759 2370 48 20 söka

330 2392 81 26 ändring
425 2392 28 20 uti
467 2399 38 13 den
513 2388 17 36 af
527 2393 200 27 bevillningskomite
734 2396 72 20 honom

330 2418 81 26 päförda
425 2419 60 26 afgift,
501 2419 33 20 mä
549 2422 29 18 sin
593 2421 28 20 till
636 2422 170 26 pröfningskömite

330 2446 68 19 ställda
413 2446 151 26 besvärsskrift,
581 2448 45 19 med
643 2448 60 20 dertill
722 2450 84 20 hörande

331 2472 120 26 handlingar,
467 2473 26 19 till
508 2473 151 27 Länestyrelsen
673 2474 89 27 antingen
777 2476 27 20 in-

329 2525 37 26 dag
387 2525 176 26 pröfningskomite
580 2528 162 26 sammanträder,
758 2530 46 19 eller

328 2584 59 20 garne
401 2578 4 20 i
421 2578 44 20 stad
481 2579 26 20 till
517 2580 125 26 Magistraten
653 2581 46 19 eller
708 2582 98 26 ordnings-

328 2607 63 18 rätten
411 2608 52 17 samt
484 2605 25 26 pä
529 2606 65 20 landet
608 2607 27 20 till
650 2607 133 28 ordföranden,
799 2610 4 19 i

329 2632 112 20 kommunal
463 2638 47 14 eller
531 2633 159 21 socknestämma
701 2627 60 37 före!
769 2636 36 20 den

329 2659 44 25 dag,
389 2658 24 20 dä
428 2659 221 26 bevillningslängderna
664 2662 58 25 enligt
736 2662 9 25 $
758 2662 18 29 21
786 2663 20 19 af

328 2685 45 20 dem
395 2685 27 19 till
444 2686 151 24 Länestyrelsen
617 2687 97 25 insändas,
736 2689 28 19 för
779 2692 27 17 att

328 2711 60 19 dessa
403 2710 80 26 längder
497 2711 82 25 bifogas.
608 2712 86 20 Börande
708 2713 27 19 uti
748 2713 37 19 den
799 2714 5 19 i

329 2737 9 25 $
353 2737 23 19 21
393 2737 128 19 omförmälda
536 2738 115 25 kungörelse
661 2738 58 21 tillika
729 2740 74 25 uppgif-

330 2769 35 13 vas
379 2763 63 25 dagen
457 2763 24 20 då
495 2764 233 26 bevillningslängdernas
742 2766 62 20 insän-

328 2790 63 19 dande
406 2790 92 19 kommer
512 2793 27 17 att
557 2791 56 19 ske.»

352 2816 33 20 Att
399 2817 50 19 efter
463 2816 63 20 ordet.
544 2823 87 20 «yppas»
647 2818 11 20 ä
673 2819 10 19 7.
699 2819 59 20 raden
772 2820 31 20 må

328 2843 92 25 tilläggas:
434 2846 65 16 «samt
506 2843 149 21 vederbörande
666 2846 136 20 embetsverks

328 2868 99 26 åliggande
448 2872 29 17 att
493 2870 91 20 meddela
599 2871 110 20 affordrade
723 2873 80 25 upplys-

327 2896 90 24 ningar.»

352 2923 33 19 Att
400 2922 72 25 ullfölja
487 2923 21 19 af
520 2923 38 19 den
574 2923 21 25 i$
607 2924 23 19 17
641 2924 74 20 införda
724 2925 78 27 ändring

328 2949 11 19 3
354 2949 38 19 och
406 2950 12 18 4
433 2950 103 25 meningen
549 2950 6 19 i
570 2950 63 20 denna
648 2951 10 25 $
672 2950 31 20 må
717 2952 82 20 botfalla.

351 2976 32 19 Att
397 2981 82 14 momim.
496 2977 10 18 3
523 2977 37 19 och
575 2978 12 18 4
601 2976 31 20 må
641 2978 71 19 erhålla
721 2978 80 29 följande

326 3002 83 25 lydelse:
425 3002 95 20 Beträdes
531 3002 60 20 sådan
602 3004 43 19 icke
655 3004 51 19 finsk
712 3005 91 20 meubor-

326 3033 47 20 gare
387 3028 47 20 med
448 3031 28 17 att
490 3028 53 20 inom
556 3030 65 19 landet
635 3030 62 20 under
703 3032 64 26 längre
774 3032 26 20 tid

327 3056 25 18 än
372 3057 30 17 tre
415 3054 61 26 dagar
492 3056 51 19 efter
560 3056 29 19 sin
603 3056 94 20 hitkomst
710 3057 56 25 bjuda
780 3062 22 16 ut

327 3081 47 20 eller
388 3082 51 19 sluta
453 3081 70 21 handel
533 3088 32 13 om
577 3083 103 20 utländska
690 3090 56 14 varor
757 3087 44 18 utan

327 3110 27 17 att
368 3108 59 19 hafva
441 3107 38 20 den
494 3108 94 26 stadgade
605 3110 79 25 afgiften
697 3110 103 27 behörigen

327 3134 66 26 erlagt,
410 3134 46 19 böte
470 3135 92 24 afgiftens
576 3136 71 25 belopp
656 3138 37 18 och
700 3137 61 20 hetale
768 3140 33 18 än-

327 3160 24 20 då
365 3160 51 20 efter
430 3166 44 14 som
489 3161 58 20 ofvan
558 3162 56 26 sagdt
625 3164 27 18 är.
668 3164 133 26 Förbrytelser

327 3187 91 19 häremot
432 3190 109 23 upptagas»
556 3194 18 14 0.
590 3194 17 14 s.
624 3195 27 18 v.;
667 3193 57 18 samt:
740 3191 62 19 «Ena-

327 3213 64 20 handa
405 3214 121 25 stadganden
540 3216 47 24 gälla
599 3214 74 26 jemvä!
689 3217 111 25 uppbörden

327 3240 21 19 af
360 3240 38 20 den
407 3240 54 26 afgift
467 3241 122 26 utlänningar
597 3248 43 14 som
648 3243 100 21 härstädes
756 3244 44 20 idka

327 3272 62 14 annan
409 3267 68 25 näring
493 3268 24 18 än
534 3268 70 20 handel
619 3269 58 25 enligt
691 3271 11 18 2
716 3276 58 14 mom.
790 3271 10 25 $

327 3293 12 19 6
359 3294 34 18 äro
414 3293 153 27 underkastade,
585 3295 46 20 med
648 3296 37 19 den
699 3296 100 21 åtskillnad

327 3321 28 17 att
368 3319 81 25 afgiften
462 3320 30 19 för
505 3320 70 26 hvarje
588 3321 71 21 månad
673 3322 19 20 få
708 3323 92 21 inlevere-

326 3351 33 14 ras
371 3345 76 25 jemväl
462 3346 39 20 till»
517 3352 17 14 o.
551 3353 16 13 s.
583 3354 20 14 v.

350 3373 33 19 Att
404 3372 92 26 ordnings
517 3379 103 15 nummern
641 3374 11 20 å
672 3375 62 20 denna
749 3379 51 17 samt

326 3398 84 25 följande
424 3399 10 25 $
448 3400 11 24 $
473 3399 32 20 mä
521 3402 60 18 rättas
596 3401 25 20 till
637 3402 24 19 33
676 3408 18 13 0.
710 3408 15 14 s.
741 3409 19 13 v.

350 3426 33 19 Alt
397 3426 68 19 orden:
479 3426 72 26 «enligt
556 3428 139 26 grundlagarne
705 3428 30 20 mä
745 3429 52 25 utgä.

860 1235 48 19 Lika
928 1235 45 20 med
994 1235 132 20 betänkandet
1145 1235 39 21 åtta
1201 1236 58 26 penni
1276 1242 36 20 per

835 1260 71 21 kanna.

859 1316 33 19 Att
913 1318 54 17 extra
984 1316 104 26 bevillning
1104 1316 32 20 mä
1150 1318 87 24 erläggas
1251 1318 21 19 af
1284 1320 28 17 to-

835 1342 175 25 baksfabrikanter,
1027 1343 29 19 för
1071 1344 87 23 cigarrer
1171 1344 45 19 med
1230 1345 26 19 40
1267 1350 46 20 pen-

835 1369 18 19 ni
868 1374 35 20 per
920 1370 36 18 100
971 1372 33 22 st.,
1021 1370 28 19 för
1063 1375 86 21 papyros
1164 1371 25 18 20
1204 1371 58 25 penni
1277 1376 38 20 per

836 1396 37 18 100
888 1398 25 16 st.
930 1398 51 17 samt
995 1396 29 20 för
1038 1396 134 20 kardustobak
1182 1398 37 18 och
1230 1403 48 13 snus
1286 1398 25 20 20

835 1421 57 26 penni
903 1428 36 19 per
952 1422 55 25 sk.;i
1018 1423 84 25 enlighet
1112 1424 97 19 hvarmed
1218 1422 72 26 jemväl
1302 1424 10 26 $

836 1448 23 19 32
873 1448 61 20 borde
948 1449 129 19 underkastas
1092 1450 56 25 nödig
1161 1450 149 26 omredigering.

858 1684 33 19 Att
912 1684 33 20 vid
965 1685 63 19 denna
1046 1686 10 24 $
1072 1686 92 20 afseende
1179 1686 31 20 mä
1225 1686 61 20 fästas
1300 1687 11 19 ä

835 1711 51 19 Herr
901 1711 145 25 Wasastjernas
1061 1712 114 21 hithörande
1190 1714 122 20 reservation

835 1737 45 19 med
894 1738 98 25 undantag
1006 1739 51 19 dock
1071 1739 20 19 af
1103 1739 25 20 de
1142 1739 11 20 ä
1167 1740 46 25 Pag.
1228 1740 24 19 21
1262 1746 50 20 upp-

834 1766 58 23 tagna
907 1766 29 17 tre
951 1764 59 21 första
1024 1765 89 20 raderna.

1362 470 32 18 Att
1413 469 132 26 bevillningen
1563 467 30 26 mä
1613 472 4 18 i
1633 472 80 19 främsta
1728 476 87 17 rummet

1339 497 78 19 anvisas
1432 496 25 20 till
1469 495 218 28 folkundervisningens
1697 498 118 26 befrämjan-

1339 523 24 19 de
1384 524 38 19 och
1446 526 28 16 ett
1494 524 161 26 amorteringslän
1672 528 97 22 upptagas
1788 526 25 20 till

1339 550 94 20 nominelt
1447 550 70 26 belopp
1531 551 21 19 af
1565 551 121 25 18,000,000
1697 552 56 19 mark
1763 556 52 16 samt

1339 576 99 20 användas
1452 576 24 27 pä
1491 578 38 20 sätt
1543 577 143 27 Ridlerskapet
1701 579 38 19 och
1751 572 63 37 Adeln

1339 600 105 33 föreslagit.
1644 618 2 2 .

1356 1054 46 20 Lika
1417 1054 46 21 med
1477 1051 142 31 Ridderskapet
1634 1057 38 19 och
1686 1057 68 21 Adeln.

1362 1239 46 20 Lika
1427 1240 45 20 med
1487 1240 142 27 Ridderskapet
1643 1242 37 19 och
1694 1241 62 20 Adeln
1770 1242 40 19 fem

1336 1266 60 25 penni
1410 1272 35 20 per
1460 1267 70 20 kanna.

1354 1480 46 20 Lika
1414 1480 46 21 med
1473 1472 143 36 Ridderskäpet
1630 1483 38 20 och
1683 1482 69 21 Adeln.

1354 1533 46 18 Lika
1414 1534 46 18 med
1474 1535 142 24 Ridderskapet
1630 1537 39 17 och
1683 1536 69 18 Adeln.

1354 1584 47 20 Lika
1415 1585 46 20 med
1475 1582 142 30 Ridderskapet
1631 1588 38 18 och
1684 1587 68 20 Adeln:

1570 1628 3 10 !

1354 1690 48 21 Lika
1416 1691 45 21 med
1475 1691 143 27 Ridderskapet
1631 1694 38 19 och
1683 1693 68 21 Adeln.

1352 2059 46 21 Lika
1412 2060 45 20 med
1471 2059 142 27 Ridderskapet
1627 2062 38 20 och
1680 2062 68 20 Adeln.

1350 2324 46 20 Lika
1410 2325 46 20 med
1469 2325 143 27 Ridderskapet
1626 2328 37 20 och
1679 2328 68 20 Adeln.

1579 2714 4 32 |

1578 2755 5 31 |

1577 2798 5 27 I

1346 2829 46 20 Lika
1406 2829 45 21 med
1465 2829 144 45 Hidderskaper
1623 2831 38 19 och
1675 2830 69 21 Adeln.

1576 2879 3 18 i

1344 2935 48 21 Lika
1406 2935 45 20 med
1465 2935 143 27 Ridderskapet
1622 2937 38 19 och
1675 2937 67 21 Adeln.

1345 2989 46 19 Lika
1406 2989 45 19 med
1465 2975 143 41 Rilderskapet
1622 2991 38 19 och
1674 2990 69 21 Adeln.

1512 3356 5 9 '

1341 3385 47 21 Lika
1402 3387 46 21 med
1461 3387 143 28 Ridderskapet
1618 3389 38 20 och
1670 3388 69 22 Adeln.

1340 3439 48 20 Lika
1402 3440 45 20 med
1461 3441 142 27 Ridderskapet
1617 3443 38 19 och
1669 3443 69 20 Adeln.

1523 3514 2 10 '

1850 485 3 1 -
1863 474 33 19 Att
1913 473 130 27 hevillningen
2061 474 33 20 mä
2111 474 101 21 användas
2230 476 25 19 till
2270 476 47 20 fast-

1839 500 66 20 ställt
1924 500 70 31 belopp
2015 501 30 19 för
2066 501 192 21 folkskoleväsendet
2279 503 37 19 och

1839 526 86 20 derefter
1939 526 5 20 i
1959 532 44 14 män
2021 528 20 19 af
2057 527 103 26 tillgången
2175 528 25 20 till
2216 529 100 20 utförande

1839 553 22 19 af
1869 553 28 25 de
1910 554 21 18 af
1943 552 80 21 ståndet
2032 554 91 20 beslutna
2133 554 88 25 arbeten;
2232 561 47 14 men
2290 558 28 18 att

1839 579 44 20 icke
1896 579 59 27 något
1969 580 182 26 amortiseringslän
2165 581 33 21 mä
2212 585 103 23 upptagas.

2794 442 2 10 |

2403 477 91 21 Föresläs
2509 477 114 27 inbjudning
2637 479 25 20 till
2678 479 69 20 Presta
2762 480 37 19 och
2812 480 150 21 Bondestänlen
2976 484 29 18 att
3014 483 66 20 förena
3089 484 32 26 sig
3131 484 6 19 i
3144 484 32 20 det

2341 502 66 21 beslut
2421 504 145 27 Ridderskapet
2581 506 38 19 och
2632 505 62 21 Adeln
2709 508 51 18 samt
2773 500 164 32 Borgareständet
2951 509 62 21 fattat.

2802 577 4 7 /

2403 823 145 27 Ridderskapet
2562 826 38 19 och
2614 826 62 20 Adeln
2690 826 91 26 inbjudes
2794 830 28 18 att
2835 827 69 26 frångå
2918 829 63 19 denna
2997 828 140 27 skiljaktighet.

2797 884 3 8 ja

2497 912 2 2 N
2797 909 3 17 |
3161 912 2 2 :

2402 930 69 19 Presta
2492 932 38 18 och
2550 931 170 26 Borgareständen
2734 927 88 32 inbjudas
2837 937 28 17 att
2878 935 66 19 förena
2959 935 29 26 sig
3002 935 5 19 i
3021 935 52 20 detta
3087 936 88 26 förtylli-

2339 956 63 25 gande
2416 957 21 19 af
2448 958 108 26 uttrycket.

2401 1010 146 27 Ridderskapet
2561 1012 39 19 och
2614 1011 60 21 Adeln
2690 1011 92 26 inbjudes
2796 1016 27 18 ått
2837 1013 67 27 frångå
2919 1014 62 20 denna
2997 1014 140 27 skiljaktighet.

2402 1063 147 26 Ridderskapet
2570 1064 37 20 och
2629 1064 60 20 Adeln
2711 1068 51 17 samt
2782 1067 164 25 Borgareständet
2960 1067 90 26 inbjudas
3065 1071 28 17 att
3108 1068 65 30 frångå

2340 1088 62 20 denna
2417 1089 135 27 skiljaktighet
2565 1091 82 19 emedan
2661 1097 72 19 genom
2747 1092 38 20 den
2799 1093 109 26 föreslagna
2923 1094 105 26 ändringen
3042 1095 25 20 de
3081 1095 37 20 fria
3129 1096 45 20 kon-

1855 1244 74 20 Sexton
1943 1244 58 26 penni
2015 1250 36 20 per
2065 1244 71 21 kanna.

1855 1325 46 20 Lika
1915 1325 45 20 med
1974 1325 156 21 Prestaståndet.

1854 1484 47 20 Lika
1916 1484 46 20 med
1976 1484 146 26 Ridderskapet
2136 1486 38 18 och
2187 1485 69 21 Adeln.

1854 1537 46 19 Lika
1914 1537 46 19 med
1973 1537 147 25 Ridderskapet
2134 1539 39 17 och
2188 1539 68 18 Adcln.

1854 1589 47 20 Lika
1914 1589 46 20 med
1974 1589 147 25 Ridderskapet
2134 1590 39 20 och
2188 1590 68 20 Adeln.

1854 1695 46 20 Lika
1914 1695 45 20 med
1973 1695 146 26 Ridderskapet
2132 1696 39 20 och
2186 1696 69 21 Adeln.

1828 2085 6 7 <
1851 2063 47 20 Lika
1912 2064 45 20 med
1971 2064 147 26 Ridderskapet
2131 2065 39 19 och
2184 2065 69 21 Adeln.

1849 2328 47 21 Lika
1910 2328 45 20 med
1969 2329 147 26 Ridderskapet
2130 2331 38 19 och
2183 2330 67 21 Adeln.

1847 2832 47 21 Lika
1908 2833 49 21 med
1971 2833 143 27 Ridderskapet
2128 2836 38 19 och
2179 2835 69 21 Adeln.

1845 2938 47 20 Lika
1907 2939 48 21 med
1970 2940 144 27 Ridderskapet
2127 2942 38 19 och
2180 2942 67 20 Adeln.

1851 2992 8 19 I
1872 2992 59 25 öfrigt
1944 2992 41 20 lika
1999 2994 46 20 med
2053 2994 140 26 Ridderskapet
2201 2996 37 19 och
2247 2996 60 20 Adeln

1826 3021 56 17 utom
1896 3022 28 16 att
1932 3020 112 26 uttrycket:
2061 3021 103 20 -«Beträles
2172 3021 72 20 sådan»
2254 3022 53 20 skul-

1824 3045 19 19 le
1862 3045 81 27 utbytas
1966 3049 54 17 emot
2037 3048 105 19 «Beträdes
2156 3047 84 27 någon,»
2256 3052 51 17 samt

1827 3072 56 20 ordet
1898 3072 78 20 «ändå»
1991 3076 42 17 mot
2047 3074 107 20 «ändock.»

1842 3391 47 21 Lika
1903 3392 47 22 med
1966 3393 142 28 Ridderskapet
2121 3395 38 21 och
2173 3395 67 21 Adeln.

1842 3444 45 21 Lika
1901 3446 48 21 med
1964 3447 144 27 Ridderskapet
2120 3450 39 19 och
2174 3449 68 21 Adeln.

2340 1118 66 18 sterna
2420 1116 66 20 blefve
2502 1120 72 24 tyngre
2588 1117 116 23 beskattade
2718 1121 24 17 än
2757 1125 34 14 rent
2813 1120 122 20 mekaniska.

2800 1146 1 16 |

2402 1248 70 20 Presta
2490 1238 41 30 och
2545 1250 151 20 Bondeständen
2710 1250 90 26 inbjudasi
2813 1254 28 17 att
2855 1252 66 24 förena
2936 1252 29 26 sig
2979 1252 5 20 i
2999 1252 37 20 den
3050 1253 123 27 bestämning

2340 1280 44 14 som
2398 1275 145 27 Ridderskapet
2558 1277 38 19 och
2609 1277 61 20 Adeln
2685 1281 52 17 samt
2750 1268 164 36 Borgareständet
2928 1279 61 19 fattat.

2382 1342 2 2 :
2402 1330 69 19 Presta
2485 1330 38 19 och
2538 1330 151 22 Bondestänen
2703 1326 79 39 inbjudas
2797 1336 38 18 jatt
2849 1332 68 27 frångå
2927 1333 53 20 detta
2990 1334 20 20 af
3018 1334 25 20 de
3050 1334 59 27 öfriga
3119 1334 54 21 stän-

2340 1355 38 21 den
2392 1356 44 20 icke
2451 1356 107 21 omfattade
2572 1359 146 21 amendement.
2802 1375 4 13 I

2802 1391 1 12 I

2802 1407 2 14 |

2401 1492 149 21 Prestaständet
2571 1493 90 25 inbjudes
2682 1496 28 18 att
2732 1494 45 21 med
2796 1481 25 34 de
2840 1496 61 25 öfriga
2919 1495 82 21 stånden
3015 1496 67 20 förena
3096 1498 30 25 sig
3140 1504 33 14 om

2340 1517 52 20 detta
2407 1518 70 26 tillägg.
2802 1519 1 11 |

2402 1545 148 19 Prestaständet
2571 1546 91 24 inbjudes
2682 1549 28 16 att
2724 1548 65 18 förena
2803 1549 29 23 sig
2847 1548 4 18 i
2867 1548 62 19 denna
2943 1548 21 19 af
2976 1549 24 19 de
3014 1549 60 25 öfriga
3089 1549 81 21 stånden

2340 1570 106 20 omfattade
2460 1570 132 26 bestämning.

2402 1596 148 21 Prestaståndet
2564 1597 90 26 inbjudes
2668 1602 28 16 att
2709 1600 67 19 förena
2790 1600 28 26 sig
2832 1600 5 19 i
2847 1600 53 20 detta
2907 1601 20 19 af
2936 1601 25 19 de
2971 1602 60 25 öfriga
3041 1602 83 20 stånden
3131 1608 41 15 om-

2340 1622 73 20 fattade
2427 1623 71 26 tillägg.
2798 1625 2 12 i

2798 1656 2 13 i

2332 1706 1 17 |
2402 1702 148 21 Prestaständet
2571 1704 91 25 inbjudes
2678 1708 29 17 att
2723 1706 112 26 förena:sig
2851 1706 6 20 i
2874 1706 39 21 den
2927 1708 21 20 af
2960 1708 25 20 de
2999 1711 30 18 tre
3043 1708 60 26 öfriga
3118 1709 53 20 stän-

2332 1733 2 27 |
2340 1728 37 20 den
2392 1729 106 21 omfattade
2512 1730 109 20 redaktion.
2799 1732 1 13 i

2798 1776 2 14 I

2330 1956 2 11 i

2329 1969 4 18 i

2330 1989 3 28 |

2329 2043 2 10 jä

2398 2070 149 22 Prestaständet
2567 2072 91 26 inbjudes
2678 2076 28 18 att
2727 2074 66 21 förena
2810 2075 28 26 sig
2853 2076 5 19 i
2873 2075 53 21 detta
2941 2077 20 19 af
2973 2077 23 20 de
3005 2077 66 28 öfriga
3085 2078 84 20 stånden

2328 2113 2 3 |
2336 2097 106 21 omfattade
2456 2098 71 26 tillägg.
3156 2108 2 3 i

2397 2336 148 21 Prestaständet
2566 2336 91 27 inbjudes
2677 2341 27 17 att
2724 2340 66 20 förena
2806 2340 29 26 sig
2849 2340 6 20 i
2866 2340 57 22 detta
2938 2342 21 20 af
2970 2342 25 20 Je
3009 2343 60 26 öfriga
3084 2343 83 21 ständen

2336 2362 106 21 omfattade
2456 2363 71 27 tillägg.
2956 2378 3 1 -

2394 2841 150 21 Prestaständet
2564 2842 88 26 inbjudes
2672 2847 30 18 att
2721 2838 75 31 förena!
2806 2847 27 26 sig
2847 2847 6 20 i
2867 2847 54 21 Jetta
2935 2849 20 19 af
2967 2849 25 20 de
3006 2849 59 27 öfriga
3080 2849 83 22 stånden

2333 2868 107 20 omfattade
2454 2868 72 27 tillägg.
2793 2884 1 12 i

2792 2941 1 8 i

2392 2947 150 21 Prestaständet
2558 2948 90 28 inbjudes
2664 2953 29 17 att
2709 2952 67 20 förena
2792 2952 47 27 sig
2834 2943 11 40 i
2854 2954 63 20 denna
2931 2955 22 19 af
2965 2954 24 20 de
3003 2955 60 27 öfriga
3078 2956 83 21 stånden

2331 2974 107 20 omfattade
2452 2975 88 26 ändring.

2373 3012 2 4 +
2391 3001 91 20 Föreslås
2496 3002 84 24 följande
2595 3004 106 20 redaktion:
2718 3006 104 19 «Beträdes
2837 3006 62 20 sådan
2915 3008 44 19 icke
2973 3008 52 20 finsk
3033 3009 128 26 medborgare

2330 3026 44 20 med
2395 3030 28 16 att
2443 3028 52 19 inom
2516 3029 66 20 landet
2601 3030 62 20 under
2680 3032 67 24 längre
2761 3032 34 27 tid!
2804 3035 23 17 än
2842 3036 29 17 tre
2885 3034 59 25 dagar
2959 3035 50 19 efter
3024 3035 29 19 sin
3068 3036 94 20 hitkomst

2330 3052 58 26 bjuda
2403 3056 22 17 ut
2439 3055 47 19 eller
2500 3056 52 19 sluta
2566 3056 69 20 handel
2650 3063 32 14 om
2696 3058 92 20 utlänuski
2814 3066 65 19 varor,
2895 3063 47 17 utan
2956 3063 27 17 att
2993 3062 58 19 hafva
3061 3062 39 20 den
3109 3064 53 19 stad-

2330 3080 49 26 gade
2399 3080 78 26 afgiften
2498 3081 107 27 behörigen
2622 3084 66 26 erlagt,
2704 3084 46 20 böte
2764 3085 90 21 afdiftens
2868 3087 72 25 belopp
2955 3088 37 19 och
3008 3088 63 20 betale
3085 3090 76 20 ändock

2330 3107 49 19 eller
2401 3112 43 15 som
2462 3108 102 20 ofvanföre
2582 3109 56 26 sagdt
2651 3112 28 18 är.
2708 3111 135 27 Förbrytelser
2857 3113 91 20 häremot
2962 3117 95 23 upptagas
3072 3121 17 14 o.
3106 3122 19 14 s.
3142 3122 17 14 v.

2330 3133 105 21 Enahanda
2459 3134 121 26 stadganden
2600 3137 47 24 gälla
2660 3136 72 26 jemväl
2750 3138 114 25 uppbörden
2879 3140 20 19 af
2913 3140 38 20 den
2968 3141 54 25 afgift
3038 3143 123 25 utlänningar

2330 3165 42 14 som
2387 3160 106 20 härstädes
2507 3161 46 20 idka
2568 3168 63 14 annan
2645 3163 65 26 näring
2725 3165 24 18 än
2767 3164 67 21 handel
2850 3165 59 27 enligt
2923 3167 11 19 2
2950 3173 61 14 mom.
3027 3168 10 25 $
3051 3168 12 20 6
3077 3170 35 18 äro
3127 3175 34 14 un-

2330 3186 125 26 derkastade,
2467 3188 46 20 med
2528 3188 39 20 den
2581 3188 101 22 åtskillnad
2698 3193 27 17 att
2739 3171 79 73 sil
2832 3193 29 19 för
2877 3192 68 26 hvarje
2959 3193 72 24 månad
3045 3194 29 21 får
3087 3195 74 21 inleve-

2330 3218 55 14 reras
2397 3212 75 26 jemväl
2487 3214 26 20 till
2529 3215 148 21 vederbörande
2691 3216 211 28 kronouppbördsman
2916 3220 25 26 på
2956 3221 85 20 landet.»

2389 3398 149 23 Prestaståndet
2552 3400 90 27 inbjudes
2656 3405 28 18 att
2698 3402 67 22 förena
2780 3404 29 27 sig
2823 3410 32 16 om
2869 3405 62 21 denna
2947 3407 85 21 rättelse,

2786 3431 1 11 I

2388 3453 148 20 Prestaståndet
2551 3453 91 27 inbjudes
2656 3459 28 17 att
2698 3457 66 20 förena
2778 3458 28 26 sig
2821 3459 4 19 i
2840 3459 38 20 den
2893 3460 20 19 af
2925 3460 26 20 de
2957 3461 60 26 öfriga
3027 3461 82 21 stånden
3119 3468 39 14 om-

2326 3478 74 20 fattade
2413 3480 108 20 redaktion.

2388 3506 43 20 Med
2446 3507 103 26 anledning
2564 3508 20 19 af
2597 3514 23 14 en
2634 3510 20 18 af
2667 3509 145 28 Bondeståndet
2820 3511 57 27 gjord
2887 3514 126 26 anmärkning
3023 3515 32 20 vid
3065 3515 10 25 $
3085 3513 14 22 4
3108 3516 50 20 före-

2326 3530 46 27 slås,
2385 3535 28 17 att
2423 3533 57 20 ordet
2494 3534 156 27 «skattskyldig»
2665 3536 25 26 på
2704 3537 36 19 alla
2755 3538 74 26 ställen,
2845 3539 36 20 der
2895 3540 34 20 det
2942 3540 7 20 i
2959 3542 198 27 Bevillningsstadgan

2326 3558 62 20 finnes
2402 3560 92 25 användt,
2511 3560 33 20 må
2558 3562 80 25 utbytas
2652 3566 43 16 mot
2709 3560 228 43 <bevillningsskyldig.»

3491 2428 12 361 PAPPINA
3483 2406 28 89 PIPININ
3496 2330 6 75 SISIN
3483 2291 28 15 YS
3500 2203 3 56 AAA
3483 2114 28 98 ANITA
3483 2044 28 59 NINNIN.
3497 1954 6 44 SIIT
