1017 1700
304 144 69 23 Nädiga
386 146 137 22 Propositionen
538 147 35 17 N:o
585 148 28 16 31.
797 148 33 18 923

142 194 43 19 Med
200 195 93 19 afseende
308 194 60 26 härpå
383 196 38 18 och
436 195 23 26 pä
475 195 124 27 svårigheten
613 200 27 16 att
653 198 86 19 beräkna
757 198 5 18 i
780 198 49 20 hvil-

89 221 39 19 ken
143 222 112 26 proportion
271 222 34 19 alla
321 221 58 20 dessa
393 222 78 25 utgifter
485 223 64 19 kunna
565 223 84 25 tillväxa,
663 225 34 17 har
706 224 62 19 Hans
778 224 50 25 Kej-

90 247 86 25 serliga
191 248 108 23 Majestät
314 250 65 17 ansett
393 248 32 20 Jet
439 249 83 25 onskligt
538 252 27 16 att
583 255 24 13 en
621 250 45 19 fond
680 250 63 19 skulle
757 250 69 26 bildas,

88 273 20 19 af
121 274 61 18 hvars
197 275 64 17 räntor
276 274 5 18 i
296 274 103 20 framtiden
414 274 117 21 åtminstone
545 275 63 26 någon
623 276 29 19 del
667 276 20 18 af
699 276 129 20 folkskolevä-

87 299 81 19 sendets
183 300 60 19 behof
257 300 64 19 kunde
335 301 104 19 bestridas.
469 302 75 19 Genom
559 308 23 12 en
597 302 79 19 sålunda
690 302 6 19 i
710 302 26 19 tid
751 303 77 19 samlad

87 326 106 25 besparing
208 326 63 20 skulle
285 329 28 17 ett
328 326 88 20 framtida
431 328 62 19 alltför
507 328 71 26 hastigt
592 328 87 25 stigande
695 329 6 18 i
718 328 110 21 skattebör-

87 352 59 20 dorna
157 353 29 19 för
196 352 53 20 detta
259 352 168 27 maktpäliggande
437 353 88 21 ändamål
536 354 138 20 förekommas.
703 355 63 19 Hans
777 355 49 25 Kej-

88 379 88 25 serliga
197 379 109 25 Majestät
323 380 36 19 har
375 380 78 20 derföre
471 381 51 19 velat
539 380 71 20 föreslå
628 381 109 20 Ständerna
754 384 28 17 att
800 382 27 20 till

86 405 192 21 folkskoleväsendet
292 408 68 23 genast
374 406 53 20 anslå
445 410 28 16 ett
489 406 56 26 årligt
561 407 70 26 belopp
649 408 21 19 af
685 408 142 26 sammanlagät

88 432 86 25 500,000
189 433 55 19 mark
261 433 94 24 (125,000
371 434 53 19 rubel
441 434 73 25 silfver)
530 434 29 19 för
573 437 34 22 att,
623 434 25 26 pä
663 436 38 18 sätt
715 435 57 20 ofvan
784 435 42 20 blif-

88 459 27 19 vit
129 459 75 26 antydi,
222 460 49 18 efter
285 460 61 19 behof
359 460 19 19 af
391 460 102 26 Styrelsen
507 460 108 22 användas,
632 460 23 20 dä
670 461 20 19 af
702 461 37 19 Jen
754 461 72 26 årligen

86 485 124 26 uppstäenle
222 486 129 25 besparingen
366 492 23 13 en
404 486 82 20 stående
499 487 46 19 fond
559 488 79 18 komme
655 490 28 17 att
700 487 62 21 bildas
780 490 27 17 att
820 488 6 19 i

86 513 86 25 enlighet
186 512 45 20 med
246 512 119 20 Ständernas
379 513 66 19 beslut
459 514 38 18 och
511 514 62 19 under
586 514 58 19 deras
658 514 83 20 kontroll
756 514 71 20 förval-

86 542 30 16 tas
131 542 51 17 samt
196 539 29 20 för
240 545 75 13 samma
329 539 89 20 ändamål
433 540 107 20 användas.

138 566 36 20 Det
192 566 61 20 andra
275 566 101 21 föremålet
398 566 29 20 för
444 566 25 21 de
486 566 145 21 extraordinära
652 567 90 26 åtgärder
763 569 63 19 Hans

86 593 132 26 Kejserliga
232 592 110 26 Majestät
357 596 63 17 ansett
434 594 75 19 landets
519 594 122 19 närvarande
651 595 88 26 ställning
750 595 75 25 påkalla

85 623 22 16 är
122 623 27 16 ett
164 620 98 25 tidsenligt
280 620 115 20 förbättradt
408 621 274 20 kommunikationsväsende.

137 647 88 19 Emedan
245 647 76 19 landets
341 647 122 26 geografiska
483 648 43 25 läge
547 648 36 19 och
605 648 103 19 formation
729 649 35 25 gör
778 648 48 20 dess

82 672 105 26 jordbruk,
208 673 208 20 manufakturindustri
436 675 37 18 och
494 674 69 19 handel
583 674 99 19 beroende
703 675 20 18 af
742 675 25 19 de
784 675 42 20 inre

84 699 148 20 landsdelarnes
246 700 119 19 förbindelse
386 700 45 20 med
449 701 72 25 hafvet,
538 701 58 19 hafva
611 700 24 19 de
655 701 171 26 undersökningar

84 726 29 19 för
127 726 286 20 kommunikationsväsendets
428 727 138 24 förbättrande,
578 727 65 19 hvilka
658 727 23 25 pä
696 728 62 19 Hans
773 727 52 26 Kej-

84 753 88 26 serliga
186 752 122 26 Majestäts
326 753 103 26 befallning
445 754 62 19 blivit
527 753 78 20 utförde
619 755 38 18 och
672 754 77 19 hvilkas
763 755 63 19 resul-

85 782 50 17 tater
150 780 54 19 skola
218 780 107 19 Ständerna
340 780 108 25 meddelas,
468 780 163 25 hufvudsakligen
648 781 59 18 afsett
726 781 53 19 detta
793 783 33 17 än-

84 805 70 20 damål.

137 832 65 20 Jemte
212 833 33 19 det
255 833 64 20 Hans
332 831 132 28 Kejserliga
474 832 109 26 Majestät
593 833 131 20 öfverlemnar
733 833 25 20 till
770 834 56 19 Stän-

84 859 59 20 derna
158 861 28 18 att
200 860 76 19 besluta
291 865 33 14 om
341 859 24 20 Je
380 860 70 21 medel,
473 866 42 13 som
530 859 65 20 ansläs
610 860 29 19 för
659 860 166 20 kommunikatio-

83 891 71 14 nernes
168 886 140 25 förbättrande,
324 887 46 19 böra
385 887 100 19 användas
500 886 141 20 företrädesvis
658 887 27 19 till
701 887 76 19 landets
791 887 35 19 ka-

83 913 103 25 nalisering
200 913 47 19 eller
262 913 25 19 till
303 913 117 24 jernvägars
437 913 116 26 anläggande
574 913 47 19 eller
638 913 26 20 tili
679 914 62 25 begge
755 914 67 24 tillika,

84 940 38 18 och
136 945 32 13 om
182 939 38 20 den
242 939 87 26 ordning,
349 945 43 14 som
406 939 33 20 vid
457 940 57 19 dessa
536 940 91 19 arbetens
645 939 124 26 företagande
786 941 38 18 och

83 965 102 20 utförande
203 972 60 19 synes
280 966 118 25 lämpligast,
421 965 24 26 pä
463 967 32 18 det
509 967 24 18 de
547 965 31 20 mä
594 965 46 20 ernä
662 966 92 19 inbördes
772 972 52 13 sam-

83 993 97 24 manhang
194 993 38 18 och
247 995 99 17 motsvara
362 995 27 16 ett
403 991 114 26 följäriktigt
531 993 4 18 i
546 992 103 19 framtiden
664 993 29 18 för
704 993 41 19 hela
761 993 63 20 landet

84 1019 98 25 gagneligt
203 1021 83 23 system,
310 1019 35 19 har
365 1019 62 19 Hans
448 1018 130 26 Kejserliga
599 1018 109 25 Majestät
729 1019 51 19 velat
796 1019 29 20 för

84 1045 108 19 Ständerna
207 1045 102 20 framhälla
326 1045 25 20 Je
368 1045 49 20 olika
439 1044 71 27 äsigter
525 1051 42 14 som
589 1046 21 18 af
625 1045 120 25 sakkunnige
760 1047 45 18 män
819 1046 5 19 i

84 1071 52 20 detta
144 1073 65 25 ämne
224 1072 63 19 blifvit
300 1071 84 27 yttrade.

138 1099 16 18 Å
169 1104 36 13 ena
220 1099 55 18 sidan
289 1099 36 19 har
345 1104 43 13 man
404 1101 64 16 ansett
482 1101 27 16 att
529 1097 104 27 jernvägar
648 1097 21 20 så
685 1098 42 20 vidt
740 1098 25 20 de
779 1101 45 17 utan

84 1125 62 19 alltför
162 1127 41 17 stor
218 1125 83 20 kostnad
315 1125 66 19 kunna
395 1125 97 25 anläggas,
508 1125 38 19 och
561 1125 114 25 isynnerhet
688 1125 35 19 der
737 1125 24 19 de
777 1125 48 20 kun-

83 1157 24 13 na
122 1151 136 20 åstadkomma
273 1152 57 19 äfven
345 1152 36 19 den
392 1152 45 19 med
452 1152 77 19 kanaler
539 1151 80 20 afsedda
634 1154 53 22 nytta
699 1152 61 18 borde
775 1152 50 19 före-

84 1177 78 25 dragas,
178 1183 44 14 men
244 1178 101 20 «desamma
366 1177 21 20 så
403 1178 54 19 ledas
471 1180 28 17 att
519 1178 24 19 de
557 1178 5 19 i
577 1178 88 25 förening
684 1177 46 20 med
748 1178 76 20 landets

84 1206 64 17 större
163 1204 117 25 vattendrag
295 1204 63 20 skulle
367 1204 50 20 bilda
432 1210 23 13 en
466 1204 190 26 sammanhängande
669 1203 56 25 kedja
741 1204 19 19 af
768 1204 57 20 kom-

85 1230 198 20 munikationsväsar.

137 1256 71 21 Skälen
224 1258 28 18 för
267 1263 24 13 en
305 1256 59 21 sådan
382 1257 49 24 äsigt
447 1263 56 13 vore:
521 1259 28 17 att
562 1262 71 20 genom
648 1256 106 26 jernvägar
770 1257 55 19 kom-

84 1283 146 20 munikationen
245 1283 62 20 hälles
321 1284 63 24 öppen
399 1283 41 20 äret
455 1285 82 24 igenom,
552 1283 70 19 medan
637 1284 78 19 kanaler
729 1283 5 19 i
747 1283 78 20 Finland

84 1310 64 19 kunna
164 1310 96 25 begagnas
275 1310 70 20 endast
359 1310 38 19 fem
411 1310 27 19 till
453 1316 35 14 sex
504 1309 92 19 mänader
611 1310 20 18 af
644 1309 51 23 äret;
711 1312 28 16 att
753 1309 25 20 Je
788 1310 37 19 för-

84 1342 20 13 ra
120 1336 56 18 äfven
197 1338 33 16 äro
252 1336 4 18 i
273 1337 67 23 högsta
361 1336 46 24 grad
426 1337 73 23 egnade
521 1338 28 16 att
562 1335 78 23 betjena
660 1335 163 25 persontrafiken,

84 1362 30 18 för
130 1362 79 19 hvilken
223 1362 104 18 kanalerna
341 1362 34 18 alls
393 1362 44 18 icke
454 1362 64 18 kunna
536 1362 106 24 begagnas;
664 1363 27 17 att
706 1360 31 19 vid
753 1367 24 13 en
792 1360 34 20 sti-

84 1388 65 25 gande
163 1388 83 19 industri
263 1388 57 19 äfven
336 1388 184 25 varubefordringen
541 1386 24 26 pä
581 1387 78 28 kanaler
672 1388 29 18 för
716 1393 24 13 en
755 1387 71 25 mängd

84 1420 61 14 varor
160 1416 22 18 är
196 1415 63 19 alltför
273 1414 88 26 långsam
375 1415 38 19 och
427 1414 120 25 tidsödande,
559 1413 70 20 medan
644 1414 67 24 sjelfva
727 1416 99 23 transpor-

85 1444 46 16 tens
146 1441 97 20 snabbhet
257 1440 25 27 på
295 1440 129 26 jernvägarne
439 1441 47 20 ökar
496 1442 23 19 all
534 1441 51 25 slags
596 1440 166 26 varuomsättning
776 1442 50 18 samt
