1003 1692
288 138 71 23 Nådiga
371 140 140 22 Propositionen
524 139 36 19 N:o
571 140 30 18 38.
773 139 44 19 1273

71 187 73 27 någon,
163 194 44 14 som
224 190 23 19 är
263 188 28 21 till
307 189 192 25 bränvinsbränning
516 189 131 25 oberättigad,
665 190 36 25 äga
717 190 48 20 eller
779 190 36 20 hos

69 215 33 24 sig
115 215 6 19 i
135 216 68 19 förvar
217 215 58 20 hafva
289 215 61 21 sådan
364 216 92 25 redskap,
472 216 96 20 hvarmed
585 216 84 20 bränvin
684 216 40 20 kan
741 216 75 20 tillver-

71 241 37 20 kas
123 242 46 20 eller
183 242 112 25 distilleras,
311 241 68 21 såsom
389 242 66 20 kittlar
464 243 46 19 eller
520 248 75 20 pannor
604 242 46 19 med
659 242 44 25 fals,
714 242 102 20 bränvins-

70 269 132 25 pannehattar
215 269 39 19 och
267 269 62 24 bröst,
347 269 61 25 pipor,
425 269 82 25 slangar,
524 269 49 19 eller
585 272 58 16 annat
652 268 70 27 dylikt,
734 275 44 14 som
788 269 26 20 till

69 294 292 26 bränvinsbränningsredskap
375 296 77 19 räknas.
483 296 38 19 Har
534 295 55 26 dylik
600 295 84 26 redskap
694 300 73 19 genom
776 297 37 24 arf,

83 320 45 21 åfva
143 321 48 19 eller
204 323 119 18 testamente
336 321 83 26 lagligen
435 322 76 19 tillfallit
524 321 38 20 den
577 327 44 14 som
635 323 21 18 är
671 321 27 20 till
712 322 104 19 bränvins-

86 347 81 26 ränning
181 347 128 26 oberättigad,
327 353 47 14 vare
387 349 31 24 lag
431 353 45 14 som
490 348 10 25 $
515 348 23 19 57
552 347 107 21 innehåller
668 353 33 14 om
710 348 44 24 den,
766 349 49 19 hvil-

69 374 39 20 ken
125 373 85 20 kommit
226 374 7 19 i
246 374 108 26 besittning
370 375 21 19 af
406 380 61 14 annan
485 374 87 26 redskap
589 376 24 18 än
630 375 38 19 han
682 376 49 23 äger
744 375 69 27 nyttja.

70 401 71 20 Finnes
155 400 76 20 ändock
245 401 315 26 bränvinstillverkningsredskap
575 402 37 19 hos
625 401 71 26 någon,
712 407 44 14 som
764 402 51 20 efter

70 427 54 20 hvad
139 433 26 14 nu
179 427 57 26 sagdt
249 429 23 18 är
285 426 18 27 ej
318 427 32 20 må
365 427 60 20 sådan
439 428 87 25 redskap
539 427 112 26 innehafva,
670 429 45 19 böte
729 428 86 20 innehaf-

70 459 61 15 varen
146 453 63 20 sextio
224 455 57 18 mark
295 454 39 19 och
349 459 47 15 vare
410 454 112 26 redskapen
535 453 74 26 jemväl
624 455 112 24 förverkad,
748 455 67 20 derest

72 480 17 25 ej
109 480 54 20 visas
181 481 48 24 kan,
248 483 29 17 att
293 480 38 20 den
348 481 63 19 tillhör
428 481 81 26 behörig
524 486 74 21 person
614 482 38 19 och
669 483 55 18 emot
740 481 75 20 dennes

72 507 45 26 vilja
132 507 83 20 kommit
229 507 6 19 i
249 507 38 20 den
302 507 144 26 oberättigades
460 507 60 21 hand.
549 507 50 20 Från
611 507 53 20 detta
673 508 96 20 allmänna
778 509 39 18 för-

71 534 40 20 bud
128 534 122 25 undantagas
268 533 59 21 likväl
344 533 76 21 landets
437 534 121 26 apothekare
572 534 67 21 hvilka
653 534 30 20 för
698 535 4 19 i
717 534 59 27 yrket
789 535 28 20 fö-

71 560 106 26 refallande
191 560 138 21 distillationer
348 560 32 21 må
397 561 104 20 innehafva
518 561 75 20 enhvar
609 559 33 21 två
659 561 156 26 distillerpannor

70 587 39 20 den
126 593 36 14 ena
180 587 21 20 af
215 592 37 14 sex
269 587 86 20 kannors
372 587 56 26 drägt
445 588 48 20 eller
506 587 100 21 derunder
619 587 39 20 och
671 587 38 21 den
723 587 92 26 andra-ej

70 615 65 26 större
149 615 24 18 än
187 614 21 19 af
220 612 84 26 följande
318 614 66 26 rymd,
400 615 104 25 nemligen'
522 613 33 21 vid
569 614 85 25 apothek
668 614 6 19 i
683 614 129 25 Helsingfors,

71 641 50 25 Åbo,
137 641 89 25 Wiborg,
242 640 127 25 Nikolaista],
386 640 102 27 Uleåborg,
503 641 76 25 Kuopio
593 641 38 19 och
640 639 119 28 Björneborg
768 644 49 17 tret-

71 667 27 20 tio
115 668 85 23 kannor,
216 669 53 17 samt
285 667 33 20 vid
335 667 60 20 öfriga
412 668 87 25 apothek
516 668 5 19 i
539 667 66 20 landet
621 667 56 25 tjugu
693 667 81 20 kannor.
790 679 26 3 —

71 693 90 22 Nämnde
176 693 32 20 vid
222 694 111 25 apotheken
347 694 74 19 tillätne
439 694 86 25 redskap
542 693 43 24 bör,
603 694 58 19 innan
678 693 37 20 den
733 693 29 20 får
782 695 34 19 be-

72 725 79 22 gagnas,
168 725 47 15 vara
230 721 20 18 af
263 720 149 21 vederbörande
424 719 100 26 justerare
538 723 50 17 mätt
600 720 37 19 och
647 720 103 26 stämplad.
780 721 37 19 För

72 746 123 22 Alexanders
212 746 161 25 Universitetets,
391 747 173 27 Bergstyrelsens,
582 747 66 26 Mynt-
664 747 39 19 och
720 747 97 21 Kontroll-

72 774 94 24 verkens,
182 774 156 26 Gymnasiernas
352 774 39 20 och
403 774 98 20 Tekniska
515 773 151 21 Realskolornas
683 773 65 25 behof,
765 777 52 17 samt

72 801 30 19 för
117 800 60 20 andra
186 800 125 20 uteslutande
322 800 146 26 vetenskapliga
478 799 95 25 ändamäl,
591 799 32 20 mä
633 800 106 25 behörigen
757 802 59 18 stäm-

73 827 48 26 plad
134 826 221 26 distilleringsredskap,
370 827 21 19 af
402 826 40 20 den
456 827 58 27 rymd
528 832 44 14 som
581 826 30 20 för
621 826 129 26 inrättningen
766 828 51 24 pröf-

71 860 38 14 vas
121 853 65 26 nödig,
201 856 47 17 utan
263 852 54 27 afgift
331 853 105 27 begagnas.

415 906 11 26 S
441 906 32 21 64.

125 942 71 20 Finnes
210 942 69 26 nägon,
296 948 44 14 som
354 942 45 20 icke
412 943 82 19 innehar
506 942 93 26 rättighet
611 944 30 18 att
653 942 90 20 tillverka
760 942 57 20 brän-

73 970 39 24 vin,
128 970 82 19 anställa
223 970 49 20 elier
285 968 39 21 låta
338 970 80 19 anställa
432 968 62 21 sådan
507 968 125 26 tillverkning
645 968 45 20 med
704 969 54 20 hvad
773 969 44 19 red-

74 997 50 25 skap
137 996 34 20 det
185 1002 47 14 vara
246 995 40 25 må,
303 996 46 20 eller
363 995 115 27 distillering
491 995 46 20 med
550 1000 71 20 panna,
640 995 66 20 ehvad
723 995 34 20 det
771 995 46 19 sker

72 1024 46 20 med
133 1028 49 20 egen
197 1023 48 19 eller
258 1028 74 14 annans
346 1022 92 26 redskap,
455 1024 38 18 och
506 1022 83 20 änskönt
599 1022 99 20 förebäras
707 1021 71 25 skulle,
788 1024 29 17 att

72 1049 216 25 bränvinsbränningen
303 1049 118 19 verkställes
435 1048 30 20 för
479 1049 49 20 dens
544 1048 88 26 räkning,
643 1054 44 14 som
697 1048 27 20 till
734 1048 38 20 slik
781 1048 36 20 till-

72 1076 97 26 verkning
183 1076 28 19 lof
222 1078 54 23 äger;
291 1076 59 19 hafve
364 1075 100 20 förverkat
477 1074 118 26 redskapen,
612 1075 59 19 hvem
684 1074 40 20 den
733 1074 39 20 ock
781 1074 37 20 till-

73 1104 46 24 hör,
134 1104 43 19 och
194 1102 112 26 bränvinet,
322 1104 52 17 samt
390 1102 62 25 plikte
467 1102 64 20 dertill
548 1102 61 19 första
623 1100 75 26 gången
713 1100 104 20 etthundra

72 1129 56 27 tjugu
145 1128 55 21 mark
217 1130 38 18 och
272 1127 71 25 hvarje
359 1127 49 27 gång
425 1129 38 20 han
480 1128 83 20 dermed
579 1128 63 20 oftare
656 1127 102 26 beträdes,
774 1126 44 21 två-

73 1156 78 20 hundra
165 1156 72 26 fyratio
251 1156 64 20 mark.

417 1208 11 25 $
442 1208 32 20 65.

127 1244 43 20 Hos
184 1244 45 25 den,
245 1250 44 14 som
303 1244 44 20 icke
361 1245 47 25 äger
421 1244 94 25 rättighet
529 1246 29 18 att
571 1243 90 20 tillverka
675 1243 95 25 bränvin,
783 1242 35 30 må

73 1271 46 20 icke
133 1271 62 20 heller
208 1270 63 21 finnas
285 1271 30 20 för
329 1270 36 21 slik
380 1271 126 25 tillverkning
520 1269 72 30 tjenlig,
607 1270 47 19 med
668 1270 47 20 malt
729 1270 38 19 och
780 1272 40 23 jäst

74 1297 78 22 tillredd
166 1304 35 14 sur
215 1297 132 26 tillmäskning
359 1297 35 20 vid
407 1297 35 20 bot
455 1297 38 20 och
507 1297 71 26 påföljd
592 1302 46 14 som
650 1296 6 19 i
670 1296 10 25 $
694 1297 26 20 63
730 1296 87 26 stadgas.

418 1349 10 25 $
442 1350 32 20 66.

130 1387 64 20 Hafva
210 1385 48 21 flere
273 1385 129 20 innehafvare
419 1385 21 20 af
454 1385 77 20 mindre
550 1383 159 30 hemmansdelar
729 1383 6 20 i
755 1388 24 15 en
793 1383 13 30 b

77 1420 34 14 om
125 1419 114 21 gemensam
253 1412 156 26 bränvinspanna
424 1412 32 25 sig
470 1412 81 24 förenat,
567 1410 68 21 såsom
648 1416 6 14 i
671 1410 11 26 $
699 1411 24 19 43
741 1409 80 27 medgif-

78 1447 44 20 ves,
137 1441 39 20 och
189 1439 75 28 nyttjar
279 1439 62 27 någon
355 1439 20 20 af
387 1438 46 21 dem
446 1438 58 21 likväl
515 1442 62 18 annan
587 1437 201 26 bränningsredskap,
798 1437 24 20 än

737 1469 31 17 80"
