1017 1695
172 157 44 33 930
393 159 71 22 Nådiga
476 159 140 22 Propositionen
628 157 36 17 N:o
676 157 28 17 31.

182 211 25 21 de
220 210 39 20 och
272 210 98 19 kostsamt
379 210 81 24 företag.
485 209 62 18 Mans
561 206 131 25 Kejserliga
707 205 109 25 Majestät
832 205 34 19 har
874 204 48 29 der-

182 238 48 24 före,
246 237 5 18 i
266 236 95 20 händelse
374 235 107 20 Ständerna
495 235 63 19 lemna
573 233 97 20 företräde
680 232 20 19 åt
713 232 114 25 anläggning
840 232 20 18 af
871 236 53 19 jern-

183 265 60 24 vägar
257 263 52 20 velat
323 263 36 19 hos
374 261 108 21 Ständerna
497 260 78 20 förorda
589 260 69 19 endast
675 265 24 13 en
713 259 45 19 med
776 258 38 19 den
828 258 95 28 allmänna

183 291 71 25 planen
268 288 216 21 öfverensstämmande
499 287 124 24 fortsättning
633 287 20 18 af
665 285 111 20 den.redan
785 285 74 24 färdiga
872 289 53 20 jern-

184 320 64 22 vägen
263 315 21 21 sä
300 316 25 19 till
341 315 45 20 vida
401 317 28 17 att
448 315 34 19 det
496 315 100 18 närmaste
609 311 110 21 ändamålet
735 312 47 19 med
801 311 122 24 densamma,

184 343 94 20 trafikens
292 341 24 27 på
331 341 77 26 Päijäne
426 341 37 20 och
480 339 201 21 vest-tavastländska
699 341 80 17 vattnen
800 337 126 20 förbindande

184 370 46 19 med
244 369 74 25 hafvet,
335 368 32 20 må
381 369 76 18 vinnas.

238 397 8 19 I
260 396 51 19 förra
327 395 121 20 hänseendet
467 396 34 18 äro
521 396 71 17 tvänne
607 392 96 20 särskilda
724 392 71 25 förslag
809 390 116 27 uppgjorda,

185 423 34 20 det
233 428 37 14 ena
285 423 26 18 till
326 427 24 14 en
364 422 48 19 bana
427 422 20 18 af
463 421 105 19 sextiofem
585 422 66 16 versts
668 419 58 24 längd
748 418 42 19 fiän
804 418 124 19 Tavastehus

186 450 27 19 till
228 449 114 25 Anianpelto
359 448 32 19 vid
409 447 89 24 Päijänes
520 446 73 24 strand,
613 446 33 19 det
667 445 58 20 andra
746 445 26 19 till
788 450 22 14 en
828 443 100 26 femtiosju

186 478 56 17 verst
256 475 45 26 läng
315 475 49 20 bana
379 473 41 20 frän
435 473 101 20 Riihimäki
552 473 70 20 station
636 471 24 26 pä
673 470 255 26 Helsingfors-Tavastehus

186 502 108 25 jernvägen
308 501 26 20 till
356 501 66 20 Lahtis
437 500 32 19 vil
483 499 113 25 Wesijärvi,
620 499 45 19 med
683 497 76 26 Päijäne
780 498 93 19 förenade
890 496 36 25 sjö.

188 529 112 19 Kostnaden
314 528 30 19 för
358 527 37 20 den
412 528 51 18 förra
483 529 21 18 är
518 525 98 22 beräknad
638 526 25 19 vill
679 525 108 25 1,550,000
805 524 55 19 rubel
882 523 48 20 eller

188 556 109 24 6,200,000
306 554 62 25 mark,
377 555 31 24 för
418 553 32 20 den
459 553 83 20 sednare
552 553 25 20 till
586 553 107 23 1,465,000
701 551 55 20 rubel
767 552 46 19 eller
821 550 108 25 5,860,000

188 581 64 25 mark,
269 581 74 19 hvartill
359 582 52 17 ännu
428 580 62 19 skulle
508 580 77 19 komma
606 578 109 20 kostnaden
733 579 29 18 för
780 583 24 14 en
820 577 56 19 kanal
892 577 38 19 och

189 609 53 20 sluss
257 608 82 20 emellan
350 606 105 26 Wesijärvi
470 607 37 19 och
521 605 78 26 Päijäne
613 605 45 20 med
669 605 88 24 660,000
767 604 55 20 mark
834 603 96 25 (165,000

189 635 72 24 rubel).

242 661 47 20 Icke
302 661 50 20 blott
366 660 44 19 med
425 660 94 19 afseende
532 659 60 26 Jerpä
611 661 27 17 att
653 659 61 19 banan
731 657 42 20 från
788 657 102 20 Riihimäki
905 657 25 19 till

190 688 67 20 Lahtis
271 688 6 19 i
291 687 21 20 så
327 687 86 26 betydlig
427 687 47 25 grad
492 687 96 19 förkortar
603 685 221 26 jernvägstransporten
846 684 25 19 till
887 683 45 20 Hel-

191 715 90 25 singfors,
297 713 25 21 då
337 714 43 19 hela
394 714 62 19 denna
472 717 38 22 väg
524 713 61 20 skulle
600 713 79 18 komma
699 715 28 17 att
742 711 63 26 uppgå
821 711 70 23 endast
904 710 36 20 till.

191 742 50 19 elfva
256 741 41 25 mil,
314 740 69 20 medan
398 740 122 25 väglängden
541 739 24 26 på
583 740 63 20 banan
660 739 43 19 från
719 739 113 24 Amanpelto
847 738 27 19 till
890 737 43 20 Hel-

191 769 84 24 singfors
290 767 79 20 komme
384 770 28 16 att
426 770 69 22 utgöra
509 769 71 16 sexton
593 767 37 18 och
641 771 23 14 en
679 766 40 19 half
731 765 40 24 mil,
783 766 37 18 och
835 767 28 17 att
877 763 55 21 alltså

191 793 210 26 transportkostnaden
419 794 28 18 för
469 796 56 21 tunga
542 799 63 16 varor,
622 792 92 20 särskildt
735 793 30 18 för
782 791 110 24 trädvaror,
909 789 24 27 på

191 821 136 20 förstnämnde
342 823 37 21 väg
393 819 64 20 måste
471 820 59 19 blifva
546 820 43 19 vida
604 819 93 25 billigare,
714 821 45 17 utan
778 819 57 18 äfven
850 817 84 20 emedan

192 848 38 19 den
244 848 59 19 ofvan
317 847 92 25 uppgifna
423 849 70 17 sexton
509 847 10 18 a
534 845 54 26 tjugu
606 845 90 26 miljoner
709 845 58 20 mark
785 845 20 25 (4
819 845 11 19 a
846 846 10 18 5
871 843 63 26 miljo-

192 881 36 13 ner
241 874 64 25 rubel)
321 874 51 25 lägre
386 873 109 20 kostnaden
513 873 28 19 för
557 879 24 13 en
596 872 139 25 jernvägslinie
757 871 41 20 från
812 872 31 19 S:t
857 872 79 19 Peters-

193 901 49 26 burg
257 900 25 20 till
297 901 122 19 Tavastehus
433 899 37 20 och
480 900 131 19 Tammerfors
626 899 58 20 beror
698 899 57 20 deraf
768 901 28 16 att
809 898 63 19 denna
887 897 49 20 bana

194 927 62 25 väljes
271 927 38 20 och
323 925 56 21 alltså
393 927 83 19 nämnda
494 926 44 19 linie
556 926 89 19 kommer
659 929 28 16 att
703 925 24 26 gå
741 925 57 19 öfver
811 925 73 24 Lahtis,
901 925 35 18 har

193 955 63 18 denna
271 953 113 25 sträckning
398 955 75 17 ansetts
488 953 46 20 böra
549 953 118 24 föredragas.

247 981 7 18 I
269 980 84 19 sednare
364 979 127 23 hänseendet,
503 980 28 19 för
543 979 132 20 förbindelsen
686 979 71 19 mellan
766 979 122 19 Tavastehus
899 979 38 19 och

194 1007 140 23 Tammerfors,
350 1007 21 18 är
386 1011 23 14 en
424 1006 48 19 bana
487 1006 110 29 föreslagen
611 1009 28 16 att
653 1005 54 20 ledas
721 1005 92 20 söderom
827 1005 25 19 de
866 1005 71 20 mellan

194 1033 60 20 dessa
269 1033 123 25 ändpunkter
406 1033 121 25 fortlöpande
549 1038 84 19 sjöarne,
649 1033 29 18 för
693 1032 80 19 hvilken
795 1032 48 19 bana
858 1032 80 19 kostna-

195 1059 38 20 den
252 1061 23 18 är
292 1059 99 20 beräknad
414 1059 25 19 till
461 1059 108 24 2,550,000
589 1059 55 19 rubel
666 1059 47 19 eller
731 1059 121 24 10,200,000
874 1058 62 20 mark.

195 1085 69 26 Någon
278 1085 79 20 kortare
372 1086 37 18 och
424 1085 111 25 lämpligare
550 1085 31 19 led
595 1086 24 18 än
633 1085 62 19 denna
710 1085 36 19 kan
761 1085 29 18 för
804 1085 134 25 nyssnämnde

194 1111 214 26 jernvägstörbindelse
422 1111 43 19 icke
480 1111 71 24 finnas;
568 1112 38 18 och
620 1113 22 17 är
656 1111 51 19 valet
722 1112 20 18 af
751 1114 117 17 densamma
882 1111 58 20 dess-

196 1140 56 17 utom
267 1137 118 20 motiveradt
406 1137 57 20 äfven
477 1137 113 26 derigenom
604 1140 28 17 att
652 1137 69 26 endast
735 1137 33 20 vid
782 1138 74 19 banans
872 1137 68 26 förläg-

196 1164 64 25 gande
274 1164 91 28 söderom
386 1163 77 24 sjöarne
484 1169 23 14 en
522 1164 69 19 bibana
609 1164 26 19 till
650 1164 43 19 Åbo
708 1163 5 19 i
728 1163 96 20 samband
845 1163 46 20 med
905 1163 35 20 det

197 1190 61 25 öfriga
273 1192 192 23 jernvägssystemet
480 1190 35 19 kan
533 1189 100 26 pätänkas.
663 1190 66 19 Denna
747 1191 49 18 bana
810 1190 55 19 leder
879 1189 60 20 också

198 1221 70 23 genom
288 1216 76 24 odlade,
382 1217 30 18 väl
434 1215 103 20 betolkade
558 1216 80 19 trakter.
668 1216 61 19 Hans
747 1215 134 26 Kejserliga
895 1217 44 18 Ma-

196 1243 88 22 Jestäts
299 1242 74 17 önskan
387 1243 22 16 är
423 1244 34 21 att,
469 1247 32 12 om
511 1243 104 17 ständerna
630 1242 64 18 kunna
709 1242 36 18 och
756 1241 44 24 vilja
815 1242 72 18 bereda
900 1247 40 13 me-

198 1267 31 19 del
244 1267 29 19 för
288 1267 59 19 dessa
361 1266 50 19 båda
426 1267 71 18 banors
511 1267 108 24 utförande,
636 1267 76 19 arbetet
726 1267 24 25 på
760 1267 102 19 desamma
878 1267 62 19 skulle

199 1292 80 25 vidtaga
293 1292 10 20 å
319 1292 37 20 den
371 1298 35 13 ena
421 1292 48 19 eller
483 1292 59 20 andra
560 1293 46 19 eller
621 1292 98 26 samtidigt
740 1292 11 20 ä
766 1292 49 20 båda
831 1292 50 20 efter
895 1293 45 26 Sty-

199 1320 78 19 relsens
291 1321 91 18 närmare
395 1319 140 25 bepröfvande,
551 1319 46 20 med
611 1319 93 20 afseende
721 1319 71 20 fästadt
808 1319 25 26 på
848 1319 92 26 beloppet

199 1346 21 19 af
232 1346 38 19 den
285 1345 64 24 trafik,
365 1351 43 14 som
432 1346 37 19 kan
484 1345 98 26 påräknas
597 1346 29 19 för
639 1346 25 19 de
685 1346 104 19 efterhand
807 1346 73 25 färdiga
895 1346 45 19 ban-

199 1373 85 19 delarne.
315 1373 66 19 Skulle
396 1373 155 25 anslagsmedlen
562 1373 59 20 blifva
636 1373 113 26 tillräckliga
759 1373 29 19 för
802 1373 58 19 deras
874 1373 66 19 fullän-

200 1399 63 20 dande
284 1399 52 20 inom
356 1399 91 25 beloppet
465 1400 19 19 af
502 1400 39 19 fem
559 1399 28 25 år,
606 1399 55 20 alltså
682 1400 45 19 med
745 1405 25 14 en
787 1399 48 26 årlig
851 1399 58 26 utgift
922 1399 21 19 af

201 1426 108 25 3,344,000
325 1426 56 19 mark
397 1426 94 25 (836,000
506 1427 63 24 rubel)
593 1431 47 14 vore
654 1426 33 20 det
704 1429 46 16 utan
766 1426 67 20 tvifvel
855 1425 41 21 skäl
914 1428 28 17 att

200 1451 82 21 sålunda
297 1452 62 19 utföra
379 1452 76 20 arbetet
470 1455 45 16 utan
538 1453 123 24 upptagande
681 1453 20 19 af
714 1452 37 20 län.
781 1453 42 19 Men
842 1452 23 20 då
884 1453 57 20 likväl
959 1471 3 2 -
