1028 1689
452 275 48 33 27.

306 384 67 23 Hans
388 384 151 29 Kejserliga
548 385 137 28 Majestäts
698 384 86 30 Nädiga
792 386 51 23 Pro-

237 413 97 28 position
353 413 36 22 till
406 413 104 23 Finlands
530 413 101 28 Ständer,
652 413 113 23 angäende
784 420 59 17 reor-

237 441 167 27 ganisation
371 437 35 37 'af
419 441 116 23 städernas
554 441 274 29 kommuna]förvaltning.

155 500 96 21 Behofvet
265 502 20 19 af
298 507 24 13 en
336 502 152 24 reorganisation
503 503 42 19 utaf
566 502 103 20 städernas
692 502 153 20 kommunalför-

103 527 88 25 valtning
204 528 35 26 gör
254 528 29 25 sig
297 528 87 20 alltmera
398 528 94 26 gällande,
506 528 22 26 ju
541 534 55 14 mera
611 528 102 20 städernas
733 528 112 26 befolkning

101 553 92 21 kommer
207 557 28 17 att
248 554 58 20 bestä
321 554 20 20 af
353 555 60 19 andra
429 556 24 18 än
468 555 78 24 sädana,
563 556 72 24 hvilka,
651 555 24 25 pä
689 556 62 24 grund
766 556 21 18 af
795 561 49 13 vun-

101 583 35 17 net
150 580 93 26 burskap,
259 581 6 19 i
279 581 46 20 dem
339 580 63 21 drifva
416 580 59 27 något
488 582 109 20 industrielt
611 582 56 26 yrke.
697 582 41 19 Den
755 581 88 20 enklaste

101 606 99 26 lösningen
213 608 22 18 af
247 608 62 19 denna
324 606 54 26 fråga
393 613 47 14 vore
455 608 117 26 visserligen
585 608 47 25 den,
649 611 27 17 att
694 609 106 23 gränserna
814 608 29 20 för

101 632 164 26 borgareståndet
279 634 121 20 utsträcktes
414 633 32 25 så,
462 637 28 17 att
503 635 36 19 alla
557 634 24 20 de
597 634 129 20 medlemmar
737 634 27 20 -af
778 634 65 20 stads-

101 659 130 26 kommunen,
247 660 66 20 hvilka
327 660 83 26 ansåges
424 661 48 19 böra
486 661 72 20 erhålla
572 661 52 19 talan
637 661 6 18 i
657 661 47 19 dess
720 666 125 21 gemensam-

100 692 33 14 ma
147 687 170 25 angelägenheter,
333 687 97 19 räknades
444 688 26 18 till
486 688 59 25 sagde
560 687 62 19 stånd.
652 688 73 18 Derom
739 688 39 18 kan
792 686 51 20 dock

101 712 18 26 ej
135 714 29 18 för
178 714 121 19 närvarande
313 713 59 20 blifva
386 712 61 26 fråga,
463 716 28 24 ty,
507 717 55 16 utom
571 714 34 19 det
613 716 29 17 att
651 714 25 19 de
685 714 159 24 burskapsegan-

100 739 25 20 de
141 740 177 19 stadsinnevänare
332 739 57 20 hafva
404 740 53 20 vissa
472 741 5 18 i
491 740 77 20 landets
582 740 116 25 grundlagar
715 740 47 19 dem
778 740 66 19 tiliför-

101 766 86 20 säkrade
201 767 114 25 rättigheter
329 766 37 19 och
380 766 81 20 äfvensä
472 767 54 19 vissa
535 772 71 20 genom
615 766 30 26 lag
654 766 46 20 dem
710 766 68 26 älagda
789 766 54 26 skyl-

101 792 97 26 digheter,
215 793 65 19 hvilka
295 792 17 25 ej
328 792 25 26 pä
367 792 62 20 denna
444 795 37 23 väg
497 793 64 19 kunna
577 792 131 20 underkastas
725 792 117 25 förändring,

100 819 57 20 torde
171 819 97 25 åsigterna
283 819 5 19 i
303 820 54 19 detta
371 819 112 20 hänseende
496 821 51 18 ännu
564 824 47 14 vara
628 819 22 19 så
667 819 42 19 litet
726 818 118 20 utvecklade

100 846 39 19 och
153 846 100 25 stadgade,
269 848 28 17 att
311 845 135 25 utjemnandet
460 846 20 18 af
492 846 24 20 de
531 845 62 20 skilda
606 845 114 20 klassernas
729 845 115 31 rättigbeter

101 873 38 19 och
154 872 135 26 skyldigheter
305 878 60 20 synes
383 872 47 20 böra
447 873 131 19 öfverlemnas
596 872 19 19 åt
632 871 113 25 framtiden,
764 871 24 19 då
806 870 37 20 slik

99 898 103 26 jemkning
216 898 122 26 småningom
353 899 38 19 kan
405 898 91 26 försiggå,
512 899 33 19 allt
559 899 95 19 eftersom
669 897 25 21 de
712 897 62 20 skilda
790 898 54 18 klas-

101 931 59 14 serna
175 925 50 19 finna
240 925 42 19 sina
297 925 98 19 intressen
409 924 4 19 i
428 925 34 19 det
477 925 42 19 hela
535 930 46 13 vara
596 924 44 19 lika.
803 937 4 5 .

153 951 187 26 Reorganisationen
354 951 36 20 bör
404 951 77 19 således
495 951 116 19 inskränkas
624 950 70 20 dertill:
710 952 28 17 att
746 949 25 25 pä
781 955 49 19 grun

101 977 21 20 af
134 983 27 14 nu
175 977 106 21 bestående
295 977 135 20 förhållanden
445 983 23 13 en
482 978 30 19 för
525 977 35 20 alla
574 977 77 20 klasser
661 976 20 19 af
690 975 155 21 statsinneväna-

101 1009 23 14 re
137 1010 115 20 gemensam
265 1003 229 26 kommunalförvaltning
508 1003 103 20 anordnas.

155 1031 95 19 Städerna
265 1031 123 23 sönderfalla,
404 1029 39 20 kan
458 1035 45 14 man
517 1031 54 24 säga,
587 1029 29 19 för
631 1027 125 22 närvarande
772 1028 28 19 uti
814 1029 30 18 tre

101 1056 43 20 från
159 1057 111 20 hvarandra
285 1056 62 20 skilda
361 1057 115 19 samhällen.

155 1084 38 18 Det
211 1084 62 19 första
293 1083 80 25 utgöres
393 1083 19 19 af
430 1082 38 19 den
485 1082 94 26 egentliga
596 1080 107 26 borgerliga
720 1080 123 20 kommunen

102 1109 47 20 eller
163 1110 21 18 af
195 1109 52 25 dem,
263 1109 74 25 hvilka,
352 1108 25 26 på
391 1109 63 25 grund
468 1110 21 18 af
502 1110 76 17 vunnet
591 1107 95 28 burskap,
702 1107 5 18 i
722 1107 44 20 stad
780 1106 63 19 drifva

101 1135 63 26 någon
184 1136 75 25 näring,
283 1136 37 19 och
337 1135 64 20 denna
418 1135 53 19 klass
488 1136 35 18 har
540 1134 96 19 alltsedan
654 1132 100 25 sjuttonde
770 1132 74 19 seklets

101 1161 68 25 början
184 1163 75 18 utöfvat
273 1164 28 17 ett
314 1161 146 25 öfvervägande
477 1160 104 26 inflytande
598 1159 24 26 på
640 1159 102 19 städernas
759 1159 86 25 styrelse

102 1189 39 18 och
155 1189 123 24 förvaltning.

156 1215 38 18 Det
207 1214 60 19 andra
281 1213 81 25 utgöres
376 1213 19 19 af
403 1213 125 25 gårdsegare,
540 1212 47 20 eller
597 1212 20 19 af
625 1211 119 26 gårdsegare
753 1211 37 18 och
799 1211 47 19 bor-

101 1247 48 19 gare
163 1241 135 24 tillsammans,
314 1241 38 18 och
366 1241 33 18 har
415 1240 30 25 sig
458 1239 54 19 vissa
531 1237 134 27 skyldigheter
682 1237 76 25 ålagda,
778 1235 67 21 såsom

103 1269 47 23 väg-
164 1268 37 19 och
211 1267 133 26 brobyggnad,
355 1265 163 26 gatu-underhåll,
530 1264 137 26 gatu-lysning,
679 1263 165 24 brandväsendet,

103 1293 134 26 ingvartering
250 1299 27 14 m.
293 1298 28 14 m.

158 1320 41 18 Alla
213 1320 162 24 angelägenheter
390 1318 82 19 rörande
487 1318 59 18 dessa
564 1317 61 24 begge
643 1317 77 18 klasser
736 1315 109 18 behandlas

103 1345 22 20 af
136 1345 135 25 Magistraten;
287 1350 45 13 men
347 1344 69 20 endast
432 1343 37 20 den
486 1342 134 20 förstnämnda
637 1342 35 19 har
690 1347 24 13 en
718 1342 129 27 permanent

103 1371 164 25 representation,
283 1371 97 24 nemligen
395 1369 25 20 de
434 1369 74 20 äldstes
517 1368 42 22 råd,
570 1373 49 19 som,
631 1367 59 19 stäldt
704 1366 33 19 vid
746 1366 100 30 Magistra-

104 1400 46 17 tens
164 1397 49 25 sida,
228 1398 20 19 af
260 1397 65 20 denna
338 1396 117 26 myndighet
468 1396 59 19 höres
541 1395 5 18 i
564 1395 36 19 alla
617 1393 93 24 ärender,
729 1392 66 19 hvilka
812 1397 35 14 en-

104 1424 35 26 ligt
153 1424 87 25 gällande
254 1423 127 27 stadganden,
399 1423 125 19 uteslutande
540 1420 47 27 angå
604 1419 149 27 borgerskapet.
784 1419 63 19 Rörer
