1014 1686
296 142 71 22 Nådiga
379 143 139 22 Propositionen
531 143 36 17 N:o
580 143 27 18 31.
788 143 33 20 945

78 190 101 20 förmåner
193 192 47 19 eller
254 191 118 26 åligganden,
388 192 49 19 eller
455 192 71 26 hyres-
542 192 48 19 eller
605 192 180 20 arrendeterminen
799 194 22 17 är

77 218 90 19 särdeles
181 218 51 24 kort,
249 219 47 18 eller
310 217 66 20 såvidt
388 218 52 24 icke,
457 218 33 19 vid
503 218 113 24 jemförelse
624 219 71 19 mellan
705 218 37 19 den
752 218 69 25 ifräga-

78 244 85 19 varande
182 245 37 18 och
236 244 60 19 andra
314 244 114 25 fastigheter
445 244 3 19 i
462 250 75 13 samma
556 247 30 16 ort
602 245 21 18 af
636 244 37 19 lika
691 244 74 19 storlek
783 244 37 20 och

77 270 145 24 beskaffenhet,
238 270 76 19 erfares
328 272 28 17 att
370 272 70 23 hyres-
455 271 47 18 eller
515 270 186 25 arrende-beloppet
715 270 63 19 blifvit
787 271 34 18 be-

77 296 76 19 stämdt
167 296 87 19 särdeles
269 295 47 26 lågt,
332 295 45 20 med
392 297 92 18 afseende
498 296 11 19 ä
524 297 58 24 slägt-
594 297 48 18 eller
650 297 59 19 andra
719 295 102 20 förhällan-

77 321 38 20 den
130 322 83 19 emellan
227 327 71 20 egaren
313 325 52 16 samt
379 321 145 27 hyresmannen
539 323 47 18 eller
600 323 135 19 arrendatorn.

132 349 19 23 3)
180 349 37 18 Det
231 348 61 19 värde
311 349 74 19 hvartill
405 349 97 25 egendom
519 349 124 26 uppskattats
660 349 31 19 för
707 348 114 20 erhällande

77 375 21 18 af
110 373 33 20 län
158 377 45 16 utur
216 375 52 18 bank
284 375 46 19 eller
344 375 224 26 hypotheksinrättning,
584 374 22 20 sä
621 375 58 19 framt
696 375 45 19 icke
757 376 63 19 alltför

78 400 44 26 läng
136 401 27 19 tid
178 401 86 19 derefter
281 401 81 20 förflutit
381 401 47 20 eller
444 401 128 26 fastighetens
591 401 61 20 värde
668 401 63 20 under
747 401 54 20 tiden
815 402 5 19 i

77 426 47 26 följd
138 428 20 19 af
171 427 95 20 särskilda
281 428 167 25 omständigheter
463 428 5 18 i
484 429 96 24 väsentlig
594 427 45 20 män
652 429 113 18 föräntrats.

130 454 21 24 4)
180 453 257 26 Brandförsäkringsvärdet
454 453 10 20 ä
483 455 24 19 de
524 455 5 18 i
548 454 42 19 stad
607 455 37 18 och
658 454 25 25 pä
697 454 48 20 dess
757 454 64 20 omrä-

78 480 25 19 de
115 480 62 19 eller
170 476 12 35 i
187 480 71 26 köping
268 481 99 24 befintliga
376 480 81 26 gärdars
468 480 103 27 äbyggnad
581 483 52 18 samt
642 480 10 19 ä
661 481 78 24 bruks-,
751 486 71 19 gvarn-

78 507 39 18 och
132 506 188 26 fabriksbyggnader
334 507 24 24 pä
372 507 70 25 landet,
459 508 103 18 äfvensom
576 507 11 19 ä
602 507 59 20 andra
675 507 36 19 der
725 507 96 25 uppförde

78 533 38 19 hus
135 537 37 15 och
190 533 121 26 byggnader,
330 533 65 20 hvilka
412 537 98 22 begagnas
528 534 29 18 för
575 534 67 19 idkare
659 534 20 19 af
694 536 58 17 annat
771 533 50 26 yrke

78 561 24 18 än
114 559 118 25 jordbruket
246 560 38 18 och
298 559 48 19 dess
359 560 116 24 binäringar;
493 560 94 19 likaledes
602 559 9 19 ä
627 559 102 27 äbyggnad
738 559 24 25 pä
772 560 49 19 lust-

78 586 69 19 ställen
161 585 38 19 och
213 586 83 19 dermed
309 585 109 27 jemförliga
436 586 76 20 mindre
528 587 122 24 lägenheter,
669 586 23 19 dä
710 586 38 19 den
764 586 57 24 utgör

77 611 71 21 dessas
163 613 95 25 egentliga
273 612 68 21 värde,
370 612 66 20 Skulle
450 612 50 20 dock
515 612 255 25 brandförsäkringsvärdet
787 612 34 20 be-

76 637 65 21 finnas
157 644 46 14 vara
219 639 63 19 alltför
297 638 46 26 lågt,
360 640 35 18 bör
409 639 33 21 det
457 639 87 26 verkliga
562 640 69 19 värdet
647 642 56 22 tagas
719 639 25 21 till
759 639 62 25 grund

77 665 30 20 för
122 665 141 25 bevillningens
279 666 124 24 utgörande.”

132 692 20 24 5)
181 692 114 25 Egovidden
311 692 5 18 i
330 692 54 24 åker,
403 695 43 22 äng,
462 692 48 26 skog
524 693 37 20 och
576 692 113 20 betesmark
703 691 10 20 å
729 692 93 25 fastighet

92 717 11 20 å
118 718 72 25 landet,
205 717 62 26 jemte
282 718 82 20 dermed
378 719 93 19 förenade
486 719 97 19 särskilda
595 718 104 25 förmåner,
710 718 68 20 såsom
788 718 34 19 fis-

85 746 92 24 kevatten,
194 745 106 23 vattenfall,
317 745 125 25 lastageplats
456 751 28 14 m.
499 751 35 18 m.;
551 745 92 19 likaledes
657 746 50 24 läget
721 744 37 20 och
767 750 55 14 area-

77 772 30 19 len
122 770 20 20 af
155 771 101 24 fastighet,
272 771 83 25 belägen
369 772 5 18 i
389 771 43 20 stad
447 772 46 19 eller
507 772 72 25 köping
593 772 47 20 eller
656 770 25 26 på
695 771 48 19 dess
757 770 64 20 områ-

77 797 32 27 de,
127 797 46 21 med
187 797 63 20 dertill
265 798 89 20 hörande
368 798 97 22 särskilda
480 798 104 21 förmåner.

427 851 10 26 $
453 853 19 18 8.

131 889 47 19 Fast
192 888 108 25 egendoms
315 888 60 20 värde
388 888 43 25 bör,
447 889 5 18 i
466 888 25 20 de
505 889 30 20 fall
552 888 23 20 då
590 889 27 19 till
632 889 62 25 grund
704 889 66 19 derför
779 888 44 20 icke

78 915 105 25 lämpligen
197 915 38 19 kan
250 918 54 22 tagas
318 915 137 25 köpeskilling,
468 915 50 26 hyra
528 916 46 19 eller
584 915 93 24 arrende,
689 915 73 19 banko-
775 915 48 20 eller

78 941 219 26 hypotheksvärdering
315 942 47 19 eller
378 941 181 26 brandförsäkring,
579 942 98 19 beräknas
697 941 26 20 till
742 943 27 17 ett
789 941 34 19 be-

78 968 53 25 lopp,
149 973 43 14 som
208 967 44 19 med
268 967 77 25 hänsigt
359 967 27 20 till
401 967 49 20 dess
464 967 80 26 storlek,
561 967 141 25 beskaffenhet,
714 967 106 25 förmåner,

77 994 44 25 läge
137 995 38 18 och
190 994 200 26 afsättningstillfällen
405 997 51 16 samt
470 994 60 25 öfriga
546 994 62 19 kända
623 994 47 19 eller
679 995 92 24 upplysta
783 994 39 19 för-

78 1020 109 24 hållanden,
204 1023 110 16 motsvarar
329 1020 219 25 uppskattningsvärdet
562 1020 9 19 å
587 1020 59 19 andra
660 1020 6 19 i
679 1021 94 18 närheten
786 1020 35 19 be-

75 1047 65 24 lägna,
156 1047 81 20 dermed
250 1046 108 26 jemförliga
373 1047 121 24 fastigheter,
510 1046 11 20 å
532 1047 66 19 hvilka
609 1046 143 21 ofvanberörde
763 1051 58 20 grun-

77 1073 36 20 der
127 1073 30 20 för
171 1073 163 26 uppskattningen
348 1073 74 19 kunnat
432 1073 106 26 tillämpas.

428 1125 10 25 S
454 1126 29 19 9.'

132 1163 27 19 Dä
179 1164 38 19 fast
242 1164 106 25 egendoms
368 1163 62 19 värde
447 1163 97 20 beräknas
564 1163 52 19 efter
636 1163 47 20 dess
703 1163 116 24 afkastning,

77 1189 37 20 bör
131 1189 88 26 benörigt
236 1189 95 20 afseende
348 1189 60 19 fästas
426 1189 11 19 ä
455 1190 25 19 de
496 1189 138 25 grundskatter
651 1191 52 18 samt
717 1189 60 24 öfriga
791 1191 30 16 ut-

78 1215 90 27 skylder,
188 1221 44 14 som
248 1219 55 16 utom
321 1215 130 25 bevillningen
469 1215 42 20 från
526 1221 76 14 samma
616 1215 95 26 egendom
727 1215 94 25 erläggas,

79 1244 51 17 samt
148 1241 69 20 värdet
234 1242 11 19 ä
263 1248 23 13 en
304 1242 45 19 med
366 1242 65 26 dylika
449 1241 133 26 skattebidrag
598 1241 147 25 jemförelsevis
763 1241 60 25 högre

79 1268 99 25 betungad
193 1269 97 24 egendom
304 1267 118 26 följaktligen
437 1269 87 18 minskas
538 1268 6 19 i
558 1267 121 20 förhällande
693 1268 27 19 till
735 1267 34 20 det
778 1269 45 18 vär-

79 1295 34 23 de,
133 1301 44 13 som
195 1294 73 20 äsättes
286 1300 24 14 en
328 1295 20 18 af
366 1295 76 18 skatter
456 1295 37 18 och
508 1294 59 19 andra
582 1294 104 25 utskyller
699 1294 77 19 mindre
789 1293 36 19 be-

80 1321 79 25 tungad,
175 1321 63 18 ehuru
252 1321 25 19 till
293 1321 73 19 storlek
380 1321 38 18 och
435 1321 135 18 beskaffenhet
584 1320 6 19 i
608 1320 55 25 öfrigt
677 1319 82 20 dermed
773 1319 50 24 jem-

82 1347 55 24 förlig
151 1346 98 25 fastighet.
667 1351 7 4 >

428 1390 9 25 s
452 1391 32 19 40.

137 1428 38 20 Det
190 1428 67 26 värde,
273 1428 76 20 hvartill
364 1428 38 19 fast
416 1428 96 26 egendom
530 1428 125 25 uppskattats
673 1427 34 20 det
723 1426 22 20 är
761 1419 64 28 denna

755 1460 23 16 60
