998 1695
278 150 71 22 Nådiga
360 151 142 24 Propositionen
515 151 36 18 N:o
563 152 28 17 26.
773 151 34 20 625

61 205 45 20 nen,
123 205 25 14 en
163 199 47 20 eller
230 200 54 25 flere,
300 201 21 19 af
333 206 63 14 annan
411 201 59 20 orsak
490 201 48 20 eller
551 205 46 17 utan
611 204 28 17 att
652 205 46 22 göra
713 203 92 20 anmärk-

61 227 46 24 ning
121 229 54 17 emot
188 227 130 24 protokollets
332 227 99 26 riktighet,
447 231 29 16 att
488 228 111 20 detsamma
613 228 144 26 underskrifva,
769 230 27 19 till

61 253 80 19 komme
162 253 130 20 ordföranden
312 256 29 17 att
354 254 57 19 äfven
432 253 72 21 sådant
523 254 121 21 förhållande
659 254 12 20 å
687 256 118 24 protokollet

61 279 96 28 anteckna
171 279 38 20 och
224 285 46 20 eger
283 279 35 21 Jet
330 279 74 26 jemväl
418 279 24 21 då
458 280 81 20 vitsoru.

72 325 3 2 +
115 305 23 25 Ej
153 304 40 27 mä,
209 306 61 19 sedan
290 306 66 20 beslut
370 307 6 18 i
389 308 85 19 stämma
494 307 64 20 blifvit
574 307 82 26 afsagdt,
678 307 63 26 någon
758 308 47 20 dess

62 331 86 24 medlem
163 332 47 20 eller
225 332 71 20 utsedd
313 332 154 27 justeringsman
488 333 31 20 sin
533 334 80 25 mening
629 334 67 24 ändra,.
713 333 16 26 ej
745 335 60 20 heller

62 357 62 27 sådan
146 357 70 22 efteråt
229 359 67 27 yttrad
312 359 78 26 mening
404 360 61 20 verka
479 359 11 21 å
507 361 130 25 protokollets
655 361 87 25 giltighet
758 361 47 21 eller

62 385 69 21 hindra
145 388 29 17 att
187 385 110 21 detsamma
309 386 35 20 må
358 385 68 21 såsom
438 386 99 25 justeradt
550 393 67 14 anses.

403 439 10 25 $
428 440 32 19 27.

113 476 66 26 Angår
194 476 212 21 kommunalstämmas
415 478 64 19 beslut
489 477 132 20 frånvarande
630 483 73 20 person
713 478 91 25 enskildt,

60 503 49 20 skall
124 503 118 24 detsamma,
260 503 44 20 med
311 499 123 36 -hänvisning
455 503 26 20 till
498 505 85 19 besvärs
604 504 112 25 anförande,
732 505 72 19 honom

60 529 103 22 meddelas
177 535 71 21 genom
262 530 70 25 utdrag
345 536 24 14 ur
384 532 111 18 stämmans
509 531 104 25 protokoll,
626 530 103 26 hvaruppä
743 531 62 26 dagen

62 556 26 20 dä
102 555 71 21 sådant
186 557 46 19 sker
248 557 35 19 bör
298 557 20 18 af
330 557 44 24 den,
390 563 44 14 som
448 557 138 20 meddelandet
602 557 105 26 fullgjordt,
723 557 83 21 tecknas

62 583 46 20 med
123 583 111 20 utsättande
248 583 21 20 af
280 589 59 14 namn
354 583 37 20 och
405 583 93 20 hemvist.

116 610 67 20 Beslut
197 611 5 19 i
216 610 80 25 ärende,
315 609 62 21 hvars
398 611 125 25 företagande
540 609 17 26 ej
575 611 63 19 blifvit
659 610 69 25 fjorton
745 611 60 25 dagar

62 636 52 20 förut
128 636 112 27 kungjordt,
256 636 87 20 säsom
332 632 15 35 i
359 637 8 25 $
378 637 24 20 17
417 637 56 26 sagdt
486 638 29 25 är,
526 637 43 25 bör,
585 637 26 20 till
626 637 25 20 de
660 637 34 20 vid
708 638 97 19 stämman

63 662 145 21 fränvarandes
222 663 138 25 efterrättelse,
377 663 11 20 å
403 662 128 27 nästföljande
545 663 74 26 söndag
632 664 29 19 uti
674 664 132 19 kommunens

63 689 64 27 kyrka
141 690 47 20 eller
202 690 74 27 kyrkor
290 690 106 26 kungöras:

406 743 10 26 $
430 744 32 20 28.

115 783 69 19 Finnes
199 782 108 27 skyndsam
322 782 149 26 verkställighet
485 782 20 19 af
517 782 211 21 kommunalstämmas
742 783 66 20 beslut

61 809 29 19 för
104 809 95 20 särskildt
213 809 31 20 fall
260 809 63 26 nödig,
335 809 36 19 bör
384 809 129 20 förhållandet
527 809 41 20 deri
578 809 131 26 uttryckligen
723 811 84 18 utsättas

62 836 38 19 och
114 835 32 20 må
162 835 172 26 verkställigheten
348 835 24 20 då
388 835 17 25 ej
420 836 81 20 hindras
515 836 58 20 deraf
585 838 28 17 att
626 837 86 19 beslutet
726 836 17 25 ej
759 841 49 14 vun-

61 862 28 19 nit
102 862 42 26 laga
158 862 58 25 kraft,
238 862 47 20 med
304 862 78 20 mindre
399 862 190 26 ändringssökandet
609 862 113 26 derigenom
742 862 66 21 blefve

62 889 85 25 onyttigt
160 888 48 20 eller
217 888 132 21 Guvernören
362 888 62 20 finner
434 889 41 20 skäl
491 888 61 20 sådan
563 888 150 26 verkställighet
723 888 83 20 inställa.

408 941 10 25 s
431 941 33 19 29.

117 979 137 21 Ordföranden
268 979 64 20 tillhör
346 981 28 17 att
389 979 59 19 hafva
462 984 81 20 omsorg
557 979 70 20 derom
644 982 27 17 att
686 980 123 19 kommunal-

65 1007 96 19 stämmas
176 1006 65 20 beslut
250 1006 72 19 varder
336 1005 119 27 skyndsamt
463 1005 106 21 utskrifvet
580 1006 38 19 och
633 1006 113 20 meddeladt
755 1006 55 20 kom-

64 1032 141 20 munalnämnd
220 1033 48 19 -eller
281 1032 26 20 de
319 1032 140 26 myndigheter
467 1034 39 18 och
520 1036 102 22 personer,
636 1032 25 26 på
676 1032 64 20 hvilka
752 1032 62 20 verk-

63 1058 125 26 ställigheten
202 1059 20 19 af
234 1059 111 20 detsamma
359 1058 122 20 ankommer.
583 1071 5 2 -

396 1140 13 20 3
426 1139 54 26 Kap

299 1201 31 19 Om
340 1200 233 25 kommunalfallmäktige.

411 1247 10 25 $
435 1248 33 19 30.

121 1286 35 20 Vill
172 1286 97 20 kommun
277 1285 21 20 ät
312 1285 98 22 särskilde
420 1285 122 26 fullmäktige
551 1285 101 27 uppdraga
661 1287 28 17 att
703 1284 46 21 med
757 1285 56 18 kom-

67 1313 165 20 munalstämmas
245 1315 40 16 rätt
305 1312 108 45 e
430 1312 38 19 och
483 1313 65 24 afgöra
570 1311 27 20 till
612 1313 96 18 stämmäas
725 1311 87 20 behand-

67 1339 41 25 ling
122 1338 87 21 hörande
222 1337 138 26 ärender;
330 1332 27 36 mä
375 1338 69 20 sådant
458 1343 47 14 vara
520 1336 70 21 tillåtet
602 1337 45 20 med
661 1337 25 20 de
700 1337 64 20 vilkor
778 1337 35 19 här

68 1365 64 20 nedan
147 1365 85 25 stadgas,
248 1365 69 19 derest
330 1365 72 26 hälften
416 1365 21 19 af
448 1364 133 20 kommunens
593 1364 44 28 hela
651 1364 114 24 röstbelopp
779 1362 36 20 fin-

69 1397 37 15 nes
120 1391 34 20 vid
169 1393 97 18 stämman
278 1391 154 26 representerad
447 1390 37 21 och
499 1389 34 21 två
547 1389 117 26 tredjedelar
677 1390 21 19 af
705 1388 25 22 de
744 1390 70 19 närva-

69 1419 73 20 randes
156 1418 80 20 röstetal
252 1421 68 17 stanna
334 1417 5 20 i
353 1418 87 20 beslutet
452 1418 77 20 derom.

124 1444 74 21 Sådant
212 1445 66 21 beslut
291 1445 49 20 skall
357 1444 139 27 ofördröjligen
509 1445 129 20 Guvernören
649 1443 102 27 delgifvas.

747 1476 23 17 40
