1034 1700
309 142 71 24 Nädiga.
391 144 139 23 Propositionen
543 144 36 18 N:o
591 144 48 19 26::s
803 144 37 19 708

301 272 93 21 Finlands
408 272 92 21 Ständers
513 272 130 27 underdåniga
656 280 46 13 svar
713 275 8 17 i
738 274 99 25 anledning

230 301 24 25 af
266 300 55 20 Hans
338 300 106 26 Kejserliga
464 301 100 26 Majestäts
582 301 71 26 nådiga
668 302 117 25 proposition
802 308 33 13 an-

229 328 73 26 gående
316 328 241 27 kommunalförvaltningen
569 329 27 27 på
611 330 68 20 landet.
776 340 2 2 ;

243 370 109 23 (Ekonomie
365 373 101 18 Utskottets
480 374 115 18 betänkande
607 375 36 17 N:o
655 376 26 19 5.)

376 419 64 23 S.A.
454 421 58 20 K.o.
528 421 21 20 S.

148 483 7 19 1
169 482 88 20 ändamål
272 485 29 16 att
314 481 138 22 ästalkomma
464 486 28 17 ett
504 484 21 20 af
541 483 96 24 behofvet
653 483 100 27 högeligen
768 484 67 26 påkal-

94 509 40 20 ladt
147 509 99 20 ordnande
258 509 20 19 af
286 509 255 26 kommunalförvaltningen
555 509 25 26 pä
589 510 70 25 landet,
672 511 35 19 har
715 511 64 20 Eders
788 511 45 25 Kej-

94 535 70 26 serliga
178 535 90 26 Majestät
282 535 5 19 i
302 535 62 20 nåder
378 535 42 20 låtit
433 537 90 19 utarbeta
537 539 28 16 ett
579 537 72 25 förslag
664 537 6 19 i
684 539 73 23 ämnet,
769 543 43 14 som
821 537 11 20 ä

93 561 63 21 denna
171 562 91 26 landtdag
276 562 64 20 blifvit
354 562 106 20 ständerne
474 563 26 20 till
515 563 108 27 antagande
633 563 100 27 förelagdt.

147 588 29 20 Då
190 588 105 20 ständerne
309 588 77 20 således
403 594 27 14 nu
446 589 81 20 aflemna
543 589 129 27 underdånigt
691 590 98 21 utlåtande
805 592 28 19 öf-

94 620 36 14 ver
143 615 53 19 detta
211 616 71 25 förslag
297 616 57 18 hafva
370 616 104 20 ständerne
487 619 65 17 ansett
566 616 109 26 lämpligast
687 619 29 17 att
725 618 49 19 först
783 624 50 20 upp-

93 644 44 22 taga
152 641 24 20 de
190 642 157 26 anmärkningar,
363 642 77 20 hvartill
455 643 142 25 granskningen
612 644 21 18 af
649 642 69 26 hvarje
736 644 71 26 kapitel
827 645 5 19 i

93 668 92 26 förslaget
199 668 54 26 gifvit
266 669 104 25 anledning
384 671 51 17 samt
448 670 62 20 sedan
523 670 99 26 uppställa
629 670 38 20 den
676 670 116 20 förändrade
801 677 32 13 re-

92 694 78 22 daktion
185 695 87 26 kapitlet,
288 696 6 19 i
308 696 86 25 enlighet
407 696 47 20 med
467 696 60 20 Jesse
545 696 158 27 anmärkningar,
723 697 62 21 borde
801 704 31 14 er-

93 720 57 22 hålla.

146 749 41 19 Den
201 748 69 26 nådiga
284 749 144 27 propositionen
441 750 83 20 föreslår
539 751 5 18 i
558 750 61 21 första
637 750 92 26 kapitlets
742 750 11 26 $
768 752 11 18 2
794 753 35 23 att,

92 780 33 16 om
139 775 48 21 flere
200 776 178 25 församlingar
343 771 39 35 för
391 776 122 21 närvarande
527 782 38 20 ega
576 782 114 20 gemensam
709 777 122 21 kommunal-

92 801 125 26 förvaltning,
232 802 71 21 dervid
316 802 59 21 äfven
389 803 6 19 i
408 803 103 20 framtiden
525 802 32 21 mä
575 803 100 25 förklifva,
695 803 21 20 sä
733 804 56 25 länge
805 804 26 20 de

92 828 71 19 derom
177 827 92 26 äsämjas,
285 828 102 23 äfvensom
402 831 29 18 att
444 829 34 19 det
486 830 36 19 bör
536 831 75 19 lemnas
625 830 60 25 öppet
699 830 31 19 för
743 830 48 25 flera
804 830 28 20 till

93 860 75 14 samma
183 857 87 22 pastorat
284 854 86 21 hörande
384 856 137 25 församlingar
534 858 29 18 att
576 856 67 20 förena
661 856 30 26 sig
705 862 32 15 om
750 862 82 20 gemen-

92 886 43 14 sam
150 881 236 26 kommunalförvaltning.
415 882 66 20 Denna
495 882 105 26 grundsats
609 882 37 20 kan
656 882 17 25 ej
684 885 59 17 annat
751 884 24 18 än
784 883 47 26 god-

91 907 81 26 kännas,
189 914 45 13 men
248 908 105 19 ständerne
368 912 46 16 anse
428 909 115 20 densamma
557 909 47 20 böra
618 911 51 18 ännu
682 915 55 14 mera
747 912 84 17 utsträc-

92 933 43 20 kas.
164 935 69 19 Ehuru
248 934 37 20 den
300 934 87 26 kyrkliga
402 936 39 18 och
454 936 38 19 den
509 936 108 26 borgerliga
633 936 120 20 kommunen
770 936 60 20 hittils

92 962 142 24 sammanfailit,
245 962 68 18 kunna
320 962 104 19 ständerne
434 962 57 20 likväl
502 962 18 26 ej
534 962 51 20 finna
603 961 62 27 någon
682 962 104 26 anledning
802 965 29 17 att

92 986 87 26 förmena
193 988 124 25 kommuner,
333 994 43 13 som
390 988 44 20 icke
448 988 46 20 höra
509 989 27 19 till
551 994 76 14 samma
640 992 95 22 pastorat,
751 992 28 16 att
792 990 39 18 för-

92 1019 35 14 ena
142 1014 30 24 sig
190 1020 32 13 om
239 1020 115 20 gemensam
372 1015 245 26 kommunal-förvaltning,
637 1016 52 19 helst
705 1016 37 19 den
761 1015 69 27 nådiga

90 1041 146 25 propssitionen
249 1040 43 26 just
306 1042 21 18 är
340 1042 66 24 byggd
416 1041 25 26 på
450 1040 37 21 den
498 1042 106 25 grundsats
613 1044 28 16 att
650 1042 37 20 den
697 1042 86 26 kyrkliga
792 1044 38 18 och

92 1066 108 26 borgerliga
215 1068 120 19 kommunen
349 1068 55 20 skola
418 1067 67 25 skiljas
500 1068 26 20 åt.
556 1068 55 20 Dock
625 1068 61 20 borde
703 1068 71 20 sådana
791 1069 40 19 för-

91 1093 105 26 samlingar
211 1094 47 19 höra
273 1094 25 19 till
314 1099 76 15 samma
403 1094 39 25 län,
458 1100 32 14 om
505 1095 25 19 de
544 1094 54 20 skola
613 1094 64 20 kunna
695 1095 87 26 uppfylla
799 1095 30 19 sin

90 1120 142 19 bestämmelse
246 1122 27 17 att
288 1126 46 14 vara
349 1121 145 25 intregrerande
503 1122 54 19 delar
567 1121 20 20 af
603 1122 198 25 statsförvaltningen.

144 1147 28 19 De
186 1147 6 18 i
206 1147 21 25 $$
242 1147 10 19 3
268 1148 38 18 och
320 1148 12 18 4
346 1147 111 26 uppställda
471 1148 129 25 grundsatser
613 1148 102 19 godkänna
725 1148 118 19 ständerne
832 1143 14 34 .

91 1173 121 25 fullkomligt,
229 1179 45 13 men
288 1176 31 16 tro
334 1176 27 16 att
374 1173 163 25 ordningsföljden
551 1174 21 19 af
584 1174 59 19 dessa
661 1174 20 26 $$
697 1175 37 19 bör
748 1174 79 19 ändras.

90 1199 65 20 Sedan
169 1199 96 26 nemligen
280 1199 219 21 kommunalområdena
514 1200 5 19 i
533 1200 21 25 $$
569 1201 10 19 4
595 1200 37 19 och
647 1201 12 18 2
672 1200 63 20 blifvit
744 1201 87 19 bestäm-

90 1226 31 25 Ja,
138 1231 60 21 synes
213 1225 127 26 nästföljande
354 1227 10 24 $
378 1225 96 26 sjelffallet
488 1227 47 20 böra
544 1226 104 26 innehålla,
660 1227 65 20 hvilka
735 1227 55 20 skola
797 1226 33 21 sä-

91 1258 42 13 som
150 1253 130 19 medlemmar
294 1253 20 19 af
326 1259 24 13 en
365 1253 95 19 kommun
475 1259 66 20 anses,
558 1253 101 20 hvarefter
672 1256 60 17 sättet
741 1254 30 19 för
780 1254 51 19 utöf-

91 1280 72 19 vandet
177 1280 21 18 af
209 1280 131 19 kommunens
354 1280 114 20 beslutande
482 1282 38 17 rätt
531 1280 111 25 lämpligast
651 1280 91 20 kommer
752 1281 4 18 i
766 1280 62 26 fråga.

144 1306 7 19 I
165 1311 71 14 senare
250 1312 61 14 mom.
326 1307 21 19 af
360 1307 10 25 $
384 1307 13 19 5
410 1310 58 22 säges
483 1309 28 17 att
524 1307 119 19 kommunen
653 1308 46 24 äger
710 1307 42 19 «för
760 1306 70 25 hvarje

91 1332 35 18 år»
141 1333 95 18 fastställa
250 1332 26 18 de
289 1332 91 19 för-dess
389 1338 148 19 gemensamma
547 1332 61 20 behof
615 1333 129 24 erforderliga
753 1332 76 26 bidrag.

90 1358 29 19 De
133 1357 112 25 åberopade
258 1358 131 19 orden:torde
403 1358 109 25 egentligen
527 1358 41 20 afse
583 1358 136 24 upprättandet
739 1358 20 19 af
774 1358 56 20 kom-

89 1389 86 13 munens
188 1382 60 26 årliga
261 1384 95 18 inkomst-
370 1385 40 18 och
422 1384 122 26 utgifts-stat,
559 1390 46 13 men
620 1383 24 20 då
659 1384 33 20 det
705 1384 59 20 äfven
777 1383 53 21 mås-

90 1412 20 18 te
129 1410 114 19 förutsättas
260 1412 29 18 att
305 1410 79 26 utgifter
400 1411 21 19 af
436 1416 24 14 en
478 1412 45 19 eller
540 1416 62 14 annan
619 1410 60 20 orsak.
694 1410 63 21 under
775 1410 54 21 årets

90 1436 47 26 lopp
150 1436 64 20 kunna
228 1437 59 19 blifva
300 1437 75 25 nödiga,
387 1437 26 20 till
428 1437 77 20 hvilkas
519 1437 123 20 -betäckande
657 1437 25 20 de
693 1436 76 26 medel;
785 1442 44 16 som
