1014 1689
195 149 33 18 326
408 147 70 22 Nädiga
491 147 138 22 Propositionen
644 146 35 16 N:o
691 146 27 17 30.

203 193 739 15 n—
573 179 136 34 —
738 179 118 34 —

775 208 2 10 I

225 223 81 20 stående
320 223 82 24 belopp,
417 222 104 24 nemligen:

200 251 33 20 4:0
247 251 100 24 Resepass
362 249 25 18 till
401 248 76 20 utrikes
492 250 37 17 ort:

225 277 30 19 för
269 275 141 25 ständsperson
439 290 4 4 .
476 289 3 4 so
511 290 4 3 so
546 290 3 3 so
581 289 4 4 se
617 289 3 4 so
652 289 3 3 ro
687 290 3 3 so
722 289 37 4 cor
818 273 13 18 4
885 283 25 3 —

235 311 10 10 »
267 303 70 25 gesäll.
819 299 9 19 1

236 338 9 9 »
266 322 82 31 allmoge
365 317 43 30 och
418 316 118 36 tjenstehjon
545 316 34 30 "m.
580 315 40 30 n
637 315 89 31 hörande
736 311 27 43 till

278 355 37 20 den
324 343 113 30 arbetande
451 353 79 21 klassen
547 369 4 4 .
583 369 3 4 .
806 363 25 2 —
886 352 24 19 80

199 383 34 19 2:0
247 381 90 26 Biljett,
354 386 44 14 som
411 380 88 20 utfärdas
513 380 21 19 af
547 368 109 31 Guvernör
659 379 20 20 ät
687 368 75 31 utländ-

227 408 45 25 ning
286 409 29 18 för
330 413 44 13 resa
391 408 38 18 och
444 407 81 31 vistelse
539 407 51 18 inom
603 406 88 19 Finland:

226 436 29 18 för
270 434 147 24 ståndsperson,
433 432 25 32 på
473 434 10 19 3
494 428 83 40 månader
593 439 6 17 .

236 470 9 8 »
328 468 9 9 »
428 459 25 25 på
469 461 8 18 1
495 459 22 20 är

236 496 9 8 »
267 487 69 26 gesäll,
353 486 23 31 pä
391 487 11 19 3
417 485 95 21 månader
887 484 24 19 50

237 522 10 10 »
296 521 10 9 »
354 512 24 25 på
395 514 9 18 1
419 512 22 19 år
477 528 3 3 .
512 528 3 3 .
886 521 25 3 —

236 548 11 9 »
267 540 84 24 allmoge
364 545 27 13 m.
407 538 20 19 fl.,
453 538 22 31 pä
492 539 10 19 3
518 523 83 46 månader
614 527 7 30 .
886 537 25 19 40

807 548 25 35 =!
803 496 40 36 ro!
807 432 24 42 Sw

885 468 26 4 |

235 574 10 9 »
294 574 11 9 »
386 573 11 9 »
453 564 24 26 på
493 566 8 18 1
518 564 32 20 år.
581 580 4 3 .

202 594 17 18 3:0
223 593 82 23 Pass,
315 597 43 13 som
369 592 98 19 utlemnas
477 592 20 18 af
505 590 103 31 Guvernör
616 580 21 30 åt
647 576 117 50 utländning,

227 619 29 19 för
274 624 45 14 resa
337 618 38 19 och
391 617 82 20 vistelse
489 618 63 19 under
570 618 9 18 1
599 616 30 22 är,
648 618 52 18 inom
715 616 51 20 både

226 644 80 20 Finland
321 645 38 19 och
372 644 107 25 Ryssland:

227 671 29 19 för
270 670 175 25 ståndspersoner.
547 685 39 4 som
618 685 3 3 xo
653 685 39 4 sa
724 685 3 3 s
760 685 3 3 o]
808 670 24 19 15

237 705 9 10 n
268 696 70 26 E,
370 712 3 3 s
405 711 3 4 6
440 711 75 30 518
547 702 108 13 REE
690 712 38 3 k)
760 692 34 53 a[
821 696 11 19 3
851 692 61 53 [S

237 732 10 9 »
267 723 82 25 allmoge
364 728 26 13 m.
406 722 20 19 fl.
477 738 3 3 5
821 723 11 19 2

201 751 33 18 4:0
249 734 219 44 Tillständsbiljett,
487 737 43 31 som
547 738 22 30 af
583 733 109 45 Magistrat,
705 738 60 30 utfär-

227 776 36 20 das
277 776 29 18 för
320 775 91 19 utländsk
425 764 97 36 kargadör
536 775 47 19 eller
597 759 132 45 superkarger
739 777 26 17 att

227 802 25 26 på
267 803 10 18 1
293 801 70 20 månad
378 801 73 19 besöka
465 806 63 14 annan
543 801 43 19 stad
600 801 53 19 inom
667 801 65 19 landet
761 816 3 4 .|
808 812 25 4 —
888 800 25 19 50

201 829 33 18 5:o
248 827 265 21 Hinderlöshetsbevis:

201 855 24 25 a)
239 855 30 19 för
285 854 118 24 utländning,
422 853 24 20 då
463 854 34 19 det
513 854 16 24 ej
547 854 87 19 skrifves
651 853 24 25 på
696 853 75 25 sjelfva

227 882 76 24 passet:

227 908 20 18 af
259 906 100 25 Magistrat
373 906 46 19 eller
433 906 135 26 Ordningsrätt
585 921 4 3 .
620 922 3 3 .
808 918 26 3 —
888 905 25 20 50

229 941 10 9 »
260 917 155 43 Poliskammare
429 933 46 19 eller
490 931 145 25 kronobetjent
631 927 6 33 '
640 922 24 35 pä
679 921 65 31 landet
760 922 5 29 .
807 944 27 4 —
887 932 26 19 40

203 960 21 25 b)
238 959 29 19 för
281 958 51 20 finsk
346 958 137 26 medborgare,
498 959 26 19 till
534 958 111 20 erhållande
655 959 20 19 af
682 959 84 19 utrikes-

228 991 56 19 pass:

229 1012 28 18 för
271 1011 147 25 ständsperson:
432 1012 20 19 af
460 1011 103 25 Magistrat
574 1012 47 19 eller
630 1011 135 26 Ordningsrätt
783 1007 15 34 |
808 1023 26 3 —
889 1010 24 20 50

238 1046 9 9 »
331 1046 10 8 »
437 1046 10 9 »
461 1038 154 20 Poliskammare
633 1038 46 19 eller
696 1038 70 20 krono-
939 1046 2 12 |

255 1063 74 25 hetjent
343 1063 24 25 pä
382 1064 65 19 landet
478 1080 4 4 .
514 1080 3 3 .
808 1076 26 3 —
888 1064 25 18 40

229 1090 28 19 för
271 1090 66 26 gesäll,
354 1090 82 19 allmoge
451 1096 27 14 m.
493 1090 20 19 fl.
529 1076 27 45 uti
571 1080 158 36 anmärkningen
732 1080 35 30 un-

254 1116 36 20 der
303 1116 11 25 $
327 1117 13 18 4
353 1101 83 45 nämnde
451 1122 101 20 personer.
584 1132 3 4 .
619 1132 4 4 .
807 1128 27 4 —
888 1116 25 19 20

201 1143 33 19 6:0
248 1143 119 24 Resepass
381 1143 30 18 för
425 1142 51 20 finsk
486 1142 129 29 medborgare
627 1143 25 19 till
655 1128 110 49 Ryssland,

228 1168 103 20 äfvensom
352 1168 201 25 tlliständsbiljett
574 1170 25 19 till
620 1170 85 25 förlängd
727 1170 40 19 vis-

227 1195 50 19 telse
292 1195 115 19 derstädes
398 1191 12 34 :

228 1221 29 18 för
272 1226 45 13 man
331 1221 37 18 och
382 1222 69 18 hustru
466 1224 122 22 gemensamt
606 1222 47 18 eller
665 1221 101 27 nägonde-

253 1252 22 13 ra
289 1246 20 18 af
321 1246 52 27 dem,
390 1246 45 18 med
451 1247 46 19 eller
512 1248 45 18 utan
571 1247 48 18 barn

227 1272 30 18 för
271 1270 68 25 hvarje
354 1262 129 34 medföljande
497 1272 126 46 kjenstehjon.

227 1298 30 19 för
271 1298 68 25 gesäll.
442 1313 3 5 5
617 1314 4 4 N

228 1324 29 19 för
271 1317 83 32 allmoge
369 1325 36 19 och
419 1314 117 36 tjenstehjon
547 1314 4 31 .
617 1340 4 4 ö

203 1350 31 19 7:0
249 1351 58 19 Pass
321 1339 30 31 för
364 1351 25 19 de
403 1352 5 18 i
423 1351 90 21 Finlands
528 1352 66 19 städer
611 1341 94 30 inskrifne
720 1341 45 31 bor-

227 1382 52 20 gare,
295 1380 27 16 alt
338 1378 61 25 vistas
413 1378 5 18 i
434 1378 103 26 Ryssland,
547 1379 102 19 äfvensom
660 1378 105 21 tiliständs-

227 1403 62 25 biljett
303 1404 26 19 till
343 1400 87 29 förlängd
443 1406 82 18 vistelse
539 1405 112 20 derstädes:

226 1430 29 19 för
269 1430 152 25 grosshandlare
446 1446 1 4 .
477 1447 3 3 <
512 1447 39 4 cos
582 1447 4 3 <
618 1447 3 4 <
653 1447 38 4 co.
724 1448 3 4 .
792 1432 42 20 [420]
886 1441 25 6 —

806 1248 27 93 Ilav

887 1282 26 3 |
