978 1692
252 136 70 22 Nådiga
334 137 143 23 Propositionen:
485 137 76 19 N:a:26:
744 136 34 20 671

79 192 74 14 samma
168 186 70 26 tillfälle
252 186 26 20 då
293 187 100 19 ledamöter
406 188 68 25 väljas,
488 190 51 17 utses
553 188 34 20 ock
600 188 70 24 hälften
684 186 24 20 så
725 187 51 20 mån-

78 221 27 19 ga
119 214 124 25 suppleanter,
259 214 49 23 eller,
324 214 24 20 då
363 216 70 18 antalet
447 216 24 24 af
482 215 126 20 ledamöterna
622 215 39 19 icke
676 218 23 16 är
710 216 66 24 jemnt,

80 242 31 19 det
125 242 60 22 antal,
199 248 41 14 som
253 245 24 16 är
290 245 86 17 närmast
390 244 51 22 öfver
454 243 74 25 hälften.

139 270 36 19 Till
193 270 71 19 biträde
283 270 31 19 vid
332 270 121 25 sjukvårdens
473 270 144 26 handhafvande
634 272 95 22 äfvensom
742 272 35 24 för

80 297 61 19 andra
151 298 39 24 fall
202 297 32 19 må
249 298 99 22 nämnden,
364 298 33 19 der
410 298 23 19 så
447 299 63 25 nödigt
523 300 70 24 finnes,
611 298 27 25 på
658 298 119 20 kommunens

81 325 108 23 bekostnad,
197 326 36 24 för
246 326 51 19 olika
312 325 53 19 delar
379 326 23 26 af
413 326 119 20 kommunens
547 326 85 24 område,
651 328 71 24 antaga
736 330 41 16 sär-

80 353 59 21 skilde
155 354 170 25 uppsyningsmän,
344 354 61 19 hvilka
423 354 46 20 dock
487 354 71 21 handla
570 353 27 27 på
618 354 103 21 nämndens
743 361 32 13 an-

81 388 44 12 svar
139 382 34 19 och
187 382 47 25 efter
247 382 23 19 de
278 382 121 26 föreskrifter
413 382 36 20 den
463 382 100 20 meddelar.

379 436 11 26 S
403 437 33 19 42.

340 474 139 21 Olörändradt.

119 544 2 2 .
380 530 10 25 $
403 531 34 19 43.

137 568 14 20 I
162 569 55 25 öfrigt
228 568 50 26 gälle
292 569 8 18 i
314 568 87 23 afseende
416 568 16 25 ej
447 568 71 20 mindre
529 568 28 26 pä
571 568 81 20 vilkoren
660 569 36 25 för
704 569 73 19 valbar-

81 596 31 20 het
127 597 26 19 till
167 596 121 26 ordförande,
296 597 44 19 vice
353 596 118 26 ordförande,
486 597 81 19 ledamot
581 597 33 19 och
628 597 104 26 suppleant,
753 600 25 16 än

81 625 34 19 ock
130 624 12 20 &
157 624 65 20 hinder
235 624 43 20 eller
290 624 65 25 förfall
369 627 28 17 att
411 624 123 26 befattningön
549 626 93 24 emottaga
661 625 33 19 och
713 626 64 24 rättig-

81 653 31 19 het
127 654 28 17 att
168 652 104 26 uppdraget
286 654 28 24 sig
329 654 74 24 afsäga,
418 652 63 20 såsom
491 653 33 19 ock
534 651 97 27 angående
642 653 136 25 tjenstyörinas-

83 681 49 19 tiden
146 683 49 17 samt
208 680 70 26 afgäng
291 687 66 19 genom
371 681 87 24 dödsfall,
474 681 124 26 bortflyttning
613 681 43 19 eller
674 682 24 21 af
714 687 64 13 annan

83 710 44 24 laga
146 708 62 24 orsak,
224 708 51 20 hvad
288 710 7 18 i
308 707 35 29 $$
356 708 34 24 13,
401 708 28 28 14
444 709 33 19 och
490 708 26 20 15
530 714 29 15 om
579 708 112 26 ordförande
708 709 7 19 i
729 708 50 20 kom-

82 737 125 19 unalstämma
220 735 93 27 stadgadt
324 739 28 17 är.

381 790 10 26 S
405 792 33 19 44.

342 828 137 20 Oförändradt.

381 881 10 26 $
405 882 32 19 45.

143 921 30 20 Uti
185 919 70 27 frågor
272 919 97 27 angående
381 920 120 26 folkskolan,
521 922 49 17 samt
582 921 67 25 fattig-
670 920 34 20 och
722 920 57 20 helso-

82 949 71 20 värden
168 949 54 25 hafve
237 948 127 26 kyrkoherden
378 950 8 17 i
398 951 111 22 pastoratet,
524 949 43 18 eller
581 948 37 20 den
632 949 48 19 hans
690 949 53 19 ställe
747 949 32 24 fö-

82 977 91 23 reträder,
188 979 38 17 rätt
240 977 28 19 till
281 979 41 17 säte
336 977 34 19 och
384 979 80 17 stämma
478 978 7 18 i
499 977 205 22 kommunalnämnden,
721 976 59 19 ehvad

83 1007 38 18 han
136 1006 24 25 af
171 1005 108 19 densamma
293 1007 23 17 är
330 1005 77 19 medlem
421 1005 43 19 eller
473 1005 44 20 icke.
548 1005 11 19 1
568 1005 116 19 sistnämnda
693 1005 40 24 fall
747 1011 32 12 va-

84 1041 20 12 re
119 1034 37 19 han
171 1033 46 19 dock
232 1033 16 25 ej
263 1033 73 26 skyldig
351 1035 28 17 att
392 1032 75 26 deltaga
481 1034 7 18 i
502 1034 113 24 uttaxering,
634 1033 86 25 uppdörd
738 1033 43 18 eller

84 1062 95 25 utdelning
193 1062 23 25 af
221 1061 124 26 fattigmedel.

351 1114 21 25 $$
386 1114 85 21 46—50.

348 1152 141 20 Oförändrade.

381 1210 10 25 $
405 1211 33 19 51.

145 1249 116 26 Ordförande
276 1251 6 17 i
297 1249 175 19 kommunalnämnd
486 1248 37 23 mä,
539 1248 32 19 vid
584 1248 148 21 förekommande
740 1248 41 25 fall,

64 1287 3 4 >
85 1280 52 23 öfver
151 1279 22 18 de
191 1279 49 18 inom
260 1277 108 20 kommunen
388 1277 68 19 boende
474 1277 128 18 medlemmars
620 1275 162 26 vederhäftigheis-

86 1307 44 19 eller
137 1305 196 26 fattigdomstillstånd
346 1305 77 25 utfärda
437 1305 51 25 intyg
502 1304 27 25 på
543 1303 61 26 grund
618 1305 24 24 af
657 1303 36 20 den
712 1303 68 20 känne-

87 1335 48 19 dom,
151 1334 38 18 han
203 1334 49 17 varit
266 1334 6 17 i
288 1333 70 25 tillfälle
372 1334 28 17 att
414 1338 29 13 om
458 1332 55 19 deras
527 1331 87 25 ställning
629 1331 33 18 och
680 1331 59 18 vilkor
753 1332 27 17 in-

86 1362 67 19 hemta.
184 1360 44 19 Han
242 1366 44 13 vare
296 1360 70 25 jemväl
381 1359 104 25 berättigad
500 1359 55 24 (eller
570 1358 43 19 ock:
624 1358 74 19 Honom
712 1357 69 26 åligger

81 1389 82 26 jemväl)
178 1391 27 17 att
220 1388 26 19 till
261 1387 119 26 kommunens
393 1386 119 20 medlemmar
525 1386 81 20 utlemna
620 1385 53 27 betyg
684 1386 26 19 till
720 1391 60 14 resors

80 1416 126 28 företagande
220 1417 50 19 inom
284 1415 68 21 landet.
