998 1695
189 152 38 32 626
404 155 72 23 Nådiga
487 155 141 23 Propositionen
640 154 36 18 N:o
687 154 29 18 26.

533 204 11 26 $
557 204 33 20 31.

246 243 26 21 Af
284 242 238 26 kommunalfullmäktige
541 241 33 21 må
591 241 17 25 ej
627 241 83 25 följande
729 240 83 21 ärender
828 243 104 24 upptagas,

194 274 45 17 utan
253 270 80 20 allenast
349 270 20 18 af
382 269 199 20 kommunalstämma
598 268 123 26 handläggas,
739 268 106 26 nämligen:
867 268 19 25 a)
901 273 33 14 an-

194 296 76 27 gående
284 296 117 25 försäljning,
420 295 172 26 pantförskrifning
612 296 47 19 eller
672 295 70 26 utbyte
762 294 20 20 af
794 294 64 25 någon
873 294 60 20 sådan

193 324 120 20 kommunen
328 322 82 25 tillhörig
431 322 93 26 fastighet
537 322 47 20 eller
604 321 98 26 rättighet,
725 327 43 14 som
783 326 71 20 genom
867 320 64 27 gäfva,

195 352 116 18 testamente
326 349 46 19 eller
387 351 60 17 annat
460 349 43 25 laga
517 348 46 26 fång
572 348 119 20 kommunen
706 348 74 20 tillfallit
791 348 30 20 för
834 347 59 26 något
907 348 27 19 till

194 377 47 19 dess
255 381 147 21 gemensamma
417 378 56 24 nytta
483 375 99 21 bestämdt
594 374 96 26 ändamål,
702 375 103 19 äfvensom
819 375 5 19 i
839 374 54 26 fråga
902 380 33 14 om

195 402 202 21 öfverenskommelse
411 403 47 19 eller
471 402 108 25 förlikning,
595 401 100 20 verkande
712 402 25 19 till
752 401 81 25 ändring
847 401 46 20 eller
907 400 29 20 in-

196 429 117 25 skränkning
327 429 27 19 uti
369 428 39 19 den
419 429 92 24 rättighet
525 428 121 19 kommunen
659 428 26 19 till
695 427 62 20 sådan
772 427 93 26 fastighet
879 433 56 20 eger;

195 457 20 24 b)
231 461 33 14 om
278 455 112 25 uttaxering
404 455 20 19 af
436 455 77 26 afgifter
526 455 30 19 för
572 454 58 26 något
643 457 43 24 nytt
700 455 83 24 företag;
807 454 19 25 c)
841 459 32 14 om
888 459 49 20 upp-

197 482 83 26 tagande
293 482 20 19 af
326 481 30 20 lån
370 481 6 19 i
390 483 38 18 och
445 483 29 18 för
491 482 132 19 kommunens
642 486 149 21 gemensamma
808 481 69 23 behof;
899 481 37 19 och

195 509 21 25 d)
230 514 33 15 om
278 509 31 19 val
324 508 26 20 till
365 508 116 20 ordförande
497 508 39 20 och
550 507 45 20 vice
609 507 116 20 ordförande
741 507 5 20 i
761 507 176 21 kommunalstäm-

196 541 32 14 ma
243 536 38 19 och
294 535 190 24 kommunalnämnd,
506 534 26 21 till
548 534 235 25 kommunalfullmäktige
800 537 53 17 samt
869 534 27 20 till
910 534 27 20 le-

196 562 89 20 damöter
298 561 38 20 och
349 562 127 25 suppleanter
489 561 6 20 i
508 561 106 20 nämnden.

537 608 10 26 s
562 609 32 20 32.

249 643 122 20 Ordförande
385 643 38 19 och
437 643 45 19 vice
495 643 117 20 ordförande
626 643 5 19 i
645 643 200 20 kommunalstämma
861 642 76 21 inträda

196 670 28 20 uti
238 669 100 21 enahanda
358 669 108 26 befattning
486 670 37 20 hos
537 669 241 26 kommunalfullmäktige,
800 669 38 20 och
857 669 6 20 i
880 669 58 26 öfrigt

198 697 53 20 skola
265 696 59 20 desse
338 697 80 24 utgöras
432 697 21 19 af
467 696 25 20 de
509 697 6 19 i
529 696 184 20 kommunalnämnd
733 696 76 21 invalde
829 695 108 21 ledamöter

198 723 37 20 och
249 722 22 20 så
286 721 70 27 många
370 722 93 20 särskildt
483 722 21 20 af
518 723 198 19 kommunalstämma
736 723 57 19 valde
808 722 129 20 medlemmar

198 750 51 19 inom
264 750 127 24 kommunen,
407 752 27 16 att
448 749 43 20 hela
508 750 73 19 antalet
594 750 22 19 af
630 750 123 25 fullmäktige
766 750 37 20 blir
820 752 30 18 tre
865 749 72 27 gånger

198 776 21 20 så
233 778 50 18 stort
297 781 43 14 som
354 776 109 20 nämndens
477 776 84 20 utsedde
574 776 114 20 ledamöter.

539 824 10 25 $
563 824 32 20 33.

251 859 36 19 För
302 856 102 21 valbarhet
418 857 27 19 till
462 856 223 26 kommunalfullmäktig
699 857 39 19 och
752 857 43 20 vals
811 857 128 26 förrättande,

198 884 67 21 såsom
279 884 39 19 ock
331 883 101 26 angående
447 883 71 19 hinder
531 883 48 20 eller
594 883 60 20 förfall
673 886 28 17 att
718 883 131 27 befattningen
871 886 71 17 motta-

198 917 23 20 ga
235 911 39 19 och
288 910 93 25 rättighet
400 912 27 17 att
441 909 111 26 uppdraget
572 909 30 26 sig
616 909 73 26 afsäga,
712 910 59 25 gäller
792 910 53 21 hvad
859 910 6 19 i
879 911 22 25 $$
915 911 25 20 13

199 938 38 18 och
251 938 25 19 14
291 942 32 13 om
338 935 117 20 ordförande
471 935 38 20 och
524 935 44 20 vice
589 935 116 21 ordförande
719 937 6 18 i
739 937 202 20 kommunalstämma

200 963 55 26 sagdt
269 965 40 20 är.
304 959 9 34 .

541 996 10 26 $
565 997 33 19 34.

252 1037 29 19 De
295 1035 240 26 kommunalfullmäktige,
548 1040 43 15 som
605 1035 94 20 särskildt
712 1036 21 19 af
740 1036 201 21 kommunalstämma

201 1061 68 26 väljas,
285 1065 56 17 utses
355 1062 29 19 för
398 1064 31 17 tre
443 1061 29 20 år.
502 1061 77 20 Hälften
593 1062 21 19 af
626 1062 71 19 antalet
711 1063 54 24 eller,
781 1068 33 14 om
828 1063 54 20 detta
896 1063 45 20 icke

200 1091 21 17 är
233 1089 70 25 jemnt,
319 1089 34 18 det
365 1089 51 18 antal
431 1094 43 13 som
489 1089 21 18 är
524 1089 88 18 närmast
625 1088 62 20 under
701 1089 73 19 hälften
788 1089 89 20 utträder
891 1091 50 18 efter

200 1115 80 26 lottning
294 1115 34 19 vid
342 1115 60 19 slutet
415 1115 21 18 af
451 1114 61 20 andra
526 1113 42 20 året
588 1114 60 20 sedan
662 1114 25 20 de
704 1115 30 19 sin
750 1115 107 26 befattning
871 1119 71 17 motta-

200 1142 33 25 git.
263 1141 72 20 Aflider
349 1141 47 19 eller
410 1141 111 26 bortflyttar
534 1140 109 27 fullmäktig
656 1141 62 20 under
727 1141 38 20 den
779 1142 29 19 för
822 1142 73 20 honom
909 1143 34 20 be-

200 1167 77 24 stämda
291 1167 172 26 tjenstgöringstid,
479 1167 49 20 skall
542 1167 116 26 fyllnadsval
673 1169 94 19 anställas
781 1169 38 19 och
833 1167 109 28 tjenstgöre

200 1194 37 20 den
252 1193 81 20 sålunda
347 1193 56 20 valde
418 1193 22 20 så
453 1193 44 26 lång
511 1193 27 20 tid
553 1199 44 14 som
611 1193 29 20 för
653 1194 38 20 den
705 1194 94 26 afgångne
813 1194 98 22 återstått.

542 1246 10 25 $
567 1247 31 19 35.

253 1282 22 26 Ej
292 1282 31 20 må
337 1282 72 21 ärende
424 1284 36 18 hos
475 1283 234 27 kommunalfullmäktige
723 1284 25 20 till
760 1284 119 26 behandling
892 1285 51 20 före-

201 1312 55 24 tagas
270 1310 46 19 eller
331 1309 65 21 beslut
410 1310 65 25 fattas,
491 1309 82 21 såframt
587 1309 18 27 ej
620 1310 47 20 flere
681 1312 24 18 än
726 1311 73 20 hälften
813 1312 21 19 af
848 1311 47 22 dem
908 1313 35 19 äro

201 1336 102 20 tilistädes.
334 1336 107 21 Uteblifver
455 1337 123 26 ordförande,
598 1337 43 20 vice
661 1338 118 20 ordförande
793 1338 47 20 eller
857 1339 85 20 ledamot

201 1362 42 21 frän
257 1365 62 18 utsatt
339 1364 158 20 sammankomst
517 1366 45 18 utan
584 1364 85 20 anmäldt
685 1365 60 26 giltigt
765 1365 77 25 hinder,
865 1371 44 15 som
923 1366 20 20 af

201 1389 233 26 kommunalfullmäktige
447 1391 120 25 godkännes,
584 1391 75 26 erlägge
676 1391 27 20 till
717 1391 132 21 kommunens
862 1393 59 20 kassa
935 1393 6 20 i

202 1416 89 21 straffbot
305 1416 33 21 två
353 1417 57 19 mark
424 1418 38 19 och
476 1417 81 21 dubbelt
571 1417 22 21 sä
607 1418 81 27 mycket
702 1424 32 14 om
743 1419 155 20 sammanträdet
912 1420 29 19 för

200 1443 25 20 de
238 1443 133 21 närvarandes
383 1443 98 26 fätalighet
496 1445 62 20 blifvit
571 1445 85 20 instäldt.
