1067 1692
176 136 48 33 1196
392 141 71 21 Nådiga
477 142 139 22 Propositionen
629 141 36 17 N:o
677 142 28 16 38.

176 190 94 25 verkning
283 190 21 19 af
316 190 81 19 bränvin
412 190 103 19 derstädes
530 191 85 25 upphört
628 190 39 19 och
680 190 24 20 all
719 189 75 21 beredd
807 189 57 20 mäsk
875 190 43 20 blif-

176 217 28 18 vit
217 216 113 20 förbrukad.
362 216 34 21 Vill
410 216 207 20 bränvinstillverkare
631 216 5 19 i
652 216 65 24 början
732 217 20 18 af
765 216 60 24 sagde
836 216 26 20 tid
878 216 39 20 och

173 242 59 20 innan
253 243 163 25 mäskberedning
436 243 5 19 i
464 243 90 19 bränneri
576 243 97 25 vidtagits,
689 242 114 26 distillering
817 242 52 25 idka,
885 242 32 20 må

175 269 116 26 begifvande
312 270 62 19 dertill
395 270 75 19 lemnas
490 270 20 19 af
529 270 117 23 Kontrollör,
669 274 43 15 som
733 269 70 26 åligger
825 269 51 20 tillse
890 271 30 18 att

175 296 111 24 redskapen
301 296 62 19 under
377 296 52 19 tiden
444 295 17 25 ej
477 296 99 25 begagnas
594 297 28 18 för
639 299 59 16 annat
715 295 97 21 ändamål.
841 296 56 19 Hvad
913 296 5 19 i

176 322 10 25 $
200 324 12 17 4
227 322 62 20 blifvit
303 323 90 24 stadgadt
406 323 83 19 rörande
503 323 107 19 sabbatens
628 323 68 24 helgd,
714 323 57 19 lände
785 323 26 19 till
829 323 91 19 efterrät-

176 349 49 19 telse
239 349 58 19 äfven
307 349 36 27 vid
359 349 120 25 distillering.

518 403 10 24 $
544 403 31 19 18.

231 440 286 25 Alexanders-Universitetet,
536 440 170 26 Bergsstyrelsen,
725 440 67 27 Mynt-
811 440 38 19 och
870 440 53 19 Kon-

177 467 129 24 trollverken,
325 467 136 19 Landtbruks-
481 468 38 18 och
534 467 168 24 Forstinstituten,
721 466 146 26 Gymnasierne
882 467 38 19 och

176 494 99 19 Tekniska
289 493 133 20 realskolorne
436 494 5 18 i
456 494 70 23 landet,
544 493 31 20 må
598 493 29 19 för
644 499 49 20 egne
710 493 61 19 behof
786 492 135 27 distillerings-

176 520 96 25 redskap,
291 523 46 16 utan
354 520 62 25 afgift,
436 521 94 24 begagna.
562 520 76 20 Jemväl
657 525 37 20 ege
716 520 137 25 Apothekare,
872 520 49 19 för
908 516 15 34 i

176 547 59 26 yrket
249 546 124 20 förefallande
388 547 134 20 distillationer
536 547 103 19 innehafva
653 547 38 19 och
706 547 62 19 bruka
783 552 24 13 en
822 547 49 19 hvar
886 546 34 20 två

176 579 91 23 pannor,
279 573 37 20 den
334 579 36 13 ena
388 573 19 19 af
422 579 36 14 sex
476 573 86 20 kannors
579 573 57 25 drägt
653 574 46 19 eller
716 573 99 20 derunder
829 574 39 19 och
882 573 39 20 den

176 599 59 20 andra
250 599 17 25 ej
282 601 65 18 större
360 601 23 18 än
398 601 20 18 af
431 598 83 27 följande
529 600 64 26 rymd,
609 600 107 25 nemligen:

231 626 31 19 vid
277 626 112 25 apotheken
403 627 4 18 i
423 627 127 25 Helsingfors,
562 612 49 45 Åbo,
623 626 87 26 Wiborg,
722 626 127 25 Nikolaistad,
864 615 58 30 Uleä-

177 653 55 26 borg,
248 653 76 25 Kuopio
339 653 37 19 och
391 653 120 25 Björneborg
526 653 65 20 trettio
606 643 77 30 kannor
698 655 51 17 samt
760 652 31 19 vid
801 643 61 35 öfriga
873 658 50 20 apo-

177 677 46 22 thek
238 679 5 19 i
257 679 67 20 landet
336 678 55 33 tjugu
405 680 81 24 kannor;
503 681 37 18 och
555 679 53 20 skola
623 679 58 20 dessa
696 685 80 20 pannor,
793 679 56 19 innan
860 679 62 20 distil-

177 706 60 26 lering
255 706 82 19 dermed
355 705 29 20 får
401 696 115 30 verkställas
525 723 4 8 ,
549 712 47 14 vara
613 707 21 18 af
653 706 148 19 vederbörande
818 706 105 19 Justerare

177 734 60 18 mätta
252 733 38 18 och
305 733 115 24 stämplade.
449 733 37 19 Om
500 723 113 35 anläggning
628 733 37 18 och
679 732 129 20 bedrifvande
820 733 20 18 af
849 732 71 25 fabrik,

178 759 62 24 hvari,
256 759 86 20 medelst
355 759 113 26 distillering
482 760 20 19 af
517 759 60 20 finskt
591 759 93 24 bränvin,
704 759 79 19 komme
801 761 28 17 att
847 758 74 20 tillver-

177 786 36 19 kas
227 785 63 20 finare
304 786 110 25 spritvaror
428 786 28 19 för
471 786 90 21 tekniska
576 786 38 20 och
628 785 59 20 andra
705 785 69 24 behof,
791 785 30 19 må
840 785 79 25 tillåtas,

176 812 61 20 beror
251 811 24 27 på
290 812 84 20 särskild
389 812 61 26 Nådig
469 813 94 25 pröfning.

519 867 9 25 $
544 868 31 19 19.

231 905 65 19 Annan
317 906 25 18 än
363 904 38 20 den
422 904 79 20 sålunda
524 905 26 20 till
572 904 209 25 bränvinsdistillering
795 904 124 26 berättigats,

179 937 46 14 vare
239 931 34 20 det
287 930 99 26 förbjudet
399 931 82 19 dermed
497 932 30 24 sig
542 932 80 24 befatta,
638 931 105 19 hvaremot
757 931 66 25 rening
832 931 21 19 af
865 931 58 19 brän-

177 959 40 24 vin,
240 957 24 20 då
287 958 37 19 den
345 958 47 19 sker
413 960 46 17 utan
480 958 31 19 eld
532 958 47 20 eller
600 957 49 25 ånga
670 959 21 17 är
712 963 23 13 en
751 958 50 18 hvar
815 958 107 24 afgiftsfritt

178 984 79 20 tillåten.

521 1035 9 25 $
544 1035 33 19 20.

230 1073 40 19 Den
286 1078 44 14 som
345 1077 46 27 eger
405 1073 93 25 rättighet
515 1074 28 18 att
561 1071 219 26 bränvinstillverkning
797 1072 47 19 eller
861 1072 61 20 distil-

177 1099 62 25 lering
252 1098 75 25 utöfva,
343 1098 32 20 må
390 1099 44 19 icke
448 1099 102 19 innehafva
565 1099 48 19 flere
628 1099 46 19 eller
690 1098 60 20 andra
763 1100 26 18 än
805 1098 25 20 de
847 1104 76 20 pannor

177 1126 38 19 och
229 1125 63 20 dertill
308 1115 86 29 hörande
408 1126 49 25 öfrig
471 1125 93 25 redskap,
580 1126 72 18 honom
661 1125 88 31 lofgifvet
759 1126 28 24 är,
798 1127 29 17 att
837 1125 30 19 för
876 1130 45 20 sag-

177 1152 24 19 de
219 1151 89 21 ändamål
326 1152 92 25 begagna.
445 1145 28 31 Ej
495 1152 61 19 heller
574 1151 29 20 får
623 1151 19 20 åt
661 1150 63 26 någon
745 1141 61 29 annan
827 1135 93 46 redskap,

177 1178 95 20 hvarmed
291 1178 83 20 bränvin
392 1178 36 20 kan
447 1178 100 20 tillverkas
565 1179 47 19 eller
628 1178 114 24 distilleras,
761 1177 67 20 såsom
846 1183 76 20 pannor

177 1206 38 18 och
229 1205 65 19 kittlar
309 1204 45 20 med
369 1205 43 24 fals,
428 1205 234 25 bränvinspanne-hattar
682 1205 38 19 och
734 1190 55 43 bröst
801 1203 63 25 jemte
877 1204 46 20 der-

178 1231 27 18 till
220 1231 89 24 brukliga
323 1231 63 24 pipor,
402 1232 77 23 slangar
494 1232 38 17 och
550 1231 59 18 andra
627 1230 98 30 tillbehör,
745 1230 115 24 förfärdigas
874 1231 48 18 eller

178 1256 136 20 iståndsättas.
333 1251 7 39 —
344 1256 27 19 All
386 1256 188 30 bränvinsredskap,
591 1262 44 13 som
650 1255 10 19 å
674 1245 67 30 landet
754 1255 65 19 finnes
833 1256 5 18 i
851 1261 71 23 egares

177 1282 56 25 värjo
247 1283 48 19 eller
309 1282 62 19 under
385 1281 49 21 vård
448 1282 20 19 af
480 1282 174 30 uppsyningsman,
671 1282 57 23 skall,
745 1281 21 19 så
781 1282 59 18 framt
849 1282 38 19 den
902 1288 18 18 ej

173 1309 106 22 .användes
296 1309 5 19 i
318 1308 68 20 tillåtet
403 1308 90 20 bränneri
513 1310 46 18 eller
580 1308 21 20 af
621 1293 113 45 Apothekare
751 1314 5 19 ,
778 1308 94 20 aflemnas
894 1308 28 20 till

177 1336 66 19 förvar
257 1336 28 19 uti
299 1335 63 20 dertill
377 1335 88 26 lämpliga
480 1336 37 18 och
533 1334 24 26 på
572 1340 69 20 egares
656 1335 25 19 till
692 1320 109 44 redskapen
811 1335 110 19 bekostnad

177 1362 120 26 anskaffade,
313 1363 58 19 säkra
386 1363 37 18 och
437 1362 46 20 med
497 1361 29 21 lås
541 1362 91 20 försedda
648 1368 50 19 rum,
709 1362 36 19 der
754 1362 124 24 densamma,
890 1368 31 14 se-

177 1389 38 21 dan
229 1389 114 26 erforderlig
358 1389 117 26 kungörelse
490 1394 32 14 om
536 1388 131 20 aflemnandet
681 1388 90 27 föregått,
787 1388 92 21 kommer
893 1391 29 17 att

177 1419 110 24 emottagas
305 1419 50 17 samt
373 1404 61 32 hållas
451 1416 109 20 innesluten
578 1417 38 18 och
633 1415 75 21 vårdad
725 1416 21 20 af
758 1415 39 20 den
815 1417 47 20 eller
875 1415 46 20 dem

178 1443 153 27 Länestyrelsen
347 1442 69 21 sådant
429 1442 118 28 uppdrager,
567 1442 95 23 intilldess
678 1448 59 19 egare
754 1438 67 45 afstått
838 1443 29 19 sin
884 1444 39 18 rätt
