1070 1686
182 146 47 34 1184
398 150 71 22 Nädiga
480 151 140 23 Propositionen
632 150 36 17 N:o
681 150 29 18 38.

233 200 39 20 Om
285 200 34 20 det
334 199 44 20 icke
391 199 40 20 kan
446 199 97 20 bestridas
558 202 27 17 att
599 199 59 20 äfven
672 204 25 14 en
711 199 213 25 nödvändighetsvarä;:

180 231 45 14 som
245 226 68 19 måste
330 226 62 25 köpas
404 226 42 19 och
460 226 45 19 med
519 226 48 19 reda
581 225 105 25 penningar
702 225 82 24 betalas,
800 225 30 19 för
844 230 80 14 massan

181 253 20 19 af
214 252 61 20 folket
288 252 44 19 icke
346 252 38 19 kan
398 251 59 20 blifva
472 251 22 20 sä
509 252 111 25 tillgänglig,
636 257 45 13 som
695 257 31 19 en,
743 250 79 21 hvilken
836 251 4 19 i
856 250 68 26 hvarje

181 279 47 19 hem
242 279 21 19 af
276 284 48 20 egna
338 277 140 20 rämaterialier
493 279 38 18 och
544 284 49 19 egna
608 277 91 20 arbetare
708 278 107 24 tillverkas,
828 277 21 19 sä
861 277 64 19 måste

182 304 22 20 sä
226 305 82 26 mycket
328 310 56 14 mera
405 310 23 14 en
448 304 183 23 öfverflödsartikel,
650 304 61 20 hvars
731 306 61 24 nytta,
808 303 45 20 med
868 303 57 19 förbi-

182 332 74 19 seende
277 332 21 18 af
316 331 48 19 dess
384 330 91 20 tekniska
496 330 97 24 ändamål,
611 332 22 17 är
650 330 59 19 minst
724 330 57 25 sagdt
794 330 130 25 tvilvelaktig,

182 363 46 14 men
251 358 61 19 hvars
329 356 126 26 begagnande
469 356 22 20 sä
505 357 35 19 lätt
553 357 39 19 kan
606 358 66 18 urarta
687 356 26 20 till
729 359 28 17 ett
770 356 84 25 skadligt
869 356 57 20 miss-

182 384 61 24 bruk,
258 390 44 13 mer
316 384 39 18 och
369 389 43 13 mer
425 389 24 14 ur
462 383 35 21 det
510 384 94 19 allmänna
618 383 55 19 lifvet
682 383 150 25 undanträngas,
841 382 23 20 sä
872 385 55 17 snart

182 412 64 24 priset
265 409 48 21 derä
334 409 69 21 blifvit
418 410 47 25 högt
482 410 5 19 i
503 409 119 20 förhällande
636 409 25 20 till
678 415 72 14 varans
766 409 85 25 verkliga
866 409 61 19 värde

183 438 40 19 och
236 437 35 20 det
284 442 50 20 gagn
348 436 38 20 den
400 436 38 20 kan
452 436 95 20 medföra.
577 436 35 24 De,
628 436 29 19 för
672 436 66 19 hvilka
748 435 114 25 öfverflödig
868 436 59 19 brän-

184 463 138 25 vinsförtäring
335 462 63 20 blifvit
412 466 28 16 ett
453 462 136 26 oundgängligt
603 462 65 25 behof,
684 462 54 19 skola
754 461 115 26 visserligen
883 462 44 19 icke

183 496 71 20 genom
268 489 59 25 några
342 489 223 26 lagstiftningsätgärder
578 488 74 20 förmås
665 491 28 17 att
707 488 50 19 afstä
771 488 93 24 Jerifrän,
880 494 46 14 men

182 517 33 20 det
228 516 135 26 uppväxande
377 516 77 25 slägtet,
469 521 45 15 som
528 514 17 26 ej
561 520 55 15 mera
630 521 34 14 ser
678 514 172 21 bränvinstiderna
859 516 5 18 i
873 516 55 19 hem-

182 549 45 14 men
248 543 73 25 årligen
342 541 129 26 återkomma,
487 542 17 25 ej
520 543 37 18 har
571 541 86 25 ständigt
671 542 73 19 tillfälle
758 544 28 16 att
800 541 55 26 tidigt
871 541 57 25 vänja

182 569 82 20 smaken
278 569 33 19 vid
325 568 38 20 den
378 568 66 20 starka
457 574 60 14 varan
532 569 39 18 och
585 568 67 19 sinnet
665 568 34 19 vid
713 568 36 19 alla
762 568 26 18 de
802 566 34 21 råa
846 570 83 22 uppträ-
946 576 2 2 :

182 596 38 19 den
234 595 103 20 bränvinet
353 595 116 25 föranleder,
488 595 49 19 skall
553 594 58 20 äfven
625 594 70 19 lättare
709 594 34 19 vid
757 599 93 19 mognare
864 594 23 19 år
900 594 28 20 af-

182 621 63 21 hållas
259 621 43 20 från
315 621 91 26 fylleriet,
423 624 35 16 när
472 620 242 25 husbehofsbränningens
729 620 69 20 talrika
812 620 68 20 idkare
890 621 38 19 och

182 647 101 26 försäljare
298 647 18 26 ej
332 652 54 15 mera
400 648 32 18 vid
447 647 69 25 hvarje
530 650 43 23 steg
586 647 59 20 locka
660 647 73 19 honom
747 646 62 21 dertill
824 648 38 18 och
873 650 56 16 ruset

183 675 30 19 för
227 677 28 17 ett
269 674 23 20 så
307 674 53 26 ringa
374 674 42 25 pris
431 673 17 25 ej
463 680 55 13 mera
533 674 38 19 kan
585 674 69 25 köpas.
685 674 40 19 När
735 673 103 20 bränvinet
848 672 17 26 ej
872 679 57 14 mera

183 701 102 20 tillverkas
299 700 52 20 inom
365 699 69 27 hvarje
450 700 86 24 hushåll,
553 700 49 20 skall
616 700 34 20 det
664 700 58 19 äfven
736 700 89 25 upphöra
840 702 28 18 att
881 706 47 13 vara

184 730 28 17 ett
233 727 173 26 betalningsmedel
428 733 46 13 man
496 728 39 18 och
555 732 46 14 man
619 727 90 23 emellan,
725 727 38 18 och
777 728 35 18 när
826 726 103 20 bränvins-

183 760 79 20 pannan
282 753 17 25 ej
321 760 55 13 mera
390 755 56 25 utgör
461 759 24 14 en
499 754 137 19 inkomstkälla
650 754 30 18 för
694 751 69 27 hvarje
777 754 21 19 af
809 753 76 20 landets
899 756 31 16 tu-

184 780 87 20 sendetal
291 780 110 26 jordegare,
425 780 48 20 skall
495 780 58 20 äfven
573 780 34 19 det
628 780 89 19 enskilda
732 780 94 19 intresset
840 779 17 26 ej
872 786 55 13 mera

184 808 106 19 emotsätta
304 807 31 25 sig
349 807 25 19 de
388 806 135 20 bemödanden
538 809 27 17 att
575 806 24 26 på
609 806 157 26 öfvertygelsens
776 810 39 22 väg
825 806 104 20 motverka

183 834 135 26 fyllerilasten,
342 833 73 23 hvilka,
438 832 96 27 utgångna
548 832 43 20 från
606 832 87 19 enskilda
708 838 95 19 personer
818 834 48 18 eller
880 833 51 25 nyk-

185 859 193 26 terhetsföreningar,
395 859 67 20 hittills
477 860 63 19 funnit
554 865 25 14 en
593 858 22 20 så
630 859 103 19 otacksam
746 858 93 26 jordmån
852 861 29 18 att
894 859 35 20 be-

183 887 70 19 arbeta
267 887 38 19 och
320 885 81 20 skördat
415 886 53 25 ringa
481 885 75 20 frukter
570 886 21 19 af
603 885 30 19 sin
647 885 135 26 filantropiska
791 886 136 19 verksamhet.

238 913 37 19 Det
292 918 60 20 synes
369 912 79 19 derföre
463 918 44 14 som
521 913 32 19 det
568 913 60 24 högre
642 911 42 26 pris
698 912 104 19 bränvinet
816 912 51 19 efter
881 912 47 19 hus-

184 939 201 25 behofsbränningens
407 938 159 25 undanrödjande
586 939 38 18 och
644 937 110 20 införandet
770 939 20 18 af
806 944 24 13 en
850 938 79 25 lämplig

184 965 125 25 beskattning
324 965 90 19 kommer
428 967 28 16 att
471 971 35 19 ega
521 965 5 18 i
540 964 88 25 förening
638 964 45 20 med
693 965 60 19 andra
763 964 118 20 förändrade
891 964 38 19 för-

184 991 109 25 hållanden,
310 997 43 14 som
368 991 25 19 då
408 991 54 20 skola
472 991 83 25 inträda,
566 991 62 19 borde
634 996 48 14 vara
691 994 26 16 ett
726 991 109 24 tillräckligt
843 991 86 25 skydds-

184 1018 65 20 medel
270 1020 41 17 mot
331 1017 115 25 öfverflödig
465 1017 78 26 tillgång
563 1017 69 25 derpå.
660 1016 101 27 Farhågan
776 1020 28 17 ätt
818 1017 53 20 detta
886 1017 43 20 icke

184 1045 66 19 blefve
269 1044 55 20 fallet
343 1045 36 18 har
399 1044 95 19 föranledt
510 1044 39 19 den
567 1043 51 25 åsigt
635 1046 28 17 att
680 1044 82 19 bränvin
778 1044 70 19 endast
861 1044 27 19 till
903 1047 28 16 ett

184 1069 128 28 begränsadt,
328 1071 5 18 i
348 1071 54 24 lagen
417 1070 99 20 bestämdt
529 1070 72 25 belopp
614 1070 62 20 borde
692 1069 18 20 få
725 1070 107 25 tillverkas,
849 1071 38 18 och
901 1073 28 16 att

185 1096 26 21 till”
233 1096 45 26 följe
295 1096 58 20 häraf
368 1099 28 17 ett
411 1097 50 19 visst
474 1095 56 26 årligt
544 1096 114 26 maximum,
676 1102 45 14 som
735 1097 32 19 vid
782 1097 147 25 tillverkningen

186 1123 18 24 ej
219 1123 51 25 finge
283 1123 142 23 öfverskridas,
442 1123 62 19 borde
516 1123 30 19 för
560 1123 43 19 hela
616 1123 66 19 landet
694 1123 112 19 fastställas.
836 1123 38 19 Om
883 1128 46 14 man

187 1148 68 26 också,
279 1149 33 20 vid
332 1148 130 26 öfvergången
485 1148 42 21 från
548 1148 230 25 husbehofsbränningen
795 1148 26 20 till
837 1154 23 14 en
875 1154 54 15 mera

186 1176 75 19 ordnad
282 1176 216 25 bränvinslagstiftning,
520 1181 49 13 vore
584 1175 73 20 frestad
671 1178 28 17 att
712 1176 102 25 godkänna
829 1181 24 13 en
868 1175 61 20 sådan

186 1201 57 26 åsigt,
267 1201 52 20 helst
332 1201 38 20 den
384 1201 75 20 fördom
474 1204 53 17 emot
541 1201 24 20 de
580 1201 52 20 förra
646 1202 139 19 brännerierna
799 1207 38 20 nog
851 1201 80 21 allmänt

187 1230 23 17 är
223 1227 87 20 rådande
325 1229 36 17 hos
375 1233 35 13 oss
424 1230 28 16 att
465 1228 25 18 de
504 1228 55 18 skola
573 1228 37 18 öka
624 1227 6 18 i
644 1228 64 18 stället
723 1230 27 16 att
766 1227 76 19 minska
856 1227 75 24 tillgån-

185 1259 44 20 gen,
253 1254 39 19 och
312 1259 52 18 man,
386 1252 99 26 angående
505 1253 34 19 det
558 1253 122 25 lämpligaste
694 1253 74 25 belopp
782 1253 21 18 af
815 1253 38 19 den
869 1253 58 25 skatt,

187 1285 45 14 som
253 1279 49 20 skall
323 1279 79 25 införas,
424 1279 43 19 icke
483 1279 36 19 har
533 1278 63 25 någon
610 1279 120 24 erfarenhet,
746 1279 48 19 skall
810 1284 44 14 man
870 1279 58 24 dock,

186 1306 34 20 vid
234 1307 92 19 närmare
340 1305 143 26 öfvervägande
497 1306 20 19 af
530 1305 114 20 hithörande
658 1305 172 26 omständigheter,
841 1305 52 20 finna
903 1308 28 17 att

187 1333 25 20 de
226 1333 84 20 fördelar
325 1338 45 15 man
384 1333 21 19 af
418 1335 28 17 ett
459 1332 69 20 sådant
542 1333 109 19 maximum
665 1335 76 22 väntar,
756 1332 44 20 icke
816 1333 54 19 skola
880 1338 49 20 upp-

188 1361 49 24 väga
251 1360 25 20 de
291 1360 53 19 vissa
358 1360 151 25 olägenheterna
523 1359 61 20 deraf.

241 1387 34 19 Ett
296 1386 67 26 vigtigt
384 1386 50 24 skäl,
458 1391 43 14 som
522 1385 48 20 talar
592 1388 53 17 emot
662 1385 110 20 införandet
786 1387 20 19 af
818 1389 28 17 ett
860 1385 70 21 sådant

188 1413 109 20 maximum
317 1414 38 19 och
372 1418 44 14 som
430 1412 5 19 i
451 1413 80 19 främsta
546 1415 86 17 rummet
647 1412 35 20 bör
697 1412 82 25 anföras,
795 1413 62 25 ligger
872 1414 5 18 i
891 1411 38 21 den

189 1440 197 25 anmärkningsvärda
408 1439 143 25 omständighet
566 1442 28 17 att
608 1439 27 19 uti
649 1439 48 19 intet
711 1439 50 25 land,
777 1440 35 20 der
826 1440 105 19 bränvins-
