<?xml version="1.0" encoding="UTF-8"?>
<alto xmlns="http://www.loc.gov/standards/alto/ns-v3#" xmlns:xlink="http://www.w3.org/1999/xlink" xmlns:xsi="http://www.w3.org/2001/XMLSchema-instance" xsi:schemaLocation="http://www.loc.gov/standards/alto/ns-v3# http://www.loc.gov/alto/v3/alto-3-0.xsd">
	<Description>
		<MeasurementUnit>pixel</MeasurementUnit>
		<sourceImageInformation>
			<fileName>/tmp/tess_s6g_fa91_input.PNG</fileName>
		</sourceImageInformation>
		<OCRProcessing ID="OCR_0">
			<ocrProcessingStep>
				<processingSoftware>
					<softwareName>tesseract 5.3.4</softwareName>
				</processingSoftware>
			</ocrProcessingStep>
		</OCRProcessing>
	</Description>
	<Layout>
		<Page WIDTH="1017" HEIGHT="1689" PHYSICAL_IMG_NR="0" ID="page_0">
			<PrintSpace HPOS="0" VPOS="0" WIDTH="1017" HEIGHT="1689">
				<ComposedBlock ID="cblock_0" HPOS="452" VPOS="275" WIDTH="49" HEIGHT="33">
					<TextBlock ID="block_0" HPOS="452" VPOS="275" WIDTH="49" HEIGHT="33">
						<TextLine ID="line_0" HPOS="452" VPOS="275" WIDTH="49" HEIGHT="33">
							<String ID="string_0" HPOS="452" VPOS="275" WIDTH="49" HEIGHT="33" WC="0.93" CONTENT="29."/>
						</TextLine>
					</TextBlock>
				</ComposedBlock>
				<ComposedBlock ID="cblock_1" HPOS="242" VPOS="384" WIDTH="608" HEIGHT="85">
					<TextBlock ID="block_1" HPOS="242" VPOS="384" WIDTH="608" HEIGHT="85">
						<TextLine ID="line_1" HPOS="311" VPOS="384" WIDTH="539" HEIGHT="31">
							<String ID="string_1" HPOS="311" VPOS="384" WIDTH="67" HEIGHT="23" WC="0.96" CONTENT="Hans"/><SP WIDTH="15" VPOS="384" HPOS="378"/>
							<String ID="string_2" HPOS="393" VPOS="384" WIDTH="152" HEIGHT="29" WC="0.96" CONTENT="Kejserliga"/><SP WIDTH="9" VPOS="384" HPOS="545"/>
							<String ID="string_3" HPOS="554" VPOS="384" WIDTH="138" HEIGHT="29" WC="0.93" CONTENT="Majestäts"/><SP WIDTH="13" VPOS="384" HPOS="692"/>
							<String ID="string_4" HPOS="705" VPOS="384" WIDTH="85" HEIGHT="31" WC="0.92" CONTENT="Nådiga"/><SP WIDTH="9" VPOS="384" HPOS="790"/>
							<String ID="string_5" HPOS="799" VPOS="386" WIDTH="51" HEIGHT="23" WC="0.92" CONTENT="Pro-"/>
						</TextLine>
						<TextLine ID="line_2" HPOS="242" VPOS="413" WIDTH="608" HEIGHT="30">
							<String ID="string_6" HPOS="242" VPOS="413" WIDTH="98" HEIGHT="28" WC="0.96" CONTENT="position"/><SP WIDTH="20" VPOS="413" HPOS="340"/>
							<String ID="string_7" HPOS="360" VPOS="413" WIDTH="35" HEIGHT="23" WC="0.96" CONTENT="till"/><SP WIDTH="17" VPOS="413" HPOS="395"/>
							<String ID="string_8" HPOS="412" VPOS="413" WIDTH="104" HEIGHT="23" WC="0.93" CONTENT="Finlands"/><SP WIDTH="25" VPOS="413" HPOS="516"/>
							<String ID="string_9" HPOS="541" VPOS="413" WIDTH="102" HEIGHT="29" WC="0.92" CONTENT="Ständer,"/><SP WIDTH="20" VPOS="413" HPOS="643"/>
							<String ID="string_10" HPOS="663" VPOS="414" WIDTH="114" HEIGHT="29" WC="0.93" CONTENT="angående"/><SP WIDTH="21" VPOS="414" HPOS="777"/>
							<String ID="string_11" HPOS="798" VPOS="415" WIDTH="52" HEIGHT="23" WC="0.92" CONTENT="salt-"/>
						</TextLine>
						<TextLine ID="line_3" HPOS="244" VPOS="440" WIDTH="327" HEIGHT="29">
							<String ID="string_12" HPOS="244" VPOS="441" WIDTH="168" HEIGHT="28" WC="0.92" CONTENT="peter-gärdens"/><SP WIDTH="15" VPOS="441" HPOS="412"/>
							<String ID="string_13" HPOS="427" VPOS="440" WIDTH="144" HEIGHT="25" WC="0.72" CONTENT="afskaffande."/>
						</TextLine>
					</TextBlock>
				</ComposedBlock>
				<ComposedBlock ID="cblock_2" HPOS="105" VPOS="498" WIDTH="759" HEIGHT="951">
					<TextBlock ID="block_2" HPOS="106" VPOS="498" WIDTH="745" HEIGHT="212">
						<TextLine ID="line_4" HPOS="159" VPOS="498" WIDTH="691" HEIGHT="28">
							<String ID="string_14" HPOS="159" VPOS="498" WIDTH="125" HEIGHT="26" WC="0.92" CONTENT="Rättigheten"/><SP WIDTH="14" VPOS="498" HPOS="284"/>
							<String ID="string_15" HPOS="298" VPOS="502" WIDTH="37" HEIGHT="22" WC="0.96" CONTENT="att,"/><SP WIDTH="20" VPOS="502" HPOS="335"/>
							<String ID="string_16" HPOS="355" VPOS="500" WIDTH="30" HEIGHT="19" WC="0.93" CONTENT="för"/><SP WIDTH="17" VPOS="500" HPOS="385"/>
							<String ID="string_17" HPOS="402" VPOS="499" WIDTH="105" HEIGHT="27" WC="0.94" CONTENT="beredning"/><SP WIDTH="18" VPOS="499" HPOS="507"/>
							<String ID="string_18" HPOS="525" VPOS="500" WIDTH="20" HEIGHT="19" WC="0.93" CONTENT="af"/><SP WIDTH="15" VPOS="500" HPOS="545"/>
							<String ID="string_19" HPOS="560" VPOS="501" WIDTH="95" HEIGHT="25" WC="0.81" CONTENT="saltpeter"/><SP WIDTH="15" VPOS="501" HPOS="655"/>
							<String ID="string_20" HPOS="670" VPOS="502" WIDTH="31" HEIGHT="18" WC="0.93" CONTENT="för"/><SP WIDTH="17" VPOS="502" HPOS="701"/>
							<String ID="string_21" HPOS="718" VPOS="501" WIDTH="132" HEIGHT="20" WC="0.93" CONTENT="krutverkens"/>
						</TextLine>
						<TextLine ID="line_5" HPOS="106" VPOS="524" WIDTH="745" HEIGHT="28">
							<String ID="string_22" HPOS="106" VPOS="524" WIDTH="70" HEIGHT="26" WC="0.91" CONTENT="behof,"/><SP WIDTH="20" VPOS="524" HPOS="176"/>
							<String ID="string_23" HPOS="196" VPOS="526" WIDTH="87" HEIGHT="20" WC="0.96" CONTENT="använda"/><SP WIDTH="18" VPOS="526" HPOS="283"/>
							<String ID="string_24" HPOS="301" VPOS="526" WIDTH="38" HEIGHT="20" WC="0.89" CONTENT="den"/><SP WIDTH="18" VPOS="526" HPOS="339"/>
							<String ID="string_25" HPOS="357" VPOS="527" WIDTH="63" HEIGHT="19" WC="0.82" CONTENT="dertill"/><SP WIDTH="17" VPOS="527" HPOS="420"/>
							<String ID="string_26" HPOS="437" VPOS="525" WIDTH="77" HEIGHT="27" WC="0.91" CONTENT="tjenliga"/><SP WIDTH="15" VPOS="525" HPOS="514"/>
							<String ID="string_27" HPOS="529" VPOS="526" WIDTH="54" HEIGHT="26" WC="0.95" CONTENT="jord,"/><SP WIDTH="20" VPOS="526" HPOS="583"/>
							<String ID="string_28" HPOS="603" VPOS="533" WIDTH="43" HEIGHT="13" WC="0.89" CONTENT="som"/><SP WIDTH="19" VPOS="533" HPOS="646"/>
							<String ID="string_29" HPOS="665" VPOS="528" WIDTH="68" HEIGHT="19" WC="0.96" CONTENT="vinnes"/><SP WIDTH="18" VPOS="528" HPOS="733"/>
							<String ID="string_30" HPOS="751" VPOS="528" WIDTH="32" HEIGHT="20" WC="0.92" CONTENT="vid"/><SP WIDTH="14" VPOS="528" HPOS="783"/>
							<String ID="string_31" HPOS="797" VPOS="528" WIDTH="54" HEIGHT="20" WC="0.91" CONTENT="ladu-"/>
						</TextLine>
						<TextLine ID="line_6" HPOS="106" VPOS="550" WIDTH="742" HEIGHT="28">
							<String ID="string_32" HPOS="106" VPOS="550" WIDTH="160" HEIGHT="28" WC="0.74" CONTENT="gärdsskötseln,"/><SP WIDTH="21" VPOS="550" HPOS="266"/>
							<String ID="string_33" HPOS="287" VPOS="553" WIDTH="34" HEIGHT="19" WC="0.93" CONTENT="har"/><SP WIDTH="17" VPOS="553" HPOS="321"/>
							<String ID="string_34" HPOS="338" VPOS="552" WIDTH="83" HEIGHT="21" WC="0.92" CONTENT="alltifrån"/><SP WIDTH="18" VPOS="552" HPOS="421"/>
							<String ID="string_35" HPOS="439" VPOS="553" WIDTH="54" HEIGHT="20" WC="0.92" CONTENT="åldre"/><SP WIDTH="16" VPOS="553" HPOS="493"/>
							<String ID="string_36" HPOS="509" VPOS="553" WIDTH="50" HEIGHT="20" WC="0.96" CONTENT="tider"/><SP WIDTH="18" VPOS="553" HPOS="559"/>
							<String ID="string_37" HPOS="577" VPOS="554" WIDTH="50" HEIGHT="19" WC="0.96" CONTENT="varit"/><SP WIDTH="16" VPOS="554" HPOS="627"/>
							<String ID="string_38" HPOS="643" VPOS="554" WIDTH="78" HEIGHT="20" WC="0.93" CONTENT="Kronan"/><SP WIDTH="17" VPOS="554" HPOS="721"/>
							<String ID="string_39" HPOS="738" VPOS="554" WIDTH="110" HEIGHT="20" WC="0.92" CONTENT="tillerkänd."/>
						</TextLine>
						<TextLine ID="line_7" HPOS="106" VPOS="578" WIDTH="744" HEIGHT="28">
							<String ID="string_40" HPOS="106" VPOS="578" WIDTH="250" HEIGHT="27" WC="0.90" CONTENT="Saltpetertillverkningen"/><SP WIDTH="15" VPOS="578" HPOS="356"/>
							<String ID="string_41" HPOS="371" VPOS="580" WIDTH="78" HEIGHT="20" WC="0.92" CONTENT="bedrefs"/><SP WIDTH="14" VPOS="580" HPOS="449"/>
							<String ID="string_42" HPOS="463" VPOS="580" WIDTH="69" HEIGHT="19" WC="0.57" CONTENT="dervid"/><SP WIDTH="15" VPOS="580" HPOS="532"/>
							<String ID="string_43" HPOS="547" VPOS="580" WIDTH="29" HEIGHT="20" WC="0.93" CONTENT="för"/><SP WIDTH="14" VPOS="580" HPOS="576"/>
							<String ID="string_44" HPOS="590" VPOS="580" WIDTH="89" HEIGHT="20" WC="0.96" CONTENT="Kronans"/><SP WIDTH="10" VPOS="580" HPOS="679"/>
							<String ID="string_45" HPOS="689" VPOS="580" WIDTH="81" HEIGHT="26" WC="0.96" CONTENT="räkning"/><SP WIDTH="9" VPOS="580" HPOS="770"/>
							<String ID="string_46" HPOS="779" VPOS="586" WIDTH="71" HEIGHT="20" WC="0.96" CONTENT="genom"/>
						</TextLine>
						<TextLine ID="line_8" HPOS="107" VPOS="604" WIDTH="743" HEIGHT="28">
							<String ID="string_47" HPOS="107" VPOS="604" WIDTH="131" HEIGHT="26" WC="0.90" CONTENT="kringgäende"/><SP WIDTH="18" VPOS="604" HPOS="238"/>
							<String ID="string_48" HPOS="256" VPOS="604" WIDTH="80" HEIGHT="26" WC="0.92" CONTENT="sjudare"/><SP WIDTH="17" VPOS="604" HPOS="336"/>
							<String ID="string_49" HPOS="353" VPOS="608" WIDTH="38" HEIGHT="18" WC="0.93" CONTENT="och"/><SP WIDTH="18" VPOS="608" HPOS="391"/>
							<String ID="string_50" HPOS="409" VPOS="606" WIDTH="95" HEIGHT="26" WC="0.91" CONTENT="allmogen"/><SP WIDTH="17" VPOS="606" HPOS="504"/>
							<String ID="string_51" HPOS="521" VPOS="606" WIDTH="43" HEIGHT="26" WC="0.93" CONTENT="äläg"/><SP WIDTH="13" VPOS="606" HPOS="564"/>
							<String ID="string_52" HPOS="577" VPOS="607" WIDTH="45" HEIGHT="19" WC="0.92" CONTENT="icke"/><SP WIDTH="14" VPOS="607" HPOS="622"/>
							<String ID="string_53" HPOS="636" VPOS="608" WIDTH="83" HEIGHT="19" WC="0.91" CONTENT="allenast"/><SP WIDTH="14" VPOS="608" HPOS="719"/>
							<String ID="string_54" HPOS="733" VPOS="610" WIDTH="28" HEIGHT="16" WC="0.94" CONTENT="att"/><SP WIDTH="13" VPOS="610" HPOS="761"/>
							<String ID="string_55" HPOS="774" VPOS="608" WIDTH="26" HEIGHT="19" WC="0.85" CONTENT="till"/><SP WIDTH="16" VPOS="608" HPOS="800"/>
							<String ID="string_56" HPOS="816" VPOS="613" WIDTH="34" HEIGHT="14" WC="0.90" CONTENT="an-"/>
						</TextLine>
						<TextLine ID="line_9" HPOS="107" VPOS="631" WIDTH="742" HEIGHT="27">
							<String ID="string_57" HPOS="107" VPOS="631" WIDTH="50" HEIGHT="19" WC="0.82" CONTENT="vista"/><SP WIDTH="15" VPOS="631" HPOS="157"/>
							<String ID="string_58" HPOS="172" VPOS="632" WIDTH="69" HEIGHT="19" WC="0.96" CONTENT="ställen"/><SP WIDTH="16" VPOS="632" HPOS="241"/>
							<String ID="string_59" HPOS="257" VPOS="633" WIDTH="92" HEIGHT="19" WC="0.93" CONTENT="framföra"/><SP WIDTH="16" VPOS="633" HPOS="349"/>
							<String ID="string_60" HPOS="365" VPOS="632" WIDTH="164" HEIGHT="26" WC="0.87" CONTENT="saltpeterjorden"/><SP WIDTH="14" VPOS="632" HPOS="529"/>
							<String ID="string_61" HPOS="543" VPOS="636" WIDTH="52" HEIGHT="17" WC="0.93" CONTENT="samt"/><SP WIDTH="14" VPOS="636" HPOS="595"/>
							<String ID="string_62" HPOS="609" VPOS="634" WIDTH="88" HEIGHT="19" WC="0.96" CONTENT="anskaffa"/><SP WIDTH="19" VPOS="634" HPOS="697"/>
							<String ID="string_63" HPOS="716" VPOS="634" WIDTH="78" HEIGHT="19" WC="0.96" CONTENT="bränsle"/><SP WIDTH="17" VPOS="634" HPOS="794"/>
							<String ID="string_64" HPOS="811" VPOS="636" WIDTH="38" HEIGHT="18" WC="0.97" CONTENT="och"/>
						</TextLine>
						<TextLine ID="line_10" HPOS="106" VPOS="657" WIDTH="744" HEIGHT="27">
							<String ID="string_65" HPOS="106" VPOS="657" WIDTH="60" HEIGHT="27" WC="0.91" CONTENT="öfrige"/><SP WIDTH="16" VPOS="657" HPOS="166"/>
							<String ID="string_66" HPOS="182" VPOS="659" WIDTH="29" HEIGHT="18" WC="0.93" CONTENT="för"/><SP WIDTH="15" VPOS="659" HPOS="211"/>
							<String ID="string_67" HPOS="226" VPOS="658" WIDTH="116" HEIGHT="26" WC="0.62" CONTENT="sjudningen"/><SP WIDTH="15" VPOS="658" HPOS="342"/>
							<String ID="string_68" HPOS="357" VPOS="659" WIDTH="127" HEIGHT="25" WC="0.96" CONTENT="erforderliga"/><SP WIDTH="15" VPOS="659" HPOS="484"/>
							<String ID="string_69" HPOS="499" VPOS="660" WIDTH="156" HEIGHT="24" WC="0.96" CONTENT="förnödenheter,"/><SP WIDTH="16" VPOS="660" HPOS="655"/>
							<String ID="string_70" HPOS="671" VPOS="663" WIDTH="46" HEIGHT="17" WC="0.93" CONTENT="utan"/><SP WIDTH="10" VPOS="663" HPOS="717"/>
							<String ID="string_71" HPOS="727" VPOS="660" WIDTH="37" HEIGHT="20" WC="0.96" CONTENT="ock"/><SP WIDTH="11" VPOS="660" HPOS="764"/>
							<String ID="string_72" HPOS="775" VPOS="663" WIDTH="27" HEIGHT="17" WC="0.93" CONTENT="att"/><SP WIDTH="10" VPOS="663" HPOS="802"/>
							<String ID="string_73" HPOS="812" VPOS="661" WIDTH="38" HEIGHT="19" WC="0.92" CONTENT="för-"/>
						</TextLine>
						<TextLine ID="line_11" HPOS="106" VPOS="684" WIDTH="419" HEIGHT="26">
							<String ID="string_74" HPOS="106" VPOS="690" WIDTH="23" HEIGHT="13" WC="0.93" CONTENT="se"/><SP WIDTH="15" VPOS="690" HPOS="129"/>
							<String ID="string_75" HPOS="144" VPOS="684" WIDTH="104" HEIGHT="26" WC="0.80" CONTENT="sjudarene"/><SP WIDTH="16" VPOS="684" HPOS="248"/>
							<String ID="string_76" HPOS="264" VPOS="686" WIDTH="45" HEIGHT="19" WC="0.92" CONTENT="med"/><SP WIDTH="16" VPOS="686" HPOS="309"/>
							<String ID="string_77" HPOS="325" VPOS="687" WIDTH="81" HEIGHT="19" WC="0.93" CONTENT="husrum"/><SP WIDTH="15" VPOS="687" HPOS="406"/>
							<String ID="string_78" HPOS="421" VPOS="687" WIDTH="37" HEIGHT="18" WC="0.93" CONTENT="och"/><SP WIDTH="16" VPOS="687" HPOS="458"/>
							<String ID="string_79" HPOS="474" VPOS="686" WIDTH="51" HEIGHT="19" WC="0.96" CONTENT="kost."/>
						</TextLine>
					</TextBlock>
					<TextBlock ID="block_3" HPOS="105" VPOS="712" WIDTH="745" HEIGHT="184">
						<TextLine ID="line_12" HPOS="162" VPOS="712" WIDTH="688" HEIGHT="26">
							<String ID="string_80" HPOS="162" VPOS="712" WIDTH="56" HEIGHT="18" WC="0.92" CONTENT="Detta"/><SP WIDTH="17" VPOS="712" HPOS="218"/>
							<String ID="string_81" HPOS="235" VPOS="712" WIDTH="70" HEIGHT="19" WC="0.95" CONTENT="fortfor"/><SP WIDTH="17" VPOS="712" HPOS="305"/>
							<String ID="string_82" HPOS="322" VPOS="712" WIDTH="45" HEIGHT="20" WC="0.96" CONTENT="intill"/><SP WIDTH="18" VPOS="712" HPOS="367"/>
							<String ID="string_83" HPOS="385" VPOS="712" WIDTH="22" HEIGHT="20" WC="0.95" CONTENT="år"/><SP WIDTH="17" VPOS="712" HPOS="407"/>
							<String ID="string_84" HPOS="424" VPOS="713" WIDTH="61" HEIGHT="24" WC="0.93" CONTENT="1644,"/><SP WIDTH="16" VPOS="713" HPOS="485"/>
							<String ID="string_85" HPOS="501" VPOS="712" WIDTH="24" HEIGHT="20" WC="0.82" CONTENT="då"/><SP WIDTH="17" VPOS="712" HPOS="525"/>
							<String ID="string_86" HPOS="542" VPOS="713" WIDTH="105" HEIGHT="25" WC="0.95" CONTENT="allmogen,"/><SP WIDTH="17" VPOS="713" HPOS="647"/>
							<String ID="string_87" HPOS="664" VPOS="715" WIDTH="53" HEIGHT="17" WC="0.93" CONTENT="emot"/><SP WIDTH="14" VPOS="715" HPOS="717"/>
							<String ID="string_88" HPOS="731" VPOS="713" WIDTH="119" HEIGHT="21" WC="0.96" CONTENT="förbindelse"/>
						</TextLine>
						<TextLine ID="line_13" HPOS="105" VPOS="738" WIDTH="744" HEIGHT="27">
							<String ID="string_89" HPOS="105" VPOS="740" WIDTH="28" HEIGHT="16" WC="0.95" CONTENT="att"/><SP WIDTH="15" VPOS="740" HPOS="133"/>
							<String ID="string_90" HPOS="148" VPOS="738" WIDTH="25" HEIGHT="20" WC="0.96" CONTENT="till"/><SP WIDTH="17" VPOS="738" HPOS="173"/>
							<String ID="string_91" HPOS="190" VPOS="738" WIDTH="78" HEIGHT="20" WC="0.95" CONTENT="Kronan"/><SP WIDTH="15" VPOS="738" HPOS="268"/>
							<String ID="string_92" HPOS="283" VPOS="740" WIDTH="76" HEIGHT="24" WC="0.96" CONTENT="erlägga"/><SP WIDTH="15" VPOS="740" HPOS="359"/>
							<String ID="string_93" HPOS="374" VPOS="744" WIDTH="24" HEIGHT="14" WC="0.96" CONTENT="en"/><SP WIDTH="15" VPOS="744" HPOS="398"/>
							<String ID="string_94" HPOS="413" VPOS="740" WIDTH="41" HEIGHT="18" WC="0.96" CONTENT="viss"/><SP WIDTH="15" VPOS="740" HPOS="454"/>
							<String ID="string_95" HPOS="469" VPOS="739" WIDTH="48" HEIGHT="25" WC="0.92" CONTENT="årlig"/><SP WIDTH="14" VPOS="739" HPOS="517"/>
							<String ID="string_96" HPOS="531" VPOS="739" WIDTH="54" HEIGHT="26" WC="0.91" CONTENT="afgift"/><SP WIDTH="16" VPOS="739" HPOS="585"/>
							<String ID="string_97" HPOS="601" VPOS="740" WIDTH="5" HEIGHT="18" WC="0.79" CONTENT="I"/><SP WIDTH="17" VPOS="740" HPOS="606"/>
							<String ID="string_98" HPOS="623" VPOS="740" WIDTH="107" HEIGHT="25" WC="0.96" CONTENT="penningar"/><SP WIDTH="17" VPOS="740" HPOS="730"/>
							<String ID="string_99" HPOS="747" VPOS="740" WIDTH="47" HEIGHT="19" WC="0.93" CONTENT="eller"/><SP WIDTH="18" VPOS="740" HPOS="794"/>
							<String ID="string_100" HPOS="812" VPOS="740" WIDTH="37" HEIGHT="20" WC="0.96" CONTENT="den"/>
						</TextLine>
						<TextLine ID="line_14" HPOS="106" VPOS="764" WIDTH="744" HEIGHT="28">
							<String ID="string_101" HPOS="106" VPOS="764" WIDTH="115" HEIGHT="20" WC="0.96" CONTENT="sedermera"/><SP WIDTH="16" VPOS="764" HPOS="221"/>
							<String ID="string_102" HPOS="237" VPOS="765" WIDTH="61" HEIGHT="20" WC="0.93" CONTENT="under"/><SP WIDTH="15" VPOS="765" HPOS="298"/>
							<String ID="string_103" HPOS="313" VPOS="765" WIDTH="128" HEIGHT="20" WC="0.92" CONTENT="hemmanens"/><SP WIDTH="14" VPOS="765" HPOS="441"/>
							<String ID="string_104" HPOS="455" VPOS="766" WIDTH="118" HEIGHT="25" WC="0.91" CONTENT="grundränta"/><SP WIDTH="14" VPOS="766" HPOS="573"/>
							<String ID="string_105" HPOS="587" VPOS="766" WIDTH="111" HEIGHT="26" WC="0.93" CONTENT="inbegripna"/><SP WIDTH="10" VPOS="766" HPOS="698"/>
							<String ID="string_106" HPOS="708" VPOS="766" WIDTH="142" HEIGHT="26" WC="0.92" CONTENT="saltpeterhjel-"/>
						</TextLine>
						<TextLine ID="line_15" HPOS="106" VPOS="791" WIDTH="742" HEIGHT="27">
							<String ID="string_107" HPOS="106" VPOS="796" WIDTH="48" HEIGHT="20" WC="0.95" CONTENT="pen,"/><SP WIDTH="21" VPOS="796" HPOS="154"/>
							<String ID="string_108" HPOS="175" VPOS="791" WIDTH="98" HEIGHT="20" WC="0.96" CONTENT="befriades"/><SP WIDTH="18" VPOS="791" HPOS="273"/>
							<String ID="string_109" HPOS="291" VPOS="791" WIDTH="42" HEIGHT="20" WC="0.96" CONTENT="från"/><SP WIDTH="18" VPOS="791" HPOS="333"/>
							<String ID="string_110" HPOS="351" VPOS="793" WIDTH="59" HEIGHT="25" WC="0.96" CONTENT="öfriga"/><SP WIDTH="18" VPOS="793" HPOS="410"/>
							<String ID="string_111" HPOS="428" VPOS="792" WIDTH="144" HEIGHT="26" WC="0.94" CONTENT="skyldigheter,"/><SP WIDTH="16" VPOS="792" HPOS="572"/>
							<String ID="string_112" HPOS="588" VPOS="795" WIDTH="55" HEIGHT="17" WC="0.96" CONTENT="utom"/><SP WIDTH="14" VPOS="795" HPOS="643"/>
							<String ID="string_113" HPOS="657" VPOS="793" WIDTH="32" HEIGHT="19" WC="0.96" CONTENT="det"/><SP WIDTH="15" VPOS="793" HPOS="689"/>
							<String ID="string_114" HPOS="704" VPOS="793" WIDTH="78" HEIGHT="19" WC="0.93" CONTENT="Kronan"/><SP WIDTH="14" VPOS="793" HPOS="782"/>
							<String ID="string_115" HPOS="796" VPOS="792" WIDTH="52" HEIGHT="21" WC="0.93" CONTENT="bibe-"/>
						</TextLine>
						<TextLine ID="line_16" HPOS="107" VPOS="818" WIDTH="743" HEIGHT="26">
							<String ID="string_116" HPOS="107" VPOS="818" WIDTH="51" HEIGHT="19" WC="0.95" CONTENT="hölls"/><SP WIDTH="16" VPOS="818" HPOS="158"/>
							<String ID="string_117" HPOS="174" VPOS="818" WIDTH="31" HEIGHT="19" WC="0.96" CONTENT="vid"/><SP WIDTH="15" VPOS="818" HPOS="205"/>
							<String ID="string_118" HPOS="220" VPOS="818" WIDTH="47" HEIGHT="20" WC="0.93" CONTENT="dess"/><SP WIDTH="16" VPOS="818" HPOS="267"/>
							<String ID="string_119" HPOS="283" VPOS="818" WIDTH="165" HEIGHT="26" WC="0.89" CONTENT="dispositionsrätt"/><SP WIDTH="14" VPOS="818" HPOS="448"/>
							<String ID="string_120" HPOS="462" VPOS="819" WIDTH="26" HEIGHT="19" WC="0.96" CONTENT="till"/><SP WIDTH="16" VPOS="819" HPOS="488"/>
							<String ID="string_121" HPOS="504" VPOS="820" WIDTH="22" HEIGHT="19" WC="0.96" CONTENT="all"/><SP WIDTH="11" VPOS="820" HPOS="526"/>
							<String ID="string_122" HPOS="537" VPOS="818" WIDTH="87" HEIGHT="26" WC="0.93" CONTENT="befintlig"/><SP WIDTH="9" VPOS="818" HPOS="624"/>
							<String ID="string_123" HPOS="633" VPOS="818" WIDTH="143" HEIGHT="26" WC="0.89" CONTENT="saltpeterjord,"/><SP WIDTH="13" VPOS="818" HPOS="776"/>
							<String ID="string_124" HPOS="789" VPOS="820" WIDTH="61" HEIGHT="19" WC="0.96" CONTENT="hvars"/>
						</TextLine>
						<TextLine ID="line_17" HPOS="106" VPOS="844" WIDTH="744" HEIGHT="26">
							<String ID="string_125" HPOS="106" VPOS="844" WIDTH="108" HEIGHT="25" WC="0.96" CONTENT="beredning"/><SP WIDTH="14" VPOS="844" HPOS="214"/>
							<String ID="string_126" HPOS="228" VPOS="846" WIDTH="37" HEIGHT="18" WC="0.91" CONTENT="och"/><SP WIDTH="15" VPOS="846" HPOS="265"/>
							<String ID="string_127" HPOS="280" VPOS="846" WIDTH="105" HEIGHT="24" WC="0.91" CONTENT="afkokning"/><SP WIDTH="16" VPOS="846" HPOS="385"/>
							<String ID="string_128" HPOS="401" VPOS="845" WIDTH="114" HEIGHT="20" WC="0.91" CONTENT="handhades"/><SP WIDTH="14" VPOS="845" HPOS="515"/>
							<String ID="string_129" HPOS="529" VPOS="845" WIDTH="119" HEIGHT="20" WC="0.96" CONTENT="fortfarande"/><SP WIDTH="13" VPOS="845" HPOS="648"/>
							<String ID="string_130" HPOS="661" VPOS="846" WIDTH="20" HEIGHT="18" WC="0.93" CONTENT="af"/><SP WIDTH="16" VPOS="846" HPOS="681"/>
							<String ID="string_131" HPOS="697" VPOS="845" WIDTH="86" HEIGHT="25" WC="0.92" CONTENT="sjudare,"/><SP WIDTH="17" VPOS="845" HPOS="783"/>
							<String ID="string_132" HPOS="800" VPOS="846" WIDTH="50" HEIGHT="19" WC="0.91" CONTENT="hvil-"/>
						</TextLine>
						<TextLine ID="line_18" HPOS="106" VPOS="871" WIDTH="489" HEIGHT="25">
							<String ID="string_133" HPOS="106" VPOS="871" WIDTH="32" HEIGHT="22" WC="0.96" CONTENT="ka,"/><SP WIDTH="16" VPOS="871" HPOS="138"/>
							<String ID="string_134" HPOS="154" VPOS="871" WIDTH="83" HEIGHT="19" WC="0.92" CONTENT="likasom"/><SP WIDTH="16" VPOS="871" HPOS="237"/>
							<String ID="string_135" HPOS="253" VPOS="872" WIDTH="101" HEIGHT="24" WC="0.92" CONTENT="tillförene,"/><SP WIDTH="15" VPOS="872" HPOS="354"/>
							<String ID="string_136" HPOS="369" VPOS="872" WIDTH="20" HEIGHT="19" WC="0.96" CONTENT="af"/><SP WIDTH="13" VPOS="872" HPOS="389"/>
							<String ID="string_137" HPOS="402" VPOS="872" WIDTH="77" HEIGHT="19" WC="0.96" CONTENT="Kronan"/><SP WIDTH="15" VPOS="872" HPOS="479"/>
							<String ID="string_138" HPOS="494" VPOS="872" WIDTH="101" HEIGHT="20" WC="0.96" CONTENT="utsändes."/>
						</TextLine>
					</TextBlock>
					<TextBlock ID="block_4" HPOS="105" VPOS="898" WIDTH="759" HEIGHT="551">
						<TextLine ID="line_19" HPOS="160" VPOS="898" WIDTH="690" HEIGHT="26">
							<String ID="string_139" HPOS="160" VPOS="898" WIDTH="66" HEIGHT="19" WC="0.93" CONTENT="Jemte"/><SP WIDTH="14" VPOS="898" HPOS="226"/>
							<String ID="string_140" HPOS="240" VPOS="898" WIDTH="33" HEIGHT="20" WC="0.93" CONTENT="det"/><SP WIDTH="14" VPOS="898" HPOS="273"/>
							<String ID="string_141" HPOS="287" VPOS="898" WIDTH="107" HEIGHT="20" WC="0.91" CONTENT="Ständerna"/><SP WIDTH="19" VPOS="898" HPOS="394"/>
							<String ID="string_142" HPOS="413" VPOS="898" WIDTH="31" HEIGHT="20" WC="0.95" CONTENT="vid"/><SP WIDTH="18" VPOS="898" HPOS="444"/>
							<String ID="string_143" HPOS="462" VPOS="898" WIDTH="103" HEIGHT="26" WC="0.96" CONTENT="riksdagen"/><SP WIDTH="17" VPOS="898" HPOS="565"/>
							<String ID="string_144" HPOS="582" VPOS="898" WIDTH="22" HEIGHT="20" WC="0.95" CONTENT="år"/><SP WIDTH="17" VPOS="898" HPOS="604"/>
							<String ID="string_145" HPOS="621" VPOS="899" WIDTH="50" HEIGHT="19" WC="0.96" CONTENT="1800"/><SP WIDTH="18" VPOS="899" HPOS="671"/>
							<String ID="string_146" HPOS="689" VPOS="899" WIDTH="38" HEIGHT="19" WC="0.96" CONTENT="hos"/><SP WIDTH="20" VPOS="899" HPOS="727"/>
							<String ID="string_147" HPOS="747" VPOS="898" WIDTH="103" HEIGHT="26" WC="0.95" CONTENT="Styrelsen"/>
						</TextLine>
						<TextLine ID="line_20" HPOS="106" VPOS="924" WIDTH="743" HEIGHT="26">
							<String ID="string_148" HPOS="106" VPOS="924" WIDTH="81" HEIGHT="20" WC="0.96" CONTENT="anförde"/><SP WIDTH="18" VPOS="924" HPOS="187"/>
							<String ID="string_149" HPOS="205" VPOS="924" WIDTH="96" HEIGHT="25" WC="0.95" CONTENT="klagomål"/><SP WIDTH="18" VPOS="924" HPOS="301"/>
							<String ID="string_150" HPOS="319" VPOS="926" WIDTH="56" HEIGHT="18" WC="0.93" CONTENT="öfver"/><SP WIDTH="17" VPOS="926" HPOS="375"/>
							<String ID="string_151" HPOS="392" VPOS="924" WIDTH="99" HEIGHT="20" WC="0.91" CONTENT="förefallna"/><SP WIDTH="18" VPOS="924" HPOS="491"/>
							<String ID="string_152" HPOS="509" VPOS="924" WIDTH="115" HEIGHT="26" WC="0.92" CONTENT="oordningar"/><SP WIDTH="17" VPOS="924" HPOS="624"/>
							<String ID="string_153" HPOS="641" VPOS="925" WIDTH="38" HEIGHT="18" WC="0.93" CONTENT="och"/><SP WIDTH="17" VPOS="925" HPOS="679"/>
							<String ID="string_154" HPOS="696" VPOS="925" WIDTH="101" HEIGHT="19" WC="0.90" CONTENT="underslef"/><SP WIDTH="20" VPOS="925" HPOS="797"/>
							<String ID="string_155" HPOS="817" VPOS="925" WIDTH="32" HEIGHT="19" WC="0.96" CONTENT="vid"/>
						</TextLine>
						<TextLine ID="line_21" HPOS="108" VPOS="950" WIDTH="740" HEIGHT="26">
							<String ID="string_156" HPOS="108" VPOS="950" WIDTH="116" HEIGHT="25" WC="0.96" CONTENT="upplåtande"/><SP WIDTH="15" VPOS="950" HPOS="224"/>
							<String ID="string_157" HPOS="239" VPOS="951" WIDTH="20" HEIGHT="19" WC="0.96" CONTENT="af"/><SP WIDTH="11" VPOS="951" HPOS="259"/>
							<String ID="string_158" HPOS="270" VPOS="950" WIDTH="45" HEIGHT="25" WC="0.95" CONTENT="jord"/><SP WIDTH="14" VPOS="950" HPOS="315"/>
							<String ID="string_159" HPOS="329" VPOS="951" WIDTH="27" HEIGHT="20" WC="0.93" CONTENT="till"/><SP WIDTH="15" VPOS="951" HPOS="356"/>
							<String ID="string_160" HPOS="371" VPOS="951" WIDTH="208" HEIGHT="25" WC="0.90" CONTENT="saltpeterberedning,"/><SP WIDTH="13" VPOS="951" HPOS="579"/>
							<String ID="string_161" HPOS="592" VPOS="951" WIDTH="94" HEIGHT="25" WC="0.92" CONTENT="föreslogo"/><SP WIDTH="10" VPOS="951" HPOS="686"/>
							<String ID="string_162" HPOS="696" VPOS="951" WIDTH="114" HEIGHT="25" WC="0.91" CONTENT="Ständerna,"/><SP WIDTH="12" VPOS="951" HPOS="810"/>
							<String ID="string_163" HPOS="822" VPOS="951" WIDTH="26" HEIGHT="20" WC="0.94" CONTENT="till"/>
						</TextLine>
						<TextLine ID="line_22" HPOS="106" VPOS="976" WIDTH="744" HEIGHT="27">
							<String ID="string_164" HPOS="106" VPOS="976" WIDTH="160" HEIGHT="25" WC="0.92" CONTENT="undanrödjande"/><SP WIDTH="15" VPOS="976" HPOS="266"/>
							<String ID="string_165" HPOS="281" VPOS="978" WIDTH="20" HEIGHT="19" WC="0.96" CONTENT="af"/><SP WIDTH="12" VPOS="978" HPOS="301"/>
							<String ID="string_166" HPOS="313" VPOS="977" WIDTH="59" HEIGHT="20" WC="0.96" CONTENT="dessa"/><SP WIDTH="15" VPOS="977" HPOS="372"/>
							<String ID="string_167" HPOS="387" VPOS="977" WIDTH="131" HEIGHT="26" WC="0.96" CONTENT="olägenheter,"/><SP WIDTH="17" VPOS="977" HPOS="518"/>
							<String ID="string_168" HPOS="535" VPOS="979" WIDTH="27" HEIGHT="18" WC="0.96" CONTENT="att"/><SP WIDTH="15" VPOS="979" HPOS="562"/>
							<String ID="string_169" HPOS="577" VPOS="977" WIDTH="75" HEIGHT="20" WC="0.93" CONTENT="Kronan"/><SP WIDTH="15" VPOS="977" HPOS="652"/>
							<String ID="string_170" HPOS="667" VPOS="977" WIDTH="62" HEIGHT="20" WC="0.93" CONTENT="måtte"/><SP WIDTH="14" VPOS="977" HPOS="729"/>
							<String ID="string_171" HPOS="743" VPOS="977" WIDTH="49" HEIGHT="19" WC="0.92" CONTENT="afstä"/><SP WIDTH="15" VPOS="977" HPOS="792"/>
							<String ID="string_172" HPOS="807" VPOS="977" WIDTH="43" HEIGHT="20" WC="0.96" CONTENT="från"/>
						</TextLine>
						<TextLine ID="line_23" HPOS="107" VPOS="1002" WIDTH="743" HEIGHT="27">
							<String ID="string_173" HPOS="107" VPOS="1003" WIDTH="30" HEIGHT="19" WC="0.93" CONTENT="sin"/><SP WIDTH="15" VPOS="1003" HPOS="137"/>
							<String ID="string_174" HPOS="152" VPOS="1003" WIDTH="166" HEIGHT="25" WC="0.90" CONTENT="dispositionsrätt"/><SP WIDTH="15" VPOS="1003" HPOS="318"/>
							<String ID="string_175" HPOS="333" VPOS="1004" WIDTH="24" HEIGHT="19" WC="0.93" CONTENT="till"/><SP WIDTH="16" VPOS="1004" HPOS="357"/>
							<String ID="string_176" HPOS="373" VPOS="1002" WIDTH="170" HEIGHT="27" WC="0.69" CONTENT="saltpeterjorden,"/><SP WIDTH="16" VPOS="1002" HPOS="543"/>
							<String ID="string_177" HPOS="559" VPOS="1007" WIDTH="54" HEIGHT="16" WC="0.96" CONTENT="emot"/><SP WIDTH="14" VPOS="1007" HPOS="613"/>
							<String ID="string_178" HPOS="627" VPOS="1004" WIDTH="32" HEIGHT="19" WC="0.96" CONTENT="det"/><SP WIDTH="14" VPOS="1004" HPOS="659"/>
							<String ID="string_179" HPOS="673" VPOS="1003" WIDTH="43" HEIGHT="20" WC="0.96" CONTENT="från"/><SP WIDTH="15" VPOS="1003" HPOS="716"/>
							<String ID="string_180" HPOS="731" VPOS="1003" WIDTH="69" HEIGHT="25" WC="0.96" CONTENT="hvarje"/><SP WIDTH="10" VPOS="1003" HPOS="800"/>
							<String ID="string_181" HPOS="810" VPOS="1004" WIDTH="40" HEIGHT="19" WC="0.96" CONTENT="helt"/>
						</TextLine>
						<TextLine ID="line_24" HPOS="106" VPOS="1029" WIDTH="758" HEIGHT="26">
							<String ID="string_182" HPOS="106" VPOS="1031" WIDTH="94" HEIGHT="18" WC="0.95" CONTENT="hemman"/><SP WIDTH="14" VPOS="1031" HPOS="200"/>
							<String ID="string_183" HPOS="214" VPOS="1031" WIDTH="47" HEIGHT="18" WC="0.93" CONTENT="eller"/><SP WIDTH="15" VPOS="1031" HPOS="261"/>
							<String ID="string_184" HPOS="276" VPOS="1030" WIDTH="71" HEIGHT="19" WC="0.93" CONTENT="mantal"/><SP WIDTH="15" VPOS="1030" HPOS="347"/>
							<String ID="string_185" HPOS="362" VPOS="1031" WIDTH="63" HEIGHT="18" WC="0.93" CONTENT="skuile"/><SP WIDTH="14" VPOS="1031" HPOS="425"/>
							<String ID="string_186" HPOS="439" VPOS="1030" WIDTH="25" HEIGHT="19" WC="0.96" CONTENT="till"/><SP WIDTH="16" VPOS="1030" HPOS="464"/>
							<String ID="string_187" HPOS="480" VPOS="1030" WIDTH="77" HEIGHT="19" WC="0.93" CONTENT="Kronan"/><SP WIDTH="14" VPOS="1030" HPOS="557"/>
							<String ID="string_188" HPOS="571" VPOS="1029" WIDTH="72" HEIGHT="26" WC="0.96" CONTENT="årligen"/><SP WIDTH="10" VPOS="1029" HPOS="643"/>
							<String ID="string_189" HPOS="653" VPOS="1031" WIDTH="101" HEIGHT="18" WC="0.95" CONTENT="levereras"/><SP WIDTH="11" VPOS="1031" HPOS="754"/>
							<String ID="string_190" HPOS="765" VPOS="1033" WIDTH="27" HEIGHT="16" WC="0.93" CONTENT="ett"/><SP WIDTH="10" VPOS="1033" HPOS="792"/>
							<String ID="string_191" HPOS="802" VPOS="1030" WIDTH="48" HEIGHT="19" WC="0.91" CONTENT="halft"/><SP WIDTH="12" VPOS="1030" HPOS="850"/>
							<String ID="string_192" HPOS="862" VPOS="1034" WIDTH="2" HEIGHT="2" WC="0.70" CONTENT="&#39;"/>
						</TextLine>
						<TextLine ID="line_25" HPOS="105" VPOS="1055" WIDTH="745" HEIGHT="26">
							<String ID="string_193" HPOS="105" VPOS="1055" WIDTH="79" HEIGHT="26" WC="0.92" CONTENT="lispund"/><SP WIDTH="15" VPOS="1055" HPOS="184"/>
							<String ID="string_194" HPOS="199" VPOS="1056" WIDTH="84" HEIGHT="19" WC="0.87" CONTENT="oluttrad"/><SP WIDTH="15" VPOS="1056" HPOS="283"/>
							<String ID="string_195" HPOS="298" VPOS="1057" WIDTH="100" HEIGHT="24" WC="0.92" CONTENT="saltpeter,"/><SP WIDTH="17" VPOS="1057" HPOS="398"/>
							<String ID="string_196" HPOS="415" VPOS="1058" WIDTH="53" HEIGHT="17" WC="0.95" CONTENT="emot"/><SP WIDTH="14" VPOS="1058" HPOS="468"/>
							<String ID="string_197" HPOS="482" VPOS="1057" WIDTH="108" HEIGHT="24" WC="0.97" CONTENT="ersättning"/><SP WIDTH="14" VPOS="1057" HPOS="590"/>
							<String ID="string_198" HPOS="604" VPOS="1056" WIDTH="20" HEIGHT="19" WC="0.96" CONTENT="af"/><SP WIDTH="13" VPOS="1056" HPOS="624"/>
							<String ID="string_199" HPOS="637" VPOS="1062" WIDTH="23" HEIGHT="13" WC="0.93" CONTENT="en"/><SP WIDTH="15" VPOS="1062" HPOS="660"/>
							<String ID="string_200" HPOS="675" VPOS="1056" WIDTH="97" HEIGHT="20" WC="0.93" CONTENT="riksdaler"/><SP WIDTH="15" VPOS="1056" HPOS="772"/>
							<String ID="string_201" HPOS="787" VPOS="1055" WIDTH="63" HEIGHT="26" WC="0.91" CONTENT="tjugu-"/>
						</TextLine>
						<TextLine ID="line_26" HPOS="105" VPOS="1081" WIDTH="745" HEIGHT="27">
							<String ID="string_202" HPOS="105" VPOS="1081" WIDTH="43" HEIGHT="26" WC="0.92" CONTENT="fyra"/><SP WIDTH="16" VPOS="1081" HPOS="148"/>
							<String ID="string_203" HPOS="164" VPOS="1082" WIDTH="100" HEIGHT="25" WC="0.92" CONTENT="skillingar"/><SP WIDTH="14" VPOS="1082" HPOS="264"/>
							<String ID="string_204" HPOS="278" VPOS="1082" WIDTH="64" HEIGHT="20" WC="0.96" CONTENT="banko"/><SP WIDTH="14" VPOS="1082" HPOS="342"/>
							<String ID="string_205" HPOS="356" VPOS="1083" WIDTH="29" HEIGHT="19" WC="0.93" CONTENT="för"/><SP WIDTH="10" VPOS="1083" HPOS="385"/>
							<String ID="string_206" HPOS="395" VPOS="1082" WIDTH="104" HEIGHT="25" WC="0.85" CONTENT="lispundet."/><SP WIDTH="30" VPOS="1082" HPOS="499"/>
							<String ID="string_207" HPOS="529" VPOS="1083" WIDTH="65" HEIGHT="19" WC="0.91" CONTENT="Denna"/><SP WIDTH="11" VPOS="1083" HPOS="594"/>
							<String ID="string_208" HPOS="605" VPOS="1083" WIDTH="111" HEIGHT="25" WC="0.92" CONTENT="leverering"/><SP WIDTH="9" VPOS="1083" HPOS="716"/>
							<String ID="string_209" HPOS="725" VPOS="1081" WIDTH="63" HEIGHT="21" WC="0.96" CONTENT="borde"/><SP WIDTH="9" VPOS="1081" HPOS="788"/>
							<String ID="string_210" HPOS="797" VPOS="1083" WIDTH="53" HEIGHT="18" WC="0.96" CONTENT="inom"/>
						</TextLine>
						<TextLine ID="line_27" HPOS="107" VPOS="1108" WIDTH="743" HEIGHT="27">
							<String ID="string_211" HPOS="107" VPOS="1109" WIDTH="41" HEIGHT="18" WC="0.93" CONTENT="viss"/><SP WIDTH="15" VPOS="1109" HPOS="148"/>
							<String ID="string_212" HPOS="163" VPOS="1111" WIDTH="61" HEIGHT="17" WC="0.95" CONTENT="utsatt"/><SP WIDTH="15" VPOS="1111" HPOS="224"/>
							<String ID="string_213" HPOS="239" VPOS="1109" WIDTH="27" HEIGHT="19" WC="0.93" CONTENT="tid"/><SP WIDTH="15" VPOS="1109" HPOS="266"/>
							<String ID="string_214" HPOS="281" VPOS="1109" WIDTH="98" HEIGHT="24" WC="0.96" CONTENT="fullgöras,"/><SP WIDTH="18" VPOS="1109" HPOS="379"/>
							<String ID="string_215" HPOS="397" VPOS="1109" WIDTH="32" HEIGHT="19" WC="0.93" CONTENT="vid"/><SP WIDTH="14" VPOS="1109" HPOS="429"/>
							<String ID="string_216" HPOS="443" VPOS="1109" WIDTH="91" HEIGHT="26" WC="0.92" CONTENT="äfventyr"/><SP WIDTH="14" VPOS="1109" HPOS="534"/>
							<String ID="string_217" HPOS="548" VPOS="1111" WIDTH="28" HEIGHT="17" WC="0.96" CONTENT="att"/><SP WIDTH="13" VPOS="1111" HPOS="576"/>
							<String ID="string_218" HPOS="589" VPOS="1109" WIDTH="33" HEIGHT="19" WC="0.93" CONTENT="det"/><SP WIDTH="17" VPOS="1109" HPOS="622"/>
							<String ID="string_219" HPOS="639" VPOS="1109" WIDTH="101" HEIGHT="19" WC="0.96" CONTENT="bristande"/><SP WIDTH="17" VPOS="1109" HPOS="740"/>
							<String ID="string_220" HPOS="757" VPOS="1108" WIDTH="93" HEIGHT="25" WC="0.96" CONTENT="beloppet"/>
						</TextLine>
						<TextLine ID="line_28" HPOS="106" VPOS="1134" WIDTH="744" HEIGHT="27">
							<String ID="string_221" HPOS="106" VPOS="1134" WIDTH="58" HEIGHT="25" WC="0.96" CONTENT="eljest"/><SP WIDTH="14" VPOS="1134" HPOS="164"/>
							<String ID="string_222" HPOS="178" VPOS="1135" WIDTH="80" HEIGHT="20" WC="0.96" CONTENT="komme"/><SP WIDTH="15" VPOS="1135" HPOS="258"/>
							<String ID="string_223" HPOS="273" VPOS="1139" WIDTH="28" HEIGHT="16" WC="0.96" CONTENT="att"/><SP WIDTH="14" VPOS="1139" HPOS="301"/>
							<String ID="string_224" HPOS="315" VPOS="1136" WIDTH="29" HEIGHT="18" WC="0.96" CONTENT="för"/><SP WIDTH="14" VPOS="1136" HPOS="344"/>
							<String ID="string_225" HPOS="358" VPOS="1135" WIDTH="37" HEIGHT="20" WC="0.88" CONTENT="den"/><SP WIDTH="10" VPOS="1135" HPOS="395"/>
							<String ID="string_226" HPOS="405" VPOS="1136" WIDTH="124" HEIGHT="25" WC="0.37" CONTENT="försumiiges"/><SP WIDTH="11" VPOS="1136" HPOS="529"/>
							<String ID="string_227" HPOS="540" VPOS="1135" WIDTH="80" HEIGHT="25" WC="0.96" CONTENT="räkning"/><SP WIDTH="9" VPOS="1135" HPOS="620"/>
							<String ID="string_228" HPOS="629" VPOS="1141" WIDTH="72" HEIGHT="19" WC="0.93" CONTENT="genom"/><SP WIDTH="9" VPOS="1141" HPOS="701"/>
							<String ID="string_229" HPOS="710" VPOS="1134" WIDTH="80" HEIGHT="20" WC="0.93" CONTENT="auktion"/><SP WIDTH="10" VPOS="1134" HPOS="790"/>
							<String ID="string_230" HPOS="800" VPOS="1139" WIDTH="50" HEIGHT="21" WC="0.91" CONTENT="upp-"/>
						</TextLine>
						<TextLine ID="line_29" HPOS="106" VPOS="1161" WIDTH="744" HEIGHT="24">
							<String ID="string_231" HPOS="106" VPOS="1161" WIDTH="84" HEIGHT="20" WC="0.95" CONTENT="handlas"/><SP WIDTH="14" VPOS="1161" HPOS="190"/>
							<String ID="string_232" HPOS="204" VPOS="1163" WIDTH="38" HEIGHT="17" WC="0.96" CONTENT="och"/><SP WIDTH="15" VPOS="1163" HPOS="242"/>
							<String ID="string_233" HPOS="257" VPOS="1163" WIDTH="20" HEIGHT="18" WC="0.96" CONTENT="af"/><SP WIDTH="13" VPOS="1163" HPOS="277"/>
							<String ID="string_234" HPOS="290" VPOS="1163" WIDTH="71" HEIGHT="18" WC="0.93" CONTENT="honom"/><SP WIDTH="16" VPOS="1163" HPOS="361"/>
							<String ID="string_235" HPOS="377" VPOS="1162" WIDTH="80" HEIGHT="19" WC="0.96" CONTENT="kontant"/><SP WIDTH="14" VPOS="1162" HPOS="457"/>
							<String ID="string_236" HPOS="471" VPOS="1162" WIDTH="80" HEIGHT="23" WC="0.96" CONTENT="betalas,"/><SP WIDTH="18" VPOS="1162" HPOS="551"/>
							<String ID="string_237" HPOS="569" VPOS="1162" WIDTH="58" HEIGHT="19" WC="0.96" CONTENT="likväl"/><SP WIDTH="16" VPOS="1162" HPOS="627"/>
							<String ID="string_238" HPOS="643" VPOS="1161" WIDTH="49" HEIGHT="20" WC="0.93" CONTENT="efter"/><SP WIDTH="14" VPOS="1161" HPOS="692"/>
							<String ID="string_239" HPOS="706" VPOS="1161" WIDTH="66" HEIGHT="24" WC="0.89" CONTENT="afdrag"/><SP WIDTH="15" VPOS="1161" HPOS="772"/>
							<String ID="string_240" HPOS="787" VPOS="1161" WIDTH="20" HEIGHT="18" WC="0.96" CONTENT="af"/><SP WIDTH="9" VPOS="1161" HPOS="807"/>
							<String ID="string_241" HPOS="816" VPOS="1161" WIDTH="34" HEIGHT="19" WC="0.93" CONTENT="Jet"/>
						</TextLine>
						<TextLine ID="line_30" HPOS="106" VPOS="1187" WIDTH="745" HEIGHT="26">
							<String ID="string_242" HPOS="106" VPOS="1187" WIDTH="109" HEIGHT="20" WC="0.93" CONTENT="fastställda"/><SP WIDTH="18" VPOS="1187" HPOS="215"/>
							<String ID="string_243" HPOS="233" VPOS="1188" WIDTH="131" HEIGHT="25" WC="0.80" CONTENT="kronopriset."/><SP WIDTH="32" VPOS="1188" HPOS="364"/>
							<String ID="string_244" HPOS="396" VPOS="1189" WIDTH="56" HEIGHT="18" WC="0.93" CONTENT="Detta"/><SP WIDTH="17" VPOS="1189" HPOS="452"/>
							<String ID="string_245" HPOS="469" VPOS="1188" WIDTH="119" HEIGHT="19" WC="0.82" CONTENT="Ständernas"/><SP WIDTH="18" VPOS="1188" HPOS="588"/>
							<String ID="string_246" HPOS="606" VPOS="1187" WIDTH="71" HEIGHT="26" WC="0.93" CONTENT="förslag"/><SP WIDTH="17" VPOS="1187" HPOS="677"/>
							<String ID="string_247" HPOS="694" VPOS="1187" WIDTH="41" HEIGHT="20" WC="0.96" CONTENT="blef"/><SP WIDTH="18" VPOS="1187" HPOS="735"/>
							<String ID="string_248" HPOS="753" VPOS="1187" WIDTH="19" HEIGHT="19" WC="0.93" CONTENT="af"/><SP WIDTH="16" VPOS="1187" HPOS="772"/>
							<String ID="string_249" HPOS="788" VPOS="1187" WIDTH="63" HEIGHT="25" WC="0.92" CONTENT="Rege-"/>
						</TextLine>
						<TextLine ID="line_31" HPOS="106" VPOS="1213" WIDTH="743" HEIGHT="26">
							<String ID="string_250" HPOS="106" VPOS="1214" WIDTH="67" HEIGHT="25" WC="0.93" CONTENT="ringen"/><SP WIDTH="16" VPOS="1214" HPOS="173"/>
							<String ID="string_251" HPOS="189" VPOS="1215" WIDTH="106" HEIGHT="24" WC="0.92" CONTENT="godkändt,"/><SP WIDTH="17" VPOS="1215" HPOS="295"/>
							<String ID="string_252" HPOS="312" VPOS="1215" WIDTH="37" HEIGHT="18" WC="0.96" CONTENT="och"/><SP WIDTH="15" VPOS="1215" HPOS="349"/>
							<String ID="string_253" HPOS="364" VPOS="1215" WIDTH="4" HEIGHT="19" WC="0.96" CONTENT="i"/><SP WIDTH="16" VPOS="1215" HPOS="368"/>
							<String ID="string_254" HPOS="384" VPOS="1214" WIDTH="83" HEIGHT="25" WC="0.93" CONTENT="enlighet"/><SP WIDTH="14" VPOS="1214" HPOS="467"/>
							<String ID="string_255" HPOS="481" VPOS="1214" WIDTH="80" HEIGHT="19" WC="0.96" CONTENT="dermed"/><SP WIDTH="17" VPOS="1214" HPOS="561"/>
							<String ID="string_256" HPOS="578" VPOS="1213" WIDTH="114" HEIGHT="20" WC="0.95" CONTENT="utfärdades"/><SP WIDTH="14" VPOS="1213" HPOS="692"/>
							<String ID="string_257" HPOS="706" VPOS="1214" WIDTH="37" HEIGHT="19" WC="0.77" CONTENT="Jen"/><SP WIDTH="10" VPOS="1214" HPOS="743"/>
							<String ID="string_258" HPOS="753" VPOS="1213" WIDTH="5" HEIGHT="19" WC="0.86" CONTENT="i"/><SP WIDTH="11" VPOS="1213" HPOS="758"/>
							<String ID="string_259" HPOS="769" VPOS="1213" WIDTH="80" HEIGHT="20" WC="0.88" CONTENT="Finland"/>
						</TextLine>
						<TextLine ID="line_32" HPOS="106" VPOS="1239" WIDTH="744" HEIGHT="27">
							<String ID="string_260" HPOS="106" VPOS="1242" WIDTH="50" HEIGHT="17" WC="0.94" CONTENT="ännu"/><SP WIDTH="13" VPOS="1242" HPOS="156"/>
							<String ID="string_261" HPOS="169" VPOS="1241" WIDTH="88" HEIGHT="25" WC="0.93" CONTENT="gällande"/><SP WIDTH="15" VPOS="1241" HPOS="257"/>
							<String ID="string_262" HPOS="272" VPOS="1241" WIDTH="66" HEIGHT="25" WC="0.72" CONTENT="Kongl."/><SP WIDTH="17" VPOS="1241" HPOS="338"/>
							<String ID="string_263" HPOS="355" VPOS="1241" WIDTH="136" HEIGHT="25" WC="0.91" CONTENT="förordningen"/><SP WIDTH="14" VPOS="1241" HPOS="491"/>
							<String ID="string_264" HPOS="505" VPOS="1241" WIDTH="21" HEIGHT="18" WC="0.96" CONTENT="af"/><SP WIDTH="12" VPOS="1241" HPOS="526"/>
							<String ID="string_265" HPOS="538" VPOS="1241" WIDTH="38" HEIGHT="19" WC="0.91" CONTENT="Jen"/><SP WIDTH="17" VPOS="1241" HPOS="576"/>
							<String ID="string_266" HPOS="593" VPOS="1241" WIDTH="26" HEIGHT="18" WC="0.96" CONTENT="26"/><SP WIDTH="17" VPOS="1241" HPOS="619"/>
							<String ID="string_267" HPOS="636" VPOS="1240" WIDTH="88" HEIGHT="19" WC="0.96" CONTENT="Oktober"/><SP WIDTH="18" VPOS="1240" HPOS="724"/>
							<String ID="string_268" HPOS="742" VPOS="1240" WIDTH="61" HEIGHT="23" WC="0.93" CONTENT="1801,"/><SP WIDTH="20" VPOS="1240" HPOS="803"/>
							<String ID="string_269" HPOS="823" VPOS="1239" WIDTH="27" HEIGHT="20" WC="0.92" CONTENT="äf-"/>
						</TextLine>
						<TextLine ID="line_33" HPOS="107" VPOS="1265" WIDTH="744" HEIGHT="26">
							<String ID="string_270" HPOS="107" VPOS="1272" WIDTH="82" HEIGHT="14" WC="0.91" CONTENT="vensom"/><SP WIDTH="16" VPOS="1272" HPOS="189"/>
							<String ID="string_271" HPOS="205" VPOS="1269" WIDTH="90" HEIGHT="18" WC="0.91" CONTENT="närmare"/><SP WIDTH="11" VPOS="1269" HPOS="295"/>
							<String ID="string_272" HPOS="306" VPOS="1267" WIDTH="122" HEIGHT="20" WC="0.91" CONTENT="föreskrifter"/><SP WIDTH="10" VPOS="1267" HPOS="428"/>
							<String ID="string_273" HPOS="438" VPOS="1267" WIDTH="83" HEIGHT="19" WC="0.91" CONTENT="rörande"/><SP WIDTH="11" VPOS="1267" HPOS="521"/>
							<String ID="string_274" HPOS="532" VPOS="1265" WIDTH="171" HEIGHT="26" WC="0.90" CONTENT="verkställigheten"/><SP WIDTH="10" VPOS="1265" HPOS="703"/>
							<String ID="string_275" HPOS="713" VPOS="1266" WIDTH="20" HEIGHT="19" WC="0.93" CONTENT="af"/><SP WIDTH="8" VPOS="1266" HPOS="733"/>
							<String ID="string_276" HPOS="741" VPOS="1267" WIDTH="110" HEIGHT="18" WC="0.90" CONTENT="förenämn-"/>
						</TextLine>
						<TextLine ID="line_34" HPOS="107" VPOS="1291" WIDTH="742" HEIGHT="27">
							<String ID="string_277" HPOS="107" VPOS="1293" WIDTH="23" HEIGHT="19" WC="0.92" CONTENT="da"/><SP WIDTH="12" VPOS="1293" HPOS="130"/>
							<String ID="string_278" HPOS="142" VPOS="1293" WIDTH="120" HEIGHT="25" WC="0.96" CONTENT="stadganden"/><SP WIDTH="10" VPOS="1293" HPOS="262"/>
							<String ID="string_279" HPOS="272" VPOS="1293" WIDTH="126" HEIGHT="20" WC="0.95" CONTENT="meddelades"/><SP WIDTH="9" VPOS="1293" HPOS="398"/>
							<String ID="string_280" HPOS="407" VPOS="1299" WIDTH="70" HEIGHT="19" WC="0.93" CONTENT="genom"/><SP WIDTH="12" VPOS="1299" HPOS="477"/>
							<String ID="string_281" HPOS="489" VPOS="1293" WIDTH="66" HEIGHT="24" WC="0.93" CONTENT="Kongl."/><SP WIDTH="12" VPOS="1293" HPOS="555"/>
							<String ID="string_282" HPOS="567" VPOS="1293" WIDTH="163" HEIGHT="19" WC="0.92" CONTENT="cirkulärbrefvet"/><SP WIDTH="9" VPOS="1293" HPOS="730"/>
							<String ID="string_283" HPOS="739" VPOS="1292" WIDTH="27" HEIGHT="19" WC="0.93" CONTENT="till"/><SP WIDTH="11" VPOS="1292" HPOS="766"/>
							<String ID="string_284" HPOS="777" VPOS="1291" WIDTH="72" HEIGHT="20" WC="0.90" CONTENT="Lands-"/>
						</TextLine>
						<TextLine ID="line_35" HPOS="106" VPOS="1318" WIDTH="743" HEIGHT="25">
							<String ID="string_285" HPOS="106" VPOS="1319" WIDTH="128" HEIGHT="24" WC="0.84" CONTENT="höfdingarne"/><SP WIDTH="14" VPOS="1319" HPOS="234"/>
							<String ID="string_286" HPOS="248" VPOS="1319" WIDTH="21" HEIGHT="19" WC="0.95" CONTENT="af"/><SP WIDTH="13" VPOS="1319" HPOS="269"/>
							<String ID="string_287" HPOS="282" VPOS="1320" WIDTH="37" HEIGHT="17" WC="0.96" CONTENT="den"/><SP WIDTH="16" VPOS="1320" HPOS="319"/>
							<String ID="string_288" HPOS="335" VPOS="1320" WIDTH="24" HEIGHT="17" WC="0.94" CONTENT="28"/><SP WIDTH="15" VPOS="1320" HPOS="359"/>
							<String ID="string_289" HPOS="374" VPOS="1319" WIDTH="91" HEIGHT="18" WC="0.96" CONTENT="Februari"/><SP WIDTH="16" VPOS="1319" HPOS="465"/>
							<String ID="string_290" HPOS="481" VPOS="1320" WIDTH="58" HEIGHT="22" WC="0.96" CONTENT="1805,"/><SP WIDTH="16" VPOS="1320" HPOS="539"/>
							<String ID="string_291" HPOS="555" VPOS="1319" WIDTH="45" HEIGHT="18" WC="0.93" CONTENT="med"/><SP WIDTH="16" VPOS="1319" HPOS="600"/>
							<String ID="string_292" HPOS="616" VPOS="1319" WIDTH="75" HEIGHT="18" WC="0.96" CONTENT="hvilket"/><SP WIDTH="12" VPOS="1319" HPOS="691"/>
							<String ID="string_293" HPOS="703" VPOS="1318" WIDTH="22" HEIGHT="18" WC="0.92" CONTENT="är"/><SP WIDTH="9" VPOS="1318" HPOS="725"/>
							<String ID="string_294" HPOS="734" VPOS="1318" WIDTH="115" HEIGHT="24" WC="0.90" CONTENT="tillämpnin-"/>
						</TextLine>
						<TextLine ID="line_36" HPOS="107" VPOS="1343" WIDTH="744" HEIGHT="26">
							<String ID="string_295" HPOS="107" VPOS="1349" WIDTH="37" HEIGHT="20" WC="0.96" CONTENT="gen"/><SP WIDTH="14" VPOS="1349" HPOS="144"/>
							<String ID="string_296" HPOS="158" VPOS="1345" WIDTH="22" HEIGHT="18" WC="0.95" CONTENT="af"/><SP WIDTH="13" VPOS="1345" HPOS="180"/>
							<String ID="string_297" HPOS="193" VPOS="1345" WIDTH="48" HEIGHT="18" WC="0.93" CONTENT="1801"/><SP WIDTH="18" VPOS="1345" HPOS="241"/>
							<String ID="string_298" HPOS="259" VPOS="1344" WIDTH="33" HEIGHT="20" WC="0.91" CONTENT="ärs"/><SP WIDTH="13" VPOS="1344" HPOS="292"/>
							<String ID="string_299" HPOS="305" VPOS="1345" WIDTH="113" HEIGHT="24" WC="0.92" CONTENT="författning"/><SP WIDTH="14" VPOS="1345" HPOS="418"/>
							<String ID="string_300" HPOS="432" VPOS="1345" WIDTH="72" HEIGHT="24" WC="0.91" CONTENT="vidtog."/><SP WIDTH="30" VPOS="1345" HPOS="504"/>
							<String ID="string_301" HPOS="534" VPOS="1344" WIDTH="85" HEIGHT="20" WC="0.88" CONTENT="Sälunda"/><SP WIDTH="14" VPOS="1344" HPOS="619"/>
							<String ID="string_302" HPOS="633" VPOS="1344" WIDTH="41" HEIGHT="19" WC="0.88" CONTENT="blef"/><SP WIDTH="10" VPOS="1344" HPOS="674"/>
							<String ID="string_303" HPOS="684" VPOS="1343" WIDTH="70" HEIGHT="24" WC="0.89" CONTENT="sjelfva"/><SP WIDTH="11" VPOS="1343" HPOS="754"/>
							<String ID="string_304" HPOS="765" VPOS="1343" WIDTH="86" HEIGHT="19" WC="0.89" CONTENT="tillverk-"/>
						</TextLine>
						<TextLine ID="line_37" HPOS="110" VPOS="1369" WIDTH="741" HEIGHT="26">
							<String ID="string_305" HPOS="110" VPOS="1375" WIDTH="11" HEIGHT="14" WC="0.89" CONTENT="n"/><SP WIDTH="9" VPOS="1375" HPOS="121"/>
							<String ID="string_306" HPOS="130" VPOS="1375" WIDTH="50" HEIGHT="20" WC="0.92" CONTENT="ngen"/><SP WIDTH="14" VPOS="1375" HPOS="180"/>
							<String ID="string_307" HPOS="194" VPOS="1370" WIDTH="20" HEIGHT="19" WC="0.93" CONTENT="af"/><SP WIDTH="12" VPOS="1370" HPOS="214"/>
							<String ID="string_308" HPOS="226" VPOS="1371" WIDTH="101" HEIGHT="24" WC="0.92" CONTENT="saltpeter,"/><SP WIDTH="17" VPOS="1371" HPOS="327"/>
							<String ID="string_309" HPOS="344" VPOS="1377" WIDTH="43" HEIGHT="13" WC="0.93" CONTENT="som"/><SP WIDTH="14" VPOS="1377" HPOS="387"/>
							<String ID="string_310" HPOS="401" VPOS="1370" WIDTH="86" HEIGHT="20" WC="0.88" CONTENT="ditintills"/><SP WIDTH="14" VPOS="1370" HPOS="487"/>
							<String ID="string_311" HPOS="501" VPOS="1369" WIDTH="119" HEIGHT="25" WC="0.92" CONTENT="ombesörjts"/><SP WIDTH="15" VPOS="1369" HPOS="620"/>
							<String ID="string_312" HPOS="635" VPOS="1371" WIDTH="19" HEIGHT="18" WC="0.96" CONTENT="af"/><SP WIDTH="12" VPOS="1371" HPOS="654"/>
							<String ID="string_313" HPOS="666" VPOS="1370" WIDTH="83" HEIGHT="23" WC="0.96" CONTENT="Kronan,"/><SP WIDTH="18" VPOS="1370" HPOS="749"/>
							<String ID="string_314" HPOS="767" VPOS="1369" WIDTH="5" HEIGHT="18" WC="0.93" CONTENT="i"/><SP WIDTH="15" VPOS="1369" HPOS="772"/>
							<String ID="string_315" HPOS="787" VPOS="1369" WIDTH="64" HEIGHT="20" WC="0.91" CONTENT="stället"/>
						</TextLine>
						<TextLine ID="line_38" HPOS="110" VPOS="1395" WIDTH="741" HEIGHT="28">
							<String ID="string_316" HPOS="110" VPOS="1401" WIDTH="24" HEIGHT="14" WC="0.93" CONTENT="en"/><SP WIDTH="12" VPOS="1401" HPOS="134"/>
							<String ID="string_317" HPOS="146" VPOS="1395" WIDTH="72" HEIGHT="26" WC="0.96" CONTENT="jorden"/><SP WIDTH="15" VPOS="1395" HPOS="218"/>
							<String ID="string_318" HPOS="233" VPOS="1396" WIDTH="104" HEIGHT="26" WC="0.96" CONTENT="åtföljande"/><SP WIDTH="15" VPOS="1396" HPOS="337"/>
							<String ID="string_319" HPOS="352" VPOS="1397" WIDTH="119" HEIGHT="26" WC="0.96" CONTENT="skyldighet;"/><SP WIDTH="17" VPOS="1397" HPOS="471"/>
							<String ID="string_320" HPOS="488" VPOS="1397" WIDTH="37" HEIGHT="19" WC="0.96" CONTENT="och"/><SP WIDTH="16" VPOS="1397" HPOS="525"/>
							<String ID="string_321" HPOS="541" VPOS="1397" WIDTH="63" HEIGHT="19" WC="0.93" CONTENT="under"/><SP WIDTH="16" VPOS="1397" HPOS="604"/>
							<String ID="string_322" HPOS="620" VPOS="1396" WIDTH="68" HEIGHT="26" WC="0.96" CONTENT="tillsyn"/><SP WIDTH="18" VPOS="1396" HPOS="688"/>
							<String ID="string_323" HPOS="706" VPOS="1398" WIDTH="52" HEIGHT="17" WC="0.96" CONTENT="samt"/><SP WIDTH="16" VPOS="1398" HPOS="758"/>
							<String ID="string_324" HPOS="774" VPOS="1395" WIDTH="77" HEIGHT="26" WC="0.96" CONTENT="ledning"/>
						</TextLine>
						<TextLine ID="line_39" HPOS="107" VPOS="1421" WIDTH="743" HEIGHT="28">
							<String ID="string_325" HPOS="107" VPOS="1423" WIDTH="20" HEIGHT="19" WC="0.96" CONTENT="af"/><SP WIDTH="13" VPOS="1423" HPOS="127"/>
							<String ID="string_326" HPOS="140" VPOS="1423" WIDTH="24" HEIGHT="19" WC="0.96" CONTENT="de"/><SP WIDTH="16" VPOS="1423" HPOS="164"/>
							<String ID="string_327" HPOS="180" VPOS="1423" WIDTH="24" HEIGHT="19" WC="0.93" CONTENT="till"/><SP WIDTH="16" VPOS="1423" HPOS="204"/>
							<String ID="string_328" HPOS="220" VPOS="1423" WIDTH="244" HEIGHT="26" WC="0.81" CONTENT="saltpetersjuderi-staten"/><SP WIDTH="11" VPOS="1423" HPOS="464"/>
							<String ID="string_329" HPOS="475" VPOS="1423" WIDTH="86" HEIGHT="20" WC="0.93" CONTENT="hörande"/><SP WIDTH="10" VPOS="1423" HPOS="561"/>
							<String ID="string_330" HPOS="571" VPOS="1422" WIDTH="117" HEIGHT="25" WC="0.92" CONTENT="tjenstemän"/><SP WIDTH="9" VPOS="1422" HPOS="688"/>
							<String ID="string_331" HPOS="697" VPOS="1422" WIDTH="96" HEIGHT="26" WC="0.67" CONTENT="uppdrefs"/><SP WIDTH="9" VPOS="1422" HPOS="793"/>
							<String ID="string_332" HPOS="802" VPOS="1421" WIDTH="48" HEIGHT="21" WC="0.92" CONTENT="den-"/>
						</TextLine>
					</TextBlock>
				</ComposedBlock>
				<GraphicalElement ID="cblock_3" HPOS="1015" VPOS="469" WIDTH="2" HEIGHT="409"></GraphicalElement >
			</PrintSpace>
		</Page>
	</Layout>
</alto>
