<?xml version="1.0" encoding="UTF-8"?>
<alto xmlns="http://www.loc.gov/standards/alto/ns-v3#" xmlns:xlink="http://www.w3.org/1999/xlink" xmlns:xsi="http://www.w3.org/2001/XMLSchema-instance" xsi:schemaLocation="http://www.loc.gov/standards/alto/ns-v3# http://www.loc.gov/alto/v3/alto-3-0.xsd">
	<Description>
		<MeasurementUnit>pixel</MeasurementUnit>
		<sourceImageInformation>
			<fileName>/tmp/tess_4fogm6i9_input.PNG</fileName>
		</sourceImageInformation>
		<OCRProcessing ID="OCR_0">
			<ocrProcessingStep>
				<processingSoftware>
					<softwareName>tesseract 5.3.4</softwareName>
				</processingSoftware>
			</ocrProcessingStep>
		</OCRProcessing>
	</Description>
	<Layout>
		<Page WIDTH="973" HEIGHT="1689" PHYSICAL_IMG_NR="0" ID="page_0">
			<PrintSpace HPOS="0" VPOS="0" WIDTH="973" HEIGHT="1689">
				<ComposedBlock ID="cblock_0" HPOS="184" VPOS="145" WIDTH="530" HEIGHT="33">
					<TextBlock ID="block_0" HPOS="184" VPOS="145" WIDTH="530" HEIGHT="33">
						<TextLine ID="line_0" HPOS="184" VPOS="145" WIDTH="530" HEIGHT="33">
							<String ID="string_0" HPOS="184" VPOS="145" WIDTH="43" HEIGHT="33" WC="0.55" CONTENT="00"/><SP WIDTH="176" VPOS="145" HPOS="227"/>
							<String ID="string_1" HPOS="403" VPOS="147" WIDTH="72" HEIGHT="23" WC="0.72" CONTENT="Nädiga"/><SP WIDTH="11" VPOS="147" HPOS="475"/>
							<String ID="string_2" HPOS="486" VPOS="147" WIDTH="139" HEIGHT="22" WC="0.95" CONTENT="Propositionen"/><SP WIDTH="13" VPOS="147" HPOS="625"/>
							<String ID="string_3" HPOS="638" VPOS="146" WIDTH="39" HEIGHT="18" WC="0.96" CONTENT="N:o"/><SP WIDTH="8" VPOS="146" HPOS="677"/>
							<String ID="string_4" HPOS="685" VPOS="145" WIDTH="29" HEIGHT="18" WC="0.95" CONTENT="26."/>
						</TextLine>
					</TextBlock>
				</ComposedBlock>
				<ComposedBlock ID="cblock_1" HPOS="180" VPOS="193" WIDTH="759" HEIGHT="1264">
					<TextBlock ID="block_1" HPOS="191" VPOS="193" WIDTH="748" HEIGHT="370">
						<TextLine ID="line_1" HPOS="191" VPOS="193" WIDTH="748" HEIGHT="28">
							<String ID="string_5" HPOS="191" VPOS="199" WIDTH="46" HEIGHT="22" WC="0.23" CONTENT="nad;"/><SP WIDTH="29" VPOS="199" HPOS="237"/>
							<String ID="string_6" HPOS="266" VPOS="197" WIDTH="118" HEIGHT="22" WC="0.0" CONTENT="vArbetersaf"/><SP WIDTH="12" VPOS="197" HPOS="384"/>
							<String ID="string_7" HPOS="396" VPOS="196" WIDTH="116" HEIGHT="21" WC="0.41" CONTENT="omförmäld"/><SP WIDTH="12" VPOS="196" HPOS="512"/>
							<String ID="string_8" HPOS="524" VPOS="195" WIDTH="135" HEIGHT="21" WC="0.95" CONTENT="beskaffenhet"/><SP WIDTH="9" VPOS="195" HPOS="659"/>
							<String ID="string_9" HPOS="668" VPOS="195" WIDTH="74" HEIGHT="21" WC="0.96" CONTENT="utföras"/><SP WIDTH="16" VPOS="195" HPOS="742"/>
							<String ID="string_10" HPOS="758" VPOS="194" WIDTH="5" HEIGHT="19" WC="0.89" CONTENT="i"/><SP WIDTH="13" VPOS="194" HPOS="763"/>
							<String ID="string_11" HPOS="776" VPOS="189" WIDTH="64" HEIGHT="36" WC="0.59" CONTENT="många"/><SP WIDTH="8" VPOS="189" HPOS="840"/>
							<String ID="string_12" HPOS="848" VPOS="189" WIDTH="91" HEIGHT="36" WC="0.59" CONTENT=":traktör:"/>
						</TextLine>
						<TextLine ID="line_2" HPOS="192" VPOS="219" WIDTH="741" HEIGHT="28">
							<String ID="string_13" HPOS="192" VPOS="225" WIDTH="20" HEIGHT="22" WC="0.87" CONTENT="af"/><SP WIDTH="12" VPOS="225" HPOS="212"/>
							<String ID="string_14" HPOS="224" VPOS="224" WIDTH="74" HEIGHT="22" WC="0.87" CONTENT="landet:"/><SP WIDTH="10" VPOS="224" HPOS="298"/>
							<String ID="string_15" HPOS="308" VPOS="223" WIDTH="42" HEIGHT="22" WC="0.95" CONTENT="utaf"/><SP WIDTH="17" VPOS="223" HPOS="350"/>
							<String ID="string_16" HPOS="367" VPOS="223" WIDTH="158" HEIGHT="24" WC="0.63" CONTENT="entreprenörer;"/><SP WIDTH="21" VPOS="223" HPOS="525"/>
							<String ID="string_17" HPOS="546" VPOS="227" WIDTH="46" HEIGHT="15" WC="0.90" CONTENT="som"/><SP WIDTH="15" VPOS="227" HPOS="592"/>
							<String ID="string_18" HPOS="607" VPOS="221" WIDTH="11" HEIGHT="20" WC="0.90" CONTENT="ä"/><SP WIDTH="15" VPOS="221" HPOS="618"/>
							<String ID="string_19" HPOS="633" VPOS="221" WIDTH="91" HEIGHT="21" WC="0.96" CONTENT="bestämd"/><SP WIDTH="21" VPOS="221" HPOS="724"/>
							<String ID="string_20" HPOS="745" VPOS="220" WIDTH="28" HEIGHT="20" WC="0.55" CONTENT="tid:"/><SP WIDTH="17" VPOS="220" HPOS="773"/>
							<String ID="string_21" HPOS="790" VPOS="220" WIDTH="56" HEIGHT="21" WC="0.55" CONTENT="skola"/><SP WIDTH="13" VPOS="220" HPOS="846"/>
							<String ID="string_22" HPOS="859" VPOS="219" WIDTH="74" HEIGHT="21" WC="0.96" CONTENT="erhålla"/>
						</TextLine>
						<TextLine ID="line_3" HPOS="192" VPOS="247" WIDTH="742" HEIGHT="29">
							<String ID="string_23" HPOS="192" VPOS="252" WIDTH="29" HEIGHT="19" WC="0.96" CONTENT="sin"/><SP WIDTH="15" VPOS="252" HPOS="221"/>
							<String ID="string_24" HPOS="236" VPOS="250" WIDTH="121" HEIGHT="25" WC="0.61" CONTENT="ersättning..."/><SP WIDTH="20" VPOS="250" HPOS="357"/>
							<String ID="string_25" HPOS="377" VPOS="250" WIDTH="44" HEIGHT="19" WC="0.70" CONTENT="Men"/><SP WIDTH="14" VPOS="250" HPOS="421"/>
							<String ID="string_26" HPOS="435" VPOS="248" WIDTH="107" HEIGHT="21" WC="0.90" CONTENT="huruledes"/><SP WIDTH="16" VPOS="248" HPOS="542"/>
							<String ID="string_27" HPOS="558" VPOS="247" WIDTH="209" HEIGHT="21" WC="0.42" CONTENT="kommunalnämnden"/><SP WIDTH="3" VPOS="247" HPOS="767"/>
							<String ID="string_28" HPOS="770" VPOS="243" WIDTH="10" HEIGHT="37" WC="0.90" CONTENT=":"/><SP WIDTH="3" VPOS="243" HPOS="780"/>
							<String ID="string_29" HPOS="783" VPOS="247" WIDTH="65" HEIGHT="29" WC="0.54" CONTENT="skulle."/><SP WIDTH="16" VPOS="247" HPOS="848"/>
							<String ID="string_30" HPOS="864" VPOS="251" WIDTH="70" HEIGHT="16" WC="0.54" CONTENT="annor-"/>
						</TextLine>
						<TextLine ID="line_4" HPOS="192" VPOS="272" WIDTH="747" HEIGHT="31">
							<String ID="string_31" HPOS="192" VPOS="277" WIDTH="58" HEIGHT="24" WC="0.67" CONTENT="lunda."/><SP WIDTH="14" VPOS="277" HPOS="250"/>
							<String ID="string_32" HPOS="264" VPOS="279" WIDTH="23" HEIGHT="19" WC="0.93" CONTENT="än"/><SP WIDTH="14" VPOS="279" HPOS="287"/>
							<String ID="string_33" HPOS="301" VPOS="275" WIDTH="48" HEIGHT="22" WC="0.86" CONTENT="med"/><SP WIDTH="9" VPOS="275" HPOS="349"/>
							<String ID="string_34" HPOS="358" VPOS="281" WIDTH="52" HEIGHT="20" WC="0.79" CONTENT="egna."/><SP WIDTH="13" VPOS="281" HPOS="410"/>
							<String ID="string_35" HPOS="423" VPOS="275" WIDTH="66" HEIGHT="21" WC="0.93" CONTENT="medel"/><SP WIDTH="21" VPOS="275" HPOS="489"/>
							<String ID="string_36" HPOS="510" VPOS="275" WIDTH="19" HEIGHT="21" WC="0.91" CONTENT="få"/><SP WIDTH="14" VPOS="275" HPOS="529"/>
							<String ID="string_37" HPOS="543" VPOS="275" WIDTH="176" HEIGHT="25" WC="0.91" CONTENT="entreprenörerne"/><SP WIDTH="15" VPOS="275" HPOS="719"/>
							<String ID="string_38" HPOS="734" VPOS="273" WIDTH="6" HEIGHT="20" WC="0.91" CONTENT="i"/><SP WIDTH="14" VPOS="273" HPOS="740"/>
							<String ID="string_39" HPOS="754" VPOS="274" WIDTH="64" HEIGHT="21" WC="0.96" CONTENT="rättan"/><SP WIDTH="16" VPOS="274" HPOS="818"/>
							<String ID="string_40" HPOS="834" VPOS="272" WIDTH="28" HEIGHT="21" WC="0.86" CONTENT="tid."/><SP WIDTH="17" VPOS="272" HPOS="862"/>
							<String ID="string_41" HPOS="879" VPOS="272" WIDTH="60" HEIGHT="31" WC="0.86" CONTENT="godt-"/>
						</TextLine>
						<TextLine ID="line_5" HPOS="193" VPOS="299" WIDTH="741" HEIGHT="30">
							<String ID="string_42" HPOS="193" VPOS="302" WIDTH="74" HEIGHT="27" WC="0.96" CONTENT="gjorde,"/><SP WIDTH="16" VPOS="302" HPOS="267"/>
							<String ID="string_43" HPOS="283" VPOS="303" WIDTH="38" HEIGHT="19" WC="0.96" CONTENT="kan"/><SP WIDTH="19" VPOS="303" HPOS="321"/>
							<String ID="string_44" HPOS="340" VPOS="301" WIDTH="32" HEIGHT="27" WC="0.93" CONTENT="jag"/><SP WIDTH="17" VPOS="301" HPOS="372"/>
							<String ID="string_45" HPOS="389" VPOS="302" WIDTH="43" HEIGHT="19" WC="0.96" CONTENT="icke"/><SP WIDTH="17" VPOS="302" HPOS="432"/>
							<String ID="string_46" HPOS="449" VPOS="302" WIDTH="57" HEIGHT="19" WC="0.95" CONTENT="finna."/><SP WIDTH="29" VPOS="302" HPOS="506"/>
							<String ID="string_47" HPOS="535" VPOS="302" WIDTH="28" HEIGHT="25" WC="0.96" CONTENT="Ty"/><SP WIDTH="14" VPOS="302" HPOS="563"/>
							<String ID="string_48" HPOS="577" VPOS="300" WIDTH="24" HEIGHT="21" WC="0.93" CONTENT="dä"/><SP WIDTH="18" VPOS="300" HPOS="601"/>
							<String ID="string_49" HPOS="619" VPOS="300" WIDTH="128" HEIGHT="29" WC="0.91" CONTENT="omförmälde"/><SP WIDTH="20" VPOS="300" HPOS="747"/>
							<String ID="string_50" HPOS="767" VPOS="299" WIDTH="107" HEIGHT="21" WC="0.93" CONTENT="kostnader"/><SP WIDTH="17" VPOS="299" HPOS="874"/>
							<String ID="string_51" HPOS="891" VPOS="299" WIDTH="43" HEIGHT="21" WC="0.96" CONTENT="icke"/>
						</TextLine>
						<TextLine ID="line_6" HPOS="193" VPOS="326" WIDTH="741" HEIGHT="27">
							<String ID="string_52" HPOS="193" VPOS="329" WIDTH="63" HEIGHT="22" WC="0.54" CONTENT="blifvit:"/><SP WIDTH="14" VPOS="329" HPOS="256"/>
							<String ID="string_53" HPOS="270" VPOS="329" WIDTH="114" HEIGHT="21" WC="0.94" CONTENT="beräknade"/><SP WIDTH="11" VPOS="329" HPOS="384"/>
							<String ID="string_54" HPOS="395" VPOS="328" WIDTH="29" HEIGHT="19" WC="0.96" CONTENT="uti"/><SP WIDTH="13" VPOS="328" HPOS="424"/>
							<String ID="string_55" HPOS="437" VPOS="329" WIDTH="38" HEIGHT="20" WC="0.95" CONTENT="den"/><SP WIDTH="14" VPOS="329" HPOS="475"/>
							<String ID="string_56" HPOS="489" VPOS="329" WIDTH="5" HEIGHT="20" WC="0.90" CONTENT="i"/><SP WIDTH="14" VPOS="329" HPOS="494"/>
							<String ID="string_57" HPOS="508" VPOS="327" WIDTH="118" HEIGHT="26" WC="0.93" CONTENT="September"/><SP WIDTH="13" VPOS="327" HPOS="626"/>
							<String ID="string_58" HPOS="639" VPOS="327" WIDTH="113" HEIGHT="25" WC="0.83" CONTENT="uppgjorde"/><SP WIDTH="12" VPOS="327" HPOS="752"/>
							<String ID="string_59" HPOS="764" VPOS="326" WIDTH="118" HEIGHT="26" WC="0.92" CONTENT="utgifts-stat"/><SP WIDTH="13" VPOS="326" HPOS="882"/>
							<String ID="string_60" HPOS="895" VPOS="327" WIDTH="39" HEIGHT="18" WC="0.96" CONTENT="och"/>
						</TextLine>
						<TextLine ID="line_7" HPOS="194" VPOS="352" WIDTH="743" HEIGHT="27">
							<String ID="string_61" HPOS="194" VPOS="355" WIDTH="33" HEIGHT="22" WC="0.96" CONTENT="det"/><SP WIDTH="13" VPOS="355" HPOS="227"/>
							<String ID="string_62" HPOS="240" VPOS="355" WIDTH="72" HEIGHT="22" WC="0.96" CONTENT="endast"/><SP WIDTH="14" VPOS="355" HPOS="312"/>
							<String ID="string_63" HPOS="326" VPOS="355" WIDTH="138" HEIGHT="24" WC="0.94" CONTENT="undantagsvis"/><SP WIDTH="17" VPOS="355" HPOS="464"/>
							<String ID="string_64" HPOS="481" VPOS="355" WIDTH="39" HEIGHT="20" WC="0.92" CONTENT="kan"/><SP WIDTH="13" VPOS="355" HPOS="520"/>
							<String ID="string_65" HPOS="533" VPOS="353" WIDTH="77" HEIGHT="22" WC="0.95" CONTENT="inträffa"/><SP WIDTH="19" VPOS="353" HPOS="610"/>
							<String ID="string_66" HPOS="629" VPOS="356" WIDTH="28" HEIGHT="17" WC="0.96" CONTENT="att"/><SP WIDTH="14" VPOS="356" HPOS="657"/>
							<String ID="string_67" HPOS="671" VPOS="359" WIDTH="22" HEIGHT="15" WC="0.96" CONTENT="så"/><SP WIDTH="15" VPOS="359" HPOS="693"/>
							<String ID="string_68" HPOS="708" VPOS="355" WIDTH="42" HEIGHT="17" WC="0.96" CONTENT="stor"/><SP WIDTH="14" VPOS="355" HPOS="750"/>
							<String ID="string_69" HPOS="764" VPOS="353" WIDTH="30" HEIGHT="21" WC="0.95" CONTENT="del"/><SP WIDTH="18" VPOS="353" HPOS="794"/>
							<String ID="string_70" HPOS="812" VPOS="353" WIDTH="20" HEIGHT="19" WC="0.93" CONTENT="af"/><SP WIDTH="12" VPOS="353" HPOS="832"/>
							<String ID="string_71" HPOS="844" VPOS="352" WIDTH="93" HEIGHT="22" WC="0.90" CONTENT="kommu-"/>
						</TextLine>
						<TextLine ID="line_8" HPOS="193" VPOS="379" WIDTH="742" HEIGHT="27">
							<String ID="string_72" HPOS="193" VPOS="385" WIDTH="49" HEIGHT="17" WC="0.46" CONTENT="nens."/><SP WIDTH="15" VPOS="385" HPOS="242"/>
							<String ID="string_73" HPOS="257" VPOS="381" WIDTH="134" HEIGHT="25" WC="0.82" CONTENT="medlemmar,"/><SP WIDTH="19" VPOS="381" HPOS="391"/>
							<String ID="string_74" HPOS="410" VPOS="386" WIDTH="44" HEIGHT="14" WC="0.93" CONTENT="som"/><SP WIDTH="13" VPOS="386" HPOS="454"/>
							<String ID="string_75" HPOS="467" VPOS="381" WIDTH="98" HEIGHT="21" WC="0.96" CONTENT="utskottet"/><SP WIDTH="19" VPOS="381" HPOS="565"/>
							<String ID="string_76" HPOS="584" VPOS="381" WIDTH="87" HEIGHT="20" WC="0.96" CONTENT="bestämt"/><SP WIDTH="13" VPOS="381" HPOS="671"/>
							<String ID="string_77" HPOS="684" VPOS="380" WIDTH="28" HEIGHT="20" WC="0.93" CONTENT="uti"/><SP WIDTH="14" VPOS="380" HPOS="712"/>
							<String ID="string_78" HPOS="726" VPOS="379" WIDTH="10" HEIGHT="25" WC="0.93" CONTENT="$"/><SP WIDTH="15" VPOS="379" HPOS="736"/>
							<String ID="string_79" HPOS="751" VPOS="380" WIDTH="31" HEIGHT="24" WC="0.96" CONTENT="19,"/><SP WIDTH="19" VPOS="380" HPOS="782"/>
							<String ID="string_80" HPOS="801" VPOS="379" WIDTH="65" HEIGHT="21" WC="0.96" CONTENT="skulle"/><SP WIDTH="14" VPOS="379" HPOS="866"/>
							<String ID="string_81" HPOS="880" VPOS="379" WIDTH="55" HEIGHT="20" WC="0.50" CONTENT="kom,"/>
						</TextLine>
						<TextLine ID="line_9" HPOS="194" VPOS="405" WIDTH="742" HEIGHT="25">
							<String ID="string_82" HPOS="194" VPOS="413" WIDTH="32" HEIGHT="14" WC="0.93" CONTENT="ma"/><SP WIDTH="14" VPOS="413" HPOS="226"/>
							<String ID="string_83" HPOS="240" VPOS="408" WIDTH="95" HEIGHT="20" WC="0.90" CONTENT="tillstädes"/><SP WIDTH="13" VPOS="408" HPOS="335"/>
							<String ID="string_84" HPOS="348" VPOS="407" WIDTH="27" HEIGHT="20" WC="0.93" CONTENT="till"/><SP WIDTH="16" VPOS="407" HPOS="375"/>
							<String ID="string_85" HPOS="391" VPOS="410" WIDTH="56" HEIGHT="18" WC="0.93" CONTENT="extra"/><SP WIDTH="22" VPOS="410" HPOS="447"/>
							<String ID="string_86" HPOS="469" VPOS="407" WIDTH="207" HEIGHT="22" WC="0.91" CONTENT="kommunalstämma,"/><SP WIDTH="19" VPOS="407" HPOS="676"/>
							<String ID="string_87" HPOS="695" VPOS="405" WIDTH="22" HEIGHT="20" WC="0.93" CONTENT="sä"/><SP WIDTH="21" VPOS="405" HPOS="717"/>
							<String ID="string_88" HPOS="738" VPOS="406" WIDTH="66" HEIGHT="19" WC="0.83" CONTENT="blefve"/><SP WIDTH="17" VPOS="406" HPOS="804"/>
							<String ID="string_89" HPOS="821" VPOS="405" WIDTH="72" HEIGHT="25" WC="0.94" CONTENT="följden"/><SP WIDTH="13" VPOS="405" HPOS="893"/>
							<String ID="string_90" HPOS="906" VPOS="407" WIDTH="30" HEIGHT="23" WC="0.94" CONTENT="att"/>
						</TextLine>
						<TextLine ID="line_10" HPOS="193" VPOS="431" WIDTH="742" HEIGHT="27">
							<String ID="string_91" HPOS="193" VPOS="434" WIDTH="65" HEIGHT="21" WC="0.88" CONTENT="beslut"/><SP WIDTH="14" VPOS="434" HPOS="258"/>
							<String ID="string_92" HPOS="272" VPOS="440" WIDTH="33" HEIGHT="14" WC="0.36" CONTENT="om"/><SP WIDTH="14" VPOS="440" HPOS="305"/>
							<String ID="string_93" HPOS="319" VPOS="433" WIDTH="109" HEIGHT="25" WC="0.88" CONTENT="uttaxering"/><SP WIDTH="21" VPOS="433" HPOS="428"/>
							<String ID="string_94" HPOS="449" VPOS="434" WIDTH="20" HEIGHT="18" WC="0.96" CONTENT="af"/><SP WIDTH="12" VPOS="434" HPOS="469"/>
							<String ID="string_95" HPOS="481" VPOS="432" WIDTH="85" HEIGHT="22" WC="0.96" CONTENT="nämnde"/><SP WIDTH="17" VPOS="432" HPOS="566"/>
							<String ID="string_96" HPOS="583" VPOS="432" WIDTH="107" HEIGHT="22" WC="0.96" CONTENT="kostnader"/><SP WIDTH="13" VPOS="432" HPOS="690"/>
							<String ID="string_97" HPOS="703" VPOS="431" WIDTH="18" HEIGHT="25" WC="0.96" CONTENT="ej"/><SP WIDTH="21" VPOS="431" HPOS="721"/>
							<String ID="string_98" HPOS="742" VPOS="432" WIDTH="64" HEIGHT="19" WC="0.96" CONTENT="skulle"/><SP WIDTH="13" VPOS="432" HPOS="806"/>
							<String ID="string_99" HPOS="819" VPOS="431" WIDTH="66" HEIGHT="20" WC="0.93" CONTENT="kunna"/><SP WIDTH="10" VPOS="431" HPOS="885"/>
							<String ID="string_100" HPOS="895" VPOS="431" WIDTH="40" HEIGHT="20" WC="0.90" CONTENT="till-"/>
						</TextLine>
						<TextLine ID="line_11" HPOS="194" VPOS="458" WIDTH="741" HEIGHT="27">
							<String ID="string_101" HPOS="194" VPOS="460" WIDTH="132" HEIGHT="25" WC="0.57" CONTENT="vägabringas"/><SP WIDTH="11" VPOS="460" HPOS="326"/>
							<String ID="string_102" HPOS="337" VPOS="460" WIDTH="65" HEIGHT="21" WC="0.48" CONTENT="förrän."/><SP WIDTH="15" VPOS="460" HPOS="402"/>
							<String ID="string_103" HPOS="417" VPOS="459" WIDTH="39" HEIGHT="19" WC="0.95" CONTENT="den"/><SP WIDTH="16" VPOS="459" HPOS="456"/>
							<String ID="string_104" HPOS="472" VPOS="460" WIDTH="4" HEIGHT="18" WC="0.96" CONTENT="i"/><SP WIDTH="9" VPOS="460" HPOS="476"/>
							<String ID="string_105" HPOS="485" VPOS="459" WIDTH="52" HEIGHT="21" WC="0.96" CONTENT="Mars"/><SP WIDTH="14" VPOS="459" HPOS="537"/>
							<String ID="string_106" HPOS="551" VPOS="458" WIDTH="73" HEIGHT="22" WC="0.93" CONTENT="månad"/><SP WIDTH="13" VPOS="458" HPOS="624"/>
							<String ID="string_107" HPOS="637" VPOS="458" WIDTH="115" HEIGHT="20" WC="0.91" CONTENT="inträffande"/><SP WIDTH="10" VPOS="458" HPOS="752"/>
							<String ID="string_108" HPOS="762" VPOS="458" WIDTH="98" HEIGHT="21" WC="0.89" CONTENT="ordinarie"/><SP WIDTH="14" VPOS="458" HPOS="860"/>
							<String ID="string_109" HPOS="874" VPOS="459" WIDTH="61" HEIGHT="20" WC="0.89" CONTENT="stäm-"/>
						</TextLine>
						<TextLine ID="line_12" HPOS="194" VPOS="483" WIDTH="740" HEIGHT="28">
							<String ID="string_110" HPOS="194" VPOS="492" WIDTH="40" HEIGHT="18" WC="0.91" CONTENT="ma,"/><SP WIDTH="15" VPOS="492" HPOS="234"/>
							<String ID="string_111" HPOS="249" VPOS="486" WIDTH="137" HEIGHT="21" WC="0.80" CONTENT="hvarförinnan"/><SP WIDTH="13" VPOS="486" HPOS="386"/>
							<String ID="string_112" HPOS="399" VPOS="486" WIDTH="100" HEIGHT="20" WC="0.75" CONTENT="allaredan"/><SP WIDTH="13" VPOS="486" HPOS="499"/>
							<String ID="string_113" HPOS="512" VPOS="484" WIDTH="149" HEIGHT="27" WC="0.86" CONTENT="årsuppbörden"/><SP WIDTH="14" VPOS="484" HPOS="661"/>
							<String ID="string_114" HPOS="675" VPOS="484" WIDTH="69" HEIGHT="22" WC="0.90" CONTENT="hunnit:"/><SP WIDTH="14" VPOS="484" HPOS="744"/>
							<String ID="string_115" HPOS="758" VPOS="484" WIDTH="67" HEIGHT="21" WC="0.93" CONTENT="hållas."/><SP WIDTH="19" VPOS="484" HPOS="825"/>
							<String ID="string_116" HPOS="844" VPOS="479" WIDTH="3" HEIGHT="36" WC="0.66" CONTENT="="/><SP WIDTH="7" VPOS="479" HPOS="847"/>
							<String ID="string_117" HPOS="854" VPOS="483" WIDTH="35" HEIGHT="22" WC="0.92" CONTENT="Att"/><SP WIDTH="13" VPOS="483" HPOS="889"/>
							<String ID="string_118" HPOS="902" VPOS="489" WIDTH="32" HEIGHT="14" WC="0.51" CONTENT="an."/>
						</TextLine>
						<TextLine ID="line_13" HPOS="194" VPOS="510" WIDTH="742" HEIGHT="28">
							<String ID="string_119" HPOS="194" VPOS="513" WIDTH="57" HEIGHT="21" WC="0.82" CONTENT="ställa"/><SP WIDTH="12" VPOS="513" HPOS="251"/>
							<String ID="string_120" HPOS="263" VPOS="516" WIDTH="57" HEIGHT="16" WC="0.93" CONTENT="extra"/><SP WIDTH="14" VPOS="516" HPOS="320"/>
							<String ID="string_121" HPOS="334" VPOS="512" WIDTH="89" HEIGHT="26" WC="0.89" CONTENT="uppbörd"/><SP WIDTH="16" VPOS="512" HPOS="423"/>
							<String ID="string_122" HPOS="439" VPOS="514" WIDTH="21" HEIGHT="17" WC="0.93" CONTENT="är"/><SP WIDTH="14" VPOS="514" HPOS="460"/>
							<String ID="string_123" HPOS="474" VPOS="515" WIDTH="28" HEIGHT="17" WC="0.93" CONTENT="att"/><SP WIDTH="13" VPOS="515" HPOS="502"/>
							<String ID="string_124" HPOS="515" VPOS="512" WIDTH="86" HEIGHT="25" WC="0.93" CONTENT="förspilla"/><SP WIDTH="14" VPOS="512" HPOS="601"/>
							<String ID="string_125" HPOS="615" VPOS="511" WIDTH="27" HEIGHT="20" WC="0.93" CONTENT="tid"/><SP WIDTH="20" VPOS="511" HPOS="642"/>
							<String ID="string_126" HPOS="662" VPOS="512" WIDTH="39" HEIGHT="19" WC="0.93" CONTENT="och"/><SP WIDTH="15" VPOS="512" HPOS="701"/>
							<String ID="string_127" HPOS="716" VPOS="510" WIDTH="89" HEIGHT="22" WC="0.86" CONTENT="förenadt"/><SP WIDTH="14" VPOS="510" HPOS="805"/>
							<String ID="string_128" HPOS="819" VPOS="510" WIDTH="46" HEIGHT="21" WC="0.93" CONTENT="med"/><SP WIDTH="14" VPOS="510" HPOS="865"/>
							<String ID="string_129" HPOS="879" VPOS="514" WIDTH="57" HEIGHT="22" WC="0.83" CONTENT="mye-"/>
						</TextLine>
						<TextLine ID="line_14" HPOS="194" VPOS="536" WIDTH="736" HEIGHT="27">
							<String ID="string_130" HPOS="194" VPOS="538" WIDTH="37" HEIGHT="22" WC="0.96" CONTENT="ket."/><SP WIDTH="9" VPOS="538" HPOS="231"/>
							<String ID="string_131" HPOS="240" VPOS="539" WIDTH="74" HEIGHT="24" WC="0.93" CONTENT="arbete,"/><SP WIDTH="17" VPOS="539" HPOS="314"/>
							<String ID="string_132" HPOS="331" VPOS="538" WIDTH="95" HEIGHT="22" WC="0.89" CONTENT="hvarmed"/><SP WIDTH="14" VPOS="538" HPOS="426"/>
							<String ID="string_133" HPOS="440" VPOS="539" WIDTH="33" HEIGHT="19" WC="0.96" CONTENT="allt"/><SP WIDTH="13" VPOS="539" HPOS="473"/>
							<String ID="string_134" HPOS="486" VPOS="539" WIDTH="131" HEIGHT="20" WC="0.92" CONTENT="allmänheten"/><SP WIDTH="13" VPOS="539" HPOS="617"/>
							<String ID="string_135" HPOS="630" VPOS="538" WIDTH="43" HEIGHT="24" WC="0.93" CONTENT="föga"/><SP WIDTH="14" VPOS="538" HPOS="673"/>
							<String ID="string_136" HPOS="687" VPOS="537" WIDTH="65" HEIGHT="20" WC="0.82" CONTENT="blefve"/><SP WIDTH="15" VPOS="537" HPOS="752"/>
							<String ID="string_137" HPOS="767" VPOS="536" WIDTH="84" HEIGHT="20" WC="0.96" CONTENT="belåten:"/><SP WIDTH="76" VPOS="536" HPOS="851"/>
							<String ID="string_138" HPOS="927" VPOS="552" WIDTH="3" HEIGHT="3" WC="0.70" CONTENT="a"/>
						</TextLine>
					</TextBlock>
					<TextBlock ID="block_2" HPOS="193" VPOS="563" WIDTH="745" HEIGHT="289">
						<TextLine ID="line_15" HPOS="247" VPOS="563" WIDTH="688" HEIGHT="26">
							<String ID="string_139" HPOS="247" VPOS="565" WIDTH="73" HEIGHT="21" WC="0.96" CONTENT="Vidare"/><SP WIDTH="14" VPOS="565" HPOS="320"/>
							<String ID="string_140" HPOS="334" VPOS="564" WIDTH="130" HEIGHT="21" WC="0.95" CONTENT="förekommer"/><SP WIDTH="17" VPOS="564" HPOS="464"/>
							<String ID="string_141" HPOS="481" VPOS="565" WIDTH="68" HEIGHT="21" WC="0.96" CONTENT="såsom"/><SP WIDTH="13" VPOS="565" HPOS="549"/>
							<String ID="string_142" HPOS="562" VPOS="564" WIDTH="70" HEIGHT="20" WC="0.96" CONTENT="hinder"/><SP WIDTH="18" VPOS="564" HPOS="632"/>
							<String ID="string_143" HPOS="650" VPOS="565" WIDTH="30" HEIGHT="19" WC="0.93" CONTENT="för"/><SP WIDTH="17" VPOS="565" HPOS="680"/>
							<String ID="string_144" HPOS="697" VPOS="563" WIDTH="128" HEIGHT="21" WC="0.50" CONTENT="omförmälda"/><SP WIDTH="20" VPOS="563" HPOS="825"/>
							<String ID="string_145" HPOS="845" VPOS="563" WIDTH="90" HEIGHT="26" WC="0.90" CONTENT="längders"/>
						</TextLine>
						<TextLine ID="line_16" HPOS="193" VPOS="590" WIDTH="742" HEIGHT="28">
							<String ID="string_146" HPOS="193" VPOS="592" WIDTH="120" HEIGHT="25" WC="0.91" CONTENT="granskning"/><SP WIDTH="14" VPOS="592" HPOS="313"/>
							<String ID="string_147" HPOS="327" VPOS="592" WIDTH="5" HEIGHT="18" WC="0.96" CONTENT="i"/><SP WIDTH="15" VPOS="592" HPOS="332"/>
							<String ID="string_148" HPOS="347" VPOS="591" WIDTH="116" HEIGHT="25" WC="0.96" CONTENT="December,"/><SP WIDTH="23" VPOS="591" HPOS="463"/>
							<String ID="string_149" HPOS="486" VPOS="594" WIDTH="28" HEIGHT="16" WC="0.96" CONTENT="att"/><SP WIDTH="16" VPOS="594" HPOS="514"/>
							<String ID="string_150" HPOS="530" VPOS="590" WIDTH="26" HEIGHT="21" WC="0.54" CONTENT="vå"/><SP WIDTH="13" VPOS="590" HPOS="556"/>
							<String ID="string_151" HPOS="569" VPOS="590" WIDTH="210" HEIGHT="21" WC="0.89" CONTENT="kommunalnämnden"/><SP WIDTH="20" VPOS="590" HPOS="779"/>
							<String ID="string_152" HPOS="799" VPOS="590" WIDTH="92" HEIGHT="28" WC="0.96" CONTENT="kommer"/><SP WIDTH="16" VPOS="590" HPOS="891"/>
							<String ID="string_153" HPOS="907" VPOS="592" WIDTH="28" HEIGHT="17" WC="0.96" CONTENT="att"/>
						</TextLine>
						<TextLine ID="line_17" HPOS="193" VPOS="616" WIDTH="745" HEIGHT="28">
							<String ID="string_154" HPOS="193" VPOS="620" WIDTH="80" HEIGHT="24" WC="0.96" CONTENT="utgöras"/><SP WIDTH="14" VPOS="620" HPOS="273"/>
							<String ID="string_155" HPOS="287" VPOS="618" WIDTH="21" HEIGHT="20" WC="0.93" CONTENT="al"/><SP WIDTH="10" VPOS="618" HPOS="308"/>
							<String ID="string_156" HPOS="318" VPOS="617" WIDTH="133" HEIGHT="25" WC="0.95" CONTENT="jordbrukare"/><SP WIDTH="15" VPOS="617" HPOS="451"/>
							<String ID="string_157" HPOS="466" VPOS="618" WIDTH="38" HEIGHT="18" WC="0.96" CONTENT="och"/><SP WIDTH="14" VPOS="618" HPOS="504"/>
							<String ID="string_158" HPOS="518" VPOS="617" WIDTH="59" HEIGHT="20" WC="0.94" CONTENT="dessa"/><SP WIDTH="14" VPOS="617" HPOS="577"/>
							<String ID="string_159" HPOS="591" VPOS="616" WIDTH="62" HEIGHT="20" WC="0.95" CONTENT="under"/><SP WIDTH="18" VPOS="616" HPOS="653"/>
							<String ID="string_160" HPOS="671" VPOS="617" WIDTH="70" HEIGHT="19" WC="0.95" CONTENT="hösten"/><SP WIDTH="18" VPOS="617" HPOS="741"/>
							<String ID="string_161" HPOS="759" VPOS="616" WIDTH="57" HEIGHT="19" WC="0.0" CONTENT="hafva:"/><SP WIDTH="13" VPOS="616" HPOS="816"/>
							<String ID="string_162" HPOS="829" VPOS="621" WIDTH="59" HEIGHT="23" WC="0.76" CONTENT="jemn"/><SP WIDTH="10" VPOS="621" HPOS="888"/>
							<String ID="string_163" HPOS="898" VPOS="616" WIDTH="40" HEIGHT="20" WC="0.85" CONTENT="och"/>
						</TextLine>
						<TextLine ID="line_18" HPOS="195" VPOS="642" WIDTH="742" HEIGHT="28">
							<String ID="string_164" HPOS="191" VPOS="638" WIDTH="88" HEIGHT="36" WC="0.61" CONTENT="ständig:"/><SP WIDTH="7" VPOS="638" HPOS="279"/>
							<String ID="string_165" HPOS="286" VPOS="638" WIDTH="151" HEIGHT="36" WC="0.61" CONTENT="sysselsättning"/><SP WIDTH="15" VPOS="638" HPOS="437"/>
							<String ID="string_166" HPOS="452" VPOS="644" WIDTH="46" HEIGHT="20" WC="0.92" CONTENT="med"/><SP WIDTH="20" VPOS="644" HPOS="498"/>
							<String ID="string_167" HPOS="518" VPOS="644" WIDTH="114" HEIGHT="24" WC="0.91" CONTENT="inbergning"/><SP WIDTH="16" VPOS="644" HPOS="632"/>
							<String ID="string_168" HPOS="648" VPOS="644" WIDTH="20" HEIGHT="19" WC="0.96" CONTENT="af"/><SP WIDTH="15" VPOS="644" HPOS="668"/>
							<String ID="string_169" HPOS="683" VPOS="642" WIDTH="59" HEIGHT="25" WC="0.95" CONTENT="gröda"/><SP WIDTH="15" VPOS="642" HPOS="742"/>
							<String ID="string_170" HPOS="757" VPOS="643" WIDTH="38" HEIGHT="19" WC="0.96" CONTENT="och"/><SP WIDTH="14" VPOS="643" HPOS="795"/>
							<String ID="string_171" HPOS="809" VPOS="642" WIDTH="60" HEIGHT="21" WC="0.93" CONTENT="andre"/><SP WIDTH="12" VPOS="642" HPOS="869"/>
							<String ID="string_172" HPOS="881" VPOS="642" WIDTH="56" HEIGHT="24" WC="0.92" CONTENT="jord-"/>
						</TextLine>
						<TextLine ID="line_19" HPOS="194" VPOS="668" WIDTH="741" HEIGHT="27">
							<String ID="string_173" HPOS="194" VPOS="670" WIDTH="149" HEIGHT="25" WC="0.69" CONTENT="bruksgöromäl"/><SP WIDTH="15" VPOS="670" HPOS="343"/>
							<String ID="string_174" HPOS="358" VPOS="670" WIDTH="19" HEIGHT="18" WC="0.92" CONTENT="af"/><SP WIDTH="13" VPOS="670" HPOS="377"/>
							<String ID="string_175" HPOS="390" VPOS="669" WIDTH="117" HEIGHT="26" WC="0.92" CONTENT="mängfaldig"/><SP WIDTH="15" VPOS="669" HPOS="507"/>
							<String ID="string_176" HPOS="522" VPOS="672" WIDTH="36" HEIGHT="21" WC="0.93" CONTENT="art,"/><SP WIDTH="16" VPOS="672" HPOS="558"/>
							<String ID="string_177" HPOS="574" VPOS="669" WIDTH="75" HEIGHT="19" WC="0.92" CONTENT="hvartill"/><SP WIDTH="11" VPOS="669" HPOS="649"/>
							<String ID="string_178" HPOS="660" VPOS="670" WIDTH="49" HEIGHT="18" WC="0.96" CONTENT="ännu"/><SP WIDTH="16" VPOS="670" HPOS="709"/>
							<String ID="string_179" HPOS="725" VPOS="669" WIDTH="89" HEIGHT="19" WC="0.93" CONTENT="kommer"/><SP WIDTH="12" VPOS="669" HPOS="814"/>
							<String ID="string_180" HPOS="826" VPOS="668" WIDTH="109" HEIGHT="21" WC="0.96" CONTENT="nämndens"/>
						</TextLine>
						<TextLine ID="line_20" HPOS="195" VPOS="694" WIDTH="740" HEIGHT="28">
							<String ID="string_181" HPOS="195" VPOS="696" WIDTH="85" HEIGHT="26" WC="0.95" CONTENT="myckna"/><SP WIDTH="14" VPOS="696" HPOS="280"/>
							<String ID="string_182" HPOS="294" VPOS="697" WIDTH="75" HEIGHT="19" WC="0.95" CONTENT="besvär"/><SP WIDTH="13" VPOS="697" HPOS="369"/>
							<String ID="string_183" HPOS="382" VPOS="696" WIDTH="46" HEIGHT="20" WC="0.96" CONTENT="med"/><SP WIDTH="14" VPOS="696" HPOS="428"/>
							<String ID="string_184" HPOS="442" VPOS="696" WIDTH="130" HEIGHT="23" WC="0.93" CONTENT="kommunens"/><SP WIDTH="20" VPOS="696" HPOS="572"/>
							<String ID="string_185" HPOS="592" VPOS="696" WIDTH="110" HEIGHT="24" WC="0.91" CONTENT="magasiner"/><SP WIDTH="15" VPOS="696" HPOS="702"/>
							<String ID="string_186" HPOS="717" VPOS="700" WIDTH="23" HEIGHT="14" WC="0.79" CONTENT="0;"/><SP WIDTH="12" VPOS="700" HPOS="740"/>
							<String ID="string_187" HPOS="752" VPOS="700" WIDTH="17" HEIGHT="15" WC="0.74" CONTENT="s."/><SP WIDTH="15" VPOS="700" HPOS="769"/>
							<String ID="string_188" HPOS="784" VPOS="700" WIDTH="29" HEIGHT="19" WC="0.91" CONTENT="v.,"/><SP WIDTH="17" VPOS="700" HPOS="813"/>
							<String ID="string_189" HPOS="830" VPOS="694" WIDTH="22" HEIGHT="23" WC="0.96" CONTENT="sä"/><SP WIDTH="14" VPOS="694" HPOS="852"/>
							<String ID="string_190" HPOS="866" VPOS="696" WIDTH="22" HEIGHT="17" WC="0.96" CONTENT="är"/><SP WIDTH="14" VPOS="696" HPOS="888"/>
							<String ID="string_191" HPOS="902" VPOS="695" WIDTH="33" HEIGHT="19" WC="0.96" CONTENT="det"/>
						</TextLine>
						<TextLine ID="line_21" HPOS="195" VPOS="721" WIDTH="743" HEIGHT="25">
							<String ID="string_192" HPOS="195" VPOS="722" WIDTH="44" HEIGHT="20" WC="0.93" CONTENT="icke"/><SP WIDTH="15" VPOS="722" HPOS="239"/>
							<String ID="string_193" HPOS="254" VPOS="722" WIDTH="91" HEIGHT="21" WC="0.96" CONTENT="tänkbart"/><SP WIDTH="13" VPOS="722" HPOS="345"/>
							<String ID="string_194" HPOS="358" VPOS="724" WIDTH="28" HEIGHT="19" WC="0.93" CONTENT="att"/><SP WIDTH="13" VPOS="724" HPOS="386"/>
							<String ID="string_195" HPOS="399" VPOS="722" WIDTH="115" HEIGHT="21" WC="0.93" CONTENT="densamma"/><SP WIDTH="22" VPOS="722" HPOS="514"/>
							<String ID="string_196" HPOS="536" VPOS="722" WIDTH="48" HEIGHT="20" WC="0.68" CONTENT="skall"/><SP WIDTH="15" VPOS="722" HPOS="584"/>
							<String ID="string_197" HPOS="599" VPOS="721" WIDTH="106" HEIGHT="20" WC="0.42" CONTENT="medhinna"/><SP WIDTH="13" VPOS="721" HPOS="705"/>
							<String ID="string_198" HPOS="718" VPOS="721" WIDTH="137" HEIGHT="25" WC="0.91" CONTENT="uppgörandet"/><SP WIDTH="14" VPOS="721" HPOS="855"/>
							<String ID="string_199" HPOS="869" VPOS="721" WIDTH="21" HEIGHT="19" WC="0.91" CONTENT="af"/><SP WIDTH="12" VPOS="721" HPOS="890"/>
							<String ID="string_200" HPOS="902" VPOS="722" WIDTH="36" HEIGHT="20" WC="0.88" CONTENT="be-"/>
						</TextLine>
						<TextLine ID="line_22" HPOS="194" VPOS="747" WIDTH="742" HEIGHT="27">
							<String ID="string_201" HPOS="194" VPOS="748" WIDTH="57" HEIGHT="21" WC="0.96" CONTENT="rörde"/><SP WIDTH="14" VPOS="748" HPOS="251"/>
							<String ID="string_202" HPOS="265" VPOS="748" WIDTH="82" HEIGHT="26" WC="0.91" CONTENT="längder"/><SP WIDTH="10" VPOS="748" HPOS="347"/>
							<String ID="string_203" HPOS="357" VPOS="748" WIDTH="26" HEIGHT="21" WC="0.89" CONTENT="till"/><SP WIDTH="22" VPOS="748" HPOS="383"/>
							<String ID="string_204" HPOS="405" VPOS="748" WIDTH="38" HEIGHT="19" WC="0.95" CONTENT="den"/><SP WIDTH="15" VPOS="748" HPOS="443"/>
							<String ID="string_205" HPOS="458" VPOS="749" WIDTH="108" HEIGHT="24" WC="0.96" CONTENT="föreslagna"/><SP WIDTH="21" VPOS="749" HPOS="566"/>
							<String ID="string_206" HPOS="587" VPOS="748" WIDTH="59" HEIGHT="23" WC="0.94" CONTENT="tiden,"/><SP WIDTH="16" VPOS="748" HPOS="646"/>
							<String ID="string_207" HPOS="662" VPOS="747" WIDTH="22" HEIGHT="19" WC="0.93" CONTENT="sä"/><SP WIDTH="15" VPOS="747" HPOS="684"/>
							<String ID="string_208" HPOS="699" VPOS="747" WIDTH="59" HEIGHT="21" WC="0.92" CONTENT="framt"/><SP WIDTH="16" VPOS="747" HPOS="758"/>
							<String ID="string_209" HPOS="774" VPOS="753" WIDTH="49" HEIGHT="16" WC="0.92" CONTENT="man"/><SP WIDTH="15" VPOS="753" HPOS="823"/>
							<String ID="string_210" HPOS="838" VPOS="748" WIDTH="98" HEIGHT="26" WC="0.92" CONTENT="nemligen"/>
						</TextLine>
						<TextLine ID="line_23" HPOS="193" VPOS="774" WIDTH="743" HEIGHT="26">
							<String ID="string_211" HPOS="193" VPOS="774" WIDTH="44" HEIGHT="21" WC="0.64" CONTENT="icke."/><SP WIDTH="14" VPOS="774" HPOS="237"/>
							<String ID="string_212" HPOS="251" VPOS="775" WIDTH="77" HEIGHT="20" WC="0.96" CONTENT="fordrar"/><SP WIDTH="12" VPOS="775" HPOS="328"/>
							<String ID="string_213" HPOS="340" VPOS="777" WIDTH="30" HEIGHT="19" WC="0.87" CONTENT="att:"/><SP WIDTH="13" VPOS="777" HPOS="370"/>
							<String ID="string_214" HPOS="383" VPOS="774" WIDTH="109" HEIGHT="21" WC="0.96" CONTENT="nämndens"/><SP WIDTH="9" VPOS="774" HPOS="492"/>
							<String ID="string_215" HPOS="501" VPOS="780" WIDTH="48" HEIGHT="20" WC="0.93" CONTENT="egna"/><SP WIDTH="14" VPOS="780" HPOS="549"/>
							<String ID="string_216" HPOS="563" VPOS="774" WIDTH="87" HEIGHT="25" WC="0.95" CONTENT="göromål"/><SP WIDTH="14" VPOS="774" HPOS="650"/>
							<String ID="string_217" HPOS="664" VPOS="774" WIDTH="56" HEIGHT="20" WC="0.93" CONTENT="skola"/><SP WIDTH="9" VPOS="774" HPOS="720"/>
							<String ID="string_218" HPOS="729" VPOS="774" WIDTH="126" HEIGHT="23" WC="0.92" CONTENT="försummas,"/><SP WIDTH="16" VPOS="774" HPOS="855"/>
							<String ID="string_219" HPOS="871" VPOS="774" WIDTH="6" HEIGHT="18" WC="0.93" CONTENT="i"/><SP WIDTH="9" VPOS="774" HPOS="877"/>
							<String ID="string_220" HPOS="886" VPOS="774" WIDTH="50" HEIGHT="22" WC="0.92" CONTENT="hvil-"/>
						</TextLine>
						<TextLine ID="line_24" HPOS="193" VPOS="799" WIDTH="743" HEIGHT="26">
							<String ID="string_221" HPOS="193" VPOS="801" WIDTH="39" HEIGHT="21" WC="0.93" CONTENT="ken"/><SP WIDTH="13" VPOS="801" HPOS="232"/>
							<String ID="string_222" HPOS="245" VPOS="801" WIDTH="94" HEIGHT="21" WC="0.96" CONTENT="händelse"/><SP WIDTH="8" VPOS="801" HPOS="339"/>
							<String ID="string_223" HPOS="347" VPOS="802" WIDTH="92" HEIGHT="18" WC="0.96" CONTENT="intresset"/><SP WIDTH="15" VPOS="802" HPOS="439"/>
							<String ID="string_224" HPOS="454" VPOS="802" WIDTH="29" HEIGHT="19" WC="0.93" CONTENT="för"/><SP WIDTH="9" VPOS="802" HPOS="483"/>
							<String ID="string_225" HPOS="492" VPOS="800" WIDTH="222" HEIGHT="22" WC="0.75" CONTENT="kommunalärenderne"/><SP WIDTH="10" VPOS="800" HPOS="714"/>
							<String ID="string_226" HPOS="724" VPOS="800" WIDTH="60" HEIGHT="20" WC="0.96" CONTENT="redan"/><SP WIDTH="15" VPOS="800" HPOS="784"/>
							<String ID="string_227" HPOS="799" VPOS="802" WIDTH="5" HEIGHT="17" WC="0.87" CONTENT="i"/><SP WIDTH="11" VPOS="802" HPOS="804"/>
							<String ID="string_228" HPOS="815" VPOS="799" WIDTH="66" HEIGHT="26" WC="0.93" CONTENT="början"/><SP WIDTH="10" VPOS="799" HPOS="881"/>
							<String ID="string_229" HPOS="891" VPOS="801" WIDTH="45" HEIGHT="20" WC="0.91" CONTENT="tvif-"/>
						</TextLine>
						<TextLine ID="line_25" HPOS="193" VPOS="828" WIDTH="501" HEIGHT="24">
							<String ID="string_230" HPOS="193" VPOS="828" WIDTH="90" HEIGHT="19" WC="0.92" CONTENT="velsutan"/><SP WIDTH="15" VPOS="828" HPOS="283"/>
							<String ID="string_231" HPOS="298" VPOS="828" WIDTH="79" HEIGHT="18" WC="0.91" CONTENT="komme"/><SP WIDTH="14" VPOS="828" HPOS="377"/>
							<String ID="string_232" HPOS="391" VPOS="830" WIDTH="28" HEIGHT="16" WC="0.93" CONTENT="att"/><SP WIDTH="14" VPOS="830" HPOS="419"/>
							<String ID="string_233" HPOS="433" VPOS="828" WIDTH="73" HEIGHT="20" WC="0.92" CONTENT="svalna."/><SP WIDTH="186" VPOS="828" HPOS="506"/>
							<String ID="string_234" HPOS="692" VPOS="850" WIDTH="2" HEIGHT="2" WC="0.80" CONTENT="N"/>
						</TextLine>
					</TextBlock>
					<TextBlock ID="block_3" HPOS="182" VPOS="852" WIDTH="755" HEIGHT="237">
						<TextLine ID="line_26" HPOS="246" VPOS="852" WIDTH="688" HEIGHT="27">
							<String ID="string_235" HPOS="246" VPOS="853" WIDTH="26" HEIGHT="20" WC="0.95" CONTENT="På"/><SP WIDTH="16" VPOS="853" HPOS="272"/>
							<String ID="string_236" HPOS="288" VPOS="853" WIDTH="79" HEIGHT="20" WC="0.95" CONTENT="anförde"/><SP WIDTH="14" VPOS="853" HPOS="367"/>
							<String ID="string_237" HPOS="381" VPOS="854" WIDTH="40" HEIGHT="19" WC="0.92" CONTENT="skäl"/><SP WIDTH="16" VPOS="854" HPOS="421"/>
							<String ID="string_238" HPOS="437" VPOS="853" WIDTH="28" HEIGHT="20" WC="0.96" CONTENT="får"/><SP WIDTH="18" VPOS="853" HPOS="465"/>
							<String ID="string_239" HPOS="483" VPOS="853" WIDTH="33" HEIGHT="26" WC="0.93" CONTENT="jag"/><SP WIDTH="14" VPOS="853" HPOS="516"/>
							<String ID="string_240" HPOS="530" VPOS="852" WIDTH="71" HEIGHT="21" WC="0.95" CONTENT="föreslå"/><SP WIDTH="18" VPOS="852" HPOS="601"/>
							<String ID="string_241" HPOS="619" VPOS="856" WIDTH="27" HEIGHT="16" WC="0.96" CONTENT="att"/><SP WIDTH="14" VPOS="856" HPOS="646"/>
							<String ID="string_242" HPOS="660" VPOS="852" WIDTH="131" HEIGHT="20" WC="0.93" CONTENT="kommunens"/><SP WIDTH="13" VPOS="852" HPOS="791"/>
							<String ID="string_243" HPOS="804" VPOS="853" WIDTH="79" HEIGHT="25" WC="0.91" CONTENT="utgifts-"/><SP WIDTH="13" VPOS="853" HPOS="883"/>
							<String ID="string_244" HPOS="896" VPOS="854" WIDTH="38" HEIGHT="19" WC="0.96" CONTENT="och"/>
						</TextLine>
						<TextLine ID="line_27" HPOS="193" VPOS="880" WIDTH="742" HEIGHT="25">
							<String ID="string_245" HPOS="193" VPOS="880" WIDTH="126" HEIGHT="19" WC="0.92" CONTENT="inkomststat"/><SP WIDTH="14" VPOS="880" HPOS="319"/>
							<String ID="string_246" HPOS="333" VPOS="880" WIDTH="62" HEIGHT="19" WC="0.93" CONTENT="skulle"/><SP WIDTH="22" VPOS="880" HPOS="395"/>
							<String ID="string_247" HPOS="417" VPOS="881" WIDTH="98" HEIGHT="24" WC="0.90" CONTENT="uppgöras"/><SP WIDTH="17" VPOS="881" HPOS="515"/>
							<String ID="string_248" HPOS="532" VPOS="880" WIDTH="7" HEIGHT="19" WC="0.93" CONTENT="i"/><SP WIDTH="13" VPOS="880" HPOS="539"/>
							<String ID="string_249" HPOS="552" VPOS="880" WIDTH="96" HEIGHT="20" WC="0.92" CONTENT="ordinarie"/><SP WIDTH="20" VPOS="880" HPOS="648"/>
							<String ID="string_250" HPOS="668" VPOS="880" WIDTH="206" HEIGHT="24" WC="0.90" CONTENT="kommunalstämma,"/><SP WIDTH="17" VPOS="880" HPOS="874"/>
							<String ID="string_251" HPOS="891" VPOS="886" WIDTH="44" HEIGHT="13" WC="0.96" CONTENT="som"/>
						</TextLine>
						<TextLine ID="line_28" HPOS="194" VPOS="905" WIDTH="741" HEIGHT="26">
							<String ID="string_252" HPOS="194" VPOS="907" WIDTH="28" HEIGHT="18" WC="0.92" CONTENT="för"/><SP WIDTH="14" VPOS="907" HPOS="222"/>
							<String ID="string_253" HPOS="236" VPOS="905" WIDTH="112" HEIGHT="21" WC="0.96" CONTENT="ändamålet"/><SP WIDTH="13" VPOS="905" HPOS="348"/>
							<String ID="string_254" HPOS="361" VPOS="906" WIDTH="61" HEIGHT="19" WC="0.93" CONTENT="borde"/><SP WIDTH="16" VPOS="906" HPOS="422"/>
							<String ID="string_255" HPOS="438" VPOS="906" WIDTH="60" HEIGHT="20" WC="0.96" CONTENT="hållas"/><SP WIDTH="15" VPOS="906" HPOS="498"/>
							<String ID="string_256" HPOS="513" VPOS="907" WIDTH="5" HEIGHT="17" WC="0.96" CONTENT="i"/><SP WIDTH="15" VPOS="907" HPOS="518"/>
							<String ID="string_257" HPOS="533" VPOS="906" WIDTH="77" HEIGHT="19" WC="0.93" CONTENT="Januari"/><SP WIDTH="15" VPOS="906" HPOS="610"/>
							<String ID="string_258" HPOS="625" VPOS="905" WIDTH="70" HEIGHT="20" WC="0.96" CONTENT="månad"/><SP WIDTH="18" VPOS="905" HPOS="695"/>
							<String ID="string_259" HPOS="713" VPOS="908" WIDTH="51" HEIGHT="17" WC="0.96" CONTENT="samt"/><SP WIDTH="14" VPOS="908" HPOS="764"/>
							<String ID="string_260" HPOS="778" VPOS="908" WIDTH="28" HEIGHT="17" WC="0.93" CONTENT="att"/><SP WIDTH="14" VPOS="908" HPOS="806"/>
							<String ID="string_261" HPOS="820" VPOS="906" WIDTH="115" HEIGHT="25" WC="0.93" CONTENT="gransknin-"/>
						</TextLine>
						<TextLine ID="line_29" HPOS="192" VPOS="931" WIDTH="745" HEIGHT="26">
							<String ID="string_262" HPOS="192" VPOS="937" WIDTH="37" HEIGHT="20" WC="0.95" CONTENT="gen"/><SP WIDTH="15" VPOS="937" HPOS="229"/>
							<String ID="string_263" HPOS="244" VPOS="932" WIDTH="20" HEIGHT="20" WC="0.93" CONTENT="af"/><SP WIDTH="12" VPOS="932" HPOS="264"/>
							<String ID="string_264" HPOS="276" VPOS="932" WIDTH="25" HEIGHT="19" WC="0.93" CONTENT="de"/><SP WIDTH="21" VPOS="932" HPOS="301"/>
							<String ID="string_265" HPOS="322" VPOS="931" WIDTH="149" HEIGHT="25" WC="0.91" CONTENT="ifrågavarande"/><SP WIDTH="17" VPOS="931" HPOS="471"/>
							<String ID="string_266" HPOS="488" VPOS="932" WIDTH="105" HEIGHT="25" WC="0.86" CONTENT="längderne"/><SP WIDTH="21" VPOS="932" HPOS="593"/>
							<String ID="string_267" HPOS="614" VPOS="932" WIDTH="62" HEIGHT="20" WC="0.93" CONTENT="skulle"/><SP WIDTH="16" VPOS="932" HPOS="676"/>
							<String ID="string_268" HPOS="692" VPOS="932" WIDTH="92" HEIGHT="20" WC="0.96" CONTENT="förrättas"/><SP WIDTH="21" VPOS="932" HPOS="784"/>
							<String ID="string_269" HPOS="805" VPOS="932" WIDTH="6" HEIGHT="20" WC="0.85" CONTENT="i"/><SP WIDTH="17" VPOS="932" HPOS="811"/>
							<String ID="string_270" HPOS="828" VPOS="932" WIDTH="74" HEIGHT="20" WC="0.96" CONTENT="medlet"/><SP WIDTH="14" VPOS="932" HPOS="902"/>
							<String ID="string_271" HPOS="916" VPOS="933" WIDTH="21" HEIGHT="18" WC="0.97" CONTENT="af"/>
						</TextLine>
						<TextLine ID="line_30" HPOS="192" VPOS="957" WIDTH="742" HEIGHT="26">
							<String ID="string_272" HPOS="192" VPOS="957" WIDTH="92" HEIGHT="21" WC="0.90" CONTENT="Februari"/><SP WIDTH="15" VPOS="957" HPOS="284"/>
							<String ID="string_273" HPOS="299" VPOS="957" WIDTH="77" HEIGHT="26" WC="0.93" CONTENT="månad,"/><SP WIDTH="10" VPOS="957" HPOS="376"/>
							<String ID="string_274" HPOS="386" VPOS="958" WIDTH="86" HEIGHT="21" WC="0.96" CONTENT="hvarvid"/><SP WIDTH="14" VPOS="958" HPOS="472"/>
							<String ID="string_275" HPOS="486" VPOS="958" WIDTH="59" HEIGHT="21" WC="0.96" CONTENT="äfven"/><SP WIDTH="11" VPOS="958" HPOS="545"/>
							<String ID="string_276" HPOS="556" VPOS="958" WIDTH="225" HEIGHT="21" WC="0.78" CONTENT="kommunalnämndens."/><SP WIDTH="12" VPOS="958" HPOS="781"/>
							<String ID="string_277" HPOS="793" VPOS="957" WIDTH="141" HEIGHT="20" WC="0.92" CONTENT="ärsberättelse"/>
						</TextLine>
						<TextLine ID="line_31" HPOS="193" VPOS="983" WIDTH="739" HEIGHT="26">
							<String ID="string_278" HPOS="193" VPOS="984" WIDTH="37" HEIGHT="20" WC="0.96" CONTENT="och"/><SP WIDTH="14" VPOS="984" HPOS="230"/>
							<String ID="string_279" HPOS="244" VPOS="984" WIDTH="124" HEIGHT="25" WC="0.96" CONTENT="redovisning"/><SP WIDTH="15" VPOS="984" HPOS="368"/>
							<String ID="string_280" HPOS="383" VPOS="985" WIDTH="28" HEIGHT="18" WC="0.96" CONTENT="för"/><SP WIDTH="14" VPOS="985" HPOS="411"/>
							<String ID="string_281" HPOS="425" VPOS="983" WIDTH="118" HEIGHT="25" WC="0.96" CONTENT="föregående"/><SP WIDTH="21" VPOS="983" HPOS="543"/>
							<String ID="string_282" HPOS="564" VPOS="983" WIDTH="54" HEIGHT="20" WC="0.95" CONTENT="årets"/><SP WIDTH="14" VPOS="983" HPOS="618"/>
							<String ID="string_283" HPOS="632" VPOS="984" WIDTH="118" HEIGHT="24" WC="0.96" CONTENT="förvaltning"/><SP WIDTH="9" VPOS="984" HPOS="750"/>
							<String ID="string_284" HPOS="759" VPOS="984" WIDTH="70" HEIGHT="20" WC="0.79" CONTENT="kunde"/><SP WIDTH="12" VPOS="984" HPOS="829"/>
							<String ID="string_285" HPOS="841" VPOS="984" WIDTH="91" HEIGHT="25" WC="0.79" CONTENT="afgifvas."/>
						</TextLine>
						<TextLine ID="line_32" HPOS="182" VPOS="1010" WIDTH="752" HEIGHT="21">
							<String ID="string_286" HPOS="182" VPOS="1011" WIDTH="3" HEIGHT="3" WC="0.86" CONTENT="*"/><SP WIDTH="8" VPOS="1011" HPOS="185"/>
							<String ID="string_287" HPOS="193" VPOS="1010" WIDTH="88" HEIGHT="21" WC="0.80" CONTENT="Sulunda"/><SP WIDTH="20" VPOS="1010" HPOS="281"/>
							<String ID="string_288" HPOS="301" VPOS="1010" WIDTH="80" HEIGHT="21" WC="0.95" CONTENT="komme"/><SP WIDTH="19" VPOS="1010" HPOS="381"/>
							<String ID="string_289" HPOS="400" VPOS="1010" WIDTH="25" HEIGHT="20" WC="0.92" CONTENT="«de"/><SP WIDTH="17" VPOS="1010" HPOS="425"/>
							<String ID="string_290" HPOS="442" VPOS="1011" WIDTH="97" HEIGHT="19" WC="0.91" CONTENT="ordinarie"/><SP WIDTH="16" VPOS="1011" HPOS="539"/>
							<String ID="string_291" HPOS="555" VPOS="1010" WIDTH="236" HEIGHT="21" WC="0.85" CONTENT="kommunalstämmorna"/><SP WIDTH="17" VPOS="1010" HPOS="791"/>
							<String ID="string_292" HPOS="808" VPOS="1012" WIDTH="28" HEIGHT="18" WC="0.94" CONTENT="att"/><SP WIDTH="13" VPOS="1012" HPOS="836"/>
							<String ID="string_293" HPOS="849" VPOS="1010" WIDTH="66" HEIGHT="21" WC="0.94" CONTENT="hållas"/><SP WIDTH="14" VPOS="1010" HPOS="915"/>
							<String ID="string_294" HPOS="929" VPOS="1011" WIDTH="5" HEIGHT="18" WC="0.96" CONTENT="i"/>
						</TextLine>
						<TextLine ID="line_33" HPOS="192" VPOS="1036" WIDTH="742" HEIGHT="25">
							<String ID="string_295" HPOS="192" VPOS="1037" WIDTH="86" HEIGHT="23" WC="0.96" CONTENT="Januari,"/><SP WIDTH="17" VPOS="1037" HPOS="278"/>
							<String ID="string_296" HPOS="295" VPOS="1037" WIDTH="95" HEIGHT="19" WC="0.96" CONTENT="Februari"/><SP WIDTH="12" VPOS="1037" HPOS="390"/>
							<String ID="string_297" HPOS="402" VPOS="1037" WIDTH="37" HEIGHT="20" WC="0.93" CONTENT="och"/><SP WIDTH="12" VPOS="1037" HPOS="439"/>
							<String ID="string_298" HPOS="451" VPOS="1037" WIDTH="119" HEIGHT="24" WC="0.92" CONTENT="Septemper"/><SP WIDTH="8" VPOS="1037" HPOS="570"/>
							<String ID="string_299" HPOS="578" VPOS="1036" WIDTH="101" HEIGHT="21" WC="0.96" CONTENT="månader."/><SP WIDTH="29" VPOS="1036" HPOS="679"/>
							<String ID="string_300" HPOS="708" VPOS="1037" WIDTH="67" HEIGHT="20" WC="0.92" CONTENT="Under"/><SP WIDTH="12" VPOS="1037" HPOS="775"/>
							<String ID="string_301" HPOS="787" VPOS="1037" WIDTH="147" HEIGHT="20" WC="0.89" CONTENT="mellantiderne"/>
						</TextLine>
						<TextLine ID="line_34" HPOS="193" VPOS="1062" WIDTH="612" HEIGHT="27">
							<String ID="string_302" HPOS="193" VPOS="1063" WIDTH="61" HEIGHT="21" WC="0.72" CONTENT="skulle."/><SP WIDTH="14" VPOS="1063" HPOS="254"/>
							<String ID="string_303" HPOS="268" VPOS="1062" WIDTH="58" HEIGHT="24" WC="0.86" CONTENT="dock,"/><SP WIDTH="17" VPOS="1062" HPOS="326"/>
							<String ID="string_304" HPOS="343" VPOS="1063" WIDTH="4" HEIGHT="18" WC="0.93" CONTENT="i"/><SP WIDTH="15" VPOS="1063" HPOS="347"/>
							<String ID="string_305" HPOS="362" VPOS="1063" WIDTH="66" HEIGHT="21" WC="0.88" CONTENT="fall:af"/><SP WIDTH="11" VPOS="1063" HPOS="428"/>
							<String ID="string_306" HPOS="439" VPOS="1063" WIDTH="67" HEIGHT="26" WC="0.91" CONTENT="behof,"/><SP WIDTH="15" VPOS="1063" HPOS="506"/>
							<String ID="string_307" HPOS="521" VPOS="1065" WIDTH="57" HEIGHT="18" WC="0.94" CONTENT="extra"/><SP WIDTH="14" VPOS="1065" HPOS="578"/>
							<String ID="string_308" HPOS="592" VPOS="1066" WIDTH="98" HEIGHT="17" WC="0.94" CONTENT="stämmor"/><SP WIDTH="13" VPOS="1066" HPOS="690"/>
							<String ID="string_309" HPOS="703" VPOS="1062" WIDTH="19" HEIGHT="21" WC="0.21" CONTENT="få"/><SP WIDTH="14" VPOS="1062" HPOS="722"/>
							<String ID="string_310" HPOS="736" VPOS="1062" WIDTH="69" HEIGHT="21" WC="0.21" CONTENT="hållas."/>
						</TextLine>
					</TextBlock>
					<TextBlock ID="block_4" HPOS="192" VPOS="1089" WIDTH="742" HEIGHT="132">
						<TextLine ID="line_35" HPOS="246" VPOS="1089" WIDTH="687" HEIGHT="26">
							<String ID="string_311" HPOS="246" VPOS="1089" WIDTH="59" HEIGHT="20" WC="0.93" CONTENT="Emot"/><SP WIDTH="13" VPOS="1089" HPOS="305"/>
							<String ID="string_312" HPOS="318" VPOS="1089" WIDTH="10" HEIGHT="24" WC="0.93" CONTENT="$"/><SP WIDTH="14" VPOS="1089" HPOS="328"/>
							<String ID="string_313" HPOS="342" VPOS="1090" WIDTH="25" HEIGHT="19" WC="0.95" CONTENT="64"/><SP WIDTH="14" VPOS="1090" HPOS="367"/>
							<String ID="string_314" HPOS="381" VPOS="1089" WIDTH="64" HEIGHT="21" WC="0.91" CONTENT="finner"/><SP WIDTH="11" VPOS="1089" HPOS="445"/>
							<String ID="string_315" HPOS="456" VPOS="1089" WIDTH="32" HEIGHT="26" WC="0.96" CONTENT="jag"/><SP WIDTH="21" VPOS="1089" HPOS="488"/>
							<String ID="string_316" HPOS="509" VPOS="1089" WIDTH="39" HEIGHT="26" WC="0.95" CONTENT="mig"/><SP WIDTH="14" VPOS="1089" HPOS="548"/>
							<String ID="string_317" HPOS="562" VPOS="1089" WIDTH="47" HEIGHT="20" WC="0.96" CONTENT="böra"/><SP WIDTH="15" VPOS="1089" HPOS="609"/>
							<String ID="string_318" HPOS="624" VPOS="1089" WIDTH="92" HEIGHT="20" WC="0.95" CONTENT="anmärka"/><SP WIDTH="18" VPOS="1089" HPOS="716"/>
							<String ID="string_319" HPOS="734" VPOS="1091" WIDTH="28" HEIGHT="18" WC="0.95" CONTENT="att"/><SP WIDTH="18" VPOS="1091" HPOS="762"/>
							<String ID="string_320" HPOS="780" VPOS="1089" WIDTH="33" HEIGHT="26" WC="0.96" CONTENT="jag"/><SP WIDTH="15" VPOS="1089" HPOS="813"/>
							<String ID="string_321" HPOS="828" VPOS="1095" WIDTH="58" HEIGHT="15" WC="0.96" CONTENT="anser"/><SP WIDTH="13" VPOS="1095" HPOS="886"/>
							<String ID="string_322" HPOS="899" VPOS="1089" WIDTH="34" HEIGHT="21" WC="0.95" CONTENT="det"/>
						</TextLine>
						<TextLine ID="line_36" HPOS="192" VPOS="1115" WIDTH="742" HEIGHT="26">
							<String ID="string_323" HPOS="192" VPOS="1121" WIDTH="50" HEIGHT="18" WC="0.91" CONTENT="vara"/><SP WIDTH="12" VPOS="1121" HPOS="242"/>
							<String ID="string_324" HPOS="254" VPOS="1116" WIDTH="88" HEIGHT="19" WC="0.91" CONTENT="förenadt"/><SP WIDTH="13" VPOS="1116" HPOS="342"/>
							<String ID="string_325" HPOS="355" VPOS="1115" WIDTH="46" HEIGHT="20" WC="0.96" CONTENT="med"/><SP WIDTH="14" VPOS="1115" HPOS="401"/>
							<String ID="string_326" HPOS="415" VPOS="1116" WIDTH="73" HEIGHT="20" WC="0.96" CONTENT="besvär"/><SP WIDTH="14" VPOS="1116" HPOS="488"/>
							<String ID="string_327" HPOS="502" VPOS="1117" WIDTH="38" HEIGHT="19" WC="0.96" CONTENT="och"/><SP WIDTH="14" VPOS="1117" HPOS="540"/>
							<String ID="string_328" HPOS="554" VPOS="1115" WIDTH="144" HEIGHT="26" WC="0.96" CONTENT="förvecklingar"/><SP WIDTH="13" VPOS="1115" HPOS="698"/>
							<String ID="string_329" HPOS="711" VPOS="1116" WIDTH="29" HEIGHT="19" WC="0.93" CONTENT="för"/><SP WIDTH="12" VPOS="1116" HPOS="740"/>
							<String ID="string_330" HPOS="752" VPOS="1115" WIDTH="182" HEIGHT="22" WC="0.84" CONTENT="kommunalnämn-"/>
						</TextLine>
						<TextLine ID="line_37" HPOS="192" VPOS="1141" WIDTH="741" HEIGHT="27">
							<String ID="string_331" HPOS="192" VPOS="1141" WIDTH="38" HEIGHT="20" WC="0.92" CONTENT="den"/><SP WIDTH="15" VPOS="1141" HPOS="230"/>
							<String ID="string_332" HPOS="245" VPOS="1141" WIDTH="63" HEIGHT="21" WC="0.57" CONTENT="att:af"/><SP WIDTH="11" VPOS="1141" HPOS="308"/>
							<String ID="string_333" HPOS="319" VPOS="1142" WIDTH="39" HEIGHT="20" WC="0.93" CONTENT="den"/><SP WIDTH="21" VPOS="1142" HPOS="358"/>
							<String ID="string_334" HPOS="379" VPOS="1141" WIDTH="100" HEIGHT="22" WC="0.68" CONTENT="som:från"/><SP WIDTH="21" VPOS="1141" HPOS="479"/>
							<String ID="string_335" HPOS="500" VPOS="1143" WIDTH="122" HEIGHT="19" WC="0.92" CONTENT="kommunen"/><SP WIDTH="16" VPOS="1143" HPOS="622"/>
							<String ID="string_336" HPOS="638" VPOS="1142" WIDTH="87" HEIGHT="26" WC="0.53" CONTENT="utilyttat"/><SP WIDTH="20" VPOS="1142" HPOS="725"/>
							<String ID="string_337" HPOS="745" VPOS="1142" WIDTH="6" HEIGHT="22" WC="0.96" CONTENT="i"/><SP WIDTH="13" VPOS="1142" HPOS="751"/>
							<String ID="string_338" HPOS="764" VPOS="1141" WIDTH="68" HEIGHT="26" WC="0.96" CONTENT="början"/><SP WIDTH="17" VPOS="1141" HPOS="832"/>
							<String ID="string_339" HPOS="849" VPOS="1143" WIDTH="21" HEIGHT="19" WC="0.95" CONTENT="af"/><SP WIDTH="12" VPOS="1143" HPOS="870"/>
							<String ID="string_340" HPOS="882" VPOS="1142" WIDTH="51" HEIGHT="25" WC="0.96" CONTENT="året,"/>
						</TextLine>
						<TextLine ID="line_38" HPOS="192" VPOS="1167" WIDTH="742" HEIGHT="28">
							<String ID="string_341" HPOS="192" VPOS="1168" WIDTH="71" HEIGHT="19" WC="0.92" CONTENT="utsöka"/><SP WIDTH="13" VPOS="1168" HPOS="263"/>
							<String ID="string_342" HPOS="276" VPOS="1167" WIDTH="38" HEIGHT="20" WC="0.93" CONTENT="den"/><SP WIDTH="14" VPOS="1167" HPOS="314"/>
							<String ID="string_343" HPOS="328" VPOS="1168" WIDTH="53" HEIGHT="25" WC="0.92" CONTENT="afgift"/><SP WIDTH="14" VPOS="1168" HPOS="381"/>
							<String ID="string_344" HPOS="395" VPOS="1174" WIDTH="134" HEIGHT="15" WC="0.83" CONTENT="som&#39;samma"/><SP WIDTH="15" VPOS="1174" HPOS="529"/>
							<String ID="string_345" HPOS="544" VPOS="1168" WIDTH="22" HEIGHT="19" WC="0.96" CONTENT="är"/><SP WIDTH="13" VPOS="1168" HPOS="566"/>
							<String ID="string_346" HPOS="579" VPOS="1169" WIDTH="68" HEIGHT="20" WC="0.96" CONTENT="hunnit"/><SP WIDTH="14" VPOS="1169" HPOS="647"/>
							<String ID="string_347" HPOS="661" VPOS="1169" WIDTH="72" HEIGHT="19" WC="0.96" CONTENT="honom"/><SP WIDTH="14" VPOS="1169" HPOS="733"/>
							<String ID="string_348" HPOS="747" VPOS="1169" WIDTH="86" HEIGHT="26" WC="0.96" CONTENT="påföras,"/><SP WIDTH="16" VPOS="1169" HPOS="833"/>
							<String ID="string_349" HPOS="849" VPOS="1169" WIDTH="39" HEIGHT="21" WC="0.93" CONTENT="och"/><SP WIDTH="13" VPOS="1169" HPOS="888"/>
							<String ID="string_350" HPOS="901" VPOS="1175" WIDTH="33" HEIGHT="20" WC="0.93" CONTENT="yr-"/>
						</TextLine>
						<TextLine ID="line_39" HPOS="192" VPOS="1193" WIDTH="423" HEIGHT="28">
							<String ID="string_351" HPOS="192" VPOS="1193" WIDTH="37" HEIGHT="22" WC="0.96" CONTENT="kar"/><SP WIDTH="11" VPOS="1193" HPOS="229"/>
							<String ID="string_352" HPOS="240" VPOS="1188" WIDTH="39" HEIGHT="37" WC="0.38" CONTENT="jag:"/><SP WIDTH="7" VPOS="1188" HPOS="279"/>
							<String ID="string_353" HPOS="286" VPOS="1195" WIDTH="53" HEIGHT="26" WC="0.38" CONTENT="förty"/><SP WIDTH="17" VPOS="1195" HPOS="339"/>
							<String ID="string_354" HPOS="356" VPOS="1197" WIDTH="27" HEIGHT="16" WC="0.93" CONTENT="att"/><SP WIDTH="14" VPOS="1197" HPOS="383"/>
							<String ID="string_355" HPOS="397" VPOS="1194" WIDTH="86" HEIGHT="25" WC="0.74" CONTENT="denria.:$"/><SP WIDTH="15" VPOS="1194" HPOS="483"/>
							<String ID="string_356" HPOS="498" VPOS="1195" WIDTH="49" HEIGHT="20" WC="0.93" CONTENT="skall"/><SP WIDTH="15" VPOS="1195" HPOS="547"/>
							<String ID="string_357" HPOS="562" VPOS="1195" WIDTH="53" HEIGHT="26" WC="0.96" CONTENT="utgå."/>
						</TextLine>
					</TextBlock>
					<TextBlock ID="block_5" HPOS="180" VPOS="1220" WIDTH="754" HEIGHT="237">
						<TextLine ID="line_40" HPOS="245" VPOS="1220" WIDTH="689" HEIGHT="26">
							<String ID="string_358" HPOS="245" VPOS="1221" WIDTH="154" HEIGHT="20" WC="0.79" CONTENT="Vidkammande"/><SP WIDTH="14" VPOS="1221" HPOS="399"/>
							<String ID="string_359" HPOS="413" VPOS="1221" WIDTH="11" HEIGHT="24" WC="0.92" CONTENT="$"/><SP WIDTH="13" VPOS="1221" HPOS="424"/>
							<String ID="string_360" HPOS="437" VPOS="1221" WIDTH="27" HEIGHT="19" WC="0.96" CONTENT="66"/><SP WIDTH="13" VPOS="1221" HPOS="464"/>
							<String ID="string_361" HPOS="477" VPOS="1226" WIDTH="59" HEIGHT="16" WC="0.95" CONTENT="anser"/><SP WIDTH="12" VPOS="1226" HPOS="536"/>
							<String ID="string_362" HPOS="548" VPOS="1220" WIDTH="31" HEIGHT="26" WC="0.95" CONTENT="jag"/><SP WIDTH="17" VPOS="1220" HPOS="579"/>
							<String ID="string_363" HPOS="596" VPOS="1221" WIDTH="34" HEIGHT="19" WC="0.95" CONTENT="det"/><SP WIDTH="14" VPOS="1221" HPOS="630"/>
							<String ID="string_364" HPOS="644" VPOS="1227" WIDTH="47" HEIGHT="14" WC="0.93" CONTENT="vara"/><SP WIDTH="16" VPOS="1227" HPOS="691"/>
							<String ID="string_365" HPOS="707" VPOS="1221" WIDTH="88" HEIGHT="20" WC="0.92" CONTENT="förenadt"/><SP WIDTH="13" VPOS="1221" HPOS="795"/>
							<String ID="string_366" HPOS="808" VPOS="1222" WIDTH="47" HEIGHT="20" WC="0.93" CONTENT="med"/><SP WIDTH="14" VPOS="1222" HPOS="855"/>
							<String ID="string_367" HPOS="869" VPOS="1221" WIDTH="65" HEIGHT="21" WC="0.93" CONTENT="alltför"/>
						</TextLine>
						<TextLine ID="line_41" HPOS="192" VPOS="1245" WIDTH="742" HEIGHT="26">
							<String ID="string_368" HPOS="192" VPOS="1245" WIDTH="43" HEIGHT="26" WC="0.93" CONTENT="lång"/><SP WIDTH="13" VPOS="1245" HPOS="235"/>
							<String ID="string_369" HPOS="248" VPOS="1246" WIDTH="117" HEIGHT="25" WC="0.92" CONTENT="tidsutdrägt"/><SP WIDTH="20" VPOS="1246" HPOS="365"/>
							<String ID="string_370" HPOS="385" VPOS="1249" WIDTH="29" HEIGHT="17" WC="0.96" CONTENT="att"/><SP WIDTH="13" VPOS="1249" HPOS="414"/>
							<String ID="string_371" HPOS="427" VPOS="1251" WIDTH="75" HEIGHT="20" WC="0.93" CONTENT="genom"/><SP WIDTH="18" VPOS="1251" HPOS="502"/>
							<String ID="string_372" HPOS="520" VPOS="1247" WIDTH="135" HEIGHT="24" WC="0.86" CONTENT="kronofogden"/><SP WIDTH="21" VPOS="1247" HPOS="655"/>
							<String ID="string_373" HPOS="676" VPOS="1247" WIDTH="83" HEIGHT="20" WC="0.92" CONTENT="indrifva"/><SP WIDTH="13" VPOS="1247" HPOS="759"/>
							<String ID="string_374" HPOS="772" VPOS="1247" WIDTH="92" HEIGHT="20" WC="0.65" CONTENT="obetalle"/><SP WIDTH="13" VPOS="1247" HPOS="864"/>
							<String ID="string_375" HPOS="877" VPOS="1247" WIDTH="57" HEIGHT="20" WC="0.90" CONTENT="kom-"/>
						</TextLine>
						<TextLine ID="line_42" HPOS="192" VPOS="1271" WIDTH="742" HEIGHT="26">
							<String ID="string_376" HPOS="192" VPOS="1272" WIDTH="148" HEIGHT="24" WC="0.69" CONTENT="munalafgifter."/><SP WIDTH="29" VPOS="1272" HPOS="340"/>
							<String ID="string_377" HPOS="369" VPOS="1272" WIDTH="8" HEIGHT="19" WC="0.62" CONTENT="I"/><SP WIDTH="14" VPOS="1272" HPOS="377"/>
							<String ID="string_378" HPOS="391" VPOS="1272" WIDTH="37" HEIGHT="20" WC="0.88" CONTENT="den"/><SP WIDTH="15" VPOS="1272" HPOS="428"/>
							<String ID="string_379" HPOS="443" VPOS="1273" WIDTH="74" HEIGHT="20" WC="0.96" CONTENT="socken"/><SP WIDTH="19" VPOS="1273" HPOS="517"/>
							<String ID="string_380" HPOS="536" VPOS="1271" WIDTH="33" HEIGHT="26" WC="0.96" CONTENT="jag"/><SP WIDTH="16" VPOS="1271" HPOS="569"/>
							<String ID="string_381" HPOS="585" VPOS="1275" WIDTH="22" HEIGHT="16" WC="0.88" CONTENT="är"/><SP WIDTH="16" VPOS="1275" HPOS="607"/>
							<String ID="string_382" HPOS="623" VPOS="1273" WIDTH="77" HEIGHT="19" WC="0.68" CONTENT="boende:"/><SP WIDTH="20" VPOS="1273" HPOS="700"/>
							<String ID="string_383" HPOS="720" VPOS="1273" WIDTH="96" HEIGHT="20" WC="0.0" CONTENT="indrifvas"/><SP WIDTH="20" VPOS="1273" HPOS="816"/>
							<String ID="string_384" HPOS="836" VPOS="1273" WIDTH="32" HEIGHT="20" WC="0.93" CONTENT="län"/><SP WIDTH="15" VPOS="1273" HPOS="868"/>
							<String ID="string_385" HPOS="883" VPOS="1273" WIDTH="51" HEIGHT="20" WC="0.96" CONTENT="ifrån"/>
						</TextLine>
						<TextLine ID="line_43" HPOS="191" VPOS="1297" WIDTH="741" HEIGHT="28">
							<String ID="string_386" HPOS="191" VPOS="1297" WIDTH="190" HEIGHT="26" WC="0.69" CONTENT="faltigmägasinerne"/><SP WIDTH="18" VPOS="1297" HPOS="381"/>
							<String ID="string_387" HPOS="399" VPOS="1298" WIDTH="121" HEIGHT="21" WC="0.95" CONTENT="omedelbart"/><SP WIDTH="20" VPOS="1298" HPOS="520"/>
							<String ID="string_388" HPOS="540" VPOS="1299" WIDTH="20" HEIGHT="20" WC="0.93" CONTENT="af"/><SP WIDTH="17" VPOS="1299" HPOS="560"/>
							<String ID="string_389" HPOS="577" VPOS="1299" WIDTH="207" HEIGHT="26" WC="0.80" CONTENT="magasinsstyrelsen."/><SP WIDTH="31" VPOS="1299" HPOS="784"/>
							<String ID="string_390" HPOS="815" VPOS="1299" WIDTH="117" HEIGHT="26" WC="0.51" CONTENT="Magasinets"/>
						</TextLine>
						<TextLine ID="line_44" HPOS="190" VPOS="1324" WIDTH="744" HEIGHT="28">
							<String ID="string_391" HPOS="190" VPOS="1327" WIDTH="76" HEIGHT="25" WC="0.95" CONTENT="mätare"/><SP WIDTH="12" VPOS="1327" HPOS="266"/>
							<String ID="string_392" HPOS="278" VPOS="1325" WIDTH="39" HEIGHT="21" WC="0.50" CONTENT="är"/><SP WIDTH="10" VPOS="1325" HPOS="317"/>
							<String ID="string_393" HPOS="327" VPOS="1328" WIDTH="125" HEIGHT="21" WC="0.85" CONTENT="executorer"/><SP WIDTH="-4" VPOS="1328" HPOS="452"/>
							<String ID="string_394" HPOS="448" VPOS="1319" WIDTH="19" HEIGHT="37" WC="0.77" CONTENT=";-"/><SP WIDTH="1" VPOS="1319" HPOS="467"/>
							<String ID="string_395" HPOS="468" VPOS="1325" WIDTH="52" HEIGHT="21" WC="0.91" CONTENT="allt"/><SP WIDTH="-5" VPOS="1325" HPOS="520"/>
							<String ID="string_396" HPOS="515" VPOS="1319" WIDTH="14" HEIGHT="37" WC="0.92" CONTENT="i"/><SP WIDTH="6" VPOS="1319" HPOS="529"/>
							<String ID="string_397" HPOS="535" VPOS="1325" WIDTH="44" HEIGHT="20" WC="0.96" CONTENT="stöd"/><SP WIDTH="17" VPOS="1325" HPOS="579"/>
							<String ID="string_398" HPOS="596" VPOS="1325" WIDTH="21" HEIGHT="21" WC="0.71" CONTENT="af"/><SP WIDTH="16" VPOS="1325" HPOS="617"/>
							<String ID="string_399" HPOS="633" VPOS="1326" WIDTH="127" HEIGHT="25" WC="0.74" CONTENT="reglemente,"/><SP WIDTH="16" VPOS="1326" HPOS="760"/>
							<String ID="string_400" HPOS="776" VPOS="1324" WIDTH="45" HEIGHT="23" WC="0.71" CONTENT="som:"/><SP WIDTH="10" VPOS="1324" HPOS="821"/>
							<String ID="string_401" HPOS="831" VPOS="1325" WIDTH="71" HEIGHT="22" WC="0.52" CONTENT="blifvit"/><SP WIDTH="12" VPOS="1325" HPOS="902"/>
							<String ID="string_402" HPOS="914" VPOS="1327" WIDTH="20" HEIGHT="20" WC="0.96" CONTENT="af"/>
						</TextLine>
						<TextLine ID="line_45" HPOS="180" VPOS="1351" WIDTH="754" HEIGHT="29">
							<String ID="string_403" HPOS="190" VPOS="1351" WIDTH="115" HEIGHT="29" WC="0.77" CONTENT="regeringen"/><SP WIDTH="10" VPOS="1351" HPOS="305"/>
							<String ID="string_404" HPOS="315" VPOS="1351" WIDTH="103" HEIGHT="21" WC="0.16" CONTENT="fäsiställt."/><SP WIDTH="29" VPOS="1351" HPOS="418"/>
							<String ID="string_405" HPOS="447" VPOS="1352" WIDTH="44" HEIGHT="20" WC="0.95" CONTENT="Och"/><SP WIDTH="13" VPOS="1352" HPOS="491"/>
							<String ID="string_406" HPOS="504" VPOS="1352" WIDTH="8" HEIGHT="20" WC="0.96" CONTENT="i"/><SP WIDTH="7" VPOS="1352" HPOS="512"/>
							<String ID="string_407" HPOS="519" VPOS="1352" WIDTH="69" HEIGHT="25" WC="0.96" CONTENT="grund"/><SP WIDTH="11" VPOS="1352" HPOS="588"/>
							<String ID="string_408" HPOS="599" VPOS="1352" WIDTH="21" HEIGHT="19" WC="0.93" CONTENT="af"/><SP WIDTH="10" VPOS="1352" HPOS="620"/>
							<String ID="string_409" HPOS="630" VPOS="1351" WIDTH="40" HEIGHT="22" WC="0.65" CONTENT="den"/><SP WIDTH="10" VPOS="1351" HPOS="670"/>
							<String ID="string_410" HPOS="680" VPOS="1352" WIDTH="30" HEIGHT="19" WC="0.93" CONTENT="för"/><SP WIDTH="8" VPOS="1352" HPOS="710"/>
							<String ID="string_411" HPOS="718" VPOS="1353" WIDTH="67" HEIGHT="21" WC="0.89" CONTENT="Ilmola"/><SP WIDTH="14" VPOS="1353" HPOS="785"/>
							<String ID="string_412" HPOS="799" VPOS="1353" WIDTH="78" HEIGHT="21" WC="0.91" CONTENT="socken"/><SP WIDTH="7" VPOS="1353" HPOS="877"/>
							<String ID="string_413" HPOS="884" VPOS="1353" WIDTH="50" HEIGHT="22" WC="0.87" CONTENT="fast-"/>
						</TextLine>
						<TextLine ID="line_46" HPOS="190" VPOS="1377" WIDTH="742" HEIGHT="30">
							<String ID="string_414" HPOS="190" VPOS="1377" WIDTH="68" HEIGHT="29" WC="0.93" CONTENT="ställda"/><SP WIDTH="8" VPOS="1377" HPOS="258"/>
							<String ID="string_415" HPOS="266" VPOS="1377" WIDTH="127" HEIGHT="30" WC="0.51" CONTENT="-byaoedning"/><SP WIDTH="14" VPOS="1377" HPOS="393"/>
							<String ID="string_416" HPOS="407" VPOS="1380" WIDTH="34" HEIGHT="24" WC="0.92" CONTENT="äga"/><SP WIDTH="10" VPOS="1380" HPOS="441"/>
							<String ID="string_417" HPOS="451" VPOS="1379" WIDTH="179" HEIGHT="26" WC="0.81" CONTENT="byaäldermännen"/><SP WIDTH="9" VPOS="1379" HPOS="630"/>
							<String ID="string_418" HPOS="639" VPOS="1379" WIDTH="82" HEIGHT="21" WC="0.61" CONTENT="anställa"/><SP WIDTH="10" VPOS="1379" HPOS="721"/>
							<String ID="string_419" HPOS="731" VPOS="1380" WIDTH="108" HEIGHT="26" WC="0.88" CONTENT="utmätning"/><SP WIDTH="9" VPOS="1380" HPOS="839"/>
							<String ID="string_420" HPOS="848" VPOS="1380" WIDTH="30" HEIGHT="21" WC="0.92" CONTENT="för"/><SP WIDTH="15" VPOS="1380" HPOS="878"/>
							<String ID="string_421" HPOS="893" VPOS="1379" WIDTH="39" HEIGHT="22" WC="0.81" CONTENT="äsi-"/>
						</TextLine>
						<TextLine ID="line_47" HPOS="189" VPOS="1403" WIDTH="741" HEIGHT="34">
							<String ID="string_422" HPOS="189" VPOS="1403" WIDTH="69" HEIGHT="22" WC="0.29" CONTENT="Josatt&#39;"/><SP WIDTH="10" VPOS="1403" HPOS="258"/>
							<String ID="string_423" HPOS="268" VPOS="1404" WIDTH="116" HEIGHT="27" WC="0.80" CONTENT="skyldighet"/><SP WIDTH="12" VPOS="1404" HPOS="384"/>
							<String ID="string_424" HPOS="396" VPOS="1407" WIDTH="28" HEIGHT="20" WC="0.80" CONTENT="att"/><SP WIDTH="14" VPOS="1407" HPOS="424"/>
							<String ID="string_425" HPOS="438" VPOS="1405" WIDTH="115" HEIGHT="22" WC="0.89" CONTENT="underhålla"/><SP WIDTH="20" VPOS="1405" HPOS="553"/>
							<String ID="string_426" HPOS="573" VPOS="1406" WIDTH="82" HEIGHT="31" WC="0.92" CONTENT="byaväg"/><SP WIDTH="11" VPOS="1406" HPOS="655"/>
							<String ID="string_427" HPOS="666" VPOS="1407" WIDTH="38" HEIGHT="19" WC="0.93" CONTENT="och"/><SP WIDTH="16" VPOS="1407" HPOS="704"/>
							<String ID="string_428" HPOS="720" VPOS="1406" WIDTH="125" HEIGHT="23" WC="0.24" CONTENT="utfallsdiken"/><SP WIDTH="12" VPOS="1406" HPOS="845"/>
							<String ID="string_429" HPOS="857" VPOS="1404" WIDTH="28" HEIGHT="22" WC="0.94" CONTENT="m."/><SP WIDTH="17" VPOS="1404" HPOS="885"/>
							<String ID="string_430" HPOS="902" VPOS="1413" WIDTH="28" HEIGHT="15" WC="0.78" CONTENT="m."/>
						</TextLine>
						<TextLine ID="line_48" HPOS="188" VPOS="1430" WIDTH="744" HEIGHT="27">
							<String ID="string_431" HPOS="184" VPOS="1426" WIDTH="47" HEIGHT="39" WC="0.54" CONTENT="Med"/><SP WIDTH="11" VPOS="1426" HPOS="231"/>
							<String ID="string_432" HPOS="242" VPOS="1426" WIDTH="40" HEIGHT="39" WC="0.19" CONTENT="lika"/><SP WIDTH="14" VPOS="1426" HPOS="282"/>
							<String ID="string_433" HPOS="296" VPOS="1433" WIDTH="42" HEIGHT="19" WC="0.14" CONTENT="rätt."/><SP WIDTH="10" VPOS="1433" HPOS="338"/>
							<String ID="string_434" HPOS="348" VPOS="1431" WIDTH="43" HEIGHT="21" WC="0.14" CONTENT=";bör-"/><SP WIDTH="14" VPOS="1431" HPOS="391"/>
							<String ID="string_435" HPOS="405" VPOS="1432" WIDTH="209" HEIGHT="22" WC="0.88" CONTENT="kommunalnämnden"/><SP WIDTH="21" VPOS="1432" HPOS="614"/>
							<String ID="string_436" HPOS="635" VPOS="1433" WIDTH="21" HEIGHT="21" WC="0.79" CONTENT="få"/><SP WIDTH="15" VPOS="1433" HPOS="656"/>
							<String ID="string_437" HPOS="671" VPOS="1433" WIDTH="83" HEIGHT="21" WC="0.91" CONTENT="indrifva"/><SP WIDTH="17" VPOS="1433" HPOS="754"/>
							<String ID="string_438" HPOS="771" VPOS="1433" WIDTH="93" HEIGHT="21" WC="0.90" CONTENT="obetalde"/><SP WIDTH="12" VPOS="1433" HPOS="864"/>
							<String ID="string_439" HPOS="876" VPOS="1433" WIDTH="56" HEIGHT="21" WC="0.89" CONTENT="kom-"/>
						</TextLine>
					</TextBlock>
				</ComposedBlock>
			</PrintSpace>
		</Page>
	</Layout>
</alto>
