1070 1689
167 139 50 24 1150:
384 139 72 22 Nädiga
467 141 140 22 Propositionen
618 140 78 20 N:o:38.

495 190 44 20 Art.
559 190 20 20 4.

258 244 32 19 Om
301 244 66 24 tillsyn
378 244 33 20 vid
422 229 214 45 bränvinstillyerkaing
650 245 35 19 och
696 243 120 26 distillering.

508 299 14 28 $,
533 300 31 20 30.

218 343 38 24 Vid
268 343 69 25 hvarje
350 343 94 20 bränneri
459 343 55 26 skall,
531 342 25 21 dä
569 343 82 20 bränvin
664 343 36 20 der
706 338 106 35 tillverkas
823 344 50 20 eller
882 343 28 20 di-

164 370 91 25 stilleras;
270 375 49 15 vara
333 370 83 20 anställd
432 375 23 14 en
469 371 102 20 eilsvuren
585 370 119 21 Kontrollör.
735 370 68 25 Denne
821 370 90 25 Kontrol-

164 397 38 24 lör;
216 399 44 17 som
275 397 21 18 af
303 397 138 25 Länestyrelse
451 398 80 24 antäges
540 396 92 23 särskildt
641 396 29 20 för
680 395 71 25 hvarje
761 396 77 25 termin,
850 397 60 18 hvar-

164 422 63 20 under
240 423 219 24 bränvinstillverkning
477 424 27 18 är
512 422 83 26 tillåten
589 418 18 34 ,.
614 422 84 21 erhåller
716 423 112 23 arvode
803 418 26 34 af
841 423 68 19 Staten

164 449 46 19 niöd'
225 450 60 19 minst
298 452 70 20 sexton
382 450 38 19 och
434 450 56 25 högst
505 448 99 28 tjugufyrä
621 450 56 18 mark
692 454 34 15 om
740 449 69 27 dagen,
825 449 85 20 hvärom

165 476 145 26 Länestyreise,
326 475 46 20 med
386 476 91 20 afseende
493 475 11 20 ä
522 476 34 20 Jet
572 476 91 19 anmälda
680 476 231 25 tillverkningsbeloppet

165 502 33 20 och
217 502 58 20 andrä
290 502 142 24 förhållanden,
449 507 47 20 eger'
508 504 90 18 närmare
611 503 122 24 bestämma,
752 504 53 18 samt
818 502 21 19 af
851 502 60 20 brän-

164 528 178 25 vinstillverkaren,
359 531 45 17 utan
418 528 115 26 ersätthing,
549 528 46 20 kost
607 528 62 25 jemte
683 528 92 25 enskillt,
791 528 116 25 möbleraut,

166 554 64 20 eläadt
244 554 130 20 och-'städadt
388 555 126 25 boningsrum
528 554 11 20 ä
554 555 34 19 det
601 554 62 26 ställe,
679 555 36 19 der
726 554 184 21 bränvinstillverk-

165 582 71 24 ningen
250 581 48 20 eller
312 580 138 26 distilleringen
464 581 86 20 utöfvas.
579 582 106 19 Dessutom
700 580 75 26 ätnjute
789 582 38 19 han
835 581 76 24 skjuts-

164 608 42 25 lega
220 609 38 18 och
272 608 168 24 dagtraktamente
454 608 58 25 enligt
526 608 81 24 åttonde
620 608 80 20 klassen
714 608 22 20 af
748 607 87 26 gällande
848 608 62 19 Rese-

164 635 128 24 reglemente,
308 634 29 20 för
351 634 41 20 färd
407 634 43 20 frän
463 634 89 20 hemvist
565 634 52 20 inom
631 635 52 19 länet
697 635 26 20 till
738 634 115 20 bränneriet
870 634 39 20 och

164 660 44 22 lika,
217 660 91 24 tillbaka.:
539 674 25 4 Nu
836 674 2 2 N

492 702 71 37 531.

216 754 59 22 Innan
289 757 110 20 Kontröllör
412 756 6 20 i
432 757 131 26 befattningen
576 757 92 24 inträder,
679 758 36 19 bör
724 758 38 19 han
771 757 73 26 aflägga
856 756 51 26 tjen-

164 783 57 19 steed
234 784 50 19 inför
296 784 159 19 Länestyrelsen
473 784 39 20 och
529 784 20 19 af
563 784 114 22 densamma
694 784 64 20 förses.
775 784 46 20 med
838 784 25 20 de
880 785 30 19 för

162 805 145 35 befattningens
322 786 149 54 handhafvande
485 810 69 26 nödige
565 810 95 26 profvare
670 811 38 19 och
718 810 61 20 andre
789 811 119 19 instrumen-

162 837 45 23 ter,
216 836 73 26 hvilka,
304 836 27 19 till
347 835 49 21 mätt
410 837 38 18 och
462 836 74 26 gradtal
551 836 131 25 likstämmiga
697 836 30 20 för
741 836 35 20 alla
786 837 121 26 brännerier,

162 861 56 20 skola
232 860 24 28 pä
272 862 133 20 statsverkets
418 862 111 20 bekostnad
544 862 104 20 anskaffas.
859 862 37 24 N

258 939 3 2 :
505 915 10 24 $
529 916 25 19 32

214 955 70 20 Finner
298 955 108 21 Kontrollör
420 955 34 20 vid
468 956 34 23 det
515 956 63 20 under
589 957 48 20 hans
646 956 80 25 uppsigt
735 956 69 20 ställda
813 957 95 20 bränneri

161 980 63 26 någon
238 981 96 20 afvikelse
348 981 43 21 från
405 982 62 19 denna
481 982 112 27 författning
607 988 47 14 vara
667 982 112 27 begängen
773 976 10 37 ,
795 983 53 26 gifve
858 985 52 19 oför-

160 1007 100 26 dröjligen
271 1007 69 22 sådånt
354 1006 91 26 tillkänna
459 1009 37 20 hos
510 1009 71 20 allmän.
599 1008 100 27 åklagare,
720 1009 79 21 hvilken
816 1009 49 23 skall
881 1011 28 20 af-

161 1034 90 20 vikelsen
266 1033 58 21 åtala.

380 1111 8 6 N
503 1088 10 25 $
528 1088 30 20 33.

212 1124 30 19 De
256 1123 83 21 sålunda
351 1124 144 21 tillförordnade
508 1126 132 20 Kontrollörer
655 1126 110 27 underlyda
777 1128 88 19 närmast
873 1125 33 22 Öf-

160 1150 148 25 verkontrollör,
324 1151 79 20 hvilken
418 1151 71 26 åligger
508 1152 53 20 vaka
578 1152 92 20 deröfver
686 1155 28 17 att
730 1153 25 20 de
772 1154 137 20 förstnämnde

162 1177 42 20 sina
218 1177 135 26 skyldigheter
369 1173 134 36 omsorgsfullt
516 1179 39 20 och
568 1179 66 25 riktigt
648 1179 88 26 fullgöra,
754 1182 51 17 samt
819 1183 28 16 att
861 1181 47 20 den-

159 1209 25 14 na
198 1203 121 28 författnings
334 1204 123 21 föreskrifter
472 1210 33 15 om
514 1205 124 26 tillverkning
648 1207 38 18 och
696 1206 115 26 distillering
819 1207 22 20 af
846 1207 61 22 hrän-

158 1230 34 18 vin
206 1229 46 19 icke
266 1231 137 23 öfverträdas.

503 1283 10 26 S
527 1284 32 19 34.

212 1320 36 20 För
263 1318 69 27 hvarje
347 1320 20 19 af
379 1319 25 20 de
418 1320 275 28 Öfverkontrollörs-Jistrikt,
709 1323 57 20 hvari
779 1323 65 20 landet
859 1324 5 19 i
877 1325 27 19 af-

158 1347 74 24 seende
246 1346 11 26 ä
272 1347 38 20 Jen
324 1346 72 27 tillsyn
404 1353 50 21 nyss
468 1349 118 22 omförmäld
599 1349 28 20 är
636 1349 37 20 och
688 1351 50 20 efter
747 1351 158 20 Senatens.Eko-

157 1374 227 26 nomie-Departements
397 1375 91 26 pröfning
504 1375 35 20 bör
554 1375 81 26 indelas,
646 1376 129 22 tillförordnas
785 1377 20 20 af
812 1377 91 22 bemälde

159 1401 143 26 Departement
315 1406 24 14 en
352 1401 175 27 :Ofverkontrollör,
544 1404 60 19 hvars
618 1403 74 20 arvode
705 1405 38 19 och
753 1405 152 21 resekostnads-

160 1428 107 26 ersättning.
280 1427 60 21 tillika
356 1429 128 22 bestämmes.
