1014 1686
298 143 71 22 Nådiga
381 143 140 23 Propositionen
534 142 36 18 N:o
582 143 28 16 30.
796 140 34 19 837

414 228 14 20 4
444 228 54 25 Kap.

211 277 31 19 Om
253 276 90 19 befrielse
354 275 51 20 ifrån
418 276 101 24 stämplade
531 281 78 19 pappers
621 275 87 25 afgiften.

140 323 9 25 $
164 323 34 20 46.
226 323 51 20 Ifrån
291 323 52 19 hvad
358 323 102 25 angående
474 323 105 26 stämpladt
588 328 86 20 pappers
686 323 52 19 bruk
748 322 86 20 ofvanfö-

87 355 22 14 re
123 349 128 20 föreskrifvet
264 351 28 24 är,
308 349 131 26 undantages:

144 376 32 19 1:0
204 376 38 19 Allt
256 376 51 19 hvad
323 376 82 19 rörande
419 376 79 19 Kronan
513 375 37 20 och
565 375 47 20 dess
627 377 38 17 rätt
675 375 32 20 vid
716 375 116 26 domstolar,

87 402 130 19 embetsverk
235 403 37 18 och
290 403 139 25 myndigheter
445 402 103 20 afhandlas
566 403 52 18 samt
634 401 86 20 derifrån
737 402 95 19 utfärdas.

86 427 72 20 Likaså
175 428 116 19 kontrakter
308 434 32 14 om
358 429 115 19 leveranser
490 429 51 25 eller
552 430 60 24 annat
629 427 95 26 åtagande
741 428 30 19 för
785 428 49 19 Kro-

86 460 51 14 nans
154 455 48 19 eller
219 455 70 19 allmän
305 455 116 25 inrättnings
439 455 65 19 behof.
537 455 26 20 Är
580 454 74 19 enskild
672 459 72 20 person
761 457 45 22 part
822 453 11 20 å

87 481 73 20 endera
175 481 62 24 sidan,
253 481 75 20 brukas
342 482 30 18 för
386 481 47 19 dess
448 481 30 20 del
494 481 107 25 stämpladt
615 486 85 20 papper,
719 479 68 21 såsom
804 481 30 18 för

87 506 71 26 hvarje
173 507 30 20 fall
219 507 94 20 särskildt
327 507 91 24 stadgadt
432 509 27 18 är.

142 535 33 18 2:0
204 534 128 25 Domstolars,
348 534 79 25 publika
442 534 59 19 verks
516 536 53 17 samt
582 533 61 19 andra
657 534 96 19 allmänna
768 533 66 20 inrätt-

89 560 86 25 ningars,
192 560 104 20 stiftelsers
311 561 38 19 och
363 560 104 20 samfunds
480 559 133 26 inneliggande
627 560 121 24 handlingar,
767 562 68 22 proto-

87 586 70 25 koller,
172 586 129 26 domböcker,
317 587 146 25 registraturer,
475 586 78 26 diarier,
565 586 141 26 räkenskaper,
717 586 118 19 förtecknin-

87 618 34 20 gar
135 618 28 14 m.
178 618 27 14 m.
222 612 76 20 sådant.

140 640 33 18 3:o
188 640 146 24 Regvisitioner
348 640 38 19 och
401 640 130 26 anordningar
544 638 43 21 från
597 640 96 19 allmänna
702 639 72 19 kassor
783 641 53 17 samt

86 665 128 26 uträkningar
228 665 10 20 å
252 667 100 25 upplupna
366 668 68 17 räntor
447 666 26 20 till
488 666 80 26 publika
585 666 70 19 fonder
671 665 62 25 jemte
750 665 86 25 qvittan-

88 698 33 14 ser
136 693 38 19 och
188 692 57 20 bevis
259 693 56 19 öfver
329 693 28 19 dit
370 692 69 26 gjorda
453 692 146 26 inbetalningar.

141 720 33 18 4:0
190 719 129 21 Debetsedlar
333 719 10 19 å
358 720 77 23 krono-,
452 719 64 20 stads-
529 720 38 18 och
577 719 61 19 andra
648 719 96 19 allmänna
758 718 78 26 utskyl-

87 745 42 24 der,
146 745 104 26 räkningar
265 745 11 20 å
291 746 98 20 tullmedel
406 746 39 18 och
459 745 147 25 auktionsinrop
620 751 26 13 m.
665 751 36 18 m.,
717 747 52 18 samt
783 744 53 26 qvit-

87 774 67 18 tanser
170 772 38 20 och
222 772 57 20 bevis
294 773 56 19 öfver
364 772 140 26 inbetalningar
518 772 5 20 i
538 772 101 25 anledning
653 772 63 19 deraf.
817 780 3 6 !

141 799 33 19 5:0
202 798 128 21 Skuldsedlar
340 798 11 20 ä
366 798 145 26 spannmälslän
525 804 24 14 ur
563 798 90 25 sockne-,
668 798 65 26 fattig-
747 799 38 19 och
799 804 36 14 un-

87 825 203 25 derstödsmagasiner
306 828 52 17 samt
376 825 164 26 försträckningar
557 824 43 20 frän
618 825 88 19 Kronans
723 825 112 24 magasiner

86 851 26 20 till
128 851 76 19 landets
218 851 124 20 behöfvande
357 852 89 25 allmoge;
461 852 104 19 äfvensom
579 850 179 26 läneobligationer,
773 851 59 25 depo-

88 877 129 20 sitionsbevis
232 879 38 18 och
284 877 193 26 skuluförbindelser,
493 877 103 20 utfärdade
609 877 21 19 af
642 877 63 20 finska
724 879 59 18 stats-
796 877 39 20 och

88 904 144 19 militieverken
248 907 51 16 samt
312 904 91 19 Finlands
418 904 53 19 Bank
485 905 38 19 och
537 903 211 27 Hypotheksförening.

141 931 33 19 6:0
203 931 127 25 Förteckning
347 931 11 19 ä
375 931 80 19 husfolk
472 931 33 19 vid
525 930 190 25 mantalsskrifning,
731 931 76 25 uppgift
823 929 12 20 ä

88 957 98 19 ankomne
201 957 83 20 resande
298 957 6 19 i
318 957 43 20 stad
374 963 28 13 m.
418 963 27 13 m.
461 957 69 26 dylikt.

143 984 32 19 7:0
203 983 59 20 Bevis
279 984 56 19 öfver
353 983 107 20 verkställd
478 983 96 26 stämning
593 984 37 19 och
648 983 188 19 kommunikation
824 979 15 35 i

89 1010 37 19 alla
144 1009 106 20 kriminella
268 1011 38 18 och
324 1010 56 19 civila
398 1009 126 26 rättegängs-
539 1012 51 17 samt
604 1009 156 26 utsökningsmäl
773 1009 63 25 jemte

89 1036 59 19 bevis
163 1036 55 19 öfver
232 1036 80 20 kallelse
326 1036 27 20 tili
368 1037 165 25 syneförrättning
546 1041 27 14 m.
589 1042 28 13 m.

143 1063 33 19 8:o
203 1062 36 21 Mål
258 1063 84 19 rörande
358 1063 54 19 brott
430 1066 53 16 emot
499 1063 70 19 allmän
587 1063 40 24 lag,
643 1064 57 17 emot
714 1062 120 25 ekonomie-,

88 1088 78 27 politie-
180 1088 37 20 och
232 1089 207 25 militärförfattningar
453 1092 51 17 samt
521 1088 100 21 fiskaliska
636 1089 99 24 aktioner,
751 1089 86 20 hvarun-

89 1116 36 19 der
139 1115 58 19 likväl
212 1115 18 25 ej
244 1115 73 20 förstås
330 1115 40 20 mål
386 1121 32 13 om
433 1115 138 26 öfverklagade
585 1115 126 25 olagligheter
724 1115 33 19 vid
771 1117 65 27 prest-

89 1142 32 19 val
136 1141 46 19 med
196 1142 48 19 flere
261 1142 66 26 dylika
346 1142 94 23 tillfällen,
456 1141 25 20 dä
498 1142 25 19 de
539 1141 45 20 icke
599 1140 48 26 angä
662 1141 84 25 egentlig
760 1141 77 25 förbry-

88 1168 56 21 telse,
161 1170 46 16 utan
222 1168 101 25 rätteligen
338 1169 33 17 äro
385 1167 69 19 säsom
468 1168 57 19 civila
539 1170 28 17 att
580 1172 66 14 anses.

142 1194 34 19 9:0
204 1193 36 20 Mål
254 1194 86 19 rörande
348 1193 155 25 anmärkningar
512 1193 33 20 vid
554 1193 160 25 uppbördsmans
724 1193 38 19 och
773 1198 63 15 annan

88 1219 129 26 redogörares
231 1220 140 25 räkenskaper.

142 1246 32 19 10.
204 1246 180 25 Värfningstvister.

143 1272 33 19 11.
207 1272 39 19 Alla
262 1272 116 24 handlingar
392 1272 83 19 rörande
490 1272 109 25 försäkring
613 1272 48 19 eller
675 1271 107 26 ersättning
792 1271 44 20 der-

90 1299 43 18 före
147 1298 4 19 i
157 1297 100 26 ärender,
274 1303 43 15 som
331 1298 33 19 vid
375 1299 149 19 Direktionerne
534 1299 29 19 för
573 1298 75 20 landets
657 1299 97 24 allmänna
765 1297 72 20 brand-

90 1324 122 24 stodsbolag,
229 1325 197 24 försäkringsbolaget
443 1325 79 24 Sampo,
541 1323 239 25 sjöassuransföreningen
798 1324 39 18 och

89 1349 173 21 lifränteanstalten
278 1352 50 17 samt
342 1351 38 18 hos
389 1350 59 19 deras
458 1353 79 22 agenter
552 1349 5 19 i
570 1349 89 20 städerna
671 1350 36 21 och
717 1349 121 20 brandstods

90 1375 98 20 komiteer
203 1375 24 26 pä
242 1376 66 20 landet
321 1375 47 20 eller
383 1377 37 18 hos
434 1376 84 20 utsedde
535 1375 187 26 kompromissarier
739 1375 98 20 förekom-

90 1407 39 19 ma;
145 1403 105 19 äfvensom
265 1402 174 26 försäkringsbref,
455 1402 177 26 assuranspoliser,
650 1403 59 19 bevis
727 1404 52 18 samt
792 1407 46 21 pre-

91 1429 40 20 mie
146 1429 109 25 gvittanser
276 1434 27 14 m.
321 1434 36 20 m.,
374 1434 43 14 som
433 1429 20 19 af
465 1428 58 26 nägot
540 1428 181 27 försäkringsbolag
738 1429 5 19 i
757 1428 79 23 Finland
