1020 1686
170 144 50 33 1300
386 149 71 22 Nådiga
468 150 139 22 Propositionen
620 149 36 16 N:o
668 149 28 17 38.

513 198 10 25 $
537 198 31 19 65.

479 229 126 21 Oförändrad.

528 283 32 20 66.

226 316 59 19 Bland
293 315 55 24 dem,
360 321 44 14 som
415 315 42 19 icke
467 317 34 17 äro
514 315 120 24 berättigade
644 317 27 16 att
680 314 82 20 bränvin
774 315 98 24 tillverka,
884 315 28 20 di-

174 341 71 24 stillera:
260 342 45 19 eller
320 341 89 25 försälja,
425 341 30 20 mä
471 347 24 14 en
509 343 50 18 hvar
574 341 102 19 husbonde
690 340 24 25 på
729 346 24 14 en
767 341 50 26 gång
831 342 36 19 hos
882 341 30 26 sig

173 369 57 18 hafva
245 368 53 26 dylik
312 373 48 15 vara
374 369 25 18 till
415 370 27 17 ett
456 368 71 25 belopp
542 368 20 19 af
574 368 56 24 högst
644 367 34 19 två
693 367 38 19 och
745 373 25 13 en
785 368 41 19 half
838 368 74 19 kannor

173 394 29 19 för
216 394 68 25 hvarje
298 400 78 20 person,
393 395 52 19 äldre
460 395 47 18 eller
519 397 70 23 yngre,
609 394 79 19 hvilken
706 394 35 18 hör
759 394 24 19 till
802 394 56 19 hans.
868 395 44 18 hus-

173 420 38 21 håll
226 421 47 19 eller
289 421 75 24 ständig
381 421 47 19 kost
444 421 37 19 hos
498 421 71 18 honom
586 419 91 26 åtnjuter.
709 420 50 25 Den,
779 426 44 13 som
840 426 73 13 annans

173 447 161 20 husbondevälde
348 447 126 26 underlyder,
490 453 46 13 men
551 447 28 25 sig
592 446 46 25 sjelf
650 446 111 25 kosthåller,
773 452 36 19 ege
818 447 39 19 lika
867 448 45 24 rätt,

174 479 32 14 om
222 475 37 18 han
274 473 62 21 dertill
350 473 108 25 bevisligen
473 473 76 20 undfått
563 473 127 20 husbondens
700 473 109 19 samtycke.
837 473 76 20 Enskil-

173 500 25 19 da
213 499 119 26 tjenstehjon
346 501 39 18 och
399 500 70 24 andre,
485 500 24 19 de
523 500 36 19 der
573 500 36 19 hos
627 499 102 20 husbonde
759 499 74 26 dagligen
851 499 60 26 spisa,

174 531 48 14 vare
236 526 33 19 det
284 525 97 26 förbjudet
395 532 42 13 mer
452 527 47 18 eller
517 526 75 19 mindre
609 526 82 19 bränvin
708 525 102 25 innehafva
827 526 35 19 vid
875 526 38 18 för-

174 552 40 19 lust
227 552 21 19 af
259 552 81 19 bränvin
355 553 38 18 och
407 552 48 24 kärl,
475 552 55 19 hvari
547 552 33 19 det
596 552 97 19 förvaras.
722 551 78 20 Önskar
817 551 65 25 någon
896 552 19 18 af

174 577 32 20 de:
214 583 101 20 personer,
332 579 65 18 hvilka
412 577 80 20 sålunda
506 579 33 18 äro
555 577 120 26 berättigade
689 579 28 17 att
731 577 81 20 bränvin
827 577 86 20 innehaf-

174 609 32 18 va,
223 605 37 18 hos
274 605 29 25 sig
316 605 30 18 för
360 604 62 25 någon
436 604 27 19 tid
479 605 56 18 deraf
550 603 24 26 på
592 610 23 13 en
632 603 50 26 gång
699 604 94 25 upplägga
808 605 64 18 större
889 605 24 18 än

174 635 26 14 nu
218 630 88 25 stadgadt
322 631 81 24 belopp,
422 631 75 18 anmäle
513 630 69 19 derom
596 630 5 19 i
616 630 43 19 stad
674 630 36 19 hos
724 631 125 23 Magistraten
867 630 47 19 eller

174 656 162 25 Ordningsrätten
353 657 37 18 och
407 655 25 26 på
449 657 65 18 landet
533 657 34 26 hos
584 657 192 18 Kronolänsmannen
793 655 5 19 i
818 659 62 22 orten,
902 655 11 20 ä

174 682 65 19 hvilka
257 683 33 18 det
306 683 115 18 ankommer
437 685 37 21 att,
494 683 50 18 efter
560 683 89 24 pröfning
666 683 20 18 af
702 683 28 24 sig
747 682 112 19 företeende
874 688 41 13 om-

175 708 138 25 stänligheter,
329 708 86 20 tillstånd
429 709 61 19 dertill
505 708 78 25 bevilja.

228 735 108 20 Ständerne
353 735 58 19 hafva
428 737 47 17 trott
492 735 28 25 sig
537 736 47 19 böra
601 734 97 27 tillstyrka
717 734 59 20 sådan
793 735 80 26 ändring
887 736 28 18 uti

174 760 26 19 de
214 761 5 19 i
233 761 11 25 $
261 761 25 20 67
303 763 97 24 upptagne
417 761 261 20 ansvarsbestämmelserne
695 763 27 17 att
737 761 37 19 den
789 767 43 13 som
849 761 65 20 beträ-

175 786 36 21 des
229 787 45 20 med
291 787 85 20 otillåten
392 787 123 26 tillverkning
533 789 46 18 eller
593 787 114 26 distillering
727 787 20 19 af
765 787 82 20 bränvin
867 788 47 19 skall

174 813 86 26 straffas,
275 813 63 26 tredje
354 813 76 26 gången
444 815 45 19 med
505 817 28 16 ett
548 814 47 19 halft
608 813 33 20 års
656 817 50 16 samt
720 813 61 26 fjerde
795 814 37 19 och
846 813 69 26 hvarje

174 839 83 25 följande
272 839 51 26 gång
341 841 44 18 med
402 841 57 24 högst
473 844 28 16 ett
514 841 41 19 helt
569 839 32 20 års
616 840 94 25 fängelse,
725 840 61 24 jemte
799 841 34 19 det
847 841 64 25 mäsk,

174 865 82 20 bränvin
270 867 38 19 och
321 866 86 25 redskap
422 866 102 20 dessutom
540 866 50 20 alltid
606 866 62 20 skulle
683 866 110 20 förverkas.

228 893 36 18 Det
271 892 5 19 i
284 892 9 25 $
301 893 23 19 73
332 895 74 17 utsatta
413 898 72 14 ansvar
491 894 29 18 för
530 892 128 26 Apothekare,
668 898 43 13 som
717 892 74 26 nyttjar
800 893 63 25 oloflig
872 893 45 20 red-
939 905 3 2 -

175 918 56 27 skap,
248 924 47 14 anse
310 919 106 19 ständerne
426 919 85 25 skäligen
522 919 64 19 kunna
596 918 87 25 förhöjas
694 919 25 19 till
730 918 109 20 tvåhundra
850 920 63 24 mark,

173 946 61 22 jemte
251 944 121 26 redskapens
392 945 75 19 förlust.
501 946 91 18 Deremot
612 945 57 19 hafva
691 945 106 19 ständerne
817 948 48 16 trott
886 946 29 25 sig

174 970 47 20 böra
235 971 79 19 förorda
328 971 139 24 upphäfvande
483 972 20 18 af
513 972 38 19 den
565 978 5 12 1
584 971 10 24 $
609 972 24 18 77
649 970 66 20 såsom
729 971 72 25 påföljd
814 972 30 18 för
854 972 60 20 första

174 997 38 19 och
226 997 60 19 andra
300 1003 58 14 resan
372 996 61 21 sådan
444 997 95 20 förseelse
549 1003 43 14 som
604 997 4 19 i
620 996 10 26 $
640 997 24 19 52
674 999 122 22 omnämnes,
807 998 107 25 föreslagna

173 1023 71 20 förlust
258 1024 20 19 af
293 1023 92 26 rättighet
401 1026 27 17 att
442 1023 76 26 deltaga
533 1024 5 19 i
553 1024 31 19 val
599 1024 48 19 eller
661 1023 62 25 väljas
735 1024 26 19 till
771 1024 142 26 förrättningar,

174 1049 65 20 hvilka
254 1050 90 19 innefatta
356 1050 152 26 medborgerligt
518 1050 118 25 förtroende,
648 1050 82 19 emedan
745 1056 24 13 en
780 1051 52 25 dylik
842 1050 72 26 påföljd

174 1075 56 20 torde
246 1082 46 13 vara
306 1077 62 19 alltför
382 1079 66 22 sträng
462 1077 29 19 för
505 1077 123 19 omförmälte
643 1076 111 20 förseelser.

226 1103 7 18 I
247 1103 45 23 följd
306 1103 21 19 af
339 1103 37 20 den
391 1103 29 19 för
434 1103 10 24 $
461 1103 24 19 61
503 1103 103 20 förordade
622 1103 115 19 förändrade
750 1103 85 25 lydelse,
854 1103 57 20 torde

173 1127 57 20 äfven
244 1128 10 24 $
268 1129 25 19 82
307 1129 47 19 böra
369 1129 140 25 omredigeras.

226 1155 71 19 Derest
316 1155 64 20 Eders
400 1154 108 26 Kejserliga
526 1155 88 25 Majestät
634 1154 77 26 nådigst
732 1155 62 20 skulle
811 1156 102 24 godkänna

174 1180 158 20 hvadständerne
345 1187 26 13 nu
385 1182 69 24 anfört,
470 1181 80 21 komme
564 1184 35 17 art:
613 1182 11 18 5
637 1181 5 19 i
658 1180 91 27 förslaget
763 1184 28 17 att
804 1181 70 21 erhålla
889 1182 24 19 föl

172 1205 58 26 jande
244 1207 84 25 lydelse:
816 1216 4 4 N

503 1261 44 19 Art.
564 1261 18 19 5.

210 1303 30 18 Om
252 1308 68 14 ansvar
332 1303 32 19 och
376 1308 60 14 annan
448 1304 23 18 än
483 1304 114 19 ofvanutsatt
620 1301 59 27 påföljd
690 1304 32 19 för
733 1303 145 20 öfverträdelser

359 1326 21 19 af
390 1326 59 19 denna
463 1326 124 24 författnings
609 1326 117 20 föreskrifter.

515 1375 9 25 S
538 1375 32 19 67.

228 1409 71 20 Finnes
316 1409 68 26 nägon,
404 1415 43 14 som
461 1409 44 20 icke
519 1415 46 20 eger
579 1411 37 18 rätt
630 1412 28 17 att
672 1410 88 21 tiliverka
775 1411 89 25 bränvin,
880 1417 32 14 an-

175 1436 55 20 ställa
244 1437 47 19 eller
304 1437 80 18 anställa
399 1435 37 20 låta
451 1435 61 20 sådan
527 1437 122 25 tillverkning
663 1437 46 20 med
723 1438 52 19 hvad
785 1438 86 25 redskap
880 1439 32 19 det
