1025 1686
179 150 38 21 740
399 148 72 22 Nådiga
481 149 142 22 Propositionen
634 148 37 16 N:o
682 147 30 18 27.

184 201 53 19 finna
251 201 28 18 att
292 199 5 19 i
312 199 55 19 vissa
376 198 95 26 vigtigare
480 197 113 20 ekonomie-
602 198 38 19 och
653 196 157 26 politie-ärender
825 195 106 27 köpstads-

185 228 83 18 männen
281 226 20 19 in
316 230 84 20 corpore
414 224 63 20 skulle
491 224 75 25 deltaga
579 224 5 19 i
599 223 111 26 rådslagen.
738 224 64 19 Dessa
820 223 112 19 församlin-

186 259 35 20 gar
240 252 123 20 förekomma
383 251 84 20 sednare
485 251 64 19 under
569 250 141 26 benämningen
730 250 71 20 allmän
821 249 109 26 Rådstuga.

185 280 44 19 Man
243 278 78 21 märkte
335 278 52 19 dock
401 280 55 17 snart
477 280 28 17 att
518 278 5 18 i
538 280 64 17 större
619 276 67 20 städer
700 276 67 27 dylika
781 276 151 20 folkförsamlin-

185 311 34 20 gar
233 306 61 19 oftast
307 310 49 13 voro
371 303 89 26 omöjliga
475 307 29 17 att
518 303 17 20 få
549 304 135 23 tillsammans,
701 302 76 21 hvartill
793 303 47 19 kom
855 302 78 26 svårig-

186 333 59 18 heten
259 334 28 17 att
301 336 71 20 genom
386 331 46 19 dem
446 329 138 21 åstadkomma
601 329 60 26 några
674 329 73 20 beslut.
777 329 67 20 Redan
857 329 7 19 i
879 329 54 20 1619

187 358 34 19 års
235 358 68 25 stadga
318 363 33 13 om
365 357 103 20 städernas
482 356 154 20 administration
651 357 81 18 omtalas
743 356 24 19 de
784 356 147 26 «olägenheter,

187 390 44 15 som
245 384 116 25 derigenom
381 383 71 26 uppstå
470 386 34 21 att,
527 383 65 20 såsom
613 383 52 19 förut
684 388 36 14 var
738 382 92 25 brukligt,
853 382 80 25 menige

186 417 45 13 man
245 410 78 20 fordras
337 410 117 19 tillsamman
469 411 38 18 och
521 415 70 14 svares
605 408 78 21 således
698 409 24 25 på
736 409 81 19 stadens
830 408 103 20 vårdande

186 440 47 17 utan
248 436 59 26 något
320 437 125 19 betänkande
458 437 39 19 och
510 439 53 16 mest
583 436 20 18 af
616 435 52 24 dem,
687 441 43 14 som
744 435 60 20 minst
818 434 61 21 förstå
893 435 39 19 och

186 464 61 19 minst
261 463 60 20 hafva
334 463 5 19 i
355 463 61 19 saken
437 465 28 17 att
479 464 67 24 säga».
575 463 36 18 För
626 465 28 16 att
674 461 121 25 undanrödja
815 461 60 20 dessa
893 462 40 19 olä-

187 491 95 24 genheter
295 489 129 20 förordnades
434 489 38 20 ock
486 495 72 20 genom
566 489 85 20 nämnde
665 489 68 24 stadga
744 491 28 17 att
786 493 24 14 en
823 488 109 26 delegation

187 517 20 18 af
220 515 142 26 borgerskapet
376 516 46 20 eller
431 516 80 19 stadens
525 515 63 20 äldste
601 514 62 21 skulle
678 516 66 19 ställas
759 515 33 19 vid
802 513 73 22 Rådets
890 515 43 19 sida

187 542 30 20 för
231 544 28 18 att
272 544 138 23 representera
424 542 188 24 stadsmenigheten.
637 541 28 20 Då
675 540 57 21 rådet
748 540 37 26 «på
795 540 81 20 stadens
885 542 48 23 väg-

186 574 36 14 nar
235 569 51 19 hade
300 571 29 17 att
341 569 47 19 med
401 568 127 25 menigheten
542 567 101 20 afhandla»
659 568 64 19 skulle
739 567 60 20 desse
815 567 64 20 äldste
893 567 41 20 kal-

185 595 31 20 las
230 595 26 20 till
271 594 113 25 Rådstugan
399 595 29 19 för
442 597 28 17 att
483 595 37 20 der
532 594 104 20 förnimma
656 594 53 19 hvad
726 595 21 18 af
759 593 63 20 nöden
836 599 43 20 var,
895 593 38 20 och

186 621 53 20 hvad
253 621 26 20 de
292 621 64 20 äldste
376 622 50 19 sluta
444 621 46 20 med
511 620 69 26 Rådet,
603 623 58 23 säges
680 621 34 19 det
733 621 69 19 vidare
823 621 46 18 «det
883 620 48 19 skall

187 647 69 20 stånda
270 648 38 19 och
319 648 21 19 af
347 648 45 19 hela
402 647 143 26 borgerskapet
559 647 108 20 fullbordas
676 649 47 17 utan
733 652 106 20 gensago».
864 647 70 19 Stads-

188 673 135 20 kommunens
337 673 157 20 beslutanderätt
514 673 41 20 blef
568 673 77 20 således
662 679 72 19 genom
749 673 52 20 1619
815 673 34 20 års
863 673 70 24 stadga

187 700 114 25 uppdragen
315 700 55 19 vissa
384 700 121 25 fullmäktige
521 699 28 19 för
559 700 128 19 kommunen.
717 700 28 19 De
755 700 68 19 fordna
837 699 96 20 allmänna

187 726 139 25 Rådstugorna
341 727 81 18 fortforo
436 726 33 20 det
484 726 80 19 oaktadt
573 729 28 17 att
615 726 5 19 i
635 726 47 19 flera
692 726 78 19 mindre
781 726 66 19 städer
861 725 73 26 begag-

187 758 43 19 nas,
246 753 75 19 hvilket
335 758 46 13 man
402 753 38 19 kan
457 752 52 19 finna
525 753 56 19 deraf
600 755 28 16 att
645 757 72 20 genom
731 753 68 24 Kongl.
815 752 85 19 Brefven
914 752 22 19 af

188 779 38 20 den
240 779 25 19 29
279 779 39 20 Juli
332 779 51 20 4752
398 781 53 17 samt
465 780 11 18 5
490 779 92 20 Februari
594 779 51 20 1758
661 779 167 26 Landshöfdingar
843 779 38 18 och
894 779 41 19 Ma-

189 805 93 26 gistrater
296 805 101 25 förbjödos
413 808 27 17 att
462 805 140 20 sammankalla
620 805 143 26 borgerskapet
782 805 26 20 till
825 805 108 20 «allmänna

187 831 136 25 rådstufvor»,
338 834 55 16 utom
406 832 6 18 i
426 832 34 19 det
473 832 31 19 fall
519 835 28 15 att
561 832 68 23 Kongl.
645 831 135 26 förordningar
793 831 34 20 det
843 831 92 25 uttryck-

187 858 52 24 ligen
253 856 92 27 påbjödo,
361 858 90 19 deremot
465 858 63 20 skulle
543 858 24 19 de
587 858 62 20 äldste
665 858 71 25 «draga
753 858 78 25 försorg
845 864 33 13 om
891 858 42 19 sina

187 884 60 26 öfriga
257 884 131 20 medbröders
398 884 183 26 angelägenheter»,
591 887 52 17 samt
653 884 11 19 å
673 884 59 20 deras
740 886 73 24 vägnar
820 883 65 21 rådslå
895 885 39 19 och

187 911 79 19 besluta
279 910 46 20 med
339 910 134 25 Magistraten.
502 912 63 24 Enligt
579 910 90 26 gällande
683 911 31 25 lag
728 913 34 17 äro
777 910 78 20 således
870 911 63 19 stads-

187 937 64 19 äldste
265 940 29 16 att
307 942 49 14 anse
370 936 66 20 såsom
452 937 189 20 stadskommunens
658 937 130 25 fullmäktige,
806 937 46 19 med
866 937 67 20 hvilka

187 963 125 25 Magistraten
329 963 3 19 i
347 963 126 21 kommunala
494 964 162 25 angelägenheter
676 970 47 20 eger
740 962 91 22 samråda
848 963 37 19 och
900 963 34 20 be-

188 990 59 19 sluta.
275 989 124 20 Stadsäldste
420 990 119 19 tillkommer
559 990 51 19 dock
624 990 44 19 icke
682 993 30 16 att
733 991 4 18 i
752 991 36 19 alla
808 990 125 19 kommunala

188 1016 164 25 angelägenheter
373 1016 41 19 föra
429 1016 57 25 talan,
506 1019 45 16 utan
568 1016 70 19 endast
659 1017 5 18 i
678 1017 25 19 de
717 1016 91 25 ärender,
824 1021 44 14 som
882 1016 51 25 angå

188 1041 150 26 borgerskapet,
354 1042 106 19 hvaremot
473 1043 96 19 allmänna
584 1043 178 19 sammankomster
776 1043 20 19 af
809 1043 125 24 Magistraten

187 1068 92 20 beramas
293 1067 25 20 då
340 1069 61 18 saken
421 1068 62 26 angår
498 1069 60 19 äfven
577 1068 127 26 gårdsegare.
734 1068 69 20 Likaså
818 1069 77 25 afgöres
909 1069 26 20 de

187 1094 26 20 till
228 1094 162 26 kyrkostämmas
404 1095 117 24 behandling
543 1095 86 20 hörande
649 1096 83 19 ärender
746 1101 72 20 genom
832 1096 101 25 samteliga

187 1121 170 19 tillstädeskomne
371 1121 170 25 församligsboers
554 1122 73 19 beslut.
657 1123 37 18 För
711 1121 122 20 närvarande
847 1122 86 20 existera

188 1146 78 29 således
281 1147 94 24 allmänna
395 1148 180 19 sammankomster
590 1148 38 19 och
648 1148 157 26 representativa
822 1148 111 20 församlin-

187 1179 36 21 gar
234 1176 62 22 jemte
309 1173 111 21 hvarandra
434 1174 5 19 i
454 1174 205 20 stadskommunerna.

241 1200 58 20 Hvad
313 1199 43 20 åter
370 1200 59 26 angår
443 1201 107 19 företrädet
563 1200 26 20 de
609 1200 62 27 begge
686 1202 99 19 formerna
800 1202 82 20 emellan
896 1202 35 25 lig-

187 1232 35 18 ger
236 1226 33 18 det
283 1227 30 18 för
333 1227 64 23 öppen
412 1227 37 23 dag
463 1229 28 16 att
511 1227 38 18 den
563 1228 154 23 representativa
740 1228 76 18 formen
836 1228 35 18 har
886 1228 48 18 obe-

188 1251 88 25 stridliga
290 1251 120 25 företräden,
426 1252 93 19 hvarföre
533 1252 39 19 den
587 1253 57 19 äfven
661 1254 91 18 öfverallt
768 1253 6 19 i
789 1256 67 16 vestra
870 1254 64 18 Euro-

186 1282 38 20 pas
237 1280 62 16 stater
313 1278 20 18 af
346 1278 143 25 lagstiftningen
501 1277 101 26 angående
616 1278 253 27 kommunalförvaltningen
884 1285 51 19 upp-

188 1304 65 25 tagits.
284 1304 37 19 Det
335 1310 49 14 vore
404 1304 104 19 dessutom
528 1304 52 20 inom
602 1306 63 18 större
685 1305 119 20 kommuner
818 1306 56 20 svårt
895 1307 38 19 och

189 1330 92 20 stundom
303 1330 87 26 omöjligt
410 1333 28 17 att
452 1331 90 19 församla
563 1332 37 19 alla
621 1332 165 26 röstberättigade
806 1332 24 26 på
845 1336 28 16 ett
887 1339 46 13 rum

187 1357 31 19 för
232 1360 28 16 att
273 1357 78 26 deltaga
366 1358 6 18 i
385 1357 167 26 öfverläggningar
573 1359 39 19 och
626 1359 72 20 beslut.
727 1358 86 26 Fjheller
828 1360 57 19 torde
899 1360 34 19 det

187 1383 66 20 kunna
267 1384 90 20 förnekas
372 1386 27 18 att
419 1390 71 19 genom
505 1385 30 19 val
549 1385 84 20 utsedda
654 1389 160 22 representanter
828 1386 47 20 eller
889 1387 44 19 full-

188 1409 86 27 mäktige
288 1409 66 22 måste
367 1411 37 19 hos
418 1411 29 25 sig
462 1411 65 19 förena
542 1412 64 19 större
619 1411 58 26 insigt
691 1413 5 18 i
711 1413 42 24 sak,
764 1413 39 20 och
816 1413 65 20 bättre
894 1413 38 20 för-

188 1436 58 26 måga
261 1439 28 18 att
302 1438 69 25 pröfva
385 1437 53 19 hvad
454 1437 121 21 kommunen
595 1438 67 25 angår,
678 1440 25 18 än
716 1441 55 19 stora
784 1440 95 20 allmänna
893 1440 38 19 för-
