1006 1689
174 126 45 43 1046
386 133 73 29 Nådiga
469 133 142 29 Propositionen
623 131 37 18 N:o
672 131 28 18 32.

173 184 35 16 om
221 181 39 19 ock
275 179 71 28 förslag
357 181 26 20 till
397 181 90 26 samtlige
496 176 253 43 bankuirektörs-embeten
763 179 18 20 få
795 181 20 18 af
823 180 96 20 Ständer-

171 211 43 15 nes'
221 206 174 31 bankfutlmäktige
409 209 108 24 upprättas.

224 232 28 20 På
267 233 59 20 dessa
340 232 86 31 grunder
440 233 63 20 finner
512 233 101 20 Utskottet
628 232 29 27 sig
667 233 46 19 böra
723 232 37 19 hos
774 232 76 20 landets
859 232 59 20 Stän-

171 259 39 19 der
222 258 148 21 vördsammast
383 259 96 26 tillstyrka
494 259 37 20 den
547 259 82 25 ordning
639 259 30 20 vid.
685 259 35 20 alla
736 258 107 20 framdeles
858 259 61 25 ledig-

171 284 101 21 blifvande
286 285 261 23 -bankdirektörs-embetens
561 270 121 44 besättande,

275 315 28 16 att
319 312 176 27 bankfullmäktige,
515 313 47 25 efter
576 313 64 25 vanlig
659 312 112 25 kungörelse
791 318 29 13 om
839 312 80 25 ledighet

276 341 34 19 och
328 341 153 24 ansökningstid,
499 342 7 17 i
520 340 191 27 öfverensstämmelse.
731 341 41 18 med
789 341 130 24 grundlagar-

275 375 34 13 nes
324 369 119 32 stadganden
457 369 83 27 uppföra
556 371 27 16 tre
598 368 84 20 sökande
696 367 27 26 på
735 369 91 25 förslag,
842 368 77 26 hvaröf-

275 403 33 13 ver
322 396 67 20 besvär
399 397 17 25 ej
426 400 39 22 äga
480 403 51 16 rum,
542 399 49 22 samt
601 399 28 16 att
644 396 65 20 Hans
724 396 139 26 Kejserliga
871 396 50 20 Ma-

270 422 88 36 jestät,
373 425 59 19 sedan
447 425 108 26 Kejserliga
571 419 92 25 Senatens
673 424 248 28 Ekonomie-Departement

274 454 8 18 i
296 455 62 18 ämnet
374 454 78 26 afgifvit
467 453 126 27 underdånigt
607 452 105 24 utlåtande,
728 454 7 18 i
749 451 60 21 nåder
821 456 100 16 utnämner

276 488 23 12 en:
323 482 26 25 af
364 482 22 19 de
402 482 113 25 föreslagne
537 482 28 18 till
587 481 83 20 direktör
690 483 7 18 i
714 481 87 23 Banken,
824 481 99 25 äfvensom

276 509 66 25 Hans
356 509 114 26 Majestät
490 513 24 16 är
526 509 117 27 förbehållet
663 512 38 21 att,
719 509 29 25 på
764 509 108 26 Kejserliga
887 508 33 23 Se-

276 540 68 17 natens
358 538 155 26 framställning,
529 540 40 17 utse
583 544 23 13 en
621 538 56 19 bland
697 538 181 19 bankdirektörerne
893 537 29 19 till

278 566 116 23 ordförande
409 567 7 18 i
431 566 120 20 direktionen.

226 592 44 22 Den
288 593 69 26 nådiga
375 594 146 25 propositionen
539 593 106 20 innehåller
661 593 70 20 vidare
747 598 24 14 en
789 593 130 25 bestämning,

174 622 34 23 att,
224 619 34 20 vid
272 620 43 25 laga
336 620 60 20 förfall
412 621 46 19 eller
471 620 30 26 jäf
519 621 30 19 för
563 620 26 20 de
601 620 25 26 på
647 620 185 26 bankfullmäktiges
849 620 72 26 förslag

174 647 80 19 tillsatte
267 646 117 25 direktörer,
400 647 77 19 vikarie
492 648 26 19 till
534 647 99 20 embetets
647 646 119 20 förrättande
783 647 64 19 skulle
864 649 58 17 utses

173 674 21 18 af
208 672 107 26 Kejserliga
330 674 95 19 Senatens
435 674 267 31 Ekonomie-Departement,
714 674 111 24 hvaremot,
841 678 34 14 om
884 674 39 18 för-

174 700 53 20 fallet
241 700 70 19 fortfor
325 700 66 25 längre
405 700 28 19 tid
447 701 25 18 än
488 700 33 20 två
536 700 101 25 månader,
649 700 89 19 vikarien
752 700 62 20 borde
829 700 20 19 af
861 700 62 19 bank-

174 722 124 34 fullmäktige
312 714 83 32 föreslås
409 727 38 19 och
463 727 20 18 af
493 722 107 34 Kejserliga
611 716 85 30 Senaten
711 726 137 20 tillförordnas.
871 726 64 20 Den-'

153 773 3 2 .
175 758 25 14 na
218 740 136 38 skiljaktighet
373 758 60 14 anser
452 753 101 20 Utskottet
574 754 43 18 icke
633 754 59 18 hafva
713 753 52 25 giltig
785 753 71 25 grund,
876 755 47 17 enär

175 779 54 19 inom
244 779 189 20 Bankdirektionens
448 780 131 20 verksamhet
592 779 57 20 äfven
663 780 62 19 under
739 780 81 19 kortare
833 779 28 20 tid
875 785 48 20 gan-

176 806 37 20 ska
228 806 71 31 vigtiga
314 804 67 26 frågor
394 805 65 20 kunna
473 806 124 20 förekomma
605 806 64 20 under
683 806 96 25 pröfning.
803 806 38 20 För
854 808 28 17 att
896 812 27 13 nu

176 831 60 20 också
251 832 8 20 I
271 832 54 20 detta
339 820 96 32 afseende
456 834 113 23 genomföra
587 838 24 14 en
631 831 105 27 följdriktig
757 832 87 26 ordning,
860 832 64 20 finner

175 854 104 54 Pitotiet
292 858 30 25 sig
336 858 46 20 böra
393 859 37 19 hos
439 859 110 20 Ständerne
559 859 149 19 vördsammast
721 858 98 26 tillstyrka
833 859 38 19 den
883 860 40 18 för-

175 890 90 20 ändring,

278 913 29 17 att
321 911 72 19 vikarie
401 911 38 26 för
453 912 136 20 bankdirektör
602 912 31 19 vid
652 913 69 19 dennes
736 912 44 26 laga
794 912 72 26 förfall
880 912 45 20 eller

273 940 37 26 jäf
321 939 69 23 mätte,
405 942 46 17 utan
466 941 77 25 hänsigt
559 941 27 19 till
601 941 65 25 längre
681 941 44 19 eller
737 941 76 19 kortare
823 941 100 19 vikariats-

278 968 37 22 tid,
331 968 67 19 städse
415 968 23 25 af
451 968 165 26 bankfullmäktige
628 968 86 26 föreslås
729 969 34 19 och
781 969 24 25 af
814 964 111 47 Kejserliga

278 995 94 20 Senatens
389 991 244 41 Ekonomie-Departement
649 997 136 25 tillförordnas.

229 1023 57 20 Hvad
300 1022 44 20 åter
357 1022 59 27 angår
430 1024 129 20 tillsättandet
577 1025 20 19 af
610 1024 133 26 bankverkets
760 1025 61 25 öfriga
836 1025 88 19 embets-

174 1050 39 20 och
224 1049 130 32 tjenstemän,
371 1039 95 31 hvarmed
481 1051 59 25 enligt
557 1051 37 19 den
610 1046 69 30 nådiga
698 1036 147 47 propositionen
862 1050 63 21 borde.

176 1075 94 21 förhållas
284 1077 51 19 efter
353 1081 25 14 nu
393 1076 89 24 gällande
497 1065 47 31 eller
558 1066 110 30 framdeles
677 1077 20 19 af
709 1078 65 18 Hans
789 1072 136 38 Kejserliga

174 1101 114 26 Majestät
301 1102 114 20 meddelade
430 1103 129 25 stadganden,
575 1100 62 22 finner
647 1104 101 19 Utskottet
762 1104 37 24 sig,
815 1103 5 19 i
836 1104 89 19 likstäm-

175 1129 78 25 mighet
266 1129 47 19 med
327 1128 57 20 ofvan
405 1129 120 20 framställda
546 1116 135 48 grundsatser,
697 1130 48 20 böra
751 1116 8 44 '
763 1120 39 29 hos
815 1130 110 19 :Ständerne

177 1140 149 45 vördsammast
341 1154 95 27 tillstyrka
450 1156 50 19 bifall
517 1155 63 20 dertill
595 1155 88 25 sålunda,

281 1183 29 17 att
322 1182 10 17 i
344 1180 22 20 de
381 1181 48 25 fall,
445 1181 24 19 då
480 1182 82 19 bemälde
577 1182 74 19 embets-
662 1172 33 29 och
710 1182 110 25 tjenstemän
830 1182 26 30 af
861 1182 64 19 Hans

282 1208 135 26 Kejserliga
432 1209 115 25 Majestät
563 1211 44 19 eller
627 1210 106 25 Kejserliga
752 1210 82 20 Senaten
852 1209 73 20 utnäm-

296 1242 32 16 as,
343 1236 125 19 direktionens
478 1238 79 24 förslag
571 1237 57 19 måtte
643 1238 28 18 till
685 1237 153 25 högvederbörlig
851 1240 30 16 ort
895 1239 28 17 in-

283 1263 73 19 sändas
374 1270 66 18 genom
464 1264 175 26 bankfullmäktige,
663 1264 62 20 hvilka
745 1265 65 19 dervid
832 1267 39 23 äga
893 1264 33 20 sitt

282 1290 133 26 underdåniga
429 1291 96 21 utlåtande
541 1292 52 26 öfver
603 1292 97 26 förslaget
714 1293 79 28 afgifva.

234 1319 67 25 Enligt
314 1319 39 19 den
368 1318 69 27 nådiga
452 1320 145 25 propositionen
612 1320 63 20 skulle
689 1321 108 19 Ständerne
806 1320 32 20 vid
854 1321 72 20 Landt-

184 1346 38 26 dag
235 1348 46 18 utse
294 1346 43 30 fyra
352 1334 105 36 revisorer,
475 1352 22 13 en
515 1346 42 20 från
573 1346 68 26 hvarje
658 1346 67 26 Stånd,
741 1348 30 18 för
787 1350 28 16 att
828 1347 76 26 deltaga
919 1348 6 19 i

184 1373 40 19 den
237 1372 94 24 revision,
348 1377 43 14 som
405 1372 97 26 primitiva
523 1374 37 19 och
575 1364 209 36 hypotheksfonderne
804 1374 72 26 årligen
891 1380 35 14 un-

184 1395 68 37 dergä.
280 1389 65 30 Härtill
361 1398 61 20 finner
436 1399 100 25 Utskottet
550 1400 29 26 sig
593 1400 48 20 böra
655 1400 36 20 hos
705 1400 105 21 ständerne
823 1401 103 20 vördsam-

185 1425 52 32 mäst
250 1426 98 26 tillstyrka
362 1425 50 21 bifall
427 1418 87 42 sålunda,
