1011 1684
304 131 71 23 Nädiga
387 133 140 22 Propositionen
541 133 35 17 N:o
588 134 28 16 30.
725 133 3 1 i
798 133 34 19 879

88 181 89 22 medlens
187 181 130 26 inleverering
326 182 37 19 och
377 181 24 26 på
417 182 63 25 grund
494 182 21 20 af
526 182 93 20 deröfver
633 182 99 25 upptedda
748 184 80 19 ränteri-

88 208 120 24 qvittanser,
224 208 20 18 af
257 208 152 25 Länestyrelsen
423 208 25 20 till
467 208 44 21 dem
525 208 127 19 utanordnas.
684 208 147 21 Landträntmä-

87 236 54 16 stare
155 232 31 19 må
202 233 44 19 icke
261 233 110 20 handhafva
385 233 146 26 försäljningen.

141 259 10 25 $
165 259 31 19 33.
226 259 26 20 På
268 260 127 19 Guvernören
409 260 6 19 i
428 260 71 25 hvarje
512 261 30 18 län
552 260 114 19 ankommer
676 263 34 22 att,
722 261 24 25 på
757 261 74 19 Lands-

87 286 139 19 kamrerarens
241 287 143 24 föredragning,
404 286 27 19 till
449 286 156 25 fösäljningsmän
623 289 45 16 utse
685 288 39 18 och
741 287 89 19 förordna

87 311 71 20 sådana
174 317 100 20 personer,
291 318 44 13 som
349 312 87 19 befinnas
451 313 60 19 dertill
528 312 63 25 villiga
606 313 37 18 och
658 313 101 25 lämpliga,
776 315 54 17 samt

88 338 56 19 ställa
159 337 85 26 antaglig
256 338 101 19 säkerhet.
388 337 26 20 Då
429 338 169 25 försäljningsman
613 339 62 19 blifvit
696 339 134 19 tillförordnad

88 364 39 18 och
142 363 136 26 försäljningen
289 365 37 18 kan
341 365 95 25 begynna,
452 365 48 18 skall
511 365 69 19 derom
595 364 4 19 i
615 365 80 18 stadens
709 366 47 18 eller
770 365 59 19 sock-

88 395 49 14 nens
159 389 73 26 kyrkor
252 390 105 25 kungöras.
389 391 68 19 Större
478 391 70 24 belopp
570 391 107 24 stämpladt
697 396 75 20 papper
792 391 38 19 och

89 416 168 28 stämpelmärken
272 419 24 16 än
310 417 39 24 det,
367 417 91 19 hvarföre
471 417 92 19 såkerhet
573 417 63 19 blifvit
650 417 63 24 ställd,
725 417 31 19 må
772 416 16 25 ej
804 417 25 19 till

88 443 173 24 försäljningsman
280 443 95 25 utgifvas;
398 443 44 20 icke
463 443 61 20 heller
544 445 43 23 nytt
606 443 60 25 förlag
682 443 57 28 deraf
757 444 72 18 honom

85 469 85 25 lemnas,
183 469 56 20 innan
250 471 38 18 han
298 469 25 20 till
335 469 154 20 Landtränteriet
498 469 117 20 inlevererat
624 469 97 26 betalning
730 470 29 18 för
769 469 59 25 hvad,

86 496 79 19 utöfver
184 496 37 19 den
242 495 68 20 ställda
331 496 126 24 säkerheten,
481 496 37 19 kan
536 495 119 26 reqvireras,
677 496 106 19 hvaröfver
796 495 34 20 det

87 521 73 26 åligger
173 522 157 20 Landskontoret
344 525 27 16 att
384 528 50 23 noga
449 522 57 20 vaka.

141 548 7 19 I
163 549 22 19 all
201 548 93 20 händelse
308 550 21 17 är
354 549 167 24 försäljningsman
533 543 10 35 —
551 548 64 26 pligtig
640 551 29 16 att
685 548 61 19 minst
763 547 68 26 hvarje

86 575 50 18 halft
150 574 22 20 år
190 575 98 24 betalning
304 575 30 19 för
350 575 84 20 försålda
451 575 67 19 kartor
536 574 115 20 inleverera.
683 575 37 19 Blir
737 574 5 19 i
760 573 70 21 sådant

87 601 93 21 afseende
194 601 64 25 någon
273 601 220 25 penningeförsändning
506 601 45 20 med
566 604 70 21 posten
651 601 20 19 af
683 601 69 24 nöden,
768 599 63 26 åtnju-

87 630 19 16 te
122 627 171 25 försäljningsman
309 627 58 19 frihet
381 627 43 20 från
439 627 51 20 både
505 629 55 23 porto
570 627 37 19 och
617 627 177 25 assuransafgifter,
806 627 23 20 sä

86 654 38 19 ock
139 654 30 19 för
186 654 24 19 all
228 659 63 13 annan
308 653 5 19 i
331 655 38 18 och
387 654 28 19 för
432 654 49 18 hans
499 654 105 24 befattning
620 653 114 25 erforderlig
750 653 80 19 korres-

85 680 97 24 pondans.

139 706 76 20 Genom
229 706 139 20 Guvernörens
383 707 4 18 i
406 706 93 24 Wiborgs
516 706 32 20 [än
565 706 77 24 försorg
658 708 80 22 antages
754 704 74 26 jemväl

86 733 33 19 vid
132 732 63 20 finska
208 732 196 24 Pass-expeditionen
419 733 5 18 i
434 732 31 20 S:t
475 732 120 25 Petersburg
604 732 78 25 lämplig
696 731 132 26 försäljnings-

85 764 52 19 man,
153 758 79 20 hvilken
242 764 46 20 eger
302 758 141 20 tillhandahålla
452 759 131 19 allmänheten
593 758 25 20 de
628 758 76 20 valörer
717 758 21 18 af
753 760 76 23 stämp-

85 786 42 19 ladt
148 790 72 20 papper
240 785 38 19 och
300 785 171 25 stämpelmärken,
495 790 43 14 som
564 785 29 19 för
613 784 94 20 behofvet
723 784 105 20 derstädes

87 812 65 19 kunna
170 811 107 19 erfordras.
307 812 88 20 Nämnde
415 810 169 27 försä!jningsman
602 810 84 26 åtnjuter
700 811 13 19 4
727 811 102 24 procent
820 806 14 35 i

86 838 102 26 provision
202 837 62 26 jemte
280 838 50 20 skild
352 838 106 25 ersättning
475 838 29 19 för
521 840 57 23 porto
595 838 38 19 och
650 842 104 20 assurans,
777 840 53 17 samt

87 865 67 20 ställer
168 865 29 24 sig
211 865 29 18 for
254 865 57 25 öfrigt
326 865 25 19 till
367 865 130 19 efterrättelse
511 865 37 19 alla
562 864 25 19 de
602 864 128 23 föreskrifter,
747 869 43 14 som
800 864 30 19 för

85 892 62 25 öfrige
163 889 169 27 försäljningsmän
347 893 34 17 äro
398 891 89 25 gällande
501 893 50 17 samt
566 891 20 18 af
598 890 232 20 Minister-Stats-Sekre-

87 920 78 17 teraren
182 917 49 19 efter
249 917 154 20 förhållanderne
417 917 67 19 kunna
499 917 103 19 anordnas.

139 944 41 19 Hos
195 943 37 19 den
247 943 79 20 sålunda
341 946 81 22 antagne
434 943 207 25 försäljningsmannen
655 947 47 20 eger
717 942 88 25 Kronan,
821 943 5 18 i

86 970 94 19 händelse
195 970 20 18 af
228 969 66 20 balans
309 970 46 19 eller
369 969 100 20 bristande
483 968 134 27 redogörelse,
633 969 30 18 för
680 968 149 25 kartasigillata-

84 997 77 18 medlen
176 1001 76 14 samma
266 995 127 20 förmånsrätt
406 1001 45 13 som
466 997 36 18 hos
518 996 89 19 Kronans
617 995 148 25 uppbördsmän
775 994 5 19 i
792 994 37 19 all-

85 1022 87 19 mänhet.

138 1048 11 24 $
163 1049 32 18 34.
217 1048 74 24 Hvarje
301 1047 195 26 försäljningskontor
508 1047 21 19 sä
541 1048 5 18 i
558 1047 43 19 stad
611 1052 43 14 som
665 1047 24 25 pä
699 1047 66 19 landet
779 1047 48 19 skall

84 1075 36 19 alla
135 1074 141 26 söcknedagar,
292 1074 42 19 från
352 1074 81 20 klockan
451 1075 12 19 9
478 1073 132 25 förmiddagen
634 1074 27 19 till
676 1073 83 20 klockan
776 1073 10 19 7
800 1073 30 19 ef-

85 1100 140 26 termiddagen,
247 1100 62 20 hållas
329 1101 66 24 öppet.
424 1100 94 20 Beträdes
540 1098 171 26 försljningsman
730 1099 45 19 meud
790 1099 39 20 för-

85 1128 109 18 summelse
215 1128 47 18 eller
277 1128 54 18 visar
351 1128 38 18 han
403 1127 85 25 ogenhet
508 1126 48 19 eller
577 1126 57 18 beter
654 1126 29 25 sig
700 1125 129 25 otillständigt

85 1156 54 17 emot
155 1154 137 23 allmänheten,
311 1153 61 19 varde
390 1152 170 26 försäljningsman
582 1155 68 21 genast
667 1152 41 19 från
725 1151 105 19 befattnin-

85 1185 37 19 gen
140 1179 51 20 skild
208 1180 36 18 och
268 1184 61 14 annan
343 1178 169 26 försäljningsman
527 1178 4 18 i
550 1178 49 18 hans
614 1179 56 18 ställe
687 1177 139 20 tillförordnad.

139 1205 10 25 $
163 1206 32 19 35.
225 1204 21 26 Ej
261 1204 31 20 mä
308 1204 166 26 försäljningsman
489 1205 19 18 af
521 1204 75 24 köpare
610 1204 65 19 fordra
692 1209 43 13 mer
751 1206 24 16 än
790 1202 38 20 den

87 1237 78 14 summa
182 1231 60 20 hvarä
262 1232 96 23 stämpeln
375 1231 64 26 lyder:
458 1230 47 20 sker
522 1229 69 19 sådant
608 1230 65 24 likväl,
693 1234 83 14 ansvare
791 1228 37 20 han

87 1257 78 20 derföre
180 1256 67 20 såsom
262 1258 28 18 för
305 1257 53 24 olaga
373 1256 90 26 uppbörd
478 1257 37 18 och
529 1261 48 14 vare
590 1256 59 19 äfven
663 1256 5 18 i
683 1256 52 18 Jetta
750 1254 30 20 fall
794 1260 36 20 ge-

87 1286 45 16 nast
146 1283 42 20 frän
202 1284 133 23 befattningen
349 1284 58 18 skild.

141 1310 31 18 36.
202 1309 36 18 Vid
252 1308 97 24 utgången
363 1310 21 18 af
397 1308 69 24 hvarje
482 1308 46 18 halft
542 1307 23 18 är
580 1307 47 19 skall
640 1308 33 18 allt
685 1306 65 19 osåldt
763 1306 65 19 karta-

87 1334 66 20 förråd
168 1335 36 18 hos
221 1334 24 19 de
259 1336 82 22 antagne
362 1333 206 25 försäljningsmännen
589 1333 118 23 inventeras,
725 1332 49 18 efter
788 1332 41 18 för-

88 1360 98 24 teckning,
202 1365 44 14 som
260 1360 45 18 dem
321 1359 72 25 äligger
403 1360 52 19 förut
471 1359 18 19 in
505 1358 73 25 dupplo
593 1360 98 23 upprätta,
707 1360 51 17 samt
774 1357 52 19 hvad

87 1386 57 20 deraf
157 1387 35 19 hos
206 1386 45 20 dem
266 1388 22 18 är
302 1386 4 18 i
321 1386 62 20 behåll
399 1386 26 19 till;
440 1386 55 18 nästa
509 1384 73 20 halfärs
600 1384 124 25 redovisning
740 1383 89 21 utbalan-

88 1419 62 13 seras.
