3686 3209
351 391 134 28 Utskottets

335 434 162 28 Betänkande.

612 432 171 34 Ridderskapet
802 432 43 28 och
863 431 80 29 Adeln.

1679 428 207 34 Borgareståndet,

2193 426 182 29 Bondeståndet.

2716 426 130 35 Utskottets
2865 425 355 34 sammanjemkningsförslag.

345 530 10 25 $
370 530 32 20 82.

346 741 9 25 $
371 742 32 19 85.

346 848 11 25 $
370 848 33 20 89.

345 928 11 24 $
369 928 34 19 92.

346 1060 11 26 $
371 1062 34 19 94.

348 1194 10 25 $
372 1195 33 19 95.

357 1565 116 25 Fördelning
493 1565 20 19 af

331 1592 91 19 Kronans
436 1592 55 19 andel
507 1591 5 19 i

331 1618 159 20 bränvinsskatt.

573 524 86 32 Sednare
673 530 109 18 momentet
796 528 104 21 uteslutes.

651 575 4 16 j

651 591 3 8 i
780 590 1 3 i

574 608 66 20 Orden
660 610 59 18 «utan
736 607 102 27 uppenbar
855 607 114 25 anledning»
984 609 31 17 ut-

548 636 82 19 lemnas.

578 1061 37 19 Det
629 1061 20 19 af.
662 1060 99 20 Utskottet
775 1060 102 20 förordade
889 1060 65 26 tillägg
964 1060 54 19 bort-

551 1088 61 19 faller.

578 1194 65 20 Orden
652 1193 57 20 «med
716 1193 111 27 skyldighet
833 1196 29 16 att
869 1194 80 18 förrätta
956 1194 62 24 lämp-

552 1220 33 26 ligt
599 1221 79 19 arbete»
693 1221 104 19 uteslutas.

553 1564 22 20 A.
587 1561 71 29 Anslag
667 1564 25 20 till
703 1563 111 21 ersättande
822 1563 19 19 af
853 1563 42 19 Kro-

579 1596 48 14 nans
641 1591 67 19 förlust
723 1596 70 20 genom
805 1590 37 19 den
857 1590 39 18 för-

579 1617 84 20 ändrade
677 1617 149 25 lagstiftningen:

554 1645 32 18 4:0
601 1644 36 19 För
646 1640 139 29 dftergifvande
795 1643 20 19 af
823 1643 72 19 husbe-

579 1671 44 19 hofs
638 1667 91 29 bränvins
746 1670 81 20 arendet
853 1670 42 19 M:k

553 1698 33 18 2:0
599 1697 164 25 Kontrollutgifter
776 1703 26 13 m.
816 1702 27 14 m.
854 1696 40 20 M:k

579 1717 105 37 Hvarutom
692 1724 99 25 Styrelsen
800 1723 49 25 ägde
856 1723 38 19 för-

579 1749 45 26 höja
634 1750 126 20 nästnämnde
771 1750 74 24 anslag,
857 1750 37 19 ifall

580 1776 191 26 omständigheterna
785 1776 34 20 det
828 1775 69 26 påkal-

581 1803 50 20 lade.

553 1831 21 19 B.
590 1830 71 25 Anslag
671 1830 26 20 till
707 1829 145 27 allmännyttiga
862 1831 34 18 än-

582 1856 70 20 damäl:

554 1884 33 18 1:0
603 1883 31 20 Till
649 1883 193 26 fängelseväsendets
857 1882 39 20 för-

580 1906 103 34 hättrande
788 1926 3 2 <
823 1925 4 3 .
857 1909 40 19 Mk

554 1937 33 19 2:0
597 1936 32 20 Till
640 1936 206 20 Komunikationernas
855 1936 42 20 full-

580 1958 109 34 komnande
857 1962 40 20 M:k
913 1963 107 25 1,800,000

555 1990 33 20 3:0
602 1990 31 20 Till
647 1990 44 20 fond
701 1990 30 20 för
739 1990 103 20 Jonations
851 1989 48 26 god-

931 1670 87 24 660,000

932 1696 86 25 300,000

933 1910 86 24 600,000

582 2022 45 14 sens
641 2017 100 19 inlösande
753 2032 4 4 .
857 2016 40 20 M:k
932 2017 88 20 —200,000

556 2045 33 18 4:o
603 2044 86 19 Greditiv
703 2044 26 19 till
742 2043 109 26 styrelsens
862 2044 38 18 för-

583 2070 80 26 fogande
680 2070 29 19 för
726 2070 125 25 undsättning
865 2076 34 13 un-

583 2097 35 19 der
635 2096 118 20 missvextär
770 2102 27 14 m.
813 2102 28 14 m.
857 2096 41 20 M:k
934 2097 87 24 300,000

583 2124 25 18 Af
618 2123 57 19 dessa
690 2124 65 24 anslag
765 2123 63 19 skulle
838 2124 38 19 N:o
887 2124 11 18 3

583 2150 108 24 öfverföras
705 2149 26 21 till
746 2150 38 19 N:o
799 2150 10 19 2
825 2155 33 14 om
868 2155 33 13 an-

583 2176 34 20 dra
625 2175 81 27 utvägar
711 2177 30 19 för
747 2176 101 20 Jonations
855 2176 46 26 g0d-

583 2208 45 14 sens
642 2203 74 19 inlösen
730 2203 112 20 anvisades.

557 2227 20 22 G.
593 2230 69 26 Anslag
677 2230 26 19 till
717 2230 93 19 lättandet
824 2230 21 19 af
856 2229 45 20 bör-

583 2256 42 25 dor,
638 2261 43 15 som
693 2256 68 26 trycka
770 2256 129 25 jordbruket:

583 2282 32 20 Till
633 2282 106 26 fördelning
756 2282 10 20 å
784 2283 35 19 alla
837 2283 65 25 lägen-

585 2309 54 19 heter
654 2308 9 20 ä
679 2309 64 20 landet
757 2309 49 20 efter
819 2310 80 24 mantal,

584 2336 38 19 och
635 2335 130 20 älstädernas
781 2335 120 21 innevånare

585 2362 24 24 pä
635 2364 37 17 sätt
698 2362 99 19 Utskottet
822 2363 80 18 föresla-

584 2389 27 24 gt
650 2387 5 24 i
687 2404 3 3 .
757 2404 38 4 «oc
828 2404 3 3 cv
861 2388 41 19 M:k
918 2388 106 25 1,300,000

585 2412 106 23 Äfvensom
705 2414 132 26 tilläfventyrs
854 2420 49 19 upp-

585 2440 117 20 kommande
709 2441 134 19 öfverskottaf
848 2441 57 19 brän-

585 2468 122 19 vinsekatten
716 2468 62 20 borde
784 2467 24 26 pä
817 2468 86 19 enahan-

585 2494 24 20 da
627 2496 37 18 sätt
681 2494 25 20 till
722 2494 129 25 jordbrukets
865 2494 37 19 och

586 2520 102 20 städernas
702 2521 61 20 fördel
779 2520 107 20 användas.

1052 1564 22 19 A.
1091 1564 69 25 Anslag
1167 1563 25 20 till
1201 1563 112 19 ersättande
1320 1563 20 19 af
1346 1562 50 20 Kro-

1079 1595 49 14 nans:
1140 1590 70 19 förlust
1224 1595 71 20 genom
1309 1590 37 19 Jen
1356 1590 38 18 för-

1079 1616 85 20 ändrade
1178 1616 148 26 lagstiftningen:

1054 1644 32 19 1:0
1100 1644 35 18 För
1146 1643 141 25 eftergifvande
1297 1643 20 19 af
1323 1642 72 20 husbe-

1079 1670 44 19 hofs
1138 1670 91 18 bränvins
1242 1669 81 20 arendet
1353 1669 41 19 M:k
1431 1668 87 24 =660,000

1035 1720 2 9 |
1052 1697 33 19 2:0
1100 1696 160 25 kontrollutgifter
1273 1702 27 14 m.
1316 1701 26 14 m.
1353 1696 40 19 M:k
1431 1696 88 24 —300,000

1035 1739 2 15 |

1035 1761 2 12 I

1053 1830 20 19 B.
1089 1829 70 25 Anslag
1172 1829 25 20 till
1208 1829 145 27 allmännyttiga
1364 1830 34 19 än-

1080 1855 72 20 damål:

1054 1883 32 18 1:0
1100 1882 34 20 Till
1149 1882 194 26 fängelseväsendets
1360 1883 38 19 för-

1080 1909 100 19 bättrande
1356 1910 40 18 M:k
1412 1905 15 33 —
1432 1909 88 24 410,000

1054 1936 32 18 2:0
1101 1936 32 19 Till
1143 1936 205 19 komunikationernas
1356 1936 42 20 full-

1081 1962 109 20 komnande
1356 1962 41 20 M:k
1412 1962 108 26 1,800,000

1054 1989 32 19 3:0
1101 1989 31 20 TIN
1146 1989 44 20 fond
1200 1989 29 19 för
1239 1989 102 23 donations
1351 1989 47 26 god-

1081 2022 45 14 sens
1141 2016 100 20 inlösande
1254 2032 2 3 .
1357 2016 40 20 M:k

1056 2044 33 18 4:0
1103 2042 85 20 Crelitiv
1203 2044 26 18 till
1243 2043 109 25 styrelsens
1362 2043 38 19 för-

1082 2070 80 25 fogande
1184 2070 24 19 till
1231 2070 124 25 undsättning
1371 2075 28 15 m.

1082 2102 26 14 m.
1148 2112 3 4 =
1183 2112 3 3 <
1234 2092 34 33 Aa
1324 2112 3 4 4
1358 2096 40 20 Mik

1057 2124 32 18 5:o
1103 2123 33 19 Till:
1150 2122 110 20 Järvärden
1358 2122 41 20 M:k

1434 2016 88 24 200,000

1435 2096 87 25 500,000

1435 2123 87 25 200,000

1057 2229 21 19 GC.
1095 2230 70 25 Anslag
1180 2229 24 20 till
1220 2229 94 20 lättandet
1326 2230 21 19 af
1355 2229 57 20 bör-.

1084 2256 42 24 dor,
1142 2262 43 13 som
1196 2256 68 26 trycka
1273 2255 126 25 jordbruket:

1059 2283 37 19 1:0
1117 2283 112 27 Ersättning
1256 2283 29 19 för
1314 2283 87 25 lagmans

1085 2310 37 18 och
1144 2309 172 26 häradshöfdinge
1344 2309 60 25 —tings-

1084 2336 86 27 gästning
1188 2352 3 4 .
1294 2352 3 3 <
1329 2352 4 3 .
1361 2336 41 19 Mik

1059 2364 32 17 2:0
1105 2362 33 19 Till
1149 2363 83 19 backars
1238 2361 104 25 jemnande
1352 2365 51 16 samt

1085 2390 37 23 väg
1137 2388 35 19 och
1190 2388 152 25 brobyggnader
1362 2388 40 19 M:k

1059 2415 33 19 3:0
1106 2413 204 47 se
1321 2416 82 24 tungans

1084 2442 85 19 lättande
1185 2446 70 20 genom
1270 2440 134 26 befrämjande

1086 2468 20 20 af
1118 2464 151 28 entreprenader
1362 2468 51 20 M:k,

1058 2496 34 18 4:0
1106 2494 33 20 Tili
1150 2492 108 22 laflönande
1278 2495 20 19 af
1313 2494 35 20 bro
1367 2495 38 18 och

1086 2518 118 28 skallfogdar
1224 2536 3 4 .
1362 2520 40 20 M:k

1438 2336 87 24 490,000

1439 2388 87 24 200,000

1440 2468 86 24 300,000

1441 2521 86 22 100,000

1576 525 89 21 Sednare
1680 527 110 18 momentet
1803 520 104 27 uteslutes:

1576 605 70 25 Lägsta
1664 605 151 25 bötesbeloppet
1834 605 29 19 för
1881 604 100 20 missbruk
1999 604 20 19 af

1549 632 197 25 undersökningsrätt
1756 632 105 19 fastställes
1871 631 27 20 till
1907 632 38 18 200
1953 630 62 26 mark,

1550 659 103 19 äfvensom
1669 658 62 20 orden
1747 661 64 17 «samt
1825 658 61 20 andre
1900 658 20 19 af
1932 658 87 25 länesty-

1549 686 65 18 relsen
1634 686 63 19 dertill
1718 685 118 19 förordnade
1855 690 107 20 personer»
1979 684 38 19 och

1551 712 59 19 «eller
1624 718 62 13 annan
1700 712 56 25 laglig
1770 712 114 24 beslagare»
1899 711 101 19 uteslutas.

1576 738 66 20 Orden
1654 738 117 20 «äfvensom
1781 738 69 24 andre,
1862 737 65 21 hvilka
1935 737 84 19 tillkom-

1550 770 42 14 mer
1606 767 28 17 att
1649 764 74 20 efterse
1737 764 34 20 det
1784 764 92 26 påbuden
1890 766 53 18 emot
1955 764 64 26 oloflig

1551 792 95 20 bränvins
1664 790 114 27 försäljning
1793 791 60 20 varda
1867 790 150 21 hörsammade»

1549 818 53 26 utgå.

1576 846 33 20 Att
1623 844 38 21 åtal
1676 845 30 19 för
1718 844 152 20 öfverträdelser
1883 844 20 20 af
1910 844 109 20 författnin-

1550 877 37 19 gen
1602 872 71 20 endast
1686 871 51 26 finge
1751 871 20 19 af
1784 871 94 19 allmänna
1889 870 90 26 åklagare
1988 873 31 17 ut-

1550 899 59 19 föras.

1576 926 67 19 Denna
1650 925 10 25 $
1667 925 63 20 borde
1737 924 46 27 lyda
1792 924 110 26 «förbryter
1909 924 29 26 sig
1946 924 73 19 hustru

1550 954 42 16 mot
1605 952 53 20 hvad
1671 952 4 19 i
1686 952 63 19 denna
1765 951 110 25 förordning
1888 952 21 18 är
1919 950 98 25 stadgadt,

1550 978 55 20 skola
1620 978 52 20 både
1687 984 85 14 mannen
1786 978 38 19 och
1838 979 37 18 hon
1887 978 52 19 fällas
1950 977 25 20 till
1986 983 33 14 an-

1551 1011 52 19 svar,
1619 1005 5 19 i
1639 1005 34 19 det
1688 1005 29 19 fall
1732 1008 29 16 att
1775 1005 80 25 styrkas
1865 1004 38 19 kan
1911 1006 28 17 att
1949 1004 70 19 sådant

1551 1031 53 20 skett
1614 1032 45 19 med
1670 1032 50 19 hans
1731 1031 116 25 begifvande
1857 1031 46 19 eller
1912 1030 105 26 vetskap.»

1577 1058 65 20 Jemte
1656 1058 34 20 det
1704 1058 109 20 utskottets
1827 1057 65 25 tillägg
1906 1056 61 20 :borde
1977 1060 42 16 ute-

1552 1085 62 19 slutas
1628 1085 64 20 skulle
1707 1085 9 25 $
1730 1084 46 26 lyda
1792 1084 48 20 «alla
1854 1084 5 19 i
1873 1084 62 21 denna
1945 1083 75 21 förord-

1551 1112 44 25 ning
1615 1112 94 25 stadgade
1730 1112 56 19 böter
1805 1111 71 19 tillfalla
1897 1110 120 25 angifvaren,

1552 1138 104 24 åklagaren
1676 1139 38 19 och
1732 1137 151 26 församlingens
1899 1138 75 24 fattiga,
1995 1143 23 13 en

1552 1166 49 18 hvar
1615 1164 27 20 till
1658 1171 24 13 en
1697 1163 117 26 tredjedel».

1578 1192 67 19 Denna
1664 1191 9 25 $
1692 1191 62 20 borde
1771 1191 54 26 lyda:
1841 1190 6 20 i
1861 1189 66 26 början
1943 1190 74 26 «böter,

1552 1224 43 14 som
1613 1219 4 18 i
1632 1218 62 25 grund
1709 1218 19 18 af
1742 1218 10 25 $
1766 1218 24 19 68
1806 1217 87 25 ådömas,
1909 1217 55 20 skola
1979 1217 39 19 för-

1552 1245 80 19 vandlas
1647 1245 27 19 till
1689 1245 87 24 fängelse
1790 1250 18 13 0.
1826 1249 16 14 s.
1859 1244 86 19 v.»ioch
1960 1244 5 18 i
1979 1244 41 19 slu-

1552 1274 28 17 tet
1597 1271 95 20 «utdömd
1710 1271 54 25 afgift
1778 1271 48 19 skall
1840 1270 73 20 tillfullo
1927 1276 48 14 vara
1990 1276 30 14 er-

1552 1298 53 25 lagd,
1621 1299 58 18 innan
1694 1298 60 19 dessa
1764 1297 55 20 böter
1830 1297 17 19 få
1859 1298 19 18 af
1886 1297 78 20 sakfälld
1975 1297 46 19 med

1553 1326 107 24 penningar
1675 1324 88 25 gäldas».

1579 1352 69 18 Första
1665 1353 109 17 momentet
1791 1350 62 20 borde
1867 1348 44 28 lyda
1927 1350 72 26 «öfriga
2015 1351 4 18 i

1553 1378 61 20 denna
1629 1378 113 24 förordning
1758 1377 93 26 stadgade
1865 1377 61 25 böter,
1943 1382 44 14 som
2001 1376 18 26 ej

1553 1405 63 19 kunna
1631 1404 57 26 utgå,
1705 1404 55 20 skola
1775 1404 111 20 förvandlas
1899 1410 19 13 0.
1934 1410 17 13 s.
1968 1410 33 13 v.»

1579 1432 51 18 Sista
1640 1434 109 16 momentet
1761 1431 21 19 af
1790 1431 62 20 denna
1863 1427 90 29 paragraf
1959 1430 62 20 skulle

1552 1458 45 26 lyda
1613 1458 36 19 «de
1664 1463 45 14 som
1723 1458 5 18 i
1743 1457 59 20 dessa
1818 1456 37 20 mål
1867 1462 56 14 anses
1933 1456 88 21 förfallne

1554 1485 25 19 till
1594 1490 79 19 ansvar,
1686 1484 54 20 skola
1750 1484 50 19 efter
1809 1484 70 24 skäligt
1901 1483 122 25 bepröfvande

1553 1512 73 17 ersätta
1643 1510 92 25 åklagare
1753 1511 37 17 och
1808 1510 74 18 vittnen
1911 1516 44 12 deras
1970 1510 5 18 i
1990 1516 31 12 sa-

1553 1536 38 20 ken
1606 1536 82 25 åbragte
1703 1536 129 20 kostnader.»
1902 1545 3 14 i

1554 1564 22 18 A.
1592 1563 70 25 Anslag
1668 1563 27 19 till
1704 1563 112 19 ersättande
1824 1563 19 19 af
1849 1562 58 20 Kro-;

1580 1595 48 13 nans
1640 1590 73 18 förlust
1726 1594 72 20 genom
1811 1589 37 19 Jen
1861 1586 46 26 för-!

1579 1616 85 20 ändrade
1677 1616 154 25 lagstiftningen.
1903 1615 3 14 :

1554 1644 32 18 1:0
1600 1643 37 19 För
1644 1642 144 26 eftergifvande
1798 1642 20 20 af
1826 1642 87 20 husbe-';

1580 1669 44 19 hofs
1638 1669 95 19 bränvins
1748 1669 82 19 arendet
1859 1668 48 20 M:ki
1935 1669 88 23 660,000

1554 1697 33 19 2:0
1601 1695 171 26 Kontrollutgifter
1784 1701 26 14 m.
1823 1701 26 13 m.
1860 1695 49 42 Miki
1937 1696 86 24 300,000

1905 1762 7 30 :

1554 1830 21 18 B.
1600 1830 73 25 Anslag
1698 1830 28 19 till
1752 1829 154 27 allmännyttiga:

1583 1856 103 20 ändamål:
1709 1861 2 2 '
1905 1879 2 6 i

1555 1883 32 19 1:0
1608 1883 33 19 Till
1656 1882 253 26 fängelseväsendets
1857 1878 54 34 för-:

1582 1910 105 19 bättrande
1863 1909 47 19 M:ki
1938 1908 87 26 600,000

1556 1936 33 19 2:0
1602 1936 31 20 Till
1644 1935 209 20 komunikationernas
1863 1936 47 19 full--

1582 1963 110 19 komnande
1861 1960 165 27 M:ki2,500,000

1556 1989 32 20 3:0
1602 1990 33 19 Till
1650 1989 48 21 fond
1708 1990 30 18 för
1744 1988 103 21 donations
1855 1988 46 27 god-

1582 2022 46 14 sens
1643 2016 101 20 inlösande
1757 2032 3 4 .
1861 2016 41 20 M:k

1556 2044 32 18 4:0
1603 2043 87 20 Creditiv
1704 2043 26 19 till
1741 2043 113 26 Styrelsens
1865 2043 37 19 för-

1582 2070 86 24 fogande
1689 2070 27 19 till
1734 2070 125 24 undsättning
1877 2075 26 13 m.

1584 2102 29 14 me
1654 2112 3 4 <
1690 2112 4 3 i
1726 2111 4 4 &
1761 2112 39 4 aa
1832 2112 4 3 a
1865 2096 39 20 MK

1558 2123 38 19 5:0
1619 2123 33 20 Till
1676 2122 122 20 Järvärdens
1822 2123 79 19 förbätt-

1584 2150 62 20 rande
1863 2149 40 20 M:k

1937 2016 88 24 200,000

1941 2096 86 24 500,000

1940 2149 86 21 200.000

1558 2228 21 20 C.
1595 2229 74 25 Anslag
1683 2228 26 20 till
1724 2228 94 20 lättandet
1832 2229 19 19 af
1859 2229 44 19 bör-

1586 2256 42 24 dor,
1645 2261 45 13 som
1697 2255 69 26 trycka
1776 2254 135 26 jordbruket:
1905 2250 10 35 !

1560 2284 32 18 4:0
1601 2282 32 20 Till
1642 2281 84 26 aflöning
1734 2282 20 19 af
1760 2282 36 20 bro
1803 2283 37 18 och
1847 2282 58 19 skall-

1586 2309 70 25 fogdar
1796 2324 4 4 <
1832 2324 3 4 .
1864 2308 40 20 Mk

1560 2336 33 19 2:0
1616 2336 33 19 Till
1673 2335 155 20 kommunernas
1847 2335 68 26 förfo-,

1586 2362 63 25 gande
1866 2361 43 29 M:Ki

1906 2394 3 10 i

1941 2308 86 25 100,000

1941 2360 86 24 100,000

2615 523 57 19 Detta
2693 522 145 25 amendement,
2861 521 68 20 :säsom
2947 528 25 13 en
2988 521 46 26 följd
3052 522 21 18 af
3085 521 39 20 den
3139 521 5 19 i
3158 520 134 27 betänkandet
3306 522 77 26 intagna

2557 549 38 19 och
2614 548 74 26 jemväl
2711 548 183 23 afjPrestaständet
2910 548 102 26 godkända
3030 548 102 20 redaktion
3150 547 19 20 af
3182 547 10 25 $
3205 548 33 25 61,
3254 548 58 20 torde
3326 549 58 19 äfven

2557 576 21 20 af
2590 576 68 19 Presta
2673 576 38 19 och
2725 572 150 23 Hondeständen
2890 578 88 22 antagas.

2614 602 145 20 Ridderskapet
2776 602 38 19 och
2829 602 62 20 Adeln
2906 604 51 16 samt
2971 602 84 25 Borgare
3070 601 37 19 och
3121 600 159 20 Bonde-ständen
3294 600 90 25 inbjudas

2557 631 28 17 att
2599 629 64 19 förena
2679 628 28 25 sig
2722 634 10 13 om
2770 628 38 20 den
2823 628 5 20 i
2842 628 132 20 betänkandet
2988 628 80 24 intagne
3084 627 138 25 redaktionen,
3242 633 43 13 som
3304 627 20 19 af
3338 627 48 20 Pre-

2557 654 120 21 sta-stänlet
2691 654 103 26 godkänts.

2615 736 85 24 Borgare
2717 736 38 19 och
2772 734 158 20 Bonde-ständen
2946 734 91 25 inbjudas
3056 736 28 18 att
3098 735 66 19 förena
3182 734 30 25 sig
3226 739 34 14 om
3274 733 64 20 denna
3352 739 33 19 pa-

2557 763 73 25 ragraf,
2647 761 61 21 sådan
2723 759 36 26 den
2774 762 20 18 af
2813 761 144 26 Ridderskapet
2979 762 38 18 och
3032 761 60 19 Adeln
3108 764 53 17 samt
3174 760 151 20 Prestastänlet
3339 760 47 26 god-

2557 784 65 35 känts.
2739 787 1 7 |

2616 843 84 25 Borgare
2722 843 38 18 och
2779 840 159 21 Bonde-ständen
2960 840 90 26 inbjudas
3074 843 27 17 att
3119 840 64 20 förena
3198 840 30 25 sig
3243 846 33 14 om
3289 840 65 20 denna
3368 839 16 26 $,

2541 863 1 15 |
2559 868 62 20 sådan
2637 869 37 19 den
2689 869 20 19 af
2721 868 144 25 Ridderskapet
2879 868 38 19 och
2931 868 62 20 Adeln
3008 870 52 17 samt
3072 868 70 19 Presta
3156 866 78 20 ståndet
3248 866 104 27 godkänts.

2617 922 85 25 Borgare
2719 918 37 23 och
2770 920 151 21 Bondeständen
2935 920 90 25 inbjudas
3040 923 28 17 att
3082 920 66 20 förena
3163 920 30 26 sig
3207 920 46 19 med
3268 919 120 20 Ridderska-

2559 951 34 23 pet
2607 950 38 18 och
2661 948 61 20 Adeln
2737 951 50 17 samt
2801 947 159 20 Presta-ständet
2974 953 32 14 om
3021 947 63 20 denna
3098 947 9 25 $
3118 946 61 20 sådan
3190 947 38 19 den
3239 946 5 20 i
3254 946 134 20 betänkandet

2559 971 67 34 ingätt.
2741 983 2 17 I
2846 975 3 3 ”

2742 1004 1 19 I

2617 1056 70 19 Presta
2706 1047 37 27 och
2764 1054 151 20 Bondestånden
2935 1053 91 26 inbjudas
3042 1056 27 17 att
3083 1054 67 19 förena
3164 1053 30 25 sig
3207 1053 46 19 med
3268 1052 121 20 Ridderska-

2560 1084 33 23 pet
2608 1083 39 18 och
2661 1082 60 19 Adeln
2737 1084 50 17 samt
2801 1080 165 27 Borgareståndet
2980 1086 33 14 om
3026 1079 126 21 utlemnande
3168 1080 20 19 af
3200 1079 114 29 Utskottets
3324 1079 65 26 tillägg

2561 1108 26 20 till
2603 1108 65 20 denna
2683 1108 16 25 $,
2715 1108 29 20 till
2757 1108 60 20 hvars
2832 1107 140 27 godkännande
2986 1107 6 19 i
3006 1107 58 25 öfrigt
3077 1106 166 26 Borgareståndet
3256 1106 99 25 inbjudes.

2619 1188 27 20 Då
2668 1188 33 20 det
2721 1188 20 20 af
2759 1187 145 25 Ridderskapet
2920 1187 38 19 och
2975 1187 61 20 Adeln
3056 1189 84 23 antagne
3159 1186 142 20 amendement
3314 1185 76 27 åsyftar

2560 1215 208 19 öfverensstämmelse
2785 1214 46 20 med
2845 1214 25 20 de
2890 1214 20 20 af
2929 1214 108 20 Ständerna
3056 1213 102 26 godkände
3178 1213 86 25 grunder
3279 1213 30 19 för
3323 1218 24 14 en
3363 1218 27 20 ny

2561 1241 146 25 brottmälslag,
2729 1241 56 20 torde
2806 1241 52 19 detta
2874 1241 140 19 amendement
3026 1239 73 27 jemväl
3115 1242 80 23 antagas
3210 1240 20 19 af
3243 1239 25 20 de
3282 1242 31 16 tre
3328 1240 62 24 öfriga

2562 1268 93 25 stånden,
2672 1269 103 19 hvaremot
2788 1268 86 25 Borgare
2888 1268 39 18 och
2940 1266 151 20 Bondeständen
3106 1266 90 25 inbjudas
3211 1268 27 17 att
3252 1266 47 20 med
3310 1265 81 20 Ridder-

2562 1295 71 25 skapet
2647 1295 38 19 och
2700 1294 59 20 Adeln
2774 1296 51 18 samt
2838 1294 151 19 Prestaständet
3002 1294 68 28 förena
3084 1293 30 25 sig
3130 1298 32 14 om
3176 1293 32 25 $:s
3223 1292 76 26 lydelse
3309 1292 5 19 i
3324 1292 64 26 öfrigt.

2721 1347 5 6 o
2745 1342 2 12 |

2746 1375 3 19 |

2621 1414 88 24 Borgare
2723 1405 37 28 och
2771 1412 151 20 Bond>ständen
2933 1409 91 27 inbjudas
3034 1414 28 17 att
3080 1412 67 19 förena
3158 1411 29 26 sig
3197 1417 33 14 om
3240 1411 39 19 Jen
3289 1410 103 20 redaktion

2563 1440 20 19 af
2601 1440 61 19 dessa
2679 1440 28 25 $$,
2726 1439 41 24 som
2784 1440 6 18 i
2804 1439 39 20 den
2858 1438 74 26 Nädiga
2945 1439 148 25 propositionen
3108 1439 38 18 och
3161 1438 137 19 betänkandet
3312 1437 79 25 intagits

2564 1469 53 17 samt
2631 1466 20 19 af
2664 1466 143 26 Ridderskapet
2822 1466 37 19 och
2874 1466 60 19 Adeln
2948 1466 104 19 äfvensom
3067 1464 158 20 Presta-ständet
3239 1464 106 25 godkänts.

2622 1560 69 20 Presta
2706 1560 37 20 och
2756 1559 150 21 Bondeständen
2921 1558 90 26 inbjudas
3026 1561 28 17 att
3068 1559 66 19 förena
3149 1560 29 24 sig
3191 1558 46 20 med
3247 1558 147 24 Ridderskapet

2565 1586 37 20 och
2617 1587 61 19 Adeln
2693 1590 50 16 samt
2759 1586 173 26 Borgare-ständet
2949 1586 78 24 derom,
3046 1588 28 16 att
3088 1586 24 18 de
3126 1586 20 18 af
3157 1585 102 20 Utskottet
3270 1585 25 19 till
3306 1584 88 25 anslaget

2565 1614 29 19 för
2612 1613 169 25 Kontrollutgifter
2798 1613 94 19 hänförda
2906 1612 112 26 belöningar
3032 1612 26 20 till
3080 1612 100 26 angifvare
3200 1612 39 18 och
3254 1610 92 26 åklagare
3361 1610 33 19 vid

2565 1640 71 20 urbota
2651 1643 65 17 straffs
2731 1640 119 25 tillämpning
2866 1640 128 19 bortlemnas.

2623 1667 78 19 Presta-
2714 1667 84 24 Borgare
2812 1667 38 19 och
2865 1665 157 20 Bonde-ständen
3038 1664 90 26 inbjudas
3143 1667 27 17 att
3185 1665 68 19 förena
3268 1664 30 26 sig
3313 1670 33 13 om
3360 1663 35 20 det

2566 1694 21 20 af
2606 1693 143 25 Ridderskapet
2768 1694 38 18 och
2827 1693 60 19 Adeln
2908 1692 102 26 godkände
3025 1692 72 25 förslag
3111 1692 5 18 i
3131 1692 112 19 Utskottets
3258 1690 135 24 betänkande,

2566 1722 29 17 att
2609 1720 102 26 Styrelsen
2725 1720 55 25 ägde,
2796 1720 78 18 utöfver
2889 1720 87 24 anslaget
2990 1719 26 19 till
3032 1718 24 19 de
3071 1718 45 20 med
3130 1719 111 19 kontrollen
3256 1716 94 20 förenade
3365 1720 31 16 ut-

2566 1746 64 26 gifter,
2647 1746 60 20 redan
2721 1746 40 19 före
2776 1745 163 21 nästkommande
2953 1745 91 25 landtdag
3058 1745 88 19 använda
3162 1750 24 14 en
3200 1745 65 19 större
3278 1749 80 14 summa
3368 1743 26 19 till

2566 1773 60 20 dessa
2640 1773 68 20 behof.
2724 1772 36 20 ifall
2773 1772 194 26 omständigheterna
2982 1772 33 19 Jet
3029 1771 109 25 påkallade.

2625 1800 65 19 Sedan
2704 1798 154 20 Presta-ständet
2874 1799 60 19 redan
2946 1798 73 26 antagit
3031 1798 143 26 Ridderskapet
3186 1798 39 19 och
3236 1797 72 19 Adelns
3318 1796 78 25 inbjud-

2567 1826 46 26 ning
2630 1829 28 17 att
2675 1825 55 20 anslå
2747 1826 85 23 600,000
2848 1826 56 18 mark
2919 1825 26 19 till
2961 1824 197 24 fängelseväsendets
3172 1824 144 25 förbättrande,
3333 1822 63 26 inbju-

2567 1853 36 20 des
2617 1854 59 18 äfven
2690 1852 144 20 Bondeständet
2849 1855 27 16 att
2890 1853 67 18 förena
2972 1852 29 26 sig
3015 1857 32 14 om
3062 1852 53 19 detta
3129 1852 73 24 anslag.

2626 1880 85 24 Borgare
2726 1879 39 19 och,
2775 1878 150 20 Bondeständen
2940 1878 92 25 inbjudas
3048 1880 35 23 att,
3096 1878 4 18 i
3111 1878 61 19 likhet
3186 1877 47 19 med
3248 1877 52 19 hvad
3316 1877 20 18 af
3349 1876 48 20 Rid-

2568 1906 107 25 derskapet
2690 1906 37 19 och
2741 1905 60 20 Adeln
2816 1908 51 17 samt
2880 1906 70 18 Presta
2966 1904 80 20 ståndet
3055 1904 101 25 beslutits,
3168 1903 54 21 anslå
3234 1903 110 25 1,800,000
3355 1902 41 20 M:k
3415 1917 1 3 |

2568 1932 26 20 till
2610 1932 204 20 komunikationernas
2830 1932 152 20 fullkomnande.
3295 1948 2 2 ,

2625 1960 79 19 Presta-
2718 1959 82 25 Borgare
2814 1960 37 18 och
2868 1958 158 20 Bonde-ständen
3044 1956 90 26 inbjudas
3150 1960 28 16 att
3191 1957 45 20 med
3250 1956 147 26 Ridderskapet

2569 1986 38 20 och
2625 1986 62 20 Adeln
2701 1986 64 20 förena
2780 1985 29 25 sig
2822 1985 80 25 derom,
2918 1987 28 17 att
2960 1985 37 20 ifall
3014 1984 59 20 andra
3087 1987 82 23 utvägar
3185 1985 29 18 för
3230 1984 104 19 donations
3349 1982 48 26 god-

2570 2019 46 13 sens
2634 2013 73 19 inlösen
2722 2012 112 25 anvisades,
2851 2012 64 20 dertill
2931 2012 103 20 bestämde
3048 2012 88 24 200,000
3151 2011 43 19 m:k
3207 2010 75 26 jemväl
3296 2009 54 27 finge
3364 2014 33 14 an-

2569 2040 74 19 vändas
2658 2040 27 19 till
2700 2039 206 20 komunikationernas
2920 2038 153 20 fullkomnande.

2627 2066 143 26 Ridderskapet
2784 2067 37 18 och
2836 2066 62 20 Adeln
2913 2068 51 17 samt
2978 2064 154 21 Bonde-stänlet
3144 2063 92 25 inbjulas
3250 2066 28 16 att
3288 2064 68 18 förena
3368 2062 29 26 sig

2569 2099 32 13 om
2616 2093 33 19 det
2663 2093 19 19 af
2695 2094 77 18 Presta-
2785 2094 39 18 och
2838 2092 178 26 Borgare-ständen
3026 2092 91 24 anslagne
3126 2090 87 20 Creditiv
3224 2091 21 19 af
3254 2090 88 25 500,000
3353 2090 43 18 m:k

2569 2120 26 19 till
2611 2120 108 25 styrelsens
2734 2120 119 24 förfogande.

2625 2146 70 19 Presta
2711 2145 36 20 och
2764 2145 176 26 Borgare-ständen
2958 2144 90 26 inbjudas
3066 2147 28 17 att
3108 2144 46 19 med
3168 2143 122 25 frängäende
3305 2143 21 19 af
3338 2142 59 20 deras

2569 2173 6 19 i
2592 2172 53 20 detta
2662 2172 91 20 afseende
2772 2172 72 20 fattade
2859 2172 75 24 beslut,
2951 2171 49 20 afstä
3015 2171 43 20 frän
3074 2172 86 24 anslaget
3174 2171 21 19 af
3208 2170 88 23 200,000
3312 2169 43 19 m:k
3370 2169 27 20 till

2569 2198 122 21 därvärdens
2705 2198 137 20 förbättrande.
2877 2218 4 4 —.

2627 2226 142 25 Ridderskapet
2783 2226 38 19 och
2836 2226 62 19 Adeln
2913 2227 51 18 samt
2978 2224 146 20 Bondeståndet
3138 2222 91 26 inbjudas
3244 2225 28 17 att
3287 2224 68 18 förena
3369 2223 29 25 sig

2569 2252 46 19 med
2623 2253 69 18 Presta
2706 2253 36 19 och
2754 2252 179 26 Borgare-stånden
2948 2257 32 14 om
2994 2254 28 16 ett
3036 2252 67 24 anslag
3118 2251 20 19 af
3152 2251 86 24 100,000
3254 2250 41 19 M:k
3310 2250 26 19 till
3352 2250 46 19 aflö-

2570 2278 62 20 nande
2647 2279 19 19 af
2679 2279 44 19 bro-
2737 2280 37 18 och
2789 2278 123 26 skallfogdar.

2627 2305 92 26 Slutligen
2733 2304 89 26 inbjudas
2836 2306 78 18 Presta-
2928 2306 84 24 Borgare
3026 2304 39 19 och
3079 2302 161 21 Bonde-ständen
3250 2305 28 17 att
3287 2303 68 19 förena
3368 2302 30 25 sig

2571 2332 45 19 med
2631 2332 142 24 Ridderskapet
2787 2332 37 19 och
2840 2332 62 19 Adeln
2916 2332 78 23 derom,
3010 2333 28 17 att.
3051 2330 114 20 äterstoden
3180 2330 21 19 af
3213 2330 91 19 Kronans
3319 2329 57 20 andel
3392 2329 5 19 i

2570 2357 170 21 bränvinsskatten
2761 2358 76 24 blefve,
2859 2358 50 19 efter
2929 2358 37 19 den
2988 2357 20 19 af
3027 2356 103 20 Utskottet
3151 2356 111 26 föreslagne
3280 2355 118 25 beräknings

2571 2384 70 25 grund,
2659 2382 85 22 fördelad
2758 2384 24 25 pä
2799 2384 57 20 lands
2874 2385 39 18 och
2930 2384 180 24 stadskommuner,
3130 2384 30 18 för
3173 2385 28 17 att
3218 2382 102 20 användas
3338 2382 60 26 enligt

2571 2411 281 25 kommunalstämino-beslut,
2870 2411 4 18 i
2890 2410 65 20 hvilka
2970 2410 69 19 endast
3060 2410 24 18 de
3104 2409 51 25 finge
3170 2409 88 25 deltaga,
3273 2414 44 13 som
3330 2408 68 20 hittills

2571 2440 32 21 äct
2618 2438 38 18 rätt
2670 2437 25 19 till
2710 2434 214 28 husbehofsbränning;
2940 2437 102 19 äfvensom
3056 2436 79 19 Presta-
3150 2436 37 19 och
3202 2434 155 21 Bondestånden
3371 2434 28 20 in-

2571 2463 70 26 bjudas
2661 2466 28 17 att
2709 2464 4 19 i
2735 2464 59 19 likhet
2812 2464 45 19 med
2874 2464 144 24 Ridderskapet
3035 2463 38 19 och
3088 2462 62 20 Adeln
3164 2465 53 17 samt
3230 2461 168 26 Borgareståndet

2571 2491 119 23 bestämma,
2705 2493 27 17 att
2741 2488 36 33 idet
2786 2490 131 26 tilläfventyrs
2927 2489 161 27 uppkommande
3098 2489 113 19 öfverskott
3220 2489 20 19 af
3249 2488 151 20 brönvinssk=t-

2571 2520 32 16 ten
2617 2517 52 25 finge
2682 2516 24 26 pä
2721 2522 34 15 ena
2770 2517 64 20 handa
2849 2519 39 17 sätt
2902 2518 66 18 ställas
2983 2516 25 20 till
3024 2517 157 18 kommunernas
3196 2515 123 26 förfogande.

2629 2544 7 19 I
2651 2544 195 19 öfverenstämmelse
2856 2543 45 20 med
2912 2544 53 18 detta
2976 2542 277 26 sammanjemkningsförslag
3263 2542 80 19 komme
3354 2541 45 20 ifrå-

2571 2570 112 25 gavarande
2697 2565 65 31 anslåg
2777 2573 28 16 att
2819 2570 45 25 utgå
2880 2570 5 19 i
2902 2569 81 25 följande
2997 2569 91 25 ordning:

2572 2597 22 19 A.
2619 2597 72 25 Anslag
2707 2597 26 19 till
2743 2594 115 28 [ersättning
2876 2597 21 19 af
2912 2597 89 24 Kronans
3016 2596 69 19 förlust
3099 2601 73 19 genom
3186 2595 38 20 den
3239 2595 40 19 för-

2617 2623 86 20 ändrade
2717 2623 149 25 lagstiftningen:

2573 2651 32 19 1:0
2620 2650 37 19 För
2671 2650 139 24 eftergifvande
2824 2650 20 19 af
2857 2650 204 20 husbehofsbränvins
3075 2648 83 21 arendet
3230 2648 42 20 M:k
3289 2644 14 33 —
3310 2648 88 25 660,000

2573 2678 32 18 2:0
2620 2677 29 19 De
2663 2676 45 20 med
2723 2676 111 20 Kontrollen
2848 2676 93 20 förenade
2955 2676 80 25 utgifter
3053 2691 3 3 .
3230 2674 42 20 M:k
3287 2670 15 35 —
3311 2675 87 25 300,000

2559 2704 33 18 :B.
2617 2703 72 25 Anslag
2703 2703 26 19 till
2744 2702 143 27 allmännyttiga
2902 2702 99 20 ändamål:

2573 2731 32 18 1:0
2619 2730 32 19 Till
2667 2730 133 24 fängelsernas
2814 2729 134 20 förbättrande
3018 2744 38 4 0.
3230 2728 42 19 M:k
3292 2724 11 33 —
3310 2728 88 24 600,000

2572 2757 33 19 2:0
2619 2756 31 20 Till
2667 2732 76 53 koläum
2751 2736 117 44 kalonemas
2883 2756 173 20 fullkomnande'::
3231 2754 42 20 M:k
3288 2754 110 25 1,800,000

2572 2784 33 18 3:0
2618 2783 33 19 Till
2669 2783 99 19 Jonatiohs
2785 2783 85 25 godsens
2887 2782 100 20 inlösande
3231 2781 41 19 M:k
3289 2777 15 34 —
3310 2782 88 24 200,000

2572 2811 33 18 4:0
2619 2809 86 20 Creditiv
2719 2810 26 19 till|
2760 2810 109 25 styrelsens
2884 2809 111 26 förfogande
3018 2824 3 4 .
3052 2824 4 4 .
3089 2824 3 4 .
3125 2824 3 4 .
3161 2824 3 4 .
3197 2824 4 4 .
3230 2808 42 19 M:k
3311 2808 87 24 500,000

2572 2836 21 19 C.
2619 2836 71 25 Anslag
2704 2836 25 19 till
2744 2836 84 19 lättande
2838 2836 20 19 af
2866 2836 73 20 bördor
2948 2842 44 13 som
3002 2835 70 27 trycka
3080 2834 130 26 jordbruket:
3328 2838 2 3 ä

2575 2864 30 18 1:0
2619 2862 32 20 Till
2666 2862 100 20 aflönande
2780 2862 20 19 af
2812 2863 35 19 bro
2862 2863 38 19 och
2915 2862 117 26 skallfogdar
3054 2878 4 3 .
3162 2878 4 3 <
3198 2877 3 3 .
3231 2861 42 19 Mk
3312 2860 86 25 —100,000

2573 2890 32 18 2:0
2619 2889 32 19 Till
2668 2889 152 31 kommunernas
2834 2889 112 26 förfogande
3018 2903 184 5 eo.
3231 2887 42 20 Mik
3289 2888 110 24 1,000,000

2620 2916 83 19 Hvartill
2719 2918 49 37 ännu
2788 2916 90 19 kommer
2900 2916 131 19 komunernas
3051 2914 64 26 fjerde
3136 2915 31 19 del
3190 2915 20 19 af
3228 2914 44 20 hela

2621 2942 78 20 skatten

2753 2973 2 32 |

2755 3045 2 45 |

2757 3129 2 39 |

3230 2940 42 20 M:k
3288 2940 116 26 1,720,000.
