1009 1686
290 131 71 22 Nådiga
374 132 140 23 Propositionen
527 133 36 17 N:o
574 134 29 17 31.
786 135 33 20 991

76 179 35 20 har
124 179 101 21 Utskottet
239 183 65 18 ansett
317 181 30 26 sig
360 182 47 19 böra
423 181 4 20 i
442 181 64 26 någon
520 181 46 20 mån
580 182 65 21 afvika
659 182 44 21 från
713 183 107 21 innehållet

74 207 22 19 af
109 206 35 20 det
160 207 73 26 förslag
250 207 27 20 till
294 208 187 26 Bevillningsstalga
498 214 45 14 som
556 208 64 21 finnes
634 209 38 21 den
686 210 74 26 Nädiga
774 216 46 19 pro-

74 233 110 25 positionen
198 233 92 26 bifogadt.
321 235 87 25 Afsigten
423 235 68 20 dervid
506 236 36 18 har
556 235 51 20 varit
616 238 34 22 att,
662 235 66 21 såvidt
737 236 80 26 möjligt,

74 259 114 26 följdriktigt
202 261 114 24 genomföra
331 267 24 13 en
369 261 125 25 beskattning
508 261 24 25 pä
547 261 38 20 den
599 267 47 14 rena
657 263 109 20 inkomsten.
795 263 26 19 Af

75 288 53 18 detta
144 288 40 19 skäl
201 289 34 18 har
249 288 38 20 den
302 288 25 20 till
343 288 36 20 lika
397 288 71 26 belopp
486 289 28 19 för
532 289 36 19 alla
586 292 47 17 utan
650 290 93 20 afseende
756 290 11 20 å
781 290 39 20 för-

74 315 106 23 mögenhet
194 314 109 26 föreslagna
318 315 122 25 «personliga
455 315 181 26 skyddsafgiften»,
654 316 79 20 hvilken
751 316 69 19 endast

74 345 50 14 vore
142 343 28 16 att
187 341 90 19 betrakta
294 346 44 14 som
356 346 25 14 en
398 346 26 20 ny
445 341 95 25 personell
559 342 62 24 skatt,
641 342 62 19 blifvit
720 343 99 19 utesluten

74 368 52 17 samt
143 366 105 26 bevillning
264 368 21 18 af
301 367 37 19 fast
352 368 96 24 egendom
462 368 108 25 föreslagits
584 370 28 17 att
629 367 55 26 utgå,
703 368 24 26 på
743 374 75 14 samma

75 394 39 18 sätt
128 398 43 14 som
186 393 21 19 af
219 393 23 19 all
257 399 62 13 annan
333 394 143 24 förmögenhet,
492 394 45 20 med
552 397 84 22 procent
649 394 21 20 af
681 395 38 19 den
734 400 47 14 rena
792 394 27 20 in-

74 418 91 20 komsten
180 420 60 23 enligt
253 421 83 24 ägarens
350 420 75 25 uppgift
439 421 47 19 eller
503 420 201 26 bevillningskomités
722 420 95 26 pröfning.

127 446 8 19 I
149 445 33 20 det
196 446 151 20 skandinaviska
362 445 178 26 samhällsskicket,
556 448 84 18 hvarest
653 447 72 19 folkets
740 446 80 25 sjelfbe-

74 472 149 26 skattningsrätt
237 475 22 17 är
273 473 115 25 urgammal,
403 474 57 24 utgör
477 473 103 25 bevillning
596 473 38 20 den
648 474 62 19 äldsta
724 473 52 19 form
788 474 32 19 för

73 498 131 26 beskattning.
233 498 75 25 Hvarje
320 498 75 26 pålaga,
412 498 65 20 måste
491 500 29 19 för
534 502 29 17 att
577 504 59 15 anses
650 505 45 14 som
709 499 64 26 laglig,
785 506 34 13 va-

74 529 22 15 ra
110 526 21 18 af
143 524 61 20 folket
217 524 91 26 beviljad.
338 526 8 18 I
359 525 38 20 den
411 525 47 19 män
476 526 132 20 statsverkets
626 525 59 27 årliga
702 526 62 20 behof
782 526 37 20 till-

74 554 61 17 vexte
149 552 41 19 blef
202 551 34 20 det
249 551 119 26 nödvändigt
382 555 28 16 att
425 552 99 21 förvandla
539 552 25 19 Je
578 552 30 19 för
623 552 90 25 tillfälliga
727 552 90 20 ändamål

74 578 47 19 eller
136 577 70 20 endast
221 578 108 19 tillsvidare
342 577 96 25 beviljade
454 578 99 20 skatterna
567 578 27 20 till
610 579 94 25 ständiga.
734 579 38 19 Det
781 584 37 14 var

74 603 82 21 sålunda
174 610 42 14 som
234 605 34 19 det
284 603 121 21 förhållande
422 605 96 25 inträdde,
535 607 27 17 att
576 605 5 19 i
596 605 34 19 det
643 605 113 19 nuvarande
770 605 49 19 kon-

73 631 125 19 stitutionella
213 630 133 26 språkbruket
359 631 46 19 med
420 631 56 19 ordet
489 632 104 25 bevillning
607 632 82 19 komimit
702 634 30 17 att
745 631 73 20 förstås

73 660 108 16 motsatsen
197 660 41 16 mot
252 656 80 21 stående
348 658 59 19 skatt.

127 683 64 20 Sedan
206 684 118 19 statskicket
338 685 38 18 och
390 684 232 26 beskattningsväsendet
636 684 84 20 kommit
736 684 28 20 till
778 684 38 20 den

74 709 122 25 ståndpunkt
212 711 21 19 af
248 710 122 25 utveckling,
390 711 71 19 hvaraf
477 710 46 20 våra
544 711 89 25 gällande
651 710 117 26 grundlagar
784 712 34 18 äro

73 739 29 17 ett
115 736 86 26 uttryck,
213 736 61 20 finner
284 742 45 14 man
340 736 24 20 de
379 736 99 21 såkallade
493 737 153 24 bevillningarne
660 739 52 18 mest
721 737 98 19 förekom-

74 768 31 14 ma
121 768 43 14 som
179 764 67 24 anslag
261 764 29 18 för
304 763 91 26 tillfälliga
409 763 97 25 ändamål,
522 763 67 20 såsom
600 764 164 26 bröllopsgärder,
776 764 42 19 fad-

73 788 113 27 dergåfvor,
203 790 99 24 krönings-
316 790 38 19 och
369 790 183 26 begrafningshjelp,
569 790 103 26 krigsgärd
687 796 67 14 m.m.
782 790 34 20 Be

73 816 115 26 villningens
205 816 106 26 fördelning
328 816 76 20 skedde
422 817 87 26 vanligen
531 817 49 19 efter
597 817 25 19 de
643 820 52 16 mest
712 816 106 20 olikartade

73 842 93 26 grunder,
183 849 44 13 men
241 842 47 19 med
302 843 134 26 omsorgsfullt
450 843 122 20 bemödande
589 843 66 20 att'så
672 842 80 26 jemnka
769 843 48 20 den-

73 874 84 19 samma,
173 872 29 17 att
214 869 38 20 den
267 868 88 27 fattigare
368 870 80 19 klassen
463 869 17 26 ej
496 869 60 20 måtte
573 869 19 20 få
608 869 109 20 vidkännas
731 869 87 26 drygare

73 898 58 23 tunga
146 897 23 18 än
184 896 37 19 den
235 895 103 21 förmådde
351 896 53 19 bära.
435 895 84 21 Sålunda
534 895 102 26 utgjordes
652 896 38 20 den
708 896 109 25 personella

73 922 78 26 afgiften
166 923 26 19 till
208 922 106 25 bevillning
328 923 58 24 enligt
400 928 24 13 en
439 923 5 18 i
459 923 25 19 de
498 925 52 16 mest
564 921 120 26 detaljerade
693 922 124 26 gradationer

74 949 104 24 upprättad
193 949 61 24 skala,
270 948 103 26 bevillning
387 948 20 19 af
418 949 54 19 löner
482 950 4 18 i
496 952 83 22 procent
593 949 20 19 af
625 949 109 24 desamma,
749 948 69 20 bevill-

74 975 44 25 ning
139 975 42 20 från
201 975 177 25 frälseegendomar
395 976 58 24 enligt
470 975 191 25 rustningsmarker,
680 976 20 18 af
715 975 103 19 städernas

73 1001 124 26 borgerskap
212 1001 60 24 enligt
286 1001 87 24 taxering
387 1007 27 13 m.
430 1007 27 14 m.
487 1002 106 19 Dessutom
608 1001 133 20 förekommer
750 1001 68 20 bevill-

72 1027 45 26 ning
134 1028 22 19 af
170 1033 93 20 qvarnar,
282 1028 20 19 af
318 1027 122 25 boningshus
458 1027 54 20 såväl
527 1027 5 19 i
550 1027 91 20 städerna
656 1033 43 14 som
713 1027 25 26 på
752 1027 65 20 landet

74 1054 50 19 efter
138 1055 58 18 deras
210 1054 140 23 fönsterlufter,
367 1053 29 19 för
410 1055 116 24 rättigheten
540 1056 28 17 att
581 1053 63 27 nyttja
655 1054 39 24 vin,
705 1053 59 25 kaffe,
775 1054 41 25 the,

74 1080 104 25 chokolad,
194 1080 72 19 socker
281 1080 37 20 och
332 1080 70 25 puder,
418 1081 30 18 för
463 1081 91 24 ekipager
564 1081 37 18 och
612 1081 73 23 hästar,
697 1081 29 18 för
735 1079 81 26 lakejer,

74 1106 171 26 kammartjenare,
261 1107 51 19 kock
326 1112 28 13 m.
370 1111 26 14 m.
413 1107 29 18 för
456 1106 101 26 nyttjande
570 1107 22 19 af
603 1107 102 24 husprest,
721 1106 28 19 för
765 1107 53 18 kort-

74 1134 38 18 och
127 1133 118 25 billardspel,
261 1133 29 19 för
305 1132 91 25 rättighet
411 1135 27 17 att
455 1133 87 25 begagna
556 1133 90 25 sidentyg
664 1133 37 19 och
718 1133 48 19 bära
783 1132 34 20 fic-

73 1160 45 24 kur,
135 1160 30 18 för
178 1158 102 26 nyttjande
294 1158 19 20 af
326 1159 45 19 rök-
385 1160 39 18 och
438 1159 115 25 snustobak,
569 1160 30 18 för
613 1159 75 20 hundar
698 1164 27 14 m.
736 1165 27 13 m.
780 1158 38 20 Ge-

73 1191 47 14 nom
135 1185 63 20 denna
215 1185 98 27 mångfald
330 1185 22 19 af
367 1184 218 26 beskattningsföremål
604 1188 51 16 samt
672 1185 59 19 dessa
749 1184 67 20 talrika

74 1212 124 26 gradationer
213 1212 100 19 sträfvade
326 1216 45 14 man
386 1213 28 17 att
427 1213 148 23 proportionera
589 1210 93 27 pålagans
696 1211 59 26 tyngd
767 1212 51 18 efter

74 1237 69 25 hvarje
157 1237 161 25 skattdragandes
333 1237 88 25 förmåga
436 1240 27 16 att
477 1238 46 19 bära
532 1237 123 20 densamma.
683 1238 44 18 Men
736 1242 34 14 om
779 1237 38 19 ock

74 1264 34 20 det
122 1263 83 21 afsedda
220 1263 112 20 ändamålet
345 1263 25 20 till
386 1269 24 14 en
425 1264 41 19 viss
480 1264 48 25 grad
542 1263 105 24 ernåddes,
664 1263 22 20 så
700 1263 118 25 motvägdes

72 1291 63 19 denna
146 1290 60 19 fördel
220 1290 11 19 å
244 1290 59 19 andra
317 1289 55 20 sidan
382 1289 18 25 ej
410 1290 48 19 blott
467 1290 20 19 af
494 1290 33 20 det
537 1290 98 25 vidlyftiga
649 1290 37 19 och
700 1289 116 20 invecklade

73 1316 163 25 uppbördssättet
252 1319 46 15 utan
314 1316 58 19 äfven
389 1316 21 18 af
425 1316 33 18 det
475 1316 28 19 för
520 1316 95 18 allmänna
632 1316 81 18 känslan
732 1315 85 24 motbju-

73 1342 64 20 dande
151 1342 5 18 i
170 1343 28 18 ett
212 1341 220 26 beskattningssystem,
449 1347 43 14 som
506 1341 32 19 vid
553 1340 70 25 hvarje
636 1341 20 19 af
668 1341 25 19 de
704 1341 113 25 alldagliga-

74 1371 31 16 ste
122 1367 145 26 lefnadsbestyr
287 1367 82 25 hejdade
389 1367 143 26 medborgaren
552 1367 28 18 för
600 1370 29 16 att
648 1367 73 19 affodra
742 1367 74 20 honom

75 1394 59 20 skatt.

127 1420 39 20 Det
179 1426 77 14 samma
270 1419 98 26 ändamål,
384 1422 28 18 att
424 1420 80 26 afpassa
518 1419 94 27 pålagans
625 1419 75 21 storlek
714 1419 50 21 efter
777 1419 38 21 den
