1017 1692
167 141 42 32 950
384 145 70 21 Nådiga
466 145 140 22 Propositionen
619 144 36 17 N:o
667 144 28 17 31.

170 194 72 19 miténs
257 193 97 26 protokoll
369 194 38 19 och
420 194 46 25 göra
480 194 25 20 de
519 194 5 19 i
539 193 20 26 $$
574 194 24 18 23
613 193 38 19 och
663 194 26 18 24
703 192 116 20 föreskrifna
834 193 82 19 anteck-

170 220 66 26 ningar
251 220 6 19 i
272 220 214 26 taxeringslängderne.

515 273 10 25 s
539 274 33 18 2.

224 312 73 20 Valbar
313 311 25 20 till
353 311 87 20 ledamot
460 312 5 18 i
479 311 180 25 Taxeringskomité
680 313 22 17 är
723 309 70 26 hvarje
808 309 109 25 välfrejdad

170 343 80 20 person,
267 344 44 13 som
326 339 22 17 är
362 338 109 24 berättigad
486 340 28 17 att
527 338 6 18 i
548 338 51 18 valet
614 337 86 26 deltaga;
717 338 39 18 och
770 337 35 19 bör
819 336 33 20 vid
867 337 52 19 valet

172 364 60 20 tillses
247 366 35 23 att,
299 363 66 20 såvidt
384 363 75 25 möjligt
476 365 28 23 är,
527 363 16 25 ej
562 363 76 19 mindre
659 364 103 24 fastighets
780 363 138 26 innehafvare,

173 391 24 18 än
212 390 148 25 näringsidkare
373 390 38 19 och
425 391 98 24 löntagare
532 390 78 18 komma
625 392 28 16 att
666 390 5 18 i
680 388 195 26 Taxeringskomitén
889 388 29 20 in-

175 415 67 26 väljas.

224 442 57 20 Efter
295 442 172 26 valförrättningen
485 442 49 20 skall
554 442 38 19 den
606 442 64 25 valde,
687 442 10 19 å
713 442 66 20 landet
798 442 21 18 af
834 441 85 19 socken-

172 470 111 18 stämmans
297 469 118 19 ordförande
437 470 38 18 och
489 469 5 19 i
509 468 43 20 stad
569 469 20 19 af
601 468 126 26 Magistraten
749 469 47 19 eller
810 468 109 25 Ordnings-

171 497 63 18 rätten
249 501 34 14 om
297 496 48 19 dess
359 495 71 27 utgång
440 496 118 26 skyndsamt
572 495 132 20 underrättas.

224 522 27 19 På
267 522 33 20 det
313 522 205 25 Taxeringskomiténs
538 522 108 20 ledamöter
660 522 32 19 må
707 528 36 19 ega
761 521 72 20 tillfälle
848 523 28 17 att
889 520 29 20 in-

171 548 67 20 hemta
252 549 59 25 nödig
324 548 115 26 kännedom
453 555 32 13 om
503 550 42 18 sina
562 548 120 26 åligganden,
698 549 35 19 bör
749 550 28 18 ett
794 547 125 26 erforderligt

171 575 52 21 antal
234 576 101 24 exemplar
345 576 20 18 af
373 575 62 19 denna
446 576 71 25 Stadga
528 574 154 20 tillhandahållas
693 574 149 20 vederbörande
854 574 65 20 stads-

173 602 97 26 styrelser
284 602 39 19 och
337 601 136 26 kyrkoherdar
489 604 52 17 samt
555 604 28 17 ett
592 602 102 25 exemplar
707 601 58 20 deraf
776 600 63 26 jemte
850 601 70 19 ofvan-

171 628 86 20 nämnde
272 628 159 25 förständigande
446 629 133 19 öfverlemnas
594 628 26 19 till
635 627 69 25 hvarje
724 627 73 20 utsedd
811 627 87 20 ledamot
913 628 5 18 i

171 654 100 24 Komitén;
287 655 39 19 och
340 654 54 20 skola
408 654 60 20 dessa
483 655 108 25 exemplar,
602 654 63 20 sedan
674 654 93 19 Komitén
782 654 80 22 afslutat
877 653 42 20 sina

172 681 80 20 arbeten
267 682 30 18 för
310 680 49 25 året,
376 681 26 19 till
417 681 157 26 stadsstyrelsen
589 681 46 19 eller
649 680 141 26 kyrkoherden
808 680 111 20 återställas

172 708 30 18 för
217 710 27 17 att
259 706 130 26 nästföljande
403 706 22 21 år
439 707 64 20 kunna
517 708 30 19 för
561 707 100 20 enahanda
676 707 90 20 ändamål
781 706 106 26 begagnas.

516 760 11 26 s
539 760 34 20 22.

224 799 30 19 En
271 798 50 20 hvar
341 804 45 14 som
399 798 52 20 valts
469 798 27 20 till
515 798 88 20 ledamot
623 798 6 20 i
643 798 181 26 Taxeringskomité
846 800 30 24 är,
896 798 21 20 så

172 826 59 19 framt
245 826 38 19 han
297 826 44 18 icke
356 825 19 20 af
387 826 42 24 laga
444 826 61 19 förfall
520 825 85 20 derifrån
626 825 87 25 hindras,
729 825 79 26 skyldig
823 828 28 16 att
865 825 54 19 detta

172 852 90 26 uppdrag
277 852 88 26 fullgöra.
395 852 101 20 Inträffalt
510 852 61 20 förfall
593 852 36 19 bör
644 852 118 26 skyndsamt
780 852 88 20 anmälas
883 852 37 19 hos

172 879 137 24 Magistraten,
329 879 161 24 Ordningsrätten
511 880 47 19 eller
578 879 103 19 Komiténs
702 879 124 24 ordförande,
849 878 21 20 så
892 881 29 17 att

172 906 105 25 suppleant
290 904 33 21 må
337 905 58 20 hinna
409 905 82 20 inkallas
505 906 42 19 före
560 905 102 20 Komitöns
673 905 155 20 sammanträde.
857 905 63 20 Leda-

171 935 43 16 mot
227 932 6 19 i
246 931 188 26 Taxeringskomité,
451 937 44 14 som
510 935 45 16 utan
570 933 41 24 laga
626 932 61 19 förfall
702 931 44 20 från
759 932 47 19 dess
821 937 100 14 samman-

172 958 56 19 träde
241 958 112 25 uteblifver,
369 958 49 19 skall
433 958 45 20 böta
493 959 26 18 tio
533 959 64 24 mark,
609 959 37 18 och
661 964 35 19 ega
711 958 25 19 de
750 958 126 19 närvarande
890 958 28 19 le-

171 984 121 25 damöterne,
309 990 33 14 om
355 984 34 20 det.
402 984 29 19 för
445 985 99 25 taxerings
554 985 151 25 förrättningens
719 984 91 26 fortgäng
820 984 100 19 erfordras

172 1012 39 18 och
224 1011 72 19 utsedd
311 1011 106 24 suppleant
432 1011 29 18 för
476 1011 81 20 tillfället
573 1011 45 19 icke
632 1011 37 19 kan
691 1010 184 25 tillstäleskomma,
891 1010 29 19 in-

172 1037 50 20 kalla
236 1042 62 14 annan
319 1037 27 20 till
368 1037 85 20 ledamot
468 1037 67 20 valbar
555 1043 73 20 person
644 1040 28 16 att
691 1037 6 19 i
712 1037 102 20 Komiténs
831 1036 88 26 göromål

172 1063 86 25 deltaga.

225 1090 182 25 Taxeringskomité
422 1089 32 20 må
468 1090 45 19 icke
527 1090 67 20 skrida
608 1090 26 20 till
649 1090 131 19 verksamhet
796 1089 21 20 så
828 1089 60 20 framt
902 1089 17 25 ej

173 1119 56 16 utom
243 1117 132 19 ordföranden
392 1116 61 20 minst
473 1119 30 17 tre
517 1116 150 25 vederbörligen
682 1116 58 20 valde
758 1117 47 19 eller
826 1116 96 19 inkallade

172 1142 110 20 ledamöter
296 1144 34 18 äro
346 1143 33 20 vid
393 1143 155 20 sammanträdet
562 1143 103 19 tillstädes.

228 1169 42 19 Har
284 1169 131 20 ordföranden
437 1169 45 19 eiler
497 1170 50 19 hans
569 1170 109 25 suppleant,
695 1169 36 20 der
745 1169 64 20 denne
824 1169 95 24 inkallats,

173 1194 43 20 från
232 1195 207 25 Taxeringskomiténs
460 1195 144 20 sammanträde
618 1198 46 17 utan
683 1196 42 25 laga
744 1196 61 19 förfall
823 1196 99 19 uteblifvit

173 1221 48 19 eller
235 1221 45 19 icke
294 1221 125 20 derförinnan
434 1221 149 25 vederbörligen
604 1223 73 18 anmält
691 1228 33 13 om
746 1222 99 19 inträffadt
858 1221 64 26 dylikt

174 1246 69 25 förfall,
265 1247 46 18 böte
332 1247 38 18 han
391 1247 67 19 femtio
473 1247 65 22 mark;
561 1247 93 19 uteblifva
675 1247 70 25 begge,
767 1247 37 18 bör
818 1247 100 24 Komitén,

175 1273 61 18 hvars
250 1273 116 24 förrättning
382 1273 5 18 i
402 1273 141 18 ordförandens
564 1273 47 18 eller
625 1273 47 18 dess
693 1273 114 24 suppleants
824 1272 94 19 frånvaro

173 1297 45 20 icke
232 1297 32 20 må
280 1298 76 25 vidtaga
371 1299 47 19 eller
439 1297 69 26 fortgå,
524 1298 69 19 derom
608 1300 45 17 utan
673 1298 95 25 dröjsmål
790 1299 74 19 anmäla
883 1299 38 19 hos

172 1324 136 25 Guvernören,
325 1324 10 19 å
350 1325 79 19 hvilken
439 1325 33 19 det
486 1325 115 19 ankommer
613 1327 28 17 att
656 1325 78 26 vidtaga
747 1325 39 20 den
800 1325 68 26 åtgärd
878 1331 42 14 om-

174 1351 160 25 ständigheterna
348 1351 82 26 påkalla.

517 1396 10 25 5
542 1396 31 19 23.

229 1434 190 20 Håradsskrifvaren
434 1434 55 26 skall,
506 1434 24 21 då
546 1436 38 19 han
599 1434 45 26 sjelf
656 1435 45 20 icke
721 1437 21 18 är
757 1435 119 20 ordförande
892 1435 28 20 uti
