1070 1689
181 139 44 31 1188
392 142 71 22 Nädiga
475 143 139 22 Propositionen
628 143 36 17 N:o
677 143 29 16 37.

184 191 78 24 mäner;,
282 192 68 19 hvilka
373 191 132 25 befattningen
531 191 63 25 åtföljt
622 191 68 20 såsom
715 191 97 20 ordinarie
834 191 41 24 lön,
898 191 28 20 1ö-

184 217 132 25 netillökning,
332 217 159 25 löneförbättring
511 218 39 18 och
569 217 170 25 taffelpenningar,
761 217 64 19 ehvad
846 217 79 19 de:äro

185 243 93 20 särskildt
292 243 29 19 för
338 243 30 25 sig
388 243 48 20 eller
456 244 4 18 i.
482 243 87 25 förening
590 243 45 20 med
654 245 59 17 annat
732 243 68 26 anslag
820 245 105 23 'upptagne,

185 268 18 25 ej
221 269 77 20 mindre
315 271 25 17 än
356 269 92 25 rättighet
463 269 28 20 till
508 269 126 26 begagnande
652 270 20 19 af
687 269 185 24 boställshemman,
894 269 34 19 bo-

186 296 122 19 ställsräntor
328 296 38 18 och
385 295 196 26 hboställspenningar,
603 296 104 19 äfvensom
726 295 38 19 den
783 296 85 25 Lagmän
890 296 38 19 och

185 321 179 26 Häradshöfdingar
379 321 92 20 anvisade
486 322 140 25 tingsgästning
640 324 53 17 samt
708 321 127 25 krigsbelälet
848 322 38 21 och
901 321 26 20 ci-

185 347 38 19 vila
238 347 118 25 tjenstemän
371 348 31 19 vid
417 348 98 19 militären
529 347 97 25 beviljade
640 348 53 19 löner
708 348 37 19 och
760 347 168 25 portionspennin-

183 379 35 20 gar
232 374 29 20 för
276 373 102 24 betjenter.
407 375 93 18 Deremot
514 374 77 26 upphör
605 374 5 18 i
624 373 46 25 följd
681 373 20 20 af
710 373 52 26 dylik
772 373 114 26 indragning
896 373 32 20 sä-

185 398 31 21 väl
230 400 119 24 rättigheten
363 403 28 16 att
405 400 6 19 i
424 400 86 19 kronans
525 401 38 18 hus
577 400 86 25 begagna
681 400 128 24 honingsrum
828 399 46 21 med
889 399 39 20 ved

185 426 38 18 och
237 425 38 25 ljus
290 426 46 19 eller
350 425 72 26 åtnjuta
438 426 23 19 fri
475 426 134 25 ingvartering
623 426 47 20 eller
684 427 30 19 för
727 426 60 19 dessa
803 426 62 19 behof
879 430 50 22 upp-

185 451 47 20 bära
247 452 126 19 lönetillskott
386 453 64 19 under
464 455 28 17 ett
506 453 47 19 eller
568 455 57 17 annat
639 458 68 19 namn,
725 458 43 13 som
784 452 144 25 utbetalningen

185 478 21 19 af
218 479 35 19 alla
267 478 25 20 de
306 479 72 25 anslag,
398 479 77 19 hvilkas
493 479 116 25 benämning
625 479 76 19 utvisar
717 478 47 20 dem
781 483 45 15 vara
844 478 83 20 ämnade

184 504 27 19 till
227 504 151 25 vedergällande
392 506 21 18 af
426 504 72 20 sådana
512 505 108 19 kostnader
634 506 38 18 och
686 505 138 26 uppoffringar,
841 510 43 14 som
895 510 32 14 en-

184 530 46 22 dast
245 530 63 20 under
325 530 96 25 tjenstens
437 532 88 24 utöfning
541 531 97 24 förefalla,
656 537 45 13 men
719 530 86 21 derefter
823 531 17 25 ej
860 530 68 20 vidare

185 556 81 21 komma
280 556 5 19 i
299 556 60 25 fräga,
375 556 68 20 säsom
457 558 28 18 för
495 558 59 19 civile
563 557 124 26 tjenstemän:
699 557 159 25 resepenningar,
870 557 58 19 skrif-

185 582 102 25 varehjelp
302 584 37 18 och
353 583 174 25 skrifmaterialier,
543 584 24 19 dä
582 584 25 19 Je
621 583 17 25 ej
653 585 34 18 äro
704 584 46 19 med
768 582 161 26 taffelpenningar

185 609 163 25 sammanslagne,
364 609 256 27 missräkningspenningar,
633 610 193 26 uppbördsprocent,
838 610 91 19 anmärk-

186 635 148 25 ningsprocent,
351 636 140 24 traktamente,
507 642 109 20 expenser,
632 637 134 25 magasinage,
783 636 42 24 lega
841 638 37 18 och
893 642 36 13 un-

184 660 75 21 derhäll
274 662 21 18 af
308 662 73 24 hästar,
397 662 64 20 åkdon
476 662 37 19 och
527 663 105 23 farkoster,
650 662 221 26 tjensteöringsarvode,
882 668 46 24 pro-

186 687 63 20 vision
267 688 38 19 och
322 688 84 25 sportlar
423 690 21 18 af
459 690 35 19 alla
511 690 50 24 slag,
580 691 51 17 samt
645 689 29 19 för
692 689 102 20 militärer:
812 689 116 25 lägerhjelp;

185 714 153 25 resepenningar
353 715 38 19 och
405 715 122 25 hästfurage,
537 716 103 19 äfvensom
651 716 107 26 ersättning
768 716 29 18 för
806 714 121 28 sjökampanj

186 742 51 17 samt
252 740 29 19 för
295 740 74 26 fartygs
384 747 50 19 upp-
448 743 37 18 och
499 742 113 25 altackling.

534 794 8 25 $
559 796 18 18 2.

239 830 56 28 Efter
309 831 97 26 förloppet
421 833 20 18 af
453 832 37 20 den
505 833 4 19 i
525 832 9 25 $
549 834 9 18 4
576 832 103 20 bestämda
696 833 26 19 tid
738 833 90 19 kommer
842 833 87 21 embets-

185 857 48 19 eller
248 859 124 23 tjensteman,
390 858 60 20 hvars
465 859 107 25 befattning
586 859 63 19 blifvit
662 859 102 25 indragen,
780 862 28 17 att
821 860 21 18 af
850 860 79 19 allmän-

185 888 24 14 na
224 882 65 20 medel
304 882 25 26 pä
344 884 165 26 indragningsstat
522 884 73 26 ärligen
610 884 73 26 ätnjuta
698 885 22 19 sä
735 886 86 26 mycket,
838 892 44 13 som
896 887 34 19 ho-

186 914 46 13 nom
247 908 61 20 skulle
323 909 93 24 tillbordt,
433 916 31 13 om
480 912 39 18 han
533 910 43 20 från
591 911 30 19 sin
635 912 107 25 befattning
756 912 44 19 sökt
814 912 38 19 och
867 912 63 20 erhäl-

185 934 22 19 lit
220 935 71 18 afsked
306 936 48 23 och,
371 936 59 24 enligt
443 936 24 19 Je
481 937 6 18 i
502 937 158 25 författningarna
678 943 33 13 om
725 938 86 19 embets-
827 938 38 19 och
882 938 47 25 tjen-

186 962 89 17 stemäns
295 961 136 26 pensionering
448 963 107 20 fastställda
573 963 94 25 grunder,
687 964 51 19 varit
753 965 26 18 till
797 964 30 19 hel
848 965 81 24 pension

185 985 116 27 berättigad,
317 987 104 20 -hvarutom
436 989 85 24 Lagmän
535 989 38 20 och
589 989 181 26 Häradshöfdingar
785 989 73 25 jemväl
875 990 56 21 bibe-

186 1011 61 21 hållas
262 1012 33 20 vid
310 1013 37 19 den
362 1013 46 20 dem
423 1014 91 25 lagenligt
528 1015 147 20 tillkommande
689 1017 146 25 tingsgästning.

535 1067 10 26 $
554 1067 24 26 3.

239 1102 25 19 Sä
280 1103 55 24 länge
350 1103 110 26 löneanslag
475 1105 29 18 för
518 1105 89 24 indraget
621 1106 78 19 embete
714 1107 47 18 eller
770 1106 60 25 tjenst
840 1107 58 25 enligt
908 1107 21 26 $$
948 1115 2 2 -

186 1128 10 28 1
213 1128 38 19 och
266 1129 12 18 2
292 1128 64 25 utgär,
372 1129 68 20 fortfar
457 1130 47 24 Jen,
523 1137 44 14 som
584 1131 20 18 af
619 1137 76 14 samma
711 1133 77 19 embete
806 1133 47 20 eller
870 1133 60 25 tjenst

186 1154 126 19 innehafvare
326 1155 56 24 varit,
402 1158 27 17 att
443 1156 82 19 likasom
542 1157 41 18 före
600 1157 137 26 indragningen
755 1159 61 19 räkna
832 1159 95 24 tjensteär

185 1179 37 19 och
236 1179 74 26 ätnjuta
324 1181 168 26 befordringsrätt.

535 1225 11 24 S
560 1227 19 17 4.

238 1259 41 20 Den
294 1265 44 14 som
354 1259 24 26 pä
394 1261 165 25 indragningsstat
579 1261 83 25 åtnjuter
676 1264 67 25 anslag
757 1265 59 25 enligt
837 1265 37 20 Jen
894 1266 6 18 i
918 1266 9 25 $

185 1285 11 19 2
211 1285 104 20 bestämda
335 1286 69 25 grund,
427 1293 48 13 vare
495 1287 78 26 skyldig
594 1290 36 23 att,
649 1289 35 20 der
701 1291 73 18 honom
790 1291 52 20 inom
860 1291 66 20 landet

184 1311 81 20 anvisas
279 1317 62 15 annan
355 1313 105 26 befattning
470 1313 19 20 af
497 1313 38 20 lika
549 1317 36 23 art,
601 1315 38 19 och
652 1315 61 20 minst
721 1317 38 19 lika
769 1317 103 26 värdighet
881 1319 46 19 med

184 1337 38 20 den
236 1338 37 19 han
288 1339 52 19 förut
353 1339 91 24 innehaft,
459 1340 116 20 densamma
591 1344 96 23 emottaga
697 1344 38 19 och
745 1342 77 21 således
832 1345 49 20 afstä
892 1351 34 14 an-

184 1365 63 24 slaget
260 1364 11 20 ä
285 1365 198 26 indragningsstaten,
500 1367 82 20 hvarvid
598 1369 82 22 honom,
682 1360 10 37 i
707 1370 30 19 fall
747 1370 135 21 lönevilkoren
894 1372 32 20 vid

184 1391 38 20 den
238 1396 39 24 nya
291 1391 129 26 befattningen
434 1394 33 18 äro
481 1393 76 26 ringare.
571 1397 25 17 än
606 1395 32 20 vid
647 1395 38 20 den
696 1397 53 20 förra
758 1397 49 20 skall
816 1398 30 20 för
854 1398 71 21 skilna-

182 1417 40 20 den
229 1417 87 27 tilläggas
323 1419 106 25 ersättning
438 1420 21 19 af
465 1421 96 19 allmänna
570 1421 71 20 medel.
671 1423 76 25 Vägrar
757 1425 37 19 han
804 1427 28 17 att
841 1425 39 21 den
889 1427 35 18 ho-

715 1484 5 8 4
