1006 1686
293 146 72 22 Nädiga
377 147 141 23 Propositionen
531 147 36 18 N:o
580 147 28 18 36.
780 147 44 18 1275

75 200 86 15 mannen
176 196 84 25 utlyses,
276 196 42 19 sina
332 196 41 19 lösa
387 197 168 24 bränvinspännor
569 197 46 19 med
630 197 64 19 hattar
707 197 40 19 och
756 195 63 27 pipor,

75 222 34 19 vid.
123 222 35 19 bot
171 221 88 26 af-tjugu
273 222 55 19 mark
343 222 60 19 första
421 228 57 14 resan
495 225 54 17 samt
565 223 64 19 sextio
647 223 57 19 mark
721 223 38 19 och
777 223 44 19 red-

75 247 85 26 skapens
175 248 70 19 förlust
259 248 6 19 i
277 248 95 19 Händelse
386 249 21 18 af
419 249 114 25 ytterligare
547 249 87 24 tredska,
649 249 53 19 inom
711 249 40 19 åtta
761 249 60 24 dagar

74 273 51 19 efter
138 273 174 26 bränningstidens
325 274 72 26 utgång
411 275 28 18 till
453 275 80 19 allmänt
547 275 66 19 förvar
627 275 90 25 aflemna,
730 275 4 19 i
745 275 75 19 hvilket

74 299 100 25 afseende,
191 300 52 19 inom
257 298 70 27 hvarje
340 300 180 20 länsmansdistrikt
529 303 29 17 ett
568 301 47 19 eller
625 301 48 19 flere
683 301 135 25 erforderliga;

75 326 46 19 med
138 325 29 28 lås
185 326 101 25 försedda,
305 325 79 27 tjenliga
401 326 38 20 och
454 327 58 19 säkra
527 327 154 25 förvaringsrum
696 328 59 22 böra,
770 327 51 19 efter

75 353 159 24 panneägarenes
249 352 86 20 hörande
349 354 37 18 och
401 352 24 26 på
441 353 58 19 deras
511 353 116 25 bekostnad,
639 359 70 20 genom
719 354 102 19 Guvernö-

75 383 46 14 rens
136 378 76 26 försorg
227 380 55 18 utses
297 381 52 17 samt
362 379 64 19 under
441 380 52 19 vissa
508 380 21 19 af
541 380 128 20 Guvernören
682 380 79 19 tillsatte
770 384 50 21 upp-

75 404 138 27 syhingsmäns
226 405 67 26 tillsyn
308 404 37 25 stå;
362 405 99 26 åliggande
475 406 34 20 det
525 406 51 19 dock
595 405 149 21 vederbörande
761 406 60 19 Läns-

74 433 46 17 män
134 434 27 17 att
175 432 112 20 handhafva
302 432 156 26 emottagningen
473 434 38 18 och
522 432 122 26 utgifvandet
652 433 21 20 af
680 432 39 20 den
732 432 25 20 till
769 432 51 20 slike

75 458 155 25 förvaringsrum
248 458 109 20 aflemnade
375 459 182 25 bränvinsredskap
575 462 51 16 samt
642 459 101 25 deröfver,
766 461 54 17 emot

76 484 109 26 ersättning
199 486 20 18 af
232 486 12 18 4
258 485 60 25 penni
331 490 36 20 per
381 485 62 20 kanna
458 486 20 19 af
491 491 86 20 pannans
591 486 64 26 rymd,
672 484 50 21 hälla
732 490 88 20 noggran

75 511 132 26 förteckning,
227 512 81 19 hvilken
325 512 47 20 skall
390 512 20 19 af
429 513 73 19 honom
523 513 27 19 till
572 512 129 20 Guvernören
720 512 98 19 insändas.

75 538 203 26 Bränningsredskap,
293 544 44 14 som
353 540 3 17 i
373 538 80 20 allmänt
467 539 66 19 förvar
547 540 59 18 insatt
619 539 72 24 blifvit,
703 538 31 20 mä
745 538 25 25 ej,
787 538 33 20 vid

76 569 78 19 ansvar,
170 565 40 18 förr
224 564 85 20 Jerifrän
323 565 85 25 utgifvas
423 566 23 17 än
461 565 39 19 åtta
515 565 65 25 dagar,
600 565 38 19 och
656 565 43 19 icke
713 565 62 19 heller
788 564 31 19 mä

76 590 46 20 med
136 591 123 25 utgifvandet
273 591 69 25 längre
356 590 115 26 uppehällas
485 593 24 18 än
523 591 27 20 till
565 590 62 26 fjerde
641 591 69 26 dagen,
725 591 58 20 innan
797 591 23 19 ti-

76 616 38 20 den
128 617 30 19 för
172 617 236 26 bränningsrättigetens
423 618 86 25 utöming
523 617 95 26 vidtager.

419 671 12 24 $
447 671 30 19 70.

131 708 191 25 Distilleringspanna
337 708 31 19 mä
383 708 45 24 den,
441 714 42 14 som
496 709 226 25 till"bränvinsbränning
731 708 28 20 lof
766 709 53 24 äger,

76 735 37 18 alla
128 734 50 20 tider
192 735 6 18 i
212 734 35 20 sitt
261 735 38 19 hus
313 735 57 20 hafva
385 735 38 19 och
437 735 27 20 till
479 735 114 25 Jistillering
607 735 21 19 af
639 735 84 20 bränvin.
737 739 43 15 som
793 735 28 19 .fö-

77 763 32 28 rut
123 762 21 18 är
158 760 113 21 tillverkadt
285 761 92 26 begagna.

418 815 11 24 $
446 816 32 19 71.

133 851 148 26 Undersökning
298 852 27 20 till
344 852 137 26 upptäckande
497 853 21 19 af
533 852 129 26 förbrytelser
679 854 54 18 emot
750 852 51 20 hvad
815 852 6 19 i

77 877 62 19 denna
153 878 112 26 förordning
279 880 22 17 är
316 877 95 27 stadgadt,
428 884 33 14 om
475 878 218 26 bränvinstillverkning
711 881 52 17 samt
777 878 44 20 red-

77 904 61 25 skaps
153 904 143 20 innehafvande
310 906 38 18 och
362 906 115 24 försegling,
494 904 31 20 må
540 905 21 19 af
574 904 148 20 vederbörande
740 904 79 24 Krono-,

78 930 68 20 Stads-
160 931 39 18 och
211 930 139 25 Polisbetjente
364 932 104 18 äfvensom
483 931 60 19 andre
557 931 21 19 af
593 931 151 19 Guvernörerne
758 930 62 20 dertill

77 956 118 23 förordnade
211 962 95 20 personer
324 957 130 19 obehindradt
471 958 92 18 anställas
581 957 27 19 uti
625 957 103 26 brygghus
743 957 79 25 bagare-

78 985 75 23 stugor,
169 983 40 19 kök
223 983 38 19 och
275 983 61 19 andra
350 989 50 19 rum,
415 983 36 19 der
465 983 218 25 bränvinstillverkning
696 982 89 26 vanligen
794 983 29 19 fö-

78 1010 102 24 rehafves,
196 1008 22 21 så
233 1010 37 19 ock
285 1010 5 18 i
306 1010 25 19 de
345 1010 90 21 särskilta
449 1010 114 25 byggnader
578 1010 38 18 och
625 1010 68 24 uthus,
704 1014 45 14 som
757 1009 65 19 kunna

79 1042 47 13 vara
142 1036 29 19 för
185 1035 69 20 sådant
268 1035 88 20 ändamål
372 1036 47 20 eller
434 1036 27 19 till
477 1035 297 26 bränvinsbränningsredskaps
784 1036 39 18 för-

79 1062 87 24 varande
180 1062 95 20 inrättade
290 1063 37 19 och
340 1062 101 26 upplåtne.
470 1063 43 19 Men
527 1062 17 24 ej
560 1061 32 20 må
607 1061 60 21 sådan
676 1061 147 26 undersökning

79 1089 98 25 företagas
191 1089 84 19 emellan
290 1089 84 19 klockan
388 1088 31 20 nio
433 1094 33 14 om
483 1090 79 18 aftonen
579 1089 37 19 och
633 1088 83 20 klockan
734 1088 40 19 fem
790 1093 33 14 om

79 1120 113 20 morgonen,
209 1114 17 26 ej
242 1115 67 25 heller,
326 1116 61 18 under
401 1113 61 26 någon
480 1115 27 19 tid
524 1114 24 26 på
565 1115 83 25 dygnet,
666 1114 113 19 utsträckas
796 1114 26 19 till

80 1141 88 20 enskilda
185 1141 136 26 boningsrum.
354 1141 109 20 Fördristar
483 1141 28 26 sig
531 1141 134 20 undersökare
685 1140 74 24 dertill,
777 1143 46 16 utan

79 1170 29 17 att
122 1167 63 26 någon
199 1168 118 25 förbrytelse
332 1167 118 26 upptäckes,
467 1172 46 15 vare
531 1168 29 18 för
577 1167 46 19 slikt
639 1166 102 19 missbruk
759 1167 20 18 af
795 1166 29 19 sin

79 1193 117 27 myndighet
210 1194 87 19 förfallen
312 1193 18 26 ej
347 1194 75 19 mindre
436 1196 28 17 att
477 1193 79 20 derföre
569 1193 45 20 böta
627 1192 42 20 från
681 1192 106 28 etthundra
797 1192 26 20 till

81 1221 39 18 och
133 1221 46 25 med
190 1220 122 20 femhundra
326 1220 63 24 mark,
406 1221 23 18 än
443 1220 27 19 till
486 1219 118 26 suspension
619 1219 46 20 eller
678 1221 97 22 tjenstens
787 1218 38 20 för-

80 1246 47 25 lust,
143 1251 33 14 dm
190 1246 74 20 brottet
277 1247 34 19 det
328 1245 101 26 förtjenar,
449 1248 52 17 samt
518 1245 94 20 särskildt
629 1250 71 15 ansvar
717 1245 58 25 enligt
791 1245 34 19 all-

80 1274 44 25 män
140 1273 29 25 lag
184 1273 29 19 för
227 1272 45 21 våld
287 1273 49 20 eller
350 1278 61 15 annan
427 1272 138 25 förolämpning
581 1277 43 14 som
638 1271 69 20 dervid
721 1271 40 19 kan
775 1271 50 19 före-

81 1300 51 19 falla.

424 1336 9 24 $
449 1337 32 18 72.

134 1379 37 20 Vid
193 1379 84 20 nämnde
296 1379 146 26 undersökning
459 1379 47 19 skall
526 1378 170 25 förrättningsman
714 1377 76 26 åtföljas
807 1379 21 19 af

82 1410 74 16 tvenne
174 1406 74 20 vittnen
265 1408 62 22 samt,
346 1405 83 25 såframt
445 1406 39 19 han
502 1405 31 19 vill
551 1403 132 27 tillgodonjuta
701 1405 33 19 det
750 1405 75 29 skydd,

82 1433 78 21 hvartill
176 1434 37 19 han
228 1434 22 19 är
264 1432 115 26 berättigad,
396 1433 82 25 synbart
493 1437 47 15 'vara
554 1431 79 21 försedd
653 1431 46 20 med
716 1431 67 20 bricka
801 1432 24 19 el-
