1009 1692
422 278 49 34 35.

255 404 6 6 .
281 376 68 24 Hans
363 376 157 29 Kejserliga
528 376 138 28 Majestäts
675 375 86 30 Nädiga
771 377 50 23 Pro-

213 405 97 29 position
325 405 37 23 till
376 404 105 24 Finlands
497 405 102 27 Ständer,
618 404 115 30 angäende
751 405 72 23 medel

213 434 34 22 att
260 433 138 23 förekomma
413 433 26 23 de
455 432 152 29 olägenheter,
627 439 46 18 som
690 433 133 24 förorsakas

211 461 119 29 jordegare
345 467 78 23 genom
438 462 93 23 landbos
545 461 92 24 tredska
651 463 34 23 att
701 462 98 30 afflytta.

130 518 144 21 Erfarenheten
288 520 36 19 har
339 518 106 28 ådagalagt,
467 522 28 18 att
515 519 144 26 arrendatorer,
674 520 94 20 landboer
783 519 39 21 och

77 547 87 23 torpare,
179 551 44 15 som
238 545 89 21 bebruka
341 552 73 14 annans
426 546 51 26 jord,
493 546 43 20 icke
549 546 67 25 sällan,
632 546 63 20 under
708 546 113 20 förebäran-

76 571 27 21 de
116 572 21 19 af
148 571 135 27 hvarjehanda
297 572 43 20 skäl
357 576 54 17 emot
428 579 81 20 egarens
526 572 69 26 lagliga
613 572 85 26 anspäk,
717 574 60 24 vägra
794 575 29 17 att

77 598 27 20 till
119 598 74 20 honom
206 599 74 20 afträda
292 598 79 26 jorden.
399 600 96 20 Stundom
510 601 21 18 är
545 599 124 26 ogiltigheten
683 600 22 19 af
715 598 65 27 dylika
794 600 28 18 in-

77 624 120 27 vändningar
211 625 22 20 sä
249 625 108 26 uppenbar,
371 629 30 17 att
414 626 128 20 Guvernören
557 625 43 25 kan,
617 625 24 27 pä
650 625 129 26 jordegarens
788 631 34 15 an-

76 651 73 25 mälan,
165 652 50 19 efter
229 652 39 20 Jen
283 652 132 21 tredskandes
431 653 97 23 hörande,
544 652 92 20 förordna
654 653 26 19 till
697 653 50 19 hans
765 652 58 27 afhy-

78 678 71 24 sande;
167 684 46 14 men
230 681 28 17 ett
275 677 71 21 sådant
362 679 131 19 förordnande
510 678 40 24 tår,
569 679 60 25 enligt
645 679 42 25 lag,
703 678 18 26 ej
737 680 64 18 sättas
815 678 6 20 i

78 704 154 26 verkställighet,
249 705 58 19 innan
321 705 33 20 det
368 705 69 20 vunnit
451 706 42 25 laga
507 705 60 24 kraft,
584 706 57 24 eller,
657 706 6 18 i
678 705 95 20 händelse
787 705 34 20 be-

78 732 48 18 svär
142 731 92 20 deröfver
250 731 88 26 anföras,
358 732 63 20 blifvit
438 732 149 26 vederbörligen
605 732 104 20 faststälät.
740 731 82 20 Ganska

77 756 114 28 betydande
205 759 33 18 äro
253 758 108 20 emellertid
376 759 25 19 de
414 758 74 20 skador
502 758 37 20 och
554 759 136 24 olägenheter,
704 757 117 27 jordegaren

77 783 85 27 mången
176 783 51 27 gång
242 783 29 21 får
285 784 37 20 lida
337 790 70 21 genom
421 784 85 20 vanhäfd
521 784 20 20 af
549 784 30 20 sin
588 784 44 25 jord
641 785 38 19 och
689 784 49 20 dess
747 783 75 27 åbygg-

76 810 46 25 nad,
138 810 75 20 saknad
227 811 21 19 af
259 810 87 20 derifrån
361 811 112 26 påräknade
486 811 109 19 inkomster
609 811 38 19 och
662 811 91 25 fördelar,
769 814 53 17 samt

77 837 71 20 hinder
162 839 27 18 att
203 837 89 21 använda
305 837 70 28 jorden
388 838 51 19 efter
453 843 49 20 egen
518 838 74 19 önskan
607 838 38 19 och
659 836 91 27 möjligen
761 837 60 20 redan

76 864 92 25 vidtagna
178 864 137 26 förfoganden.
344 865 55 20 Ännu
416 865 66 25 längre
498 865 37 20 blir
552 863 113 26 uppehållet
682 865 39 18 och
738 863 84 21 svårare

78 890 82 25 skadan,
176 896 33 14 om
222 889 117 28 jordegaren
354 890 18 26 ej
386 891 39 20 kan
439 890 11 20 å
465 891 94 20 exekutiv
573 892 38 24 väg
624 889 107 27 förhjelpas
745 891 27 20 till
790 890 31 20 sin

78 919 46 23 rätt,
139 919 48 17 utan
201 917 65 20 måste
281 917 118 20 underkasta
411 917 62 20 saken
483 917 58 26 laglig
549 917 96 20 domstols
655 917 118 26 behandling
783 918 38 19 och

78 942 19 26 ej
115 943 32 20 vill
164 943 103 27 påskynda
284 944 48 20 dess
349 943 48 27 gång
414 949 72 20 genom
502 943 110 26 uppoffring
629 943 20 20 af
663 943 26 20 de
706 943 113 25 kostnader,

77 969 114 26 urtimating
205 971 94 19 medföra.
315 981 26 4 —
355 969 28 21 Då
396 970 34 20 det
443 972 22 17 är
479 971 158 25 lagstiftningens
650 970 47 25 pligt
711 972 28 17 att
752 969 70 26 afhjel-

77 1001 26 21 pa
117 996 67 27 dylika
199 997 133 26 olägenheter,
347 1003 45 14 men
405 996 70 21 dervid
487 996 73 25 jemväl
575 997 36 19 bör
625 996 70 25 tillses,
711 999 28 16 att
748 996 25 20 de
782 997 39 18 rät-

78 1023 93 26 tigheter,
186 1023 64 20 åboen
264 1023 11 20 å
290 1029 73 14 annans
375 1023 44 25 jord
434 1023 89 26 möjligen
537 1023 38 20 kan
590 1023 58 19 hafva
663 1023 26 20 till
700 1022 120 20 fortfarande

77 1049 107 26 besittning
201 1049 64 25 deraf,
284 1049 17 25 ej
319 1050 113 25 äfventyras
452 1055 71 20 genom
542 1049 129 25 stadganden,
693 1055 44 14 som
757 1049 63 19 alltför

77 1075 83 26 mycket
173 1075 96 26 befrämja
281 1075 128 27 jordegarens
423 1076 68 25 fördel,
507 1081 62 21 synes
583 1075 38 20 den
635 1075 141 26 lagförändring
786 1080 34 14 va-

77 1107 22 14 ra
114 1102 57 25 nödig
185 1105 27 17 att
225 1103 34 19 det
273 1103 61 19 första
348 1103 215 25 afhysnings-utslaget,
579 1102 63 19 fastän
657 1101 17 26 ej
689 1101 75 26 egande
777 1101 43 26 laga

77 1128 59 24 kraft,
153 1127 32 21 må
200 1129 65 20 kunna
280 1131 53 17 emot
347 1129 74 25 borgen
435 1129 30 19 för
481 1128 84 20 kostnad
583 1128 36 20 och
637 1128 62 20 skada
716 1127 104 20 befordras

78 1155 27 20 till
121 1155 147 26 verkställighet
282 1158 52 17 samt
348 1155 67 26 åtgärd
429 1155 76 25 derom,
524 1157 47 18 utan
585 1155 139 19 Guvernörens
739 1153 81 20 särskil-

78 1181 25 20 da
117 1181 136 24 förordnande,
269 1182 20 19 af
303 1181 146 21 vederbörande
463 1181 124 26 Kronofogde
601 1181 96 26 vidtagas.
726 1181 8 19 1
748 1179 72 21 sådant

78 1208 94 21 afseende
185 1209 36 19 har
237 1209 62 19 Hans
317 1207 130 27 Kejserliga
464 1207 109 26 Majestät
590 1208 52 19 velat
659 1207 27 20 till
703 1207 117 20 Landtstän-

78 1234 72 21 dernas
164 1235 109 26 antagande
286 1234 72 20 föreslå
372 1234 83 25 följande
469 1234 130 26 stadganden:

422 1287 12 26 $
449 1287 18 20 1.

132 1327 39 18 När
184 1324 71 25 någon,
270 1329 45 14 som
329 1324 99 19 bebrukar
442 1329 75 14 annans
529 1323 50 25 jord,
595 1324 21 18 af
625 1322 148 20 vederbörande
783 1322 37 19 Hä-

78 1350 87 20 radsrätt
178 1351 47 18 eller
239 1350 105 19 Guvernör
360 1350 95 19 förklaras
472 1349 79 26 skyldig
568 1351 28 17 att
612 1348 85 20 derifrån
715 1349 55 23 vika,
786 1347 32 20 må

78 1377 91 25 utslaget,
185 1377 62 19 fastän
261 1376 90 19 deremot
365 1375 67 25 vädjas
447 1376 47 19 eller
508 1376 73 19 besvär
594 1375 92 20 deröfver
695 1375 85 24 anföras,
791 1374 28 20 till

79 1403 150 26 verkställighet
241 1402 103 21 befordras
358 1405 53 17 emot
424 1402 75 25 borgen
512 1402 31 19 för
556 1402 39 20 den
609 1401 84 20 kostnad
702 1401 39 19 och
751 1400 67 26 skada,

77 1429 117 27 jordegaren
210 1429 39 21 kan
265 1428 78 28 åläggas
359 1431 29 18 att
403 1429 28 20 till
448 1429 38 20 den
503 1429 80 26 afhyste
599 1428 68 26 gälda,
685 1433 34 15 om
735 1427 63 21 denne
812 1427 6 19 i
