1017 1703
430 366 44 33 31.

283 476 67 24 Hans
364 476 152 29 Kejserliga
526 477 136 28 Majestäts
676 476 84 30 Nädiga
769 478 51 23 Pro-

214 505 98 29 position
327 505 35 23 till
379 505 104 23 Finlands
497 506 101 28 Ständer,
614 506 114 28 angäende
742 507 80 28 anslag

214 533 38 23 till
266 534 128 22 inrättande
410 534 26 23 af
447 534 134 28 folkskolor,
597 535 36 22 till
648 535 140 28 anläggande
798 535 26 23 af

215 568 44 22 nya
273 562 313 23 kommunikationsanstalter
600 564 56 22 samt
673 564 37 22 till
728 563 92 24 särskil-

215 590 28 23 da
258 591 70 22 andra
342 591 172 29 allmännyttiga
523 592 93 27 företag.

132 656 54 20 Hans
200 657 91 26 Majestät
304 657 101 25 Kejsaren,
422 663 43 14 som
479 658 46 20 med
539 658 77 26 ledning
624 659 21 19 af
652 658 26 19 de
687 659 135 26 redogörelser

79 683 30 19 för
122 683 96 20 allmänna
232 684 106 20 tillståndet
352 684 6 20 i
367 684 198 25 Storfurstendömet,
576 684 67 20 hvilka
656 684 22 20 af
690 685 131 20 vederböran-

78 710 26 20 de
118 710 128 20 auktoriteter
261 710 63 20 blifvit
338 710 78 26 afgifna,
432 711 62 19 funnit
508 711 98 20 särskilda
619 717 37 21 nya
671 710 91 22 åtgärder
774 712 48 20 böra

78 736 90 26 vidtagas
183 737 27 19 till
225 738 131 19 befordrande
370 738 20 19 af
402 737 78 20 landets
494 738 74 25 andliga
582 738 38 19 och
631 738 106 20 materiella
747 738 73 25 kultur,

79 764 36 19 har
130 762 82 26 Nådigst
226 764 67 20 befallt
308 765 50 19 Dess
372 764 60 20 Senat
448 764 30 20 för
494 764 78 19 Finland
595 766 27 18 att
642 765 86 25 uppgöra
745 765 30 19 för
788 766 34 18 än-

79 789 87 21 damålet
180 790 68 25 nödiga
263 790 72 26 förslag
349 794 27 16 att
390 790 61 20 Hans
468 790 132 26 Kejserliga
613 790 123 26 Majestäts
748 790 74 26 Nådiga

78 816 92 26 pröfning
183 816 139 20 underställas.

134 843 7 19 I
156 843 100 19 anseende
270 843 26 20 till
311 844 58 19 dessa
384 842 100 27 åtgärders
499 846 53 17 stora
567 844 41 25 vigt
621 844 39 19 och
676 844 24 19 de
717 844 105 25 uppoffrin-

78 875 35 20 gar
131 869 59 20 deras
207 870 154 26 genomförande
377 870 21 19 af
415 870 113 20 nuvarande
547 870 111 26 generation
678 870 90 26 kräfver,
787 871 36 19 har

80 896 64 20 Hans
159 895 132 27 Kejserliga
304 896 109 24 Majestät
427 897 54 19 aktat
494 896 66 26 nödigt
572 899 29 17 att
610 896 100 26 angående
720 897 103 20 desamma

80 923 46 19 med
140 922 76 20 landets
230 923 85 19 Ständer
329 923 181 23 öfverenskomma;
524 924 38 18 och
574 923 61 19 sedan
648 923 65 20 utredt
723 923 63 20 blifvit
794 926 29 17 att

79 949 138 20 Statsverkets
231 950 124 20 närvarande
369 949 100 26 tillgångar
482 951 34 18 äro
531 950 126 24 otillräckliga
672 950 29 19 för
714 950 62 20 deras
790 951 34 18 än-

79 975 139 26 damälsenliga
235 975 119 26 främjande,
372 978 22 18 är
413 976 63 20 Hans
495 975 125 25 Majestäts
636 975 74 27 Nädiga
727 976 49 25 Vilja
795 978 29 18 att

79 1002 109 20 Ständerna
204 1003 53 19 skola
272 1003 5 19 i
292 1003 209 19 öfverensstämmelse
514 1002 46 20 med
574 1002 54 20 hvad
641 1002 77 20 landets
732 1002 92 27 grundla-

80 1034 34 20 gar
128 1027 66 26 bjuda,
212 1030 60 18 sättas
288 1029 4 18 i
307 1029 71 19 tillfälle
394 1031 28 17 att
437 1028 90 26 rådpläga
546 1029 38 19 och
601 1028 76 20 besluta
695 1034 33 14 om
745 1029 77 20 anskaf-

80 1055 60 19 fande
154 1055 19 19 af
186 1055 24 19 de
225 1061 37 20 nya
277 1054 73 26 anslag,
367 1060 44 15 som
425 1055 80 25 pröfvas
519 1060 47 14 vara
581 1054 63 20 härtill
662 1055 133 26 erforderliga.

135 1081 25 22 Af
172 1080 58 21 dessa
245 1082 104 25 angelägna
364 1081 90 26 åtgärder
467 1084 22 17 är
499 1081 38 20 den
547 1081 103 26 vigtigaste
660 1081 164 26 folkbildningens

80 1107 110 25 främjande
207 1113 70 20 genom
296 1108 118 20 inrättandet
431 1109 20 18 af
466 1110 28 17 ett
511 1108 63 20 större
590 1108 51 20 antal
658 1108 107 20 folkskolor
786 1109 38 19 och

81 1139 71 20 genom
168 1134 98 20 bildandet
282 1135 21 20 af
317 1135 77 26 dugliga
410 1135 62 20 lärare
488 1135 30 20 för
526 1134 121 24 desamma,
665 1134 34 21 vid
716 1135 108 20 inrättande

81 1161 281 19 folkskollärare-seminarier.

136 1187 64 25 Enligt
214 1187 33 19 det
261 1187 5 18 i
280 1187 53 20 detta
348 1187 113 20 bänseende
475 1186 110 27 uppgjorda
599 1187 71 26 förslag
684 1186 81 20 komme
774 1187 50 19 fasta

82 1213 144 20 folkskolornas
242 1213 110 20 inrättande
368 1216 28 16 att
412 1213 130 20 öfverlemnas
559 1212 20 19 åt
597 1213 64 19 större
680 1213 46 20 eller
748 1213 76 20 mindre

84 1239 134 26 menigheters
232 1239 36 20 fria
282 1240 211 24 öfverenskommelse,
510 1245 42 14 som
562 1239 20 19 af
592 1239 102 26 Styrelsen
704 1239 62 20 skulle
775 1245 49 19 upp-

82 1269 90 16 muntras
186 1271 70 20 genom
270 1265 98 20 bildandet
384 1265 19 20 af
420 1265 108 26 tillräckligt
544 1265 50 19 antal
612 1266 63 19 lärare
691 1266 38 19 och
746 1265 78 20 lärarin-

82 1297 37 14 nor
132 1297 72 20 genom
220 1291 69 26 bidrag
303 1291 26 20 till
347 1292 58 19 deras
419 1291 99 21 aflönande
535 1294 41 17 mot
594 1291 62 24 vissa,
675 1292 30 19 för
721 1291 103 20 skolornas

84 1318 105 24 inrättning
203 1318 109 19 fastställda
325 1318 71 24 vilkor,
412 1321 52 16 samt
478 1323 70 20 genom
562 1318 65 24 anslag
641 1317 26 20 till
682 1317 84 25 sjukliga
776 1318 48 19 eller

83 1344 79 19 orklösa
176 1344 76 18 lärares
266 1345 38 17 och
318 1343 117 19 lärarinnors
450 1343 174 25 pensionerande.
616 1339 12 34 -

136 1368 27 20 På
178 1369 34 19 det
225 1369 73 20 tillfälle
313 1371 27 16 att
354 1368 73 25 åtnjuta
440 1369 140 24 undervisning
594 1369 4 18 i
613 1369 49 18 fasta
676 1369 66 19 skolor
759 1369 66 19 kunde

84 1395 87 19 beredas
188 1395 36 19 alla
241 1395 49 20 barn
308 1395 5 19 i
331 1394 119 26 skolåldern,
470 1400 44 15 som
530 1394 20 20 af
566 1399 23 14 en
606 1393 60 21 sådan
686 1394 139 25 undervisning

84 1421 60 20 hafva
158 1421 67 23 behof,
241 1422 62 19 skulle
320 1421 32 20 vid
368 1421 76 20 landets
461 1421 122 20 närvarande
599 1421 111 25 folkmängd
726 1420 100 20 erfordras

86 1450 29 17 ett
129 1447 51 20 antal
195 1447 20 20 af
228 1449 60 18 minst
302 1447 92 20 tvåtusen
409 1448 73 23 skolor,
498 1453 68 18 gosse-
578 1447 39 20 och
626 1447 112 20 flickskolor
746 1447 80 20 tillsam-

749 1479 32 16 sat
