1014 1686
182 151 35 18 822
397 150 71 22 Nådiga
480 151 141 22 Propositionen
633 150 37 17 N:o
682 150 28 17 30.

212 226 108 25 ansökning
333 225 89 20 erhållits
436 230 71 20 genom
521 227 100 23 transport
637 225 47 19 eller
698 225 54 26 byte,

212 251 88 20 skrifves
314 251 25 26 på
361 251 106 25 stämpladt
487 257 76 20 papper
577 251 25 20 till
620 251 39 19 lika
673 251 79 25 belopp,

212 282 45 15 som
272 278 33 19 vid
319 277 113 24 befordran,
448 277 68 19 derest
530 278 37 19 den
581 278 38 24 lön,
631 282 44 14 som
689 278 67 18 tillträ-

211 303 45 25 des,
272 307 23 17 är
309 304 65 19 större
388 305 24 17 än
427 304 38 18 den
476 304 52 19 förut
542 303 110 25 innehafde,
664 309 46 14 men
720 306 34 16 äro

212 329 60 21 dessa
286 331 55 19 löner
354 330 39 20 lika
409 330 48 19 eller
471 330 38 20 den
525 329 96 21 tillträdda
636 330 56 19 lönen
706 330 50 18 min-

212 356 43 24 dre,
278 357 100 25 begagnas
400 355 61 21 sådan
482 356 60 25 karta,
565 362 43 14 som
622 357 22 17 är
664 356 90 20 bestämd

212 383 31 19 för
252 383 34 20 det
296 382 139 20 embetsverks
451 383 140 25 expeditioner,
600 382 101 20 hvarifrån
713 382 42 20 full-

212 410 81 19 makten
308 410 47 19 eller
364 409 140 20 förordnandet
514 409 94 20 utfärdas.
631 408 51 20 Sker
691 412 65 16 trans-
768 412 2 4 |

212 439 71 22 porten
297 439 48 16 utan
366 435 116 27 föregängen
500 436 114 24 ansökning,
631 441 47 20 eger
692 435 64 26 nägon

213 462 206 31 kartasigillata-afgift
433 462 78 20 derföre
525 462 44 20 icke
583 467 51 14 rum.

188 488 22 26 b)
230 488 11 20 ä
259 494 69 14 namn
349 488 59 20 eller
427 488 136 26 värdighet,
584 490 56 17 utan
660 488 96 20 dermed

215 514 99 20 förenad
328 513 81 26 tjenst.

189 541 33 19 1:0
236 541 38 20 För
288 541 46 24 den,
351 546 44 15 som
409 543 22 17 är
445 541 47 19 eller
508 541 51 19 varit
575 541 6 18 i
595 540 45 20 civil
660 541 48 19 eller
722 541 36 18 mi-

214 566 106 26 litärtjenst
330 556 50 30 eller
395 567 215 25 skollärarebefattning
627 566 46 20 med
687 567 31 19 lön
732 566 24 25 pä

215 595 45 23 stat,
278 593 94 24 stämplas
387 593 89 19 fullmakt
490 593 11 20 ä
516 598 59 14 namn
593 594 47 18 eller
654 593 103 25 värdighet

214 619 27 19 uti
257 618 65 26 nägon
337 619 20 19 af
369 619 24 19 de
409 620 5 18 i
429 620 87 24 gällande
526 619 129 25 rangordning
669 619 89 19 bestäm-

214 645 25 20 da
253 646 86 23 klasser,
356 646 64 19 ehvad
438 651 31 19 en,
491 648 79 17 namnet
589 646 46 18 eller
654 645 104 25 värdighe-

215 674 33 17 ten
262 672 147 23 motsvarande,
427 672 76 25 verklig
520 670 186 26 tjenstebefattning,
722 671 35 19 fin-

214 704 36 13 nes
265 698 48 19 eller
327 698 51 24 icke,
391 684 29 44 till
436 698 83 25 följande
533 698 81 46 belopp,
628 694 89 53 nemligen

216 725 18 35 1:
237 730 11 14 a
262 714 127 55 rangklassen
504 740 3 4 s

206 1067 59 18 14:de

204 1091 12 20 å
229 1092 41 19 titel
285 1081 47 30 utan
348 1082 104 35 åtföljande
470 1082 47 36 rang
542 1109 3 3 äi
577 1108 4 3 6

190 1117 35 19 2:0
240 1119 29 18 för
283 1119 45 24 den,
344 1124 45 13 som
404 1119 44 19 icke
462 1121 21 17 är
497 1119 47 19 eller
559 1104 56 45 varit
624 1119 5 18 i
640 1104 51 45 civil,
708 1108 52 30 skol-

218 1144 63 20 lärare
296 1134 47 30 eller
362 1144 134 25 militärtjenst
515 1145 46 19 med
574 1145 31 19 lön
619 1144 25 25 på
666 1148 44 21 stat,
728 1150 32 14 om

217 1171 39 19 ock
271 1171 89 19 fullmakt
374 1170 11 20 å
400 1171 41 19 titel
456 1171 46 20 eller
512 1171 103 25 värdighet
629 1172 53 19 förut
696 1161 64 30 blifvit

219 1197 71 19 honom
306 1197 109 25 meddelad,
435 1197 94 25 stämplas
549 1197 89 20 fullmakt
653 1197 9 19 å
678 1198 41 19 titel
734 1198 26 19 el-

218 1223 29 18 ler
262 1223 103 24 värdighet
378 1223 28 19 till
425 1223 102 20 tredubbla
547 1224 93 24 beloppet
654 1224 20 19 af
688 1224 52 19 hvad
755 1224 4 18 i

218 1248 163 30 nästföregående
398 1248 63 25 punkt
474 1250 22 17 är
510 1249 105 20 bestämdt.

192 1274 34 19 3:0
240 1273 11 20 å
266 1263 84 35 följande
364 1275 139 19 ecklesiastika
517 1275 135 44 värdigheter:

218 1297 150 36 honorär-prost
505 1316 39 4 PL
612 1317 3 3 x
648 1316 3 4 4

219 1326 123 26 vice-pastor
364 1343 3 3 .
435 1343 3 3 ;

191 1353 173 26 Förordnande,
380 1359 23 14 se
417 1339 127 45 fullmakt.

192 1375 137 35 Gesällbref
506 1396 3 3 ;

193 1405 149 26 Grefvebref,
359 1412 23 14 se
395 1395 96 36 diplom.

194 1422 210 30 Helfrihetsbref
392 1418 16 45 .

753 899 20 39 -|
783 909 45 31 120

788 751 40 19 400

790 777 38 21 350

790 803 38 21 300

789 830 38 21 240

790 856 38 21 170

790 882 38 21 145

803 935 26 20 95

805 961 23 19 70

804 987 25 20 60

804 1015 25 18 45

804 1041 25 19 35

804 1067 25 19 25

805 1093 24 19 15

877 866 28 187 NINNIN
876 734 33 100 NNN
