1006 1686
302 133 73 22 Nådiga
385 134 141 22 Propositionen
538 133 36 17 N:o
585 134 29 18 38.
788 132 44 21 1245

415 219 45 20 Art.
480 219 19 20 3.

174 279 31 20 Om
216 280 115 24 försäljning
342 280 22 18 af
372 279 80 23 bränvin
464 280 33 19 och
509 280 58 19 andra
578 280 66 19 starka
655 280 87 27 drycker.

429 335 12 26 &
454 336 33 19 45.

139 380 29 19 De
188 385 44 14 som
251 379 105 20 innehafva
378 380 92 25 rättighet
487 382 27 17 att
531 380 90 20 tillverka
638 380 92 25 bränvin,
749 386 35 20 ega
805 381 28 25 på

85 407 63 26 grund
163 407 57 19 häraf
231 407 58 19 äfven
304 406 82 20 dermed
400 407 44 19 idka
459 407 127 24 partihandet,
606 412 45 14 men
668 407 45 20 icke
729 407 103 20 minutför-

85 432 92 26 säljning,
194 433 30 19 för
238 433 61 18 hvars
313 432 152 21 handhafvande
480 433 93 20 särskildt
585 433 88 20 tittstänä
682 434 37 19 bör
728 434 101 25 utverkas,

85 460 35 19 allt
134 459 24 26 på
173 461 39 18 sätt
228 459 5 18 i
251 459 129 24 nästföljande
396 459 10 25 $
429 461 90 18 närmare
543 459 86 26 stadgas.
658 461 93 19 Förutom
774 461 59 19 brän-

85 485 159 20 vinstillverkare
259 485 38 20 och
311 484 165 27 minutförsäljare
490 487 102 19 äfvensom
616 486 124 25 Gästgifvare
761 487 7 18 i
789 487 42 20 stad

86 514 39 18 och
138 512 11 19 å
166 512 66 20 landet
258 514 52 17 samt
332 511 67 20 idkare
422 513 21 18 af
464 512 82 25 källare,
572 512 109 24 värdshus,
707 513 47 20 eller
768 519 64 14 annan

86 538 211 26 spisgvartersrörelse
324 538 5 19 i
355 538 101 25 städerna,
484 538 95 20 fördriste
601 539 29 25 sig
654 538 17 24 ej
695 538 77 26 någon
766 534 11 34 ,
793 540 40 19 eho

85 565 33 20 det
138 570 51 14 vara
206 563 39 24 må,
262 566 28 17 att
303 564 83 19 bränvin
400 565 28 19 till
442 565 64 19 större
521 565 51 20 eller:
582 565 75 20 mindre
670 565 79 26 belopp.
766 565 5 19 i
787 568 44 23 eget

86 592 47 19 eller.
152 596 73 14 annans
247 591 45 24 hus,
310 591 31 19 för
357 596 49 20 egen
424 592 47 19 eller
485 591 71 20 andras
570 591 88 26 räkning,
674 592 64 19 under
751 592 80 19 hvilken

85 617 140 25 förevändning
238 622 44 15 som
298 617 58 25 helst,
372 617 86 26 försälja.
489 618 35 20 Vill
539 617 61 26 någon
616 617 67 21 såsom
698 617 57 28 gåfva
770 618 61 20 eller
823 613 12 36 i

84 644 95 20 afseende
193 643 11 20 å
218 643 126 25 förfriskning
358 644 47 20 eller
418 644 30 20 till
460 644 118 25 undfägnad,
594 644 11 19 å
620 648 57 16 annat
690 645 56 20 ställe
761 647 23 17 än
797 650 35 14 ne-

84 671 70 20 danför
168 671 5 19 i
188 670 22 27 $$
223 670 26 19 48
264 671 38 18 och
317 670 23 19 52
356 671 133 24 omförmäles,
505 671 82 20 bränvin
602 671 71 25 utdela,
691 671 60 20 varde
761 671 70 20 sådant

85 696 69 21 tillåtet
167 697 47 20 med
229 696 63 29 vilkor
306 699 28 16 att
348 696 77 20 derföre
439 697 82 20 särskild
537 697 121 26 godtgöring,
674 698 21 19 af
707 697 52 20 hvad
772 703 59 14 namn

84 724 38 19 den
144 729 48 14 vara
207 723 39 23 må,
262 729 17 18 ej
295 723 89 25 betingas
399 724 46 19 eller
459 724 90 24 utfästes,
566 725 6 18 i
586 724 76 19 hvilket
676 725 31 19 fall
721 725 59 19 äfven
794 724 36 19 slik

85 749 131 26 utskänkning
232 749 49 20 skall
294 749 28 20 till
337 749 63 26 oloflig
414 749 114 26 försäljning
540 750 98 20 hänföras.

426 803 10 24 $
450 803 32 20 46.

138 844 156 24 Ofvanbemälde
307 844 113 24 tillverkare
434 844 32 20 mä
481 844 32 19 vid
528 844 91 20 bränneri
642 845 38 21 och
697 844 6 20 i
720 844 45 21 stad
783 844 47 25 sälja

84 870 89 26 bränvin,
195 870 55 25 dock
267 870 18 26 ej
306 871 27 24 till
353 870 77 20 mindre
451 870 71 26 belopp.
536 872 24 18 än
576 871 74 19 femton
664 871 82 22 kannor,
762 873 29 17 att
804 871 29 20 af-

86 897 79 20 hemtas
191 896 25 26 på
242 903 25 15 en
292 896 37 26 gång;
379 897 113 20 äfvenledes
518 902 48 14 vare
596 897 71 20 honom
699 897 69 21 tillåtet
804 900 28 17 att

85 924 27 20 till
134 929 64 17 annan
220 926 30 16 ort
276 924 82 24 bränvin
384 924 82 26 löryttra
492 924 37 19 och
553 923 93 24 afsända,
669 924 71 22 endast
761 924 70 20 dervid

84 950 99 26 iakttages
203 953 29 17 att
253 950 61 26 sagde
334 950 149 25 minimibelopp
503 951 29 20 för
554 949 69 25 hvarje
643 950 74 25 köpare
736 950 44 19 icke
796 956 36 13 un-

84 976 123 20 derskrides.
236 976 35 20 Vill
291 977 47 24 han,
358 976 46 19 eller
422 976 63 26 någon.
502 982 71 19 annan,
592 976 52 20 inom
661 977 171 25 landsförsamling

84 1001 114 26 försäljning
212 1003 20 19 af
244 1003 83 19 bränvin
341 1002 26 21 till
382 1003 76 19 mindre
476 1003 72 25 belopp
562 1004 27 18 än,
599 1003 73 20 femton
687 1003 76 22 kannor
777 1002 53 25 idka,

84 1029 76 20 anmäle
182 1029 69 19 derom
274 1029 108 25 skriftligen
402 1029 36 19 hos
460 1029 147 19 vederbörande
622 1030 158 25 pastorsembete
793 1029 38 19 och

85 1055 96 26 uppgifve
202 1055 59 20 tillika
276 1055 18 25 ej
312 1055 76 20 mindre
403 1055 72 25 stället,
491 1055 35 20 der
543 1055 140 26 försäljningen
699 1056 90 19 kommer
803 1057 29 18 att

85 1082 87 24 utöfvas,
188 1083 24 18 än
226 1087 106 20 personen,
350 1087 45 14 som
410 1082 114 19 densamma
540 1081 29 27 sig
584 1081 57 26 åtagit
658 1083 4 18 i
677 1083 25 18 de
716 1083 31 18 fall
763 1081 24 20 då
801 1084 32 17 sö-

84 1108 78 20 kanden
177 1107 17 25 ej
210 1109 34 18 har
260 1109 29 19 för
303 1108 57 25 afsigt
374 1111 29 16 att
417 1107 45 25 sjelf
474 1108 29 25 sig
521 1107 82 21 dermed
621 1109 80 21 befatta.
734 1108 42 20 Slik
793 1108 38 19 för-

85 1134 81 26 säljning
180 1134 31 20 må
227 1134 45 20 icke
288 1134 56 20 idkas
363 1134 34 20 vid
418 1134 89 20 bränneri
529 1134 47 20 eller
596 1133 24 27 på
642 1136 90 18 närmare
753 1133 77 21 afstånd

84 1160 86 21 derifrån
193 1164 24 16 än
240 1162 40 18 fem
303 1164 63 16 verst.
399 1161 37 19 Vid
460 1161 168 25 socknestämma,
652 1162 81 18 hvilken
760 1163 72 17 tvänne

85 1187 95 26 söndagar
199 1188 96 19 nästförut
312 1187 80 27 pålysas
407 1187 41 24 bör,
465 1188 59 19 höras
539 1189 37 18 och
590 1188 78 19 besluta
683 1188 148 19 församlingens

84 1214 231 24 fastighetsinnehafvare
329 1214 56 19 öfver
398 1214 142 26 ansökningen;
557 1214 72 20 varder
642 1214 118 20 densamma
770 1214 24 19 då
803 1214 27 18 af-

85 1241 73 24 slagen,
174 1240 62 20 lände.
244 1241 86 19 beslutet
346 1241 24 19 till
386 1240 138 20 efterrättelse.
540 1240 108 26 Medgifves
658 1240 44 20 åter
713 1240 71 20 ansökt
791 1240 39 19 för-

84 1266 139 26 säljningsrätt,
240 1267 84 20 aflemne
336 1268 70 19 Pastor
420 1267 47 20 eller
481 1267 37 20 den
532 1267 49 21 hans
591 1268 56 19 ställe
657 1267 110 20 företräder
777 1266 53 19 inom

85 1296 31 16 tre
138 1294 75 21 veckor
234 1294 285 24 socknestämmoprotokollet,
542 1294 56 23 hvari
616 1294 50 22 hans
683 1296 45 23 eget
741 1292 91 27 yttrande

85 1320 36 22 vid,
134 1319 139 26 förrättningen
288 1320 48 20 skall
351 1325 46 14 vara
411 1320 80 24 intaget,
508 1320 25 20 till
549 1320 105 24 sökanden,
669 1325 45 15 som,
720 1319 53 21 innan
785 1318 47 25 fjor-

86 1348 34 16 ton
134 1345 61 25 dagar
210 1344 86 20 derefter
310 1345 78 25 förlidit,
405 1345 31 19 vid
450 1346 70 18 förlust
534 1346 24 22 af
566 1345 38 22 den
619 1345 106 25 tillstyrkta
738 1345 94 25 rättighe-

86 1374 39 20 ten,
142 1376 51 20 eger.
203 1372 81 24 ärendet
298 1370 78 27 fullfölja.
386 1372 37 22 hos
433 1372 163 25 Länestyrelsen,
607 1370 10 20 å
617 1371 214 25 hvars.slutliga
782 1366 53 35 pröf-

86 1398 46 25 ning
146 1397 50 25 slika
210 1397 66 26 frågor
291 1398 48 24 bero
353 1398 5 19 i
372 1397 98 24 afseende.
485 1397 5 20 å
519 1397 45 22 såväl,
574 1398 203 25 sökandgos;person,
787 1402 44 15 som

86 1425 74 20 antalet
179 1425 41 23 och
234 1425 52 25 läget
302 1425 22 21 af
339 1423 192 27 försäljningsställen
549 1424 53 23 inom
620 1423 69 26 hvarje
711 1423 120 26 församling.
