1009 1689
306 139 73 22 Nädiga
390 139 142 24 Propositionen
544 139 38 18 N:o
592 140 29 18 38.
795 139 44 21 1277

88 189 198 20 Kronolänsmannen
291 185 12 35 i
321 189 100 20 distriktet
435 190 39 19 och
487 189 93 20 försedde
594 189 47 20 med
655 190 50 19 hans
719 189 81 20 frisedel
810 190 28 20 el-

89 216 30 19 ler
132 215 59 20 bevis
207 216 56 19 öfver
281 215 38 20 slik
335 216 100 25 anmälan,
455 215 72 26 sjelfve
543 216 48 19 eller
608 221 72 20 genom
696 219 47 23 eget
760 216 79 21 husfolk

90 241 85 20 bränvin
189 241 26 20 till
229 241 115 26 nödtorftigt
353 242 102 20 husbehof
465 241 43 21 frän
522 241 64 20 finska
601 245 54 17 orter
667 241 21 20 ät
701 243 30 25 sig
744 243 94 20 inhemta.

89 268 86 20 Sålunda
195 267 32 20 mä
245 267 74 26 årligen
338 269 41 19 fem
395 269 76 19 kannor
487 269 75 20 införas
579 269 30 19 för
625 268 78 21 hushåll
717 269 21 19 af
749 269 52 20 färre
815 270 25 19 än

90 295 40 19 fem
144 294 102 20 fulivuxne
260 300 160 20 manspersoner;
435 295 27 19 tio
477 295 76 19 kannor
567 295 30 19 för
610 294 78 21 hushåll
703 295 21 20 af
737 295 46 23 fem,
794 300 46 15 men

90 321 62 20 under
166 321 28 18 tio
208 321 66 26 dylika
289 325 103 21 personer;
408 323 52 18 samt
474 322 75 19 femton
563 321 75 20 kannor
652 321 37 20 der
697 320 100 21 hushållet
805 321 35 20 be-

90 347 42 20 stär
146 347 20 20 af
179 347 28 20 tio
221 348 48 19 eller
281 347 49 20 flere
344 353 155 20 manspersoner
513 353 45 14 som
574 348 35 19 äro
627 348 109 19 fullvuxne.
765 347 75 21 Under-

90 373 52 21 lätes
154 373 80 21 införsel
248 373 59 26 något
320 373 29 25 är;
365 373 32 21 mä
411 374 34 20 det
459 374 44 20 icke
517 374 30 20 för
561 373 110 26 påföljande
684 373 23 21 är
715 374 124 26 tillgodoräk-

90 406 44 15 nas.
163 400 56 26 Dem,
235 400 67 20 hvilka
312 400 68 21 säsom
390 400 85 21 resande
483 401 76 20 besöka
568 401 147 26 Lappmarken,
726 406 49 15 vare
783 400 55 21 med-

90 427 64 26 gifvet
166 429 29 18 att
208 429 31 18 tre
259 427 74 20 kannor
352 427 84 21 bränvin
456 427 30 21 för
510 427 85 21 enskilut
615 427 62 20 behof
695 427 63 20 under
778 433 59 15 resan

90 453 95 20 medföra.

433 485 10 26 $
459 486 32 20 77.

144 523 36 21 Vill
194 523 63 26 någon
271 523 25 26 pä
311 529 24 14 en
348 523 51 26 gång
413 524 59 20 forsla
487 524 50 20 eller
551 523 81 21 afsända
646 523 82 21 bränvin
738 524 26 21 till
773 525 66 20 större

90 550 72 25 belopp
176 551 25 19 än
216 551 74 19 femton.
306 550 85 25 kannor,
407 550 68 26 hafve,
494 550 46 20 med
557 551 35 20 det
609 550 99 26 undantag
722 551 10 26 $
747 551 25 20 78
785 551 54 20 inne-

90 576 69 26 håller,
175 577 28 20 lof
215 577 64 20 dertill
293 576 64 20 under
370 577 64 20 vilkor
449 579 28 18 att
491 579 128 24 transporten
633 576 77 26 åtföljes
724 577 21 20 af
753 578 86 25 förpass-

90 603 46 25 ning
149 603 50 20 eller
214 603 57 20 bevis
288 603 93 20 deröfver
397 605 28 18 att
443 603 106 21 bränvinet
566 605 22 18 är
604 603 6 20 i
624 603 79 20 Finland
718 603 119 21 tillverkadt.

90 629 60 26 Afgär
164 629 103 21 bränvinet
285 629 42 20 från
346 630 54 25 stad,
419 630 77 19 anmäle
513 630 116 20 afsändaren
643 630 69 20 derom
730 630 38 20 hos
778 630 61 26 Magi-

91 658 86 24 straten,
194 661 54 21 som,
267 657 50 19 efter
334 661 97 22 noggrann
446 656 146 26 undersökning
606 662 32 14 om
652 659 82 17 ägarens
751 656 88 20 åtkomst

90 683 27 19 till
132 682 105 21 bränvinet
251 683 38 20 och
304 689 78 14 vunnen
397 683 76 20 visshet
488 686 29 16 att
530 683 33 20 det
577 683 44 20 icke
637 683 62 20 blifvit
712 683 89 26 olofligen
810 683 27 20 till

90 709 68 20 landet
171 709 78 25 infördt,
265 711 36 24 äge
315 709 122 26 förpassning
451 709 85 20 utfärda.
565 710 96 20 Afsändes
674 710 35 19 det
722 709 42 20 från
773 709 66 20 lands-

90 738 40 23 ort,
145 735 48 21 skall
209 738 126 24 transporten
348 737 65 19 förses
427 737 46 19 med
488 736 67 25 bevis,
571 736 83 25 utgifvet
668 737 21 19 af
700 736 138 25 Kronofogden

92 762 48 19 eller
153 762 201 25 Kronolänsmannen,
369 763 94 20 deröfver
477 765 29 17 att
522 763 103 20 bränvinet
642 763 64 20 tillhör
721 763 116 20 afsändaren

91 789 37 19 och
142 790 22 19 är
179 789 21 19 af
212 787 51 22 finsk
277 789 130 26 tillverkning.

434 841 11 26 $
460 842 31 19 78.

145 879 61 20 Utom
220 879 53 20 hvad
287 878 11 21 å
312 879 76 20 utrikes
401 879 77 26 gående
490 879 67 27 fartyg
570 878 68 21 såsom
652 879 90 26 proviant
754 880 48 20 eller
810 880 27 20 till

93 906 80 20 utförsel
191 905 85 27 intages,
294 905 32 20 mä
343 905 25 27 på
387 905 69 26 saltsjö
471 905 20 25 ej
509 906 91 25 bränvin,
619 907 64 19 fastän
700 906 21 20 af
735 905 52 20 finsk
802 906 37 20 till-

91 932 103 27 verkning,
210 932 45 20 med
271 938 23 14 en
309 933 82 23 farkost,
409 933 64 19 ehvad
487 932 38 20 den
540 933 65 20 tillhör
619 933 82 20 stadsbo
715 933 48 20 eller
776 932 63 21 landt-

92 964 52 19 man,
160 959 73 20 forslas
247 959 5 19 i
267 959 65 20 större
345 961 24 18 än
383 959 74 20 femton
471 959 89 20 kannors
573 959 41 20 kärl
629 959 39 20 och
684 958 19 27 ej
720 958 25 27 på
763 958 49 27 engå

91 986 27 19 till
134 986 65 19 större
212 986 73 25 belopp
298 987 25 18 än
337 985 66 20 trettio
417 985 84 20 kannor.
531 986 72 25 Bryter
615 985 64 26 någon
688 986 97 23 häremot;
796 986 43 19 haf-

92 1017 25 14 ve
130 1012 102 20 förverkat
248 1012 82 20 bränvin
351 1012 37 19 och
409 1012 42 20 kärl
474 1013 38 19 och
533 1012 46 20 böte
599 1012 103 20 dessutom
722 1011 116 20 bränvinets

91 1038 68 20 värde.

435 1064 10 26 $
460 1065 32 20 79.

145 1102 98 20 Anträffas
257 1104 101 24 transport
371 1102 21 20 af
404 1102 84 20 bränvin
501 1102 27 20 till
543 1102 64 20 större
621 1102 72 25 belopp
710 1102 25 19 än
750 1102 25 20 15
789 1102 50 20 kan-

92 1135 36 13 nor
142 1132 47 17 utan
203 1129 127 25 förpassning
344 1128 47 20 eller
401 1128 176 26 ursprungsbevis;
588 1133 48 15 vare
646 1128 53 20 alltid
708 1128 83 20 bränvin
799 1128 39 20 och

91 1156 43 19 kärl
149 1155 108 21 förbrutne.
286 1156 43 18 Den
347 1160 44 14 som
408 1154 107 20 bränvinet
531 1154 77 20 afsändt
624 1154 59 20 miste
700 1154 39 20 ock
756 1155 82 26 dragare

93 1182 39 20 och
146 1181 185 26 forslingsredskap,
348 1186 33 14 om
394 1181 25 20 de
434 1182 73 19 honom
521 1181 84 24 tillhöra,
621 1184 54 16 samt
690 1180 62 26 plikte
767 1181 74 19 dessu-

92 1211 42 17 tom
148 1208 83 20 likasem
246 1208 30 20 för
289 1207 136 25 lurendrejeri,
441 1207 22 21 så
477 1208 60 20 framt
550 1208 39 20 han
604 1206 17 26 ej
636 1207 33 20 vid
679 1207 111 20 domstolen
799 1208 41 24 lag-

92 1235 50 26 ligen
159 1235 82 20 utreder
259 1238 28 16 att
303 1234 105 20 bränvinet
424 1235 21 19 är
462 1235 21 19 af
495 1234 53 20 finsk
565 1234 131 25 tillverkning.
725 1234 58 20 Visas
797 1233 40 24 det;

93 1262 47 20 böte
153 1262 77 20 ändock
245 1260 56 21 såväl
315 1261 116 19 afsändaren
444 1266 45 15 som
503 1262 139 24 transportens
649 1261 72 23 förare,
731 1260 36 20 der
777 1260 64 20 denne

93 1288 45 20 icke
151 1288 43 20 står
207 1287 64 21 under
285 1288 38 20 den
340 1288 64 19 förras
420 1287 177 24 husbondeväkle,
614 1287 29 19 för
661 1286 75 20 saknad
753 1287 88 25 förpass-

93 1315 51 24 ning,
160 1314 117 20 afsändaren
292 1313 43 19 från
349 1313 56 26 tjugu
419 1314 26 19 till
459 1314 106 19 etthundra
580 1314 57 18 mark
647 1314 38 18 och
695 1314 78 18 föraren
783 1314 58 18 hvar-

92 1340 20 25 je
126 1339 50 27 gång
190 1340 55 25 tjugu
259 1340 64 19 mark.

438 1393 10 26 $
463 1394 31 20 80:

147 1433 9 20 I
168 1432 108 21 allmänhet
289 1431 32 21 må
335 1432 84 20 bränvin
432 1432 17 25 ej
465 1432 107 26 uppläggas
587 1431 129 21 annorstädes
728 1433 27 18 än
762 1431 37 21 der
808 1436 34 15 va-
