<?xml version="1.0" encoding="UTF-8"?>
<alto xmlns="http://www.loc.gov/standards/alto/ns-v3#" xmlns:xlink="http://www.w3.org/1999/xlink" xmlns:xsi="http://www.w3.org/2001/XMLSchema-instance" xsi:schemaLocation="http://www.loc.gov/standards/alto/ns-v3# http://www.loc.gov/alto/v3/alto-3-0.xsd">
	<Description>
		<MeasurementUnit>pixel</MeasurementUnit>
		<sourceImageInformation>
			<fileName>/tmp/tess_gmx60qn5_input.PNG</fileName>
		</sourceImageInformation>
		<OCRProcessing ID="OCR_0">
			<ocrProcessingStep>
				<processingSoftware>
					<softwareName>tesseract 5.3.4</softwareName>
				</processingSoftware>
			</ocrProcessingStep>
		</OCRProcessing>
	</Description>
	<Layout>
		<Page WIDTH="1000" HEIGHT="1686" PHYSICAL_IMG_NR="0" ID="page_0">
			<PrintSpace HPOS="0" VPOS="0" WIDTH="1000" HEIGHT="1686">
				<GraphicalElement ID="cblock_0" HPOS="6" VPOS="32" WIDTH="1" HEIGHT="333"></GraphicalElement >
				<ComposedBlock ID="cblock_1" HPOS="171" VPOS="145" WIDTH="535" HEIGHT="33">
					<TextBlock ID="block_0" HPOS="171" VPOS="145" WIDTH="535" HEIGHT="33">
						<TextLine ID="line_0" HPOS="171" VPOS="145" WIDTH="535" HEIGHT="33">
							<String ID="string_0" HPOS="171" VPOS="145" WIDTH="48" HEIGHT="33" WC="0.95" CONTENT="1254"/><SP WIDTH="171" VPOS="145" HPOS="219"/>
							<String ID="string_1" HPOS="390" VPOS="149" WIDTH="72" HEIGHT="22" WC="0.92" CONTENT="Nådiga"/><SP WIDTH="12" VPOS="149" HPOS="462"/>
							<String ID="string_2" HPOS="474" VPOS="150" WIDTH="141" HEIGHT="22" WC="0.96" CONTENT="Propositionen"/><SP WIDTH="13" VPOS="150" HPOS="615"/>
							<String ID="string_3" HPOS="628" VPOS="149" WIDTH="36" HEIGHT="17" WC="0.96" CONTENT="N:o"/><SP WIDTH="14" VPOS="149" HPOS="664"/>
							<String ID="string_4" HPOS="678" VPOS="150" WIDTH="28" HEIGHT="17" WC="0.96" CONTENT="38."/>
						</TextLine>
					</TextBlock>
				</ComposedBlock>
				<ComposedBlock ID="cblock_2" HPOS="171" VPOS="197" WIDTH="748" HEIGHT="622">
					<TextBlock ID="block_1" HPOS="171" VPOS="197" WIDTH="747" HEIGHT="78">
						<TextLine ID="line_1" HPOS="171" VPOS="197" WIDTH="747" HEIGHT="26">
							<String ID="string_5" HPOS="171" VPOS="197" WIDTH="148" HEIGHT="26" WC="0.92" CONTENT="ningsskyldige"/><SP WIDTH="15" VPOS="197" HPOS="319"/>
							<String ID="string_6" HPOS="334" VPOS="198" WIDTH="52" HEIGHT="19" WC="0.91" CONTENT="inom"/><SP WIDTH="14" VPOS="198" HPOS="386"/>
							<String ID="string_7" HPOS="400" VPOS="198" WIDTH="142" HEIGHT="19" WC="0.91" CONTENT="kommunerne"/><SP WIDTH="15" VPOS="198" HPOS="542"/>
							<String ID="string_8" HPOS="557" VPOS="198" WIDTH="26" HEIGHT="19" WC="0.96" CONTENT="till"/><SP WIDTH="18" VPOS="198" HPOS="583"/>
							<String ID="string_9" HPOS="601" VPOS="198" WIDTH="59" HEIGHT="25" WC="0.96" CONTENT="godo,"/><SP WIDTH="20" VPOS="198" HPOS="660"/>
							<String ID="string_10" HPOS="680" VPOS="197" WIDTH="144" HEIGHT="20" WC="0.96" CONTENT="företrädesvis"/><SP WIDTH="17" VPOS="197" HPOS="824"/>
							<String ID="string_11" HPOS="841" VPOS="199" WIDTH="5" HEIGHT="17" WC="0.93" CONTENT="i"/><SP WIDTH="14" VPOS="199" HPOS="846"/>
							<String ID="string_12" HPOS="860" VPOS="197" WIDTH="58" HEIGHT="20" WC="0.92" CONTENT="ända-"/>
						</TextLine>
						<TextLine ID="line_2" HPOS="172" VPOS="223" WIDTH="746" HEIGHT="26">
							<String ID="string_13" HPOS="172" VPOS="223" WIDTH="38" HEIGHT="20" WC="0.96" CONTENT="mål"/><SP WIDTH="16" VPOS="223" HPOS="210"/>
							<String ID="string_14" HPOS="226" VPOS="227" WIDTH="28" HEIGHT="16" WC="0.96" CONTENT="att"/><SP WIDTH="14" VPOS="227" HPOS="254"/>
							<String ID="string_15" HPOS="268" VPOS="223" WIDTH="92" HEIGHT="20" WC="0.93" CONTENT="befordra"/><SP WIDTH="15" VPOS="223" HPOS="360"/>
							<String ID="string_16" HPOS="375" VPOS="225" WIDTH="130" HEIGHT="19" WC="0.91" CONTENT="anställandet"/><SP WIDTH="14" VPOS="225" HPOS="505"/>
							<String ID="string_17" HPOS="519" VPOS="225" WIDTH="21" HEIGHT="18" WC="0.93" CONTENT="af"/><SP WIDTH="12" VPOS="225" HPOS="540"/>
							<String ID="string_18" HPOS="552" VPOS="225" WIDTH="151" HEIGHT="24" WC="0.96" CONTENT="entreprenörer"/><SP WIDTH="12" VPOS="225" HPOS="703"/>
							<String ID="string_19" HPOS="715" VPOS="224" WIDTH="29" HEIGHT="19" WC="0.93" CONTENT="för"/><SP WIDTH="10" VPOS="224" HPOS="744"/>
							<String ID="string_20" HPOS="754" VPOS="223" WIDTH="120" HEIGHT="26" WC="0.92" CONTENT="skjutsnings"/><SP WIDTH="10" VPOS="223" HPOS="874"/>
							<String ID="string_21" HPOS="884" VPOS="224" WIDTH="34" HEIGHT="19" WC="0.93" CONTENT="be-"/>
						</TextLine>
						<TextLine ID="line_3" HPOS="172" VPOS="250" WIDTH="223" HEIGHT="25">
							<String ID="string_22" HPOS="172" VPOS="251" WIDTH="81" HEIGHT="19" WC="0.89" CONTENT="svärets"/><SP WIDTH="14" VPOS="251" HPOS="253"/>
							<String ID="string_23" HPOS="267" VPOS="250" WIDTH="128" HEIGHT="25" WC="0.96" CONTENT="fullgörande."/>
						</TextLine>
					</TextBlock>
					<TextBlock ID="block_2" HPOS="171" VPOS="280" WIDTH="747" HEIGHT="364">
						<TextLine ID="line_4" HPOS="224" VPOS="280" WIDTH="694" HEIGHT="27">
							<String ID="string_24" HPOS="224" VPOS="282" WIDTH="94" HEIGHT="25" WC="0.93" CONTENT="Slutligen"/><SP WIDTH="22" VPOS="282" HPOS="318"/>
							<String ID="string_25" HPOS="340" VPOS="282" WIDTH="36" HEIGHT="18" WC="0.61" CONTENT="har"/><SP WIDTH="22" VPOS="282" HPOS="376"/>
							<String ID="string_26" HPOS="398" VPOS="282" WIDTH="101" HEIGHT="20" WC="0.93" CONTENT="sektionen"/><SP WIDTH="21" VPOS="282" HPOS="499"/>
							<String ID="string_27" HPOS="520" VPOS="282" WIDTH="58" HEIGHT="20" WC="0.92" CONTENT="bordt"/><SP WIDTH="18" VPOS="282" HPOS="578"/>
							<String ID="string_28" HPOS="596" VPOS="281" WIDTH="79" HEIGHT="24" WC="0.95" CONTENT="föreslå,"/><SP WIDTH="16" VPOS="281" HPOS="675"/>
							<String ID="string_29" HPOS="691" VPOS="280" WIDTH="17" HEIGHT="25" WC="0.96" CONTENT="ej"/><SP WIDTH="15" VPOS="280" HPOS="708"/>
							<String ID="string_30" HPOS="723" VPOS="281" WIDTH="77" HEIGHT="19" WC="0.96" CONTENT="mindre"/><SP WIDTH="14" VPOS="281" HPOS="800"/>
							<String ID="string_31" HPOS="814" VPOS="284" WIDTH="28" HEIGHT="16" WC="0.93" CONTENT="att"/><SP WIDTH="14" VPOS="284" HPOS="842"/>
							<String ID="string_32" HPOS="856" VPOS="282" WIDTH="62" HEIGHT="19" WC="0.90" CONTENT="erfor-"/>
						</TextLine>
						<TextLine ID="line_5" HPOS="171" VPOS="297" WIDTH="746" HEIGHT="41">
							<String ID="string_33" HPOS="171" VPOS="308" WIDTH="72" HEIGHT="25" WC="0.91" CONTENT="derliga"/><SP WIDTH="16" VPOS="308" HPOS="243"/>
							<String ID="string_34" HPOS="259" VPOS="308" WIDTH="64" HEIGHT="19" WC="0.96" CONTENT="medel"/><SP WIDTH="15" VPOS="308" HPOS="323"/>
							<String ID="string_35" HPOS="338" VPOS="308" WIDTH="63" HEIGHT="20" WC="0.96" CONTENT="skulle"/><SP WIDTH="14" VPOS="308" HPOS="401"/>
							<String ID="string_36" HPOS="415" VPOS="309" WIDTH="66" HEIGHT="19" WC="0.96" CONTENT="ställas"/><SP WIDTH="14" VPOS="309" HPOS="481"/>
							<String ID="string_37" HPOS="495" VPOS="308" WIDTH="25" HEIGHT="20" WC="0.94" CONTENT="till"/><SP WIDTH="22" VPOS="308" HPOS="520"/>
							<String ID="string_38" HPOS="542" VPOS="308" WIDTH="113" HEIGHT="30" WC="0.95" CONTENT="Styrelsens"/><SP WIDTH="16" VPOS="308" HPOS="655"/>
							<String ID="string_39" HPOS="671" VPOS="297" WIDTH="119" HEIGHT="35" WC="0.75" CONTENT="&quot;förfogande"/><SP WIDTH="24" VPOS="297" HPOS="790"/>
							<String ID="string_40" HPOS="814" VPOS="308" WIDTH="30" HEIGHT="18" WC="0.92" CONTENT="för"/><SP WIDTH="24" VPOS="308" HPOS="844"/>
							<String ID="string_41" HPOS="868" VPOS="308" WIDTH="49" HEIGHT="19" WC="0.90" CONTENT="und-"/>
						</TextLine>
						<TextLine ID="line_6" HPOS="172" VPOS="323" WIDTH="745" HEIGHT="37">
							<String ID="string_42" HPOS="172" VPOS="323" WIDTH="187" HEIGHT="37" WC="0.91" CONTENT="sättningsåtgärder"/><SP WIDTH="14" VPOS="323" HPOS="359"/>
							<String ID="string_43" HPOS="373" VPOS="334" WIDTH="63" HEIGHT="20" WC="0.93" CONTENT="under"/><SP WIDTH="14" VPOS="334" HPOS="436"/>
							<String ID="string_44" HPOS="450" VPOS="334" WIDTH="121" HEIGHT="20" WC="0.91" CONTENT="missvextår"/><SP WIDTH="14" VPOS="334" HPOS="571"/>
							<String ID="string_45" HPOS="585" VPOS="336" WIDTH="51" HEIGHT="18" WC="0.96" CONTENT="samt"/><SP WIDTH="14" VPOS="336" HPOS="636"/>
							<String ID="string_46" HPOS="650" VPOS="334" WIDTH="26" HEIGHT="20" WC="0.96" CONTENT="till"/><SP WIDTH="16" VPOS="334" HPOS="676"/>
							<String ID="string_47" HPOS="692" VPOS="322" WIDTH="60" HEIGHT="31" WC="0.92" CONTENT="andra"/><SP WIDTH="18" VPOS="322" HPOS="752"/>
							<String ID="string_48" HPOS="770" VPOS="334" WIDTH="147" HEIGHT="19" WC="0.92" CONTENT="utomordentli-"/>
						</TextLine>
						<TextLine ID="line_7" HPOS="171" VPOS="350" WIDTH="746" HEIGHT="36">
							<String ID="string_49" HPOS="171" VPOS="366" WIDTH="24" HEIGHT="20" WC="0.94" CONTENT="ga"/><SP WIDTH="14" VPOS="366" HPOS="195"/>
							<String ID="string_50" HPOS="209" VPOS="350" WIDTH="68" HEIGHT="36" WC="0.87" CONTENT="behof,"/><SP WIDTH="16" VPOS="350" HPOS="277"/>
							<String ID="string_51" HPOS="293" VPOS="360" WIDTH="104" HEIGHT="20" WC="0.95" CONTENT="äfvensom"/><SP WIDTH="13" VPOS="360" HPOS="397"/>
							<String ID="string_52" HPOS="410" VPOS="361" WIDTH="27" HEIGHT="19" WC="0.96" CONTENT="till"/><SP WIDTH="15" VPOS="361" HPOS="437"/>
							<String ID="string_53" HPOS="452" VPOS="360" WIDTH="134" HEIGHT="20" WC="0.96" CONTENT="förbättrande"/><SP WIDTH="14" VPOS="360" HPOS="586"/>
							<String ID="string_54" HPOS="600" VPOS="360" WIDTH="20" HEIGHT="20" WC="0.92" CONTENT="af"/><SP WIDTH="13" VPOS="360" HPOS="620"/>
							<String ID="string_55" HPOS="633" VPOS="360" WIDTH="193" HEIGHT="25" WC="0.91" CONTENT="fängelseväsendet,"/><SP WIDTH="16" VPOS="360" HPOS="826"/>
							<String ID="string_56" HPOS="842" VPOS="361" WIDTH="23" HEIGHT="19" WC="0.96" CONTENT="än"/><SP WIDTH="15" VPOS="361" HPOS="865"/>
							<String ID="string_57" HPOS="880" VPOS="360" WIDTH="37" HEIGHT="19" WC="0.96" CONTENT="ock"/>
						</TextLine>
						<TextLine ID="line_8" HPOS="171" VPOS="386" WIDTH="745" HEIGHT="26">
							<String ID="string_58" HPOS="171" VPOS="389" WIDTH="28" HEIGHT="17" WC="0.96" CONTENT="att"/><SP WIDTH="16" VPOS="389" HPOS="199"/>
							<String ID="string_59" HPOS="215" VPOS="392" WIDTH="25" HEIGHT="14" WC="0.96" CONTENT="en"/><SP WIDTH="17" VPOS="392" HPOS="240"/>
							<String ID="string_60" HPOS="257" VPOS="377" WIDTH="85" HEIGHT="29" WC="0.92" CONTENT="summa”"/><SP WIDTH="10" VPOS="377" HPOS="342"/>
							<String ID="string_61" HPOS="352" VPOS="386" WIDTH="73" HEIGHT="26" WC="0.93" CONTENT="årligen"/><SP WIDTH="16" VPOS="386" HPOS="425"/>
							<String ID="string_62" HPOS="441" VPOS="388" WIDTH="65" HEIGHT="18" WC="0.92" CONTENT="blefve"/><SP WIDTH="17" VPOS="388" HPOS="506"/>
							<String ID="string_63" HPOS="523" VPOS="388" WIDTH="90" HEIGHT="24" WC="0.95" CONTENT="anslagen"/><SP WIDTH="17" VPOS="388" HPOS="613"/>
							<String ID="string_64" HPOS="630" VPOS="386" WIDTH="26" HEIGHT="20" WC="0.96" CONTENT="till"/><SP WIDTH="19" VPOS="386" HPOS="656"/>
							<String ID="string_65" HPOS="675" VPOS="386" WIDTH="93" HEIGHT="20" WC="0.96" CONTENT="bildande"/><SP WIDTH="17" VPOS="386" HPOS="768"/>
							<String ID="string_66" HPOS="785" VPOS="386" WIDTH="21" HEIGHT="20" WC="0.96" CONTENT="af"/><SP WIDTH="15" VPOS="386" HPOS="806"/>
							<String ID="string_67" HPOS="821" VPOS="392" WIDTH="24" HEIGHT="14" WC="0.96" CONTENT="en"/><SP WIDTH="18" VPOS="392" HPOS="845"/>
							<String ID="string_68" HPOS="863" VPOS="386" WIDTH="53" HEIGHT="25" WC="0.96" CONTENT="fond,"/>
						</TextLine>
						<TextLine ID="line_9" HPOS="171" VPOS="412" WIDTH="747" HEIGHT="27">
							<String ID="string_69" HPOS="171" VPOS="413" WIDTH="96" HEIGHT="20" WC="0.91" CONTENT="hvarmed"/><SP WIDTH="16" VPOS="413" HPOS="267"/>
							<String ID="string_70" HPOS="283" VPOS="416" WIDTH="86" HEIGHT="23" WC="0.91" CONTENT="utvägar"/><SP WIDTH="14" VPOS="416" HPOS="369"/>
							<String ID="string_71" HPOS="383" VPOS="413" WIDTH="67" HEIGHT="19" WC="0.96" CONTENT="kunde"/><SP WIDTH="14" VPOS="413" HPOS="450"/>
							<String ID="string_72" HPOS="464" VPOS="414" WIDTH="84" HEIGHT="19" WC="0.96" CONTENT="beredas"/><SP WIDTH="14" VPOS="414" HPOS="548"/>
							<String ID="string_73" HPOS="562" VPOS="414" WIDTH="30" HEIGHT="18" WC="0.93" CONTENT="för"/><SP WIDTH="13" VPOS="414" HPOS="592"/>
							<String ID="string_74" HPOS="605" VPOS="412" WIDTH="203" HEIGHT="32" WC="0.91" CONTENT="donationsbönderne"/><SP WIDTH="14" VPOS="412" HPOS="808"/>
							<String ID="string_75" HPOS="822" VPOS="413" WIDTH="4" HEIGHT="19" WC="0.96" CONTENT="i"/><SP WIDTH="15" VPOS="413" HPOS="826"/>
							<String ID="string_76" HPOS="841" VPOS="402" WIDTH="77" HEIGHT="30" WC="0.42" CONTENT="landets"/>
						</TextLine>
						<TextLine ID="line_10" HPOS="171" VPOS="438" WIDTH="747" HEIGHT="27">
							<String ID="string_77" HPOS="171" VPOS="440" WIDTH="53" HEIGHT="19" WC="0.96" CONTENT="östra"/><SP WIDTH="14" VPOS="440" HPOS="224"/>
							<String ID="string_78" HPOS="238" VPOS="440" WIDTH="31" HEIGHT="19" WC="0.96" CONTENT="del"/><SP WIDTH="15" VPOS="440" HPOS="269"/>
							<String ID="string_79" HPOS="284" VPOS="440" WIDTH="26" HEIGHT="19" WC="0.95" CONTENT="till"/><SP WIDTH="15" VPOS="440" HPOS="310"/>
							<String ID="string_80" HPOS="325" VPOS="440" WIDTH="75" HEIGHT="19" WC="0.96" CONTENT="inlösen"/><SP WIDTH="14" VPOS="440" HPOS="400"/>
							<String ID="string_81" HPOS="414" VPOS="440" WIDTH="22" HEIGHT="19" WC="0.97" CONTENT="af"/><SP WIDTH="12" VPOS="440" HPOS="436"/>
							<String ID="string_82" HPOS="448" VPOS="440" WIDTH="58" HEIGHT="19" WC="0.93" CONTENT="deras"/><SP WIDTH="15" VPOS="440" HPOS="506"/>
							<String ID="string_83" HPOS="521" VPOS="439" WIDTH="89" HEIGHT="20" WC="0.92" CONTENT="åboende"/><SP WIDTH="14" VPOS="439" HPOS="610"/>
							<String ID="string_84" HPOS="624" VPOS="440" WIDTH="125" HEIGHT="25" WC="0.96" CONTENT="lägenheter,"/><SP WIDTH="16" VPOS="440" HPOS="749"/>
							<String ID="string_85" HPOS="765" VPOS="438" WIDTH="22" HEIGHT="20" WC="0.93" CONTENT="så"/><SP WIDTH="15" VPOS="438" HPOS="787"/>
							<String ID="string_86" HPOS="802" VPOS="440" WIDTH="58" HEIGHT="18" WC="0.92" CONTENT="framt"/><SP WIDTH="14" VPOS="440" HPOS="860"/>
							<String ID="string_87" HPOS="874" VPOS="438" WIDTH="44" HEIGHT="21" WC="0.96" CONTENT="icke"/>
						</TextLine>
						<TextLine ID="line_11" HPOS="171" VPOS="454" WIDTH="747" HEIGHT="37">
							<String ID="string_88" HPOS="171" VPOS="466" WIDTH="61" HEIGHT="20" WC="0.96" CONTENT="andra"/><SP WIDTH="14" VPOS="466" HPOS="232"/>
							<String ID="string_89" HPOS="246" VPOS="466" WIDTH="65" HEIGHT="19" WC="0.92" CONTENT="medel"/><SP WIDTH="15" VPOS="466" HPOS="311"/>
							<String ID="string_90" HPOS="326" VPOS="465" WIDTH="63" HEIGHT="20" WC="0.92" CONTENT="dertill"/><SP WIDTH="15" VPOS="465" HPOS="389"/>
							<String ID="string_91" HPOS="404" VPOS="466" WIDTH="60" HEIGHT="20" WC="0.95" CONTENT="blifva"/><SP WIDTH="15" VPOS="466" HPOS="464"/>
							<String ID="string_92" HPOS="479" VPOS="467" WIDTH="20" HEIGHT="19" WC="0.93" CONTENT="af"/><SP WIDTH="13" VPOS="467" HPOS="499"/>
							<String ID="string_93" HPOS="512" VPOS="466" WIDTH="108" HEIGHT="20" WC="0.90" CONTENT="Ständerna"/><SP WIDTH="14" VPOS="466" HPOS="620"/>
							<String ID="string_94" HPOS="634" VPOS="454" WIDTH="99" HEIGHT="37" WC="0.91" CONTENT="anslagna,"/><SP WIDTH="12" VPOS="454" HPOS="733"/>
							<String ID="string_95" HPOS="745" VPOS="455" WIDTH="42" HEIGHT="30" WC="0.90" CONTENT="&#39;och"/><SP WIDTH="10" VPOS="455" HPOS="787"/>
							<String ID="string_96" HPOS="797" VPOS="468" WIDTH="34" HEIGHT="22" WC="0.88" CONTENT="att,"/><SP WIDTH="12" VPOS="468" HPOS="831"/>
							<String ID="string_97" HPOS="843" VPOS="465" WIDTH="5" HEIGHT="19" WC="0.88" CONTENT="i"/><SP WIDTH="12" VPOS="465" HPOS="848"/>
							<String ID="string_98" HPOS="860" VPOS="466" WIDTH="58" HEIGHT="18" WC="0.91" CONTENT="hvar-"/>
						</TextLine>
						<TextLine ID="line_12" HPOS="171" VPOS="477" WIDTH="746" HEIGHT="42">
							<String ID="string_99" HPOS="171" VPOS="492" WIDTH="47" HEIGHT="20" WC="0.96" CONTENT="dera"/><SP WIDTH="14" VPOS="492" HPOS="218"/>
							<String ID="string_100" HPOS="232" VPOS="493" WIDTH="60" HEIGHT="23" WC="0.96" CONTENT="fallet,"/><SP WIDTH="16" VPOS="493" HPOS="292"/>
							<String ID="string_101" HPOS="308" VPOS="492" WIDTH="113" HEIGHT="20" WC="0.96" CONTENT="återstoden"/><SP WIDTH="15" VPOS="492" HPOS="421"/>
							<String ID="string_102" HPOS="436" VPOS="492" WIDTH="64" HEIGHT="20" WC="0.96" CONTENT="skulle"/><SP WIDTH="14" VPOS="492" HPOS="500"/>
							<String ID="string_103" HPOS="514" VPOS="492" WIDTH="99" HEIGHT="20" WC="0.92" CONTENT="användas"/><SP WIDTH="15" VPOS="492" HPOS="613"/>
							<String ID="string_104" HPOS="628" VPOS="492" WIDTH="26" HEIGHT="20" WC="0.94" CONTENT="till"/><SP WIDTH="14" VPOS="492" HPOS="654"/>
							<String ID="string_105" HPOS="668" VPOS="477" WIDTH="249" HEIGHT="42" WC="0.88" CONTENT="kommunikationsanstal-"/>
						</TextLine>
						<TextLine ID="line_13" HPOS="172" VPOS="518" WIDTH="746" HEIGHT="27">
							<String ID="string_106" HPOS="172" VPOS="520" WIDTH="68" HEIGHT="19" WC="0.93" CONTENT="ternas"/><SP WIDTH="14" VPOS="520" HPOS="240"/>
							<String ID="string_107" HPOS="254" VPOS="518" WIDTH="151" HEIGHT="21" WC="0.90" CONTENT="fullkomnande."/><SP WIDTH="29" VPOS="518" HPOS="405"/>
							<String ID="string_108" HPOS="434" VPOS="519" WIDTH="37" HEIGHT="19" WC="0.94" CONTENT="För"/><SP WIDTH="14" VPOS="519" HPOS="471"/>
							<String ID="string_109" HPOS="485" VPOS="519" WIDTH="58" HEIGHT="26" WC="0.96" CONTENT="öfrigt"/><SP WIDTH="13" VPOS="519" HPOS="543"/>
							<String ID="string_110" HPOS="556" VPOS="524" WIDTH="60" HEIGHT="14" WC="0.96" CONTENT="anser"/><SP WIDTH="14" VPOS="524" HPOS="616"/>
							<String ID="string_111" HPOS="630" VPOS="518" WIDTH="104" HEIGHT="20" WC="0.96" CONTENT="sektionen"/><SP WIDTH="17" VPOS="518" HPOS="734"/>
							<String ID="string_112" HPOS="751" VPOS="518" WIDTH="59" HEIGHT="20" WC="0.93" CONTENT="äfven"/><SP WIDTH="17" VPOS="518" HPOS="810"/>
							<String ID="string_113" HPOS="827" VPOS="518" WIDTH="91" HEIGHT="20" WC="0.92" CONTENT="stadsbe-"/>
						</TextLine>
						<TextLine ID="line_14" HPOS="172" VPOS="544" WIDTH="745" HEIGHT="26">
							<String ID="string_114" HPOS="172" VPOS="545" WIDTH="111" HEIGHT="25" WC="0.92" CONTENT="folkningen"/><SP WIDTH="13" VPOS="545" HPOS="283"/>
							<String ID="string_115" HPOS="296" VPOS="545" WIDTH="48" HEIGHT="20" WC="0.96" CONTENT="böra"/><SP WIDTH="18" VPOS="545" HPOS="344"/>
							<String ID="string_116" HPOS="362" VPOS="545" WIDTH="58" HEIGHT="19" WC="0.96" CONTENT="blifva"/><SP WIDTH="18" VPOS="545" HPOS="420"/>
							<String ID="string_117" HPOS="438" VPOS="545" WIDTH="84" HEIGHT="25" WC="0.95" CONTENT="delaktig"/><SP WIDTH="17" VPOS="545" HPOS="522"/>
							<String ID="string_118" HPOS="539" VPOS="546" WIDTH="28" HEIGHT="18" WC="0.96" CONTENT="uti"/><SP WIDTH="17" VPOS="546" HPOS="567"/>
							<String ID="string_119" HPOS="584" VPOS="545" WIDTH="25" HEIGHT="19" WC="0.95" CONTENT="de"/><SP WIDTH="16" VPOS="545" HPOS="609"/>
							<String ID="string_120" HPOS="625" VPOS="545" WIDTH="26" HEIGHT="20" WC="0.93" CONTENT="till"/><SP WIDTH="19" VPOS="545" HPOS="651"/>
							<String ID="string_121" HPOS="670" VPOS="545" WIDTH="85" HEIGHT="19" WC="0.91" CONTENT="lättande"/><SP WIDTH="17" VPOS="545" HPOS="755"/>
							<String ID="string_122" HPOS="772" VPOS="545" WIDTH="20" HEIGHT="19" WC="0.93" CONTENT="af"/><SP WIDTH="16" VPOS="545" HPOS="792"/>
							<String ID="string_123" HPOS="808" VPOS="544" WIDTH="109" HEIGHT="26" WC="0.91" CONTENT="vägabygg-"/>
						</TextLine>
						<TextLine ID="line_15" HPOS="174" VPOS="557" WIDTH="744" HEIGHT="47">
							<String ID="string_124" HPOS="174" VPOS="571" WIDTH="50" HEIGHT="19" WC="0.91" CONTENT="nads"/><SP WIDTH="14" VPOS="571" HPOS="224"/>
							<String ID="string_125" HPOS="238" VPOS="560" WIDTH="38" HEIGHT="30" WC="0.96" CONTENT="och"/><SP WIDTH="15" VPOS="560" HPOS="276"/>
							<String ID="string_126" HPOS="291" VPOS="557" WIDTH="235" HEIGHT="47" WC="0.91" CONTENT="hållskjutsningstungan"/><SP WIDTH="14" VPOS="557" HPOS="526"/>
							<String ID="string_127" HPOS="540" VPOS="571" WIDTH="81" HEIGHT="19" WC="0.91" CONTENT="afsedda"/><SP WIDTH="14" VPOS="571" HPOS="621"/>
							<String ID="string_128" HPOS="635" VPOS="571" WIDTH="76" HEIGHT="25" WC="0.96" CONTENT="bidrag,"/><SP WIDTH="16" VPOS="571" HPOS="711"/>
							<String ID="string_129" HPOS="727" VPOS="570" WIDTH="59" HEIGHT="32" WC="0.96" CONTENT="enligt"/><SP WIDTH="13" VPOS="570" HPOS="786"/>
							<String ID="string_130" HPOS="799" VPOS="571" WIDTH="37" HEIGHT="19" WC="0.93" CONTENT="den"/><SP WIDTH="10" VPOS="571" HPOS="836"/>
							<String ID="string_131" HPOS="846" VPOS="570" WIDTH="72" HEIGHT="20" WC="0.90" CONTENT="beräk-"/>
						</TextLine>
						<TextLine ID="line_16" HPOS="171" VPOS="596" WIDTH="747" HEIGHT="27">
							<String ID="string_132" HPOS="171" VPOS="597" WIDTH="120" HEIGHT="26" WC="0.90" CONTENT="ningsgrund"/><SP WIDTH="14" VPOS="597" HPOS="291"/>
							<String ID="string_133" HPOS="305" VPOS="599" WIDTH="29" HEIGHT="18" WC="0.96" CONTENT="att"/><SP WIDTH="12" VPOS="599" HPOS="334"/>
							<String ID="string_134" HPOS="346" VPOS="596" WIDTH="69" HEIGHT="26" WC="0.96" CONTENT="hvarje"/><SP WIDTH="15" VPOS="596" HPOS="415"/>
							<String ID="string_135" HPOS="430" VPOS="598" WIDTH="103" HEIGHT="20" WC="0.96" CONTENT="hundratal"/><SP WIDTH="15" VPOS="598" HPOS="533"/>
							<String ID="string_136" HPOS="548" VPOS="598" WIDTH="20" HEIGHT="19" WC="0.96" CONTENT="af"/><SP WIDTH="12" VPOS="598" HPOS="568"/>
							<String ID="string_137" HPOS="580" VPOS="597" WIDTH="103" HEIGHT="21" WC="0.96" CONTENT="städernas"/><SP WIDTH="14" VPOS="597" HPOS="683"/>
							<String ID="string_138" HPOS="697" VPOS="587" WIDTH="95" HEIGHT="29" WC="0.96" CONTENT="invånare"/><SP WIDTH="14" VPOS="587" HPOS="792"/>
							<String ID="string_139" HPOS="806" VPOS="597" WIDTH="64" HEIGHT="20" WC="0.93" CONTENT="skulle"/><SP WIDTH="14" VPOS="597" HPOS="870"/>
							<String ID="string_140" HPOS="884" VPOS="603" WIDTH="34" HEIGHT="13" WC="0.93" CONTENT="an-"/>
						</TextLine>
						<TextLine ID="line_17" HPOS="171" VPOS="625" WIDTH="308" HEIGHT="25">
							<String ID="string_141" HPOS="171" VPOS="626" WIDTH="55" HEIGHT="24" WC="0.95" CONTENT="tagas"/><SP WIDTH="15" VPOS="626" HPOS="226"/>
							<String ID="string_142" HPOS="241" VPOS="626" WIDTH="103" HEIGHT="17" WC="0.96" CONTENT="motsvara"/><SP WIDTH="14" VPOS="626" HPOS="344"/>
							<String ID="string_143" HPOS="358" VPOS="626" WIDTH="28" HEIGHT="17" WC="0.96" CONTENT="ett"/><SP WIDTH="14" VPOS="626" HPOS="386"/>
							<String ID="string_144" HPOS="400" VPOS="625" WIDTH="79" HEIGHT="19" WC="0.96" CONTENT="mantal."/>
						</TextLine>
					</TextBlock>
					<TextBlock ID="block_3" HPOS="172" VPOS="654" WIDTH="747" HEIGHT="74">
						<TextLine ID="line_18" HPOS="226" VPOS="654" WIDTH="692" HEIGHT="22">
							<String ID="string_145" HPOS="226" VPOS="657" WIDTH="8" HEIGHT="19" WC="0.92" CONTENT="I"/><SP WIDTH="20" VPOS="657" HPOS="234"/>
							<String ID="string_146" HPOS="254" VPOS="656" WIDTH="210" HEIGHT="19" WC="0.89" CONTENT="öfverensstämmelse"/><SP WIDTH="17" VPOS="656" HPOS="464"/>
							<String ID="string_147" HPOS="481" VPOS="656" WIDTH="45" HEIGHT="20" WC="0.96" CONTENT="med"/><SP WIDTH="18" VPOS="656" HPOS="526"/>
							<String ID="string_148" HPOS="544" VPOS="655" WIDTH="54" HEIGHT="20" WC="0.96" CONTENT="hvad"/><SP WIDTH="19" VPOS="655" HPOS="598"/>
							<String ID="string_149" HPOS="617" VPOS="656" WIDTH="36" HEIGHT="19" WC="0.96" CONTENT="här"/><SP WIDTH="18" VPOS="656" HPOS="653"/>
							<String ID="string_150" HPOS="671" VPOS="656" WIDTH="59" HEIGHT="19" WC="0.96" CONTENT="ofvan"/><SP WIDTH="17" VPOS="656" HPOS="730"/>
							<String ID="string_151" HPOS="747" VPOS="655" WIDTH="75" HEIGHT="20" WC="0.96" CONTENT="anförts"/><SP WIDTH="16" VPOS="655" HPOS="822"/>
							<String ID="string_152" HPOS="838" VPOS="654" WIDTH="29" HEIGHT="21" WC="0.93" CONTENT="får"/><SP WIDTH="17" VPOS="654" HPOS="867"/>
							<String ID="string_153" HPOS="884" VPOS="655" WIDTH="34" HEIGHT="20" WC="0.92" CONTENT="Ut-"/>
						</TextLine>
						<TextLine ID="line_19" HPOS="173" VPOS="681" WIDTH="746" HEIGHT="27">
							<String ID="string_154" HPOS="173" VPOS="682" WIDTH="169" HEIGHT="20" WC="0.32" CONTENT="skottssektionen"/><SP WIDTH="15" VPOS="682" HPOS="342"/>
							<String ID="string_155" HPOS="357" VPOS="682" WIDTH="147" HEIGHT="20" WC="0.35" CONTENT="vördsammast"/><SP WIDTH="14" VPOS="682" HPOS="504"/>
							<String ID="string_156" HPOS="518" VPOS="682" WIDTH="78" HEIGHT="20" WC="0.96" CONTENT="förorda"/><SP WIDTH="14" VPOS="682" HPOS="596"/>
							<String ID="string_157" HPOS="610" VPOS="681" WIDTH="83" HEIGHT="26" WC="0.96" CONTENT="följande"/><SP WIDTH="18" VPOS="681" HPOS="693"/>
							<String ID="string_158" HPOS="711" VPOS="682" WIDTH="107" HEIGHT="26" WC="0.96" CONTENT="fördelning"/><SP WIDTH="16" VPOS="682" HPOS="818"/>
							<String ID="string_159" HPOS="834" VPOS="682" WIDTH="21" HEIGHT="19" WC="0.93" CONTENT="af"/><SP WIDTH="14" VPOS="682" HPOS="855"/>
							<String ID="string_160" HPOS="869" VPOS="681" WIDTH="50" HEIGHT="20" WC="0.93" CONTENT="Kro-"/>
						</TextLine>
						<TextLine ID="line_20" HPOS="172" VPOS="708" WIDTH="338" HEIGHT="20">
							<String ID="string_161" HPOS="172" VPOS="714" WIDTH="49" HEIGHT="14" WC="0.89" CONTENT="nans"/><SP WIDTH="15" VPOS="714" HPOS="221"/>
							<String ID="string_162" HPOS="236" VPOS="708" WIDTH="58" HEIGHT="20" WC="0.96" CONTENT="andel"/><SP WIDTH="15" VPOS="708" HPOS="294"/>
							<String ID="string_163" HPOS="309" VPOS="709" WIDTH="5" HEIGHT="18" WC="0.93" CONTENT="i"/><SP WIDTH="15" VPOS="709" HPOS="314"/>
							<String ID="string_164" HPOS="329" VPOS="708" WIDTH="181" HEIGHT="20" WC="0.90" CONTENT="bränvinsskatten:"/>
						</TextLine>
					</TextBlock>
					<TextBlock ID="block_4" HPOS="172" VPOS="740" WIDTH="747" HEIGHT="79">
						<TextLine ID="line_21" HPOS="228" VPOS="740" WIDTH="691" HEIGHT="26">
							<String ID="string_165" HPOS="228" VPOS="741" WIDTH="23" HEIGHT="24" WC="0.77" CONTENT="A)"/><SP WIDTH="29" VPOS="741" HPOS="251"/>
							<String ID="string_166" HPOS="280" VPOS="740" WIDTH="71" HEIGHT="26" WC="0.75" CONTENT="Anslag"/><SP WIDTH="14" VPOS="740" HPOS="351"/>
							<String ID="string_167" HPOS="365" VPOS="740" WIDTH="26" HEIGHT="20" WC="0.92" CONTENT="till"/><SP WIDTH="15" VPOS="740" HPOS="391"/>
							<String ID="string_168" HPOS="406" VPOS="741" WIDTH="113" HEIGHT="19" WC="0.92" CONTENT="ersättande"/><SP WIDTH="14" VPOS="741" HPOS="519"/>
							<String ID="string_169" HPOS="533" VPOS="741" WIDTH="21" HEIGHT="19" WC="0.96" CONTENT="af"/><SP WIDTH="11" VPOS="741" HPOS="554"/>
							<String ID="string_170" HPOS="565" VPOS="741" WIDTH="89" HEIGHT="19" WC="0.96" CONTENT="Kronans"/><SP WIDTH="13" VPOS="741" HPOS="654"/>
							<String ID="string_171" HPOS="667" VPOS="741" WIDTH="71" HEIGHT="19" WC="0.96" CONTENT="förlust"/><SP WIDTH="13" VPOS="741" HPOS="738"/>
							<String ID="string_172" HPOS="751" VPOS="746" WIDTH="72" HEIGHT="20" WC="0.96" CONTENT="genom"/><SP WIDTH="11" VPOS="746" HPOS="823"/>
							<String ID="string_173" HPOS="834" VPOS="740" WIDTH="40" HEIGHT="20" WC="0.91" CONTENT="den"/><SP WIDTH="9" VPOS="740" HPOS="874"/>
							<String ID="string_174" HPOS="883" VPOS="746" WIDTH="36" HEIGHT="13" WC="0.92" CONTENT="nu-"/>
						</TextLine>
						<TextLine ID="line_22" HPOS="173" VPOS="766" WIDTH="745" HEIGHT="21">
							<String ID="string_175" HPOS="173" VPOS="767" WIDTH="88" HEIGHT="19" WC="0.93" CONTENT="varande"/><SP WIDTH="14" VPOS="767" HPOS="261"/>
							<String ID="string_176" HPOS="275" VPOS="766" WIDTH="186" HEIGHT="20" WC="0.92" CONTENT="bränvinsskattens"/><SP WIDTH="14" VPOS="766" HPOS="461"/>
							<String ID="string_177" HPOS="475" VPOS="767" WIDTH="127" HEIGHT="20" WC="0.91" CONTENT="bortfallande"/><SP WIDTH="15" VPOS="767" HPOS="602"/>
							<String ID="string_178" HPOS="617" VPOS="770" WIDTH="52" HEIGHT="16" WC="0.96" CONTENT="samt"/><SP WIDTH="13" VPOS="770" HPOS="669"/>
							<String ID="string_179" HPOS="682" VPOS="767" WIDTH="26" HEIGHT="20" WC="0.96" CONTENT="de"/><SP WIDTH="13" VPOS="767" HPOS="708"/>
							<String ID="string_180" HPOS="721" VPOS="767" WIDTH="21" HEIGHT="19" WC="0.96" CONTENT="af"/><SP WIDTH="12" VPOS="767" HPOS="742"/>
							<String ID="string_181" HPOS="754" VPOS="767" WIDTH="38" HEIGHT="19" WC="0.96" CONTENT="den"/><SP WIDTH="9" VPOS="767" HPOS="792"/>
							<String ID="string_182" HPOS="801" VPOS="766" WIDTH="117" HEIGHT="20" WC="0.96" CONTENT="förändrade"/>
						</TextLine>
						<TextLine ID="line_23" HPOS="172" VPOS="792" WIDTH="373" HEIGHT="27">
							<String ID="string_183" HPOS="172" VPOS="793" WIDTH="144" HEIGHT="25" WC="0.95" CONTENT="lagstiftningen"/><SP WIDTH="14" VPOS="793" HPOS="316"/>
							<String ID="string_184" HPOS="330" VPOS="792" WIDTH="112" HEIGHT="20" WC="0.96" CONTENT="föranledda"/><SP WIDTH="14" VPOS="792" HPOS="442"/>
							<String ID="string_185" HPOS="456" VPOS="794" WIDTH="89" HEIGHT="25" WC="0.95" CONTENT="utgifter:"/>
						</TextLine>
					</TextBlock>
				</ComposedBlock>
				<ComposedBlock ID="cblock_3" HPOS="699" VPOS="834" WIDTH="59" HEIGHT="17">
					<TextBlock ID="block_5" HPOS="699" VPOS="834" WIDTH="59" HEIGHT="17">
						<TextLine ID="line_24" HPOS="699" VPOS="834" WIDTH="59" HEIGHT="17">
							<String ID="string_186" HPOS="699" VPOS="834" WIDTH="59" HEIGHT="17" WC="0.93" CONTENT="Mark,"/>
						</TextLine>
					</TextBlock>
				</ComposedBlock>
				<ComposedBlock ID="cblock_4" HPOS="173" VPOS="873" WIDTH="743" HEIGHT="587">
					<TextBlock ID="block_6" HPOS="174" VPOS="873" WIDTH="477" HEIGHT="26">
						<TextLine ID="line_25" HPOS="174" VPOS="873" WIDTH="477" HEIGHT="26">
							<String ID="string_187" HPOS="174" VPOS="874" WIDTH="20" HEIGHT="24" WC="0.89" CONTENT="1)"/><SP WIDTH="15" VPOS="874" HPOS="194"/>
							<String ID="string_188" HPOS="209" VPOS="874" WIDTH="37" HEIGHT="19" WC="0.93" CONTENT="För"/><SP WIDTH="11" VPOS="874" HPOS="246"/>
							<String ID="string_189" HPOS="257" VPOS="873" WIDTH="142" HEIGHT="26" WC="0.91" CONTENT="eftergifvande"/><SP WIDTH="9" VPOS="873" HPOS="399"/>
							<String ID="string_190" HPOS="408" VPOS="873" WIDTH="21" HEIGHT="20" WC="0.92" CONTENT="af"/><SP WIDTH="8" VPOS="873" HPOS="429"/>
							<String ID="string_191" HPOS="437" VPOS="873" WIDTH="214" HEIGHT="20" WC="0.91" CONTENT="husbehofsbränvins-"/>
						</TextLine>
					</TextBlock>
					<TextBlock ID="block_7" HPOS="173" VPOS="885" WIDTH="603" HEIGHT="72">
						<TextLine ID="line_26" HPOS="208" VPOS="885" WIDTH="568" HEIGHT="44">
							<String ID="string_192" HPOS="208" VPOS="885" WIDTH="165" HEIGHT="44" WC="0.88" CONTENT="arrendeafgiften"/><SP WIDTH="27" VPOS="885" HPOS="373"/>
							<String ID="string_193" HPOS="400" VPOS="915" WIDTH="38" HEIGHT="4" WC="0.0" CONTENT="ok"/><SP WIDTH="208" VPOS="915" HPOS="438"/>
							<String ID="string_194" HPOS="646" VPOS="915" WIDTH="4" HEIGHT="4" WC="0.65" CONTENT="&lt;"/><SP WIDTH="30" VPOS="915" HPOS="650"/>
							<String ID="string_195" HPOS="680" VPOS="899" WIDTH="96" HEIGHT="25" WC="0.85" CONTENT="660,000."/>
						</TextLine>
						<TextLine ID="line_27" HPOS="173" VPOS="914" WIDTH="479" HEIGHT="43">
							<String ID="string_196" HPOS="173" VPOS="931" WIDTH="21" HEIGHT="26" WC="0.96" CONTENT="2)"/><SP WIDTH="16" VPOS="931" HPOS="194"/>
							<String ID="string_197" HPOS="210" VPOS="932" WIDTH="26" HEIGHT="19" WC="0.96" CONTENT="De"/><SP WIDTH="13" VPOS="932" HPOS="236"/>
							<String ID="string_198" HPOS="249" VPOS="931" WIDTH="46" HEIGHT="20" WC="0.92" CONTENT="med"/><SP WIDTH="11" VPOS="931" HPOS="295"/>
							<String ID="string_199" HPOS="306" VPOS="931" WIDTH="108" HEIGHT="20" WC="0.91" CONTENT="kontrollen"/><SP WIDTH="10" VPOS="931" HPOS="414"/>
							<String ID="string_200" HPOS="424" VPOS="915" WIDTH="93" HEIGHT="36" WC="0.90" CONTENT="förenade"/><SP WIDTH="9" VPOS="915" HPOS="517"/>
							<String ID="string_201" HPOS="526" VPOS="914" WIDTH="89" HEIGHT="43" WC="0.92" CONTENT="utgifter,"/><SP WIDTH="9" VPOS="914" HPOS="615"/>
							<String ID="string_202" HPOS="624" VPOS="932" WIDTH="28" HEIGHT="19" WC="0.93" CONTENT="in-"/>
						</TextLine>
					</TextBlock>
					<TextBlock ID="block_8" HPOS="208" VPOS="957" WIDTH="444" HEIGHT="26">
						<TextLine ID="line_28" HPOS="208" VPOS="957" WIDTH="444" HEIGHT="26">
							<String ID="string_203" HPOS="208" VPOS="959" WIDTH="55" HEIGHT="18" WC="0.96" CONTENT="lösen"/><SP WIDTH="14" VPOS="959" HPOS="263"/>
							<String ID="string_204" HPOS="277" VPOS="957" WIDTH="20" HEIGHT="20" WC="0.96" CONTENT="af"/><SP WIDTH="12" VPOS="957" HPOS="297"/>
							<String ID="string_205" HPOS="309" VPOS="958" WIDTH="68" HEIGHT="19" WC="0.96" CONTENT="hittills"/><SP WIDTH="18" VPOS="958" HPOS="377"/>
							<String ID="string_206" HPOS="395" VPOS="958" WIDTH="98" HEIGHT="25" WC="0.93" CONTENT="begagnad"/><SP WIDTH="18" VPOS="958" HPOS="493"/>
							<String ID="string_207" HPOS="511" VPOS="958" WIDTH="141" HEIGHT="19" WC="0.91" CONTENT="bränvinsred-"/>
						</TextLine>
					</TextBlock>
					<TextBlock ID="block_9" HPOS="209" VPOS="983" WIDTH="442" HEIGHT="26">
						<TextLine ID="line_29" HPOS="209" VPOS="983" WIDTH="442" HEIGHT="26">
							<String ID="string_208" HPOS="209" VPOS="984" WIDTH="57" HEIGHT="25" WC="0.96" CONTENT="skap,"/><SP WIDTH="16" VPOS="984" HPOS="266"/>
							<String ID="string_209" HPOS="282" VPOS="983" WIDTH="109" HEIGHT="21" WC="0.96" CONTENT="kostnaden"/><SP WIDTH="14" VPOS="983" HPOS="391"/>
							<String ID="string_210" HPOS="405" VPOS="985" WIDTH="29" HEIGHT="19" WC="0.96" CONTENT="för"/><SP WIDTH="14" VPOS="985" HPOS="434"/>
							<String ID="string_211" HPOS="448" VPOS="984" WIDTH="51" HEIGHT="20" WC="0.93" CONTENT="ökad"/><SP WIDTH="14" VPOS="984" HPOS="499"/>
							<String ID="string_212" HPOS="513" VPOS="984" WIDTH="44" HEIGHT="19" WC="0.91" CONTENT="tull-"/><SP WIDTH="14" VPOS="984" HPOS="557"/>
							<String ID="string_213" HPOS="571" VPOS="985" WIDTH="38" HEIGHT="18" WC="0.93" CONTENT="och"/><SP WIDTH="9" VPOS="985" HPOS="609"/>
							<String ID="string_214" HPOS="618" VPOS="989" WIDTH="33" HEIGHT="14" WC="0.90" CONTENT="an-"/>
						</TextLine>
					</TextBlock>
					<TextBlock ID="block_10" HPOS="208" VPOS="1010" WIDTH="443" HEIGHT="25">
						<TextLine ID="line_30" HPOS="208" VPOS="1010" WIDTH="443" HEIGHT="25">
							<String ID="string_215" HPOS="208" VPOS="1016" WIDTH="38" HEIGHT="13" WC="0.95" CONTENT="nan"/><SP WIDTH="13" VPOS="1016" HPOS="246"/>
							<String ID="string_216" HPOS="259" VPOS="1010" WIDTH="113" HEIGHT="25" WC="0.96" CONTENT="bevakning"/><SP WIDTH="15" VPOS="1010" HPOS="372"/>
							<String ID="string_217" HPOS="387" VPOS="1011" WIDTH="25" HEIGHT="19" WC="0.96" CONTENT="till"/><SP WIDTH="12" VPOS="1011" HPOS="412"/>
							<String ID="string_218" HPOS="424" VPOS="1010" WIDTH="138" HEIGHT="20" WC="0.96" CONTENT="förhindrande"/><SP WIDTH="10" VPOS="1010" HPOS="562"/>
							<String ID="string_219" HPOS="572" VPOS="1011" WIDTH="20" HEIGHT="18" WC="0.89" CONTENT="af"/><SP WIDTH="11" VPOS="1011" HPOS="592"/>
							<String ID="string_220" HPOS="603" VPOS="1011" WIDTH="48" HEIGHT="19" WC="0.89" CONTENT="olof-"/>
						</TextLine>
					</TextBlock>
					<TextBlock ID="block_11" HPOS="210" VPOS="1036" WIDTH="441" HEIGHT="26">
						<TextLine ID="line_31" HPOS="210" VPOS="1036" WIDTH="441" HEIGHT="26">
							<String ID="string_221" HPOS="210" VPOS="1037" WIDTH="25" HEIGHT="25" WC="0.93" CONTENT="lig"/><SP WIDTH="20" VPOS="1037" HPOS="235"/>
							<String ID="string_222" HPOS="255" VPOS="1037" WIDTH="89" HEIGHT="25" WC="0.91" CONTENT="införset,"/><SP WIDTH="17" VPOS="1037" HPOS="344"/>
							<String ID="string_223" HPOS="361" VPOS="1037" WIDTH="122" HEIGHT="25" WC="0.96" CONTENT="tillverkning"/><SP WIDTH="15" VPOS="1037" HPOS="483"/>
							<String ID="string_224" HPOS="498" VPOS="1037" WIDTH="38" HEIGHT="19" WC="0.93" CONTENT="och"/><SP WIDTH="14" VPOS="1037" HPOS="536"/>
							<String ID="string_225" HPOS="550" VPOS="1036" WIDTH="101" HEIGHT="26" WC="0.91" CONTENT="fösäljning"/>
						</TextLine>
					</TextBlock>
					<TextBlock ID="block_12" HPOS="208" VPOS="1063" WIDTH="442" HEIGHT="26">
						<TextLine ID="line_32" HPOS="208" VPOS="1063" WIDTH="442" HEIGHT="26">
							<String ID="string_226" HPOS="208" VPOS="1063" WIDTH="21" HEIGHT="19" WC="0.96" CONTENT="af"/><SP WIDTH="13" VPOS="1063" HPOS="229"/>
							<String ID="string_227" HPOS="242" VPOS="1063" WIDTH="89" HEIGHT="24" WC="0.95" CONTENT="bränvin,"/><SP WIDTH="17" VPOS="1063" HPOS="331"/>
							<String ID="string_228" HPOS="348" VPOS="1066" WIDTH="52" HEIGHT="16" WC="0.96" CONTENT="samt"/><SP WIDTH="12" VPOS="1066" HPOS="400"/>
							<String ID="string_229" HPOS="412" VPOS="1063" WIDTH="25" HEIGHT="20" WC="0.93" CONTENT="till"/><SP WIDTH="11" VPOS="1063" HPOS="437"/>
							<String ID="string_230" HPOS="448" VPOS="1064" WIDTH="108" HEIGHT="25" WC="0.90" CONTENT="föreslagne"/><SP WIDTH="10" VPOS="1064" HPOS="556"/>
							<String ID="string_231" HPOS="566" VPOS="1063" WIDTH="84" HEIGHT="20" WC="0.91" CONTENT="belönin-"/>
						</TextLine>
					</TextBlock>
					<TextBlock ID="block_13" HPOS="210" VPOS="1089" WIDTH="706" HEIGHT="32">
						<TextLine ID="line_33" HPOS="210" VPOS="1089" WIDTH="706" HEIGHT="32">
							<String ID="string_232" HPOS="210" VPOS="1095" WIDTH="34" HEIGHT="20" WC="0.96" CONTENT="gar"/><SP WIDTH="14" VPOS="1095" HPOS="244"/>
							<String ID="string_233" HPOS="258" VPOS="1089" WIDTH="31" HEIGHT="19" WC="0.93" CONTENT="för"/><SP WIDTH="13" VPOS="1089" HPOS="289"/>
							<String ID="string_234" HPOS="302" VPOS="1089" WIDTH="101" HEIGHT="25" WC="0.92" CONTENT="angifvare"/><SP WIDTH="14" VPOS="1089" HPOS="403"/>
							<String ID="string_235" HPOS="417" VPOS="1091" WIDTH="38" HEIGHT="18" WC="0.96" CONTENT="och"/><SP WIDTH="14" VPOS="1091" HPOS="455"/>
							<String ID="string_236" HPOS="469" VPOS="1089" WIDTH="91" HEIGHT="26" WC="0.93" CONTENT="åklagare"/><SP WIDTH="21" VPOS="1089" HPOS="560"/>
							<String ID="string_237" HPOS="581" VPOS="1105" WIDTH="4" HEIGHT="4" WC="0.91" CONTENT="."/><SP WIDTH="31" VPOS="1105" HPOS="585"/>
							<String ID="string_238" HPOS="616" VPOS="1104" WIDTH="4" HEIGHT="4" WC="0.87" CONTENT="."/><SP WIDTH="32" VPOS="1104" HPOS="620"/>
							<String ID="string_239" HPOS="652" VPOS="1105" WIDTH="3" HEIGHT="3" WC="0.80" CONTENT="."/><SP WIDTH="30" VPOS="1105" HPOS="655"/>
							<String ID="string_240" HPOS="685" VPOS="1089" WIDTH="97" HEIGHT="24" WC="0.89" CONTENT="300,000."/><SP WIDTH="39" VPOS="1089" HPOS="782"/>
							<String ID="string_241" HPOS="821" VPOS="1096" WIDTH="95" HEIGHT="25" WC="0.35" CONTENT="960,000."/>
						</TextLine>
					</TextBlock>
					<TextBlock ID="block_14" HPOS="228" VPOS="1121" WIDTH="423" HEIGHT="25">
						<TextLine ID="line_34" HPOS="228" VPOS="1121" WIDTH="423" HEIGHT="25">
							<String ID="string_242" HPOS="228" VPOS="1121" WIDTH="21" HEIGHT="24" WC="0.91" CONTENT="B)"/><SP WIDTH="31" VPOS="1121" HPOS="249"/>
							<String ID="string_243" HPOS="280" VPOS="1121" WIDTH="71" HEIGHT="25" WC="0.93" CONTENT="Anslag"/><SP WIDTH="14" VPOS="1121" HPOS="351"/>
							<String ID="string_244" HPOS="365" VPOS="1126" WIDTH="43" HEIGHT="14" WC="0.93" CONTENT="som"/><SP WIDTH="16" VPOS="1126" HPOS="408"/>
							<String ID="string_245" HPOS="424" VPOS="1122" WIDTH="42" HEIGHT="18" WC="0.91" CONTENT="afse"/><SP WIDTH="9" VPOS="1122" HPOS="466"/>
							<String ID="string_246" HPOS="475" VPOS="1121" WIDTH="95" HEIGHT="19" WC="0.91" CONTENT="lättandet"/><SP WIDTH="9" VPOS="1121" HPOS="570"/>
							<String ID="string_247" HPOS="579" VPOS="1122" WIDTH="21" HEIGHT="18" WC="0.93" CONTENT="af"/><SP WIDTH="7" VPOS="1122" HPOS="600"/>
							<String ID="string_248" HPOS="607" VPOS="1121" WIDTH="44" HEIGHT="19" WC="0.92" CONTENT="bör-"/>
						</TextLine>
					</TextBlock>
					<TextBlock ID="block_15" HPOS="175" VPOS="1146" WIDTH="475" HEIGHT="59">
						<TextLine ID="line_35" HPOS="209" VPOS="1146" WIDTH="347" HEIGHT="27">
							<String ID="string_249" HPOS="209" VPOS="1147" WIDTH="45" HEIGHT="23" WC="0.95" CONTENT="dor,"/><SP WIDTH="12" VPOS="1147" HPOS="254"/>
							<String ID="string_250" HPOS="266" VPOS="1146" WIDTH="67" HEIGHT="21" WC="0.96" CONTENT="hvilka"/><SP WIDTH="14" VPOS="1146" HPOS="333"/>
							<String ID="string_251" HPOS="347" VPOS="1147" WIDTH="69" HEIGHT="26" WC="0.96" CONTENT="trycka"/><SP WIDTH="13" VPOS="1147" HPOS="416"/>
							<String ID="string_252" HPOS="429" VPOS="1146" WIDTH="127" HEIGHT="26" WC="0.96" CONTENT="jordbruket:"/>
						</TextLine>
						<TextLine ID="line_36" HPOS="175" VPOS="1178" WIDTH="475" HEIGHT="27">
							<String ID="string_253" HPOS="175" VPOS="1179" WIDTH="20" HEIGHT="25" WC="0.91" CONTENT="1)"/><SP WIDTH="14" VPOS="1179" HPOS="195"/>
							<String ID="string_254" HPOS="209" VPOS="1179" WIDTH="70" HEIGHT="26" WC="0.96" CONTENT="Bidrag"/><SP WIDTH="10" VPOS="1179" HPOS="279"/>
							<String ID="string_255" HPOS="289" VPOS="1178" WIDTH="20" HEIGHT="20" WC="0.93" CONTENT="åt"/><SP WIDTH="10" VPOS="1178" HPOS="309"/>
							<String ID="string_256" HPOS="319" VPOS="1179" WIDTH="249" HEIGHT="26" WC="0.91" CONTENT="vägabyggnadsskyldige,"/><SP WIDTH="12" VPOS="1179" HPOS="568"/>
							<String ID="string_257" HPOS="580" VPOS="1180" WIDTH="26" HEIGHT="19" WC="0.93" CONTENT="till"/><SP WIDTH="11" VPOS="1180" HPOS="606"/>
							<String ID="string_258" HPOS="617" VPOS="1179" WIDTH="33" HEIGHT="20" WC="0.93" CONTENT="lin-"/>
						</TextLine>
					</TextBlock>
					<TextBlock ID="block_16" HPOS="209" VPOS="1205" WIDTH="441" HEIGHT="26">
						<TextLine ID="line_37" HPOS="209" VPOS="1205" WIDTH="441" HEIGHT="26">
							<String ID="string_259" HPOS="209" VPOS="1205" WIDTH="74" HEIGHT="20" WC="0.91" CONTENT="drande"/><SP WIDTH="14" VPOS="1205" HPOS="283"/>
							<String ID="string_260" HPOS="297" VPOS="1205" WIDTH="21" HEIGHT="20" WC="0.96" CONTENT="af"/><SP WIDTH="12" VPOS="1205" HPOS="318"/>
							<String ID="string_261" HPOS="330" VPOS="1205" WIDTH="59" HEIGHT="21" WC="0.96" CONTENT="deras"/><SP WIDTH="11" VPOS="1205" HPOS="389"/>
							<String ID="string_262" HPOS="400" VPOS="1206" WIDTH="112" HEIGHT="25" WC="0.96" CONTENT="kostnader,"/><SP WIDTH="12" VPOS="1206" HPOS="512"/>
							<String ID="string_263" HPOS="524" VPOS="1209" WIDTH="28" HEIGHT="16" WC="0.96" CONTENT="att"/><SP WIDTH="10" VPOS="1209" HPOS="552"/>
							<String ID="string_264" HPOS="562" VPOS="1207" WIDTH="50" HEIGHT="18" WC="0.93" CONTENT="efter"/><SP WIDTH="10" VPOS="1207" HPOS="612"/>
							<String ID="string_265" HPOS="622" VPOS="1206" WIDTH="28" HEIGHT="19" WC="0.92" CONTENT="of-"/>
						</TextLine>
					</TextBlock>
					<TextBlock ID="block_17" HPOS="210" VPOS="1231" WIDTH="440" HEIGHT="26">
						<TextLine ID="line_38" HPOS="210" VPOS="1231" WIDTH="440" HEIGHT="26">
							<String ID="string_266" HPOS="210" VPOS="1231" WIDTH="107" HEIGHT="19" WC="0.90" CONTENT="vananförd"/><SP WIDTH="14" VPOS="1231" HPOS="317"/>
							<String ID="string_267" HPOS="331" VPOS="1232" WIDTH="64" HEIGHT="23" WC="0.96" CONTENT="grund"/><SP WIDTH="14" VPOS="1232" HPOS="395"/>
							<String ID="string_268" HPOS="409" VPOS="1232" WIDTH="85" HEIGHT="19" WC="0.96" CONTENT="fördelas"/><SP WIDTH="10" VPOS="1232" HPOS="494"/>
							<String ID="string_269" HPOS="504" VPOS="1231" WIDTH="24" HEIGHT="26" WC="0.93" CONTENT="på"/><SP WIDTH="11" VPOS="1231" HPOS="528"/>
							<String ID="string_270" HPOS="539" VPOS="1233" WIDTH="64" HEIGHT="18" WC="0.91" CONTENT="stads-"/><SP WIDTH="9" VPOS="1233" HPOS="603"/>
							<String ID="string_271" HPOS="612" VPOS="1233" WIDTH="38" HEIGHT="18" WC="0.96" CONTENT="och"/>
						</TextLine>
					</TextBlock>
					<TextBlock ID="block_18" HPOS="174" VPOS="1257" WIDTH="604" HEIGHT="58">
						<TextLine ID="line_39" HPOS="209" VPOS="1257" WIDTH="569" HEIGHT="26">
							<String ID="string_272" HPOS="209" VPOS="1257" WIDTH="199" HEIGHT="21" WC="0.72" CONTENT="landskommunerna"/><SP WIDTH="31" VPOS="1257" HPOS="408"/>
							<String ID="string_273" HPOS="439" VPOS="1273" WIDTH="3" HEIGHT="3" WC="0.42" CONTENT="."/><SP WIDTH="32" VPOS="1273" HPOS="442"/>
							<String ID="string_274" HPOS="474" VPOS="1273" WIDTH="3" HEIGHT="4" WC="0.80" CONTENT="."/><SP WIDTH="173" VPOS="1273" HPOS="477"/>
							<String ID="string_275" HPOS="650" VPOS="1273" WIDTH="3" HEIGHT="4" WC="0.46" CONTENT="-"/><SP WIDTH="31" VPOS="1273" HPOS="653"/>
							<String ID="string_276" HPOS="684" VPOS="1259" WIDTH="94" HEIGHT="24" WC="0.86" CONTENT="800,000."/>
						</TextLine>
						<TextLine ID="line_40" HPOS="174" VPOS="1269" WIDTH="477" HEIGHT="56">
							<String ID="string_277" HPOS="174" VPOS="1288" WIDTH="21" HEIGHT="27" WC="0.92" CONTENT="2)"/><SP WIDTH="14" VPOS="1288" HPOS="195"/>
							<String ID="string_278" HPOS="209" VPOS="1289" WIDTH="70" HEIGHT="24" WC="0.96" CONTENT="Bidrag"/><SP WIDTH="14" VPOS="1289" HPOS="279"/>
							<String ID="string_279" HPOS="293" VPOS="1289" WIDTH="25" HEIGHT="19" WC="0.96" CONTENT="till"/><SP WIDTH="11" VPOS="1289" HPOS="318"/>
							<String ID="string_280" HPOS="329" VPOS="1273" WIDTH="246" HEIGHT="42" WC="0.46" CONTENT="hällskjutsningstungans"/><SP WIDTH="5" VPOS="1273" HPOS="575"/>
							<String ID="string_281" HPOS="580" VPOS="1269" WIDTH="71" HEIGHT="56" WC="0.76" CONTENT="lättan-"/>
						</TextLine>
					</TextBlock>
					<TextBlock ID="block_19" HPOS="210" VPOS="1314" WIDTH="440" HEIGHT="28">
						<TextLine ID="line_41" HPOS="210" VPOS="1314" WIDTH="440" HEIGHT="28">
							<String ID="string_282" HPOS="210" VPOS="1315" WIDTH="32" HEIGHT="24" WC="0.96" CONTENT="de,"/><SP WIDTH="15" VPOS="1315" HPOS="242"/>
							<String ID="string_283" HPOS="257" VPOS="1317" WIDTH="29" HEIGHT="18" WC="0.93" CONTENT="att"/><SP WIDTH="12" VPOS="1317" HPOS="286"/>
							<String ID="string_284" HPOS="298" VPOS="1314" WIDTH="75" HEIGHT="26" WC="0.92" CONTENT="jemväl"/><SP WIDTH="9" VPOS="1314" HPOS="373"/>
							<String ID="string_285" HPOS="382" VPOS="1317" WIDTH="51" HEIGHT="19" WC="0.96" CONTENT="efter"/><SP WIDTH="10" VPOS="1317" HPOS="433"/>
							<String ID="string_286" HPOS="443" VPOS="1316" WIDTH="99" HEIGHT="20" WC="0.94" CONTENT="enahanda"/><SP WIDTH="10" VPOS="1316" HPOS="542"/>
							<String ID="string_287" HPOS="552" VPOS="1316" WIDTH="64" HEIGHT="26" WC="0.96" CONTENT="grund"/><SP WIDTH="10" VPOS="1316" HPOS="616"/>
							<String ID="string_288" HPOS="626" VPOS="1315" WIDTH="24" HEIGHT="27" WC="0.96" CONTENT="på"/>
						</TextLine>
					</TextBlock>
					<TextBlock ID="block_20" HPOS="210" VPOS="1330" WIDTH="442" HEIGHT="37">
						<TextLine ID="line_42" HPOS="210" VPOS="1330" WIDTH="442" HEIGHT="37">
							<String ID="string_289" HPOS="210" VPOS="1341" WIDTH="142" HEIGHT="21" WC="0.95" CONTENT="kommunerna"/><SP WIDTH="20" VPOS="1341" HPOS="352"/>
							<String ID="string_290" HPOS="372" VPOS="1343" WIDTH="85" HEIGHT="20" WC="0.96" CONTENT="fördelas"/><SP WIDTH="21" VPOS="1343" HPOS="457"/>
							<String ID="string_291" HPOS="478" VPOS="1344" WIDTH="38" HEIGHT="19" WC="0.96" CONTENT="och"/><SP WIDTH="16" VPOS="1344" HPOS="516"/>
							<String ID="string_292" HPOS="532" VPOS="1330" WIDTH="32" HEIGHT="33" WC="0.94" CONTENT="de"/><SP WIDTH="14" VPOS="1330" HPOS="564"/>
							<String ID="string_293" HPOS="578" VPOS="1343" WIDTH="74" HEIGHT="24" WC="0.90" CONTENT="skjuts-"/>
						</TextLine>
					</TextBlock>
					<TextBlock ID="block_21" HPOS="176" VPOS="1368" WIDTH="600" HEIGHT="58">
						<TextLine ID="line_43" HPOS="210" VPOS="1368" WIDTH="566" HEIGHT="27">
							<String ID="string_294" HPOS="210" VPOS="1368" WIDTH="150" HEIGHT="27" WC="0.91" CONTENT="ningsskyldige"/><SP WIDTH="13" VPOS="1368" HPOS="360"/>
							<String ID="string_295" HPOS="373" VPOS="1369" WIDTH="171" HEIGHT="26" WC="0.87" CONTENT="tillgodokomma."/><SP WIDTH="31" VPOS="1369" HPOS="544"/>
							<String ID="string_296" HPOS="575" VPOS="1385" WIDTH="4" HEIGHT="4" WC="0.89" CONTENT="."/><SP WIDTH="31" VPOS="1385" HPOS="579"/>
							<String ID="string_297" HPOS="610" VPOS="1385" WIDTH="4" HEIGHT="4" WC="0.84" CONTENT="."/><SP WIDTH="32" VPOS="1385" HPOS="614"/>
							<String ID="string_298" HPOS="646" VPOS="1385" WIDTH="3" HEIGHT="4" WC="0.87" CONTENT="."/><SP WIDTH="32" VPOS="1385" HPOS="649"/>
							<String ID="string_299" HPOS="681" VPOS="1370" WIDTH="95" HEIGHT="24" WC="0.92" CONTENT="500,000."/>
						</TextLine>
						<TextLine ID="line_44" HPOS="176" VPOS="1401" WIDTH="477" HEIGHT="25">
							<String ID="string_300" HPOS="176" VPOS="1401" WIDTH="22" HEIGHT="25" WC="0.93" CONTENT="3)"/><SP WIDTH="14" VPOS="1401" HPOS="198"/>
							<String ID="string_301" HPOS="212" VPOS="1401" WIDTH="112" HEIGHT="25" WC="0.96" CONTENT="Ersättning"/><SP WIDTH="14" VPOS="1401" HPOS="324"/>
							<String ID="string_302" HPOS="338" VPOS="1402" WIDTH="25" HEIGHT="19" WC="0.93" CONTENT="till"/><SP WIDTH="16" VPOS="1402" HPOS="363"/>
							<String ID="string_303" HPOS="379" VPOS="1402" WIDTH="123" HEIGHT="20" WC="0.93" CONTENT="Statsverket"/><SP WIDTH="12" VPOS="1402" HPOS="502"/>
							<String ID="string_304" HPOS="514" VPOS="1403" WIDTH="29" HEIGHT="19" WC="0.93" CONTENT="för"/><SP WIDTH="10" VPOS="1403" HPOS="543"/>
							<String ID="string_305" HPOS="553" VPOS="1402" WIDTH="100" HEIGHT="20" WC="0.77" CONTENT="aflönande"/>
						</TextLine>
					</TextBlock>
					<TextBlock ID="block_22" HPOS="210" VPOS="1428" WIDTH="706" HEIGHT="32">
						<TextLine ID="line_45" HPOS="210" VPOS="1428" WIDTH="706" HEIGHT="32">
							<String ID="string_306" HPOS="210" VPOS="1428" WIDTH="20" HEIGHT="19" WC="0.90" CONTENT="af"/><SP WIDTH="15" VPOS="1428" HPOS="230"/>
							<String ID="string_307" HPOS="245" VPOS="1429" WIDTH="46" HEIGHT="19" WC="0.90" CONTENT="Bro-"/><SP WIDTH="14" VPOS="1429" HPOS="291"/>
							<String ID="string_308" HPOS="305" VPOS="1429" WIDTH="38" HEIGHT="19" WC="0.93" CONTENT="och"/><SP WIDTH="14" VPOS="1429" HPOS="343"/>
							<String ID="string_309" HPOS="357" VPOS="1428" WIDTH="123" HEIGHT="26" WC="0.46" CONTENT="Skallfogdar"/><SP WIDTH="30" VPOS="1428" HPOS="480"/>
							<String ID="string_310" HPOS="510" VPOS="1446" WIDTH="2" HEIGHT="2" WC="0.50" CONTENT="="/><SP WIDTH="33" VPOS="1446" HPOS="512"/>
							<String ID="string_311" HPOS="545" VPOS="1444" WIDTH="3" HEIGHT="4" WC="0.79" CONTENT="."/><SP WIDTH="32" VPOS="1444" HPOS="548"/>
							<String ID="string_312" HPOS="580" VPOS="1444" WIDTH="3" HEIGHT="4" WC="0.77" CONTENT="."/><SP WIDTH="32" VPOS="1444" HPOS="583"/>
							<String ID="string_313" HPOS="615" VPOS="1444" WIDTH="3" HEIGHT="4" WC="0.77" CONTENT="."/><SP WIDTH="32" VPOS="1444" HPOS="618"/>
							<String ID="string_314" HPOS="650" VPOS="1445" WIDTH="4" HEIGHT="3" WC="0.82" CONTENT="."/><SP WIDTH="31" VPOS="1445" HPOS="654"/>
							<String ID="string_315" HPOS="685" VPOS="1429" WIDTH="95" HEIGHT="25" WC="0.88" CONTENT="100,000."/><SP WIDTH="21" VPOS="1429" HPOS="780"/>
							<String ID="string_316" HPOS="801" VPOS="1436" WIDTH="115" HEIGHT="24" WC="0.68" CONTENT="1.400,000."/>
						</TextLine>
					</TextBlock>
				</ComposedBlock>
			</PrintSpace>
		</Page>
	</Layout>
</alto>
