1031 1689
340 147 71 21 Nådiga
423 147 140 23 Propositionen
575 149 36 16 N:o
624 149 28 16 38.
826 148 41 19 1301

128 197 25 17 än
168 201 46 13 vara
228 194 40 25 må,
284 196 47 20 eller
345 196 27 19 till
387 196 208 27 bränvinsdistillering
609 197 120 26 oberättigal
744 197 82 20 dermed
840 198 29 25 sig

127 221 81 25 befatta,
223 222 59 19 hafve
296 223 99 18 förverkat
409 221 17 26 ej
441 223 76 20 mindre
531 223 143 20 innehafvande
688 223 181 26 mäskningsförråd

128 249 39 17 och
187 248 34 19 det
236 248 85 20 bränvin
338 249 38 18 han
390 247 107 21 såmedelst
511 250 75 25 beredt,
602 251 24 18 än
640 249 69 20 dervid
724 250 87 19 använda
826 250 45 19 red-

127 273 50 25 skap
198 277 51 16 samt
270 275 45 18 böte
332 275 61 19 första
406 273 76 26 gången
497 276 105 19 etthundra
615 276 57 19 mark
686 275 38 20 och
738 276 60 19 andra
812 281 58 14 resan

126 299 89 28 dubbelt.
246 300 82 19 Utöfvas
338 300 60 20 sådan
408 300 117 27 förbrytelse
535 301 63 25 tredje
607 301 81 26 gången,
700 301 50 20 skall
760 302 39 19 den
809 302 62 19 brott-

127 325 57 26 slige,
199 328 62 21 jemte
275 327 33 19 det
322 328 38 18 han
373 327 82 19 förlorar
470 328 62 24 mäsk,
549 329 84 20 bränvin
647 329 38 19 och
699 328 93 25 redskap,
809 327 61 21 hållas

128 354 28 17 ett
170 352 48 19 halft
231 351 35 21 år
261 347 11 38 i
277 353 95 26 fängelse.
403 353 87 27 Förnyas
502 355 74 19 brottet
585 353 121 28 ytterligare,
718 354 48 20 ökas
776 355 95 26 fängelse-

126 378 54 20 tiden.
194 378 49 21 ända
257 380 27 19 till
299 383 29 16 ett
341 380 30 20 är.
400 379 38 20 Om
452 381 33 20 vid
499 380 110 20 (återstoden
622 381 19 18 af
652 384 10 17 $
674 381 125 19 oförändrad).

436 433 22 27 $$
472 435 85 19 68-—72.

427 466 141 20 Oförändrade.

468 519 10 25 $
493 520 32 19 73.

128 575 4 3 =
180 550 135 24 Apothekare,
331 556 44 14 som
389 550 74 26 nyttjar
477 557 62 14 annan
555 551 183 25 bränvinsredskap
754 552 26 18 än
797 552 73 18 honom

127 580 5 14 i
146 575 10 25 $
172 576 24 20 18
210 576 67 24 tillåtet
291 578 28 24 är,
330 577 60 25 plikte
403 576 112 22 tvåhundra
528 578 57 20 mark
599 578 39 19 och
651 578 58 20 miste
723 577 119 25 redskapen,

429 630 30 26 $$
474 632 84 18 74—76.

427 662 141 20 Oförändrade.

468 714 10 26 $
493 716 32 18 77.

180 746 37 19 Vid
231 746 143 20 öfverträdelse
388 748 21 19 af
422 748 116 24 stadgandet
552 749 5 17 i
571 747 11 25 $
593 748 32 24 52,
640 752 46 14 vare
696 748 34 19 bot
740 747 62 19 sextio
813 747 56 19 mark

126 770 37 29 för
173 771 60 20 första
251 773 39 19 och
307 772 80 21 dubbelt
403 771 30 21 för
449 774 60 19 andra
526 773 82 26 gången.
641 774 51 24 Den,
708 778 44 14 som
768 773 56 19 deraf
840 773 30 26 sig

126 802 17 19 ej
161 796 51 21 låter
230 800 58 22 rätta,
309 799 47 19 skall
377 800 30 19 för
424 799 63 25 tredje
504 806 58 13 resan
581 799 99 26 begängen
697 800 36 19 slik
751 800 119 24 förbrytelse

125 823 61 25 plikta
206 824 110 20 tvåhundra
336 826 71 25 fyratio
429 826 56 19 mark
503 827 37 18 och
560 825 23 27 gå
604 826 87 25 förlustig
710 826 30 18 sin
755 826 113 24 apotheks-,

127 850 90 20 handels-
230 851 48 19 eller
292 851 124 26 näringsrätt.
643 852 53 23 €”

436 904 21 26 $$
473 905 84 20 78—81.

425 936 143 20 Oförändrade.

467 984 11 24 $
493 984 31 19 82.

180 1015 37 19 För
238 1014 74 20 saknad
333 1016 122 25 förpassning
475 1016 54 24 eller,
549 1016 36 20 der
602 1016 162 25 forslingsbelopp
779 1016 20 18 af
811 1016 58 19 brän-

126 1041 32 19 vin
169 1042 116 24 öfverstiger
295 1042 160 26 förpassningens
467 1042 94 25 innehåll,
573 1043 46 19 böte
628 1048 70 20 egaren
708 1042 48 20 eller
766 1042 102 19 afsändare

126 1068 20 18 af
164 1067 84 20 bränvin
268 1067 42 20 från
331 1068 66 20 femtio
417 1069 25 19 till
457 1069 104 19 etthundra
575 1068 58 20 mark
647 1071 51 17 samt
712 1068 82 24 forkarl,
810 1068 58 20 likväl

126 1093 64 20 under
204 1094 33 19 det
251 1093 93 21 förbehåll
363 1094 10 26 $
387 1095 24 19 63
424 1094 113 26 innehåller,
553 1094 55 26 tjugu
623 1095 55 19 mark
693 1095 47 19 eller
753 1094 115 20 derutöfver

126 1120 26 20 till
167 1120 66 20 femtio
247 1120 64 20 mark.
467 1120 2 2 |

441 1175 10 25 S
465 1175 85 20 83—386.

423 1207 141 20 Oförändrade.

178 1277 58 19 Emot
252 1277 51 20 hvad
317 1278 4 18 i
337 1278 10 24 $
360 1278 23 19 87
397 1278 110 25 föreslagits
520 1278 57 20 hafva
591 1278 103 20 ständerne
704 1284 23 14 en
737 1278 130 26 anmärkning

126 1306 27 16 att
167 1303 113 24 framställa,
296 1304 95 24 nemligen
406 1307 41 16 mot
459 1304 34 20 det
504 1304 50 25 pris,
569 1304 75 20 hvartill
655 1304 100 25 begagnad
764 1304 103 20 bränvins-

126 1329 191 25 bränningsredskap
332 1329 61 19 skulle
407 1330 20 18 af
440 1330 73 19 kronan
527 1330 78 19 inlösas.
633 1330 26 18 Pä
674 1330 34 19 det
719 1332 29 17 att
759 1330 53 24 dylik
822 1329 45 20 red-

126 1355 61 25 skaps
205 1355 87 19 framtida
307 1355 128 19 användande
449 1356 26 19 till
493 1355 84 20 otilläten
591 1356 94 25 bränning
698 1355 42 25 mä,
756 1361 72 19 genom
843 1361 23 13 en

125 1381 67 20 derför
206 1380 94 26 erbjuden
315 1382 61 25 högre
388 1382 63 24 lösen,
467 1382 5 19 i
486 1381 109 27 möjligaste
612 1381 61 21 mätto
689 1382 143 24 förekommas,
847 1380 18 21 fä

118 1408 114 20 'ständerne
245 1408 141 26 underdänigst
399 1408 81 25 föreslå,
496 1411 27 17 att
536 1409 54 19 lösen
603 1409 29 19 för
643 1408 37 20 slik
691 1409 87 25 redskap
790 1409 20 19 af
817 1408 49 26 kop-

122 1440 46 20 -par,
184 1440 43 14 som
242 1434 61 21 afstäs
317 1435 25 20 till
358 1435 83 24 kronan,
458 1435 60 20 borde
533 1436 86 25 erläggas
634 1435 44 20 med
693 1441 23 13 en
731 1436 57 19 mark
802 1435 64 20 sextio
