1006 1686
183 153 45 18 1276
406 151 72 23 Nådiga
489 153 142 22 Propositionen
644 152 36 18 N:o
692 153 29 17 38.

184 202 30 20 ler
226 204 59 17 annat
297 201 78 25 tecken,
389 200 132 21 utmärkande
534 201 117 26 behörighet
664 200 27 20 till
709 200 95 26 åtgärden
821 200 49 21 eller
883 200 46 26 ock,

185 228 6 19 i
205 228 51 19 brist
269 228 21 19 af
305 227 72 20 sådana
393 227 95 25 märken,
507 228 58 19 innan
579 227 140 25 förrättoingen
733 227 97 25 vidtages,
845 227 86 26 uppvisa

186 254 91 20 fullmakt
290 254 48 20 eller
351 253 131 21 förordnande
499 253 10 20 å
526 254 143 19 innehafvande
686 253 113 26 befattning.
827 253 105 20 Ordinarie

186 281 74 19 Krono-
274 281 38 18 och
326 280 153 25 Stadsbetjente,
495 285 44 14 som
553 282 34 17 äro
604 280 77 19 boende
699 281 38 18 och
754 280 66 19 kände
836 280 55 19 inom
905 279 26 20 de

186 307 46 19 dem
246 306 96 20 anvisade
355 305 232 27 tjenstgöringsområden
602 305 53 20 dock
669 305 102 21 frikallade
785 305 41 20 från
844 305 88 28 skyldig-

186 334 60 19 heten
263 335 28 17 att
306 333 37 20 der
359 333 68 26 styrka
445 333 30 19 sin
491 333 118 26 behörighet
625 333 28 20 till
667 332 145 20 verkställande
826 333 21 19 af
858 333 72 20 under-

188 360 81 25 sökning
285 360 39 19 och
340 360 76 25 beslag.
448 360 117 19 Förmärker
581 359 62 26 någon
660 360 21 19 af
695 359 145 20 ofvanberörde
859 360 72 19 under-

187 386 149 25 sökningsmän,
359 389 29 17 att
406 388 57 18 utom
475 386 50 20 hans
542 386 80 20 distrikt
637 386 142 20 öfverträdelse
795 386 22 19 af
834 385 97 27 ifrägava-

186 412 61 21 rande
264 413 42 25 slag
322 413 123 24 förehafves,
465 413 38 20 och
519 413 38 20 kan
574 413 81 26 behörig
671 412 119 26 tjensteman
806 411 11 21 å
837 415 40 23 ort,
895 412 37 21 der

187 440 132 25 olagligheten
333 440 85 24 utöfvas,
434 439 18 25 ej
467 445 38 21 nog
519 442 54 17 snart
586 439 99 23 tillkallas,
707 445 49 14 vare
776 438 38 29 den
831 439 52 20 förre
897 439 34 20 be-

188 466 84 26 rättigad
286 467 28 18 att
327 466 77 25 vidtaga
419 467 35 19 alla
468 466 25 20 de
507 465 174 26 tjensteåtgärder,
699 471 44 15 som
757 466 57 24 eljest
828 465 63 20 skulle
906 465 25 26 på

188 488 38 54 den
240 492 85 20 sednare
338 492 107 20 ankommit
459 493 38 20 och
513 492 92 21 meddele
620 493 63 20 denne
699 494 71 25 genast
785 492 147 21 underrättelse

202 523 63 15 erom.

530 572 11 26 $
555 572 33 19 73.

241 608 24 26 Ej
281 608 33 20 mä
330 607 73 27 nägon,
422 608 33 20 vid
471 609 36 19 bot
522 610 21 19 af
557 608 106 21 etthundra
679 609 64 24 mark,
761 609 61 24 vägra
837 608 96 20 vederbö-

188 635 61 20 rande
266 634 117 26 tjensteman
400 637 29 17 att
444 635 5 19 i
463 636 58 19 ofvan
538 636 132 20 föreskrifven
689 636 81 25 ordning
787 635 146 26 undersökning

189 662 89 20 anställa.
308 662 51 20 Sker
373 662 40 24 det;
428 663 37 24 äge
480 662 61 20 sådan
551 662 118 26 tjensteman
679 661 45 25 sjelf
735 662 62 19 skaffa
806 661 30 26 sig
845 662 85 25 inträde,

188 687 26 26 på
228 689 40 19 sätt
281 688 109 26 lämpligast
403 689 39 19 och
455 689 46 19 med
515 689 72 19 minsta
602 688 61 20 skada
678 688 37 20 ske
724 688 45 24 kan;
780 688 39 28 och
828 694 47 14 vare
884 689 47 25 han,

189 714 6 19 i
208 714 54 20 detta
276 715 39 25 fall,
330 720 34 14 om
377 714 38 20 ock
429 715 56 25 ingen
500 715 119 27 förbrytelse
633 714 137 26 ådagalägges,
787 720 19 19 ej
823 714 110 20 underkas-

189 740 33 20 tad
236 746 72 14 ansvar
320 741 31 20 för
364 740 101 26 åtgärden,
481 744 54 18 utom
550 742 5 19 i
569 742 34 20 Jet
616 742 31 20 fall
661 742 85 19 hvarom
759 741 94 21 förmäles
863 741 5 19 i
877 741 11 26 $
898 742 33 19 74.

517 822 45 20 Art.
582 821 21 21 2.

370 876 31 19 Om
412 875 82 25 forsling
505 876 34 19 och
551 875 69 25 upplag
635 875 22 20 af
665 876 86 19 bränvin.

530 926 11 26 6
558 927 33 19 74.

240 967 106 20 Utländskt
359 967 93 24 bränvin,
468 967 77 26 färgadt
558 967 48 20 eller
623 967 96 26 ofärgadt,
735 967 44 26 må,
794 967 53 20 dock
863 967 72 21 endast

188 993 84 20 såframt
284 993 111 20 detsamma
408 993 91 20 befinnes
512 999 47 14 vara
575 993 44 20 från
636 994 59 20 finkel
713 994 78 25 renadt,
809 995 27 19 till
853 995 81 20 Finland

187 1020 84 23 införas,
288 1022 53 17 emot
358 1025 75 14 samma
451 1019 89 26 tullafgift
556 1025 45 14 som
618 1020 27 20 uti
662 1021 89 25 gällande
767 1021 80 20 tulltaxa
865 1022 22 19 är
904 1021 30 20 för

187 1045 92 21 utländsk
293 1051 43 14 rom
350 1046 88 25 stadgad;
453 1045 122 26 sjöfarandes
588 1047 39 19 rätt
640 1049 29 18 att
683 1047 58 26 enligt
755 1047 10 25 S
780 1048 11 19 7
805 1048 6 19 i
823 1047 110 27 Kejserliga

186 1072 135 26 Kungörelsen
335 1073 21 19 af
368 1072 39 19 den
421 1073 26 19 30
461 1072 54 26 April
530 1073 51 19 4763
592 1072 67 21 såsom
669 1074 166 25 skeppsproviant
844 1074 89 20 medföra

186 1101 29 17 ett
228 1099 52 20 visst
293 1098 90 21 kannetal
398 1095 84 24 bränvin
496 1099 59 19 likväl
569 1099 122 20 oförkränkt.

528 1150 11 25 $
553 1152 32 19 75.

240 1187 56 21 Inom
309 1187 78 21 Finland
401 1188 113 21 tillverkadt
527 1188 83 21 bränvin
623 1188 40 26 mä,
675 1189 36 20 der
725 1189 94 32 beloppet
837 1189 19 26 ej
869 1189 67 21 öfver-

187 1214 63 25 stiger
264 1215 75 19 femton
353 1214 81 25 kannor,
450 1214 11 20 ä
475 1215 98 24 landsväg
588 1215 46 20 eller
647 1214 91 27 jernväg,
754 1221 25 20 pä
794 1215 74 25 insjöar
880 1217 54 19 ochi

186 1239 96 26 skärgård
294 1239 43 20 fritt
350 1241 39 18 och
403 1240 130 20 obehindradt
545 1241 73 19 forslas
631 1241 51 20 ifrån
697 1242 38 19 och
749 1242 27 19 till
787 1241 52 20 hvad
848 1244 31 17 ort
889 1247 44 15 som

184 1266 59 24 helst,
258 1268 56 17 utom
328 1266 145 25 Lappmarken,
488 1267 28 19 dit
530 1267 90 25 bränvin,
636 1267 46 20 intill
696 1268 49 19 dess
759 1268 120 20 annorlunda
894 1269 40 19 för-

185 1292 80 25 ordnas,
280 1292 44 21 icke
338 1291 30 21 får
381 1292 79 26 införas,
476 1293 34 20 vid
524 1293 69 21 förlust
606 1293 21 20 af
640 1299 61 15 varan
715 1297 53 18 samt
782 1294 51 26 kärl,
849 1295 84 26 dragare

186 1319 38 20 och
238 1319 94 26 redskap,
348 1324 44 15 som
406 1319 26 20 till
447 1319 61 20 sådan
521 1320 83 26 forsling
620 1321 107 26 begagnas.

528 1374 10 27 $
553 1375 31 21 76.

239 1411 29 21 De
282 1413 6 19 i
301 1411 139 27 Lappmarken
453 1412 47 21 med
515 1413 76 21 hushäll
606 1413 79 21 bosatte
698 1419 107 21 personer,
826 1417 54 19 utom
895 1415 38 21 den

186 1438 83 26 lappska
272 1434 9 36 :
282 1438 146 26 befolkningen,
444 1445 49 14 vare
509 1440 51 20 dock
577 1439 70 22 tillåtet
662 1444 42 22 att,
722 1442 52 19 efter
791 1443 88 19 anmälan
897 1442 36 21 hos
