1017 1695
301 138 71 22 Nådiga
384 140 139 22 Propositionen
537 140 35 16 N:o
584 140 28 16 30.

86 176 40 30 ——
143 176 288 30 mm
518 176 308 30 00----——

117 220 62 14 annan
195 214 192 26 embetsmyndighet
396 215 38 19 och
448 216 22 18 är
484 214 101 25 originalet
599 213 17 26 ej
626 217 29 17 att

115 240 59 25 tillgå,
191 243 46 16 utan
258 240 178 26 protokolisutdrag
456 241 56 19 öfver
532 241 122 19 detsammas

114 267 116 19 utfärdande.
246 267 47 19 eller
302 269 60 17 annat
375 266 58 20 bevis
442 267 68 19 derom
520 266 82 24 företes;
619 267 35 19 bör

116 298 74 14 samma
205 292 177 26 protokollsutdrag
396 292 47 20 eller
455 293 63 25 bevis,
535 292 82 20 säframt
626 293 28 19 af-

116 319 73 19 seende
200 319 46 19 derä
262 319 69 19 hafvas
345 318 54 26 skall,
409 324 47 14 vara
466 319 84 19 skrifvet
559 319 25 25 pä
594 320 60 18 stäm-

113 346 54 24 pladt
187 351 75 20 papper
277 346 25 19 till
317 346 38 19 lika
376 346 78 24 belopp,
470 351 43 13 som
535 345 29 19 för
584 344 69 26 sjelfva

113 372 129 20 fastebrefvet
263 374 21 18 är
304 374 66 18 utsatt.
392 372 68 19 derest
479 372 45 19 icke
544 372 54 20 visas
615 372 39 20 kan

113 401 29 17 att
158 399 130 19 fastebrefvet
308 398 25 26 pä
350 398 89 26 behörigt
460 398 106 26 stämpladt
579 404 75 20 papper

113 425 52 19 förut
182 425 64 20 blifvit
259 425 107 20 utfärdadt.

86 451 125 26 Folkpass,
228 457 22 14 se
265 457 61 20 pass.

87 478 102 24 Fribref,
206 484 22 13 se
243 478 189 19 helfrihetsbref.

87 505 179 24 Friherrebref,
283 510 22 13 se
318 504 94 25 diplom.

86 531 108 20 Frisedel
209 532 26 19 tili
250 537 71 14 varors
335 531 87 25 lossning
436 531 37 19 och
488 531 83 25 lastning
614 546 3 3 =.
648 546 4 4 .

87 558 125 25 Fullmakt,
238 558 149 25 konstitutorial,
412 557 137 22 förordnande,
574 557 80 20 kallelse

114 585 39 18 och
176 570 168 44 antagningsbref,
369 574 179 40 protokollsutdrag
568 589 27 14 m.
616 589 36 20 m,

115 611 127 25 hvarigenom
258 611 85 23 embete,
360 613 59 22 tjenst
439 610 47 19 eller
500 610 106 25 befattning
620 600 34 29 be-

114 639 62 17 sättes
190 637 37 20 och
248 622 116 45 bortgifves,
380 637 47 20 eller
447 637 38 19 ock
498 626 108 36 värdighet
616 637 38 18 för-

114 669 69 19 unnas,
195 664 46 19 med
256 652 96 37 undantag
360 653 26 30 af
396 663 52 23 dem,
464 669 43 14 som
522 663 5 19 i
541 652 63 30 denna
615 663 38 19 för-

114 690 81 25 ordning
210 691 63 18 finnas
288 690 94 19 särskildt
396 690 124 19 omnämnde:

88 715 23 25 a)
126 716 10 19 &
151 717 75 25 verklig
240 716 60 26 tjenst
309 717 46 19 med
365 717 99 20 bestämdt
478 716 56 25 årligt
543 716 111 25 löneanslag

114 742 31 32 pä
154 745 48 17 stat:

89 770 33 19 1:0
137 769 10 19 å
162 770 85 23 militärt,
264 769 60 24 civilt,
340 769 136 19 ecklesiastik-
486 770 36 18 och
538 769 117 19 skollärare-

115 796 86 23 embete,
217 786 66 34 tjenst,
300 785 63 36 syssiä
378 796 47 18 eller
439 795 121 25 beställning,
577 800 44 14 som
635 795 20 19 af

116 822 62 20 Hans
192 808 132 44 Kejserliga
338 820 109 26 Majestät
461 822 47 19 eller
521 821 133 19 velerböran-

115 849 25 19 de
154 849 116 25 myndighet
290 848 97 24 tillsättes,
403 848 86 19 skrifves
509 847 24 26 pä
549 847 105 30 stämplaut

115 881 76 19 papper
205 875 108 20 beräknalt
330 875 50 19 efter
396 876 12 17 4
422 877 85 28 procent
518 874 20 19 af
551 874 103 25 penninge-

116 903 38 17 och
169 902 24 18 12
209 904 81 22 procent
306 901 21 19 af
339 901 59 19 indelt
411 901 30 18 lön
456 901 28 18 för
501 900 47 25 äret,
564 901 30 18 för
608 900 44 24 den,

117 927 77 20 hvilken
209 928 61 19 första
288 927 75 31 gången
384 927 93 20 tillträder
491 916 59 35 tjenst
564 926 45 19 med
624 916 30 29 lön

116 954 24 25 på
158 955 95 23 Kronans,
276 953 63 26 någon
357 953 55 20 stads
433 954 47 19 eller
497 954 71 19 alimän
588 953 67 18 inrätt-

117 981 57 24 nings
189 983 45 16 stat.
250 970 52 29 "Men
318 979 32 20 vid
363 980 105 19 befordran
482 979 26 20 till
518 985 63 14 annan
595 978 59 25 tjenst

118 1006 97 20 beräknas
230 1007 67 19 kartan
318 1006 68 19 endast
403 1007 49 18 efter
473 1006 105 22 skilnaden,
597 1006 58 18 hvar-

117 1033 46 19 med
177 1033 37 19 den
236 1033 98 25 tillträdde
354 1033 55 18 lönen
424 1033 38 18 kan
482 1021 122 39 drverskjuta
618 1031 37 20 den

117 1060 52 18 förut
184 1059 109 20 innehafda.
316 1055 26 24 Är
356 1059 56 18 lönen
423 1059 31 19 vid
464 1058 37 19 den
512 1064 42 25 nya
569 1057 85 25 tjensten

117 1085 43 20 icke
175 1088 70 19 större,
261 1085 87 20 utfärdas
362 1085 113 19 fullmakten
496 1084 24 25 på
530 1079 66 25 sådan
611 1084 43 19 kar-

118 1115 24 22 ta,
160 1117 44 14 som
223 1112 29 19 för
274 1111 160 20 embetsverkets
455 1111 133 25 expeditioner
602 1110 5 19 i
622 1111 32 18 all-

117 1124 79 42 mänhet
210 1138 66 25 gäller.

92 1165 33 19 2:0
140 1164 10 19 å
165 1165 117 24 beställning
303 1163 24 31 på
349 1164 104 19 obestämd
474 1164 27 19 tid
516 1164 46 19 eller
582 1162 25 25 på
622 1163 33 19 be-

118 1191 64 18 stämd
197 1191 26 18 tid
239 1191 20 18 af
272 1193 27 16 ett
316 1189 21 20 år
353 1191 47 18 eller
417 1190 113 19 derutöfver
544 1189 46 19 med
605 1189 50 18 visst

118 1217 56 25 årligt
188 1217 74 19 arvode
277 1217 46 19 eller
337 1216 73 25 anslag,
426 1217 11 18 2
452 1218 82 29 procent
548 1215 19 19 af
580 1217 28 17 ett
622 1214 32 19 års

118 1243 81 20 arvode.
220 1243 43 19 Men
278 1243 25 19 till
318 1243 114 23 beställning
442 1242 24 25 på
476 1241 90 21 bestämd
580 1241 28 20 tid
620 1247 36 13 un-

118 1269 36 19 der
168 1272 28 16 ett
210 1268 21 20 år
246 1269 10 19 2
271 1271 83 23 procent
368 1269 20 18 af
400 1268 83 19 arvodet
499 1268 29 19 för
542 1267 38 19 den
594 1267 60 19 tiden.

93 1296 33 18 3:0
140 1294 11 20 å
165 1295 116 25 beställning
298 1297 46 17 utan
364 1294 82 20 dermed
460 1294 80 20 förenad
562 1294 31 19 lön
610 1294 46 18 eller

119 1321 100 19 bestämdt
238 1321 80 23 arvode,
340 1320 86 19 skrifves
446 1320 11 18 å
474 1321 37 17 den
531 1320 29 18 för
575 1320 81 18 verkets

119 1346 61 31 öfriga
194 1346 134 25 expeditioner
341 1345 93 25 stadgade
448 1346 62 18 karta.

94 1373 33 18 4:0
142 1371 10 20 å
167 1372 276 25 kontraktsprostebefattning

94 1399 44 20 Men
152 1398 101 20 förordnas
273 1398 45 25 den,
336 1403 44 14 som
400 1397 51 20 förut
471 1385 78 32 erhållit
568 1385 90 31 fullmakt

122 1425 10 20 å
147 1425 135 20 Proste-namn
290 1414 37 30 och
334 1424 110 26 värdighet,
453 1425 27 19 till
490 1423 165 26 kontraktsprost,

796 138 33 19 819

766 530 35 19 20-
