984 1698
183 147 42 33 644
402 148 71 23 Nådiga
485 149 140 23 Propositionen
636 148 37 16 N:o
685 146 28 18 26.

189 200 120 26 ningskrets.
339 201 56 18 Detta
409 199 55 19 torde
479 203 48 15 vara
541 197 21 20 sä
581 197 82 26 mycket
679 201 55 14 mera
750 195 20 20 af
786 195 93 29 behofvet
895 193 34 27 pä-

191 226 78 23 kalladt,
285 232 44 13 som
342 226 25 19 de
380 224 96 26 ändamål,
492 225 29 19 för
536 224 66 19 hvilka
615 223 150 24 kommunerna,
781 221 59 25 enligt
853 227 29 14 sin
896 221 34 20 be-

191 253 123 24 stämmelse,
330 253 74 23 arbeta,
420 252 60 19 tillika
494 249 64 21 måste
572 249 111 21 bestraktas
697 248 68 19 såsom
782 246 146 30 statsändamäl,

193 280 63 19 ehuru
269 279 112 19 inskränkta
396 278 26 19 till
438 283 24 14 en
477 278 42 19 viss
533 277 30 19 del
579 277 20 19 af
612 274 147 25 statsområdet,
778 275 38 19 och
831 276 42 23 just
886 274 45 20 der-

192 307 41 19 före
250 306 46 19 bäst
312 306 64 19 kunna
393 304 103 21 befordras
511 303 21 25 ju
552 306 63 17 större
635 301 189 21 lokalkännedomen
844 302 27 18 är.
904 299 28 21 Då

193 332 102 20 dessutom
317 337 23 14 en
361 332 31 19 väl
413 331 74 19 ordnad
507 329 229 24 kommunalförvaltning
754 327 141 26 otvifvelaktigt
911 328 23 18 är

193 359 38 19 den
245 358 89 20 säkraste
347 358 56 23 källa,
419 355 100 22 hvarifrån
533 355 190 25 statsförvaltningen
737 354 37 20 kan
788 353 73 20 erhålla
878 352 56 21 mån-

193 391 23 40 sa
231 385 21 20 af
263 385 26 20 de
302 385 145 26 upplysningar,
464 389 44 14 som
522 383 99 20 erfordras
634 383 30 18 för
677 381 48 20 dess
742 380 137 31 verksamhet,
895 380 38 19 och

207 411 11 20 å
232 411 123 25 deltagandet
368 411 5 19 i
388 409 242 20 kommunalverksamhet
640 409 37 18 kan
691 407 102 20 betraktas
811 412 67 14 såsom
895 407 39 19 för-

193 437 112 21 beredande
319 437 54 20 skola
387 437 20 19 af
420 439 42 17 stor
475 435 104 26 betydelse
593 436 28 18 för
635 435 155 24 medborgarens
799 433 136 26 uppträdande

193 464 7 19 i
213 464 34 20 det
260 464 97 25 offentliga
370 463 64 25 lifvet,
450 462 56 20 torde
523 462 66 25 vigten
607 461 37 19 och
659 461 117 26 betydelsen
792 460 30 19 för
838 459 65 20 landet
916 459 21 20 af

195 496 24 14 en
242 490 153 25 reorganisation
418 489 42 20 utaf
481 487 255 26 kommunalförvaltningen
761 485 24 27 pä
810 486 67 20 landet
901 485 35 21 lätt

193 516 84 25 framgä.

248 543 7 20 I
275 542 88 21 ändamål
382 545 28 17 att
426 541 137 21 ästalkomma
583 546 24 14 en
623 540 61 20 sådan
701 541 21 18 af
737 540 94 19 behofvet
847 538 89 27 påkallad

194 569 74 20 ordnad
282 569 228 26 kommunalförvaltning
524 569 35 18 har
574 568 54 19 Hans
644 567 108 25 Kejserliga
768 565 90 26 Majestät
874 566 5 19 i
896 565 39 22 Nä-

195 596 36 20 der
247 595 42 21 låtit
304 597 90 19 utarbeta
411 596 38 19 och
466 596 26 19 till
510 594 118 20 ständernas
644 593 100 20 utlåtande
761 593 128 19 &fverlemnat
906 595 29 17 ett

195 623 52 19 Dess
260 621 75 26 Nädiga
349 622 119 26 proposition
482 621 72 26 bilagdt
567 621 71 22 förslag
651 620 6 19 i
671 623 72 21 ämnet,
759 619 76 20 hvilket
844 619 90 25 samtliga

195 648 82 21 ständen
291 649 109 20 remitterat
413 649 27 19 till
454 647 219 21 ekonomie-utskottets
687 646 129 20 betänkande.

249 675 57 20 Detta
320 675 71 25 förslag
405 675 75 26 äsyftar
494 677 28 17 att
535 673 40 20 helt
589 675 37 18 och
641 673 59 20 hället
714 672 88 25 särskilja
819 672 39 20 den
875 672 60 27 kyrk-

194 701 37 26 liga
246 702 137 25 församlingen
397 701 49 20 ifrän
460 701 39 20 den
513 701 108 25 borgerliga
635 700 127 19 kommunen.
791 700 42 19 Den
846 699 89 27 kyrkliga

194 727 137 27 församlingen
345 729 35 19 har
394 727 17 26 ej
426 729 61 19 heller
502 727 60 25 något
576 727 116 25 väsendtligt
705 728 124 24 gemensamt
839 726 45 20 med
897 726 39 20 den

195 760 77 20 senare,
289 755 37 19 och
339 755 96 20 behöfver
449 754 102 25 ingalunda
565 759 47 14 vara
626 753 79 20 bunden
719 753 33 19 vid
767 752 63 27 nägon
848 753 42 19 viss
904 752 31 21 del

195 781 21 19 af
222 781 152 20 :statsomrädet.
403 781 93 20 Tvärtom
510 781 64 19 kunna
588 781 52 18 inom
654 785 76 14 samma
739 779 106 20 kommuns
854 782 83 23 gränser

196 807 62 20 finnas
272 808 48 19 flera
334 807 131 26 sjelfständiga
479 807 209 26 kyrkoförsamlingar,
702 807 72 19 liksom
786 806 58 19 äfven
857 811 23 14 en
890 806 47 26 kyr-

196 833 140 27 koförsamling
350 835 37 19 kan
401 834 60 20 räkna
474 834 131 20 medlemmar
619 834 52 19 inom
684 833 48 19 flera
746 833 124 19 kommuner.
899 833 39 19 Det

196 860 65 21 måste
274 861 78 20 derföre
365 867 59 14 anses
438 861 62 20 strida
514 863 53 17 emot
577 860 24 20 de
610 860 104 26 principer,
726 866 44 13 som
779 860 49 25 ligga
837 859 27 20 till
873 860 64 25 grund

197 887 30 20 för
240 888 59 19 dessa
313 890 71 17 tvenne
398 888 137 23 institutioner,
551 889 28 17 att
593 892 84 20 organen
691 887 29 19 för
734 886 60 20 deras
807 886 130 20 verksamhet

197 916 22 17 är
233 914 115 20 densamma
361 914 68 20 såsom
445 914 88 20 hitintills
550 913 51 20 varit
616 914 58 19 fallet.
706 912 165 27 Kyrkostämman
888 912 49 20 skall

196 943 69 23 utgöra
279 941 70 19 endast
361 947 24 13 en
400 946 59 20 organ
473 941 30 19 för
517 940 127 20 lekmännens
658 940 115 25 deltagande
787 940 5 18 i
807 939 87 26 kyrkans
904 945 34 14 an-

196 968 143 25 gelägenheter,
354 968 39 18 och
406 968 35 19 bör
456 967 20 19 af
489 966 61 21 sådan
565 966 102 26 anledning
685 967 41 19 helt
742 967 38 19 och
798 965 58 21 hållet
870 965 68 26 skiljas

197 992 43 21 från
255 994 37 19 den
306 994 108 25 borgerliga
428 994 218 19 kommunalstämman.
674 993 35 19 Ett
722 992 71 20 sådant
810 992 128 25 särskiljande

197 1020 84 20 emellan
295 1020 34 20 det
342 1020 88 26 kyrkliga
444 1020 111 19 samfundet
569 1020 38 19 och
623 1020 119 18 kommunen
759 1018 56 20 torde
832 1019 29 19 för
878 1020 60 18 hvar-

197 1046 47 20 dera
257 1052 48 14 vara
319 1046 77 26 nyttigt.
426 1046 75 19 Genom
515 1046 173 26 kyrkostämmans
702 1045 127 25 särskiljande
843 1044 42 20 från
899 1045 38 20 den

196 1072 109 26 borgerliga
319 1072 210 20 kommunalstämman
543 1072 83 26 uppstår
640 1073 30 18 för
686 1072 77 25 kyrkan
782 1072 34 20 det
832 1077 59 20 gagn,
909 1074 30 18 att

197 1098 25 20 då
236 1101 82 23 presten
331 1099 73 19 befrias
417 1098 43 22 från
474 1098 38 20 den
526 1098 107 26 befattning
646 1098 75 20 honom
737 1097 68 21 såsom
822 1098 116 20 ordförande

197 1125 6 19 i
217 1125 173 20 socknestämman
404 1124 64 26 ålegat
482 1125 58 19 äfven
553 1125 47 20 med
613 1125 110 25 borgerliga
737 1124 85 20 ärenden
832 1125 37 19 och
880 1125 59 19 hvar-

197 1151 26 20 till
237 1152 88 25 grunden
339 1152 63 18 finnes
416 1152 70 19 endast
499 1152 6 18 i
519 1151 141 19 ofvannämnda
675 1151 107 19 historiska
796 1151 139 25 förhållanden,

197 1178 44 24 han,
257 1178 25 25 på
297 1177 21 21 så
333 1181 40 16 sätt
386 1177 80 26 frigjord
484 1177 43 20 från
541 1183 25 14 en
582 1178 72 25 mängd
670 1178 30 19 för
716 1178 52 19 hans
784 1177 79 20 embete
879 1178 60 19 frem-

197 1205 72 18 mande
282 1204 94 26 göromål,
392 1203 84 20 erhåller
490 1210 54 13 mera
559 1204 28 19 tid
601 1207 30 19 att
642 1209 49 20 egna
704 1203 21 20 åt
738 1204 34 19 sitt
786 1204 95 25 egentliga
891 1204 45 20 kall.

197 1230 37 19 För
248 1231 37 18 den
299 1231 109 24 borgerliga
422 1231 120 18 kommunen
556 1230 57 19 torde
624 1229 71 25 följden
704 1231 58 18 äfven
771 1230 59 19 blifva
840 1236 24 13 en
875 1231 64 18 större

198 1254 161 26 sjelfständighet,
374 1256 82 19 allenast
470 1255 212 19 kommunalstämman
697 1255 73 19 befrias
784 1255 43 19 från
842 1255 93 25 göromål,

197 1281 122 28 främmande
333 1281 29 19 för
376 1281 121 19 densamma.
529 1281 41 19 Den
587 1281 108 25 borgerliga
712 1281 130 19 kommunens
860 1281 78 20 särskil-

195 1307 59 24 jande
267 1307 43 20 från
324 1307 38 20 den
375 1307 90 26 kyrkliga
480 1307 142 25 församlingen,
638 1306 24 27 på
677 1309 39 18 sätt
729 1307 33 20 det
774 1307 104 20 ständerna
888 1307 51 20 före-

198 1334 55 25 lagda
271 1334 104 25 lagförslag
392 1333 117 26 innehåller,
528 1333 30 20 får
574 1333 96 20 utskottet
687 1334 78 20 derföre
782 1333 24 27 på
823 1333 34 21 det
873 1335 70 25 högsta

193 1361 87 24 Jörorda.

250 1387 29 20 Då
294 1387 33 20 det
344 1386 72 27 åligger
432 1387 97 20 utskottet
545 1389 28 17 att
590 1387 84 20 aflemna
691 1387 126 20 betänkande
833 1387 56 20 öfver
909 1388 34 20 det

198 1414 120 20 omfattande
333 1414 101 25 förslaget,
446 1414 36 19 har
490 1413 97 20 utskottet
603 1416 67 18 ansett
687 1414 34 20 det
738 1415 109 25 lämpligast
863 1417 29 17 att
908 1415 34 20 be-

200 1441 71 20 handla
286 1440 69 25 hvarje
368 1440 72 25 kapitel
454 1441 30 19 för
498 1441 36 26 sig,
545 1443 28 18 att
582 1441 50 20 först
647 1440 61 21 utlåta
725 1441 29 26 sig
771 1441 56 20 öfver
844 1441 37 20 och
897 1441 45 20 der-
