1006 1689
289 145 72 24 Nådiga
373 146 138 24 Propositionen
524 146 36 19 N:o
570 146 28 19 32.
772 146 44 21 1073

172 195 47 21 sedd
233 195 70 27 blifvit,
323 197 46 25 egde
381 197 32 19 vid
427 197 166 26 bankfullmäktigs
610 198 46 19 eller
669 198 83 19 revisors
769 198 44 25 laga

165 225 74 25 förfall
252 225 45 19 eller
306 225 36 26 jäf
353 225 68 19 dennes
432 227 54 18 ställe
501 227 77 24 intaga;
591 233 42 12 men
646 233 29 12 om
684 225 71 25 förfall
765 226 47 25 jem-

171 253 32 18 väl
214 253 37 26 för
266 252 59 25 något
342 253 66 19 stånds
424 253 174 26 bankfullmäktiges
611 254 122 25 suppleanter
747 255 66 24 inträf-

167 279 56 26 fade,
239 280 57 20 borde
311 281 44 23 den,
371 287 40 13 som
421 284 24 16 är
454 282 50 25 dylik
518 281 100 26 suppleant
626 282 37 24 för
677 283 59 17 annat
750 281 63 24 stånd,

173 309 56 18 träda
250 309 7 18 i
275 309 72 22 stället,
367 309 34 19 och
421 309 30 19 vid
470 309 100 20 enahanda
591 309 67 19 hinder
670 309 36 26 för
724 311 89 17 revisors-

171 337 122 24 suppleanter
308 337 57 19 skulle
381 336 92 21 Senatens
487 337 246 25 Ekonomie-Departement
743 337 70 20 inkalla

171 364 64 26 någon
250 365 23 24 af
285 364 85 21 ståndets
388 365 120 20 medlemmar
522 368 28 17 att
565 367 7 17 i
585 367 104 18 revisionen
702 365 82 25 deltaga.

123 403 36 20 Vid
174 403 67 26 frågan
256 409 32 14 om
304 404 91 20 framtida
412 405 76 19 formen
506 405 47 19 eller
570 406 60 18 sättet
648 405 29 19 för
696 404 117 26 lagstiftning

68 429 100 26 angående
176 430 99 25 primitiva
289 430 38 20 och
340 430 206 26 hypotheksfonderne
561 431 5 19 i
581 431 89 19 Finlands
684 431 53 19 Bank
752 430 58 20 hafva

69 456 107 20 ständerne
189 457 5 18 i
209 456 144 26 öfvervägande
368 457 46 25 tagit
428 460 27 16 att
469 458 119 19 säkerheten
602 457 19 19 af
634 457 128 26 myntvärdet
771 458 38 18 och

70 482 82 20 dermed
167 482 194 26 sammanhångande
374 483 229 25 penningeförhållanden
618 484 4 19 i
637 484 89 24 Finland,
744 483 69 20 åtmin-

70 512 57 17 stone
142 509 47 19 intill
204 509 121 20 närvarande
339 509 34 24 tid,
390 510 164 25 hufvudsakligen
569 510 61 20 hvilat
644 510 24 26 på
678 510 85 20 nämnde
773 510 41 19 fon-

69 535 36 20 der
125 538 52 17 samt
197 536 66 19 berott
283 536 20 19 af
321 535 58 20 deras
395 536 165 26 än.lamålsenliga
581 537 122 25 förvaltning,
721 536 92 20 hvarföre

62 562 65 19 "äfven
142 562 100 19 stiftandet
255 562 21 19 af
288 563 30 25 lag
331 562 38 18 och
386 562 134 26 författningar
536 562 100 26 angående
652 568 75 14 samma
743 562 69 20 fonder

71 587 65 20 måste
150 594 59 13 anses
224 594 47 14 vara
285 588 20 20 af
318 588 37 20 den
370 591 53 17 stora
438 590 40 25 vigt
495 590 29 18 för
539 588 42 20 hela
598 589 66 20 landet
680 588 38 20 och
736 589 77 19 allmän-

70 614 66 24 heten,
152 617 29 17 att
194 614 62 26 begge
270 614 165 20 statsmakternes
450 615 119 20 samverkan
582 615 70 20 dervid
663 616 22 18 är
695 615 116 25 nödvändig.

70 640 50 20 Från
134 640 64 20 denna
212 641 105 25 grundsats
331 641 38 19 kan
384 642 59 25 enligt
460 642 115 19 ständernas
590 642 58 19 tanke
664 641 97 25 undantag
778 647 35 19 ega

70 672 46 14 rum
130 667 71 20 endast
215 668 5 18 i
235 667 75 20 sådana
324 667 97 21 särskilda
436 668 37 25 fall,
488 668 25 20 då
528 674 26 20 ny
567 668 155 26 lagbestämning
731 668 82 20 emellan

70 693 114 26 landtdagar
199 693 88 21 befinnes
303 700 47 14 vara
364 694 20 20 af
397 695 107 25 synnerligt
518 694 60 20 behof
591 694 96 26 påkallad.
716 694 26 20 Af
754 693 59 21 sådan

72 720 103 26 anledning
188 720 19 20 få

173 758 100 21 ständerne
292 759 35 19 hos
346 758 75 20 Eders
440 759 130 27 Kejserliga
588 759 113 26 Majestät
716 760 26 19 till
756 758 59 26 nådig

167 786 299 26 fastställelse
305 782 9 35 i
324 786 142 26 underdånighet
474 787 78 26 föreslå
564 788 31 19 det
609 788 112 25 stadgande,
736 790 27 17 att
777 787 38 20 alla

167 816 126 25 föreskrifter
300 815 98 26 angående
402 817 97 23 primitiva
508 816 34 19 och
550 816 193 26 hypotheksfonderne
753 818 6 17 i
769 815 45 20 Fin-

174 844 55 19 lands
244 844 66 22 Bank,
325 844 45 19 eller
384 845 7 17 i
405 844 100 20 allmänhet
514 844 83 19 rörande
607 844 117 20 densammas
734 844 82 19 redbara

173 872 90 25 tillgång
258 867 12 35 ,
279 872 110 25 utgifvande
408 872 23 25 af
443 872 68 24 sedlar,
528 871 115 21 länerörelse
658 872 34 19 och
702 873 61 25 öfriga
772 873 43 25 för-

173 900 100 20 hållanden
289 900 29 19 till
335 900 131 23 allmänheten,
482 900 63 23 'skola,
560 899 64 20 såsom
638 899 32 28 $$
683 900 39 23 40,
737 900 34 24 41,
789 900 26 19 42

173 928 34 19 och
221 928 27 19 43
263 929 24 24 af
297 927 52 20 1772
363 927 32 20 års
412 927 152 27 Regeringsform
578 934 30 13 om
622 927 99 28 lagfrågor
735 928 79 26 stadga,

173 956 59 20 ehvad
241 956 99 26 förslaget
355 956 62 19 dertill
425 956 50 26 från
490 956 76 20 Eders
581 955 112 27 Majestät
708 957 46 20 eller
762 959 52 17 stän-

173 984 57 19 derne
245 983 71 27 utgått,
331 985 57 25 enligt
403 984 76 20 Eders
495 985 132 26 Kejserliga
642 985 125 24 Majestäts
783 985 32 19 och

173 1013 111 20 ständernes
301 1013 203 20 sammanstämmande
522 1013 59 20 beslut
601 1013 89 25 utfärdas
710 1013 28 20 till
753 1013 62 20 veder-

174 1041 93 20 börandes
286 1041 135 26 efterrättelse;
440 1044 49 16 samt
507 1044 38 21 att,
565 1042 7 18 i
590 1041 89 20 händelse
698 1040 57 27 något
773 1043 42 24 nytt

174 1069 105 26 stadgande
294 1069 45 20 eller
349 1069 117 26 förändring
482 1070 34 19 och
524 1069 111 26 förklaring
650 1071 24 24 af
683 1069 90 26 gällande
781 1069 38 26 fö-

175 1097 99 26 reskrifter
288 1099 7 18 i
309 1097 126 26 omförmälda
449 1101 67 16 ämnen
524 1098 64 25 finnes
604 1098 77 19 emellan
700 1097 116 26 landtdagar

175 1132 48 12 vara
242 1127 25 24 af
287 1126 96 25 synnerlig
408 1125 147 26 nödvändighet,
576 1125 76 20 Eders
674 1126 143 25 Majestätär

169 1153 116 25 Jörbdehället
300 1155 27 18 att
337 1154 46 24 efter
397 1160 45 19 egen
453 1155 89 24 pröfning
558 1153 34 20 och
607 1155 6 17 i
628 1153 189 26 öfverensstämmelse

175 1181 42 20 med
227 1181 110 19 ständernes
348 1181 172 26 bankfullmäktiges
533 1181 107 23 utlåtande,
653 1181 87 20 meddela
752 1180 64 26 nådigt

172 1209 67 26 påbud
254 1209 74 22 derom,
341 1215 40 13 som
396 1212 47 23 äger
454 1209 94 25 giltighet,
564 1209 48 20 intill
629 1209 43 20 dess
686 1215 73 14 samma
771 1208 45 27 frå-

173 1243 27 20 ga
214 1237 31 19 vid
259 1237 126 26 nästföljande
401 1237 92 25 landtdag
508 1238 37 18 kan
559 1237 63 19 såsom
640 1238 56 25 ofvan
715 1241 25 16 är
753 1236 63 26 sagdt,

175 1265 74 20 komma
267 1265 61 20 under
346 1265 111 20 ständernes
476 1265 141 25 öfverläggning
635 1265 34 19 och
688 1265 66 20 beslut.

128 1305 57 19 Hvad
201 1303 42 20 åter
257 1304 91 19 beträffar
362 1303 37 20 den
410 1304 89 24 gällande
512 1305 144 23 lagstiftningen
667 1303 99 26 angående
780 1303 38 24 pri-

74 1331 68 19 mitiva
157 1330 38 19 och
209 1329 219 26 hypotheksfonderne,
448 1330 57 19 hafva
523 1329 105 22 ständerne
648 1330 60 18 funnit
722 1329 95 24 åtskilliga

74 1356 137 25 förändringar
224 1355 42 19 deri
280 1361 48 13 vara
345 1355 20 18 af
384 1354 137 25 hufvudsaklig
545 1355 41 25 vigt
603 1355 37 19 och
658 1355 118 19 fördenskull
792 1361 25 12 nu

74 1382 64 20 redan
151 1382 48 19 böra
213 1381 80 20 komma
308 1382 5 18 i
328 1380 60 26 fråga.
418 1381 37 20 Det
468 1382 81 19 främsta
559 1381 113 26 syftemålet
686 1381 29 20 för
728 1381 89 20 Bankens

76 1408 131 20 verksamhet
220 1407 66 23 måste
299 1408 53 19 alltid
365 1407 90 20 förblifva
469 1407 178 26 upprätthållandet
656 1408 21 19 af
689 1410 88 24 myntets
791 1407 27 20 el-

66 1436 40 19 ter
120 1434 47 20 dess
182 1435 5 19 i
197 1434 107 20 sedelform
315 1434 137 19 cirkulerande
461 1436 170 23 representanters
643 1434 118 23 fastavärde;
773 1439 45 13 men

750 1466 22 16 68
