1009 1692
192 140 42 33 990
411 143 72 22 Nädiga
494 143 140 23 Propositionen
648 142 34 17 N:o
694 142 28 16 31.

195 194 60 19 slutet
272 194 21 19 af
308 192 23 20 är
348 193 49 19 1861
416 192 85 25 uppgick
519 192 26 20 till
564 191 121 25 14,740,166
701 191 56 19 mark
771 191 26 19 96
811 189 65 25 penni,
892 189 49 19 kun-

197 220 63 19 nande
275 220 32 19 vid
321 219 76 19 anfördt
412 218 120 20 förhållande
546 217 59 26 något
619 216 132 21 användande
768 222 47 14 vare
833 216 29 24 sig
876 216 20 18 af
908 215 34 19 Jet

197 246 68 26 gjorda
283 244 104 22 statslänet
404 245 47 19 eller
468 244 107 21 bestäende
594 244 160 19 statsinkomster
775 243 29 19 för
825 241 117 21 hithörande

197 273 61 20 behof
270 272 44 21 icke
328 272 153 25 ifrägakomma,
497 271 84 20 likasom
595 270 69 20 sädant
678 270 44 20 icke
737 270 61 19 heller
813 269 51 20 hade
881 268 5 20 i
904 268 38 20 Jen

196 299 49 21 Nådi
252 305 23 20 ga
289 299 146 26 propositionen
449 299 63 19 blifvit
527 298 96 19 förutsatt.

251 325 26 21 Då
292 325 81 20 sålunda
386 326 83 23 utvägar
483 325 25 19 till
523 323 196 26 sammanbringande
733 323 20 20 af
765 323 26 20 de
805 323 67 24 anslag
886 321 54 20 Eko-

197 353 65 19 nomie
278 351 97 21 Utskottet
390 351 86 20 förordat
492 350 65 20 måste
574 351 59 18 sökas
650 351 28 18 uti
695 355 38 21 nya
751 349 86 24 skatter,
857 349 35 18 har
908 348 34 20 det

198 381 57 24 synts
269 379 102 19 Utskottet
385 377 96 26 sjelffallet
495 379 28 17 att
536 377 30 20 för
579 376 111 20 utförandet
704 377 21 18 af
737 376 25 19 de
771 375 104 20 förordade
886 374 56 21 kom-

198 405 141 20 munikations-
353 407 51 16 samt
417 403 232 26 mossodlingsföretagen
660 403 38 19 den
707 402 114 20 nuvarande
831 402 110 23 generatio-

198 437 37 14 nen
249 431 44 20 icke
307 430 68 20 kunde
389 430 76 26 åläggas
480 430 123 24 beskattning
614 430 26 19 till
653 430 60 25 högre
722 429 71 25 belopp
803 430 23 17 än
838 433 44 15 som
892 430 50 17 mot-

199 457 97 21 svarande
310 457 37 20 den
361 456 59 26 årliga
434 459 68 17 räntan
516 457 38 19 och
569 454 276 27 amortiseringsprocenten'ä
861 455 33 20 det
908 455 35 20 ka-

200 485 44 26 pital
262 490 44 14 som
324 483 79 20 komme
421 486 27 17 att
465 484 27 19 uti
509 483 148 26 ifrågavarande
677 483 74 25 företag
771 482 111 25 nedläggas.
912 482 30 19 En

199 511 100 20 minoritet
313 511 52 18 inom
380 511 100 20 Utskottet
495 511 34 18 har
543 509 85 26 påyrkat
642 509 25 20 de
685 508 81 21 sålunda
783 509 159 25 sammanbragta

199 537 90 20 mellens
305 537 128 20 användande
451 537 28 20 till
497 536 129 26 räntegaranti
644 537 47 19 eller
709 535 169 25 statsunderstöd,
896 537 46 18 utan

199 563 273 26 återbetalningsskyldighet,
488 563 29 20 för
532 563 63 25 bolag,
611 563 66 19 hvilka
692 562 66 20 kunde
768 562 63 19 finnas
841 562 66 25 villige
916 564 28 17 att

199 590 26 26 på
240 590 76 20 enskild
330 590 123 25 spekulation
470 590 63 19 utföra
551 590 25 19 de
592 589 109 26 föreslagna
718 589 99 19 arbetena.
849 589 44 19 Men
910 588 33 20 det

200 617 147 46 ffrervägande
363 617 85 20 flertalet
464 617 21 19 af
500 616 112 20 Utskottets
629 616 130 19 medlemmar
776 616 36 19 har
828 618 66 17 ansett
913 615 30 26 sig

215 649 34 14 öra

297 670 84 27 förorda
395 670 24 20 de
428 670 115 26 föreslagna
557 669 100 20 arbetenas
671 668 102 27 utförande
791 669 24 26 af
829 671 64 18 staten
906 675 37 14 me-

303 698 49 21 delst
375 699 121 25 upptagande
519 699 25 26 af
560 701 25 17 ett
607 697 173 26 amortiseringslän
798 697 29 26 på
848 697 96 26 antagliga

303 727 67 20 vilkor.

255 755 38 20 Det
306 755 51 20 lärer
371 755 98 25 nemligen
483 754 109 27 medgifvas
606 757 29 16 att
649 754 43 26 föga
707 753 58 25 något
779 753 99 20 inhemskt
887 753 57 25 bolag

201 781 65 20 skulle
281 784 48 17 utan
343 784 28 17 att
385 781 79 26 indraga
477 781 106 20 uttändska
597 781 95 25 kapitaler
707 780 5 19 i
726 781 95 24 företaget
836 780 65 20 kunna
915 780 29 19 in-

201 808 38 20 låta
254 808 29 25 sig
298 807 24 27 pä
337 813 24 14 en
375 808 53 26 dylik
443 807 128 26 spekulation.
599 808 8 19 1
621 806 69 26 hvarje
708 807 30 20 fall
755 807 55 20 torde
825 806 78 21 således
917 807 28 19 fö-

203 837 80 23 retagen
297 835 80 20 komma
391 837 28 17 att
433 834 86 26 grundas
533 834 25 26 på
572 834 90 20 utländsk
677 833 150 27 skuldsättning.
856 834 45 20 Men
912 833 33 21 det

201 862 98 20 förefaller
313 862 5 19 i
333 862 68 25 högsta
415 861 61 19 måtto
491 861 136 25 tvifvelaktigt,
643 860 98 20 huruvida
756 864 14 16 t.
787 867 31 13 ex.
834 860 112 26 byggandet

201 889 22 19 af
238 894 24 13 en
277 888 84 25 jernväg
377 889 37 18 hos
431 894 34 13 oss
482 888 36 20 kan
536 888 74 20 utföras
627 888 86 24 billigare
730 888 20 19 af
765 890 29 17 ett
809 888 57 25 bolag
883 888 24 19 än
927 887 20 19 af

201 917 72 22 staten,
290 917 28 17 att
331 914 79 20 dömma
424 914 21 19 af
458 914 52 20 hvad
524 914 38 20 den
577 919 64 14 vunna
655 914 138 20 erfarenheten
811 914 32 19 vid
856 914 90 25 Helsing-

201 941 174 19 fors-Tavastehus
389 941 71 24 banan,
475 940 86 26 jemförd
575 940 46 20 med
635 940 109 20 kostnaden
759 940 29 20 för
805 940 25 20 de
846 940 57 20 flesta
916 943 31 17 ut-

202 967 80 20 ländska
297 967 62 20 banor
372 967 64 25 gifver
451 967 31 20 vid
497 967 86 20 handen.
613 966 72 20 Säkert
702 969 22 17 är
738 966 117 20 åtminstone
868 969 29 17 att
910 966 36 20 du-

202 994 50 24 gliga
266 993 109 26 ingeniörer
389 993 26 20 till
430 994 65 25 nödigt
509 994 50 19 antal
575 993 64 19 måste
653 993 80 20 komma
751 996 28 16 att
795 992 30 20 stå
842 996 29 16 ett
888 992 57 26 bolag

204 1020 44 20 vida
262 1020 79 26 dyrare,
357 1021 47 17 enär
417 1020 53 19 detta
484 1020 43 20 icke
541 1020 66 19 kunde
621 1019 81 26 erbjuda
717 1020 46 20 dem
781 1025 76 14 samma
874 1019 72 20 förmå-

203 1052 42 20 ner,
263 1052 34 24 som
310 1048 79 28 staten,
405 1046 5 19 i
425 1046 92 20 afseende
531 1046 11 20 å
558 1046 89 20 framtida
659 1047 113 25 anställning
783 1047 37 18 och
830 1045 113 25 befordran,

202 1078 138 20 pensionering
355 1078 26 14 m.
398 1078 27 14 m.

255 1103 72 21 Såsom
341 1104 76 26 tillgång
432 1105 29 19 för
475 1105 33 20 det
522 1104 60 26 ärliga
596 1104 128 20 afbördandet
738 1105 21 19 af
768 1106 56 18 ränta
833 1104 38 19 och
881 1110 64 14 amor-

204 1131 63 25 tering
283 1130 10 20 å
312 1133 28 17 ett
356 1131 29 19 för
402 1131 288 20 kommunikationsväsendets
707 1130 141 25 förbättrande,
864 1131 30 19 för
907 1136 38 21 nya

203 1156 104 27 fyrbäkars
322 1157 103 25 byggande
439 1161 52 16 samt
504 1158 193 25 mossuttorkningar
711 1160 94 22 upptaget
819 1156 30 20 län
864 1158 35 18 har
913 1158 33 19 Ut-

204 1184 75 19 skottet
293 1183 59 25 enligt
365 1184 53 19 hvad
432 1184 52 19 inom
493 1184 146 19 Sammansatta
648 1184 118 19 Ekonomie-
775 1184 37 18 och
821 1184 125 24 Bevillnings-

205 1209 100 20 Utskottet
319 1209 62 20 blifvit
395 1210 105 25 förordadt,
516 1210 95 25 päräknat
625 1212 28 17 ett
667 1210 66 25 anslag
743 1210 21 19 af
772 1210 108 24 1,800,000
891 1210 56 19 mark

205 1235 43 19 från
257 1235 111 19 inkomsten
378 1236 20 18 af
406 1236 316 24 bränvinstillverkningsafgiften.
752 1236 71 18 Säsom
837 1236 69 25 bidrag
918 1236 30 18 för

205 1266 76 14 samma
295 1260 98 25 ändamål,
409 1266 46 14 men
469 1261 71 19 framst
553 1261 26 19 till
594 1261 111 19 beredande
719 1262 21 18 af
752 1261 34 19 det
803 1262 67 24 nödiga
888 1261 59 25 ärliga

204 1287 88 46 9
301 1287 29 19 för
342 1287 193 19 folkskoleväsendet
548 1287 6 19 i
568 1288 66 18 landet
648 1286 29 20 får
687 1287 100 20 Utsköttet
801 1287 147 19 vördsammast

211 1319 64 14 föreslå

306 1346 129 26 upptagandet
455 1346 23 27 af
495 1353 22 13 en
537 1346 106 26 bevillning,
658 1346 73 20 hvilken
745 1349 72 17 ansetts
831 1347 73 20 komma
919 1350 28 17 att

306 1374 87 26 inbringa
407 1382 23 12 en
444 1375 65 26 miljon
523 1376 60 19 mark.

259 1408 158 21 Vidkommande
434 1408 110 27 grunderna
562 1410 30 19 för
608 1409 63 20 denna
688 1409 113 26 bevillning,
820 1409 79 20 hvilken
913 1410 34 19 Ut-

206 1435 75 20 skottet
295 1435 83 20 föreslår
392 1436 25 20 till
433 1436 105 25 utgörande
553 1436 62 20 under
628 1436 48 20 åren
694 1436 57 25 1865,
768 1437 52 20 1866
834 1437 37 20 och
886 1437 59 24 1867,
