1006 1686
187 145 44 19 1050
401 146 71 22 Nädiga
483 147 141 22 Propositionen
636 145 37 18 N:o
685 145 29 18 32.

289 197 46 24 ning
349 195 13 20 &
376 195 43 20 dess
433 196 33 19 hos
481 196 71 19 utrikes
567 195 67 19 ombud
645 194 75 26 ägande
740 195 92 24 ostridiga
845 193 88 27 fordrin-

289 230 37 19 gar
340 224 39 19 icke
388 223 38 26 får
441 224 102 25 öfverstiga
558 223 56 19 deras
628 223 55 19 enkla
698 223 70 25 belopp.

244 251 99 20 Utskottet
357 252 60 25 hyser
431 251 58 20 likväl
504 251 45 20 icke
562 251 38 19 den
614 251 138 24 föreställning,
766 252 28 18 att
803 249 128 20 nästnämnde

189 277 98 25 åtgärder,
303 278 61 19 allena
379 278 29 18 för
422 277 36 25 sig,
474 283 48 13 vore
536 277 94 25 tillfyllest
644 277 29 19 för
687 279 29 17 ett
725 279 56 17 snart
790 275 141 21 återställande

190 304 20 18 af
223 304 37 20 den
275 304 5 19 i
294 304 44 20 hela
352 303 66 20 landet
432 304 137 25 efterlängtade
583 303 195 25 silfverutvexlingen
793 302 42 20 från
845 302 85 20 Banken.

191 330 38 19 Det
243 329 93 21 framstår
349 330 58 24 klart,
422 332 34 22 att,
473 330 24 20 då
514 329 79 21 Finland
610 336 27 13 nu
654 331 22 17 är
692 329 105 20 utblottadt
813 328 25 26 på
856 329 75 24 silfver,

191 356 62 20 skulle
267 356 76 20 landets
357 357 60 20 första
431 358 39 18 och
483 358 100 18 närmaste
596 356 61 20 behof
669 356 56 20 deraf
738 357 5 18 i
757 356 75 26 ganska
847 356 86 26 betydlig

191 382 45 20 mån
251 383 107 19 förminska
367 383 88 19 Bankens
465 383 83 19 redbara
557 382 64 20 valuta
631 385 57 22 samt,
699 388 71 20 genom
780 382 153 20 sedelstockens

191 410 26 20 till
234 409 140 20 motsvarande
391 409 81 20 dubbelt
489 410 71 24 belopp
580 408 88 21 skeende
684 409 121 25 indragning,
823 408 110 27 nedtrycka

191 436 34 20 det
239 435 103 20 inhemska
356 436 166 24 rörelsekapitalet
535 436 26 19 till
575 437 83 23 yttersta
668 434 76 26 möjliga
754 435 55 25 grad.
839 435 96 25 Ostridigt

191 464 22 18 är
227 461 85 25 således,
328 464 28 17 att
369 461 91 21 Finlands
474 462 59 25 Bank,
550 462 56 19 innan
620 461 39 20 den
674 461 42 19 åter
730 460 38 20 kan
782 460 55 26 börja
852 462 29 19 sin
894 462 41 19 silf-

191 488 145 25 verutvexling,
352 488 95 20 behöfver
460 491 29 17 ett
503 489 64 19 större
581 488 72 26 belopp
667 488 20 18 af
699 487 98 20 metallisk
818 488 73 25 valuta,
911 489 24 18 än

191 514 36 20 der
241 515 30 18 för
285 514 123 20 närvarande
428 514 69 20 finnes.
527 515 28 19 En
573 514 85 25 naturlig
674 516 60 23 utväg
752 516 27 17 att
795 514 140 20 tillfredsställa

191 540 54 20 detta
259 541 61 19 behof
333 541 36 19 har
382 542 51 24 legat
447 546 37 20 nog
498 542 46 18 nära
559 540 117 25 förhanden,
692 540 52 20 helst
757 540 116 20 densamma
890 540 45 20 icke

192 567 119 25 längesedan
333 567 64 20 blifvit
419 567 42 19 från
486 567 68 25 högsta
578 570 30 16 ort
627 567 83 19 anvisad
730 567 38 19 och
792 567 141 20 föreskrifven.

193 593 62 19 Hans
269 592 134 27 Kejserliga
416 592 110 26 Majestät
539 594 36 19 har
589 593 96 26 nemligen
699 593 5 19 i
718 593 65 20 nådigt
796 594 91 19 Manifest
895 594 40 19 den

193 619 32 25 !/,,
240 620 111 19 December
366 620 52 20 1862
433 621 133 18 sanktionerat
574 623 28 17 ett
611 619 12 20 å
636 620 75 19 utrikes
724 623 30 16 ort
759 604 32 44 för
801 620 64 20 finska
875 623 61 17 stats-

192 646 81 20 verkets
287 646 82 27 räkning
383 647 166 26 uppnegocieradt
562 646 38 26 lån,
617 646 103 27 åsyftande
734 645 18 26 ej
767 646 48 21 blott
825 649 28 17 att
861 647 74 20 konso-

192 673 60 19 lidera
267 674 132 19 statsverkets
414 673 108 20 sväfvande
536 673 57 20 skuld
608 679 72 19 genom
693 673 75 20 inlösen
785 674 21 19 af
818 673 47 20 dess
882 673 53 20 inom

192 699 78 20 Finland
287 699 82 25 utgifna,
387 700 123 25 uppsägbara
528 700 136 25 obligationer.
683 703 46 16 utan
748 700 37 19 ock
801 703 29 16 att
846 700 88 20 anskaffa

192 725 107 20 metalliskt
316 729 57 23 mynt
386 726 25 20 till
427 726 99 20 ordnande
543 727 21 19 af
578 726 244 25 penninge-cirkulationen
840 726 5 19 i
862 727 71 19 landet.

193 752 43 19 Den
251 752 52 19 förra
317 752 20 20 af
349 753 59 19 dessa
425 753 115 19 föreskrifna
558 752 92 25 åtgärder
666 752 36 19 har
718 752 63 21 delvis
797 753 60 20 redan
875 752 42 26 gått
930 753 5 19 i

192 778 115 25 fullbordan,
323 779 38 19 och
375 777 81 21 sålunda
470 781 21 17 är
505 779 36 20 den
556 779 30 19 för
601 778 90 21 Bankens
706 779 160 20 sedel-emission
880 785 55 13 men-

192 804 38 25 liga
245 803 154 28 påtryckningen
413 805 21 19 af
446 805 24 19 de
485 806 4 18 i
504 806 88 19 Bankens
608 811 66 19 namn,
688 806 64 19 ehuru
764 805 29 20 för
802 805 133 20 statsverkets

192 831 84 24 räkning
293 831 109 24 utfärdade,
425 832 141 19 räntebärande
587 831 158 25 obligationerna,
767 832 76 19 hvilkas
863 832 73 25 belopp

192 862 24 14 en
230 857 81 19 kolumn
325 858 6 18 i
345 858 39 19 tab.
400 858 17 19 V
431 858 81 25 utvisar,
528 858 6 19 i
548 858 34 20 det
596 859 100 18 närmaste
710 857 115 25 undanröjd;
841 864 46 13 men
901 858 34 20 det

192 883 84 21 sednare
291 884 37 19 och
343 884 38 19 lika
398 883 71 26 vigtiga
486 884 96 26 påbudet,
603 889 33 14 om
652 883 127 21 anskaffande
793 885 20 19 af
829 884 106 21 metalliskt

192 912 56 24 mynt
261 910 27 20 till
303 910 100 20 ordnande
416 910 21 19 af
449 910 245 26 penninge-cirkulationen
708 910 5 20 i
728 911 69 23 landet,
813 912 42 24 har,
867 910 68 21 såsom

193 942 24 14 en
231 936 42 20 från
287 936 106 26 Kejserliga
408 937 95 19 Senatens
517 936 198 26 Finans-Expedition
732 938 37 19 den
788 938 10 19 1
816 938 120 24 September

193 963 50 19 1863
258 963 84 25 algifven
357 963 106 19 berättelse
477 969 33 13 om
523 962 91 27 åtgärder
631 963 29 19 för
676 963 34 19 det
726 963 63 20 finska
806 965 131 25 myntväsen-

193 988 44 20 dets
252 989 97 25 reglering
362 990 90 18 närmare
465 989 87 26 utreder,
568 990 6 18 i
588 988 47 26 följd
648 989 21 19 af
687 990 50 20 1862
755 989 34 21 års
805 990 99 20 missvext
917 989 18 27 ej

192 1015 83 19 kommit
289 1016 27 19 till
331 1015 155 25 verkställighet.

245 1042 39 19 Om
301 1047 26 13 nu
347 1042 21 18 af
382 1042 128 19 nästnämnde
527 1041 83 20 statslän
628 1040 58 26 något
703 1041 148 26 hufvudsakligt
867 1041 69 27 bidrag

192 1067 26 20 till
233 1067 137 20 förstärkande
383 1067 19 19 af
415 1068 89 19 Bankens
520 1068 110 19 metalliska
647 1067 101 26 tillgångar
761 1068 17 24 ej
797 1068 61 19 heller
875 1068 60 20 fram-

191 1094 56 20 deles
261 1099 49 13 vore
324 1096 29 16 att
366 1092 93 26 påräkna,
476 1100 60 19 synes
550 1094 28 18 för
594 1094 205 25 silfverutvexlingens
815 1094 120 26 befrämjan-

191 1120 26 19 de
231 1119 64 25 någon
310 1125 61 13 annan
386 1122 59 23 utväg
462 1120 43 19 icke
521 1119 84 25 återstå,
624 1120 24 19 än
665 1120 113 25 ytterligare
795 1119 104 27 upplåning
916 1120 21 20 af

191 1145 76 20 utrikes
282 1145 73 24 valuta,
371 1146 44 19 med
430 1146 91 25 betingad
535 1147 37 18 och
583 1146 29 18 för
621 1145 78 20 Banken
709 1146 78 25 lämplig
796 1147 141 26 amorterings-

192 1172 35 19 tid.
256 1173 34 18 Ett
304 1171 70 20 sådant
387 1171 31 20 lån
433 1178 59 19 egnar
506 1173 30 24 sig
550 1172 52 19 dock
617 1171 18 26 ej
650 1175 28 16 att
687 1173 121 19 omedelbart
817 1173 20 18 af
844 1171 91 21 Finlands

192 1199 53 18 Bank
259 1200 104 23 upptagas,
379 1199 82 19 emedan
475 1199 38 19 den
527 1198 69 24 kredit,
612 1204 45 14 som
671 1199 78 19 Banken
763 1199 30 19 för
806 1198 129 21 bedrifvande

191 1225 20 18 af
224 1225 29 18 sin
268 1225 75 18 utrikes
361 1225 133 18 vexelrörelse
511 1225 126 24 ovilkorligen
655 1225 106 24 behöfver,
781 1224 67 19 kunde
864 1231 71 19 genom

192 1249 52 20 lånet
258 1249 141 30 undergräfvas
413 1251 46 19 eller
470 1249 90 26 möjligen
571 1250 79 19 alldeles
660 1251 97 24 upphöra.
786 1250 38 19 Det
834 1256 49 14 vore
893 1251 43 19 allt-

192 1275 22 20 så
229 1275 124 26 nödvändigt,
369 1279 28 16 att
411 1276 51 20 lånet
471 1277 62 19 skulle
544 1277 114 24 negocieras
668 1277 29 18 för
707 1276 133 20 statsverkets
852 1277 82 25 räkning

192 1303 39 18 och
245 1301 64 20 under
322 1303 120 19 Ständernes
456 1302 80 26 garanti,
552 1305 51 17 samt
616 1305 28 16 att
658 1303 77 19 Banken.
748 1303 87 20 derefter
845 1303 53 26 finge
908 1303 25 26 på

191 1329 122 25 lämpligaste
327 1330 40 19 sätt
379 1329 80 26 indraga
473 1329 33 20 det
520 1329 27 20 till
561 1329 125 20 densammas
695 1329 116 26 disposition
822 1330 67 20 ställda
900 1331 35 18 be-

191 1356 73 25 loppet,
280 1358 55 17 emot
349 1355 117 21 förbindelse
480 1359 28 16 att
521 1356 29 19 för
567 1356 147 19 annuiteternas
731 1355 94 27 gäldande
842 1362 91 14 ansvara.

244 1381 56 26 Uppå
314 1382 59 20 dessa
387 1382 42 20 skäl
443 1382 62 19 finner
519 1383 101 19 Utskottet
634 1383 29 25 sig
677 1383 48 19 böra
739 1383 146 20 vördsammast
898 1383 38 20 till-

191 1409 78 25 styrka,

210 1414 13 21 '
291 1438 29 17 att
335 1436 73 19 landets
424 1435 82 20 Ständer
521 1436 56 20 måtte
586 1436 93 26 förklara
695 1436 118 26 Regeringen
826 1436 109 26 berättigad
