1003 1689
301 135 70 22 Nådiga
383 136 138 22 Propositionen
535 136 36 17 N:o
583 137 28 16 38.
777 135 45 18 1259

224 185 23 20 de
265 185 56 20 bästa
337 187 104 24 garantier,
457 189 50 16 samt
521 186 87 27 uppfylla
622 186 23 19 de
659 185 58 19 vilkor
731 185 17 27 $
763 186 13 18 6
789 187 29 23 fö-

224 214 107 25 reskrifver.

108 265 4 3 —
134 241 36 18 Det
188 241 54 19 torde
260 241 30 19 väl
307 240 19 20 få
340 243 81 23 antagas
435 243 28 16 att
476 241 100 26 Styrelsen
591 241 27 19 till
632 247 24 13 en
670 240 68 24 början
753 240 17 25 ej
785 241 33 18 be-

79 266 57 24 viljar
157 266 82 20 tillstånd
262 267 25 20 till
307 267 120 25 anläggande
443 267 22 19 af
480 267 113 20 brännerier
606 267 26 18 till
647 269 28 16 ett
689 267 129 24 obegränsadt

79 293 213 24 tillverkningsbelopp.
321 293 67 19 Skulle
402 293 33 19 Jet
449 293 62 19 sedan
525 293 75 19 inträffa
615 295 28 16 att
658 292 49 19 brist
721 292 24 25 pä
756 293 61 18 denna

79 323 46 14 vara
142 318 58 25 gäfve
217 319 100 24 anledning
334 319 26 18 till
377 318 47 20 dess
441 318 75 25 olofliga
531 318 122 25 tillverkning
668 318 47 20 eller
728 318 88 25 införsel,

78 343 22 20 sä
115 344 42 19 står
170 345 33 18 Jet
217 345 103 25 Styrelsen
334 345 57 24 öppet
406 347 27 17 att
450 345 2 18 i
467 345 44 19 män
525 345 20 19 af
555 345 95 20 behofvet
660 345 63 18 lemna
733 343 84 21 tillstånd

79 370 25 19 till
119 376 37 21 nya
171 370 222 27 fabriksanläggningar.

131 403 33 19 Att
181 403 108 19 bestämma
305 403 40 19 fem
359 403 47 19 eller
421 402 66 20 säsom
503 403 100 19 Utskottet
617 402 82 20 föreslär
713 403 26 19 tio
754 402 23 20 är
789 403 29 19 för

78 428 63 20 denna
160 428 123 26 författnings
303 429 96 30 giltighet,
422 434 58 14 anser
495 428 32 27 jag
544 429 45 19 icke
602 429 81 19 allenast
696 428 123 26 öfverflöligt

78 458 47 16 utan
142 455 57 19 äfven
217 454 79 26 vädligt.
325 456 28 18 Då
371 456 74 18 enhvar
459 456 34 18 bör
508 458 67 24 trygga
591 456 29 24 sig
634 455 33 19 vid
681 455 37 19 Jen
733 455 86 26 öfverty-

77 482 56 25 gelse
149 484 29 16 att
196 480 53 21 säväl
265 481 96 25 Regering
375 487 43 14 som
432 482 84 19 Ständer
531 482 54 19 skola
600 486 46 14 vara
660 482 93 19 betänkte
768 481 50 26 uppä

78 510 29 17 att
121 508 59 19 ordna
196 507 64 20 denna
274 508 38 19 och
327 508 59 19 andra
400 510 75 16 statens
490 508 162 26 angelägenheter
666 507 23 25 pä
705 510 27 16 ett
747 508 72 18 förnuf-

78 534 35 26 tigt
128 533 161 20 statsändamälet
302 532 108 26 främjande
424 535 48 22 sätt,
489 534 21 19 sä
521 535 36 18 har
565 534 37 18 Jen
614 534 73 24 redlige
696 533 122 19 fabrikanten

79 560 80 19 hvilken
181 562 144 23 samvetsgrant
345 560 98 25 uppfyller
461 560 39 18 sina
519 560 129 20 förbindelser
662 560 35 19 och
713 559 16 25 ej
745 560 73 19 förledd

79 586 20 20 af
112 588 104 23 egennyttä
231 586 120 19 motarbetar
364 586 33 19 det
409 586 44 18 med
463 586 159 25 författningarne
633 586 5 18 i
648 586 63 19 denna
721 585 35 20 sak
767 585 53 26 äsyf-

79 612 46 20 tade
144 611 120 25 ändamålet,
287 611 17 25 ej
325 612 61 19 behof
404 612 21 19 af
439 612 38 19 den
495 612 109 24 föreslagne
619 612 199 19 tidsbestämmelsen.

79 639 43 19 Men
136 644 24 14 en
175 637 60 20 sådan
251 638 180 20 tidsbestämmelse
445 638 37 19 kan
493 638 87 20 medföra
591 640 53 17 stora
654 638 125 24 olägenheter
789 643 32 13 om

79 668 14 16 t.
116 670 31 14 ex.
166 664 144 26 närgränsande
327 667 73 17 staters
417 664 116 26 lagstiftning
547 664 68 26 gjorde
628 664 133 25 förändringar
775 664 46 19 nöd-

82 685 90 34 vändiga.
627 688 5 6 N

146 718 15 27 $
176 718 19 20 6.
224 718 68 20 Anbud
311 718 67 21 tillätes
396 718 66 20 endast
477 720 23 25 af
506 719 54 26 finsk
574 718 102 20 undersäte
689 718 74 20 hvilken
779 725 43 19 eger

221 747 39 26 god
269 747 55 26 frejd
339 748 32 19 och
382 747 71 25 jemväl
467 749 6 17 i
488 748 96 19 allmänna
599 748 91 25 lefvernet
703 747 119 25 redbarligen

224 777 30 23 sig
263 775 94 26 förhällit.
387 775 96 25 Härifrån
497 776 117 24 undantages
630 776 55 25 äfven
699 775 23 19 de
737 776 6 18 i
761 774 61 20 denna

224 802 16 28 $
259 803 124 25 uppräknade
399 809 94 19 personer
512 803 63 20 såsom
594 803 112 20 Ledamöter
724 804 7 18 i
749 802 72 21 landets

226 830 83 27 Styrelse
324 834 33 17 etc.
373 834 33 16 etc.

269 865 74 26 Högsta
365 864 61 26 årliga
449 865 138 25 tillverkningen
608 867 8 17 i
634 871 23 13 en
671 864 68 26 fabrik
756 864 34 26 får
807 864 16 25 e

226 894 103 25 öfverstiga
344 892 99 24 100,000
457 894 74 18 kannor
541 893 45 19 eller
600 892 44 20 700
653 892 74 20 kannor
731 893 37 25 för
777 892 45 26 dyg-

225 923 31 17 net
276 922 34 19 och
325 921 36 20 den
377 921 62 24 lägsta
454 922 140 24 tillverkningen
608 922 7 17 i
629 920 69 26 dygnet
713 921 111 18 bestämmes

226 949 26 20 till
271 949 46 20 300
337 949 78 20 kannor.
452 949 34 20 Vill
505 949 56 19 likväl
580 948 104 20 tillverkare
701 948 74 19 minska
792 949 32 18 sitt

225 977 192 26 tillverkningsbelopp
431 978 60 19 under
505 977 35 19 den
553 977 90 19 anmälda
661 975 163 26 bränningstiden,

226 1005 41 20 står
287 1005 70 20 sådant
375 1005 67 20 honom
455 1007 55 24 fritt,
531 1011 28 14 om
579 1005 38 19 han
632 1004 36 26 för
682 1005 32 19 det
727 1003 97 20 minskade

226 1033 210 26 tillverkningsbeloppet
455 1033 102 20 vidkännes
576 1033 137 19 kontrollörens
737 1032 87 25 aflöning.

146 1067 32 28 SS
194 1069 18 22 7,
227 1067 33 24 13,
275 1067 32 24 14,
321 1067 33 23 16,
370 1067 34 20 och
418 1067 24 20 17
457 1067 46 20 böra
518 1067 95 20 betraktas
623 1073 40 13 som
674 1066 79 25 detaljer
763 1065 62 20 hvilka

227 1097 27 19 uti
268 1096 173 25 ordningsstadgan
455 1096 64 19 kunna
533 1095 52 26 ingå.

136 1131 10 24 $
160 1131 32 18 20.
222 1130 29 19 De
267 1133 30 15 tre
315 1129 59 19 första
389 1129 82 19 raderna
485 1129 27 18 uti
527 1129 62 19 denna
603 1129 9 23 $
627 1128 64 19 kunna
706 1127 57 26 utgå,
780 1127 46 20 eller

84 1157 94 19 hänvisas
200 1156 25 19 till
247 1156 10 24 $
277 1156 18 19 5.
325 1155 58 19 Emot
397 1155 152 24 stadgandena
543 1149 12 35 i
568 1155 56 19 2:dra
641 1154 81 25 kapitlet
740 1153 43 20 ville
795 1153 32 25 jag

84 1182 58 20 hafva
160 1182 98 24 anmärkt,
274 1184 29 17 att
317 1181 33 19 det
364 1181 44 19 icke
421 1181 35 19 bör
471 1181 98 19 förmenas
585 1180 101 25 Styrelsen
701 1182 27 17 att
742 1179 85 19 anordna

85 1209 57 19 äfven
163 1214 26 13 en
210 1213 63 14 annan
293 1207 83 20 kontroll
398 1210 25 16 än
437 1207 40 20 den
494 1207 118 24 personliga,
629 1211 31 14 om
675 1212 24 13 en
713 1205 61 20 sådan
789 1205 38 20 kan

84 1235 61 20 blifva
158 1234 44 19 fullt
217 1235 64 18 säker.
311 1233 44 20 Och
370 1234 67 19 vidare
451 1239 58 13 anser
521 1232 33 26 jag
568 1233 147 24 bestämningen
729 1231 99 26 angående

85 1261 145 19 kontrollörens
248 1260 73 25 dagliga
336 1260 80 19 arfvode
432 1259 25 20 till
472 1260 58 25 högst
545 1259 11 19 5
570 1259 50 19 Rub.
636 1259 71 19 Silfver
722 1259 44 18 icke
782 1263 47 14 vara

87 1287 30 20 väl
134 1286 88 19 betänkt.
253 1287 65 18 Denna
333 1285 106 25 befattning
453 1285 64 20 måste
531 1285 63 19 kunna
608 1284 72 19 aflönas
687 1284 21 19 så
727 1286 28 17 att
763 1283 65 20 dertill

87 1316 29 15 ett
136 1316 52 15 stort
208 1313 54 18 antal
279 1313 20 17 af
312 1317 94 19 personer
420 1311 36 18 kan
471 1311 29 18 stå
515 1311 101 24 Styrelsen
630 1311 26 18 till
671 1311 58 18 buds.
758 1310 71 18 Befatt-

88 1339 71 24 ningen
176 1337 29 19 får
223 1337 16 24 ej
257 1337 101 20 nedsättas
374 1342 71 19 genom
460 1342 23 13 en
498 1336 57 25 njugg
569 1335 80 25 aflöning
665 1336 37 18 och
716 1335 114 27 derigenom

90 1365 80 24 bringas
184 1363 5 19 i
205 1363 120 20 misskredit.
353 1363 36 24 Jag
403 1365 40 16 tror
455 1362 33 19 det
499 1367 45 14 vara
555 1361 37 26 god
602 1361 88 19 ekonomi
701 1363 28 16 att
738 1360 92 24 tillstädja

93 1397 24 13 en
131 1389 81 27 aflöning
226 1389 19 20 af
258 1389 27 19 till
298 1389 37 19 och
344 1389 44 18 med
400 1389 25 18 tio
434 1389 50 19 Rub.
495 1389 5 18 i
510 1388 73 25 dygnet
592 1387 32 20 vid
636 1388 61 19 större
707 1387 122 20 brännerier.

146 1416 16 27 $
176 1417 32 19 46.
239 1417 84 24 tillägges
337 1415 31 20 vid
382 1415 58 19 raden
455 1415 22 19 7:
506 1414 26 25 Ej
541 1421 43 18 eger
593 1414 107 20 kommunen
711 1414 45 19 eller
765 1413 67 20 socken
