1014 1689
183 143 39 32 IM
400 145 72 22 Nädiga
483 145 142 22 Propostitionen
637 143 37 17 N:o
686 145 28 16 30.

186 181 95 28 —
322 181 11 28 Z
190 193 743 10 nn

218 220 28 19 vit
259 219 124 20 förbehållet.
416 220 58 18 Innan
491 218 82 20 sålunda
590 217 100 20 karteradt
707 218 51 19 salu-

218 247 45 20 bref
275 247 47 19 eller
337 245 179 30 protokollsutdrag
529 243 105 27 uppvises,
650 243 30 20 får
689 243 69 26 lagfart

219 273 10 20 å
243 273 39 20 fast
296 273 57 24 gods,
368 277 45 14 som
426 271 122 20 auktionsvis
563 271 63 20 blifvit
640 271 29 18 för
671 258 57 37 såldt,
740 269 17 26 ej

219 298 89 26 beviljas.

192 326 119 24 Lottbref,
327 331 25 13 se
366 324 122 20 aktiebref.

192 337 231 45 Morgongåfvobref,
441 350 25 21 då
482 350 43 20 viss
540 355 78 15 summa
633 350 5 19 i
653 349 107 26 penningar

219 378 63 20 deruti
296 379 92 22 utfästes,
401 378 90 19 karteras
500 377 39 19 lika
548 377 46 19 med
604 377 98 24 kontrakt,
714 381 46 14 men

220 404 6 19 i
240 407 60 17 annat
314 405 30 18 fall
359 404 30 19 för
403 403 145 26 ståndsperson
564 402 53 20 med.
648 417 4 4 .
684 418 3 3 .
719 418 3 3 .
754 418 4 3 .|
800 402 25 19 10
879 411 25 4 —

221 431 37 20 och
275 430 29 20 för
320 431 83 24 allmoge
415 430 62 20 med.
508 445 4 4 .
719 444 39 4 "NE
814 428 11 19 5
879 438 25 4 —

192 457 130 20 Pantebref
335 445 90 31 karteras
439 456 39 20 lika
492 456 45 20 med
544 440 128 46 ”köpebret.

193 484 73 19 Polis-
279 484 39 18 och
334 483 216 25 premie-gvittans,
566 487 24 14 se
604 482 157 25 försäkrings-

222 510 59 19 bref.

193 535 101 26 Revers,
311 541 23 14 se
348 534 163 26 förskrifning.

193 551 115 41 Räkning,
327 568 44 13 som
388 562 30 18 för
434 550 84 31 domstol
538 561 47 20 eller
605 561 37 19 hos
664 560 96 20 exekutor

220 589 102 25 uppvises,
339 588 63 19 förses
417 588 45 20 med
477 587 105 26 stämpladt
594 592 75 20 papper
682 587 26 19 till
723 587 37 19 lika

221 614 77 26 belopp,
315 620 45 14 som
373 614 165 26 förskrifning.

194 640 151 26 Skuldsedel,
361 646 22 14 se
397 640 161 26 förskrifning.

193 667 148 20 Testamente
359 666 32 20 må
409 667 86 19 skrifvas
512 666 10 20 å
540 666 117 26 ostämpladt
677 672 81 20 papper,

220 699 46 14 men
281 694 55 24 skall,
353 693 45 20 med
413 693 97 25 undantag
524 693 20 19 af
556 692 25 20 de
591 692 6 19 i
607 693 25 19 16
643 692 9 26 $
662 693 25 19 20
698 698 61 14 mom.

221 720 130 20 omförmälda
365 720 39 24 fall,
419 719 25 20 då
458 720 34 19 det
506 719 27 20 till
543 719 111 25 bevakning
664 719 33 20 vid
706 720 56 19 dom-

221 747 37 19 stol
272 746 81 25 företes,
369 746 89 19 karteras
473 745 91 20 sålunda:

194 771 24 27 a)
235 772 10 20 &
263 772 95 26 egendom
375 772 47 20 med
438 772 34 19 full
490 772 113 26 eganderätt
619 772 39 19 och
674 771 24 20 då
720 772 41 20 viss

221 804 79 14 summa
314 798 6 20 i
333 799 107 25 penningar
454 800 21 18 är
489 801 68 22 utsatt,
573 798 90 19 karteras
677 798 84 20 likasom

220 825 180 23 kontrakt;
359 820 42 33 men
417 827 22 17 är
456 824 17 25 ej
492 824 42 20 viss
550 830 78 14 summa
648 825 46 19 eller
712 825 50 19 visst

221 852 62 19 värde
298 854 72 22 utsatt,
392 851 122 19 bestämmes
536 850 109 26 stämplade
666 854 95 22 papprets

219 878 72 25 belopp
309 878 51 19 efter
376 878 53 19 hvad
446 878 103 25 domaren,
567 877 47 19 med
634 877 95 20 afseende
750 877 10 20 å

220 904 39 20 den
273 904 167 20 testamenterade
454 904 132 26 egendomens
601 903 68 24 värde,
680 904 81 26 pröfvar

221 930 76 26 skäligt,
312 930 51 20 ifrån
378 931 11 18 5
404 930 26 20 till
446 931 36 19 och
497 931 45 19 med
557 931 38 19 300
610 930 62 19 mark.

194 956 22 26 0)
233 956 10 20 å
261 956 96 26 egendom
373 957 63 19 under
453 957 69 20 endast
538 956 114 27 nyttjorätt,
668 957 92 26 belägges

220 983 94 20 likaledes
332 984 49 18 efter
398 983 104 20 domarens
520 984 88 25 pröfning
626 983 45 19 med
686 986 74 23 stämp-

220 1009 40 20 ladt
273 1014 75 20 papper
362 1009 49 20 ifrån
426 1010 11 19 2
452 1010 26 19 till
494 1010 38 19 100
548 1010 63 23 mark,.
628 1012 46 16 utan
684 1010 77 20 afseen-

221 1035 24 20 de
259 1035 95 20 derä'om
371 1036 52 19 visst
440 1036 60 19 värde
517 1036 5 19 i
554 1036 91 25 penningar
661 1037 22 18 är
700 1039 61 17 utsatt

220 1062 47 19 eller
281 1061 51 20 icke.
362 1062 54 19 Dock
431 1062 89 19 karteras
551 1062 212 20 fideikommissbref

220 1088 59 24 enligt
293 1087 163 26 nästföregäende
470 1088 64 25 punkt
545 1096 19 12 a.

193 1114 127 30 Transport
335 1114 46 19 eller
398 1114 220 20 öfverlätelsebref:

194 1140 33 19 1:0
241 1139 11 31 å
266 1140 157 25 Kronorusthäll,
439 1140 38 20 lika
492 1140 46 20 med
552 1140 120 26 köpebref.

193 1166 34 19 2:0
241 1165 11 20 &
269 1156 161 30 Kronohemman
447 1168 37 18 och
505 1167 60 19 andra
584 1167 176 25 kronolägenheter

220 1192 21 19 af
253 1192 52 19 hvad
320 1198 58 13 namn
392 1192 25 20 de
431 1198 47 14 vara
492 1192 42 26 mä,
552 1193 91 19 karteras
661 1194 50 18 efter
724 1194 37 19 till-

219 1218 103 20 trälarens
336 1218 66 20 stånd:

219 1244 30 18 för
263 1243 143 20 ständsperson
420 1245 55 19 med.
506 1260 4 4 .
542 1260 4 4 .
576 1260 4 4 <
612 1260 4 4 so
648 1260 4 4 so
683 1260 3 4 so
718 1261 40 3 oc
814 1246 11 18 2
880 1255 26 4 -—

220 1270 37 18 och
272 1270 29 18 för
315 1270 159 24 allmogen
431 1266 57 34 med.
506 1286 4 3 .
541 1286 4 3 so
576 1286 4 3 so
612 1286 4 4 so
648 1286 4 4 so
683 1286 3 4 so
718 1286 39 4 cos
814 1272 10 19 1
880 1281 26 4 —

193 1295 72 20 Vexel
279 1295 38 20 lika
331 1296 46 19 med
391 1296 161 26 förskrifning.

192 1314 240 42 Äktenskapeförord,
448 1322 24 21 dä
487 1323 42 20 viss
543 1328 79 15 summa
636 1323 5 19 i
652 1323 107 26 penningar

218 1349 22 18 är
253 1348 99 26 bestämd,
368 1339 88 29 karteras
469 1350 38 19 lika
521 1349 45 20 med
579 1346 118 34 kontrakt,
712 1356 46 30 men

218 1374 6 19 i
238 1378 57 16 annat
310 1373 31 21 fall
349 1365 92 30 'skrifves
455 1376 119 20 detsamma:

218 1401 29 19 för
261 1400 145 26 ståndsperson
430 1402 2 20 ä
468 1418 3 4 .
503 1418 3 4 .
538 1418 4 4 so
574 1418 3 4 so
610 1418 3 4 so
646 1418 3 4 co
681 1419 3 3 vo
717 1420 3 2 .
756 1419 1 3 |
801 1404 24 19 10
879 1415 26 3 —

217 1428 37 18 och
269 1428 29 19 för
312 1428 88 25 allmoge.
433 1444 3 3 i
469 1445 3 3 <
504 1445 3 3 0
539 1445 181 4 se
752 1436 8 13 e
814 1431 11 19 5
879 1441 26 4 —
