1003 1689
289 132 71 23 Nådiga
371 134 140 21 Propositionen
523 133 36 18 N:o
571 134 28 17 38.
773 133 42 18 1263

72 187 34 14 oss
123 182 115 23 förefinnas,
258 182 43 19 icke
318 182 71 19 kunna.
401 182 98 25 uppbjuda
517 183 101 25 tillräcklig
636 183 118 19 vaksamhet
768 183 47 19 eller

71 209 52 18 kraft
143 209 30 19 för
194 211 27 17 att
241 208 121 19 förekomma
383 209 137 25 lönkrögeriet,
540 209 78 19 hvilket
634 209 88 25 skyddas
740 209 20 18 af
773 209 41 19 sina

71 235 88 19 kunders
173 235 121 24 förtegenhet
306 234 73 25 jemväl
395 235 61 19 under
471 235 123 19 vittneseden
609 237 51 17 samt
674 234 94 19 framstår
783 235 32 18 så-

72 266 43 13 som
131 263 27 17 elt
172 261 207 24 förargelseväckande
390 261 37 18 och
437 261 181 19 demoraliserande
628 263 50 16 trots
688 263 53 17 emot
751 261 61 24 lagen.

72 286 65 19 Under
158 287 73 18 sådana
252 286 131 19 förhällanden
399 288 22 17 är
437 287 34 18 det
488 289 45 16 utan
551 287 71 18 tvifvel
637 289 27 16 ett
678 287 76 18 mindre
769 287 46 18 ondt

72 315 27 16 att
114 312 58 19 tillåta
186 312 149 25 privilegierade
349 312 219 25 utskänkningsställen,
585 313 81 19 hvarest
682 313 81 24 ordning
778 312 36 19 kan

71 339 21 19 af
105 338 76 25 polisen
196 338 141 25 upprätthällas
352 339 37 18 och
404 338 65 20 hvilka
484 338 20 19 af
516 341 45 22 eget
573 339 84 19 intresse
667 338 73 19 drifvas
750 341 28 16 att
787 338 29 19 öf-

73 365 88 19 vervaka
176 365 37 19 och
227 364 77 25 angifva
319 365 145 24 lönkrögarene.

124 391 122 19 Beträffande
259 391 138 19 användandet
405 391 21 19 af
436 391 38 19 Jen
484 391 61 20 ökade
555 391 145 25 statsinkomst,
711 396 53 19 som,
776 391 38 19 ifall

72 416 118 20 Sektionens
210 417 73 28 förslag
304 419 87 22 antages,
407 417 64 19 skulle
484 417 74 31 tiltflyta
574 407 126 34 statsverket,
718 418 35 18 har
767 417 48 19 Sek-

71 443 68 19 tionen
152 445 65 17 ansett
231 442 28 26 sig
273 444 47 18 böra
335 431 72 31 föreslå
421 442 83 25 följande
518 442 59 26 årliga
592 433 118 35 fördelning:

733 469 58 17 Mark.

73 492 32 19 1:0
120 491 107 25 ersättning
242 492 26 19 till
283 492 74 18 kronan
367 491 28 19 för
408 492 140 24 eftergifvande
558 492 21 18 af
587 492 103 19 bränvins-

121 514 91 32 arrende-;
215 510 78 33 afgiften
332 532 39 4 See,
615 533 4 3 <
650 534 39 3 <.
719 518 86 24 660,000

71 544 34 19 2:0
120 544 25 20 till
160 533 133 30 förbättrande
307 544 20 18 af
340 532 75 31 landets
428 533 172 36 fängelseväsende
615 560 3 2 .
650 560 3 3 <
685 560 3 3 +
719 544 86 25 464,000

73 570 32 20 3:0
120 570 33 20 det
169 570 75 20 härtills
261 570 50 19 ifrån
328 563 143 27 bankovinsten
486 570 25 20 till
526 570 121 20 statsverket
660 573 30 17 ut-

121 596 75 29 gående
211 597 87 24 anslaget
312 596 29 19 för
355 596 110 20 dårvården
479 602 27 14 m.
522 603 27 13 m.
580 612 3 3 .
650 612 39 4 <.
719 596 87 24 176,000

72 624 33 18 4:0
119 623 88 19 annuitet
221 623 28 19 för
262 622 126 26 upptagande
402 623 20 18 af
435 625 27 17 ett
476 622 31 20 län
520 623 26 19 till
556 611 134 31 kommunika-

121 649 126 26 tionsföretag
261 665 3 3 .
296 664 3 4 .
613 665 3 3 <
648 665 4 3 +
683 649 124 25 .1,800,000

73 676 32 18 5:o
120 676 26 19 till
161 664 100 39 lindrande
276 676 20 18 af
308 662 178 38 hållskjutstungan
497 665 51 30 samt
560 664 101 31 utförande
671 664 19 31 af

121 703 63 18 större
198 702 37 19 och
250 702 145 19 kostsammare
410 702 150 26 brobyggnader
577 717 3 3 .
612 717 4 4 .
648 717 3 4 .
684 702 124 23 .1,200,000

535 744 81 18 Summa
631 742 55 20 mark
696 743 117 24 4,300,000.

126 769 126 19 Sistnämnde
266 769 66 25 anslag
347 774 57 14 anser
421 769 105 19 Sektionen
544 769 47 19 böra
606 769 84 19 fördelas
705 770 71 18 mellan
791 769 24 19 de

73 794 62 20 skilda
153 796 56 19 länen
227 796 49 19 efter
293 801 76 13 samma
386 794 119 21 förhållande
519 801 44 13 som
577 794 68 25 hvarje
660 796 42 18 läns
714 794 45 26 jord
773 795 43 19 blif-

74 822 27 18 vit
115 822 27 18 till
157 823 71 18 mantal
242 821 129 26 uppskattad,
386 822 100 19 hvarefter
498 822 39 19 den
547 821 67 20 vidare
623 822 130 25 fördelningen
764 821 52 19 inom

73 849 52 18 länet
142 848 61 20 borde
221 848 76 25 afgöras
315 849 20 18 af
350 848 120 25 deputerade
488 848 39 19 från
545 847 69 25 hvarje
628 848 75 18 socken
717 848 49 19 inför
780 854 35 18 gu-

73 875 105 19 vernören.
207 874 112 20 Kontrollen
339 875 55 18 öfver
413 874 214 20 fabriksbrännerierna
648 874 35 19 bör
700 874 64 20 kunna
782 874 34 19 be-

73 900 72 20 stridas
160 900 45 20 med
220 901 111 19 inkomsten
345 901 29 18 för
388 900 127 26 rättighetens
529 900 117 26 upplåtande
661 900 11 19 å
687 900 90 20 arrende.

402 1043 44 19 Art.
468 1042 18 20 1.

210 1103 37 22 Om
261 1102 130 23 Husbehofs-
408 1102 40 23 och
466 1102 212 29 Fabriksbränning.

421 1163 9 25 $
446 1165 18 17 1.

128 1205 41 18 Den
186 1205 93 24 rättighet
294 1206 27 17 att
339 1204 89 19 tillverka
446 1205 37 18 och
499 1203 77 25 försälja
593 1204 91 25 bränvin,
700 1210 44 13 som
758 1204 57 25 enligt

75 1230 135 25 förordningen
225 1231 20 19 af
257 1231 38 19 den
311 1231 24 18 15
349 1230 45 19 Juni
409 1231 50 18 1800
474 1231 22 18 är
507 1230 160 25 jordlägenheter
681 1230 10 19 å
706 1231 64 19 landet
781 1231 34 19 till-

75 1257 84 24 erkänd,
178 1256 31 20 mä
227 1257 62 19 under
306 1257 66 24 loppet
389 1257 19 18 af
423 1257 39 18 fem
479 1256 21 20 är
517 1257 50 19 efter
580 1256 33 19 det
627 1257 63 19 denna
704 1257 111 24 förordning

75 1283 76 19 erhällit
167 1283 88 25 gällande
272 1283 59 23 kraft,
351 1282 66 21 säsom
434 1283 75 19 härtills
526 1283 78 25 utöfvas
622 1283 20 19 af
656 1283 45 19 dem
720 1288 43 14 som
780 1284 35 24 äga

75 1310 46 17 eller
138 1309 62 18 bruka
219 1310 92 17 hemman
327 1309 46 18 eller
390 1309 141 18 hemmansdel.
560 1309 17 18 A
594 1309 146 23 ecklesiastika,
759 1309 55 18 civila

75 1335 37 18 och
127 1334 170 19 militie-boställen
312 1337 52 16 samt
377 1339 61 13 annan
453 1334 85 19 kronans
550 1333 54 25 jord,
620 1339 44 14 som
677 1333 17 25 ej
707 1333 45 20 med
763 1333 52 20 stad-

75 1360 36 25 gad
126 1359 77 20 åborätt
215 1360 93 24 hesittes,
325 1365 46 14 vare
385 1360 50 18 dock
449 1359 217 25 bränvinstillverkning
680 1359 110 25 förbjuden.
806 1360 7 19 I

75 1387 136 24 Lappmarken
226 1385 29 21 fär
271 1385 217 27 bränvinstillverkning
506 1385 16 25 ej
538 1387 35 24 äga
588 1391 44 14 rum
646 1386 129 19 annorstädes
789 1387 24 18 än

76 1413 4 18 i
95 1413 134 20 Muonioniska
243 1413 74 19 socken
331 1412 24 25 pä
370 1414 38 18 sätt
422 1412 68 20 derom
506 1412 94 19 härintills
615 1413 50 19 varit
679 1412 98 25 stadgadt.
