<?xml version="1.0" encoding="UTF-8"?>
<alto xmlns="http://www.loc.gov/standards/alto/ns-v3#" xmlns:xlink="http://www.w3.org/1999/xlink" xmlns:xsi="http://www.w3.org/2001/XMLSchema-instance" xsi:schemaLocation="http://www.loc.gov/standards/alto/ns-v3# http://www.loc.gov/alto/v3/alto-3-0.xsd">
	<Description>
		<MeasurementUnit>pixel</MeasurementUnit>
		<sourceImageInformation>
			<fileName>/tmp/tess_75_m22ri_input.PNG</fileName>
		</sourceImageInformation>
		<OCRProcessing ID="OCR_0">
			<ocrProcessingStep>
				<processingSoftware>
					<softwareName>tesseract 5.3.4</softwareName>
				</processingSoftware>
			</ocrProcessingStep>
		</OCRProcessing>
	</Description>
	<Layout>
		<Page WIDTH="1025" HEIGHT="1692" PHYSICAL_IMG_NR="0" ID="page_0">
			<PrintSpace HPOS="0" VPOS="0" WIDTH="1025" HEIGHT="1692">
				<ComposedBlock ID="cblock_0" HPOS="325" VPOS="144" WIDTH="526" HEIGHT="24">
					<TextBlock ID="block_0" HPOS="325" VPOS="144" WIDTH="526" HEIGHT="24">
						<TextLine ID="line_0" HPOS="325" VPOS="144" WIDTH="526" HEIGHT="24">
							<String ID="string_0" HPOS="325" VPOS="144" WIDTH="72" HEIGHT="23" WC="0.91" CONTENT="Nådiga"/><SP WIDTH="12" VPOS="144" HPOS="397"/>
							<String ID="string_1" HPOS="409" VPOS="145" WIDTH="139" HEIGHT="23" WC="0.96" CONTENT="Propositionen"/><SP WIDTH="13" VPOS="145" HPOS="548"/>
							<String ID="string_2" HPOS="561" VPOS="145" WIDTH="36" HEIGHT="17" WC="0.95" CONTENT="N:o"/><SP WIDTH="12" VPOS="145" HPOS="597"/>
							<String ID="string_3" HPOS="609" VPOS="145" WIDTH="28" HEIGHT="18" WC="0.95" CONTENT="27."/><SP WIDTH="179" VPOS="145" HPOS="637"/>
							<String ID="string_4" HPOS="816" VPOS="144" WIDTH="35" HEIGHT="19" WC="0.96" CONTENT="743"/>
						</TextLine>
					</TextBlock>
				</ComposedBlock>
				<ComposedBlock ID="cblock_1" HPOS="108" VPOS="189" WIDTH="746" HEIGHT="1274">
					<TextBlock ID="block_1" HPOS="108" VPOS="189" WIDTH="746" HEIGHT="322">
						<TextLine ID="line_1" HPOS="110" VPOS="189" WIDTH="742" HEIGHT="31">
							<String ID="string_5" HPOS="110" VPOS="195" WIDTH="113" HEIGHT="25" WC="0.87" CONTENT="valtningen"/><SP WIDTH="14" VPOS="195" HPOS="223"/>
							<String ID="string_6" HPOS="237" VPOS="196" WIDTH="21" HEIGHT="19" WC="0.96" CONTENT="af"/><SP WIDTH="12" VPOS="196" HPOS="258"/>
							<String ID="string_7" HPOS="270" VPOS="195" WIDTH="81" HEIGHT="19" WC="0.93" CONTENT="stadens"/><SP WIDTH="14" VPOS="195" HPOS="351"/>
							<String ID="string_8" HPOS="365" VPOS="195" WIDTH="89" HEIGHT="20" WC="0.90" CONTENT="ärender."/><SP WIDTH="30" VPOS="195" HPOS="454"/>
							<String ID="string_9" HPOS="484" VPOS="189" WIDTH="122" HEIGHT="26" WC="0.93" CONTENT="Åtminstone"/><SP WIDTH="14" VPOS="189" HPOS="606"/>
							<String ID="string_10" HPOS="620" VPOS="195" WIDTH="4" HEIGHT="19" WC="0.93" CONTENT="i:"/><SP WIDTH="15" VPOS="195" HPOS="624"/>
							<String ID="string_11" HPOS="639" VPOS="196" WIDTH="25" HEIGHT="19" WC="0.94" CONTENT="de"/><SP WIDTH="14" VPOS="196" HPOS="664"/>
							<String ID="string_12" HPOS="678" VPOS="196" WIDTH="64" HEIGHT="19" WC="0.96" CONTENT="större"/><SP WIDTH="18" VPOS="196" HPOS="742"/>
							<String ID="string_13" HPOS="760" VPOS="195" WIDTH="92" HEIGHT="20" WC="0.95" CONTENT="städerna"/>
						</TextLine>
						<TextLine ID="line_2" HPOS="110" VPOS="222" WIDTH="744" HEIGHT="26">
							<String ID="string_14" HPOS="110" VPOS="222" WIDTH="36" HEIGHT="19" WC="0.93" CONTENT="har"/><SP WIDTH="14" VPOS="222" HPOS="146"/>
							<String ID="string_15" HPOS="160" VPOS="222" WIDTH="234" HEIGHT="19" WC="0.90" CONTENT="kommunalärendernes"/><SP WIDTH="14" VPOS="222" HPOS="394"/>
							<String ID="string_16" HPOS="408" VPOS="222" WIDTH="97" HEIGHT="26" WC="0.93" CONTENT="mångfald"/><SP WIDTH="15" VPOS="222" HPOS="505"/>
							<String ID="string_17" HPOS="520" VPOS="222" WIDTH="163" HEIGHT="25" WC="0.92" CONTENT="nödvändiggjort"/><SP WIDTH="17" VPOS="222" HPOS="683"/>
							<String ID="string_18" HPOS="700" VPOS="222" WIDTH="96" HEIGHT="19" WC="0.93" CONTENT="särskilda"/><SP WIDTH="14" VPOS="222" HPOS="796"/>
							<String ID="string_19" HPOS="810" VPOS="224" WIDTH="44" HEIGHT="24" WC="0.91" CONTENT="sty-"/>
						</TextLine>
						<TextLine ID="line_3" HPOS="110" VPOS="247" WIDTH="744" HEIGHT="30">
							<String ID="string_20" HPOS="110" VPOS="248" WIDTH="62" HEIGHT="19" WC="0.91" CONTENT="relser"/><SP WIDTH="14" VPOS="248" HPOS="172"/>
							<String ID="string_21" HPOS="186" VPOS="248" WIDTH="30" HEIGHT="19" WC="0.96" CONTENT="för"/><SP WIDTH="14" VPOS="248" HPOS="216"/>
							<String ID="string_22" HPOS="230" VPOS="248" WIDTH="50" HEIGHT="19" WC="0.96" CONTENT="olika"/><SP WIDTH="14" VPOS="248" HPOS="280"/>
							<String ID="string_23" HPOS="294" VPOS="247" WIDTH="95" HEIGHT="20" WC="0.96" CONTENT="områden"/><SP WIDTH="15" VPOS="247" HPOS="389"/>
							<String ID="string_24" HPOS="404" VPOS="249" WIDTH="20" HEIGHT="18" WC="0.93" CONTENT="af"/><SP WIDTH="12" VPOS="249" HPOS="424"/>
							<String ID="string_25" HPOS="436" VPOS="248" WIDTH="276" HEIGHT="20" WC="0.90" CONTENT="kommunalverksamheten."/><SP WIDTH="30" VPOS="248" HPOS="712"/>
							<String ID="string_26" HPOS="742" VPOS="248" WIDTH="112" HEIGHT="29" WC="0.86" CONTENT="Byggnads-"/>
						</TextLine>
						<TextLine ID="line_4" HPOS="109" VPOS="273" WIDTH="742" HEIGHT="26">
							<String ID="string_27" HPOS="109" VPOS="274" WIDTH="38" HEIGHT="19" WC="0.93" CONTENT="och"/><SP WIDTH="15" VPOS="274" HPOS="147"/>
							<String ID="string_28" HPOS="162" VPOS="274" WIDTH="165" HEIGHT="24" WC="0.89" CONTENT="brandväsendet,"/><SP WIDTH="17" VPOS="274" HPOS="327"/>
							<String ID="string_29" HPOS="344" VPOS="274" WIDTH="51" HEIGHT="20" WC="0.89" CONTENT="skol-"/><SP WIDTH="14" VPOS="274" HPOS="395"/>
							<String ID="string_30" HPOS="409" VPOS="275" WIDTH="38" HEIGHT="19" WC="0.96" CONTENT="och"/><SP WIDTH="15" VPOS="275" HPOS="447"/>
							<String ID="string_31" HPOS="462" VPOS="273" WIDTH="136" HEIGHT="26" WC="0.92" CONTENT="fattigvården,"/><SP WIDTH="11" VPOS="273" HPOS="598"/>
							<String ID="string_32" HPOS="609" VPOS="274" WIDTH="173" HEIGHT="25" WC="0.90" CONTENT="sundhetspolitin,"/><SP WIDTH="12" VPOS="274" HPOS="782"/>
							<String ID="string_33" HPOS="794" VPOS="280" WIDTH="26" HEIGHT="13" WC="0.90" CONTENT="m."/><SP WIDTH="12" VPOS="280" HPOS="820"/>
							<String ID="string_34" HPOS="832" VPOS="274" WIDTH="19" HEIGHT="19" WC="0.92" CONTENT="fl."/>
						</TextLine>
						<TextLine ID="line_5" HPOS="110" VPOS="300" WIDTH="744" HEIGHT="28">
							<String ID="string_35" HPOS="110" VPOS="300" WIDTH="66" HEIGHT="26" WC="0.93" CONTENT="dylika"/><SP WIDTH="14" VPOS="300" HPOS="176"/>
							<String ID="string_36" HPOS="190" VPOS="300" WIDTH="83" HEIGHT="20" WC="0.91" CONTENT="ärender"/><SP WIDTH="14" VPOS="300" HPOS="273"/>
							<String ID="string_37" HPOS="287" VPOS="302" WIDTH="35" HEIGHT="18" WC="0.96" CONTENT="äro"/><SP WIDTH="9" VPOS="302" HPOS="322"/>
							<String ID="string_38" HPOS="331" VPOS="301" WIDTH="38" HEIGHT="19" WC="0.95" CONTENT="och"/><SP WIDTH="14" VPOS="301" HPOS="369"/>
							<String ID="string_39" HPOS="383" VPOS="301" WIDTH="66" HEIGHT="19" WC="0.96" CONTENT="kunna"/><SP WIDTH="11" VPOS="301" HPOS="449"/>
							<String ID="string_40" HPOS="460" VPOS="306" WIDTH="46" HEIGHT="14" WC="0.96" CONTENT="vara"/><SP WIDTH="15" VPOS="306" HPOS="506"/>
							<String ID="string_41" HPOS="521" VPOS="300" WIDTH="19" HEIGHT="20" WC="0.96" CONTENT="åt"/><SP WIDTH="10" VPOS="300" HPOS="540"/>
							<String ID="string_42" HPOS="550" VPOS="300" WIDTH="97" HEIGHT="20" WC="0.96" CONTENT="särskilda"/><SP WIDTH="14" VPOS="300" HPOS="647"/>
							<String ID="string_43" HPOS="661" VPOS="300" WIDTH="127" HEIGHT="20" WC="0.93" CONTENT="kommunala"/><SP WIDTH="9" VPOS="300" HPOS="788"/>
							<String ID="string_44" HPOS="797" VPOS="305" WIDTH="57" HEIGHT="23" WC="0.91" CONTENT="myn-"/>
						</TextLine>
						<TextLine ID="line_6" HPOS="108" VPOS="326" WIDTH="745" HEIGHT="27">
							<String ID="string_45" HPOS="108" VPOS="327" WIDTH="90" HEIGHT="21" WC="0.96" CONTENT="digheter"/><SP WIDTH="14" VPOS="327" HPOS="198"/>
							<String ID="string_46" HPOS="212" VPOS="327" WIDTH="121" HEIGHT="26" WC="0.96" CONTENT="uppdragna,"/><SP WIDTH="16" VPOS="327" HPOS="333"/>
							<String ID="string_47" HPOS="349" VPOS="328" WIDTH="38" HEIGHT="18" WC="0.97" CONTENT="och"/><SP WIDTH="14" VPOS="328" HPOS="387"/>
							<String ID="string_48" HPOS="401" VPOS="328" WIDTH="36" HEIGHT="19" WC="0.96" CONTENT="bör"/><SP WIDTH="13" VPOS="328" HPOS="437"/>
							<String ID="string_49" HPOS="450" VPOS="327" WIDTH="34" HEIGHT="19" WC="0.96" CONTENT="det"/><SP WIDTH="13" VPOS="327" HPOS="484"/>
							<String ID="string_50" HPOS="497" VPOS="327" WIDTH="18" HEIGHT="19" WC="0.96" CONTENT="få"/><SP WIDTH="14" VPOS="327" HPOS="515"/>
							<String ID="string_51" HPOS="529" VPOS="327" WIDTH="48" HEIGHT="20" WC="0.96" CONTENT="bero"/><SP WIDTH="14" VPOS="327" HPOS="577"/>
							<String ID="string_52" HPOS="591" VPOS="326" WIDTH="24" HEIGHT="26" WC="0.96" CONTENT="på"/><SP WIDTH="11" VPOS="326" HPOS="615"/>
							<String ID="string_53" HPOS="626" VPOS="327" WIDTH="142" HEIGHT="19" WC="0.93" CONTENT="kommunerna"/><SP WIDTH="15" VPOS="327" HPOS="768"/>
							<String ID="string_54" HPOS="783" VPOS="326" WIDTH="70" HEIGHT="26" WC="0.49" CONTENT="sjolfva"/>
						</TextLine>
						<TextLine ID="line_7" HPOS="109" VPOS="352" WIDTH="745" HEIGHT="27">
							<String ID="string_55" HPOS="109" VPOS="355" WIDTH="29" HEIGHT="18" WC="0.95" CONTENT="att"/><SP WIDTH="14" VPOS="355" HPOS="138"/>
							<String ID="string_56" HPOS="152" VPOS="353" WIDTH="76" HEIGHT="25" WC="0.96" CONTENT="vidtaga"/><SP WIDTH="14" VPOS="353" HPOS="228"/>
							<String ID="string_57" HPOS="242" VPOS="353" WIDTH="25" HEIGHT="20" WC="0.95" CONTENT="de"/><SP WIDTH="14" VPOS="353" HPOS="267"/>
							<String ID="string_58" HPOS="281" VPOS="352" WIDTH="97" HEIGHT="26" WC="0.96" CONTENT="åtgärder,"/><SP WIDTH="18" VPOS="352" HPOS="378"/>
							<String ID="string_59" HPOS="396" VPOS="359" WIDTH="43" HEIGHT="14" WC="0.96" CONTENT="som"/><SP WIDTH="14" VPOS="359" HPOS="439"/>
							<String ID="string_60" HPOS="453" VPOS="354" WIDTH="24" HEIGHT="18" WC="0.94" CONTENT="de"/><SP WIDTH="16" VPOS="354" HPOS="477"/>
							<String ID="string_61" HPOS="493" VPOS="354" WIDTH="4" HEIGHT="18" WC="0.96" CONTENT="i"/><SP WIDTH="15" VPOS="354" HPOS="497"/>
							<String ID="string_62" HPOS="512" VPOS="353" WIDTH="69" HEIGHT="20" WC="0.96" CONTENT="sådant"/><SP WIDTH="9" VPOS="353" HPOS="581"/>
							<String ID="string_63" HPOS="590" VPOS="354" WIDTH="93" HEIGHT="25" WC="0.96" CONTENT="afseende"/><SP WIDTH="15" VPOS="354" HPOS="683"/>
							<String ID="string_64" HPOS="698" VPOS="354" WIDTH="30" HEIGHT="18" WC="0.93" CONTENT="för"/><SP WIDTH="14" VPOS="354" HPOS="728"/>
							<String ID="string_65" HPOS="742" VPOS="354" WIDTH="112" HEIGHT="18" WC="0.92" CONTENT="förvaltnin-"/>
						</TextLine>
						<TextLine ID="line_8" HPOS="108" VPOS="380" WIDTH="746" HEIGHT="25">
							<String ID="string_66" HPOS="108" VPOS="384" WIDTH="38" HEIGHT="20" WC="0.87" CONTENT="gen"/><SP WIDTH="10" VPOS="384" HPOS="146"/>
							<String ID="string_67" HPOS="156" VPOS="380" WIDTH="25" HEIGHT="18" WC="0.87" CONTENT="&#39;af"/><SP WIDTH="12" VPOS="380" HPOS="181"/>
							<String ID="string_68" HPOS="193" VPOS="380" WIDTH="42" HEIGHT="19" WC="0.95" CONTENT="sina"/><SP WIDTH="15" VPOS="380" HPOS="235"/>
							<String ID="string_69" HPOS="250" VPOS="380" WIDTH="166" HEIGHT="25" WC="0.95" CONTENT="angelägenheter"/><SP WIDTH="16" VPOS="380" HPOS="416"/>
							<String ID="string_70" HPOS="432" VPOS="380" WIDTH="52" HEIGHT="19" WC="0.95" CONTENT="finna"/><SP WIDTH="18" VPOS="380" HPOS="484"/>
							<String ID="string_71" HPOS="502" VPOS="380" WIDTH="115" HEIGHT="25" WC="0.86" CONTENT="lämpligast."/><SP WIDTH="29" VPOS="380" HPOS="617"/>
							<String ID="string_72" HPOS="646" VPOS="380" WIDTH="165" HEIGHT="20" WC="0.71" CONTENT="Öfverinseendet"/><SP WIDTH="14" VPOS="380" HPOS="811"/>
							<String ID="string_73" HPOS="825" VPOS="380" WIDTH="29" HEIGHT="19" WC="0.92" CONTENT="öf-"/>
						</TextLine>
						<TextLine ID="line_9" HPOS="109" VPOS="406" WIDTH="745" HEIGHT="27">
							<String ID="string_74" HPOS="109" VPOS="412" WIDTH="36" HEIGHT="13" WC="0.96" CONTENT="ver"/><SP WIDTH="14" VPOS="412" HPOS="145"/>
							<String ID="string_75" HPOS="159" VPOS="407" WIDTH="23" HEIGHT="19" WC="0.96" CONTENT="all"/><SP WIDTH="15" VPOS="407" HPOS="182"/>
							<String ID="string_76" HPOS="197" VPOS="406" WIDTH="123" HEIGHT="26" WC="0.96" CONTENT="förvaltning,"/><SP WIDTH="16" VPOS="406" HPOS="320"/>
							<String ID="string_77" HPOS="336" VPOS="407" WIDTH="58" HEIGHT="19" WC="0.96" CONTENT="äfven"/><SP WIDTH="17" VPOS="407" HPOS="394"/>
							<String ID="string_78" HPOS="411" VPOS="412" WIDTH="33" HEIGHT="14" WC="0.96" CONTENT="om"/><SP WIDTH="14" VPOS="412" HPOS="444"/>
							<String ID="string_79" HPOS="458" VPOS="407" WIDTH="39" HEIGHT="19" WC="0.95" CONTENT="den"/><SP WIDTH="18" VPOS="407" HPOS="497"/>
							<String ID="string_80" HPOS="515" VPOS="407" WIDTH="20" HEIGHT="19" WC="0.96" CONTENT="af"/><SP WIDTH="12" VPOS="407" HPOS="535"/>
							<String ID="string_81" HPOS="547" VPOS="406" WIDTH="96" HEIGHT="20" WC="0.96" CONTENT="särskilda"/><SP WIDTH="17" VPOS="406" HPOS="643"/>
							<String ID="string_82" HPOS="660" VPOS="406" WIDTH="138" HEIGHT="27" WC="0.93" CONTENT="myndigheter"/><SP WIDTH="14" VPOS="406" HPOS="798"/>
							<String ID="string_83" HPOS="812" VPOS="412" WIDTH="42" HEIGHT="13" WC="0.92" CONTENT="om-"/>
						</TextLine>
						<TextLine ID="line_10" HPOS="109" VPOS="432" WIDTH="743" HEIGHT="27">
							<String ID="string_84" HPOS="109" VPOS="432" WIDTH="98" HEIGHT="26" WC="0.91" CONTENT="besörjes,"/><SP WIDTH="16" VPOS="432" HPOS="207"/>
							<String ID="string_85" HPOS="223" VPOS="433" WIDTH="36" HEIGHT="19" WC="0.96" CONTENT="bör"/><SP WIDTH="13" VPOS="433" HPOS="259"/>
							<String ID="string_86" HPOS="272" VPOS="432" WIDTH="52" HEIGHT="20" WC="0.96" CONTENT="dock"/><SP WIDTH="15" VPOS="432" HPOS="324"/>
							<String ID="string_87" HPOS="339" VPOS="433" WIDTH="107" HEIGHT="20" WC="0.96" CONTENT="tillkomma"/><SP WIDTH="14" VPOS="433" HPOS="446"/>
							<String ID="string_88" HPOS="460" VPOS="433" WIDTH="131" HEIGHT="25" WC="0.95" CONTENT="Magistraten,"/><SP WIDTH="17" VPOS="433" HPOS="591"/>
							<String ID="string_89" HPOS="608" VPOS="434" WIDTH="47" HEIGHT="18" WC="0.96" CONTENT="enär"/><SP WIDTH="15" VPOS="434" HPOS="655"/>
							<String ID="string_90" HPOS="670" VPOS="439" WIDTH="25" HEIGHT="14" WC="0.96" CONTENT="en"/><SP WIDTH="14" VPOS="439" HPOS="695"/>
							<String ID="string_91" HPOS="709" VPOS="432" WIDTH="53" HEIGHT="27" WC="0.96" CONTENT="dylik"/><SP WIDTH="16" VPOS="432" HPOS="762"/>
							<String ID="string_92" HPOS="778" VPOS="433" WIDTH="36" HEIGHT="19" WC="0.96" CONTENT="hos"/><SP WIDTH="15" VPOS="433" HPOS="814"/>
							<String ID="string_93" HPOS="829" VPOS="438" WIDTH="23" HEIGHT="14" WC="0.96" CONTENT="en"/>
						</TextLine>
						<TextLine ID="line_11" HPOS="108" VPOS="459" WIDTH="745" HEIGHT="27">
							<String ID="string_94" HPOS="108" VPOS="459" WIDTH="116" HEIGHT="25" WC="0.95" CONTENT="myndighet"/><SP WIDTH="14" VPOS="459" HPOS="224"/>
							<String ID="string_95" HPOS="238" VPOS="460" WIDTH="81" HEIGHT="19" WC="0.90" CONTENT="förenad"/><SP WIDTH="20" VPOS="460" HPOS="319"/>
							<String ID="string_96" HPOS="339" VPOS="460" WIDTH="79" HEIGHT="25" WC="0.91" CONTENT="uppsigt"/><SP WIDTH="14" VPOS="460" HPOS="418"/>
							<String ID="string_97" HPOS="432" VPOS="460" WIDTH="36" HEIGHT="19" WC="0.97" CONTENT="och"/><SP WIDTH="16" VPOS="460" HPOS="468"/>
							<String ID="string_98" HPOS="484" VPOS="460" WIDTH="83" HEIGHT="19" WC="0.96" CONTENT="kontroll"/><SP WIDTH="18" VPOS="460" HPOS="567"/>
							<String ID="string_99" HPOS="585" VPOS="459" WIDTH="53" HEIGHT="21" WC="0.92" CONTENT="alltid"/><SP WIDTH="12" VPOS="459" HPOS="638"/>
							<String ID="string_100" HPOS="650" VPOS="455" WIDTH="10" HEIGHT="35" WC="0.4" CONTENT=":"/><SP WIDTH="-2" VPOS="455" HPOS="660"/>
							<String ID="string_101" HPOS="658" VPOS="459" WIDTH="66" HEIGHT="20" WC="0.4" CONTENT="måste"/><SP WIDTH="13" VPOS="459" HPOS="724"/>
							<String ID="string_102" HPOS="737" VPOS="465" WIDTH="59" HEIGHT="14" WC="0.93" CONTENT="anses"/><SP WIDTH="13" VPOS="465" HPOS="796"/>
							<String ID="string_103" HPOS="809" VPOS="462" WIDTH="44" HEIGHT="24" WC="0.93" CONTENT="nyt-"/>
						</TextLine>
						<TextLine ID="line_12" HPOS="108" VPOS="485" WIDTH="210" HEIGHT="26">
							<String ID="string_104" HPOS="108" VPOS="485" WIDTH="27" HEIGHT="26" WC="0.95" CONTENT="tig"/><SP WIDTH="14" VPOS="485" HPOS="135"/>
							<String ID="string_105" HPOS="149" VPOS="486" WIDTH="30" HEIGHT="19" WC="0.95" CONTENT="för"/><SP WIDTH="14" VPOS="486" HPOS="179"/>
							<String ID="string_106" HPOS="193" VPOS="486" WIDTH="125" HEIGHT="20" WC="0.95" CONTENT="kommunen."/>
						</TextLine>
					</TextBlock>
					<TextBlock ID="block_2" HPOS="108" VPOS="512" WIDTH="746" HEIGHT="557">
						<TextLine ID="line_13" HPOS="162" VPOS="512" WIDTH="689" HEIGHT="27">
							<String ID="string_107" HPOS="162" VPOS="512" WIDTH="69" HEIGHT="20" WC="0.96" CONTENT="Likaså"/><SP WIDTH="15" VPOS="512" HPOS="231"/>
							<String ID="string_108" HPOS="246" VPOS="513" WIDTH="57" HEIGHT="19" WC="0.96" CONTENT="torde"/><SP WIDTH="14" VPOS="513" HPOS="303"/>
							<String ID="string_109" HPOS="317" VPOS="512" WIDTH="33" HEIGHT="20" WC="0.96" CONTENT="det"/><SP WIDTH="14" VPOS="512" HPOS="350"/>
							<String ID="string_110" HPOS="364" VPOS="512" WIDTH="46" HEIGHT="20" WC="0.93" CONTENT="böra"/><SP WIDTH="14" VPOS="512" HPOS="410"/>
							<String ID="string_111" HPOS="424" VPOS="513" WIDTH="109" HEIGHT="26" WC="0.92" CONTENT="medgifvas"/><SP WIDTH="14" VPOS="513" HPOS="533"/>
							<String ID="string_112" HPOS="547" VPOS="515" WIDTH="28" HEIGHT="17" WC="0.96" CONTENT="att"/><SP WIDTH="10" VPOS="515" HPOS="575"/>
							<String ID="string_113" HPOS="585" VPOS="512" WIDTH="125" HEIGHT="26" WC="0.96" CONTENT="Magistraten"/><SP WIDTH="11" VPOS="512" HPOS="710"/>
							<String ID="string_114" HPOS="721" VPOS="512" WIDTH="18" HEIGHT="26" WC="0.95" CONTENT="ej"/><SP WIDTH="14" VPOS="512" HPOS="739"/>
							<String ID="string_115" HPOS="753" VPOS="512" WIDTH="5" HEIGHT="19" WC="0.96" CONTENT="i"/><SP WIDTH="14" VPOS="512" HPOS="758"/>
							<String ID="string_116" HPOS="772" VPOS="513" WIDTH="36" HEIGHT="19" WC="0.96" CONTENT="alla"/><SP WIDTH="12" VPOS="513" HPOS="808"/>
							<String ID="string_117" HPOS="820" VPOS="513" WIDTH="31" HEIGHT="19" WC="0.96" CONTENT="fall"/>
						</TextLine>
						<TextLine ID="line_14" HPOS="108" VPOS="538" WIDTH="745" HEIGHT="27">
							<String ID="string_118" HPOS="108" VPOS="538" WIDTH="96" HEIGHT="20" WC="0.31" CONTENT="förklaras:"/><SP WIDTH="15" VPOS="538" HPOS="204"/>
							<String ID="string_119" HPOS="219" VPOS="539" WIDTH="101" HEIGHT="25" WC="0.92" CONTENT="förpligtad"/><SP WIDTH="15" VPOS="539" HPOS="320"/>
							<String ID="string_120" HPOS="335" VPOS="542" WIDTH="29" HEIGHT="16" WC="0.96" CONTENT="att"/><SP WIDTH="14" VPOS="542" HPOS="364"/>
							<String ID="string_121" HPOS="378" VPOS="539" WIDTH="26" HEIGHT="19" WC="0.95" CONTENT="till"/><SP WIDTH="15" VPOS="539" HPOS="404"/>
							<String ID="string_122" HPOS="419" VPOS="540" WIDTH="148" HEIGHT="25" WC="0.95" CONTENT="verkställighet"/><SP WIDTH="14" VPOS="540" HPOS="567"/>
							<String ID="string_123" HPOS="581" VPOS="539" WIDTH="91" HEIGHT="20" WC="0.96" CONTENT="befordra"/><SP WIDTH="14" VPOS="539" HPOS="672"/>
							<String ID="string_124" HPOS="686" VPOS="540" WIDTH="26" HEIGHT="19" WC="0.96" CONTENT="de"/><SP WIDTH="13" VPOS="540" HPOS="712"/>
							<String ID="string_125" HPOS="725" VPOS="539" WIDTH="71" HEIGHT="24" WC="0.96" CONTENT="beslut,"/><SP WIDTH="12" VPOS="539" HPOS="796"/>
							<String ID="string_126" HPOS="808" VPOS="544" WIDTH="45" HEIGHT="14" WC="0.96" CONTENT="som"/>
						</TextLine>
						<TextLine ID="line_15" HPOS="108" VPOS="564" WIDTH="744" HEIGHT="27">
							<String ID="string_127" HPOS="108" VPOS="564" WIDTH="22" HEIGHT="20" WC="0.96" CONTENT="af"/><SP WIDTH="12" VPOS="564" HPOS="130"/>
							<String ID="string_128" HPOS="142" VPOS="565" WIDTH="176" HEIGHT="26" WC="0.57" CONTENT="stadsfullmäktige"/><SP WIDTH="21" VPOS="565" HPOS="318"/>
							<String ID="string_129" HPOS="339" VPOS="566" WIDTH="48" HEIGHT="19" WC="0.96" CONTENT="eller"/><SP WIDTH="14" VPOS="566" HPOS="387"/>
							<String ID="string_130" HPOS="401" VPOS="565" WIDTH="33" HEIGHT="20" WC="0.96" CONTENT="vid"/><SP WIDTH="20" VPOS="565" HPOS="434"/>
							<String ID="string_131" HPOS="454" VPOS="566" WIDTH="69" HEIGHT="19" WC="0.96" CONTENT="allmän"/><SP WIDTH="14" VPOS="566" HPOS="523"/>
							<String ID="string_132" HPOS="537" VPOS="564" WIDTH="100" HEIGHT="26" WC="0.96" CONTENT="Rådstuga"/><SP WIDTH="20" VPOS="564" HPOS="637"/>
							<String ID="string_133" HPOS="657" VPOS="566" WIDTH="74" HEIGHT="20" WC="0.86" CONTENT="fattats."/><SP WIDTH="30" VPOS="566" HPOS="731"/>
							<String ID="string_134" HPOS="761" VPOS="566" WIDTH="37" HEIGHT="19" WC="0.95" CONTENT="Det"/><SP WIDTH="16" VPOS="566" HPOS="798"/>
							<String ID="string_135" HPOS="814" VPOS="566" WIDTH="38" HEIGHT="18" WC="0.96" CONTENT="kan"/>
						</TextLine>
						<TextLine ID="line_16" HPOS="108" VPOS="591" WIDTH="744" HEIGHT="26">
							<String ID="string_136" HPOS="108" VPOS="592" WIDTH="96" HEIGHT="24" WC="0.91" CONTENT="nemligen"/><SP WIDTH="15" VPOS="592" HPOS="204"/>
							<String ID="string_137" HPOS="219" VPOS="592" WIDTH="116" HEIGHT="19" WC="0.54" CONTENT="förutsättas"/><SP WIDTH="13" VPOS="592" HPOS="335"/>
							<String ID="string_138" HPOS="348" VPOS="594" WIDTH="27" HEIGHT="17" WC="0.54" CONTENT="alt"/><SP WIDTH="15" VPOS="594" HPOS="375"/>
							<String ID="string_139" HPOS="390" VPOS="592" WIDTH="129" HEIGHT="20" WC="0.96" CONTENT="kommunens"/><SP WIDTH="20" VPOS="592" HPOS="519"/>
							<String ID="string_140" HPOS="539" VPOS="592" WIDTH="132" HEIGHT="20" WC="0.96" CONTENT="medlemmar"/><SP WIDTH="13" VPOS="592" HPOS="671"/>
							<String ID="string_141" HPOS="684" VPOS="591" WIDTH="18" HEIGHT="26" WC="0.95" CONTENT="ej"/><SP WIDTH="18" VPOS="591" HPOS="702"/>
							<String ID="string_142" HPOS="720" VPOS="592" WIDTH="51" HEIGHT="20" WC="0.78" CONTENT="alltid"/><SP WIDTH="14" VPOS="592" HPOS="771"/>
							<String ID="string_143" HPOS="785" VPOS="592" WIDTH="67" HEIGHT="19" WC="0.96" CONTENT="kunna"/>
						</TextLine>
						<TextLine ID="line_17" HPOS="108" VPOS="618" WIDTH="746" HEIGHT="31">
							<String ID="string_144" HPOS="108" VPOS="618" WIDTH="86" HEIGHT="20" WC="0.95" CONTENT="undvika"/><SP WIDTH="15" VPOS="618" HPOS="194"/>
							<String ID="string_145" HPOS="209" VPOS="622" WIDTH="29" HEIGHT="16" WC="0.95" CONTENT="att"/><SP WIDTH="13" VPOS="622" HPOS="238"/>
							<String ID="string_146" HPOS="251" VPOS="618" WIDTH="80" HEIGHT="20" WC="0.96" CONTENT="komma"/><SP WIDTH="14" VPOS="618" HPOS="331"/>
							<String ID="string_147" HPOS="345" VPOS="619" WIDTH="5" HEIGHT="19" WC="0.95" CONTENT="i"/><SP WIDTH="15" VPOS="619" HPOS="350"/>
							<String ID="string_148" HPOS="365" VPOS="618" WIDTH="89" HEIGHT="20" WC="0.96" CONTENT="kollision"/><SP WIDTH="14" VPOS="618" HPOS="454"/>
							<String ID="string_149" HPOS="468" VPOS="619" WIDTH="45" HEIGHT="19" WC="0.96" CONTENT="med"/><SP WIDTH="14" VPOS="619" HPOS="513"/>
							<String ID="string_150" HPOS="527" VPOS="618" WIDTH="86" HEIGHT="26" WC="0.96" CONTENT="gällande"/><SP WIDTH="13" VPOS="618" HPOS="613"/>
							<String ID="string_151" HPOS="626" VPOS="619" WIDTH="54" HEIGHT="30" WC="0.96" CONTENT="lagar"/><SP WIDTH="14" VPOS="619" HPOS="680"/>
							<String ID="string_152" HPOS="694" VPOS="619" WIDTH="38" HEIGHT="19" WC="0.92" CONTENT="och"/><SP WIDTH="13" VPOS="619" HPOS="732"/>
							<String ID="string_153" HPOS="745" VPOS="618" WIDTH="109" HEIGHT="20" WC="0.91" CONTENT="författnin-"/>
						</TextLine>
						<TextLine ID="line_18" HPOS="108" VPOS="644" WIDTH="745" HEIGHT="27">
							<String ID="string_154" HPOS="108" VPOS="649" WIDTH="42" HEIGHT="20" WC="0.96" CONTENT="gar,"/><SP WIDTH="17" VPOS="649" HPOS="150"/>
							<String ID="string_155" HPOS="167" VPOS="646" WIDTH="104" HEIGHT="18" WC="0.96" CONTENT="äfvensom"/><SP WIDTH="10" VPOS="646" HPOS="271"/>
							<String ID="string_156" HPOS="281" VPOS="646" WIDTH="31" HEIGHT="18" WC="0.93" CONTENT="väl"/><SP WIDTH="15" VPOS="646" HPOS="312"/>
							<String ID="string_157" HPOS="327" VPOS="648" WIDTH="79" HEIGHT="23" WC="0.91" CONTENT="antagas"/><SP WIDTH="15" VPOS="648" HPOS="406"/>
							<String ID="string_158" HPOS="421" VPOS="646" WIDTH="37" HEIGHT="18" WC="0.96" CONTENT="kan"/><SP WIDTH="14" VPOS="646" HPOS="458"/>
							<String ID="string_159" HPOS="472" VPOS="648" WIDTH="28" HEIGHT="17" WC="0.96" CONTENT="att"/><SP WIDTH="13" VPOS="648" HPOS="500"/>
							<String ID="string_160" HPOS="513" VPOS="646" WIDTH="33" HEIGHT="19" WC="0.96" CONTENT="det"/><SP WIDTH="10" VPOS="646" HPOS="546"/>
							<String ID="string_161" HPOS="556" VPOS="644" WIDTH="63" HEIGHT="26" WC="0.96" CONTENT="någon"/><SP WIDTH="12" VPOS="644" HPOS="619"/>
							<String ID="string_162" HPOS="631" VPOS="651" WIDTH="50" HEIGHT="20" WC="0.82" CONTENT="gäng"/><SP WIDTH="15" VPOS="651" HPOS="681"/>
							<String ID="string_163" HPOS="696" VPOS="645" WIDTH="38" HEIGHT="20" WC="0.96" CONTENT="kan"/><SP WIDTH="15" VPOS="645" HPOS="734"/>
							<String ID="string_164" HPOS="749" VPOS="645" WIDTH="64" HEIGHT="20" WC="0.96" CONTENT="hända"/><SP WIDTH="12" VPOS="645" HPOS="813"/>
							<String ID="string_165" HPOS="825" VPOS="647" WIDTH="28" HEIGHT="17" WC="0.96" CONTENT="att"/>
						</TextLine>
						<TextLine ID="line_19" HPOS="108" VPOS="670" WIDTH="746" HEIGHT="27">
							<String ID="string_166" HPOS="108" VPOS="670" WIDTH="240" HEIGHT="27" WC="0.91" CONTENT="kommunal-myndighet"/><SP WIDTH="8" VPOS="670" HPOS="348"/>
							<String ID="string_167" HPOS="356" VPOS="672" WIDTH="112" HEIGHT="20" WC="0.96" CONTENT="utsträcker"/><SP WIDTH="8" VPOS="672" HPOS="468"/>
							<String ID="string_168" HPOS="476" VPOS="672" WIDTH="28" HEIGHT="19" WC="0.96" CONTENT="sin"/><SP WIDTH="10" VPOS="672" HPOS="504"/>
							<String ID="string_169" HPOS="514" VPOS="672" WIDTH="155" HEIGHT="20" WC="0.93" CONTENT="beslutanderätt"/><SP WIDTH="9" VPOS="672" HPOS="669"/>
							<String ID="string_170" HPOS="678" VPOS="672" WIDTH="78" HEIGHT="19" WC="0.92" CONTENT="utöfver"/><SP WIDTH="8" VPOS="672" HPOS="756"/>
							<String ID="string_171" HPOS="764" VPOS="672" WIDTH="25" HEIGHT="18" WC="0.93" CONTENT="de"/><SP WIDTH="7" VPOS="672" HPOS="789"/>
							<String ID="string_172" HPOS="796" VPOS="674" WIDTH="58" HEIGHT="23" WC="0.90" CONTENT="grän-"/>
						</TextLine>
						<TextLine ID="line_20" HPOS="108" VPOS="698" WIDTH="746" HEIGHT="26">
							<String ID="string_173" HPOS="108" VPOS="703" WIDTH="34" HEIGHT="14" WC="0.96" CONTENT="ser"/><SP WIDTH="13" VPOS="703" HPOS="142"/>
							<String ID="string_174" HPOS="155" VPOS="698" WIDTH="55" HEIGHT="25" WC="0.93" CONTENT="lagen"/><SP WIDTH="10" VPOS="698" HPOS="210"/>
							<String ID="string_175" HPOS="220" VPOS="699" WIDTH="95" HEIGHT="19" WC="0.91" CONTENT="utstakat."/><SP WIDTH="22" VPOS="699" HPOS="315"/>
							<String ID="string_176" HPOS="337" VPOS="698" WIDTH="125" HEIGHT="26" WC="0.96" CONTENT="Magistraten"/><SP WIDTH="10" VPOS="698" HPOS="462"/>
							<String ID="string_177" HPOS="472" VPOS="699" WIDTH="35" HEIGHT="19" WC="0.93" CONTENT="bör"/><SP WIDTH="9" VPOS="699" HPOS="507"/>
							<String ID="string_178" HPOS="516" VPOS="699" WIDTH="79" HEIGHT="19" WC="0.92" CONTENT="derföre"/><SP WIDTH="13" VPOS="699" HPOS="595"/>
							<String ID="string_179" HPOS="608" VPOS="698" WIDTH="107" HEIGHT="20" WC="0.96" CONTENT="tillkomma"/><SP WIDTH="10" VPOS="698" HPOS="715"/>
							<String ID="string_180" HPOS="725" VPOS="704" WIDTH="25" HEIGHT="14" WC="0.96" CONTENT="en"/><SP WIDTH="10" VPOS="704" HPOS="750"/>
							<String ID="string_181" HPOS="760" VPOS="698" WIDTH="42" HEIGHT="19" WC="0.96" CONTENT="viss"/><SP WIDTH="13" VPOS="698" HPOS="802"/>
							<String ID="string_182" HPOS="815" VPOS="700" WIDTH="39" HEIGHT="18" WC="0.96" CONTENT="rätt"/>
						</TextLine>
						<TextLine ID="line_21" HPOS="108" VPOS="724" WIDTH="745" HEIGHT="27">
							<String ID="string_183" HPOS="108" VPOS="727" WIDTH="28" HEIGHT="17" WC="0.93" CONTENT="att"/><SP WIDTH="14" VPOS="727" HPOS="136"/>
							<String ID="string_184" HPOS="150" VPOS="725" WIDTH="69" HEIGHT="25" WC="0.91" CONTENT="pröfva"/><SP WIDTH="14" VPOS="725" HPOS="219"/>
							<String ID="string_185" HPOS="233" VPOS="725" WIDTH="25" HEIGHT="19" WC="0.96" CONTENT="de"/><SP WIDTH="9" VPOS="725" HPOS="258"/>
							<String ID="string_186" HPOS="267" VPOS="726" WIDTH="21" HEIGHT="18" WC="0.95" CONTENT="af"/><SP WIDTH="11" VPOS="726" HPOS="288"/>
							<String ID="string_187" HPOS="299" VPOS="725" WIDTH="178" HEIGHT="26" WC="0.94" CONTENT="stadsfullmäktige"/><SP WIDTH="15" VPOS="725" HPOS="477"/>
							<String ID="string_188" HPOS="492" VPOS="726" WIDTH="45" HEIGHT="18" WC="0.96" CONTENT="eller"/><SP WIDTH="10" VPOS="726" HPOS="537"/>
							<String ID="string_189" HPOS="547" VPOS="725" WIDTH="34" HEIGHT="19" WC="0.96" CONTENT="vid"/><SP WIDTH="14" VPOS="725" HPOS="581"/>
							<String ID="string_190" HPOS="595" VPOS="725" WIDTH="70" HEIGHT="19" WC="0.96" CONTENT="allmän"/><SP WIDTH="10" VPOS="725" HPOS="665"/>
							<String ID="string_191" HPOS="675" VPOS="724" WIDTH="100" HEIGHT="26" WC="0.93" CONTENT="Rådstuga"/><SP WIDTH="17" VPOS="724" HPOS="775"/>
							<String ID="string_192" HPOS="792" VPOS="725" WIDTH="61" HEIGHT="19" WC="0.92" CONTENT="vidta-"/>
						</TextLine>
						<TextLine ID="line_22" HPOS="108" VPOS="751" WIDTH="745" HEIGHT="25">
							<String ID="string_193" HPOS="108" VPOS="756" WIDTH="37" HEIGHT="20" WC="0.92" CONTENT="gna"/><SP WIDTH="11" VPOS="756" HPOS="145"/>
							<String ID="string_194" HPOS="156" VPOS="752" WIDTH="70" HEIGHT="24" WC="0.96" CONTENT="beslut,"/><SP WIDTH="11" VPOS="752" HPOS="226"/>
							<String ID="string_195" HPOS="237" VPOS="752" WIDTH="38" HEIGHT="19" WC="0.96" CONTENT="och"/><SP WIDTH="15" VPOS="752" HPOS="275"/>
							<String ID="string_196" HPOS="290" VPOS="752" WIDTH="5" HEIGHT="18" WC="0.96" CONTENT="i"/><SP WIDTH="16" VPOS="752" HPOS="295"/>
							<String ID="string_197" HPOS="311" VPOS="751" WIDTH="93" HEIGHT="20" WC="0.96" CONTENT="händelse"/><SP WIDTH="11" VPOS="751" HPOS="404"/>
							<String ID="string_198" HPOS="415" VPOS="752" WIDTH="58" HEIGHT="19" WC="0.93" CONTENT="dessa"/><SP WIDTH="14" VPOS="752" HPOS="473"/>
							<String ID="string_199" HPOS="487" VPOS="752" WIDTH="88" HEIGHT="19" WC="0.92" CONTENT="befinnas"/><SP WIDTH="13" VPOS="752" HPOS="575"/>
							<String ID="string_200" HPOS="588" VPOS="751" WIDTH="46" HEIGHT="19" WC="0.95" CONTENT="stå"/><SP WIDTH="-10" VPOS="751" HPOS="634"/>
							<String ID="string_201" HPOS="624" VPOS="747" WIDTH="14" HEIGHT="34" WC="0.95" CONTENT="i"/><SP WIDTH="10" VPOS="747" HPOS="638"/>
							<String ID="string_202" HPOS="648" VPOS="752" WIDTH="49" HEIGHT="19" WC="0.76" CONTENT="strid"/><SP WIDTH="10" VPOS="752" HPOS="697"/>
							<String ID="string_203" HPOS="707" VPOS="751" WIDTH="46" HEIGHT="20" WC="0.96" CONTENT="med"/><SP WIDTH="12" VPOS="751" HPOS="753"/>
							<String ID="string_204" HPOS="765" VPOS="751" WIDTH="88" HEIGHT="25" WC="0.95" CONTENT="gällande"/>
						</TextLine>
						<TextLine ID="line_23" HPOS="108" VPOS="777" WIDTH="746" HEIGHT="25">
							<String ID="string_205" HPOS="108" VPOS="777" WIDTH="31" HEIGHT="25" WC="0.96" CONTENT="lag"/><SP WIDTH="15" VPOS="777" HPOS="139"/>
							<String ID="string_206" HPOS="154" VPOS="778" WIDTH="46" HEIGHT="19" WC="0.96" CONTENT="eller"/><SP WIDTH="14" VPOS="778" HPOS="200"/>
							<String ID="string_207" HPOS="214" VPOS="778" WIDTH="37" HEIGHT="20" WC="0.96" CONTENT="ock"/><SP WIDTH="15" VPOS="778" HPOS="251"/>
							<String ID="string_208" HPOS="266" VPOS="780" WIDTH="28" HEIGHT="18" WC="0.96" CONTENT="att"/><SP WIDTH="14" VPOS="780" HPOS="294"/>
							<String ID="string_209" HPOS="308" VPOS="778" WIDTH="17" HEIGHT="24" WC="0.94" CONTENT="ej"/><SP WIDTH="18" VPOS="778" HPOS="325"/>
							<String ID="string_210" HPOS="343" VPOS="778" WIDTH="47" HEIGHT="20" WC="0.94" CONTENT="höra"/><SP WIDTH="18" VPOS="778" HPOS="390"/>
							<String ID="string_211" HPOS="408" VPOS="778" WIDTH="27" HEIGHT="20" WC="0.95" CONTENT="till"/><SP WIDTH="19" VPOS="778" HPOS="435"/>
							<String ID="string_212" HPOS="454" VPOS="778" WIDTH="89" HEIGHT="20" WC="0.96" CONTENT="området"/><SP WIDTH="20" VPOS="778" HPOS="543"/>
							<String ID="string_213" HPOS="563" VPOS="778" WIDTH="29" HEIGHT="19" WC="0.96" CONTENT="för"/><SP WIDTH="15" VPOS="778" HPOS="592"/>
							<String ID="string_214" HPOS="607" VPOS="778" WIDTH="131" HEIGHT="20" WC="0.90" CONTENT="kommunens"/><SP WIDTH="14" VPOS="778" HPOS="738"/>
							<String ID="string_215" HPOS="752" VPOS="778" WIDTH="102" HEIGHT="19" WC="0.90" CONTENT="beslutan-"/>
						</TextLine>
						<TextLine ID="line_24" HPOS="108" VPOS="804" WIDTH="745" HEIGHT="26">
							<String ID="string_216" HPOS="108" VPOS="804" WIDTH="71" HEIGHT="25" WC="0.89" CONTENT="derätt,"/><SP WIDTH="16" VPOS="804" HPOS="179"/>
							<String ID="string_217" HPOS="195" VPOS="806" WIDTH="60" HEIGHT="24" WC="0.96" CONTENT="vägra"/><SP WIDTH="21" VPOS="806" HPOS="255"/>
							<String ID="string_218" HPOS="276" VPOS="806" WIDTH="107" HEIGHT="18" WC="0.96" CONTENT="verkställa"/><SP WIDTH="20" VPOS="806" HPOS="383"/>
							<String ID="string_219" HPOS="403" VPOS="805" WIDTH="108" HEIGHT="19" WC="0.95" CONTENT="desamma."/><SP WIDTH="28" VPOS="805" HPOS="511"/>
							<String ID="string_220" HPOS="539" VPOS="804" WIDTH="126" HEIGHT="26" WC="0.95" CONTENT="Magistraten"/><SP WIDTH="21" VPOS="804" HPOS="665"/>
							<String ID="string_221" HPOS="686" VPOS="806" WIDTH="28" HEIGHT="24" WC="0.96" CONTENT="är,"/><SP WIDTH="20" VPOS="806" HPOS="714"/>
							<String ID="string_222" HPOS="734" VPOS="804" WIDTH="67" HEIGHT="20" WC="0.93" CONTENT="såsom"/><SP WIDTH="18" VPOS="804" HPOS="801"/>
							<String ID="string_223" HPOS="819" VPOS="804" WIDTH="34" HEIGHT="20" WC="0.92" CONTENT="Ut-"/>
						</TextLine>
						<TextLine ID="line_25" HPOS="108" VPOS="830" WIDTH="744" HEIGHT="26">
							<String ID="string_224" HPOS="108" VPOS="831" WIDTH="75" HEIGHT="19" WC="0.96" CONTENT="skottet"/><SP WIDTH="14" VPOS="831" HPOS="183"/>
							<String ID="string_225" HPOS="197" VPOS="832" WIDTH="59" HEIGHT="19" WC="0.96" CONTENT="redan"/><SP WIDTH="15" VPOS="832" HPOS="256"/>
							<String ID="string_226" HPOS="271" VPOS="831" WIDTH="46" HEIGHT="19" WC="0.96" CONTENT="sökt"/><SP WIDTH="15" VPOS="831" HPOS="317"/>
							<String ID="string_227" HPOS="332" VPOS="832" WIDTH="48" HEIGHT="23" WC="0.96" CONTENT="visa,"/><SP WIDTH="17" VPOS="832" HPOS="380"/>
							<String ID="string_228" HPOS="397" VPOS="830" WIDTH="17" HEIGHT="26" WC="0.93" CONTENT="ej"/><SP WIDTH="15" VPOS="830" HPOS="414"/>
							<String ID="string_229" HPOS="429" VPOS="832" WIDTH="83" HEIGHT="18" WC="0.92" CONTENT="allenast"/><SP WIDTH="13" VPOS="832" HPOS="512"/>
							<String ID="string_230" HPOS="525" VPOS="836" WIDTH="24" HEIGHT="14" WC="0.93" CONTENT="en"/><SP WIDTH="15" VPOS="836" HPOS="549"/>
							<String ID="string_231" HPOS="564" VPOS="831" WIDTH="122" HEIGHT="19" WC="0.91" CONTENT="kommunal-"/><SP WIDTH="8" VPOS="831" HPOS="686"/>
							<String ID="string_232" HPOS="694" VPOS="834" WIDTH="46" HEIGHT="16" WC="0.96" CONTENT="utan"/><SP WIDTH="14" VPOS="834" HPOS="740"/>
							<String ID="string_233" HPOS="754" VPOS="831" WIDTH="58" HEIGHT="19" WC="0.96" CONTENT="äfven"/><SP WIDTH="15" VPOS="831" HPOS="812"/>
							<String ID="string_234" HPOS="827" VPOS="836" WIDTH="25" HEIGHT="14" WC="0.97" CONTENT="en"/>
						</TextLine>
						<TextLine ID="line_26" HPOS="108" VPOS="857" WIDTH="744" HEIGHT="26">
							<String ID="string_235" HPOS="108" VPOS="858" WIDTH="173" HEIGHT="25" WC="0.91" CONTENT="statsmyndighet,"/><SP WIDTH="23" VPOS="858" HPOS="281"/>
							<String ID="string_236" HPOS="304" VPOS="859" WIDTH="38" HEIGHT="18" WC="0.96" CONTENT="och"/><SP WIDTH="21" VPOS="859" HPOS="342"/>
							<String ID="string_237" HPOS="363" VPOS="857" WIDTH="67" HEIGHT="21" WC="0.95" CONTENT="såsom"/><SP WIDTH="21" VPOS="857" HPOS="430"/>
							<String ID="string_238" HPOS="451" VPOS="857" WIDTH="61" HEIGHT="20" WC="0.95" CONTENT="sådan"/><SP WIDTH="20" VPOS="857" HPOS="512"/>
							<String ID="string_239" HPOS="532" VPOS="857" WIDTH="35" HEIGHT="20" WC="0.96" CONTENT="bör"/><SP WIDTH="20" VPOS="857" HPOS="567"/>
							<String ID="string_240" HPOS="587" VPOS="863" WIDTH="44" HEIGHT="14" WC="0.92" CONTENT="man"/><SP WIDTH="21" VPOS="863" HPOS="631"/>
							<String ID="string_241" HPOS="652" VPOS="858" WIDTH="115" HEIGHT="19" WC="0.82" CONTENT="tillerkänna"/><SP WIDTH="21" VPOS="858" HPOS="767"/>
							<String ID="string_242" HPOS="788" VPOS="858" WIDTH="64" HEIGHT="19" WC="0.95" CONTENT="denna"/>
						</TextLine>
						<TextLine ID="line_27" HPOS="108" VPOS="884" WIDTH="746" HEIGHT="26">
							<String ID="string_243" HPOS="108" VPOS="884" WIDTH="117" HEIGHT="26" WC="0.96" CONTENT="myndighet"/><SP WIDTH="13" VPOS="884" HPOS="225"/>
							<String ID="string_244" HPOS="238" VPOS="884" WIDTH="93" HEIGHT="25" WC="0.96" CONTENT="rättighet"/><SP WIDTH="18" VPOS="884" HPOS="331"/>
							<String ID="string_245" HPOS="349" VPOS="887" WIDTH="27" HEIGHT="16" WC="0.94" CONTENT="att"/><SP WIDTH="14" VPOS="887" HPOS="376"/>
							<String ID="string_246" HPOS="390" VPOS="885" WIDTH="5" HEIGHT="18" WC="0.95" CONTENT="i"/><SP WIDTH="15" VPOS="885" HPOS="395"/>
							<String ID="string_247" HPOS="410" VPOS="884" WIDTH="160" HEIGHT="20" WC="0.96" CONTENT="förekommande"/><SP WIDTH="17" VPOS="884" HPOS="570"/>
							<String ID="string_248" HPOS="587" VPOS="885" WIDTH="30" HEIGHT="19" WC="0.96" CONTENT="fall"/><SP WIDTH="16" VPOS="885" HPOS="617"/>
							<String ID="string_249" HPOS="633" VPOS="884" WIDTH="77" HEIGHT="20" WC="0.96" CONTENT="bevaka"/><SP WIDTH="15" VPOS="884" HPOS="710"/>
							<String ID="string_250" HPOS="725" VPOS="884" WIDTH="34" HEIGHT="20" WC="0.93" CONTENT="det"/><SP WIDTH="14" VPOS="884" HPOS="759"/>
							<String ID="string_251" HPOS="773" VPOS="884" WIDTH="81" HEIGHT="20" WC="0.90" CONTENT="allmän-"/>
						</TextLine>
						<TextLine ID="line_28" HPOS="109" VPOS="910" WIDTH="741" HEIGHT="25">
							<String ID="string_252" HPOS="109" VPOS="916" WIDTH="41" HEIGHT="18" WC="0.95" CONTENT="nas,"/><SP WIDTH="20" VPOS="916" HPOS="150"/>
							<String ID="string_253" HPOS="170" VPOS="913" WIDTH="75" HEIGHT="17" WC="0.95" CONTENT="statens"/><SP WIDTH="18" VPOS="913" HPOS="245"/>
							<String ID="string_254" HPOS="263" VPOS="912" WIDTH="44" HEIGHT="18" WC="0.92" CONTENT="rätt."/><SP WIDTH="30" VPOS="912" HPOS="307"/>
							<String ID="string_255" HPOS="337" VPOS="911" WIDTH="36" HEIGHT="18" WC="0.96" CONTENT="För"/><SP WIDTH="19" VPOS="911" HPOS="373"/>
							<String ID="string_256" HPOS="392" VPOS="911" WIDTH="129" HEIGHT="19" WC="0.96" CONTENT="kommunens"/><SP WIDTH="23" VPOS="911" HPOS="521"/>
							<String ID="string_257" HPOS="544" VPOS="911" WIDTH="101" HEIGHT="19" WC="0.96" CONTENT="sakförare"/><SP WIDTH="20" VPOS="911" HPOS="645"/>
							<String ID="string_258" HPOS="665" VPOS="910" WIDTH="85" HEIGHT="20" WC="0.86" CONTENT="återstår"/><SP WIDTH="17" VPOS="910" HPOS="750"/>
							<String ID="string_259" HPOS="767" VPOS="910" WIDTH="83" HEIGHT="25" WC="0.96" CONTENT="ändock,"/>
						</TextLine>
						<TextLine ID="line_29" HPOS="108" VPOS="937" WIDTH="745" HEIGHT="26">
							<String ID="string_260" HPOS="108" VPOS="943" WIDTH="32" HEIGHT="13" WC="0.96" CONTENT="om"/><SP WIDTH="15" VPOS="943" HPOS="140"/>
							<String ID="string_261" HPOS="155" VPOS="937" WIDTH="24" HEIGHT="20" WC="0.95" CONTENT="de"/><SP WIDTH="14" VPOS="937" HPOS="179"/>
							<String ID="string_262" HPOS="193" VPOS="943" WIDTH="49" HEIGHT="14" WC="0.96" CONTENT="anse"/><SP WIDTH="14" VPOS="943" HPOS="242"/>
							<String ID="string_263" HPOS="256" VPOS="943" WIDTH="24" HEIGHT="14" WC="0.96" CONTENT="en"/><SP WIDTH="15" VPOS="943" HPOS="280"/>
							<String ID="string_264" HPOS="295" VPOS="937" WIDTH="60" HEIGHT="20" WC="0.93" CONTENT="sådan"/><SP WIDTH="9" VPOS="937" HPOS="355"/>
							<String ID="string_265" HPOS="364" VPOS="938" WIDTH="137" HEIGHT="25" WC="0.90" CONTENT="Magistratens"/><SP WIDTH="16" VPOS="938" HPOS="501"/>
							<String ID="string_266" HPOS="517" VPOS="939" WIDTH="72" HEIGHT="24" WC="0.96" CONTENT="vägran"/><SP WIDTH="10" VPOS="939" HPOS="589"/>
							<String ID="string_267" HPOS="599" VPOS="943" WIDTH="48" HEIGHT="14" WC="0.96" CONTENT="vara"/><SP WIDTH="9" VPOS="943" HPOS="647"/>
							<String ID="string_268" HPOS="656" VPOS="937" WIDTH="103" HEIGHT="26" WC="0.85" CONTENT="obefogad,"/><SP WIDTH="12" VPOS="937" HPOS="759"/>
							<String ID="string_269" HPOS="771" VPOS="940" WIDTH="28" HEIGHT="16" WC="0.93" CONTENT="att"/><SP WIDTH="9" VPOS="940" HPOS="799"/>
							<String ID="string_270" HPOS="808" VPOS="937" WIDTH="45" HEIGHT="20" WC="0.91" CONTENT="der-"/>
						</TextLine>
						<TextLine ID="line_30" HPOS="108" VPOS="963" WIDTH="745" HEIGHT="26">
							<String ID="string_271" HPOS="108" VPOS="964" WIDTH="56" HEIGHT="19" WC="0.96" CONTENT="öfver"/><SP WIDTH="13" VPOS="964" HPOS="164"/>
							<String ID="string_272" HPOS="177" VPOS="964" WIDTH="55" HEIGHT="25" WC="0.96" CONTENT="klaga"/><SP WIDTH="15" VPOS="964" HPOS="232"/>
							<String ID="string_273" HPOS="247" VPOS="965" WIDTH="38" HEIGHT="18" WC="0.96" CONTENT="och"/><SP WIDTH="14" VPOS="965" HPOS="285"/>
							<String ID="string_274" HPOS="299" VPOS="964" WIDTH="49" HEIGHT="19" WC="0.96" CONTENT="söka"/><SP WIDTH="14" VPOS="964" HPOS="348"/>
							<String ID="string_275" HPOS="362" VPOS="964" WIDTH="18" HEIGHT="19" WC="0.96" CONTENT="få"/><SP WIDTH="15" VPOS="964" HPOS="380"/>
							<String ID="string_276" HPOS="395" VPOS="964" WIDTH="123" HEIGHT="25" WC="0.93" CONTENT="Magistraten"/><SP WIDTH="15" VPOS="964" HPOS="518"/>
							<String ID="string_277" HPOS="533" VPOS="963" WIDTH="56" HEIGHT="25" WC="0.91" CONTENT="ålagd"/><SP WIDTH="14" VPOS="963" HPOS="589"/>
							<String ID="string_278" HPOS="603" VPOS="966" WIDTH="28" HEIGHT="17" WC="0.96" CONTENT="att"/><SP WIDTH="9" VPOS="966" HPOS="631"/>
							<String ID="string_279" HPOS="640" VPOS="964" WIDTH="133" HEIGHT="19" WC="0.96" CONTENT="kommunens"/><SP WIDTH="14" VPOS="964" HPOS="773"/>
							<String ID="string_280" HPOS="787" VPOS="964" WIDTH="66" HEIGHT="19" WC="0.94" CONTENT="beslut"/>
						</TextLine>
						<TextLine ID="line_31" HPOS="109" VPOS="990" WIDTH="744" HEIGHT="21">
							<String ID="string_281" HPOS="109" VPOS="990" WIDTH="113" HEIGHT="20" WC="0.94" CONTENT="verkställa."/><SP WIDTH="28" VPOS="990" HPOS="222"/>
							<String ID="string_282" HPOS="250" VPOS="990" WIDTH="102" HEIGHT="20" WC="0.77" CONTENT="Utskottet"/><SP WIDTH="14" VPOS="990" HPOS="352"/>
							<String ID="string_283" HPOS="366" VPOS="996" WIDTH="57" HEIGHT="14" WC="0.93" CONTENT="anser"/><SP WIDTH="15" VPOS="996" HPOS="423"/>
							<String ID="string_284" HPOS="438" VPOS="990" WIDTH="54" HEIGHT="20" WC="0.87" CONTENT="säväl"/><SP WIDTH="16" VPOS="990" HPOS="492"/>
							<String ID="string_285" HPOS="508" VPOS="991" WIDTH="130" HEIGHT="19" WC="0.96" CONTENT="kommunens"/><SP WIDTH="14" VPOS="991" HPOS="638"/>
							<String ID="string_286" HPOS="652" VPOS="991" WIDTH="36" HEIGHT="18" WC="0.96" CONTENT="fria"/><SP WIDTH="11" VPOS="991" HPOS="688"/>
							<String ID="string_287" HPOS="699" VPOS="990" WIDTH="154" HEIGHT="21" WC="0.96" CONTENT="beslutanderätt"/>
						</TextLine>
						<TextLine ID="line_32" HPOS="109" VPOS="1016" WIDTH="741" HEIGHT="26">
							<String ID="string_288" HPOS="109" VPOS="1022" WIDTH="44" HEIGHT="14" WC="0.96" CONTENT="som"/><SP WIDTH="15" VPOS="1022" HPOS="153"/>
							<String ID="string_289" HPOS="168" VPOS="1017" WIDTH="36" HEIGHT="19" WC="0.96" CONTENT="ock"/><SP WIDTH="15" VPOS="1017" HPOS="204"/>
							<String ID="string_290" HPOS="219" VPOS="1020" WIDTH="75" HEIGHT="17" WC="0.96" CONTENT="statens"/><SP WIDTH="10" VPOS="1020" HPOS="294"/>
							<String ID="string_291" HPOS="304" VPOS="1017" WIDTH="64" HEIGHT="25" WC="0.96" CONTENT="billiga"/><SP WIDTH="15" VPOS="1017" HPOS="368"/>
							<String ID="string_292" HPOS="383" VPOS="1017" WIDTH="79" HEIGHT="20" WC="0.96" CONTENT="fordran"/><SP WIDTH="15" VPOS="1017" HPOS="462"/>
							<String ID="string_293" HPOS="477" VPOS="1020" WIDTH="28" HEIGHT="17" WC="0.96" CONTENT="att"/><SP WIDTH="11" VPOS="1020" HPOS="505"/>
							<String ID="string_294" HPOS="516" VPOS="1017" WIDTH="63" HEIGHT="20" WC="0.95" CONTENT="denna"/><SP WIDTH="14" VPOS="1017" HPOS="579"/>
							<String ID="string_295" HPOS="593" VPOS="1018" WIDTH="38" HEIGHT="18" WC="0.96" CONTENT="rätt"/><SP WIDTH="14" VPOS="1018" HPOS="631"/>
							<String ID="string_296" HPOS="645" VPOS="1016" WIDTH="16" HEIGHT="25" WC="0.96" CONTENT="ej"/><SP WIDTH="12" VPOS="1016" HPOS="661"/>
							<String ID="string_297" HPOS="673" VPOS="1016" WIDTH="32" HEIGHT="20" WC="0.96" CONTENT="må"/><SP WIDTH="14" VPOS="1016" HPOS="705"/>
							<String ID="string_298" HPOS="719" VPOS="1016" WIDTH="131" HEIGHT="25" WC="0.95" CONTENT="missbrukas,"/>
						</TextLine>
						<TextLine ID="line_33" HPOS="108" VPOS="1042" WIDTH="447" HEIGHT="27">
							<String ID="string_299" HPOS="108" VPOS="1042" WIDTH="25" HEIGHT="27" WC="0.96" CONTENT="på"/><SP WIDTH="15" VPOS="1042" HPOS="133"/>
							<String ID="string_300" HPOS="148" VPOS="1043" WIDTH="52" HEIGHT="20" WC="0.93" CONTENT="detta"/><SP WIDTH="15" VPOS="1043" HPOS="200"/>
							<String ID="string_301" HPOS="215" VPOS="1045" WIDTH="39" HEIGHT="18" WC="0.96" CONTENT="sätt"/><SP WIDTH="15" VPOS="1045" HPOS="254"/>
							<String ID="string_302" HPOS="269" VPOS="1049" WIDTH="46" HEIGHT="14" WC="0.96" CONTENT="vara"/><SP WIDTH="15" VPOS="1049" HPOS="315"/>
							<String ID="string_303" HPOS="330" VPOS="1044" WIDTH="78" HEIGHT="19" WC="0.96" CONTENT="säkrast"/><SP WIDTH="12" VPOS="1044" HPOS="408"/>
							<String ID="string_304" HPOS="420" VPOS="1043" WIDTH="135" HEIGHT="26" WC="0.95" CONTENT="garanterade."/>
						</TextLine>
					</TextBlock>
					<TextBlock ID="block_3" HPOS="109" VPOS="1069" WIDTH="745" HEIGHT="134">
						<TextLine ID="line_34" HPOS="162" VPOS="1069" WIDTH="691" HEIGHT="26">
							<String ID="string_305" HPOS="162" VPOS="1070" WIDTH="101" HEIGHT="20" WC="0.96" CONTENT="Utskottet"/><SP WIDTH="14" VPOS="1070" HPOS="263"/>
							<String ID="string_306" HPOS="277" VPOS="1070" WIDTH="44" HEIGHT="25" WC="0.96" CONTENT="kan,"/><SP WIDTH="18" VPOS="1070" HPOS="321"/>
							<String ID="string_307" HPOS="339" VPOS="1071" WIDTH="25" HEIGHT="18" WC="0.95" CONTENT="till"/><SP WIDTH="22" VPOS="1071" HPOS="364"/>
							<String ID="string_308" HPOS="386" VPOS="1069" WIDTH="44" HEIGHT="26" WC="0.96" CONTENT="följe"/><SP WIDTH="21" VPOS="1069" HPOS="430"/>
							<String ID="string_309" HPOS="451" VPOS="1071" WIDTH="19" HEIGHT="18" WC="0.96" CONTENT="af"/><SP WIDTH="14" VPOS="1071" HPOS="470"/>
							<String ID="string_310" HPOS="484" VPOS="1070" WIDTH="50" HEIGHT="20" WC="0.93" CONTENT="hvad"/><SP WIDTH="21" VPOS="1070" HPOS="534"/>
							<String ID="string_311" HPOS="555" VPOS="1069" WIDTH="76" HEIGHT="20" WC="0.92" CONTENT="anfördt"/><SP WIDTH="20" VPOS="1069" HPOS="631"/>
							<String ID="string_312" HPOS="651" VPOS="1069" WIDTH="69" HEIGHT="25" WC="0.96" CONTENT="blifvit,"/><SP WIDTH="20" VPOS="1069" HPOS="720"/>
							<String ID="string_313" HPOS="740" VPOS="1069" WIDTH="16" HEIGHT="24" WC="0.93" CONTENT="ej"/><SP WIDTH="18" VPOS="1069" HPOS="756"/>
							<String ID="string_314" HPOS="774" VPOS="1069" WIDTH="79" HEIGHT="20" WC="0.90" CONTENT="till-alla"/>
						</TextLine>
						<TextLine ID="line_35" HPOS="109" VPOS="1095" WIDTH="745" HEIGHT="27">
							<String ID="string_315" HPOS="109" VPOS="1095" WIDTH="55" HEIGHT="20" WC="0.96" CONTENT="delar"/><SP WIDTH="13" VPOS="1095" HPOS="164"/>
							<String ID="string_316" HPOS="177" VPOS="1097" WIDTH="104" HEIGHT="24" WC="0.96" CONTENT="godkänna"/><SP WIDTH="21" VPOS="1097" HPOS="281"/>
							<String ID="string_317" HPOS="302" VPOS="1095" WIDTH="148" HEIGHT="26" WC="0.93" CONTENT="ifrågavarande"/><SP WIDTH="13" VPOS="1095" HPOS="450"/>
							<String ID="string_318" HPOS="463" VPOS="1099" WIDTH="111" HEIGHT="17" WC="0.92" CONTENT="momenter"/><SP WIDTH="13" VPOS="1099" HPOS="574"/>
							<String ID="string_319" HPOS="587" VPOS="1096" WIDTH="20" HEIGHT="19" WC="0.96" CONTENT="af"/><SP WIDTH="15" VPOS="1096" HPOS="607"/>
							<String ID="string_320" HPOS="622" VPOS="1097" WIDTH="39" HEIGHT="19" WC="0.93" CONTENT="den"/><SP WIDTH="12" VPOS="1097" HPOS="661"/>
							<String ID="string_321" HPOS="673" VPOS="1095" WIDTH="73" HEIGHT="27" WC="0.90" CONTENT="Nädiga"/><SP WIDTH="16" VPOS="1095" HPOS="746"/>
							<String ID="string_322" HPOS="762" VPOS="1095" WIDTH="92" HEIGHT="26" WC="0.93" CONTENT="proposi-"/>
						</TextLine>
						<TextLine ID="line_36" HPOS="109" VPOS="1121" WIDTH="745" HEIGHT="28">
							<String ID="string_323" HPOS="109" VPOS="1123" WIDTH="66" HEIGHT="19" WC="0.96" CONTENT="tionen"/><SP WIDTH="14" VPOS="1123" HPOS="175"/>
							<String ID="string_324" HPOS="189" VPOS="1123" WIDTH="6" HEIGHT="19" WC="0.96" CONTENT="i"/><SP WIDTH="14" VPOS="1123" HPOS="195"/>
							<String ID="string_325" HPOS="209" VPOS="1123" WIDTH="37" HEIGHT="20" WC="0.97" CONTENT="den"/><SP WIDTH="14" VPOS="1123" HPOS="246"/>
							<String ID="string_326" HPOS="260" VPOS="1124" WIDTH="52" HEIGHT="19" WC="0.96" CONTENT="form"/><SP WIDTH="14" VPOS="1124" HPOS="312"/>
							<String ID="string_327" HPOS="326" VPOS="1123" WIDTH="26" HEIGHT="19" WC="0.96" CONTENT="de"/><SP WIDTH="13" VPOS="1123" HPOS="352"/>
							<String ID="string_328" HPOS="365" VPOS="1129" WIDTH="27" HEIGHT="14" WC="0.96" CONTENT="nu"/><SP WIDTH="14" VPOS="1129" HPOS="392"/>
							<String ID="string_329" HPOS="406" VPOS="1124" WIDTH="34" HEIGHT="19" WC="0.96" CONTENT="äro"/><SP WIDTH="14" VPOS="1124" HPOS="440"/>
							<String ID="string_330" HPOS="454" VPOS="1123" WIDTH="117" HEIGHT="26" WC="0.60" CONTENT="uppställda,"/><SP WIDTH="19" VPOS="1123" HPOS="571"/>
							<String ID="string_331" HPOS="590" VPOS="1125" WIDTH="46" HEIGHT="16" WC="0.96" CONTENT="utan"/><SP WIDTH="17" VPOS="1125" HPOS="636"/>
							<String ID="string_332" HPOS="653" VPOS="1121" WIDTH="83" HEIGHT="21" WC="0.93" CONTENT="föreslår"/><SP WIDTH="15" VPOS="1121" HPOS="736"/>
							<String ID="string_333" HPOS="751" VPOS="1122" WIDTH="103" HEIGHT="19" WC="0.92" CONTENT="vördsam-"/>
						</TextLine>
						<TextLine ID="line_37" HPOS="109" VPOS="1149" WIDTH="745" HEIGHT="26">
							<String ID="string_334" HPOS="109" VPOS="1152" WIDTH="53" HEIGHT="17" WC="0.96" CONTENT="mast"/><SP WIDTH="14" VPOS="1152" HPOS="162"/>
							<String ID="string_335" HPOS="176" VPOS="1153" WIDTH="29" HEIGHT="16" WC="0.97" CONTENT="att"/><SP WIDTH="13" VPOS="1153" HPOS="205"/>
							<String ID="string_336" HPOS="218" VPOS="1150" WIDTH="33" HEIGHT="19" WC="0.96" CONTENT="det"/><SP WIDTH="14" VPOS="1150" HPOS="251"/>
							<String ID="string_337" HPOS="265" VPOS="1150" WIDTH="73" HEIGHT="25" WC="0.96" CONTENT="förslag"/><SP WIDTH="14" VPOS="1150" HPOS="338"/>
							<String ID="string_338" HPOS="352" VPOS="1149" WIDTH="27" HEIGHT="20" WC="0.96" CONTENT="till"/><SP WIDTH="17" VPOS="1149" HPOS="379"/>
							<String ID="string_339" HPOS="396" VPOS="1150" WIDTH="152" HEIGHT="24" WC="0.95" CONTENT="reorganisation"/><SP WIDTH="15" VPOS="1150" HPOS="548"/>
							<String ID="string_340" HPOS="563" VPOS="1150" WIDTH="20" HEIGHT="18" WC="0.88" CONTENT="af"/><SP WIDTH="12" VPOS="1150" HPOS="583"/>
							<String ID="string_341" HPOS="595" VPOS="1149" WIDTH="259" HEIGHT="26" WC="0.90" CONTENT="kommunalförvaltningen"/>
						</TextLine>
						<TextLine ID="line_38" HPOS="110" VPOS="1175" WIDTH="687" HEIGHT="28">
							<String ID="string_342" HPOS="110" VPOS="1176" WIDTH="5" HEIGHT="19" WC="0.95" CONTENT="i"/><SP WIDTH="15" VPOS="1176" HPOS="115"/>
							<String ID="string_343" HPOS="130" VPOS="1175" WIDTH="98" HEIGHT="26" WC="0.68" CONTENT="städerna,"/><SP WIDTH="17" VPOS="1175" HPOS="228"/>
							<String ID="string_344" HPOS="245" VPOS="1181" WIDTH="44" HEIGHT="15" WC="0.96" CONTENT="som"/><SP WIDTH="14" VPOS="1181" HPOS="289"/>
							<String ID="string_345" HPOS="303" VPOS="1176" WIDTH="90" HEIGHT="19" WC="0.96" CONTENT="kommer"/><SP WIDTH="14" VPOS="1176" HPOS="393"/>
							<String ID="string_346" HPOS="407" VPOS="1177" WIDTH="27" HEIGHT="18" WC="0.96" CONTENT="att"/><SP WIDTH="15" VPOS="1177" HPOS="434"/>
							<String ID="string_347" HPOS="449" VPOS="1176" WIDTH="106" HEIGHT="25" WC="0.96" CONTENT="utarbetas,"/><SP WIDTH="17" VPOS="1176" HPOS="555"/>
							<String ID="string_348" HPOS="572" VPOS="1175" WIDTH="32" HEIGHT="20" WC="0.94" CONTENT="må"/><SP WIDTH="14" VPOS="1175" HPOS="604"/>
							<String ID="string_349" HPOS="618" VPOS="1175" WIDTH="105" HEIGHT="20" WC="0.96" CONTENT="innehålla:"/><SP WIDTH="71" VPOS="1175" HPOS="723"/>
							<String ID="string_350" HPOS="794" VPOS="1200" WIDTH="3" HEIGHT="3" WC="0.39" CONTENT="i"/>
						</TextLine>
					</TextBlock>
					<TextBlock ID="block_4" HPOS="206" VPOS="1201" WIDTH="648" HEIGHT="236">
						<TextLine ID="line_39" HPOS="260" VPOS="1201" WIDTH="594" HEIGHT="26">
							<String ID="string_351" HPOS="260" VPOS="1205" WIDTH="33" HEIGHT="16" WC="0.96" CONTENT="att"/><SP WIDTH="14" VPOS="1205" HPOS="293"/>
							<String ID="string_352" HPOS="307" VPOS="1202" WIDTH="218" HEIGHT="25" WC="0.96" CONTENT="stadsfullmäktige"/><SP WIDTH="14" VPOS="1202" HPOS="525"/>
							<String ID="string_353" HPOS="539" VPOS="1202" WIDTH="64" HEIGHT="24" WC="0.96" CONTENT="eller,"/><SP WIDTH="16" VPOS="1202" HPOS="603"/>
							<String ID="string_354" HPOS="619" VPOS="1202" WIDTH="41" HEIGHT="19" WC="0.93" CONTENT="der"/><SP WIDTH="15" VPOS="1202" HPOS="660"/>
							<String ID="string_355" HPOS="675" VPOS="1201" WIDTH="86" HEIGHT="20" WC="0.92" CONTENT="sådane"/><SP WIDTH="16" VPOS="1201" HPOS="761"/>
							<String ID="string_356" HPOS="777" VPOS="1207" WIDTH="20" HEIGHT="18" WC="0.93" CONTENT="ej"/><SP WIDTH="15" VPOS="1207" HPOS="797"/>
							<String ID="string_357" HPOS="812" VPOS="1201" WIDTH="42" HEIGHT="19" WC="0.90" CONTENT="fin-"/>
						</TextLine>
						<TextLine ID="line_40" HPOS="206" VPOS="1228" WIDTH="648" HEIGHT="27">
							<String ID="string_358" HPOS="206" VPOS="1235" WIDTH="51" HEIGHT="18" WC="0.95" CONTENT="nas,"/><SP WIDTH="12" VPOS="1235" HPOS="257"/>
							<String ID="string_359" HPOS="269" VPOS="1228" WIDTH="96" HEIGHT="20" WC="0.95" CONTENT="stadens"/><SP WIDTH="15" VPOS="1228" HPOS="365"/>
							<String ID="string_360" HPOS="380" VPOS="1228" WIDTH="202" HEIGHT="27" WC="0.95" CONTENT="röstberättigade"/><SP WIDTH="14" VPOS="1228" HPOS="582"/>
							<String ID="string_361" HPOS="596" VPOS="1228" WIDTH="144" HEIGHT="19" WC="0.92" CONTENT="innevånare"/><SP WIDTH="14" VPOS="1228" HPOS="740"/>
							<String ID="string_362" HPOS="754" VPOS="1233" WIDTH="40" HEIGHT="20" WC="0.91" CONTENT="ega"/><SP WIDTH="14" VPOS="1233" HPOS="794"/>
							<String ID="string_363" HPOS="808" VPOS="1228" WIDTH="46" HEIGHT="19" WC="0.92" CONTENT="fat-"/>
						</TextLine>
						<TextLine ID="line_41" HPOS="207" VPOS="1254" WIDTH="644" HEIGHT="25">
							<String ID="string_364" HPOS="207" VPOS="1258" WIDTH="21" HEIGHT="17" WC="0.95" CONTENT="ta"/><SP WIDTH="14" VPOS="1258" HPOS="228"/>
							<String ID="string_365" HPOS="242" VPOS="1256" WIDTH="81" HEIGHT="19" WC="0.96" CONTENT="beslut"/><SP WIDTH="17" VPOS="1256" HPOS="323"/>
							<String ID="string_366" HPOS="340" VPOS="1257" WIDTH="5" HEIGHT="17" WC="0.96" CONTENT="i"/><SP WIDTH="17" VPOS="1257" HPOS="345"/>
							<String ID="string_367" HPOS="362" VPOS="1256" WIDTH="44" HEIGHT="19" WC="0.93" CONTENT="alla"/><SP WIDTH="20" VPOS="1256" HPOS="406"/>
							<String ID="string_368" HPOS="426" VPOS="1255" WIDTH="136" HEIGHT="20" WC="0.90" CONTENT="ekonomie-"/><SP WIDTH="16" VPOS="1255" HPOS="562"/>
							<String ID="string_369" HPOS="578" VPOS="1255" WIDTH="43" HEIGHT="19" WC="0.90" CONTENT="och"/><SP WIDTH="22" VPOS="1255" HPOS="621"/>
							<String ID="string_370" HPOS="643" VPOS="1254" WIDTH="208" HEIGHT="25" WC="0.90" CONTENT="politie-ärender,"/>
						</TextLine>
						<TextLine ID="line_42" HPOS="207" VPOS="1279" WIDTH="645" HEIGHT="29">
							<String ID="string_371" HPOS="207" VPOS="1287" WIDTH="49" HEIGHT="14" WC="0.91" CONTENT="som"/><SP WIDTH="15" VPOS="1287" HPOS="256"/>
							<String ID="string_372" HPOS="271" VPOS="1281" WIDTH="57" HEIGHT="26" WC="0.91" CONTENT="angå"/><SP WIDTH="19" VPOS="1281" HPOS="328"/>
							<String ID="string_373" HPOS="347" VPOS="1281" WIDTH="92" HEIGHT="25" WC="0.96" CONTENT="staden,"/><SP WIDTH="16" VPOS="1281" HPOS="439"/>
							<String ID="string_374" HPOS="455" VPOS="1281" WIDTH="103" HEIGHT="20" WC="0.96" CONTENT="härifrån"/><SP WIDTH="21" VPOS="1281" HPOS="558"/>
							<String ID="string_375" HPOS="579" VPOS="1281" WIDTH="73" HEIGHT="20" WC="0.96" CONTENT="likväl"/><SP WIDTH="17" VPOS="1281" HPOS="652"/>
							<String ID="string_376" HPOS="669" VPOS="1281" WIDTH="148" HEIGHT="24" WC="0.96" CONTENT="undantagna"/><SP WIDTH="14" VPOS="1281" HPOS="817"/>
							<String ID="string_377" HPOS="831" VPOS="1279" WIDTH="21" HEIGHT="29" WC="0.96" CONTENT="ej"/>
						</TextLine>
						<TextLine ID="line_43" HPOS="207" VPOS="1307" WIDTH="647" HEIGHT="24">
							<String ID="string_378" HPOS="207" VPOS="1308" WIDTH="89" HEIGHT="19" WC="0.95" CONTENT="mindre"/><SP WIDTH="21" VPOS="1308" HPOS="296"/>
							<String ID="string_379" HPOS="317" VPOS="1308" WIDTH="29" HEIGHT="19" WC="0.93" CONTENT="de"/><SP WIDTH="16" VPOS="1308" HPOS="346"/>
							<String ID="string_380" HPOS="362" VPOS="1307" WIDTH="108" HEIGHT="24" WC="0.91" CONTENT="ärender,"/><SP WIDTH="17" VPOS="1307" HPOS="470"/>
							<String ID="string_381" HPOS="487" VPOS="1307" WIDTH="93" HEIGHT="20" WC="0.93" CONTENT="hvilkas"/><SP WIDTH="21" VPOS="1307" HPOS="580"/>
							<String ID="string_382" HPOS="601" VPOS="1307" WIDTH="127" HEIGHT="24" WC="0.91" CONTENT="afgörande"/><SP WIDTH="20" VPOS="1307" HPOS="728"/>
							<String ID="string_383" HPOS="748" VPOS="1307" WIDTH="64" HEIGHT="19" WC="0.96" CONTENT="förut"/><SP WIDTH="16" VPOS="1307" HPOS="812"/>
							<String ID="string_384" HPOS="828" VPOS="1307" WIDTH="26" HEIGHT="19" WC="0.96" CONTENT="är"/>
						</TextLine>
						<TextLine ID="line_44" HPOS="208" VPOS="1332" WIDTH="645" HEIGHT="25">
							<String ID="string_385" HPOS="208" VPOS="1333" WIDTH="59" HEIGHT="20" WC="0.96" CONTENT="eller"/><SP WIDTH="20" VPOS="1333" HPOS="267"/>
							<String ID="string_386" HPOS="287" VPOS="1333" WIDTH="44" HEIGHT="19" WC="0.93" CONTENT="kan"/><SP WIDTH="15" VPOS="1333" HPOS="331"/>
							<String ID="string_387" HPOS="346" VPOS="1333" WIDTH="71" HEIGHT="20" WC="0.91" CONTENT="varda"/><SP WIDTH="22" VPOS="1333" HPOS="417"/>
							<String ID="string_388" HPOS="439" VPOS="1333" WIDTH="138" HEIGHT="24" WC="0.91" CONTENT="hänskjutet"/><SP WIDTH="17" VPOS="1333" HPOS="577"/>
							<String ID="string_389" HPOS="594" VPOS="1332" WIDTH="148" HEIGHT="20" WC="0.96" CONTENT="omedelbart"/><SP WIDTH="18" VPOS="1332" HPOS="742"/>
							<String ID="string_390" HPOS="760" VPOS="1332" WIDTH="34" HEIGHT="19" WC="0.93" CONTENT="till"/><SP WIDTH="14" VPOS="1332" HPOS="794"/>
							<String ID="string_391" HPOS="808" VPOS="1333" WIDTH="45" HEIGHT="18" WC="0.61" CONTENT="Ma-"/>
						</TextLine>
						<TextLine ID="line_45" HPOS="207" VPOS="1358" WIDTH="645" HEIGHT="25">
							<String ID="string_392" HPOS="207" VPOS="1359" WIDTH="114" HEIGHT="24" WC="0.92" CONTENT="gistraten"/><SP WIDTH="19" VPOS="1359" HPOS="321"/>
							<String ID="string_393" HPOS="340" VPOS="1359" WIDTH="60" HEIGHT="20" WC="0.96" CONTENT="eller"/><SP WIDTH="17" VPOS="1359" HPOS="400"/>
							<String ID="string_394" HPOS="417" VPOS="1364" WIDTH="72" HEIGHT="14" WC="0.96" CONTENT="annan"/><SP WIDTH="18" VPOS="1364" HPOS="489"/>
							<String ID="string_395" HPOS="507" VPOS="1358" WIDTH="107" HEIGHT="25" WC="0.93" CONTENT="offentlig"/><SP WIDTH="20" VPOS="1358" HPOS="614"/>
							<String ID="string_396" HPOS="634" VPOS="1358" WIDTH="218" HEIGHT="25" WC="0.90" CONTENT="stadsmyndighet,"/>
						</TextLine>
						<TextLine ID="line_46" HPOS="208" VPOS="1383" WIDTH="645" HEIGHT="27">
							<String ID="string_397" HPOS="208" VPOS="1387" WIDTH="27" HEIGHT="18" WC="0.96" CONTENT="än"/><SP WIDTH="24" VPOS="1387" HPOS="235"/>
							<String ID="string_398" HPOS="259" VPOS="1385" WIDTH="44" HEIGHT="20" WC="0.96" CONTENT="alla"/><SP WIDTH="21" VPOS="1385" HPOS="303"/>
							<String ID="string_399" HPOS="324" VPOS="1386" WIDTH="27" HEIGHT="18" WC="0.96" CONTENT="de"/><SP WIDTH="18" VPOS="1386" HPOS="351"/>
							<String ID="string_400" HPOS="369" VPOS="1383" WIDTH="56" HEIGHT="27" WC="0.96" CONTENT="mål,"/><SP WIDTH="21" VPOS="1383" HPOS="425"/>
							<String ID="string_401" HPOS="446" VPOS="1385" WIDTH="78" HEIGHT="20" WC="0.96" CONTENT="hvilka"/><SP WIDTH="20" VPOS="1385" HPOS="524"/>
							<String ID="string_402" HPOS="544" VPOS="1384" WIDTH="55" HEIGHT="20" WC="0.96" CONTENT="böra"/><SP WIDTH="18" VPOS="1384" HPOS="599"/>
							<String ID="string_403" HPOS="617" VPOS="1384" WIDTH="38" HEIGHT="20" WC="0.93" CONTENT="vid"/><SP WIDTH="21" VPOS="1384" HPOS="655"/>
							<String ID="string_404" HPOS="676" VPOS="1383" WIDTH="177" HEIGHT="27" WC="0.90" CONTENT="kyrkostämma"/>
						</TextLine>
						<TextLine ID="line_47" HPOS="209" VPOS="1411" WIDTH="153" HEIGHT="26">
							<String ID="string_405" HPOS="209" VPOS="1411" WIDTH="153" HEIGHT="26" WC="0.95" CONTENT="handläggas;"/>
						</TextLine>
					</TextBlock>
					<TextBlock ID="block_5" HPOS="263" VPOS="1436" WIDTH="590" HEIGHT="27">
						<TextLine ID="line_48" HPOS="263" VPOS="1436" WIDTH="590" HEIGHT="27">
							<String ID="string_406" HPOS="263" VPOS="1441" WIDTH="33" HEIGHT="17" WC="0.96" CONTENT="att"/><SP WIDTH="23" VPOS="1441" HPOS="296"/>
							<String ID="string_407" HPOS="319" VPOS="1438" WIDTH="149" HEIGHT="25" WC="0.96" CONTENT="Magistraten"/><SP WIDTH="22" VPOS="1438" HPOS="468"/>
							<String ID="string_408" HPOS="490" VPOS="1437" WIDTH="143" HEIGHT="21" WC="0.96" CONTENT="verkställer"/><SP WIDTH="20" VPOS="1437" HPOS="633"/>
							<String ID="string_409" HPOS="653" VPOS="1437" WIDTH="28" HEIGHT="20" WC="0.96" CONTENT="de"/><SP WIDTH="20" VPOS="1437" HPOS="681"/>
							<String ID="string_410" HPOS="701" VPOS="1436" WIDTH="91" HEIGHT="21" WC="0.92" CONTENT="fattade"/><SP WIDTH="21" VPOS="1436" HPOS="792"/>
							<String ID="string_411" HPOS="813" VPOS="1436" WIDTH="40" HEIGHT="20" WC="0.92" CONTENT="be-"/>
						</TextLine>
					</TextBlock>
				</ComposedBlock>
			</PrintSpace>
		</Page>
	</Layout>
</alto>
