1011 1692
296 142 70 22 Nådiga
377 142 140 24 Propositionen
529 142 36 18 N:o
576 144 29 16 30.

788 142 34 20 895

107 218 38 18 och
168 217 168 26 antagningsbref,
360 218 179 28 protokollsuturag
566 224 26 13 m.
617 224 27 14 m.

107 244 127 25 hvarigenom
248 244 85 24 embete,
349 246 60 22 tjenst
429 244 48 20 eller
491 245 107 25 befattning
612 246 34 18 be-

106 258 68 32 sättes
182 270 37 19 och
240 256 115 43 bortgifves,
372 271 47 20 eller
440 271 39 19 ock
492 260 106 37 värdighet
608 272 38 19 för-

106 303 70 18 unnas,
187 297 46 19 med
249 297 96 26 undantag
359 298 20 18 af
389 297 53 24 Jem,
458 303 43 14 som
515 297 4 18 i
534 291 64 26 denna
608 298 38 19 för-

106 323 82 30 ordning
202 323 64 20 finnas
280 323 94 20 särskildt
388 324 125 19 omnämnua:

79 349 24 24 a)
118 348 10 20 å
144 349 74 26 verklig
233 348 61 27 tjenst
301 349 47 20 med
357 350 100 19 bestämdt
471 349 56 27 årligt
536 350 110 25 löneanslag

106 375 31 32 på
146 378 49 17 stat:

80 403 33 19 1:0
129 402 10 19 å
154 402 86 24 militärt,
256 402 60 25 civilt,
334 402 135 20 ecklesiastik-
479 404 36 19 och
531 403 117 20 skollärare-

107 429 86 24 embete,
209 429 66 25 tjenst,
292 429 63 26 syssla
370 429 47 20 eller
432 429 121 26 beställning,
569 435 45 14 som
628 430 20 19 af

107 457 62 18 Hans
184 455 133 26 Kejserliga
330 455 110 26 Majestät
454 456 47 20 eller
515 456 132 20 vederböran-

107 483 25 20 de
147 482 116 27 myndighet
283 483 96 24 tillsättes,
396 482 86 21 skrifves
502 483 24 26 på
542 483 105 25 stämpladt

107 515 75 20 papper
197 509 109 20 beräknadt
322 509 50 20 efter
389 511 12 17 4
415 512 83 22 procent
511 509 21 20 af
543 509 105 26 penninge-

108 537 39 18 och
162 537 23 18 12
201 539 82 21 procent
299 536 21 19 af
332 531 59 33 indelt
401 536 33 19 lön
449 537 29 18 för
493 535 48 25 året,
557 536 30 19 för
600 536 46 24 den,

107 562 78 20 hvilken
200 563 60 18 första
278 561 76 26 gången
375 562 94 20 tillträder
482 561 60 26 tjenst
556 562 45 20 met
616 562 29 19 lön

106 589 25 25 på
148 589 96 24 Kronans,
266 588 64 25 någon
348 589 55 19 stads
425 589 46 20 eller
488 590 71 19 allmän
580 589 66 19 inrätt-

107 616 57 24 nings
179 617 45 17 stat.
249 615 43 20 Men
307 615 32 20 vid
353 615 106 20 befordran
473 615 27 20 till
509 620 63 15 annan
586 614 60 25 tjenst

107 641 98 20 beräknas
220 641 68 20 kartan
308 641 69 20 endast
394 642 49 19 efter
465 642 105 23 skilnaden,
588 643 60 18 hvar-

107 667 46 20 med
167 667 38 20 den
226 667 98 20 tillträdda
344 668 56 19 lönen
414 669 38 18 kan
473 657 123 39 örverskjuta
610 667 37 20 den

107 695 53 18 förut
174 694 111 20 innehafda.
308 691 26 23 Är
347 694 58 19 lönen
414 694 33 19 vid
457 694 37 19 den
504 700 42 25 nya
561 693 85 25 tjensten

107 721 44 19 icke
166 723 70 22 större,
252 720 87 20 utfärdas
353 721 114 19 fullmakten
489 721 23 25 pä
527 720 62 21 sådan
602 720 46 19 kar-

108 750 25 22 ta,
150 753 44 13 som
215 747 29 19 för
265 747 161 20 embetsverkets
448 747 133 26 expeditioner
595 747 4 19 i
615 747 33 19 all-

107 774 81 19 mänhet
201 774 66 25 gäller.

81 801 34 20 2:0
130 800 11 20 ä
157 801 116 24 beställning
294 800 25 25 pä
341 800 104 20 obestämd
468 801 26 20 tid
509 801 46 19 eller
575 799 25 26 pä
615 800 34 19 be-

109 827 64 20 stämd
188 826 27 21 tid
230 827 20 19 af
263 829 27 17 ett
308 826 22 20 är
345 827 47 20 eller
409 827 113 20 Jerutöfver
536 827 46 20 med
598 826 51 19 visst

109 853 56 27 årligt
178 854 75 20 arvode
268 854 46 19 eller
328 854 74 24 anslag,
418 855 11 18 2
444 856 82 22 procent
540 852 20 21 af
573 856 28 16 ett
615 852 33 20 års

108 880 81 20 arvode.

82 908 34 20 3:0
131 906 10 20 å
156 906 116 26 beställning
287 906 24 25 på
322 907 42 19 viss
378 906 28 20 tid
418 906 64 20 under
496 909 28 17 ett
537 906 28 24 år,
582 906 67 19 äfven-

109 939 44 14 som
167 932 11 20 å
192 933 115 25 beställning
321 935 45 17 utan
383 933 82 20 dermed
483 932 79 21 förenad
577 933 31 19 lön
623 932 26 20 el-

109 960 29 20 ler
153 960 98 20 bestämdt
265 960 80 24 arvode,
367 960 86 20 skrifves
474 959 10 20 å
501 960 38 20 den
558 959 30 20 för
604 964 45 14 ver-

109 987 45 19 kets
168 986 60 26 öfriga
243 986 134 25 expeditioner
391 986 93 25 stadgade
499 986 61 20 karta.

82 1014 34 19 4:0
131 1012 10 20 å
156 1002 279 36 kontraktsprostebefattning
503 1029 3 3 E

83 1040 44 20 Men
141 1040 101 19 förordnas
263 1039 45 25 den,
328 1044 42 14 som
391 1040 51 18 förut
463 1028 78 31 erhållit
560 1027 89 31 fullmakt

110 1066 10 20 å
136 1066 135 19 Proste-namn
279 1055 38 30 och
324 1066 111 26 värdighet,
444 1066 26 20 till
481 1066 167 24 kontraktsprost,

109 1098 47 20 eger
177 1092 147 26 kartasigillata-
316 1092 62 26 -afgift
397 1093 30 19 för
445 1093 52 19 detta
518 1091 131 21 förordnande

111 1120 44 19 icke
170 1124 50 15 rum,

84 1147 33 19 5:o
136 1145 11 20 å
161 1145 250 27 kyrkoherde-beställning
425 1146 89 20 karteras
529 1146 49 19 efter
592 1145 38 19 den
644 1145 4 19 i

113 1174 50 18 1:sta
178 1173 86 24 punkten
280 1172 102 20 bestämda
396 1172 63 25 grund
468 1173 29 19 för
511 1172 52 19 hvad
572 1172 22 18 af
601 1172 49 19 Kro-

110 1204 39 14 nan
163 1198 67 20 bestäs
245 1199 39 18 och
304 1200 78 29 syssian
403 1198 76 25 åtföljer
493 1198 5 19 i
515 1198 132 26 penningelön,

111 1225 47 20 eller
172 1224 36 20 ock
222 1225 5 19 i
242 1220 95 30 spanmäl,
350 1226 92 18 hemman
454 1225 45 19 eller
511 1224 139 25 räntepersed-

110 1251 38 23 lar;
171 1252 107 18 hvarutom
294 1251 30 19 för
343 1251 152 29 kyrkoherdens
508 1251 109 19 inkomster
631 1250 21 19 af

112 1267 137 35 församlingen
269 1277 98 19 beräknas
383 1278 38 18 och
443 1277 86 25 tillägges
550 1276 99 25 särskildt,

112 1304 65 20 ehvad
191 1296 67 33 pastor.
260 1306 40 17 atet
313 1304 22 18 är
348 1303 103 25 imperielt,
463 1302 138 24 konsistorielt,
616 1308 36 19 pa-

113 1330 71 18 tronelt
198 1330 47 18 eller
260 1329 67 19 såsom
341 1334 63 14 annex
420 1329 125 25 disponeras:

86 1355 31 19 för
130 1355 148 25 landtpastorat,
295 1356 30 18 för
344 1354 70 25 hvarje
433 1355 21 18 af
466 1355 25 19 de
511 1354 71 20 mantal
597 1354 5 18 i
617 1359 35 19 pa-

113 1384 89 23 storatet,
224 1387 44 13 som
288 1381 32 19 vid
340 1382 87 24 prestval
448 1381 37 19 och
504 1380 107 26 utgörande
632 1380 21 19 af

113 1410 79 28 pastors
212 1408 83 25 aflöning
310 1406 50 27 tjena
381 1407 24 20 till
424 1408 70 25 grund,
512 1396 60 32 sedan
592 1406 58 21 likväl

113 1435 53 20 inom
179 1437 109 24 pastoratet
301 1434 98 26 befintlige
414 1420 184 44 kleresilägenheter
610 1433 40 20 blif-
