1009 1700
6 483 4 38 rent
5 446 7 25 OT

183 156 40 33 620
432 158 71 22 Nådiga
515 158 140 23 Propositionen
667 157 37 17 N:o
715 156 29 19 26.

187 209 60 20 tande
257 208 122 26 hänskjutas,
390 208 68 20 såsom
468 208 39 19 och
516 207 83 20 rörande
608 206 129 26 väghållning,
749 205 122 30 vägdelning,;
883 205 45 19 bro-

188 235 98 27 byggnad,
302 234 157 26 hållskjutsning,
475 233 164 27 fångskjutsning,
655 232 134 31 snöplogning,
800 232 129 25 häradspost-

188 262 68 26 föring,
273 262 46 19 med
333 261 48 19 flere
395 261 64 26 dylika
473 260 94 25 ärender,
586 259 67 20 hvilka
668 264 26 20 pä
715 258 158 25 Häradsrättens,
889 258 41 19 Gu-

189 289 109 19 vernörens
320 288 39 20 och
385 288 59 19 andra
467 287 148 26 myndigheters
637 285 68 20 vidare
731 285 140 26 handläggning
896 290 34 14 an-

190 315 88 19 komma.

539 366 11 26 $
564 366 19 19 8.

244 412 41 20 Har
298 411 6 20 i
318 412 198 19 kommunalstämma
530 410 87 26 förening
626 409 64 20 blifvit
703 408 94 27 ingången
805 414 33 14 om
848 407 86 30 särskill-

191 439 25 19 da
230 438 80 27 stadgar
325 439 26 20 till
365 437 134 26 befrämjande
513 438 20 19 af
545 437 71 20 allmän
630 436 87 25 ordning,
733 441 36 20 ege
779 436 97 19 stämman
884 440 50 20 jem-

191 465 32 20 väl
237 465 30 19 för
281 464 154 21 öfverträdelser
448 465 21 19 af
480 465 103 20 desamma
600 461 71 22 föreslå
691 463 90 28 lämpliga
800 462 62 24 viten,
881 461 52 20 dock

192 490 17 26 ej
224 491 145 26 öfverstigande
383 492 26 19 tio
424 491 62 20 mark.
516 490 73 21 Sådant
602 490 65 19 beslut
682 494 47 15 vare
743 495 17 19 ej
775 488 68 26 giltigt,
854 488 36 20 der
899 488 35 20 Jet

192 517 43 20 icke
249 518 71 19 blifver
333 519 21 18 af
366 517 128 20 Guvernören
504 517 26 20 till
543 516 132 21 efterrättelse
684 515 106 20 faststäldt.

540 570 11 26 $
564 570 19 20 9.

246 614 99 27 Rättighet
355 616 28 18 att
394 614 1 20 i
402 614 211 20 kommunalstämmas
621 612 145 26 öfverläggning
773 612 112 26 och'beslut
894 612 41 20 del-

193 643 45 24 taga
251 642 122 25 tillkommer
386 639 70 27 hvarje
469 639 108 25 välfrejdad
590 638 86 21 medlem
689 639 6 19 i
709 639 128 25 kommunen,
849 640 47 18 utan
905 638 29 20 åt-

193 667 77 21 skilnad
283 668 21 19 af
316 667 168 25 trosbekännelse,
500 671 45 16 som
558 672 47 20 eger
618 665 53 20 finsk
684 664 142 26 medborgares
835 664 100 21 förmåner

193 694 38 19 och
245 694 37 19 har
295 696 28 18 att
336 693 45 26 sjelf
396 694 59 24 öfver,
470 693 29 26 sig
513 694 39 18 och
566 693 34 19 sitt
613 692 48 26 gods
676 691 54 24 råda;
745 693 22 18 är
781 691 111 20 förbunden
905 694 29 18 att

194 720 27 20 till
235 720 119 20 kommunen
367 721 68 25 utgöra
449 720 59 24 skatt;
525 718 16 26 ej
556 719 65 20 häftar
634 719 30 19 för
681 718 90 20 obetalde
787 718 148 20 kommunalut-

194 746 87 26 skylder;
297 746 18 26 ej
330 746 41 20 står
388 747 64 19 under
469 751 74 15 annans
561 744 170 24 husbondevälde;
751 745 38 19 och
806 744 17 26 ej
840 744 71 26 heller,
928 744 6 20 i

194 773 85 26 enlighet
300 773 47 20 med
370 773 87 25 gällande
478 772 133 25 föreskrifter,
633 773 22 18 är
675 771 29 20 att
724 770 67 21 såsom
817 771 118 21 försvarslös

194 804 66 15 anses.

247 826 106 20 Enadanda
366 826 94 26 rättighet
472 826 121 20 tillkommer
607 824 37 20 ock
657 824 63 26 bolag.
777 836 2 2 :

247 852 38 20 För
304 853 58 25 öfrigt
377 853 50 25 gälle
444 853 30 19 för
489 852 115 25 deltagande
620 851 5 19 i
642 851 212 20 kommunalstämmas
870 851 66 21 beslut

194 878 54 20 hvad
262 879 6 19 i
282 878 21 26 $$
317 880 25 20 40
357 879 37 20 och
409 880 22 19 41
448 878 69 21 vidare
531 878 88 26 stadgas.

533 932 10 25 $
558 933 31 18 10.
910 934 4 6 :

248 976 86 24 Landbo,
350 975 115 21 arrendator
479 975 48 20 eller
541 974 159 21 hälftenbrukare
713 976 54 18 röste
781 975 30 20 för
824 974 38 21 den
871 976 65 25 lägen-

195 1002 34 20 het
243 1002 38 20 han
296 1002 88 20 innehar.
413 1001 24 26 Ej
451 1001 33 21 må
498 1007 61 19 egare
572 1000 105 21 förbehålla
692 1002 29 25 sig
739 1004 29 17 att
784 1002 30 19 för
831 1001 61 21 sådan
909 1002 28 20 fa-

195 1028 74 26 stighet
287 1029 1 19 i
302 1029 201 19 kommunalstämma
517 1028 67 20 utöfva
599 1028 87 25 rösträtt,
702 1028 35 20 der
751 1027 39 21 han
799 1028 44 20 icke
853 1030 21 18 är
884 1029 52 19 inom

195 1055 122 21 kommunen
331 1055 72 20 bosatt.
895 1070 2 2 ;

247 1081 62 25 Enka,
325 1080 94 21 frånskild
433 1082 72 19 hustru
519 1081 47 19 eller
580 1081 53 25 ogift,
652 1081 80 26 myndig
749 1081 99 19 förklarad
864 1082 72 24 gvinna

169 1120 2 2 +
194 1107 136 25 tillgodonjute
342 1107 104 21 derstädes
459 1108 88 20 rösträtt.

247 1134 38 20 För
299 1133 104 27 omyndige
417 1134 54 20 röste
485 1133 126 27 förmyndare
625 1134 56 25 eller,
697 1133 36 20 der
747 1134 48 19 flere
809 1134 127 26 förmyndare

195 1161 40 23 äro,
249 1161 40 26 den
303 1166 44 14 som
361 1160 60 20 desse
434 1160 61 21 bland
509 1160 29 26 sig
552 1162 52 17 utse.

248 1188 27 19 Är
288 1186 34 20 det
335 1187 82 20 samfäld
431 1187 103 25 egendom,
551 1186 32 20 må
597 1186 18 25 ej
630 1186 47 20 flere
691 1188 24 18 än
733 1192 24 14 en
774 1192 72 19 person
847 1182 7 34 :
864 1188 52 19 talan
929 1187 6 20 i

195 1213 198 20 kommunalstämma
407 1213 47 19 föra.

247 1239 8 18 I
268 1239 54 23 fråga
336 1245 34 12 om
383 1239 57 24 bolag
454 1239 32 18 må
501 1239 111 19 detsamma
626 1239 48 18 eller
687 1239 48 18 dess
749 1239 92 26 styrelse,
858 1240 38 18 och
905 1240 31 18 för

194 1263 93 20 oskiftadt
300 1263 26 20 bo
340 1264 115 25 delegarene
468 1264 6 20 i
488 1264 47 20 boet
549 1264 73 20 ombud
635 1267 52 17 utse.

246 1290 39 18 För
299 1290 102 25 egendom,
420 1290 68 25 näring
506 1291 38 18 och
561 1291 85 21 rörelse,
665 1296 44 13 som
725 1290 64 20 under
805 1290 130 27 borgenärers

194 1316 116 26 förvaltning
324 1316 48 25 står,
388 1316 105 20 äfvensom
507 1316 6 20 i
527 1316 101 20 enahanda
642 1316 30 20 fall
687 1317 30 19 för
731 1317 38 19 fast
783 1317 102 25 egendom,
899 1318 36 19 der

194 1342 38 20 den
247 1341 16 25 ej
279 1343 20 19 af
311 1342 70 21 landbo
395 1343 47 19 eller
456 1342 115 21 arrendator
585 1343 122 25 innehafves,
721 1343 34 20 må
770 1343 17 26 ej
802 1344 72 19 röstas.

247 1369 60 25 Hvar,
324 1374 44 14 som
381 1369 30 19 för
425 1370 72 25 nesligt
510 1370 53 20 brott
577 1370 64 20 blifvit
654 1369 27 20 till
690 1375 71 14 ansvar
771 1370 59 20 dömd
840 1370 48 20 eller
897 1371 38 19 för-

194 1394 69 21 klarad
277 1395 152 26 medborgerligt
442 1396 111 20 förtroende
567 1396 94 26 förlustig,
677 1402 37 20 ege
727 1395 18 26 ej
763 1396 34 20 vid
813 1396 123 21 kommunal-

194 1423 84 18 stämma
291 1422 88 20 rösträtt.
408 1422 57 20 Dock
480 1428 47 14 vare
541 1423 73 19 honom
627 1422 18 25 ej
659 1422 78 26 betaget
753 1426 29 17 att
796 1423 5 19 i
818 1423 53 20 hvad
886 1424 48 20 hans

193 1447 87 21 enskilda
294 1450 39 18 rätt
347 1447 60 27 angår
421 1450 30 18 sin
465 1449 52 20 talan
531 1448 70 20 dervid
615 1449 83 20 bevaka.
