1017 1692
187 137 34 39 804
402 139 71 31 Nådiga
484 150 140 22 Propositionen
637 149 35 17 N:o
685 150 28 16 28.

189 199 71 24 komst,
276 198 27 20 till
319 199 37 19 och
370 198 45 20 med
430 199 76 19 utöfver
521 198 33 20 det
568 198 77 26 belopp,
665 204 44 14 som
726 198 67 19 hittills
813 198 69 20 influtit
896 204 34 20 ge-

189 231 46 13 nom
251 226 35 18 alla
303 230 81 20 person-
402 226 37 18 och
456 224 168 26 röktals-pålagor,
641 225 25 19 till
684 225 66 19 hvilka
765 225 51 19 dock
831 225 43 19 icke
886 225 45 20 räk-

189 254 44 17 nats
253 251 178 19 handtverksmäns
453 252 146 25 gerningsören,
622 253 45 18 enär
687 251 102 20 desamma
809 252 81 19 komme
903 254 28 16 att

189 278 97 24 framgent
299 277 45 25 utgå
359 280 46 17 utan
420 283 61 14 annan
496 278 120 25 förändring,
631 279 24 18 än
669 280 28 17 att
711 278 92 25 beloppet
817 278 62 19 skulle
893 278 38 19 för-

191 304 55 25 höjas
261 303 42 20 från
318 304 25 19 48
358 303 63 26 kopek
433 304 26 19 till
480 305 5 18 2
502 304 63 19 mark.

243 331 64 18 Jemte
323 330 34 19 det
375 330 104 19 ständerne
494 331 28 19 för
536 330 57 26 öfrigt
607 330 139 26 underdånigst
759 330 75 20 anhålla
855 331 34 19 det
906 332 23 19 E.

191 357 23 19 K.
229 357 55 20 M:t
276 352 11 34 i
298 356 61 20 nåder
373 357 44 19 ville
438 356 37 20 låta
494 357 76 19 utfärda
591 358 90 18 närmare
704 357 123 19 föreskrifter
849 357 83 25 angåen-

191 383 24 19 de
228 383 236 26 mantalsskrifningarnes
475 384 124 24 förrättande,
610 384 102 19 äfvensom
726 389 38 20 nya
777 384 117 19 formulärer
904 384 26 19 till

192 409 161 26 mantalslängder
367 415 26 14 m.
410 415 27 14 m.
454 410 52 19 hvad
520 409 62 20 dertill
601 411 46 18 höra
659 410 47 25 kan,
721 409 18 20 få
755 410 113 25 ständerne,
884 410 5 19 i
898 416 34 13 en-

192 437 59 24 lighet
269 436 45 19 med
329 437 52 19 hvad
396 437 59 18 ofvan
469 437 83 24 anförts,
568 437 30 18 för
612 437 30 18 sin
657 437 38 24 del,
707 435 140 28 underdånigst
855 437 77 19 besluta

191 462 84 25 följande
289 463 111 25 förordning
414 469 32 13 om
461 463 109 25 personella
584 463 139 26 utskylderne:

245 489 9 25 $
269 490 18 19 4.
317 489 117 20 Nuvarande
448 489 196 26 mantalspenningar,
660 490 97 25 lagmans-
771 490 38 19 och
818 489 114 20 häradshöf-

193 516 58 25 dinge
266 517 75 23 räntan,
357 515 177 26 djeknepenningar
549 519 51 17 samt
614 516 24 19 de
652 517 28 18 uti
698 516 93 25 Wiborgs
808 517 31 18 län
854 517 79 24 erlagde

191 543 229 25 poduschniepenningar
436 543 79 19 komma
533 545 27 17 att
580 543 29 19 för
626 543 103 19 framtiden
745 543 99 25 upphöra;
864 543 4 18 i
887 542 46 25 följd

192 569 70 19 hvaraf
275 569 57 19 äfven
347 569 115 25 stadgandet
476 570 4 18 i
495 569 73 25 Nådiga
582 569 133 25 Kungörelsen
729 569 37 20 den
782 570 24 19 10
820 568 37 25 Maj
873 570 59 24 1850,

192 594 22 20 så
230 595 41 19 vidt
283 595 110 19 detsimma
405 595 61 25 angår
476 596 92 25 beloppet
581 596 21 19 af
614 595 25 19 de
649 596 109 24 personella
769 595 108 26 utskylder,
889 601 44 14 som

193 621 48 20 böra
256 622 89 24 erläggas
360 621 19 19 af
392 621 73 20 sådane
479 623 26 18 till
520 621 147 20 arbetsklassen
681 622 87 19 hörande
781 627 96 20 personer
892 622 42 19 från

191 647 86 25 Finland,
293 647 66 20 hvilka
373 647 23 26 på
412 648 103 19 obestämd
530 648 26 19 tid
571 648 62 19 vistas
651 648 6 19 i
673 648 110 26 Ryssland,
802 648 91 20 kommer
906 651 28 17 att

193 674 27 19 till
235 673 51 20 kraft
299 674 38 19 och
352 674 74 19 verkan
441 675 81 18 förfalla.

245 700 9 25 $
269 701 18 18 2.
317 701 7 18 I
339 701 63 18 stället
417 700 48 20 skall
481 707 23 13 en
522 706 114 19 gemensam
653 701 97 24 personell
768 701 88 26 utskyld,
872 701 62 20 under

191 732 60 13 namn
266 727 20 18 af
298 727 197 26 mantalspenningar,
511 727 5 19 i
530 727 67 19 landet
611 727 79 25 införas,
707 727 88 25 hvilken,
806 728 38 19 lika
854 728 45 19 med
909 728 25 19 de

191 758 82 14 numera
288 753 107 19 afskaffade
409 754 108 24 afgifterna,
534 753 49 20 skall
598 753 58 20 blifva
671 759 23 14 en
715 753 96 20 ordinarie
829 754 52 19 skatt
897 755 39 19 och

191 778 74 25 årligen
280 780 87 25 erläggas
381 780 46 19 med
441 779 33 20 två
489 780 56 19 mark
559 780 30 19 för
603 785 44 14 man
661 781 38 18 och
714 786 24 13 en
753 780 55 19 mark
823 781 30 19 för
863 781 71 25 qvinna

192 806 21 19 af
227 807 36 18 alla
281 806 25 19 de
322 806 63 19 finska
406 807 138 25 medborgare,
565 812 43 13 som
626 807 41 18 före
683 806 69 25 början
769 807 20 19 af
804 807 35 19 det
855 807 32 25 år,
906 808 30 19 för

191 831 75 21 hvilket
283 833 78 19 skatten
379 835 89 23 utgöres,
488 834 42 25 fyllt
549 833 23 19 16
590 832 32 20 års
640 839 44 13 men
701 834 45 18 icke
763 833 83 25 uppnått
863 835 26 19 64
902 834 34 20 års

193 858 62 26 ålder,
270 861 47 17 utan
332 859 94 19 afseende
440 858 10 20 å
466 859 56 19 stånd
538 860 48 18 eller
600 859 118 24 vistelseort;
729 860 38 19 och
777 860 79 19 komma
865 860 72 20 endast

191 884 25 20 de
231 886 5 18 i
251 885 63 19 denna
329 885 112 25 förordning
456 886 94 25 stadgade
564 886 103 19 befrielser
681 885 44 20 fråti
739 887 110 24 personella
859 888 76 19 utskul-

192 910 36 21 der
241 914 29 16 att
284 911 106 20 framdeles
404 917 48 14 vara
466 912 94 25 gällanda.

245 938 10 24 $
270 938 18 18 3.
318 938 80 25 Fattige,
416 944 44 13 som
474 938 70 20 vårdas
560 939 47 19 eller
621 938 74 25 åtnjuta
709 939 85 25 ständigt
805 939 101 20 underhåll
917 940 21 19 af

192 964 71 19 allmän
278 963 174 26 fattigförsörjning
466 966 47 18 eller
527 965 67 21 hvilka
609 964 36 20 lida
656 965 20 19 af
683 964 61 21 sådan
755 966 143 25 kroppsskada,
910 966 27 20 ål-

192 989 181 26 derdomssvaghet
386 991 47 19 eller
448 990 112 26 sjuklighet,
572 993 28 17 att
608 991 25 19 de
647 990 17 26 ej
679 992 64 18 kunna
758 991 70 25 sjelfva
843 992 45 20 med
907 998 30 14 ar-

191 1016 47 19 bete
252 1016 29 26 sig
296 1016 89 26 försörja,
402 1020 34 16 äro
451 1017 41 20 från
505 1018 191 25 mantalspenningar
705 1018 94 25 befriade,
811 1018 24 20 då
845 1019 34 19 det
888 1025 49 20 upp-

192 1042 50 26 gifna
257 1042 129 21 förhållandet
401 1043 80 26 styrkes
495 1050 71 19 genom
580 1044 53 26 intyg
647 1045 21 19 af
680 1044 125 25 fattigvårds-
820 1046 47 18 eller
881 1045 56 19 kom-

192 1069 155 26 munalstyrelse
362 1070 48 19 eller
424 1070 36 19 ock
476 1071 33 19 vid
523 1070 150 26 kyrkostämma
687 1071 5 19 i
707 1070 144 26 församlingen.

246 1095 9 25 $
269 1097 20 18 4.
320 1096 72 19 Derest
406 1096 63 26 någon
484 1099 45 17 utan
544 1096 83 26 ständigt
638 1097 108 20 understöd
757 1097 42 19 från
810 1098 127 25 fattigvårds-

193 1121 106 27 inrättning
313 1122 91 25 antingen
420 1124 36 18 hos
470 1124 30 24 sig
510 1123 71 20 vårdar
590 1124 38 18 och
638 1123 125 20 underhåller
774 1124 52 26 fattig
835 1125 39 19 och
884 1124 53 25 sjuk-

191 1147 26 26 lig
232 1148 61 24 fader,
309 1148 71 19 moder
395 1149 47 19 eller
456 1155 63 13 annan
534 1150 121 23 anförvandt,
671 1155 43 14 som
729 1150 24 24 på
771 1150 62 25 grund
850 1151 21 19 af
885 1152 53 18 näst-

190 1173 120 25 föregående
324 1174 10 25 $
348 1174 35 20 bör
401 1174 43 20 från
461 1176 188 24 mantalspenningar
666 1182 47 13 vara
731 1176 86 25 befriad,
836 1177 47 19 eller
900 1177 37 19 ock

191 1200 47 25 äger
261 1202 30 17 tre
317 1200 47 20 eller
381 1200 47 20 flere
445 1207 57 19 egna,
520 1201 58 25 stjuf-
592 1202 47 19 eller
657 1202 113 20 fosterbarn
784 1203 63 19 under
863 1204 24 18 10
905 1203 33 20 års

192 1225 62 23 ålder,
271 1227 48 18 eller
334 1227 11 18 5
361 1227 48 18 barn
422 1227 62 19 under
500 1228 24 18 16
539 1228 33 18 års
586 1227 60 23 ålder,
662 1234 44 12 som
721 1229 63 18 vistas
799 1230 77 17 hemma
891 1230 47 18 eller

191 1250 76 20 besöka
282 1250 65 26 någon
362 1252 152 26 skolinrättning,
530 1253 47 19 skall
593 1259 23 13 en
631 1252 61 20 sådan
707 1259 44 13 man
765 1254 30 18 för
807 1255 30 23 sig
849 1254 38 19 och
902 1254 37 20 hu-

191 1279 52 21 stru,
260 1280 51 16 samt
326 1278 50 18 enka
390 1278 38 18 och
442 1278 47 24 ogift
503 1279 73 24 qvinna
591 1279 29 19 för
635 1284 50 19 egen
699 1285 81 19 person,
797 1278 54 25 njuta
861 1280 77 19 befriel-

193 1308 23 14 se
230 1302 44 20 från
288 1304 197 26 mantalspenningar,
502 1306 34 18 när
550 1304 58 20 deras
622 1305 130 19 medellöshet
761 1306 22 19 af
790 1305 63 26 någon
863 1306 42 20 utaf
913 1306 25 20 de

195 1329 5 19 i
214 1328 114 26 åberopade
341 1330 10 24 $
365 1331 116 19 omnämnda
496 1331 137 26 myndigheter
643 1331 83 27 intygas.

247 1356 10 25 $
273 1356 19 19 5.
321 1357 93 25 Samtlige
424 1357 117 20 innevånare
551 1358 5 18 i
564 1358 25 19 de
597 1358 93 26 egentliga
700 1358 236 26 Lappmarks-församlin-

186 1387 74 20 :garne,
277 1383 47 19 eller
337 1384 114 25 Enontekis,
467 1384 73 25 Kittilä,
555 1384 120 27 Sodankylä,
691 1384 119 26 Kuolajärvi,
825 1386 66 19 Enare
902 1386 37 20 och

189 1408 92 29 Utsjoki,
298 1409 55 20 skola
368 1409 30 20 för
412 1410 30 25 sig
456 1409 72 26 sjelfve
540 1410 62 26 jemte
616 1411 87 25 hustrur,
714 1411 167 20 hemmavarande
889 1412 48 20 barn

193 1435 40 19 och
247 1435 114 25 tjenstefolk
375 1441 48 15 vara
443 1437 35 19 frie
492 1437 41 20 från
548 1437 196 26 mantalspenningar,
761 1438 102 19 äfvensom
882 1438 55 20 inne-
