1003 1689
198 149 44 38 1266
410 159 71 21 Nådiga
493 159 141 22 Propositionen
647 158 36 17 N:o
694 159 29 17 38.

199 207 109 26 författning
317 207 95 19 omfattar
426 207 36 20 bör
476 206 149 20 stadskommun
640 207 5 18 i
659 206 70 20 sådant
742 206 92 20 afseende
848 207 46 25 göra
908 212 32 14 an-

199 235 63 18 mälan
276 233 36 20 hos
327 233 128 20 Guvernören
469 233 5 19 i
488 234 61 22 lånet,
565 233 38 18 och
616 232 32 20 må
658 233 117 25 rättigheten
784 233 79 19 utöfvas
873 233 69 19 endast

199 260 5 19 i
220 263 26 16 ett
262 260 97 23 bränneri,
375 264 43 15 som
433 259 89 26 antingen
536 264 70 19 genom
620 264 25 14 en
659 259 46 19 eller
719 259 48 19 flere
781 259 61 19 dertill
858 259 84 19 utsedde

200 291 94 20 personer
311 286 62 19 under
390 285 80 20 stadens
487 285 100 20 samfällda
604 285 126 26 ansvarighet
744 285 93 20 förvaltas
851 285 48 28 eller
913 285 28 18 för

200 312 80 20 stadens
294 312 81 25 räkning
388 311 146 20 utarrenderas.
556 312 7 19 1
578 311 59 20 dessa
651 311 114 20 brännerier
774 311 29 20 får
816 314 74 23 nyttjas
898 311 45 19 red-

199 339 49 24 skap
262 339 21 18 af
295 339 51 19 hvad
361 340 67 23 ämne,
445 339 50 18 form
510 339 37 19 och
562 338 173 25 sammansättning
749 337 131 20 stadsboerne
893 343 49 14 anse

199 365 29 19 för
242 365 30 25 sig
286 365 132 24 förmonligast
432 365 38 19 och
485 365 100 19 tillverkas
599 364 84 19 bränvin
697 365 20 19 af
729 364 75 19 hvilket
813 363 75 26 gradtal
898 369 43 14 som

200 391 60 24 helst,
277 391 44 19 med
336 391 122 25 iakttagande
471 391 59 20 likväl
544 393 28 17 att
586 390 96 26 mängden
696 391 77 25 lämpas
787 391 50 18 efter
851 390 90 28 styrkan,

199 417 22 21 så
241 420 29 17 att
289 417 34 20 det
342 417 103 20 bestämda
462 417 110 20 kannetalet
586 417 20 20 af
619 423 36 14 sex
669 417 81 26 graders
764 416 67 27 styrka
846 422 16 19 ej
878 416 65 20 öfver-

199 444 86 20 skrides.
307 444 36 19 För
357 443 57 27 öfrigt
428 444 48 20 skall
491 444 113 20 bränneriet
618 444 126 25 ovilkorligen
760 449 46 14 vara
820 442 21 21 så
852 443 91 20 inrättadt

200 473 28 18 att
242 469 17 25 ej
277 470 74 20 mindre
360 470 148 26 -myckenheten
522 472 24 18 än
564 470 83 25 styrkan
663 471 22 19 af
696 470 34 20 det
743 470 84 20 bränvin
841 475 44 14 som
899 475 45 14 var-

200 497 35 19 der
257 496 120 24 tillverkadt,
399 496 40 19 kan
458 496 47 20 med
524 496 71 20 lätthet
611 496 129 26 tillförlitligen
757 497 89 24 utrönas,
864 496 26 26 på
904 498 40 18 sätt

200 523 71 19 derom
285 522 106 20 nedanföre
405 522 135 20 föreskrifves.
670 536 2 2 :

549 575 11 25 s
575 576 18 18 8.

253 614 29 19 De
301 613 73 25 städer,
391 618 43 14 som
450 612 99 21 bibehålla
563 613 289 25 husbehofsbränningsrätten,
868 614 76 25 erlägga

200 640 5 19 i
219 641 64 19 stället
297 640 28 19 för
339 640 38 19 den
391 640 114 19 nuvarande
526 639 269 27 bränvinsarrende-afgiften
808 645 24 13 en
846 639 49 26 årlig
909 640 36 20 till-

200 666 163 24 verkningsskatt
377 666 20 19 af
409 671 25 14 en
449 666 56 19 mark
520 667 29 19 för
564 665 69 26 hvarje
648 666 103 20 tillverkad
761 666 69 20 kanna.
860 667 31 19 De
900 666 44 21 Jer-

200 695 62 23 emot,
282 697 44 15 som
343 692 44 20 icke
402 693 74 19 anmält
492 692 30 26 sig
538 692 27 20 till
581 692 182 26 bränningsrättens
778 691 106 21 utöfvande
897 693 46 21 eller

201 718 64 20 hvilka
280 718 37 20 sist
330 722 30 16 tre
373 718 95 20 mänader
484 719 42 20 före
542 718 95 26 ingängen
654 720 21 19 af
687 719 61 19 andra
762 718 53 21 ärets
829 719 115 26 brännings-

200 746 70 18 termin
285 745 66 25 afsäga
365 746 30 24 sig
409 746 117 24 rättigheten
540 746 30 19 för
579 745 25 19 de
614 744 125 22 återstående
751 745 42 27 fyra
802 745 55 26 åren,
868 744 76 26 åtnjuta

200 771 92 20 befrielse
305 771 42 19 från
361 771 37 20 den
412 772 144 26 arrendeafgift,
568 777 44 14 som
622 772 29 20 för
659 772 38 20 den
707 772 82 21 sålunda
799 771 87 21 afstådda
899 773 46 20 hus-

200 797 190 26 behofsbränningen
404 798 72 25 erlagts
490 799 26 19 till
531 799 80 19 kronan.
641 798 118 21 Underlåter
773 799 52 24 stad,
838 804 44 14 som
892 799 53 19 bibe-

200 823 54 21 hållit
267 824 31 20 sin
312 824 153 25 bränningsrätt,
481 827 27 17 att
520 825 115 20 densamma
645 826 77 24 utöfva,
733 825 58 25 utgår
800 825 145 25 tillverknings-

200 850 77 20 skatten
291 850 44 20 icke
349 850 56 20 desto
419 851 76 19 mindre
509 852 50 18 efter
572 852 34 19 det
615 852 30 19 för
654 850 70 22 staden
734 850 100 27 medgifna
844 852 99 20 kannetal.

550 909 10 25 s
574 910 20 19 9.

253 946 151 25 Förteckningar
417 947 55 19 öfver
486 946 18 26 ej
520 947 75 19 mindre
609 946 26 21 de
648 947 130 21 anmälanden
787 948 27 19 till
825 948 120 20 husbehofs-

200 972 216 26 brännings-rättighets
438 973 115 25 utöfvande,
575 978 44 15 som
639 974 62 20 under
714 974 34 20 det
762 975 60 19 första
837 974 43 20 året
895 976 49 19 efter

200 998 64 20 denna
278 999 121 25 författnings
413 1000 141 25 promulgation
569 1000 110 25 inkommit,
695 1002 23 18 än
732 1001 58 22 äfven
802 1001 25 19 de
836 1002 107 25 afsägelser

201 1030 43 14 som
259 1024 110 26 påföljande
383 1024 22 20 år
419 1027 32 23 ägt
464 1032 54 19 rum,
534 1026 48 20 böra
596 1026 20 19 af
629 1026 152 21 Guvernörerne
794 1026 26 22 till
835 1026 107 27 Kejserliga

200 1051 98 19 Senatens
311 1050 257 27 Ekonomie-Departement
582 1052 101 20 insändas.
893 1072 3 2 N

543 1104 10 25 $
568 1105 32 19 10.

254 1140 7 20 I
276 1140 93 20 händelse
383 1141 20 19 af
415 1140 25 20 de
454 1141 81 20 sålunda
547 1142 91 19 inkomna
651 1143 122 25 uppgifterna
786 1144 64 20 skulle
858 1144 83 26 framgå,

200 1168 28 17 att
242 1166 38 20 den
294 1166 58 26 årliga
366 1167 142 25 produktionen
522 1168 21 19 af
551 1168 229 27 husbehofsbränningen
790 1170 4 18 i
804 1170 91 20 städerna
905 1172 37 18 och

200 1191 24 26 på
243 1192 146 26 landsbyggden
405 1193 173 27 tillsammantaget
595 1194 44 20 icke
653 1194 37 20 kan
706 1195 63 26 uppgå
785 1196 25 20 till
824 1196 33 20 det
871 1197 72 25 belopp

200 1218 109 24 4,300,000
325 1220 80 22 kannor,
422 1225 43 13 som
479 1220 51 19 efter
543 1220 76 20 landets
635 1222 114 19 nuvarande
765 1222 112 24 folkmängd
892 1226 51 16 mot-

200 1248 70 14 svarar
291 1244 37 24 2'/,
349 1244 61 19 kanna
424 1244 24 25 pä
463 1246 83 24 person,
563 1246 114 19 ankommer
691 1246 11 19 ä
717 1246 107 26 Kejserliga
845 1248 95 20 Senatens

200 1268 268 26 Ekonomie-Departements
484 1272 89 24 pröfning
589 1274 28 17 att
633 1272 84 20 medelst
733 1273 121 20 anställande
868 1274 74 24 auktio-

200 1300 34 14 ner
248 1294 24 26 pä
287 1296 84 19 arrende
383 1296 26 20 till
425 1302 24 14 en
464 1298 47 19 eller
524 1298 48 20 flere
585 1298 87 20 fabriker
685 1298 80 26 upplåta
782 1300 116 25 rättigheten
913 1304 28 16 att

200 1320 90 21 tillverka
311 1322 33 20 det
363 1322 74 27 årligen
453 1324 101 20 bristande
566 1324 93 26 beloppet
672 1325 64 21 under
749 1326 25 20 de
788 1326 21 20 år
824 1326 63 20 denna
902 1328 39 20 för-

199 1348 81 26 fattning
294 1348 70 21 blifver
378 1350 94 25 gällande.

540 1404 11 26 $
566 1405 31 20 11.

250 1439 25 26 Ej
294 1439 32 21 mä
341 1440 91 26 rättighet
449 1442 26 19 till
493 1442 170 26 fabriksbränning
679 1442 21 21 ät
713 1443 64 26 nägon
791 1444 91 26 upplätas
896 1448 41 18 mot
