1009 1684
292 132 71 22 Nådiga
375 132 140 23 Propositionen
528 132 36 18 N:o
575 133 29 17 31.
776 133 45 19 1009

77 180 27 20 till
120 180 151 26 Länestyrelser
284 180 22 20 så
321 181 55 26 tidigt
389 184 29 17 att
430 182 26 20 de
469 182 59 20 hinna
536 182 132 20 framkomma
678 182 41 20 före
728 182 39 20 den
780 183 39 25 dag

75 207 73 19 Länets
162 207 176 25 Pröfningskomité
352 208 164 20 sammanträder.

130 251 122 24 Stadgandet
268 251 27 18 uti
314 250 9 25 $
341 251 24 19 22
383 256 33 14 om
433 251 50 19 hvad
500 251 142 25 skattskyldig,
663 256 44 14 som
727 251 33 19 vill
781 251 37 19 hos

75 276 192 25 Pröfningskomitén
281 277 47 19 söka
342 277 80 25 ändring
436 277 5 19 i
458 277 217 25 Bevillningskomiténs
692 278 74 23 beslut,
782 277 37 20 har

75 306 29 16 att
118 303 91 25 iakttaga,
226 308 62 20 synes
301 304 40 24 mig
355 303 43 19 icke
414 309 46 13 vara
474 303 93 25 lämpligt.
598 304 36 19 Det
648 303 56 19 torde
720 303 98 25 nemligen

75 334 47 14 vara
137 329 78 24 onödigt
229 332 28 16 att
271 328 64 26 ålägga
350 329 37 19 den
403 329 125 20 besvärande
545 332 27 16 att
589 330 51 18 inom
658 330 24 19 30
700 330 60 24 dagar
776 330 42 19 före

76 354 201 26 Pröfningskomiténs
291 356 145 19 sammantråde
454 356 82 20 aflemna
554 356 42 18 sine
612 356 112 25 handlingar
741 355 25 20 till
784 356 35 19 Be-

75 381 191 25 villningskomiténs
283 382 130 22 Ordförande;
432 385 44 16 utan
496 382 44 19 vida
561 382 111 26 lämpligare
692 387 48 14 vore
760 382 58 25 enligt

76 408 40 19 min
134 407 50 26 åsigt
200 411 28 16 att
244 408 25 19 de
286 408 51 25 finge
354 408 94 19 aflemnas
464 409 25 19 till
505 409 134 24 Magistraten,
656 408 162 24 Ordningsrätten

75 434 49 20 eller
136 434 135 20 Ordföranden
286 434 5 19 i
308 434 128 20 Kommunal-
452 435 48 19 eller
518 434 174 20 Socknestämman
710 434 56 19 innan
783 434 37 20 Be-

76 460 194 26 villningslängderne
284 461 20 19 af
316 460 45 20 dem
376 460 92 20 insändas
482 461 26 19 till
519 462 156 24 Länestyrelsen.
704 461 38 19 Det
754 460 66 20 blefve

76 486 62 20 också
156 487 120 25 sannerligen
294 486 80 20 alldeles
391 486 140 20 ändamålslöst
544 489 29 17 att
589 486 227 26 Bevillningslängderne,

77 513 61 19 sedan
156 513 215 25 Bevillningskomiténs
388 513 122 19 Ordförande
525 513 93 19 aflemnat
637 513 46 19 dem
702 513 27 19 till
750 512 69 20 Stads-

76 539 100 25 styrelsen
194 540 46 19 eller
257 539 123 21 Ordförande
396 539 6 19 i
422 540 126 19 Kommunal-
568 540 47 19 eller
634 539 182 22 Sockenstämman,

76 565 63 20 hållas
154 566 115 25 tillgänglige
283 566 26 19 till
324 565 100 25 påseende
438 566 30 18 för
481 566 26 19 de
516 565 150 26 skattskyldige,
678 571 33 13 om
720 566 98 18 terminen

76 592 29 18 för
119 591 122 20 aflemnande
255 592 20 19 af
290 592 97 20 besvären
405 592 24 20 då
447 592 60 20 redan
525 598 48 14 vore
590 592 96 19 förfluten.
718 591 101 26 Derjemte

76 618 58 19 torde
148 618 45 20 böra
207 618 79 26 stadgas
301 622 28 16 att
343 618 147 26 ifrågavarande
504 619 73 19 besvär
590 618 32 20 må
636 619 59 19 äfven
704 618 63 20 under
776 624 43 13 om-

76 645 42 24 slag
133 645 91 19 insändas
238 646 26 18 till
281 645 158 26 Länestyrelsen.
469 644 26 20 På
510 645 60 19 dessa
584 644 40 20 skål
639 644 29 20 får
674 644 33 26 jag
716 645 104 19 vördsamt

77 670 72 20 föreslå
163 674 29 16 att
206 672 114 25 stadgandet
334 671 5 19 i
354 672 53 18 detta
421 674 58 17 ämne
493 672 27 19 uti
535 672 10 24 $
558 672 26 18 22
599 670 31 20 må
648 670 73 20 erhålla
736 670 83 26 följande

76 697 86 26 lydelse:

214 735 130 27 Skattskyldig
359 742 39 13 som
413 736 31 18 vill
458 736 47 19 söka
520 735 81 25 ändring
615 737 28 18 uti
660 736 36 19 den
714 736 24 26 af
754 736 66 19 Bevill-

178 764 136 25 ningskomitén
328 764 67 18 honom
406 763 86 25 påförda
507 764 63 26 afgift,
586 763 32 19 må
632 765 29 18 sin
672 764 26 19 till
709 764 111 26 Pröfnings-

179 792 80 19 komitén
274 792 70 19 ställda
359 792 132 26 besvärsskrift
505 792 42 19 med
561 791 63 20 dertill
637 792 84 19 hörande
735 792 85 19 handlin-

178 827 38 18 gar
231 820 27 19 till
273 820 145 26 Länestyrelsen
433 822 88 23 antingen
536 820 80 19 inlemna
626 820 44 19 eller
678 820 61 19 under
749 820 71 25 omslag

180 849 81 18 insända
275 848 46 25 före
341 848 35 19 den
395 848 38 25 dag
456 849 184 25 Pröfningskomitén
662 848 158 23 sammanträder,

180 876 46 19 eller
240 877 33 18 ock
288 877 80 24 aflemna
381 876 156 25 besvärsskriften
546 875 56 26 jemte
612 876 138 25 handlingarne
762 877 6 18 i
778 876 43 19 stad

180 905 28 18 till
226 904 127 26 Magistraten
372 904 43 19 eller
435 905 155 24 Ordningsrätten
608 907 48 16 samt
671 903 27 26 på
716 904 63 19 landet
794 904 28 19 till

182 933 132 25 Ordföranden
339 933 7 18 i
369 932 124 20 Kommunal-
522 933 45 18 eller
591 931 165 21 Sockenstämman
774 933 47 25 före

181 961 36 19 den
239 961 48 25 dag,
310 959 26 21 då
357 960 209 25 bevillningslängderne
589 961 55 25 enligt
665 959 16 28 $
704 960 12 19 2
737 961 23 24 af
780 961 41 18 dem

181 989 27 19 till
230 989 146 25 Länestyrelsen
397 989 97 23 insändas,
512 989 37 25 för
570 991 28 16 att
620 989 54 19 desse
696 988 78 25 längder
796 988 25 19 bi-

181 1017 62 25 fogas.
273 1016 89 20 Börande
376 1017 28 18 uti
419 1017 35 18 den
472 1017 7 18 i
498 1016 16 27 $
533 1016 23 19 21
576 1016 118 26 omförmälta
712 1016 110 25 kungörelse

182 1045 59 19 tillika
255 1045 101 25 uppgifvas
371 1045 62 24 dagen
448 1044 24 19 då
487 1045 219 25 bevillningslängdernes
720 1044 101 19 insändan-

181 1073 23 18 de
218 1073 82 19 kommer
314 1074 29 17 att
357 1073 38 19 ske.

133 1111 122 26 Stadgandet
269 1111 4 19 i
288 1111 10 25 $
312 1111 25 19 30
352 1117 33 13 om
397 1111 132 26 beräkningen
534 1105 15 36 af
551 1109 185 28 bevillningsafgift
745 1111 29 19 för
783 1111 38 19 den

80 1145 43 14 som
138 1139 64 19 under
217 1137 43 20 året
273 1137 75 25 aflider,
364 1143 58 14 anser
434 1137 32 26 jag
480 1137 45 19 icke
539 1143 47 13 vara
601 1137 93 26 lämpligt,
706 1140 46 17 utan
762 1143 60 20 synes

80 1165 48 20 böra
142 1165 102 19 förändras
258 1164 74 19 derhän
347 1166 27 17 att
388 1164 69 19 afliden
474 1169 85 20 persons
577 1164 175 19 rättsinnehafvare
770 1163 55 26 påfö-

80 1197 34 14 res
130 1191 54 26 dylik
202 1190 53 26 afgift
272 1190 29 19 för
317 1190 38 18 den
369 1189 80 20 aflidnes
464 1195 46 14 rena
524 1190 86 25 inkomst
623 1191 46 18 intill
687 1190 95 26 utgången
801 1190 25 25 af

65 1232 1 3 »
84 1220 36 19 den
134 1219 76 24 månad,
225 1219 107 19 hvarunder
346 1219 100 26 dödsfallet
461 1221 34 23 ägt
504 1225 47 12 rum.

136 1259 8 18 I
159 1257 125 20 förestående
298 1257 121 20 reservation
429 1257 92 20 förenade
530 1257 29 26 sig
568 1258 92 19 Friherre
673 1258 21 18 B.
710 1257 24 20 G.
748 1257 74 20 Mellin

82 1286 40 19 och
136 1284 173 25 kontraktprosten
320 1284 25 19 :A.
361 1284 77 24 Sirén,
454 1284 38 19 den
502 1284 52 19 förre
568 1283 6 19 i
585 1284 53 19 hvad
652 1289 44 14 som
709 1284 55 18 rörer
778 1283 47 19 nöd-

84 1311 132 24 vändigheten
230 1311 20 17 af
263 1311 89 18 närmare
367 1309 122 19 föreskrifter
506 1311 29 17 för
552 1311 59 16 sättet
631 1312 28 15 att
674 1309 86 18 beräkna
778 1314 46 13 rena

84 1337 122 23 inkomsten,
225 1338 53 17 samt
294 1335 249 24 bevillningskomitéernas
559 1335 117 24 befogenhet
692 1337 28 16 att
739 1334 87 19 infordra

85 1362 143 25 upplysningar
242 1362 102 18 äfvensom
358 1361 86 18 medlem
459 1361 27 19 till
500 1360 96 19 vinnande
608 1360 20 19 af
636 1360 86 24 ändring;
734 1359 38 20 den
782 1359 45 19 sed-

86 1393 47 14 nare
148 1387 5 20 i
168 1387 54 26 fråga
236 1393 32 14 om
283 1387 142 26 skyddsafgifts
442 1386 124 26 erläggande;
585 1387 38 19 och
640 1386 97 20 hvardera
754 1385 71 20 beträf-

86 1415 59 20 fande
160 1414 52 20 tiden
226 1414 29 19 för
269 1413 115 26 bevillnings
398 1414 118 25 erläggande
529 1413 49 20 -efter
591 1413 71 20 afliden
676 1418 78 21 person.

755 1445 21 16 64
