1020 1684
315 136 71 23 Nådiga
398 138 139 22 Propositionen
549 138 37 18 N:o
597 139 29 18 28.
810 139 32 19 781

102 185 92 25 folkning,
210 185 66 20 hvilka
289 185 64 21 denna
366 186 55 26 afgift
436 187 85 20 hitintills
536 186 79 26 utgjort,
629 188 95 20 intilldess
737 187 105 27 skattlägg-

99 211 70 25 ningen
184 211 104 20 derstädes:
301 212 69 20 hinner
384 213 81 20 afslutas
479 214 37 19 och
531 213 36 26 går
581 214 4 18 i
601 214 153 26 verkställighet,
770 213 24 21 då
808 214 35 20 det

100 237 118 20 ankommer
228 237 25 26 på
268 238 62 20 Hans
344 238 131 26 Kejserliga
489 239 110 26 Majestät
613 242 28 17 att
650 242 91 17 närmare
750 240 92 20 förordna

100 268 33 15 om
148 264 84 19 nämnde
245 264 65 25 afgifts
330 264 129 26 "upphörande
474 267 38 18 och
531 266 101 20 införande
646 266 5 18 i
665 266 65 20 stället
750 266 21 19 af
789 272 54 14 man-

100 290 144 24 talspenningar
257 291 39 19 och
308 291 147 25 gerningsören,
471 292 6 18 i
491 292 86 25 enlighet
590 292 46 19 med
648 292 25 20 de
687 292 27 19 uti
728 292 62 19 denna
804 292 39 19 för-

101 315 81 25 ordning
196 316 94 25 stadgade
303 316 91 26 grunder.

153 341 11 25 $
177 342 36 19 24.
241 342 114 20 Emellertid
369 342 80 20 komma
463 344 26 18 uti
504 343 93 26 Wiborgs
611 344 31 19 län
652 344 143 24 Ridderskapet
804 344 38 19 och

101 367 68 25 Adeln,
186 368 88 19 embets-
282 369 39 19 och
335 367 118 25 tjenstemän
468 372 51 17 samt
529 370 60 25 öfrige
603 370 25 20 till
638 369 204 25 ståndspersonsklas-

99 399 36 15 sen
150 394 86 20 hörande
250 400 100 19 personer,
362 395 102 19 äfvensom
474 397 35 19 alla
523 396 59 20 dessa
592 401 108 20 personers
714 396 66 24 enkor,
792 396 50 19 hvil-

101 420 25 19 ka
140 420 46 19 med
196 420 104 26 anledning
308 420 20 20 af
340 420 54 21 äldre
404 421 119 26 stadganden
537 422 83 19 rörande
629 422 211 25 poduschnieafgiften,

104 446 88 20 hitintills
206 447 44 19 icke
270 447 62 25 erlagt
346 447 88 20 hvarken
455 449 60 24 sagde
534 447 54 26 afgift
601 449 47 19 eller
668 453 62 15 annan
745 448 97 25 personell

98 473 82 26 utskyld
195 473 26 20 till
236 473 83 24 Kronan,
336 475 28 17 att
377 474 29 19 för
420 474 30 25 sig
465 474 76 24 sjelfve,
558 475 81 19 hustrur
653 475 38 19 och
705 474 48 19 barn
768 474 74 19 hädan-

99 499 50 19 efter
163 499 64 20 betala
241 500 197 26 mantalspenningar,
460 501 5 18 i
479 501 61 19 likhet
553 501 46 20 med
616 501 58 19 deras
690 501 109 19 vederlikar
813 500 28 19 uti

98 525 34 20 det
145 525 61 25 öfriga
221 525 87 20 Finland.

151 551 11 26 $
176 552 33 19 25.
239 552 53 19 Hvar
307 553 38 18 och
360 558 23 14 en
405 553 50 19 finsk
470 553 129 26 medborgare
617 553 48 20 skall
685 553 61 24 jemte
761 553 78 23 hustru,

99 578 47 19 barn
162 579 38 18 och
214 578 60 26 öfrige
294 579 25 19 till
335 579 49 19 hans
398 579 79 20 husfolk
498 580 102 25 rätteligen
622 580 87 19 hörande
725 584 96 20 personer
835 585 6 14 i

99 605 71 19 mantal
185 607 95 23 upptagas
295 607 51 17 samt
360 605 4 19 i
380 605 91 26 kyrkbok
492 606 71 19 införas
578 605 10 20 å
606 605 38 20 den
658 608 31 17 ort
705 605 36 20 der
755 606 38 18 han
808 604 35 20 sitt

98 630 26 19 bo
139 631 38 19 och
192 633 49 17 rätta
255 631 87 19 hemvist
356 631 76 24 hafver,
443 631 96 26 borgerlig
553 632 76 19 rörelse
643 632 47 19 eller
699 637 62 14 annan
775 631 66 26 näring

99 656 55 20 idkar
168 657 48 20 eller
230 656 61 26 tjenst
304 657 98 20 förvaltar.

151 683 72 20 Derest
250 683 70 25 någon,
342 689 43 14 som
407 684 80 19 innehar
508 683 66 25 tjenst,
596 684 165 24 hemmansbruk,
779 683 63 20 fabrik

99 709 47 20 eller
160 715 63 14 annan
237 710 67 25 näring
318 709 25 26 på
359 710 72 25 landet,
454 714 23 16 är
491 711 65 19 bosatt
570 710 5 19 i
590 711 50 24 stad,
662 710 49 19 skall
726 711 38 18 han
779 709 63 26 jemte

98 735 78 46 hita,
196 735 48 20 barn
258 737 39 18 och
310 736 81 20 husfolk
408 737 4 18 i
423 737 76 20 samma
519 736 43 21 stad
574 737 136 19 mantalsföras
729 737 38 18 och
782 735 60 26 kyrk-

99 762 92 19 skrifvas.

151 868 123 20 Beträffande
287 868 42 20 äter
345 868 297 27 slottsbyggnadshjelpen
656 869 39 19 och
708 868 134 21 medicinal-

98 894 94 26 fonden,
209 900 44 15 som
267 894 81 21 sednast
362 895 20 19 af
394 896 110 20 Ständerna
525 895 10 20 ä
552 896 117 24 landtdagen
684 896 5 18 i
704 894 61 26 Borgå
781 894 62 21 bevil-

97 920 63 26 jades,
177 924 28 16 att
220 920 45 26 utgå
280 921 46 20 intill
340 921 191 26 nästlerpäföljande
551 922 95 25 lanutdag,
668 920 22 20 sä
704 927 59 14 anser
777 921 62 19 Hans

99 946 132 27 Kejserliga
245 946 107 25 Majestät
366 947 4 19 i
385 948 67 20 Nåder
465 951 28 16 att
507 948 59 19 dessa
581 948 82 26 afgifter,
679 948 68 19 Jerest
761 947 38 19 Jen
813 953 26 13 nu

98 974 108 25 föreslagna
220 973 123 26 regleringen
357 974 20 18 af
390 974 108 25 personella
519 974 129 26 utskylderna
662 974 73 20 varder
751 974 22 18 af
785 974 56 19 Stän-

96 999 64 20 «derna
174 1002 88 23 antagen,
284 999 65 20 kunna
370 1000 79 20 alldeles
463 1001 90 25 upphöra
573 1000 49 20 ifrån
640 1000 37 19 och
699 1000 46 19 med
759 999 40 20 den
814 999 27 20 tid

96 1024 26 21 dä
137 1026 37 20 den
188 1031 38 21 nya
240 1026 137 26 förordningen
392 1026 65 20 träder
472 1027 4 18 i
492 1026 154 26 verkställighet.

150 1052 90 20 Emedan
254 1052 25 20 de
292 1053 60 25 öfriga
367 1053 111 24 personella
493 1052 129 26 utskylderna
636 1055 34 17 äro
685 1052 64 25 gamla
764 1052 78 20 ordina-

98 1079 29 19 rie
141 1078 81 26 skatter,
238 1078 66 20 kunna
317 1078 26 20 de
358 1079 44 19 icke
416 1082 45 16 utan
475 1080 64 25 begge
553 1079 169 20 Staismakternas
736 1078 105 26 samtycke

97 1104 81 20 alldeles
192 1105 94 19 afskaffas
300 1105 46 20 eller
368 1106 26 19 till
408 1106 41 19 sina
467 1105 160 26 hufvudgrunder
642 1108 52 17 samt
714 1105 126 27 egenskapen

98 1131 21 19 af
131 1131 155 20 bestämda”
249 1127 36 35 och
299 1131 88 26 ständiga
408 1132 76 20 skatter
504 1131 109 21 förändras.
642 1131 67 20 Skulle
723 1131 78 19 derföre
816 1135 24 15 en

98 1156 62 21 sådan
174 1158 98 25 reglering
286 1158 20 19 af
317 1158 59 20 dessa
391 1158 75 24 utlagor
480 1163 71 19 genom
564 1157 59 21 deras
638 1157 123 19 omsättande
775 1157 26 19 till
815 1161 25 16 en

97 1189 69 18 annan,
183 1184 42 19 fullt
238 1183 141 20 motsvarande
394 1184 96 19 ordinarie
511 1184 85 26 utskyld,
612 1189 45 13 som
670 1184 22 18 af
709 1184 62 18 Hans
786 1182 55 24 Kej-

98 1210 88 25 serliga
200 1208 110 26 Majestät
324 1210 38 19 och
371 1210 76 19 landets
457 1210 83 20 Ständer
555 1210 36 18 kan
602 1209 119 25 godkännas,
732 1209 44 19 icke
787 1208 55 20 kom-

98 1241 31 13 ma
145 1235 25 20 till
186 1235 64 25 stånd,
267 1239 44 16 utan
325 1236 25 18 de
364 1237 52 17 förra
429 1236 128 25 utskylderna
572 1234 116 24 bibehållas,
700 1234 22 20 så
736 1235 106 21 öfverlem=

99 1266 34 14 nar
147 1261 62 19 Hans
224 1261 130 25 Kejserliga
368 1260 111 25 Majestät
493 1262 5 18 i
508 1261 65 20 Nåder
588 1261 25 19 till
624 1261 118 19 Ständernas
752 1261 89 18 bestäm-

99 1286 77 25 mande,
189 1288 97 19 huruvida
300 1287 44 19 icke
358 1287 5 19 i
378 1286 71 20 sådant
458 1288 30 19 fall
504 1286 237 27 slottsbyggnadshjelpen
752 1286 38 19 och
799 1292 43 13 me-

98 1313 149 25 dicinalfonden,
264 1313 65 19 hvilka
344 1313 60 19 redan
418 1313 5 18 i
438 1313 66 25 längre
519 1313 26 20 tid
559 1316 46 16 utan
619 1312 60 25 något
692 1313 72 18 afbroit
777 1312 64 25 utgått

98 1337 69 21 såsom
181 1339 77 20 enskild
275 1339 95 24 personell
386 1339 64 24 utlaga
464 1341 51 17 samt
524 1339 64 19 under
601 1339 76 19 landets
690 1339 50 18 förra
754 1338 87 25 styrelse

99 1365 86 26 ständigt
199 1365 104 25 uppburits
317 1363 50 21 både
382 1365 100 25 samtidigt
495 1365 46 20 med
551 1365 38 19 och
603 1365 80 19 alldeles
697 1364 111 19 oberoende
822 1364 21 20 af

99 1390 55 22 såväl
169 1391 39 20 den
228 1392 94 19 allmänna
343 1391 104 27 bevillning
467 1397 44 14 som
527 1392 26 19 de
570 1393 54 18 extra
645 1391 96 19 ordinarie
761 1390 78 26 gärder,

100 1418 65 20 hvilka
180 1419 29 20 för
224 1419 53 19 vissa
292 1418 132 26 tidsperioder
443 1419 48 20 eller
504 1418 61 21 skilda
583 1417 90 22 ändamål
689 1417 50 20 varit
752 1417 21 20 af
785 1417 56 23 Stän-
