992 1692
170 139 47 35 1208
388 143 71 22 Nääiga
469 144 143 23 Proporitionen
623 143 37 18 N:o
673 144 29 16 38.

516 192 11 26 $
540 193 33 19 62.

225 232 94 19 Förutom
337 231 6 19 i
359 231 117 19 omförmäld
490 231 62 20 måtto
566 230 72 20 tillåtna
652 230 81 25 forsling
747 230 21 19 af
779 230 90 26 bränvin,
885 230 32 20 mä

173 258 60 20 sådan
250 258 11 19 ä
279 256 69 27 saltsjö
365 256 18 27 ej
402 258 118 20 verkställas
535 256 45 21 från
598 263 60 14 annan
673 259 31 17 ort
718 258 23 18 än
756 257 43 20 stad
814 257 48 20 eller
877 258 44 19 tull-

173 285 162 24 kammareplats.
364 284 115 25 Afsändare,
503 290 44 14 som
564 285 21 18 af
599 284 64 19 denna
680 284 93 25 rättighet
789 283 29 26 sig
833 283 87 26 begagna

173 312 41 24 vill,
231 311 84 20 aflemne
331 311 56 20 öfver
401 311 34 20 det
449 311 72 26 belopp
535 310 82 21 bränvin
632 311 38 19 han
684 310 74 19 önskar
772 310 101 20 fortskafla
887 316 35 14 ur-

173 338 152 26 sprungsbevis,
346 337 100 21 utfärdadt
463 339 5 18 i
486 338 87 25 enlighet
589 337 46 20 med
652 336 126 21 föreskriften
795 337 4 19 i
818 337 10 25 $
845 337 33 24 60,
893 337 28 20 till

173 364 167 25 Tullkammaren,
361 364 81 20 hvilken
463 364 50 20 efter
527 363 62 21 skedd
604 363 146 26 undersökning
764 363 20 20 af
795 363 106 20 innehället
915 365 6 18 i

171 391 71 20 kärlen
256 393 53 18 samt
323 390 11 20 ä
348 390 66 25 dessa,
433 391 38 19 ifall
486 391 42 20 skäl
543 391 26 20 till
584 391 73 24 vägran
672 389 17 26 ej
704 389 141 26 förekommer,
861 390 61 21 verk-

173 418 59 20 ställd
246 417 147 26 tullförsegling,
408 417 102 20 meddelar
524 418 83 25 tullpass
621 419 28 17 att
663 416 103 20 bränvinet
780 415 73 27 åtfölja.

517 470 10 27 $
541 471 33 20 63.

229 509 99 21 Anträffas
342 508 11 21 å
368 508 62 21 sådan
444 509 49 24 fora,
508 515 44 14 som
565 510 115 19 omnämnes
690 509 6 19 i
706 508 20 27 $$
735 509 25 20 60
770 509 38 20 och
818 509 34 26 61,
863 509 61 20 brän-

173 537 34 20 vin
228 537 81 20 utöfver
329 536 74 19 femton
425 537 75 19 kannor
520 539 48 17 utan
586 536 122 26 förpassning
726 536 47 19 eller
790 537 22 18 är
829 536 93 26 beloppet

173 566 65 18 större
253 565 24 18 än
285 562 130 25 medföljande
422 563 122 26 förpassning
553 565 103 24 upptager,
668 568 48 14 vare
726 562 53 20 alltid
789 563 84 20 bränvin
883 563 38 20 och

174 591 40 20 kärl
232 591 107 19 förbrutna.
369 590 41 19 Den
427 595 44 15 som
488 590 104 19 hbränvinet
606 590 79 19 innehar
700 589 48 20 eller
762 589 85 26 afsändt,
863 590 59 19 miste

173 617 39 20 ock
231 616 84 26 dragare
334 617 37 18 och
393 616 187 26 forslingsredskap,
596 621 33 14 om
643 616 25 20 de
682 617 73 19 honom
769 616 84 26 tillhöra,
869 618 54 18 samt

173 643 60 27 plikte
253 643 103 20 dessutom
377 642 84 21 likasom
482 643 29 19 för
531 641 136 26 lurendrejeri,
686 642 22 20 sä
726 643 59 19 framt
801 643 39 19 han
855 643 18 25 ej
889 643 34 20 vid

173 670 113 20 domstolen
303 669 82 26 lagligen
403 669 80 20 utreder
494 672 30 17 att
538 669 104 20 bränvinet
656 670 22 18 är
692 670 20 19 af
725 668 50 20 finsk
791 669 130 26 tillverkning.

173 697 61 20 Visas
254 696 43 24 det;
320 696 45 19 böte
387 696 74 19 ändock
472 696 38 19 för
524 696 73 19 saknad
613 695 122 26 förpassning
750 695 55 20 såväl
819 696 104 19 afsändare

173 729 46 14 som
232 723 81 23 forkarl,
329 722 36 20 der
379 722 62 19 denne
458 723 45 19 icke
512 721 43 20 står
564 723 63 19 under
636 722 38 19 den
685 722 64 19 förres
760 722 164 20 husbondevälde

177 750 46 20 eller
237 749 62 20 andre
313 749 41 20 skäl
369 748 27 22 till
410 749 49 20 hans
473 748 102 22 befriande
589 749 41 20 från
640 754 73 14 ansvar
722 748 129 25 förekomma,
864 749 10 20 å
885 751 40 18 sätt

175 776 5 20 i
194 776 12 26 $
220 776 25 21 82
260 776 87 25 stadgas.

520 829 10 25 $
544 830 32 19 64.

227 868 27 20 Af
273 868 83 20 bränvin
375 867 92 26 tillhörigt
488 868 119 24 tillverkare,
625 869 24 19 är
666 868 87 25 ständigt
766 868 73 25 upplag
854 867 71 21 tillåtet

173 894 72 20 endast
259 894 37 20 vid
307 894 98 24 bränneri,
422 893 11 20 å
448 894 47 20 dess
510 895 54 24 lager
577 894 47 20 eller
639 893 11 21 å
665 893 187 27 försäljningsställe.
882 894 43 20 Har

173 921 60 23 dock,
255 921 21 19 af
296 921 81 24 honom,
399 920 6 19 i
426 920 94 21 afseende
534 920 10 20 å
560 920 118 26 försäljning,
694 920 64 20 blifvit
771 921 5 19 i
791 920 46 21 stad
852 920 72 20 infördt

173 947 48 20 eller
235 947 30 21 till
279 946 90 21 landsort
383 946 124 20 fortskaffadt
516 946 89 25 bränvin,
617 948 77 18 utöfver
705 947 73 19 femton
788 948 84 23 kannor,
882 952 45 14 som

174 973 45 21 icke
239 974 110 25 föryttrats,
371 973 32 19 må
424 973 34 19 det
475 973 105 21 derstädes
594 974 28 19 till
637 974 51 19 hans
702 974 94 24 lagenliga
810 973 116 25 förfogande

174 1000 117 26 uppläggas,
313 999 60 23 sedan
394 1000 89 20 anmälan
504 1000 69 20 derom
590 1000 4 18 i
612 1000 45 20 stad
674 1000 37 20 hos
726 1000 118 20 Stadsfiskal
859 1000 39 19 och
913 999 10 21 å

175 1026 66 21 landet
254 1026 37 20 hos
305 1028 69 18 ortens
387 1026 157 20 Kronolänsman
557 1026 63 20 blifvit
635 1025 56 26 gjord
702 1026 38 20 och
749 1026 60 21 tilika
818 1026 39 20 den
867 1026 59 21 brän-

175 1052 54 22 vinet
242 1051 106 25 åtföljande
361 1052 125 26 förpassning
500 1052 110 24 aflemnats,
622 1053 107 19 hvaröfver
738 1053 58 19 bevis
806 1055 55 17 emot
870 1053 55 20 lösen

174 1084 25 16 en
221 1079 64 25 mark,
309 1078 48 22 skall
377 1078 96 20 utfärdas.
502 1080 40 19 När
559 1079 82 24 forsling
656 1080 20 18 af
688 1079 54 20 detta
756 1080 71 25 belopp
841 1079 84 19 bränvin

175 1104 52 28 bnyo
242 1105 97 25 vidtages,
355 1104 99 21 äterställe
468 1105 114 21 tillverkare
596 1106 60 25 sagde
671 1105 57 20 bevis
743 1105 38 19 och
795 1105 130 21 utbekomme

175 1132 38 20 den
227 1130 110 22 aflemnade
351 1131 150 26 förpassningen
516 1132 45 20 med
575 1131 85 27 påskrift
673 1132 20 20 af
706 1132 92 21 bemälde
808 1132 118 25 tjensteman

176 1158 59 20 hvart
249 1158 106 25 forslingen
369 1158 48 20 sker
433 1158 38 20 och
485 1158 64 20 dertill
564 1158 114 26 erforderlig
694 1158 38 24 tid;
748 1158 55 26 afgift
817 1159 30 19 för
861 1158 64 20 denna

176 1184 119 26 anteckning
309 1189 48 15 vare
370 1184 39 20 lika
423 1190 45 14 som
481 1185 60 21 ofvan
555 1186 22 19 är
591 1187 68 17 utsatt.

538 1238 32 18 65.

229 1276 156 23 Öfverkommes
407 1279 81 21 bränvin
506 1281 27 19 till
548 1281 63 19 större
626 1280 73 26 belopp
713 1281 24 19 än
751 1281 66 19 trettio
832 1281 75 19 kannor
920 1281 5 19 i

176 1305 97 26 skärgård
287 1306 48 21 eller
348 1312 5 13 i
367 1306 65 21 landet
446 1307 53 19 inom
516 1307 68 20 femtio
600 1309 56 17 verst
669 1307 44 20 från
727 1306 87 26 saltsjön,
832 1307 93 26 upplagdt

176 1333 6 23 i
197 1332 138 26 strandbodar,
349 1332 56 21 lador
418 1334 48 19 eller
479 1333 111 26 aflägsnare
602 1334 60 19 uthus
672 1334 47 20 eller
729 1333 11 21 å
750 1334 61 20 andra
822 1334 102 26 olämpliga

176 1359 79 26 ställen,
270 1359 49 22 skall
335 1359 103 20 bränvinet
451 1360 46 20 med
511 1360 41 21 kärl
567 1360 54 21 alltid
636 1365 47 15 vara
697 1360 115 22 förverkadt
826 1361 39 20 och
880 1366 47 20 ega-

177 1392 36 16 ren
232 1386 105 21 dessutom
358 1386 87 21 förfallen
466 1387 26 20 till
514 1393 74 15 ansvar
602 1387 30 20 för
645 1387 137 26 lurendrejeri,
798 1387 69 21 derest
881 1388 46 20 icke

176 1413 34 23 full
231 1413 43 26 laga
296 1414 102 25 bevisning
419 1419 32 18 om
471 1414 115 21 bränvinets
607 1414 62 22 finska
692 1420 99 21 ursprung
806 1415 72 22 varder
893 1415 33 20 vid

177 1440 110 21 domstolen
301 1440 95 20 företedd.
