1023 1689
182 151 34 19 750
396 146 71 26 Nådiga
479 151 140 21 Propositionen
631 149 36 17 N:o
679 147 29 18 27.

181 199 105 26 godonjuta
300 199 58 26 några
372 199 84 19 fördelar
469 199 21 19 af
503 199 80 20 stadens
597 199 6 18 i
617 199 61 18 mom:
694 198 12 19 8
724 199 38 18 och
779 197 13 20 9
808 196 117 20 omnämnda

181 231 147 20 gemensamma
343 225 147 24 tillhörigheter.

235 253 33 18 Att
280 251 32 26 jag
330 251 2 19 i
346 257 59 14 mom.
423 251 24 19 10
461 251 59 25 yrkar
535 250 25 26 på
575 249 123 20 uteslutande
712 250 20 19 af
744 250 57 19 ordet
818 249 110 20 «röstbe-

181 277 115 27 rättigad»
312 277 67 20 såsom
393 277 74 25 epithet
481 277 26 20 till
523 277 139 25 «medlem»,
678 277 22 18 är
715 275 103 26 sjelffallet.

324 331 25 19 Af
361 331 97 19 Prosten
473 330 117 19 Granfelt:

235 370 35 19 Ett
284 368 107 25 stadgande
407 368 69 19 derom
495 371 29 17 att
544 368 34 19 vid
599 367 161 20 förekommande
781 367 61 20 behof
861 366 69 26 nödiga

183 396 64 19 medel
262 395 55 20 skola
331 397 100 18 uttaxeras
447 395 81 19 endast
542 395 21 19 af
575 394 68 25 hvarje
658 393 189 26 röstberättigad
857 398 71 21 person

183 422 52 19 inom
249 422 121 19 kommunen
384 421 38 19 kan
437 420 147 20 undertecknad
600 421 45 19 icke
660 420 74 20 biträda
746 421 20 19 af
782 420 83 25 följande
876 420 54 19 skäl:

238 450 39 18 1:0.
306 448 31 19 En
351 447 123 20 såbeskaffad
489 447 139 25 inskränkning
642 448 6 18 i
662 447 139 26 skyldigheten
814 449 28 17 att
852 446 79 25 bidraga

178 475 32 19 till
225 474 133 20 kommunens
372 479 147 20 gemensamma
533 474 57 20 bästa
604 473 147 20 åstadkommer
768 473 5 19 i
791 472 98 20 anseende
904 473 26 19 till

184 501 24 19 de
223 500 175 26 röstberättigades
413 500 107 25 fåtalighet,
537 501 29 19 för
580 500 59 20 dessa
655 506 25 13 en
698 500 62 20 alltför
776 500 50 25 dryg
843 499 89 21 beskatt-

184 527 116 25 ningstunga
314 527 76 19 iochför
403 526 125 20 kommunala
543 527 65 24 behof,
624 526 25 20 då
663 532 25 14 en
701 526 61 20 sådan
772 526 60 25 afgift,
844 526 87 19 fördelad

185 553 25 26 pä
224 554 132 19 kommunens
371 554 89 24 samtliga
476 552 147 20 mantalskrilfne
636 558 104 20 personer,
755 553 31 19 för
799 553 76 19 enhvar
883 551 49 21 blef-

187 586 25 13 ve
226 585 25 13 en
266 579 142 27 obetydlighet.

238 607 40 19 2:0.
308 606 111 20 Motverkar
432 608 28 17 ett
474 606 46 19 slikt
534 605 107 26 stadgande
656 606 36 19 hos
702 605 64 20 alltför
775 605 84 26 mången
874 605 57 19 kom-

184 638 84 15 munens
284 632 86 20 medlem
382 632 138 26 utvecklingen
535 632 20 20 af
567 632 37 20 den
619 632 37 20 hos
674 631 68 26 hvarje
760 632 101 19 menniska
879 632 55 19 inne-

185 659 77 20 boende
279 658 62 27 hågen
359 660 37 18 och
413 659 70 19 driften
500 658 29 20 för
547 658 169 26 sjelfförsörjning;
735 659 121 19 motarbetar
874 658 58 20 sträf-

185 685 73 20 vandet
277 688 27 17 att
322 690 70 20 genom
409 685 28 19 flit
454 687 39 18 och
509 685 125 20 omtänksam
651 686 126 24 sparsamhet
794 685 93 19 utveckla
902 685 30 25 sig

185 712 74 20 derhän
274 714 28 18 att
316 712 135 25 rösträttighet
465 712 66 20 blefve
546 718 24 14 en
585 711 47 26 följd
646 712 61 23 deraf,
722 712 84 20 emedan
820 714 29 17 ett
864 711 69 20 sådant

186 738 119 20 förhållande
320 738 62 20 skulle
396 738 87 20 medföra
498 744 24 14 en
536 738 50 26 dryg
598 738 173 26 kommunalafgift,
782 738 101 20 hvarifrån
892 738 38 20 den

186 765 80 25 håglöse
282 771 48 13 vore
343 765 40 19 helt
397 766 39 18 och
450 765 59 20 hållet
523 765 95 20 frikallad.

240 792 39 18 3:0.
310 792 73 19 Befrias
398 792 114 24 härigenom
524 790 42 26 just
580 792 24 18 de
618 797 104 20 personer,
738 797 44 14 som
796 791 34 20 vid
841 790 91 27 uppnådd

187 819 61 24 högre
262 817 53 20 ålder
330 818 48 19 eller
391 818 68 19 iråkad
473 818 122 25 bräcklighet
612 818 112 20 merendels
741 818 80 19 komma
839 821 28 16 alt
883 818 49 25 ligga

187 844 120 20 kommunen
321 844 27 20 till
362 845 38 19 last
414 844 37 19 och
467 844 77 20 hvilkas
558 844 58 19 barns
631 845 116 25 uppfostran
764 845 26 19 till
810 847 42 16 stor
868 844 31 20 del
915 844 21 20 af

187 871 115 19 densamma
316 870 101 26 påkostas,
433 870 49 20 ifrån
497 870 136 27 skyldigheten
644 873 34 23 att,
690 870 77 26 sålänge
778 872 25 18 de
812 872 34 18 äro
857 871 77 19 arbets-

186 897 48 24 före,
254 896 2 20 i
270 902 46 13 mon
333 898 20 18 af
369 897 41 19 sina
427 896 103 26 tillgångar
544 897 80 25 bidraga
638 898 25 18 till
682 898 106 19 stärkande
806 898 20 18 af
841 898 91 19 kommu-

187 928 49 13 nens
250 923 30 19 för
294 923 74 26 nyttiga
382 923 89 20 ändamål
486 924 76 19 bildade
576 923 65 20 kassa.

240 949 86 20 Rättvist
340 949 38 20 och
392 949 61 25 billigt
466 950 71 25 tyckes
552 949 78 20 således
644 955 56 19 vara,
716 953 28 16 att
757 949 70 26 hvarje
841 950 26 19 till
878 950 56 19 kom-

187 981 72 14 munen
274 975 86 20 hörande
374 981 78 20 person,
469 982 44 13 som
528 977 5 18 i
547 977 70 18 mantal
632 977 22 18 är
668 976 88 20 skrifven
765 977 39 19 och
818 975 17 26 ej
850 975 84 25 åtnjuter

189 1001 52 26 hjelp
255 1002 21 19 af
288 1001 135 26 fattigvården,
440 1003 45 19 med
499 1009 24 13 en
538 1003 63 19 ehuru
614 1003 53 25 ringa
678 1003 56 20 skärf
741 1003 82 20 komme
833 1005 27 18 att
870 1003 64 20 skatta

188 1027 76 20 iochför
278 1028 130 20 kommunens
423 1029 95 20 allmänna
532 1029 63 20 bästa.

397 1207 91 20 Finlands
505 1207 90 20 Ständers
610 1207 128 26 underdåniga
753 1215 45 11 svar
812 1209 6 17 i
836 1207 98 25 anledning

327 1235 24 23 af
362 1234 55 19 Hans
435 1235 105 24 Kejserliga
556 1235 100 24 Majestäts
670 1235 70 25 nådiga
757 1237 123 22 proposition,
902 1241 32 12 an-

325 1261 72 26 gående
407 1263 147 24 reorganisation
565 1263 23 24 af
595 1262 98 19 städernas
710 1262 223 25 kommunalförvaltning.

473 1307 62 20 S.A.
552 1308 22 19 K.
591 1313 17 13 0.
625 1307 21 19 S.

244 1359 23 20 E.
284 1360 23 20 K.
323 1361 35 19 M:t
373 1361 34 19 har
422 1361 4 18 i
441 1367 23 13 en
479 1361 90 20 Finlands
584 1361 78 19 ständer
677 1360 11 20 ä
700 1361 63 20 denna
778 1361 91 26 landtdag
885 1362 50 19 före-

190 1386 43 26 lagd
248 1387 120 26 proposition
382 1387 5 19 i
401 1387 62 20 nåder
477 1387 57 20 eskat
554 1388 117 20 ständernes
686 1387 131 26 underdäniga
833 1388 98 26 yttrande,

192 1413 97 20 huruvida
299 1419 23 14 en
333 1414 109 25 förordning
455 1420 32 14 om
497 1414 101 20 städernas
612 1415 6 19 i
628 1415 62 19 landet
704 1415 229 25 kommunalförvaltning

192 1439 32 20 mä
239 1440 100 20 utarbetas
354 1440 23 26 pä
392 1439 83 26 följande
489 1441 95 25 grunder:
