1011 1692
178 150 23 18 &

202 149 11 19 >

392 150 72 22 Nädiga
475 150 140 23 Propositionen
628 149 36 17 N:o
676 149 28 17 30.

208 226 8 18 jäm

228 230 11 13 [=

281 224 49 26 adlig
345 224 103 25 värdighet

281 251 97 25 friherrlig
395 250 34 20 d:o

281 277 68 27 greflig
373 273 12 35 =
396 277 33 19 d:o
494 293 4 4 a
600 293 4 3 E

281 293 63 36 vapen
359 304 38 19 och
413 294 172 35 vapenförändring
599 319 4 4 .

282 330 146 26 doktorsgrad
416 326 15 34 .

283 356 142 26 magistergrad

186 368 166 46 Doktorsbref,
368 389 22 13 se
406 383 94 26 diplom.

184 400 188 30 Donationsbref
392 410 46 19 eller
458 410 131 20 resolution
612 408 11 20 ä
644 410 87 26 förläning
742 426 3 8 ,

206 437 86 25 eftergift
306 436 11 20 ä
332 436 31 20 län
378 436 37 20 och
430 436 115 25 understöd,
561 441 43 14 som
618 436 21 19 af
652 437 95 19 allmänna

205 464 64 19 mede!
285 462 90 26 beviljas,
391 464 36 19 när
447 462 71 26 gäfvan
535 452 10 30 i
557 462 59 20 värde
630 463 118 25 Ofverstiger

208 491 38 19 200
262 490 63 24 mark,
341 490 87 19 skrifves
445 489 10 19 ä
469 489 105 26 stämpladt
585 494 76 20 papper
677 490 30 24 till,
721 492 28 16 ett

206 516 73 26 belopp
293 516 20 20 af
326 516 42 26 fyra
382 519 90 23 procent.

180 543 256 26 Partygsförpassning
424 558 22 16 g,
462 548 22 14 se
500 548 62 20 pass.

181 570 126 20 Fastebref
319 569 85 20 skrifves
419 569 24 25 pä
459 569 106 25 stämplalt
579 574 87 20 papper:

208 597 30 19 för
252 599 28 17 ett
290 596 169 25 egendomsvärde
469 597 20 18 af
500 596 27 19 till
538 596 38 18 och
586 596 46 19 med
641 596 39 19 200
691 596 57 19 mark

207 623 116 19 derutöfver
346 623 23 20 10
390 623 58 25 penni
470 622 28 19 för
513 621 68 26 hvarje
603 623 37 19 100
657 622 56 20 mark
729 622 20 20 af

207 649 188 26 egendomsvärdet.

181 669 98 27 Domaren
293 677 22 18 är
329 675 77 26 skyldig
426 678 28 16 att
468 676 4 18 i
488 674 69 26 hvarje
578 676 38 23 fall,
639 674 25 20 dä
679 675 70 25 lagfart

209 708 32 14 om
256 702 93 20 afslutalt
363 702 38 25 köp
416 701 10 20 ä
441 702 38 19 fast
494 701 96 25 egendom
605 692 62 29 blifvit
680 702 69 19 fullän-

209 729 37 19 dad
262 730 37 18 och
313 729 60 25 öfriga
387 728 6 20 i
406 729 31 25 lag
452 728 92 26 stadgade
559 728 62 20 vilkor
637 727 109 27 fullgjorda,

209 755 46 20 derå
275 756 75 19 utfärda
370 755 100 25 fastebref,
490 755 64 20 ehvad
575 754 71 20 sådant
665 755 84 25 begäres

209 783 46 18 eller
271 781 25 25 ej.

183 809 124 25 Folkpass,
325 814 21 14 se
361 814 62 20 pass.

183 835 102 24 Fribref,
302 840 22 15 se
339 834 189 21 helfrihetsbref.

183 862 179 24 Friherrebref,
378 867 23 14 se
414 861 95 26 diplom.

183 889 106 20 Frisedel
304 889 26 19 tili
346 894 70 13 varors
431 889 85 25 lossning
531 889 37 20 och
582 889 84 24 lastning
680 884 12 34 —
709 904 3 3 .

183 915 124 25 Fullmakt,
333 915 149 25 konstitutorial,
505 908 139 28 förordnande,
669 905 80 30 kallelse

211 942 37 19 och
272 931 161 36 antagningsbref
436 957 4 9 j
465 927 177 44 protokollsutdrag
669 947 27 13 m.
720 947 27 14 m.

209 969 128 24 hvarigenom
352 968 84 23 embete,
453 967 59 26 tjenst
532 968 47 20 eller
594 968 107 25 befattning
715 968 35 19 be-

210 995 62 18 sättes
286 994 38 19 och
345 993 115 26 bortgifves,
476 995 46 19 eller
543 995 37 19 ock
595 994 104 25 värdighet
712 995 38 19 för-

211 1026 69 20 unnas,
292 1020 46 20 med
354 1021 96 25 undantag
464 1021 19 19 af
494 1021 52 24 dem,
561 1027 43 13 som
618 1020 6 19 i
638 1020 63 20 denna
711 1021 39 19 för-

211 1047 82 31 ordning
307 1047 64 20 finnas
385 1047 94 20 särskildt
493 1047 124 20 omnämnda:

184 1072 23 24 a)
222 1073 10 20 å
249 1073 75 26 verklig
338 1073 60 26 tjenst
407 1074 46 19 med
461 1075 100 30 bestämdt
575 1073 56 26 årligt
640 1074 111 25 löneanslag

210 1100 31 31 på
250 1102 49 17 stat:

186 1127 32 18 1:0
233 1126 11 19 å
259 1126 85 23 milit*rt,
360 1125 61 25 civilt,
438 1126 135 20 ecklesiastik-
582 1127 37 18 och
634 1127 118 20 skollärare-

211 1153 87 22 embete,
314 1151 66 30 tjenst,
396 1138 64 44 syssla
476 1153 46 19 eller
537 1152 121 26 beställning,
674 1158 44 14 som
732 1153 20 19 af

212 1179 62 19 Hans
290 1164 131 44 Kejserliga
435 1179 109 24 Majeståt
559 1179 47 19 eller
620 1179 131 19 vederböran-

212 1205 24 19 de
252 1205 116 26 myndighet
387 1205 97 24 tillsättes,
501 1205 85 19 skrifves
606 1205 24 25 på
647 1205 105 24 stämpladt

212 1237 75 18 papper
302 1231 108 18 beräknadt
428 1221 56 28 efter
494 1233 12 16 4
521 1233 81 22 procent
616 1231 20 18 .af
648 1232 103 23 penninge-

213 1257 38 18 och
266 1257 24 18 12
306 1257 82 24 procent
404 1257 20 18 af
437 1256 59 19 indelt
510 1257 29 18 lön
554 1257 28 18 för
597 1256 49 24 året,
662 1257 29 18 för
705 1256 45 24 Jen,

212 1282 78 19 hvilken
305 1283 60 18 första
383 1282 76 25 gången
480 1282 92 19 tillträder
586 1281 60 25 tjenst
661 1282 45 19 med
721 1283 30 18 lön

211 1308 24 26 pä
253 1309 95 24 Kronans,
371 1309 63 24 någon
453 1309 54 19 stads
529 1309 46 19 eller
592 1309 72 19 allmän
684 1309 68 18 inrätt-

211 1335 57 26 nings
283 1337 45 17 stat.
353 1336 43 19 Men
411 1335 33 20 vid
458 1335 104 20 befordran
576 1335 26 20 till
612 1341 63 13 annan
690 1334 61 25 tjenst

213 1361 97 20 beräknas
325 1361 67 20 kartan
412 1362 70 19 endast
498 1362 49 19 efter
568 1362 106 23 skilnaden,
693 1363 60 18 hvar-

213 1388 45 20 med
273 1388 38 19 den
332 1389 98 19 tillträdde
451 1389 54 19 lönen
520 1389 38 19 kan
579 1378 121 39 viverskjuta
715 1388 37 20 Jen

214 1416 52 19 förut
281 1415 109 20 innehafla.
413 1412 26 23 Är
454 1415 56 20 lönen
520 1415 32 20 vid
562 1415 37 20 den
609 1421 43 25 nya
668 1414 83 25 tjensten

213 1441 44 20 icke
271 1444 71 22 större,
358 1441 87 20 utfärdas
460 1442 112 20 fullmakten
594 1441 23 26 pä
633 1441 61 20 sådan
708 1441 45 20 kar-

208 332 11 18 N.

230 337 11 13 K

259 357 10 20 fo
256 331 11 19 Go
254 304 11 20 fe
255 278 11 20 fe
254 251 11 20 Koo
254 224 10 20 On

779 224 37 19 300

779 251 38 19 500

741 266 4 31 :
766 277 51 21 [4000

780 304 37 20 100

794 330 23 19 15

872 593 26 19 20
