989 1692
272 147 71 23 Nådiga
355 150 139 22 Propositionen
507 150 36 17 N:o
555 151 28 17 38.
758 150 44 19 1209

401 198 10 25 $
425 199 32 19 66.

111 234 59 20 Bland
186 234 53 25 dem,
258 240 44 14 som
320 235 44 20 icke
378 237 34 18 äro
426 236 121 26 berättigade
560 239 29 17 att
602 237 83 19 bränvin
700 238 96 24 tillverka,

58 260 92 20 distillera
172 261 46 19 eller
238 260 85 27 försälja,
343 261 31 19 må
392 268 24 13 en
434 263 50 19 hvar
501 262 104 20 husbonde
619 263 24 26 på
657 269 25 14 en
696 263 51 26 gång
761 265 37 19 hos

59 287 29 24 sig
102 287 58 19 hafva
174 287 53 26 dylik
243 293 47 14 vara
305 288 26 19 till
346 291 29 16 ett
388 289 71 24 belopp
473 289 21 20 af
506 289 58 25 högst
579 289 32 20 två
622 291 37 18 och
669 295 24 14 en
704 291 41 19 half
751 291 48 18 kan-

58 318 36 14 nor
115 313 30 19 för
166 312 68 25 hvarje
255 319 79 19 person,
350 314 53 19 äldre
418 315 47 19 eller
479 320 68 21 yngre,
563 315 80 20 hvilken
658 317 36 18 hör
709 317 25 19 till
750 317 48 19 hans

59 338 78 20 hushåll
158 339 47 19 eller
225 339 75 26 ständig
320 340 46 19 kost
381 341 37 19 hos
433 341 71 19 honom
519 340 92 25 åtnjuter.
640 343 50 24 Den,
706 348 44 13 som
764 348 31 13 an-

57 370 50 14 nans
121 365 161 20 husbondevälde
296 366 125 26 underlyder,
437 373 46 14 men
497 369 31 23 sig
537 367 46 25 sjelf
590 367 113 26 kosthåller,
715 374 35 20 ege
759 369 38 19 lika

57 392 45 23 rätt,
125 397 33 14 om
179 392 37 19 han
236 392 62 20 dertill
319 393 108 25 bevisligen
448 393 76 20 undfått
544 394 127 20 husbondens
685 395 111 26 samtycke.

57 417 92 20 Enskilda
169 417 119 26 tjenstehjon
308 419 38 19 och
366 419 68 25 andre,
452 420 26 20 de
491 420 36 20 der
541 421 36 18 hos
592 421 103 19 husbonde
709 421 89 26 dagligen

57 445 60 24 spisa,
134 450 47 14 vare
195 445 34 19 det
242 444 99 26 förbjudet
355 451 43 14 mer
412 447 47 18 eller
473 447 75 20 mindre
558 447 82 20 bränvin
651 447 103 20 innehafva
765 448 33 19 vid

57 471 70 20 förlust
140 471 21 20 af
173 471 82 20 bränvin
269 472 38 19 och
321 472 49 24 kärl,
386 472 56 20 hvari
456 473 33 20 det
503 473 95 20 förvaras.

387 544 45 20 Art.
448 544 19 21 5.

92 596 31 19 Om
135 600 67 15 ansvar
214 595 33 20 och
259 601 60 14 annan
330 597 23 18 än
366 597 114 19 ofvanutsatt
482 592 80 51 Pärolja
573 597 32 20 för
617 597 145 20 öfverträdelser

242 619 22 18 af
273 619 59 18 denna
346 619 125 24 författnings
492 620 118 25 föreskrifter.

399 669 10 26 $
423 670 31 19 67.

109 712 71 21 Finnes
197 713 69 26 nägon,
286 719 44 14 som
343 713 45 20 icke
402 719 46 20 eger
462 716 37 18 rätt
513 717 28 17 att
555 714 89 21 tillverka
659 715 89 25 bränvin,
764 721 33 14 an-

56 739 56 20 ställa
126 740 48 19 eller
188 741 80 19 anställa
281 739 39 21 läta
334 739 62 21 sädan
411 741 121 26 tillverkning
546 741 46 20 med
607 742 53 19 hvad
669 742 86 25 redskap
764 742 34 20 det

56 769 24 17 än
95 771 48 15 vara
156 766 40 25 mä,
212 767 48 20 eller
273 767 27 20 till
315 764 208 29 bränvinslistillering
537 768 121 25 oberättigad
672 769 82 19 dermed
768 769 30 25 sig

55 792 81 26 befatta,
152 793 58 20 hafve
224 793 100 20 förverkat
338 793 16 26 ej
370 794 75 19 mindre
459 794 144 20 innehafvande
617 795 179 26 mäskningsförräd

57 820 38 19 och
116 819 33 20 det
166 820 85 20 bränvin
267 821 37 18 han
319 819 107 21 sämedelst
440 821 75 25 beredt,
531 823 23 18 än
569 821 68 20 Jervid
652 822 87 19 använda
754 822 45 19 red-

57 846 49 26 skap
127 849 51 17 samt
198 847 46 19 böte
260 847 61 21 första
336 847 74 26 gången
426 848 103 20 etthundra
544 848 56 20 mark
615 847 38 21 och
667 848 59 21 andra
740 854 58 14 resan

56 873 91 24 dubbelt;
169 874 78 18 utöfvas
267 874 133 26 förbrytelsen
413 870 112 54 ytterligare
541 880 46 14 vare
601 875 34 19 bot
649 875 66 19 derför
729 875 69 25 hvarje

56 899 57 27 gång,
136 902 54 17 utom
210 900 72 19 förlust
298 901 20 19 af
333 901 65 24 mäsk,
431 902 66 18 bränvin
514 902 37 18 och
568 901 93 26 redskap,
677 902 120 26 fyrahundra

56 927 64 23 mark;
143 926 129 26 ådagalägges
290 926 74 26 jemväl
382 929 28 17 att
423 927 34 19 det
470 927 115 20 tillverkade
599 928 104 19 bränvinet
717 928 81 25 uppgått

56 953 27 19 till
104 953 70 25 belopp
192 954 21 19 af
228 953 66 19 femtio
314 954 76 19 kannor
410 954 45 19 eller
472 954 121 25 derutöfver,
613 954 48 20 ökes
678 954 34 20 bot
728 953 70 26 hvarje

56 979 50 26 gång
119 980 46 19 med
179 979 111 21 tvåhundra
304 980 26 19 till
346 981 37 18 och
397 980 46 20 med
457 983 78 17 ettusen
549 980 58 20 mark
621 980 49 20 efter
679 981 121 25 omständig-

55 1006 89 24 heterne,
160 1006 66 20 hvilka
240 1006 20 19 af
272 1006 94 20 domaren
380 1007 87 25 pröfvas.
495 1007 38 19 Om
547 1007 33 19 vid
589 1009 59 18 annat
656 1007 74 20 tillfälle
739 1008 23 18 än
772 1013 25 13 nu

57 1032 125 20 omförmäldt
202 1034 28 22 är,
252 1038 35 14 sur
300 1032 132 26 tillmäskning
447 1034 20 18 af
479 1033 37 19 den
530 1032 137 20 beskaffenhet
680 1033 5 19 i
699 1033 11 25 $
723 1034 23 18 21
763 1033 34 19 be-

56 1058 96 26 skrifvits,
174 1059 46 19 eller
237 1058 85 26 redskap
336 1058 68 27 tjenlig
417 1060 29 18 för
460 1059 94 19 bränvins
569 1060 124 25 tillverkning
708 1060 47 18 eller
768 1060 30 18 di-

56 1085 99 25 stillering,
172 1086 62 19 skulle
249 1086 146 19 öfverkommas
410 1086 35 20 hos
459 1086 44 25 den,
519 1086 81 19 hvilken
614 1086 26 20 till
655 1086 142 20 innehafvande

55 1111 58 20 deraf
127 1112 45 19 icke
188 1117 46 19 eger
248 1112 98 26 rättighet,
362 1118 48 14 vare
424 1112 35 23 slik
473 1112 56 20 mäsk
544 1113 38 19 och
595 1112 87 26 redskap
695 1112 102 20 förbruten

57 1140 52 17 samt
129 1138 35 19 bot
184 1138 60 20 första
258 1144 58 14 resan
330 1138 66 20 femtio
410 1139 57 19 mark
481 1139 38 19 och
533 1138 70 25 hvarje
617 1144 63 14 annan
695 1138 51 26 gång
760 1139 38 19 för-

56 1164 93 20 dubblad.
178 1164 122 26 Förfärdigas
314 1165 48 19 eller
375 1164 127 20 iståndsättes
516 1164 180 26 bränvinsredskap
706 1164 20 20 åt
734 1170 62 14 annan

57 1192 26 18 än
100 1190 26 20 till
144 1190 126 20 densammas
287 1191 51 19 bruk
356 1191 114 25 berättigad,
485 1191 60 25 plikte
559 1190 38 20 den
611 1190 45 20 med
671 1190 46 20 slikt
730 1190 68 20 arbete

57 1216 93 20 beträdes
164 1216 105 20 etthundra
282 1217 57 19 mark
354 1217 36 19 och
406 1218 59 19 miste
478 1216 117 26 redskapen.

398 1270 10 24 $
422 1270 32 20 68.

111 1306 39 20 Ifall
171 1306 45 24 den,
236 1312 45 13 som
296 1306 92 25 rättighet
402 1309 28 17 att
444 1306 90 20 tillverka
549 1306 82 20 bränvin
645 1306 90 24 innehar,
750 1305 50 25 utöf-

58 1338 36 13 var
108 1333 46 19 eller
167 1331 50 21 låter
231 1332 67 18 utöfva
312 1332 115 19 densamma
442 1332 10 19 å
467 1334 56 17 annat
538 1332 55 19 ställe
607 1333 24 17 än
645 1332 114 18 kontraktet
765 1332 35 18 be-

58 1360 103 23 stämmer,
184 1358 46 20 eller
250 1358 63 20 under
330 1358 27 19 tid
375 1357 24 20 då
414 1357 59 21 sådan
487 1358 124 24 tillverkning
625 1357 44 19 icke
683 1358 21 18 är
718 1356 80 30 tillåten,

59 1385 48 19 eller
120 1384 46 20 med
180 1384 47 20 flere
240 1385 24 18 än
278 1390 25 13 en
317 1384 92 26 redskap,
426 1384 45 20 eller
486 1383 62 20 under
559 1383 203 25 tillverkningstermin
772 1388 30 14 in-

59 1417 37 14 nan
110 1412 55 25 afgift
179 1410 63 21 blifvit
256 1410 65 26 erlagd
335 1411 39 20 och
387 1410 111 22 Kontroliör
513 1410 83 21 tillstånd
606 1410 65 20 dertill
681 1410 56 26 gifvit,
751 1409 49 30 skall

59 1438 44 19 icke
118 1439 82 18 allenast
214 1437 34 20 det
261 1437 88 25 bränvin,
365 1443 44 15 som
423 1437 80 20 sålunda
517 1437 116 24 tillverkats,
649 1437 38 20 och
698 1437 24 20 all
731 1426 69 30 dervid

731 1469 30 16 76"
