1006 1689
282 152 2 2 .
299 131 70 24 Nädiga
381 132 140 23 Propositionen
533 133 36 17 N:o
581 132 30 18 38.
784 131 45 19 1279

82 181 34 20 het
130 181 68 21 tillåtet
212 183 28 22 är;
255 182 47 25 göre
316 182 108 25 ansökning
437 182 69 20 derom
520 183 37 18 hos
571 182 140 24 Guvernören,
728 187 43 14 som
781 183 46 24 äger

83 207 46 20 slikt
150 207 86 21 tillstånd
252 208 30 19 för
299 210 29 17 tre
346 207 22 20 är
382 209 5 18 i
404 208 77 19 sender-
490 208 97 24 meddela,
604 211 53 16 emot
672 207 54 26 afgift
740 208 25 19 till
780 208 48 19 Kro-

82 239 48 20 nan,
147 233 99 21 beräknad
260 234 27 20 till
302 234 70 26 fyratio
387 234 57 20 mark
458 240 32 13 om
504 234 53 25 året,
574 233 82 21 såframt
670 234 34 19 det
718 233 111 26 öfverskju-

82 261 58 18 tande
154 261 93 25 beloppet
261 259 45 21 icke
319 261 57 25 utgör
391 267 42 13 mer
447 262 24 17 än
485 260 68 20 femtio
568 261 80 24 kannor,
664 261 39 19 och
717 260 33 19 vid
765 260 64 19 större

82 287 72 25 upplag
171 287 26 19 till
215 287 71 26 fyratio
303 287 56 19 mark
376 287 30 19 för
420 285 69 26 hvarje
503 287 68 19 femtio
586 286 79 25 kannor,
681 286 80 20 hvilken
776 286 53 26 afgift

83 313 49 19 skall
147 318 46 14 vara
211 313 29 19 för
257 313 35 19 alla
307 316 30 16 tre
351 311 46 21 åren
411 313 25 20 till
454 313 156 20 Landtränteriet
624 312 85 21 inbetald
724 313 56 19 innan
794 313 37 19 till-

83 339 150 27 ständsbrefvet
246 339 96 20 utfärdas.

427 392 10 26 S
452 393 30 20 85.
587 416 2 2 .
817 408 14 5 2

138 428 151 27 Undersökning
310 431 50 19 efter
375 430 88 27 olofligen
479 430 94 27 upplagdt
586 430 82 21 bränvin
682 431 30 20 får
726 431 21 20 af
758 431 72 20 veder-

84 457 86 20 börande
184 457 76 20 Krono-
273 458 38 19 och
324 457 147 25 Stalsbetjente
485 460 51 17 samt
550 454 71 24 Öfver-
630 458 37 19 och
678 457 152 26 Underbetjente

84 483 33 20 vid
138 483 105 20 tullverket
260 484 103 19 äfvensom
381 484 60 19 andre
455 484 29 20 för
498 484 109 20 ändamålet
621 484 146 20 tillförordnade
781 485 49 24 tjen-

84 511 77 18 stemän
175 511 63 18 under
256 510 123 26 iakttagande
397 511 20 19 af
433 510 41 20 dei
490 511 10 26 $
515 511 23 19 72
554 511 92 20 affattale
660 510 125 20 föreskrifter.
797 516 33 14 an-

84 537 66 26 ställas
165 536 42 20 frän
222 537 85 20 klockan
324 537 39 20 fem
378 543 33 14 om
428 543 106 20 morgonen
549 538 25 19 till
589 537 85 20 klockan
688 537 31 20 nio
735 543 32 14 om
782 537 49 20 afto-

84 562 38 20 nen
135 563 28 20 uti
177 563 83 26 källare,
277 563 110 26 magasiner
399 564 38 19 och
451 565 59 19 andra
522 564 70 25 uthus,
606 563 22 20 sä
641 563 52 20 ock
689 558 9 36 i
704 563 25 20 de
739 563 92 26 bonings-

83 595 56 18 rum,
158 590 35 20 Jer
209 590 82 19 bränvin
309 591 5 18 i
328 590 63 20 större
405 591 123 25 myckenhet
542 590 52 20 förut
608 590 64 20 under:
686 595 76 15 samma
777 590 53 19 inne-

84 611 101 37 hafvares*
197 611 146 37 besittningstid
361 617 107 25 förvarats,
484 617 46 20 eller
544 617 28 19 till
586 617 41 19 salu
642 616 72 21 hållits.
744 617 37 19 Om
795 621 37 14 un-

84 642 119 27 dersökning
223 642 21 27 ä
255 649 64 14 annan
336 643 27 20 tid
381 643 46 19 eller
444 643 5 20 i
464 643 58 20 andra
538 649 44 13 rum
595 645 24 17 än
634 649 25 13 nu
674 643 57 25 sagdt
744 645 22 17 är
780 648 49 14 vare

83 669 17 19 lag
128 675 43 14 som
185 669 10 25 $
210 670 23 19 74
249 669 112 21 innehåller.
385 669 52 20 Sker
449 670 31 19 vid
494 669 61 20 sådan
566 669 144 25 undersökning
721 668 108 25 motstånd,

85 695 44 20 våld
144 696 47 20 eller
205 701 61 14 annan
281 697 57 24 orätt,
354 697 52 25 gälle
417 695 52 21 hvad
483 697 10 24 $
510 696 24 19 73
552 695 134 20 föreskrifver.

413 771 45 20 Art.
478 771 19 20 3.

169 823 31 18 Om
211 822 115 25 försäljning
340 823 21 19 af
374 823 78 19 bränvin
464 823 34 19 och
510 823 57 19 andra
579 823 65 19 starka
655 823 88 23 drycker.

428 873 10 26 6
452 873 32 20 86.

138 911 99 26 Rättighet
251 913 27 17 att
293 910 78 26 försälja
385 910 82 20 bränvin
481 911 109 20 tillkomme
605 912 33 19 1:0
652 911 46 20 dem
712 916 44 15 som
771 911 59 20 hafva

84 938 28 19 lof
128 940 28 17 att
174 937 82 20 bränvin
274 937 100 26 tillverka,
393 938 34 19 2:0
444 937 123 26 Gästgifvare
582 937 10 19 å
607 937 74 25 landet,
698 938 33 19 3:o
746 937 85 26 Gästgif-

86 970 48 14 vare
149 966 52 18 samt
214 964 68 19 idkare
297 965 20 18 af
329 964 82 20 källare-
425 964 109 19 värdshus-
548 964 47 19 eller
611 964 219 25 spisqvarters-rörelse

86 991 48 20 eller
148 995 62 15 annan
225 990 60 20 sådan
300 991 66 26 näring
380 991 6 18 i
400 991 92 20 städerne
505 993 52 18 samt
568 991 34 19 4:o
614 991 25 19 Je
649 990 97 20 särskilde
755 990 75 25 försälj-

86 1018 113 25 ningsmän,
217 1018 38 19 och
269 1017 121 20 utskänkare
404 1023 43 14 som
462 1017 5 19 i
480 1017 53 20 vissa
546 1017 66 20 städer
625 1019 34 18 äro
672 1018 47 19 eller
728 1017 60 20 blifva
797 1023 34 14 an-

86 1046 63 23 tagne.
178 1044 58 25 Ingen
251 1049 68 19 annan,
336 1044 38 19 eho
388 1045 38 18 han
441 1049 46 14 vara
502 1043 39 24 må,
558 1044 91 19 fördriste
663 1043 29 26 sig
706 1046 28 16 att
748 1043 82 20 bränvin

85 1070 27 20 till
130 1071 63 19 större
208 1071 47 19 eller
268 1070 76 20 mindre
358 1070 81 26 belopp,
455 1070 5 19 i
475 1072 44 24 eget
533 1070 47 19 eller
594 1075 74 15 annans
678 1070 48 24 hus,
738 1070 29 19 för
781 1075 49 20 egen

86 1097 49 19 eller
148 1096 71 22 andras
234 1096 91 26 räkning,
341 1097 62 20 under
420 1097 79 19 hvilken
513 1096 139 26 förevändning
666 1102 43 14 som
724 1096 53 20 helst:
792 1096 40 20 för-

87 1122 55 26 sälja.
171 1124 72 26 Bryter
262 1122 63 26 någon
346 1123 99 24 häremot;
463 1123 45 20 böte
525 1123 61 19 första
604 1122 75 26 gången.
693 1122 65 20 åttatio
773 1123 56 19 mark

86 1152 38 18 och
139 1150 32 19 vid
185 1149 84 27 förnyad
282 1150 96 19 förseelse
392 1149 169 21 etthundrasextio
575 1150 57 19 mark
645 1148 71 26 hvarje
729 1148 57 27 gång.

429 1202 10 26 $
454 1203 32 20 87.

141 1242 29 20 De
184 1247 44 15 som
242 1242 34 26 äga
291 1241 94 25 rättighet
399 1243 28 17 att
440 1240 88 20 tillverka
545 1240 83 28 bränvin
646 1240 104 20 äfvensom
763 1240 25 20 de
802 1240 27 19 uti

87 1269 55 19 vissa
156 1268 67 20 städer
236 1271 83 23 antagne
333 1266 174 26 försäljningsmän,
524 1267 31 19 må
573 1272 17 19 ej
608 1267 83 26 föryttra
706 1266 82 20 bränvin
803 1266 26 20 till

88 1294 75 20 mindre
178 1295 71 24 belopp
263 1296 24 18 än
302 1300 24 14 en
340 1293 105 26 fjerdedels
460 1294 68 24 kanna,
544 1296 28 17 att
586 1294 97 18 afhemtas
697 1292 25 26 på
737 1299 24 13 en
773 1292 57 26 gång:

86 1320 123 20 Missbrukar
222 1320 63 26 någon
299 1320 64 19 denna
376 1320 92 24 rättighet
482 1320 38 18 och
534 1319 58 24 säljer
606 1320 87 22 mindre;
709 1319 46 19 böte
769 1320 61 17 första

87 1346 74 26 gången
175 1346 63 20 sextio
254 1346 57 20 mark
327 1346 39 19 och
383 1351 56 19 vare,
455 1351 33 13 om
503 1346 37 18 han
552 1347 22 17 är
584 1344 165 25 försäljningman,
761 1345 71 19 forlus-

88 1373 27 25 tig
135 1374 31 18 sin
185 1372 162 26 försäljningsrätt
367 1374 51 18 samt
435 1372 81 25 ovärdig
536 1374 28 17 att
584 1371 38 19 slik
639 1370 107 30 befattning
763 1370 69 20 vidare

87 1398 135 22 omhänderfä.
251 1398 62 27 Begär
329 1398 63 29 någon
406 1397 61 22 sådan
482 1398 95 20 förseelse
592 1398 68 24 oftare,
677 1397 60 25 plikte
752 1398 80 18 etthun-

87 1426 91 26 dratjugu
192 1426 57 20 mark
264 1426 30 20 för
308 1426 70 24 hvarje
392 1424 57 27 gäng.
