<?xml version="1.0" encoding="UTF-8"?>
<alto xmlns="http://www.loc.gov/standards/alto/ns-v3#" xmlns:xlink="http://www.w3.org/1999/xlink" xmlns:xsi="http://www.w3.org/2001/XMLSchema-instance" xsi:schemaLocation="http://www.loc.gov/standards/alto/ns-v3# http://www.loc.gov/alto/v3/alto-3-0.xsd">
	<Description>
		<MeasurementUnit>pixel</MeasurementUnit>
		<sourceImageInformation>
			<fileName>/tmp/tess_dq33665t_input.PNG</fileName>
		</sourceImageInformation>
		<OCRProcessing ID="OCR_0">
			<ocrProcessingStep>
				<processingSoftware>
					<softwareName>tesseract 5.3.4</softwareName>
				</processingSoftware>
			</ocrProcessingStep>
		</OCRProcessing>
	</Description>
	<Layout>
		<Page WIDTH="973" HEIGHT="1692" PHYSICAL_IMG_NR="0" ID="page_0">
			<PrintSpace HPOS="0" VPOS="0" WIDTH="973" HEIGHT="1692">
				<ComposedBlock ID="cblock_0" HPOS="265" VPOS="143" WIDTH="526" HEIGHT="25">
					<TextBlock ID="block_0" HPOS="265" VPOS="143" WIDTH="526" HEIGHT="25">
						<TextLine ID="line_0" HPOS="265" VPOS="143" WIDTH="526" HEIGHT="25">
							<String ID="string_0" HPOS="265" VPOS="143" WIDTH="72" HEIGHT="23" WC="0.88" CONTENT="Nådiga"/><SP WIDTH="10" VPOS="143" HPOS="337"/>
							<String ID="string_1" HPOS="347" VPOS="144" WIDTH="140" HEIGHT="24" WC="0.95" CONTENT="Propositionen"/><SP WIDTH="13" VPOS="144" HPOS="487"/>
							<String ID="string_2" HPOS="500" VPOS="146" WIDTH="37" HEIGHT="18" WC="0.95" CONTENT="N:o"/><SP WIDTH="11" VPOS="146" HPOS="537"/>
							<String ID="string_3" HPOS="548" VPOS="146" WIDTH="28" HEIGHT="18" WC="0.96" CONTENT="26."/><SP WIDTH="181" VPOS="146" HPOS="576"/>
							<String ID="string_4" HPOS="757" VPOS="147" WIDTH="34" HEIGHT="20" WC="0.75" CONTENT="ei"/>
						</TextLine>
					</TextBlock>
				</ComposedBlock>
				<ComposedBlock ID="cblock_1" HPOS="42" VPOS="192" WIDTH="747" HEIGHT="697">
					<TextBlock ID="block_1" HPOS="42" VPOS="192" WIDTH="747" HEIGHT="479">
						<TextLine ID="line_1" HPOS="48" VPOS="192" WIDTH="741" HEIGHT="30">
							<String ID="string_5" HPOS="48" VPOS="192" WIDTH="61" HEIGHT="21" WC="0.95" CONTENT="kallad"/><SP WIDTH="19" VPOS="192" HPOS="109"/>
							<String ID="string_6" HPOS="128" VPOS="194" WIDTH="28" HEIGHT="24" WC="0.65" CONTENT="är,"/><SP WIDTH="19" VPOS="194" HPOS="156"/>
							<String ID="string_7" HPOS="175" VPOS="194" WIDTH="38" HEIGHT="19" WC="0.93" CONTENT="och"/><SP WIDTH="18" VPOS="194" HPOS="213"/>
							<String ID="string_8" HPOS="231" VPOS="194" WIDTH="66" HEIGHT="22" WC="0.95" CONTENT="hvilka"/><SP WIDTH="17" VPOS="194" HPOS="297"/>
							<String ID="string_9" HPOS="314" VPOS="200" WIDTH="37" HEIGHT="20" WC="0.95" CONTENT="nog"/><SP WIDTH="18" VPOS="200" HPOS="351"/>
							<String ID="string_10" HPOS="369" VPOS="195" WIDTH="48" HEIGHT="25" WC="0.90" CONTENT="ofta,"/><SP WIDTH="20" VPOS="195" HPOS="417"/>
							<String ID="string_11" HPOS="437" VPOS="196" WIDTH="89" HEIGHT="19" WC="0.96" CONTENT="särdeles"/><SP WIDTH="17" VPOS="196" HPOS="526"/>
							<String ID="string_12" HPOS="543" VPOS="195" WIDTH="25" HEIGHT="20" WC="0.93" CONTENT="dä"/><SP WIDTH="17" VPOS="195" HPOS="568"/>
							<String ID="string_13" HPOS="585" VPOS="196" WIDTH="54" HEIGHT="26" WC="0.95" CONTENT="fråga"/><SP WIDTH="17" VPOS="196" HPOS="639"/>
							<String ID="string_14" HPOS="656" VPOS="196" WIDTH="83" HEIGHT="26" WC="0.95" CONTENT="uppstår"/><SP WIDTH="17" VPOS="196" HPOS="739"/>
							<String ID="string_15" HPOS="756" VPOS="202" WIDTH="33" HEIGHT="15" WC="0.96" CONTENT="om"/>
						</TextLine>
						<TextLine ID="line_2" HPOS="47" VPOS="220" WIDTH="741" HEIGHT="28">
							<String ID="string_16" HPOS="47" VPOS="220" WIDTH="131" HEIGHT="26" WC="0.95" CONTENT="bebyggande"/><SP WIDTH="14" VPOS="220" HPOS="178"/>
							<String ID="string_17" HPOS="192" VPOS="220" WIDTH="21" HEIGHT="19" WC="0.96" CONTENT="af"/><SP WIDTH="10" VPOS="220" HPOS="213"/>
							<String ID="string_18" HPOS="223" VPOS="216" WIDTH="45" HEIGHT="36" WC="0.92" CONTENT="eget"/><SP WIDTH="9" VPOS="216" HPOS="268"/>
							<String ID="string_19" HPOS="277" VPOS="220" WIDTH="94" HEIGHT="26" WC="0.58" CONTENT="-boställe,"/><SP WIDTH="17" VPOS="220" HPOS="371"/>
							<String ID="string_20" HPOS="388" VPOS="222" WIDTH="37" HEIGHT="18" WC="0.93" CONTENT="hos"/><SP WIDTH="15" VPOS="222" HPOS="425"/>
							<String ID="string_21" HPOS="440" VPOS="222" WIDTH="197" HEIGHT="26" WC="0.92" CONTENT="församlingsboerne"/><SP WIDTH="13" VPOS="222" HPOS="637"/>
							<String ID="string_22" HPOS="650" VPOS="223" WIDTH="100" HEIGHT="19" WC="0.96" CONTENT="framkalla"/><SP WIDTH="15" VPOS="223" HPOS="750"/>
							<String ID="string_23" HPOS="765" VPOS="229" WIDTH="23" HEIGHT="13" WC="0.96" CONTENT="en"/>
						</TextLine>
						<TextLine ID="line_3" HPOS="46" VPOS="247" WIDTH="743" HEIGHT="25">
							<String ID="string_24" HPOS="46" VPOS="247" WIDTH="60" HEIGHT="25" WC="0.58" CONTENT="afvog"/><SP WIDTH="13" VPOS="247" HPOS="106"/>
							<String ID="string_25" HPOS="119" VPOS="247" WIDTH="166" HEIGHT="24" WC="0.54" CONTENT="&#39;sinnesstämning."/><SP WIDTH="18" VPOS="247" HPOS="285"/>
							<String ID="string_26" HPOS="303" VPOS="250" WIDTH="54" HEIGHT="17" WC="0.92" CONTENT="emot"/><SP WIDTH="17" VPOS="250" HPOS="357"/>
							<String ID="string_27" HPOS="374" VPOS="248" WIDTH="72" HEIGHT="19" WC="0.93" CONTENT="honom"/><SP WIDTH="17" VPOS="248" HPOS="446"/>
							<String ID="string_28" HPOS="463" VPOS="248" WIDTH="67" HEIGHT="20" WC="0.93" CONTENT="såsom"/><SP WIDTH="17" VPOS="248" HPOS="530"/>
							<String ID="string_29" HPOS="547" VPOS="247" WIDTH="116" HEIGHT="25" WC="0.88" CONTENT="själaherde."/><SP WIDTH="30" VPOS="247" HPOS="663"/>
							<String ID="string_30" HPOS="693" VPOS="250" WIDTH="29" HEIGHT="18" WC="0.93" CONTENT="En"/><SP WIDTH="17" VPOS="250" HPOS="722"/>
							<String ID="string_31" HPOS="739" VPOS="252" WIDTH="50" HEIGHT="17" WC="0.92" CONTENT="mot-"/>
						</TextLine>
						<TextLine ID="line_4" HPOS="46" VPOS="273" WIDTH="743" HEIGHT="26">
							<String ID="string_32" HPOS="46" VPOS="273" WIDTH="77" HEIGHT="24" WC="0.86" CONTENT="sägelse"/><SP WIDTH="14" VPOS="273" HPOS="123"/>
							<String ID="string_33" HPOS="137" VPOS="273" WIDTH="72" HEIGHT="26" WC="0.92" CONTENT="tyckes"/><SP WIDTH="14" VPOS="273" HPOS="209"/>
							<String ID="string_34" HPOS="223" VPOS="273" WIDTH="104" HEIGHT="25" WC="0.57" CONTENT="mig-li&#39;ga"/><SP WIDTH="16" VPOS="273" HPOS="327"/>
							<String ID="string_35" HPOS="343" VPOS="274" WIDTH="49" HEIGHT="24" WC="0.88" CONTENT="deri,"/><SP WIDTH="16" VPOS="274" HPOS="392"/>
							<String ID="string_36" HPOS="408" VPOS="276" WIDTH="27" HEIGHT="18" WC="0.93" CONTENT="att"/><SP WIDTH="15" VPOS="276" HPOS="435"/>
							<String ID="string_37" HPOS="450" VPOS="275" WIDTH="97" HEIGHT="19" WC="0.96" CONTENT="utskottet"/><SP WIDTH="15" VPOS="275" HPOS="547"/>
							<String ID="string_38" HPOS="562" VPOS="274" WIDTH="31" HEIGHT="21" WC="0.93" CONTENT="vill"/><SP WIDTH="15" VPOS="274" HPOS="593"/>
							<String ID="string_39" HPOS="608" VPOS="275" WIDTH="81" HEIGHT="20" WC="0.95" CONTENT="hänvisa"/><SP WIDTH="14" VPOS="275" HPOS="689"/>
							<String ID="string_40" HPOS="703" VPOS="282" WIDTH="26" HEIGHT="13" WC="0.93" CONTENT="nu"/><SP WIDTH="15" VPOS="282" HPOS="729"/>
							<String ID="string_41" HPOS="744" VPOS="275" WIDTH="45" HEIGHT="20" WC="0.93" CONTENT="ifrä-"/>
						</TextLine>
						<TextLine ID="line_5" HPOS="45" VPOS="299" WIDTH="744" HEIGHT="26">
							<String ID="string_42" HPOS="45" VPOS="299" WIDTH="112" HEIGHT="24" WC="0.92" CONTENT="gavarande"/><SP WIDTH="14" VPOS="299" HPOS="157"/>
							<String ID="string_43" HPOS="171" VPOS="299" WIDTH="114" HEIGHT="26" WC="0.93" CONTENT="byggnader"/><SP WIDTH="16" VPOS="299" HPOS="285"/>
							<String ID="string_44" HPOS="301" VPOS="300" WIDTH="27" HEIGHT="19" WC="0.93" CONTENT="till"/><SP WIDTH="18" VPOS="300" HPOS="328"/>
							<String ID="string_45" HPOS="346" VPOS="300" WIDTH="159" HEIGHT="25" WC="0.88" CONTENT="kyrkostämma,"/><SP WIDTH="20" VPOS="300" HPOS="505"/>
							<String ID="string_46" HPOS="525" VPOS="302" WIDTH="35" HEIGHT="18" WC="0.93" CONTENT="när"/><SP WIDTH="17" VPOS="302" HPOS="560"/>
							<String ID="string_47" HPOS="577" VPOS="301" WIDTH="109" HEIGHT="20" WC="0.86" CONTENT="detsamma"/><SP WIDTH="17" VPOS="301" HPOS="686"/>
							<String ID="string_48" HPOS="703" VPOS="302" WIDTH="86" HEIGHT="19" WC="0.96" CONTENT="förordat"/>
						</TextLine>
						<TextLine ID="line_6" HPOS="45" VPOS="325" WIDTH="744" HEIGHT="22">
							<String ID="string_49" HPOS="45" VPOS="327" WIDTH="29" HEIGHT="19" WC="0.88" CONTENT="att"/><SP WIDTH="13" VPOS="327" HPOS="74"/>
							<String ID="string_50" HPOS="87" VPOS="325" WIDTH="85" HEIGHT="20" WC="0.81" CONTENT="ärender:"/><SP WIDTH="14" VPOS="325" HPOS="172"/>
							<String ID="string_51" HPOS="186" VPOS="326" WIDTH="82" HEIGHT="19" WC="0.96" CONTENT="rörande"/><SP WIDTH="18" VPOS="326" HPOS="268"/>
							<String ID="string_52" HPOS="286" VPOS="326" WIDTH="96" HEIGHT="19" WC="0.96" CONTENT="folkskola"/><SP WIDTH="17" VPOS="326" HPOS="382"/>
							<String ID="string_53" HPOS="399" VPOS="327" WIDTH="80" HEIGHT="20" WC="0.96" CONTENT="komme"/><SP WIDTH="17" VPOS="327" HPOS="479"/>
							<String ID="string_54" HPOS="496" VPOS="327" WIDTH="33" HEIGHT="19" WC="0.93" CONTENT="vid"/><SP WIDTH="18" VPOS="327" HPOS="529"/>
							<String ID="string_55" HPOS="547" VPOS="327" WIDTH="196" HEIGHT="20" WC="0.74" CONTENT="kommunalstämma"/><SP WIDTH="0" VPOS="327" HPOS="743"/>
							<String ID="string_56" HPOS="743" VPOS="321" WIDTH="10" HEIGHT="35" WC="0.48" CONTENT="."/><SP WIDTH="8" VPOS="321" HPOS="753"/>
							<String ID="string_57" HPOS="761" VPOS="331" WIDTH="28" HEIGHT="16" WC="0.48" CONTENT="att"/>
						</TextLine>
						<TextLine ID="line_7" HPOS="45" VPOS="351" WIDTH="742" HEIGHT="23">
							<String ID="string_58" HPOS="45" VPOS="351" WIDTH="114" HEIGHT="21" WC="0.80" CONTENT="behandlas."/><SP WIDTH="30" VPOS="351" HPOS="159"/>
							<String ID="string_59" HPOS="189" VPOS="353" WIDTH="50" HEIGHT="18" WC="0.41" CONTENT="Intet"/><SP WIDTH="13" VPOS="353" HPOS="239"/>
							<String ID="string_60" HPOS="252" VPOS="353" WIDTH="76" HEIGHT="19" WC="0.92" CONTENT="talande"/><SP WIDTH="15" VPOS="353" HPOS="328"/>
							<String ID="string_61" HPOS="343" VPOS="353" WIDTH="40" HEIGHT="19" WC="0.51" CONTENT="skäl"/><SP WIDTH="16" VPOS="353" HPOS="383"/>
							<String ID="string_62" HPOS="399" VPOS="354" WIDTH="56" HEIGHT="19" WC="0.88" CONTENT="torde"/><SP WIDTH="14" VPOS="354" HPOS="455"/>
							<String ID="string_63" HPOS="469" VPOS="354" WIDTH="122" HEIGHT="19" WC="0.96" CONTENT="förekomma"/><SP WIDTH="14" VPOS="354" HPOS="591"/>
							<String ID="string_64" HPOS="605" VPOS="356" WIDTH="28" HEIGHT="17" WC="0.96" CONTENT="att"/><SP WIDTH="12" VPOS="356" HPOS="633"/>
							<String ID="string_65" HPOS="645" VPOS="354" WIDTH="5" HEIGHT="19" WC="0.92" CONTENT="i"/><SP WIDTH="9" VPOS="354" HPOS="650"/>
							<String ID="string_66" HPOS="659" VPOS="354" WIDTH="128" HEIGHT="20" WC="0.96" CONTENT="förevarande"/>
						</TextLine>
						<TextLine ID="line_8" HPOS="45" VPOS="377" WIDTH="742" HEIGHT="30">
							<String ID="string_67" HPOS="45" VPOS="378" WIDTH="31" HEIGHT="21" WC="0.96" CONTENT="fall"/><SP WIDTH="16" VPOS="378" HPOS="76"/>
							<String ID="string_68" HPOS="92" VPOS="377" WIDTH="21" HEIGHT="21" WC="0.93" CONTENT="sä"/><SP WIDTH="16" VPOS="377" HPOS="113"/>
							<String ID="string_69" HPOS="129" VPOS="384" WIDTH="49" HEIGHT="19" WC="0.95" CONTENT="noga"/><SP WIDTH="15" VPOS="384" HPOS="178"/>
							<String ID="string_70" HPOS="193" VPOS="378" WIDTH="89" HEIGHT="25" WC="0.95" CONTENT="särskilja"/><SP WIDTH="18" VPOS="378" HPOS="282"/>
							<String ID="string_71" HPOS="300" VPOS="379" WIDTH="80" HEIGHT="20" WC="0.96" CONTENT="emellan"/><SP WIDTH="16" VPOS="379" HPOS="380"/>
							<String ID="string_72" HPOS="396" VPOS="379" WIDTH="94" HEIGHT="20" WC="0.96" CONTENT="kommun"/><SP WIDTH="14" VPOS="379" HPOS="490"/>
							<String ID="string_73" HPOS="504" VPOS="381" WIDTH="38" HEIGHT="18" WC="0.96" CONTENT="och"/><SP WIDTH="17" VPOS="381" HPOS="542"/>
							<String ID="string_74" HPOS="559" VPOS="381" WIDTH="122" HEIGHT="24" WC="0.96" CONTENT="församling,"/><SP WIDTH="20" VPOS="381" HPOS="681"/>
							<String ID="string_75" HPOS="701" VPOS="383" WIDTH="21" HEIGHT="24" WC="0.95" CONTENT="ty"/><SP WIDTH="20" VPOS="383" HPOS="722"/>
							<String ID="string_76" HPOS="742" VPOS="381" WIDTH="45" HEIGHT="20" WC="0.84" CONTENT="med"/>
						</TextLine>
						<TextLine ID="line_9" HPOS="45" VPOS="405" WIDTH="742" HEIGHT="26">
							<String ID="string_77" HPOS="45" VPOS="405" WIDTH="93" HEIGHT="20" WC="0.93" CONTENT="afseende"/><SP WIDTH="14" VPOS="405" HPOS="138"/>
							<String ID="string_78" HPOS="152" VPOS="405" WIDTH="10" HEIGHT="19" WC="0.91" CONTENT="å"/><SP WIDTH="16" VPOS="405" HPOS="162"/>
							<String ID="string_79" HPOS="178" VPOS="405" WIDTH="145" HEIGHT="26" WC="0.92" CONTENT="icke-kyrkliga"/><SP WIDTH="14" VPOS="405" HPOS="323"/>
							<String ID="string_80" HPOS="337" VPOS="405" WIDTH="134" HEIGHT="20" WC="0.96" CONTENT="förhållanden"/><SP WIDTH="14" VPOS="405" HPOS="471"/>
							<String ID="string_81" HPOS="485" VPOS="407" WIDTH="81" HEIGHT="19" WC="0.96" CONTENT="komma"/><SP WIDTH="14" VPOS="407" HPOS="566"/>
							<String ID="string_82" HPOS="580" VPOS="406" WIDTH="25" HEIGHT="19" WC="0.93" CONTENT="de"/><SP WIDTH="14" VPOS="406" HPOS="605"/>
							<String ID="string_83" HPOS="619" VPOS="407" WIDTH="5" HEIGHT="18" WC="0.93" CONTENT="i"/><SP WIDTH="13" VPOS="407" HPOS="624"/>
							<String ID="string_84" HPOS="637" VPOS="406" WIDTH="70" HEIGHT="25" WC="0.96" CONTENT="sjelfva"/><SP WIDTH="10" VPOS="406" HPOS="707"/>
							<String ID="string_85" HPOS="717" VPOS="407" WIDTH="70" HEIGHT="20" WC="0.96" CONTENT="verket"/>
						</TextLine>
						<TextLine ID="line_10" HPOS="44" VPOS="432" WIDTH="743" HEIGHT="27">
							<String ID="string_86" HPOS="44" VPOS="434" WIDTH="29" HEIGHT="19" WC="0.95" CONTENT="att"/><SP WIDTH="14" VPOS="434" HPOS="73"/>
							<String ID="string_87" HPOS="87" VPOS="437" WIDTH="38" HEIGHT="21" WC="0.95" CONTENT="nog"/><SP WIDTH="14" VPOS="437" HPOS="125"/>
							<String ID="string_88" HPOS="139" VPOS="432" WIDTH="40" HEIGHT="19" WC="0.95" CONTENT="ofta"/><SP WIDTH="14" VPOS="432" HPOS="179"/>
							<String ID="string_89" HPOS="193" VPOS="432" WIDTH="135" HEIGHT="20" WC="0.94" CONTENT="sammanfalla"/><SP WIDTH="14" VPOS="432" HPOS="328"/>
							<String ID="string_90" HPOS="342" VPOS="432" WIDTH="26" HEIGHT="19" WC="0.95" CONTENT="till"/><SP WIDTH="16" VPOS="432" HPOS="368"/>
							<String ID="string_91" HPOS="384" VPOS="433" WIDTH="46" HEIGHT="19" WC="0.93" CONTENT="nära"/><SP WIDTH="14" VPOS="433" HPOS="430"/>
							<String ID="string_92" HPOS="444" VPOS="433" WIDTH="95" HEIGHT="26" WC="0.90" CONTENT="liktydiga"/><SP WIDTH="15" VPOS="433" HPOS="539"/>
							<String ID="string_93" HPOS="554" VPOS="434" WIDTH="93" HEIGHT="24" WC="0.88" CONTENT="hegrepp."/><SP WIDTH="30" VPOS="434" HPOS="647"/>
							<String ID="string_94" HPOS="677" VPOS="434" WIDTH="36" HEIGHT="19" WC="0.96" CONTENT="Väl"/><SP WIDTH="18" VPOS="434" HPOS="713"/>
							<String ID="string_95" HPOS="731" VPOS="434" WIDTH="56" HEIGHT="19" WC="0.96" CONTENT="torde"/>
						</TextLine>
						<TextLine ID="line_11" HPOS="44" VPOS="457" WIDTH="744" HEIGHT="28">
							<String ID="string_96" HPOS="44" VPOS="457" WIDTH="116" HEIGHT="27" WC="0.91" CONTENT="nägongäng"/><SP WIDTH="16" VPOS="457" HPOS="160"/>
							<String ID="string_97" HPOS="176" VPOS="458" WIDTH="75" HEIGHT="20" WC="0.88" CONTENT="inträlfa"/><SP WIDTH="16" VPOS="458" HPOS="251"/>
							<String ID="string_98" HPOS="267" VPOS="461" WIDTH="29" HEIGHT="17" WC="0.93" CONTENT="att"/><SP WIDTH="17" VPOS="461" HPOS="296"/>
							<String ID="string_99" HPOS="313" VPOS="458" WIDTH="62" HEIGHT="20" WC="0.92" CONTENT="skilda"/><SP WIDTH="17" VPOS="458" HPOS="375"/>
							<String ID="string_100" HPOS="392" VPOS="461" WIDTH="100" HEIGHT="23" WC="0.91" CONTENT="pastorats"/><SP WIDTH="17" VPOS="461" HPOS="492"/>
							<String ID="string_101" HPOS="509" VPOS="459" WIDTH="135" HEIGHT="26" WC="0.89" CONTENT="församlingar"/><SP WIDTH="19" VPOS="459" HPOS="644"/>
							<String ID="string_102" HPOS="663" VPOS="460" WIDTH="80" HEIGHT="20" WC="0.96" CONTENT="komma"/><SP WIDTH="17" VPOS="460" HPOS="743"/>
							<String ID="string_103" HPOS="760" VPOS="463" WIDTH="28" HEIGHT="18" WC="0.96" CONTENT="att"/>
						</TextLine>
						<TextLine ID="line_12" HPOS="44" VPOS="484" WIDTH="743" HEIGHT="27">
							<String ID="string_104" HPOS="44" VPOS="484" WIDTH="77" HEIGHT="21" WC="0.96" CONTENT="förenas"/><SP WIDTH="15" VPOS="484" HPOS="121"/>
							<String ID="string_105" HPOS="136" VPOS="485" WIDTH="26" HEIGHT="20" WC="0.96" CONTENT="till"/><SP WIDTH="16" VPOS="485" HPOS="162"/>
							<String ID="string_106" HPOS="178" VPOS="491" WIDTH="23" HEIGHT="13" WC="0.93" CONTENT="en"/><SP WIDTH="16" VPOS="491" HPOS="201"/>
							<String ID="string_107" HPOS="217" VPOS="485" WIDTH="49" HEIGHT="20" WC="0.96" CONTENT="enda"/><SP WIDTH="16" VPOS="485" HPOS="266"/>
							<String ID="string_108" HPOS="282" VPOS="485" WIDTH="96" HEIGHT="20" WC="0.96" CONTENT="kommun"/><SP WIDTH="16" VPOS="485" HPOS="378"/>
							<String ID="string_109" HPOS="394" VPOS="486" WIDTH="37" HEIGHT="19" WC="0.93" CONTENT="och"/><SP WIDTH="17" VPOS="486" HPOS="431"/>
							<String ID="string_110" HPOS="448" VPOS="487" WIDTH="67" HEIGHT="19" WC="0.96" CONTENT="ställas"/><SP WIDTH="15" VPOS="487" HPOS="515"/>
							<String ID="string_111" HPOS="530" VPOS="486" WIDTH="63" HEIGHT="19" WC="0.93" CONTENT="under"/><SP WIDTH="15" VPOS="486" HPOS="593"/>
							<String ID="string_112" HPOS="608" VPOS="491" WIDTH="115" HEIGHT="20" WC="0.93" CONTENT="gemensam"/><SP WIDTH="9" VPOS="491" HPOS="723"/>
							<String ID="string_113" HPOS="732" VPOS="487" WIDTH="55" HEIGHT="20" WC="0.92" CONTENT="kom-"/>
						</TextLine>
						<TextLine ID="line_13" HPOS="44" VPOS="511" WIDTH="743" HEIGHT="28">
							<String ID="string_114" HPOS="44" VPOS="511" WIDTH="193" HEIGHT="26" WC="0.75" CONTENT="munalförvaltning;"/><SP WIDTH="15" VPOS="511" HPOS="237"/>
							<String ID="string_115" HPOS="252" VPOS="517" WIDTH="46" HEIGHT="15" WC="0.96" CONTENT="men"/><SP WIDTH="14" VPOS="517" HPOS="298"/>
							<String ID="string_116" HPOS="312" VPOS="514" WIDTH="28" HEIGHT="17" WC="0.93" CONTENT="ett"/><SP WIDTH="15" VPOS="514" HPOS="340"/>
							<String ID="string_117" HPOS="355" VPOS="511" WIDTH="70" HEIGHT="20" WC="0.96" CONTENT="sådant"/><SP WIDTH="16" VPOS="511" HPOS="425"/>
							<String ID="string_118" HPOS="441" VPOS="513" WIDTH="120" HEIGHT="20" WC="0.91" CONTENT="förhällande"/><SP WIDTH="17" VPOS="513" HPOS="561"/>
							<String ID="string_119" HPOS="578" VPOS="513" WIDTH="72" HEIGHT="19" WC="0.96" CONTENT="verkar"/><SP WIDTH="16" VPOS="513" HPOS="650"/>
							<String ID="string_120" HPOS="666" VPOS="513" WIDTH="51" HEIGHT="20" WC="0.91" CONTENT="dock"/><SP WIDTH="17" VPOS="513" HPOS="717"/>
							<String ID="string_121" HPOS="734" VPOS="513" WIDTH="53" HEIGHT="26" WC="0.91" CONTENT="inga-"/>
						</TextLine>
						<TextLine ID="line_14" HPOS="44" VPOS="538" WIDTH="743" HEIGHT="31">
							<String ID="string_122" HPOS="44" VPOS="538" WIDTH="58" HEIGHT="21" WC="0.91" CONTENT="lunda"/><SP WIDTH="14" VPOS="538" HPOS="102"/>
							<String ID="string_123" HPOS="116" VPOS="538" WIDTH="64" HEIGHT="25" WC="0.96" CONTENT="någon"/><SP WIDTH="14" VPOS="538" HPOS="180"/>
							<String ID="string_124" HPOS="194" VPOS="538" WIDTH="38" HEIGHT="20" WC="0.92" CONTENT="den"/><SP WIDTH="15" VPOS="538" HPOS="232"/>
							<String ID="string_125" HPOS="247" VPOS="539" WIDTH="87" HEIGHT="30" WC="0.92" CONTENT="ringaste"/><SP WIDTH="13" VPOS="539" HPOS="334"/>
							<String ID="string_126" HPOS="347" VPOS="538" WIDTH="121" HEIGHT="27" WC="0.87" CONTENT="förveckling"/><SP WIDTH="14" VPOS="538" HPOS="468"/>
							<String ID="string_127" HPOS="482" VPOS="539" WIDTH="6" HEIGHT="19" WC="0.92" CONTENT="i"/><SP WIDTH="14" VPOS="539" HPOS="488"/>
							<String ID="string_128" HPOS="502" VPOS="539" WIDTH="94" HEIGHT="20" WC="0.93" CONTENT="afseende"/><SP WIDTH="13" VPOS="539" HPOS="596"/>
							<String ID="string_129" HPOS="609" VPOS="539" WIDTH="10" HEIGHT="19" WC="0.93" CONTENT="ä"/><SP WIDTH="11" VPOS="539" HPOS="619"/>
							<String ID="string_130" HPOS="630" VPOS="545" WIDTH="31" HEIGHT="14" WC="0.39" CONTENT="nu"/><SP WIDTH="9" VPOS="545" HPOS="661"/>
							<String ID="string_131" HPOS="670" VPOS="539" WIDTH="117" HEIGHT="26" WC="0.85" CONTENT="ifrägakom-"/>
						</TextLine>
						<TextLine ID="line_15" HPOS="44" VPOS="565" WIDTH="743" HEIGHT="28">
							<String ID="string_132" HPOS="44" VPOS="571" WIDTH="25" HEIGHT="13" WC="0.92" CONTENT="na"/><SP WIDTH="15" VPOS="571" HPOS="69"/>
							<String ID="string_133" HPOS="84" VPOS="565" WIDTH="96" HEIGHT="28" WC="0.92" CONTENT="ärenders"/><SP WIDTH="13" VPOS="565" HPOS="180"/>
							<String ID="string_134" HPOS="193" VPOS="565" WIDTH="117" HEIGHT="25" WC="0.92" CONTENT="behandling"/><SP WIDTH="14" VPOS="565" HPOS="310"/>
							<String ID="string_135" HPOS="324" VPOS="565" WIDTH="32" HEIGHT="20" WC="0.91" CONTENT="vid"/><SP WIDTH="15" VPOS="565" HPOS="356"/>
							<String ID="string_136" HPOS="371" VPOS="565" WIDTH="208" HEIGHT="26" WC="0.57" CONTENT="kommunalstämma,"/><SP WIDTH="20" VPOS="565" HPOS="579"/>
							<String ID="string_137" HPOS="599" VPOS="566" WIDTH="83" HEIGHT="20" WC="0.94" CONTENT="emedan"/><SP WIDTH="13" VPOS="566" HPOS="682"/>
							<String ID="string_138" HPOS="695" VPOS="566" WIDTH="27" HEIGHT="19" WC="0.93" CONTENT="uti"/><SP WIDTH="15" VPOS="566" HPOS="722"/>
							<String ID="string_139" HPOS="737" VPOS="567" WIDTH="50" HEIGHT="19" WC="0.91" CONTENT="före-"/>
						</TextLine>
						<TextLine ID="line_16" HPOS="44" VPOS="591" WIDTH="742" HEIGHT="27">
							<String ID="string_140" HPOS="44" VPOS="592" WIDTH="87" HEIGHT="20" WC="0.93" CONTENT="varande"/><SP WIDTH="14" VPOS="592" HPOS="131"/>
							<String ID="string_141" HPOS="145" VPOS="592" WIDTH="84" HEIGHT="24" WC="0.89" CONTENT="Kejserl."/><SP WIDTH="16" VPOS="592" HPOS="229"/>
							<String ID="string_142" HPOS="245" VPOS="592" WIDTH="132" HEIGHT="25" WC="0.91" CONTENT="propositions"/><SP WIDTH="15" VPOS="592" HPOS="377"/>
							<String ID="string_143" HPOS="392" VPOS="592" WIDTH="45" HEIGHT="25" WC="0.96" CONTENT="kap."/><SP WIDTH="16" VPOS="592" HPOS="437"/>
							<String ID="string_144" HPOS="453" VPOS="593" WIDTH="12" HEIGHT="19" WC="0.90" CONTENT="2"/><SP WIDTH="14" VPOS="593" HPOS="465"/>
							<String ID="string_145" HPOS="479" VPOS="593" WIDTH="12" HEIGHT="25" WC="0.85" CONTENT="$"/><SP WIDTH="15" VPOS="593" HPOS="491"/>
							<String ID="string_146" HPOS="506" VPOS="593" WIDTH="22" HEIGHT="19" WC="0.93" CONTENT="11"/><SP WIDTH="17" VPOS="593" HPOS="528"/>
							<String ID="string_147" HPOS="545" VPOS="591" WIDTH="88" HEIGHT="26" WC="0.96" CONTENT="föreslås,"/><SP WIDTH="16" VPOS="591" HPOS="633"/>
							<String ID="string_148" HPOS="649" VPOS="595" WIDTH="28" HEIGHT="17" WC="0.97" CONTENT="att"/><SP WIDTH="14" VPOS="595" HPOS="677"/>
							<String ID="string_149" HPOS="691" VPOS="593" WIDTH="24" HEIGHT="19" WC="0.91" CONTENT="då"/><SP WIDTH="14" VPOS="593" HPOS="715"/>
							<String ID="string_150" HPOS="729" VPOS="594" WIDTH="57" HEIGHT="19" WC="0.92" CONTENT="ären-"/>
						</TextLine>
						<TextLine ID="line_17" HPOS="44" VPOS="618" WIDTH="741" HEIGHT="26">
							<String ID="string_151" HPOS="44" VPOS="618" WIDTH="34" HEIGHT="20" WC="0.96" CONTENT="det"/><SP WIDTH="14" VPOS="618" HPOS="78"/>
							<String ID="string_152" HPOS="92" VPOS="619" WIDTH="60" HEIGHT="25" WC="0.96" CONTENT="gäller"/><SP WIDTH="14" VPOS="619" HPOS="152"/>
							<String ID="string_153" HPOS="166" VPOS="618" WIDTH="70" HEIGHT="20" WC="0.96" CONTENT="endast"/><SP WIDTH="14" VPOS="618" HPOS="236"/>
							<String ID="string_154" HPOS="250" VPOS="625" WIDTH="23" HEIGHT="14" WC="0.76" CONTENT="en"/><SP WIDTH="14" VPOS="625" HPOS="273"/>
							<String ID="string_155" HPOS="287" VPOS="619" WIDTH="119" HEIGHT="24" WC="0.93" CONTENT="församling,"/><SP WIDTH="17" VPOS="619" HPOS="406"/>
							<String ID="string_156" HPOS="423" VPOS="625" WIDTH="60" HEIGHT="19" WC="0.96" CONTENT="«eger"/><SP WIDTH="13" VPOS="625" HPOS="483"/>
							<String ID="string_157" HPOS="496" VPOS="619" WIDTH="62" HEIGHT="19" WC="0.93" CONTENT="denna"/><SP WIDTH="15" VPOS="619" HPOS="558"/>
							<String ID="string_158" HPOS="573" VPOS="623" WIDTH="68" HEIGHT="15" WC="0.94" CONTENT="ensam"/><SP WIDTH="10" VPOS="623" HPOS="641"/>
							<String ID="string_159" HPOS="651" VPOS="622" WIDTH="29" HEIGHT="17" WC="0.96" CONTENT="att"/><SP WIDTH="9" VPOS="622" HPOS="680"/>
							<String ID="string_160" HPOS="689" VPOS="619" WIDTH="62" HEIGHT="20" WC="0.96" CONTENT="saken"/><SP WIDTH="8" VPOS="619" HPOS="751"/>
							<String ID="string_161" HPOS="759" VPOS="620" WIDTH="26" HEIGHT="20" WC="0.93" CONTENT="till"/>
						</TextLine>
						<TextLine ID="line_18" HPOS="42" VPOS="644" WIDTH="635" HEIGHT="27">
							<String ID="string_162" HPOS="42" VPOS="644" WIDTH="148" HEIGHT="26" WC="0.27" CONTENT="öOfverläggning"/><SP WIDTH="14" VPOS="644" HPOS="190"/>
							<String ID="string_163" HPOS="204" VPOS="645" WIDTH="33" HEIGHT="20" WC="0.93" CONTENT="vid"/><SP WIDTH="14" VPOS="645" HPOS="237"/>
							<String ID="string_164" HPOS="251" VPOS="645" WIDTH="200" HEIGHT="20" WC="0.92" CONTENT="kommunalstämma"/><SP WIDTH="14" VPOS="645" HPOS="451"/>
							<String ID="string_165" HPOS="465" VPOS="646" WIDTH="52" HEIGHT="18" WC="0.86" CONTENT="inom"/><SP WIDTH="16" VPOS="646" HPOS="517"/>
							<String ID="string_166" HPOS="533" VPOS="645" WIDTH="28" HEIGHT="25" WC="0.74" CONTENT="si?"/><SP WIDTH="12" VPOS="645" HPOS="561"/>
							<String ID="string_167" HPOS="573" VPOS="647" WIDTH="104" HEIGHT="24" WC="0.90" CONTENT="upptaga»."/>
						</TextLine>
					</TextBlock>
					<TextBlock ID="block_2" HPOS="42" VPOS="671" WIDTH="745" HEIGHT="218">
						<TextLine ID="line_19" HPOS="95" VPOS="671" WIDTH="691" HEIGHT="26">
							<String ID="string_168" HPOS="95" VPOS="671" WIDTH="44" HEIGHT="20" WC="0.91" CONTENT="Med"/><SP WIDTH="15" VPOS="671" HPOS="139"/>
							<String ID="string_169" HPOS="154" VPOS="671" WIDTH="125" HEIGHT="24" WC="0.95" CONTENT="förbigående"/><SP WIDTH="14" VPOS="671" HPOS="279"/>
							<String ID="string_170" HPOS="293" VPOS="672" WIDTH="20" HEIGHT="19" WC="0.93" CONTENT="af"/><SP WIDTH="13" VPOS="672" HPOS="313"/>
							<String ID="string_171" HPOS="326" VPOS="671" WIDTH="47" HEIGHT="20" WC="0.96" CONTENT="flere"/><SP WIDTH="14" VPOS="671" HPOS="373"/>
							<String ID="string_172" HPOS="387" VPOS="671" WIDTH="59" HEIGHT="21" WC="0.92" CONTENT="andra"/><SP WIDTH="15" VPOS="671" HPOS="446"/>
							<String ID="string_173" HPOS="461" VPOS="672" WIDTH="71" HEIGHT="25" WC="0.92" CONTENT="vigtiga"/><SP WIDTH="15" VPOS="672" HPOS="532"/>
							<String ID="string_174" HPOS="547" VPOS="671" WIDTH="49" HEIGHT="24" WC="0.97" CONTENT="skäl,"/><SP WIDTH="17" VPOS="671" HPOS="596"/>
							<String ID="string_175" HPOS="613" VPOS="672" WIDTH="56" HEIGHT="19" WC="0.96" CONTENT="torde"/><SP WIDTH="17" VPOS="672" HPOS="669"/>
							<String ID="string_176" HPOS="686" VPOS="672" WIDTH="26" HEIGHT="19" WC="0.95" CONTENT="de"/><SP WIDTH="13" VPOS="672" HPOS="712"/>
							<String ID="string_177" HPOS="725" VPOS="672" WIDTH="61" HEIGHT="20" WC="0.94" CONTENT="redan"/>
						</TextLine>
						<TextLine ID="line_20" HPOS="43" VPOS="697" WIDTH="743" HEIGHT="27">
							<String ID="string_178" HPOS="43" VPOS="697" WIDTH="79" HEIGHT="20" WC="0.96" CONTENT="anförda"/><SP WIDTH="15" VPOS="697" HPOS="122"/>
							<String ID="string_179" HPOS="137" VPOS="703" WIDTH="48" HEIGHT="14" WC="0.93" CONTENT="vara"/><SP WIDTH="15" VPOS="703" HPOS="185"/>
							<String ID="string_180" HPOS="200" VPOS="697" WIDTH="185" HEIGHT="27" WC="0.88" CONTENT="tillfyllestgörande,"/><SP WIDTH="17" VPOS="697" HPOS="385"/>
							<String ID="string_181" HPOS="402" VPOS="698" WIDTH="30" HEIGHT="19" WC="0.96" CONTENT="för"/><SP WIDTH="13" VPOS="698" HPOS="432"/>
							<String ID="string_182" HPOS="445" VPOS="700" WIDTH="28" HEIGHT="17" WC="0.96" CONTENT="att"/><SP WIDTH="14" VPOS="700" HPOS="473"/>
							<String ID="string_183" HPOS="487" VPOS="698" WIDTH="49" HEIGHT="19" WC="0.93" CONTENT="inför"/><SP WIDTH="13" VPOS="698" HPOS="536"/>
							<String ID="string_184" HPOS="549" VPOS="697" WIDTH="76" HEIGHT="20" WC="0.96" CONTENT="landets"/><SP WIDTH="18" VPOS="697" HPOS="625"/>
							<String ID="string_185" HPOS="643" VPOS="698" WIDTH="80" HEIGHT="20" WC="0.93" CONTENT="ständer"/><SP WIDTH="16" VPOS="698" HPOS="723"/>
							<String ID="string_186" HPOS="739" VPOS="700" WIDTH="47" HEIGHT="18" WC="0.93" CONTENT="rätt-"/>
						</TextLine>
						<TextLine ID="line_21" HPOS="43" VPOS="723" WIDTH="743" HEIGHT="26">
							<String ID="string_187" HPOS="43" VPOS="724" WIDTH="74" HEIGHT="25" WC="0.93" CONTENT="färdiga"/><SP WIDTH="14" VPOS="724" HPOS="117"/>
							<String ID="string_188" HPOS="131" VPOS="724" WIDTH="39" HEIGHT="19" WC="0.96" CONTENT="den"/><SP WIDTH="14" VPOS="724" HPOS="170"/>
							<String ID="string_189" HPOS="184" VPOS="725" WIDTH="21" HEIGHT="18" WC="0.96" CONTENT="af"/><SP WIDTH="12" VPOS="725" HPOS="205"/>
							<String ID="string_190" HPOS="217" VPOS="725" WIDTH="40" HEIGHT="24" WC="0.93" CONTENT="mig"/><SP WIDTH="13" VPOS="725" HPOS="257"/>
							<String ID="string_191" HPOS="270" VPOS="724" WIDTH="86" HEIGHT="19" WC="0.90" CONTENT="uttalale"/><SP WIDTH="14" VPOS="724" HPOS="356"/>
							<String ID="string_192" HPOS="370" VPOS="723" WIDTH="82" HEIGHT="26" WC="0.92" CONTENT="äsigten,"/><SP WIDTH="16" VPOS="723" HPOS="452"/>
							<String ID="string_193" HPOS="468" VPOS="725" WIDTH="35" HEIGHT="19" WC="0.91" CONTENT="det"/><SP WIDTH="13" VPOS="725" HPOS="503"/>
							<String ID="string_194" HPOS="516" VPOS="723" WIDTH="60" HEIGHT="20" WC="0.92" CONTENT="orden"/><SP WIDTH="15" VPOS="723" HPOS="576"/>
							<String ID="string_195" HPOS="591" VPOS="724" WIDTH="6" HEIGHT="19" WC="0.96" CONTENT="i"/><SP WIDTH="13" VPOS="724" HPOS="597"/>
							<String ID="string_196" HPOS="610" VPOS="724" WIDTH="39" HEIGHT="19" WC="0.94" CONTENT="den"/><SP WIDTH="14" VPOS="724" HPOS="649"/>
							<String ID="string_197" HPOS="663" VPOS="730" WIDTH="26" HEIGHT="13" WC="0.96" CONTENT="nu"/><SP WIDTH="14" VPOS="730" HPOS="689"/>
							<String ID="string_198" HPOS="703" VPOS="725" WIDTH="83" HEIGHT="19" WC="0.96" CONTENT="berörda"/>
						</TextLine>
						<TextLine ID="line_22" HPOS="43" VPOS="750" WIDTH="744" HEIGHT="27">
							<String ID="string_199" HPOS="43" VPOS="751" WIDTH="87" HEIGHT="25" WC="0.92" CONTENT="punkten"/><SP WIDTH="16" VPOS="751" HPOS="130"/>
							<String ID="string_200" HPOS="146" VPOS="751" WIDTH="11" HEIGHT="18" WC="0.96" CONTENT="5"/><SP WIDTH="15" VPOS="751" HPOS="157"/>
							<String ID="string_201" HPOS="172" VPOS="751" WIDTH="62" HEIGHT="19" WC="0.93" CONTENT="borde"/><SP WIDTH="14" VPOS="751" HPOS="234"/>
							<String ID="string_202" HPOS="248" VPOS="751" WIDTH="151" HEIGHT="19" WC="0.91" CONTENT="omformuleras"/><SP WIDTH="14" VPOS="751" HPOS="399"/>
							<String ID="string_203" HPOS="413" VPOS="750" WIDTH="25" HEIGHT="25" WC="0.96" CONTENT="pä"/><SP WIDTH="18" VPOS="750" HPOS="438"/>
							<String ID="string_204" HPOS="456" VPOS="750" WIDTH="84" HEIGHT="25" WC="0.92" CONTENT="följande"/><SP WIDTH="17" VPOS="750" HPOS="540"/>
							<String ID="string_205" HPOS="557" VPOS="751" WIDTH="48" HEIGHT="18" WC="0.96" CONTENT="sätt:"/><SP WIDTH="32" VPOS="751" HPOS="605"/>
							<String ID="string_206" HPOS="637" VPOS="750" WIDTH="35" HEIGHT="20" WC="0.95" CONTENT="Om"/><SP WIDTH="17" VPOS="750" HPOS="672"/>
							<String ID="string_207" HPOS="689" VPOS="751" WIDTH="98" HEIGHT="26" WC="0.96" CONTENT="byggande"/>
						</TextLine>
						<TextLine ID="line_23" HPOS="43" VPOS="779" WIDTH="742" HEIGHT="26">
							<String ID="string_208" HPOS="43" VPOS="781" WIDTH="34" HEIGHT="19" WC="0.96" CONTENT="och"/><SP WIDTH="14" VPOS="781" HPOS="77"/>
							<String ID="string_209" HPOS="91" VPOS="779" WIDTH="98" HEIGHT="20" WC="0.96" CONTENT="underhåll"/><SP WIDTH="14" VPOS="779" HPOS="189"/>
							<String ID="string_210" HPOS="203" VPOS="781" WIDTH="24" HEIGHT="24" WC="0.96" CONTENT="af"/><SP WIDTH="10" VPOS="781" HPOS="227"/>
							<String ID="string_211" HPOS="237" VPOS="780" WIDTH="39" HEIGHT="19" WC="0.93" CONTENT="alla"/><SP WIDTH="14" VPOS="780" HPOS="276"/>
							<String ID="string_212" HPOS="290" VPOS="779" WIDTH="110" HEIGHT="20" WC="0.96" CONTENT="kommunen"/><SP WIDTH="14" VPOS="779" HPOS="400"/>
							<String ID="string_213" HPOS="414" VPOS="781" WIDTH="7" HEIGHT="17" WC="0.96" CONTENT="i"/><SP WIDTH="15" VPOS="781" HPOS="421"/>
							<String ID="string_214" HPOS="436" VPOS="781" WIDTH="28" HEIGHT="18" WC="0.93" CONTENT="sin"/><SP WIDTH="11" VPOS="781" HPOS="464"/>
							<String ID="string_215" HPOS="475" VPOS="780" WIDTH="61" HEIGHT="19" WC="0.96" CONTENT="helhet"/><SP WIDTH="10" VPOS="780" HPOS="536"/>
							<String ID="string_216" HPOS="546" VPOS="780" WIDTH="43" HEIGHT="18" WC="0.96" CONTENT="eller"/><SP WIDTH="9" VPOS="780" HPOS="589"/>
							<String ID="string_217" HPOS="598" VPOS="779" WIDTH="43" HEIGHT="19" WC="0.93" CONTENT="dess"/><SP WIDTH="9" VPOS="779" HPOS="641"/>
							<String ID="string_218" HPOS="650" VPOS="780" WIDTH="85" HEIGHT="25" WC="0.93" CONTENT="möjligen"/><SP WIDTH="10" VPOS="780" HPOS="735"/>
							<String ID="string_219" HPOS="745" VPOS="783" WIDTH="40" HEIGHT="16" WC="0.90" CONTENT="sär-"/>
						</TextLine>
						<TextLine ID="line_24" HPOS="42" VPOS="807" WIDTH="744" HEIGHT="27">
							<String ID="string_220" HPOS="42" VPOS="808" WIDTH="62" HEIGHT="20" WC="0.92" CONTENT="skilda"/><SP WIDTH="9" VPOS="808" HPOS="104"/>
							<String ID="string_221" HPOS="113" VPOS="808" WIDTH="138" HEIGHT="26" WC="0.89" CONTENT="församlingar"/><SP WIDTH="14" VPOS="808" HPOS="251"/>
							<String ID="string_222" HPOS="265" VPOS="807" WIDTH="110" HEIGHT="20" WC="0.26" CONTENT="tillhörande"/><SP WIDTH="14" VPOS="807" HPOS="375"/>
							<String ID="string_223" HPOS="389" VPOS="807" WIDTH="35" HEIGHT="20" WC="0.96" CONTENT="hus"/><SP WIDTH="15" VPOS="807" HPOS="424"/>
							<String ID="string_224" HPOS="439" VPOS="808" WIDTH="33" HEIGHT="19" WC="0.93" CONTENT="och"/><SP WIDTH="14" VPOS="808" HPOS="472"/>
							<String ID="string_225" HPOS="486" VPOS="807" WIDTH="109" HEIGHT="26" WC="0.96" CONTENT="byggnader"/><SP WIDTH="13" VPOS="807" HPOS="595"/>
							<String ID="string_226" HPOS="608" VPOS="808" WIDTH="23" HEIGHT="25" WC="0.93" CONTENT="af"/><SP WIDTH="6" VPOS="808" HPOS="631"/>
							<String ID="string_227" HPOS="637" VPOS="807" WIDTH="50" HEIGHT="20" WC="0.92" CONTENT="hvad"/><SP WIDTH="9" VPOS="807" HPOS="687"/>
							<String ID="string_228" HPOS="696" VPOS="814" WIDTH="57" HEIGHT="13" WC="0.95" CONTENT="namn"/><SP WIDTH="11" VPOS="814" HPOS="753"/>
							<String ID="string_229" HPOS="764" VPOS="808" WIDTH="22" HEIGHT="19" WC="0.96" CONTENT="de"/>
						</TextLine>
						<TextLine ID="line_25" HPOS="42" VPOS="835" WIDTH="743" HEIGHT="25">
							<String ID="string_230" HPOS="42" VPOS="843" WIDTH="48" HEIGHT="13" WC="0.96" CONTENT="vara"/><SP WIDTH="13" VPOS="843" HPOS="90"/>
							<String ID="string_231" HPOS="103" VPOS="836" WIDTH="37" HEIGHT="20" WC="0.91" CONTENT="mä."/><SP WIDTH="31" VPOS="836" HPOS="140"/>
							<String ID="string_232" HPOS="171" VPOS="837" WIDTH="109" HEIGHT="19" WC="0.63" CONTENT="Anmärkas"/><SP WIDTH="15" VPOS="837" HPOS="280"/>
							<String ID="string_233" HPOS="295" VPOS="836" WIDTH="35" HEIGHT="20" WC="0.93" CONTENT="bör"/><SP WIDTH="14" VPOS="836" HPOS="330"/>
							<String ID="string_234" HPOS="344" VPOS="835" WIDTH="37" HEIGHT="20" WC="0.95" CONTENT="ock"/><SP WIDTH="15" VPOS="835" HPOS="381"/>
							<String ID="string_235" HPOS="396" VPOS="837" WIDTH="28" HEIGHT="18" WC="0.93" CONTENT="att"/><SP WIDTH="14" VPOS="837" HPOS="424"/>
							<String ID="string_236" HPOS="438" VPOS="835" WIDTH="100" HEIGHT="20" WC="0.91" CONTENT="slutorden"/><SP WIDTH="14" VPOS="835" HPOS="538"/>
							<String ID="string_237" HPOS="552" VPOS="835" WIDTH="28" HEIGHT="19" WC="0.96" CONTENT="uti"/><SP WIDTH="17" VPOS="835" HPOS="580"/>
							<String ID="string_238" HPOS="597" VPOS="841" WIDTH="26" HEIGHT="13" WC="0.93" CONTENT="nu"/><SP WIDTH="16" VPOS="841" HPOS="623"/>
							<String ID="string_239" HPOS="639" VPOS="835" WIDTH="146" HEIGHT="25" WC="0.59" CONTENT="behandlale.$"/>
						</TextLine>
						<TextLine ID="line_26" HPOS="42" VPOS="863" WIDTH="715" HEIGHT="26">
							<String ID="string_240" HPOS="42" VPOS="865" WIDTH="12" HEIGHT="19" WC="0.93" CONTENT="6"/><SP WIDTH="14" VPOS="865" HPOS="54"/>
							<String ID="string_241" HPOS="68" VPOS="864" WIDTH="6" HEIGHT="20" WC="0.93" CONTENT="i"/><SP WIDTH="14" VPOS="864" HPOS="74"/>
							<String ID="string_242" HPOS="88" VPOS="865" WIDTH="211" HEIGHT="20" WC="0.92" CONTENT="öfverensstämmelse"/><SP WIDTH="13" VPOS="865" HPOS="299"/>
							<String ID="string_243" HPOS="312" VPOS="864" WIDTH="82" HEIGHT="20" WC="0.73" CONTENT="härmed"/><SP WIDTH="15" VPOS="864" HPOS="394"/>
							<String ID="string_244" HPOS="409" VPOS="864" WIDTH="47" HEIGHT="20" WC="0.93" CONTENT="böra"/><SP WIDTH="14" VPOS="864" HPOS="456"/>
							<String ID="string_245" HPOS="470" VPOS="863" WIDTH="87" HEIGHT="26" WC="0.91" CONTENT="uudergä"/><SP WIDTH="13" VPOS="863" HPOS="557"/>
							<String ID="string_246" HPOS="570" VPOS="864" WIDTH="59" HEIGHT="24" WC="0.96" CONTENT="nödig"/><SP WIDTH="10" VPOS="864" HPOS="629"/>
							<String ID="string_247" HPOS="639" VPOS="864" WIDTH="118" HEIGHT="25" WC="0.82" CONTENT="förändring:"/>
						</TextLine>
					</TextBlock>
				</ComposedBlock>
				<ComposedBlock ID="cblock_2" HPOS="308" VPOS="923" WIDTH="209" HEIGHT="25">
					<TextBlock ID="block_3" HPOS="308" VPOS="923" WIDTH="209" HEIGHT="25">
						<TextLine ID="line_27" HPOS="308" VPOS="923" WIDTH="209" HEIGHT="25">
							<String ID="string_248" HPOS="308" VPOS="923" WIDTH="44" HEIGHT="19" WC="0.55" CONTENT="1I:0."/><SP WIDTH="30" VPOS="923" HPOS="352"/>
							<String ID="string_249" HPOS="382" VPOS="923" WIDTH="49" HEIGHT="25" WC="0.96" CONTENT="Kap."/><SP WIDTH="16" VPOS="923" HPOS="431"/>
							<String ID="string_250" HPOS="447" VPOS="924" WIDTH="12" HEIGHT="18" WC="0.92" CONTENT="2"/><SP WIDTH="14" VPOS="924" HPOS="459"/>
							<String ID="string_251" HPOS="473" VPOS="923" WIDTH="11" HEIGHT="25" WC="0.92" CONTENT="$"/><SP WIDTH="14" VPOS="923" HPOS="484"/>
							<String ID="string_252" HPOS="498" VPOS="924" WIDTH="19" HEIGHT="19" WC="0.96" CONTENT="9."/>
						</TextLine>
					</TextBlock>
				</ComposedBlock>
				<ComposedBlock ID="cblock_3" HPOS="41" VPOS="960" WIDTH="746" HEIGHT="500">
					<TextBlock ID="block_4" HPOS="41" VPOS="960" WIDTH="745" HEIGHT="157">
						<TextLine ID="line_28" HPOS="96" VPOS="960" WIDTH="690" HEIGHT="26">
							<String ID="string_253" HPOS="96" VPOS="962" WIDTH="65" HEIGHT="20" WC="0.96" CONTENT="Ibland"/><SP WIDTH="15" VPOS="962" HPOS="161"/>
							<String ID="string_254" HPOS="176" VPOS="962" WIDTH="25" HEIGHT="19" WC="0.96" CONTENT="de"/><SP WIDTH="14" VPOS="962" HPOS="201"/>
							<String ID="string_255" HPOS="215" VPOS="962" WIDTH="6" HEIGHT="18" WC="0.93" CONTENT="i"/><SP WIDTH="14" VPOS="962" HPOS="221"/>
							<String ID="string_256" HPOS="235" VPOS="960" WIDTH="83" HEIGHT="26" WC="0.92" CONTENT="Kejserl."/><SP WIDTH="19" VPOS="960" HPOS="318"/>
							<String ID="string_257" HPOS="337" VPOS="960" WIDTH="146" HEIGHT="26" WC="0.93" CONTENT="propositionen"/><SP WIDTH="17" VPOS="960" HPOS="483"/>
							<String ID="string_258" HPOS="500" VPOS="960" WIDTH="112" HEIGHT="25" WC="0.95" CONTENT="uppställda"/><SP WIDTH="18" VPOS="960" HPOS="612"/>
							<String ID="string_259" HPOS="630" VPOS="960" WIDTH="65" HEIGHT="19" WC="0.96" CONTENT="vilkor"/><SP WIDTH="16" VPOS="960" HPOS="695"/>
							<String ID="string_260" HPOS="711" VPOS="960" WIDTH="30" HEIGHT="19" WC="0.93" CONTENT="för"/><SP WIDTH="14" VPOS="960" HPOS="741"/>
							<String ID="string_261" HPOS="755" VPOS="965" WIDTH="31" HEIGHT="14" WC="0.93" CONTENT="er-"/>
						</TextLine>
						<TextLine ID="line_29" HPOS="41" VPOS="986" WIDTH="743" HEIGHT="27">
							<String ID="string_262" HPOS="41" VPOS="987" WIDTH="89" HEIGHT="22" WC="0.95" CONTENT="hållande."/><SP WIDTH="14" VPOS="987" HPOS="130"/>
							<String ID="string_263" HPOS="144" VPOS="988" WIDTH="20" HEIGHT="19" WC="0.92" CONTENT="af"/><SP WIDTH="12" VPOS="988" HPOS="164"/>
							<String ID="string_264" HPOS="176" VPOS="988" WIDTH="136" HEIGHT="25" WC="0.92" CONTENT="rösträttighet"/><SP WIDTH="13" VPOS="988" HPOS="312"/>
							<String ID="string_265" HPOS="325" VPOS="988" WIDTH="34" HEIGHT="19" WC="0.93" CONTENT="vid"/><SP WIDTH="14" VPOS="988" HPOS="359"/>
							<String ID="string_266" HPOS="373" VPOS="987" WIDTH="198" HEIGHT="20" WC="0.91" CONTENT="kommunalstämma"/><SP WIDTH="10" VPOS="987" HPOS="571"/>
							<String ID="string_267" HPOS="581" VPOS="986" WIDTH="135" HEIGHT="19" WC="0.95" CONTENT="förekommer"/><SP WIDTH="10" VPOS="986" HPOS="716"/>
							<String ID="string_268" HPOS="726" VPOS="986" WIDTH="58" HEIGHT="20" WC="0.96" CONTENT="äfven"/>
						</TextLine>
						<TextLine ID="line_30" HPOS="42" VPOS="1013" WIDTH="743" HEIGHT="27">
							<String ID="string_269" HPOS="42" VPOS="1014" WIDTH="41" HEIGHT="26" WC="0.96" CONTENT="det,"/><SP WIDTH="15" VPOS="1014" HPOS="83"/>
							<String ID="string_270" HPOS="98" VPOS="1017" WIDTH="30" HEIGHT="17" WC="0.96" CONTENT="att"/><SP WIDTH="13" VPOS="1017" HPOS="128"/>
							<String ID="string_271" HPOS="141" VPOS="1020" WIDTH="24" HEIGHT="14" WC="0.96" CONTENT="en"/><SP WIDTH="15" VPOS="1020" HPOS="165"/>
							<String ID="string_272" HPOS="180" VPOS="1014" WIDTH="61" HEIGHT="20" WC="0.96" CONTENT="sådan"/><SP WIDTH="15" VPOS="1014" HPOS="241"/>
							<String ID="string_273" HPOS="256" VPOS="1014" WIDTH="85" HEIGHT="21" WC="0.96" CONTENT="medlem"/><SP WIDTH="16" VPOS="1014" HPOS="341"/>
							<String ID="string_274" HPOS="357" VPOS="1015" WIDTH="21" HEIGHT="18" WC="0.96" CONTENT="är"/><SP WIDTH="15" VPOS="1015" HPOS="378"/>
							<String ID="string_275" HPOS="393" VPOS="1013" WIDTH="107" HEIGHT="20" WC="0.95" CONTENT="förbunden"/><SP WIDTH="14" VPOS="1013" HPOS="500"/>
							<String ID="string_276" HPOS="514" VPOS="1015" WIDTH="28" HEIGHT="17" WC="0.95" CONTENT="att"/><SP WIDTH="14" VPOS="1015" HPOS="542"/>
							<String ID="string_277" HPOS="556" VPOS="1013" WIDTH="25" HEIGHT="19" WC="0.95" CONTENT="till"/><SP WIDTH="16" VPOS="1013" HPOS="581"/>
							<String ID="string_278" HPOS="597" VPOS="1013" WIDTH="121" HEIGHT="19" WC="0.88" CONTENT="kommunen"/><SP WIDTH="13" VPOS="1013" HPOS="718"/>
							<String ID="string_279" HPOS="731" VPOS="1013" WIDTH="54" HEIGHT="25" WC="0.88" CONTENT="utgö-"/>
						</TextLine>
						<TextLine ID="line_31" HPOS="42" VPOS="1038" WIDTH="743" HEIGHT="28">
							<String ID="string_280" HPOS="42" VPOS="1047" WIDTH="22" HEIGHT="14" WC="0.96" CONTENT="ra"/><SP WIDTH="14" VPOS="1047" HPOS="64"/>
							<String ID="string_281" HPOS="78" VPOS="1042" WIDTH="60" HEIGHT="21" WC="0.94" CONTENT="skatt;"/><SP WIDTH="17" VPOS="1042" HPOS="138"/>
							<String ID="string_282" HPOS="155" VPOS="1042" WIDTH="37" HEIGHT="18" WC="0.96" CONTENT="och"/><SP WIDTH="14" VPOS="1042" HPOS="192"/>
							<String ID="string_283" HPOS="206" VPOS="1040" WIDTH="25" HEIGHT="20" WC="0.96" CONTENT="då"/><SP WIDTH="14" VPOS="1040" HPOS="231"/>
							<String ID="string_284" HPOS="245" VPOS="1041" WIDTH="64" HEIGHT="20" WC="0.96" CONTENT="denna"/><SP WIDTH="14" VPOS="1041" HPOS="309"/>
							<String ID="string_285" HPOS="323" VPOS="1040" WIDTH="63" HEIGHT="26" WC="0.96" CONTENT="punkt"/><SP WIDTH="13" VPOS="1040" HPOS="386"/>
							<String ID="string_286" HPOS="399" VPOS="1040" WIDTH="22" HEIGHT="19" WC="0.96" CONTENT="af"/><SP WIDTH="11" VPOS="1040" HPOS="421"/>
							<String ID="string_287" HPOS="432" VPOS="1039" WIDTH="97" HEIGHT="20" WC="0.93" CONTENT="utskottet"/><SP WIDTH="14" VPOS="1039" HPOS="529"/>
							<String ID="string_288" HPOS="543" VPOS="1038" WIDTH="125" HEIGHT="20" WC="0.92" CONTENT="oförändradt"/><SP WIDTH="13" VPOS="1038" HPOS="668"/>
							<String ID="string_289" HPOS="681" VPOS="1038" WIDTH="63" HEIGHT="20" WC="0.89" CONTENT="blifvit"/><SP WIDTH="9" VPOS="1038" HPOS="744"/>
							<String ID="string_290" HPOS="753" VPOS="1044" WIDTH="32" HEIGHT="14" WC="0.89" CONTENT="an-"/>
						</TextLine>
						<TextLine ID="line_32" HPOS="42" VPOS="1065" WIDTH="744" HEIGHT="28">
							<String ID="string_291" HPOS="42" VPOS="1070" WIDTH="64" HEIGHT="23" WC="0.93" CONTENT="tagen,"/><SP WIDTH="19" VPOS="1070" HPOS="106"/>
							<String ID="string_292" HPOS="125" VPOS="1068" WIDTH="73" HEIGHT="25" WC="0.91" CONTENT="nödgas"/><SP WIDTH="20" VPOS="1068" HPOS="198"/>
							<String ID="string_293" HPOS="218" VPOS="1066" WIDTH="33" HEIGHT="27" WC="0.96" CONTENT="jag"/><SP WIDTH="18" VPOS="1066" HPOS="251"/>
							<String ID="string_294" HPOS="269" VPOS="1066" WIDTH="26" HEIGHT="26" WC="0.92" CONTENT="på"/><SP WIDTH="21" VPOS="1066" HPOS="295"/>
							<String ID="string_295" HPOS="316" VPOS="1067" WIDTH="41" HEIGHT="19" WC="0.96" CONTENT="skäl"/><SP WIDTH="22" VPOS="1067" HPOS="357"/>
							<String ID="string_296" HPOS="379" VPOS="1072" WIDTH="43" HEIGHT="14" WC="0.96" CONTENT="som"/><SP WIDTH="21" VPOS="1072" HPOS="422"/>
							<String ID="string_297" HPOS="443" VPOS="1065" WIDTH="56" HEIGHT="25" WC="0.93" CONTENT="följer"/><SP WIDTH="19" VPOS="1065" HPOS="499"/>
							<String ID="string_298" HPOS="518" VPOS="1066" WIDTH="90" HEIGHT="19" WC="0.91" CONTENT="häremot"/><SP WIDTH="19" VPOS="1066" HPOS="608"/>
							<String ID="string_299" HPOS="627" VPOS="1065" WIDTH="74" HEIGHT="25" WC="0.93" CONTENT="inlägga"/><SP WIDTH="19" VPOS="1065" HPOS="701"/>
							<String ID="string_300" HPOS="720" VPOS="1070" WIDTH="66" HEIGHT="14" WC="0.89" CONTENT="reser-"/>
						</TextLine>
						<TextLine ID="line_33" HPOS="42" VPOS="1091" WIDTH="232" HEIGHT="32">
							<String ID="string_301" HPOS="42" VPOS="1091" WIDTH="74" HEIGHT="32" WC="0.91" CONTENT="vation."/><SP WIDTH="156" VPOS="1091" HPOS="116"/>
							<String ID="string_302" HPOS="272" VPOS="1115" WIDTH="2" HEIGHT="2" WC="0.7" CONTENT=":"/>
						</TextLine>
					</TextBlock>
					<TextBlock ID="block_5" HPOS="43" VPOS="1117" WIDTH="744" HEIGHT="343">
						<TextLine ID="line_34" HPOS="96" VPOS="1117" WIDTH="691" HEIGHT="28">
							<String ID="string_303" HPOS="96" VPOS="1122" WIDTH="8" HEIGHT="18" WC="0.93" CONTENT="I"/><SP WIDTH="14" VPOS="1122" HPOS="104"/>
							<String ID="string_304" HPOS="118" VPOS="1120" WIDTH="211" HEIGHT="20" WC="0.92" CONTENT="öfverensstämmelse"/><SP WIDTH="9" VPOS="1120" HPOS="329"/>
							<String ID="string_305" HPOS="338" VPOS="1119" WIDTH="50" HEIGHT="20" WC="0.95" CONTENT="med"/><SP WIDTH="14" VPOS="1119" HPOS="388"/>
							<String ID="string_306" HPOS="402" VPOS="1119" WIDTH="44" HEIGHT="19" WC="0.93" CONTENT="mitt"/><SP WIDTH="13" VPOS="1119" HPOS="446"/>
							<String ID="string_307" HPOS="459" VPOS="1119" WIDTH="92" HEIGHT="26" WC="0.96" CONTENT="yttrande"/><SP WIDTH="14" VPOS="1119" HPOS="551"/>
							<String ID="string_308" HPOS="565" VPOS="1118" WIDTH="27" HEIGHT="19" WC="0.96" CONTENT="uti"/><SP WIDTH="15" VPOS="1118" HPOS="592"/>
							<String ID="string_309" HPOS="607" VPOS="1124" WIDTH="24" HEIGHT="13" WC="0.93" CONTENT="en"/><SP WIDTH="14" VPOS="1124" HPOS="631"/>
							<String ID="string_310" HPOS="645" VPOS="1117" WIDTH="54" HEIGHT="26" WC="0.96" CONTENT="fråga"/><SP WIDTH="17" VPOS="1117" HPOS="699"/>
							<String ID="string_311" HPOS="716" VPOS="1118" WIDTH="21" HEIGHT="18" WC="0.93" CONTENT="af"/><SP WIDTH="12" VPOS="1118" HPOS="737"/>
							<String ID="string_312" HPOS="749" VPOS="1117" WIDTH="38" HEIGHT="26" WC="0.92" CONTENT="dy-"/>
						</TextLine>
						<TextLine ID="line_35" HPOS="43" VPOS="1144" WIDTH="742" HEIGHT="27">
							<String ID="string_313" HPOS="43" VPOS="1147" WIDTH="27" HEIGHT="20" WC="0.95" CONTENT="lik"/><SP WIDTH="13" VPOS="1147" HPOS="70"/>
							<String ID="string_314" HPOS="83" VPOS="1147" WIDTH="141" HEIGHT="20" WC="0.96" CONTENT="beskaffenhet"/><SP WIDTH="13" VPOS="1147" HPOS="224"/>
							<String ID="string_315" HPOS="237" VPOS="1146" WIDTH="85" HEIGHT="20" WC="0.95" CONTENT="rörande"/><SP WIDTH="14" VPOS="1146" HPOS="322"/>
							<String ID="string_316" HPOS="336" VPOS="1146" WIDTH="156" HEIGHT="25" WC="0.96" CONTENT="reorganisation"/><SP WIDTH="9" VPOS="1146" HPOS="492"/>
							<String ID="string_317" HPOS="501" VPOS="1146" WIDTH="21" HEIGHT="20" WC="0.93" CONTENT="af"/><SP WIDTH="7" VPOS="1146" HPOS="522"/>
							<String ID="string_318" HPOS="529" VPOS="1144" WIDTH="256" HEIGHT="25" WC="0.92" CONTENT="kommunalförvaltningen"/>
						</TextLine>
						<TextLine ID="line_36" HPOS="43" VPOS="1170" WIDTH="742" HEIGHT="27">
							<String ID="string_319" HPOS="43" VPOS="1174" WIDTH="29" HEIGHT="19" WC="0.94" CONTENT="för"/><SP WIDTH="15" VPOS="1174" HPOS="72"/>
							<String ID="string_320" HPOS="87" VPOS="1174" WIDTH="92" HEIGHT="19" WC="0.96" CONTENT="städerna"/><SP WIDTH="14" VPOS="1174" HPOS="179"/>
							<String ID="string_321" HPOS="193" VPOS="1174" WIDTH="46" HEIGHT="23" WC="0.96" CONTENT="kan,"/><SP WIDTH="16" VPOS="1174" HPOS="239"/>
							<String ID="string_322" HPOS="255" VPOS="1172" WIDTH="55" HEIGHT="20" WC="0.96" CONTENT="såväl"/><SP WIDTH="15" VPOS="1172" HPOS="310"/>
							<String ID="string_323" HPOS="325" VPOS="1172" WIDTH="5" HEIGHT="19" WC="0.96" CONTENT="i"/><SP WIDTH="15" VPOS="1172" HPOS="330"/>
							<String ID="string_324" HPOS="345" VPOS="1172" WIDTH="43" HEIGHT="20" WC="0.96" CONTENT="stöd"/><SP WIDTH="15" VPOS="1172" HPOS="388"/>
							<String ID="string_325" HPOS="403" VPOS="1172" WIDTH="19" HEIGHT="19" WC="0.96" CONTENT="af"/><SP WIDTH="17" VPOS="1172" HPOS="422"/>
							<String ID="string_326" HPOS="439" VPOS="1172" WIDTH="24" HEIGHT="19" WC="0.93" CONTENT="de"/><SP WIDTH="17" VPOS="1172" HPOS="463"/>
							<String ID="string_327" HPOS="480" VPOS="1171" WIDTH="70" HEIGHT="21" WC="0.92" CONTENT="dervid"/><SP WIDTH="18" VPOS="1171" HPOS="550"/>
							<String ID="string_328" HPOS="568" VPOS="1170" WIDTH="81" HEIGHT="20" WC="0.95" CONTENT="anförda"/><SP WIDTH="17" VPOS="1170" HPOS="649"/>
							<String ID="string_329" HPOS="666" VPOS="1170" WIDTH="64" HEIGHT="26" WC="0.96" CONTENT="giltiga"/><SP WIDTH="18" VPOS="1170" HPOS="730"/>
							<String ID="string_330" HPOS="748" VPOS="1171" WIDTH="37" HEIGHT="18" WC="0.96" CONTENT="och"/>
						</TextLine>
						<TextLine ID="line_37" HPOS="43" VPOS="1196" WIDTH="740" HEIGHT="28">
							<String ID="string_331" HPOS="43" VPOS="1200" WIDTH="78" HEIGHT="20" WC="0.96" CONTENT="talande"/><SP WIDTH="13" VPOS="1200" HPOS="121"/>
							<String ID="string_332" HPOS="134" VPOS="1200" WIDTH="83" HEIGHT="19" WC="0.96" CONTENT="orsaker"/><SP WIDTH="14" VPOS="1200" HPOS="217"/>
							<String ID="string_333" HPOS="231" VPOS="1200" WIDTH="30" HEIGHT="18" WC="0.91" CONTENT="för"/><SP WIDTH="13" VPOS="1200" HPOS="261"/>
							<String ID="string_334" HPOS="274" VPOS="1199" WIDTH="114" HEIGHT="25" WC="0.91" CONTENT="åläggandet"/><SP WIDTH="14" VPOS="1199" HPOS="388"/>
							<String ID="string_335" HPOS="402" VPOS="1199" WIDTH="20" HEIGHT="19" WC="0.96" CONTENT="af"/><SP WIDTH="12" VPOS="1199" HPOS="422"/>
							<String ID="string_336" HPOS="434" VPOS="1198" WIDTH="70" HEIGHT="25" WC="0.96" CONTENT="hvarje"/><SP WIDTH="13" VPOS="1198" HPOS="504"/>
							<String ID="string_337" HPOS="517" VPOS="1198" WIDTH="26" HEIGHT="19" WC="0.96" CONTENT="till"/><SP WIDTH="11" VPOS="1198" HPOS="543"/>
							<String ID="string_338" HPOS="554" VPOS="1197" WIDTH="56" HEIGHT="25" WC="0.96" CONTENT="laglig"/><SP WIDTH="9" VPOS="1197" HPOS="610"/>
							<String ID="string_339" HPOS="619" VPOS="1196" WIDTH="54" HEIGHT="20" WC="0.96" CONTENT="ålder"/><SP WIDTH="10" VPOS="1196" HPOS="673"/>
							<String ID="string_340" HPOS="683" VPOS="1197" WIDTH="100" HEIGHT="24" WC="0.96" CONTENT="kommen,"/>
						</TextLine>
						<TextLine ID="line_38" HPOS="43" VPOS="1222" WIDTH="744" HEIGHT="31">
							<String ID="string_341" HPOS="43" VPOS="1227" WIDTH="97" HEIGHT="19" WC="0.93" CONTENT="arbetsför"/><SP WIDTH="14" VPOS="1227" HPOS="140"/>
							<String ID="string_342" HPOS="154" VPOS="1226" WIDTH="87" HEIGHT="20" WC="0.96" CONTENT="medlem"/><SP WIDTH="14" VPOS="1226" HPOS="241"/>
							<String ID="string_343" HPOS="255" VPOS="1226" WIDTH="20" HEIGHT="19" WC="0.96" CONTENT="af"/><SP WIDTH="12" VPOS="1226" HPOS="275"/>
							<String ID="string_344" HPOS="287" VPOS="1231" WIDTH="25" HEIGHT="13" WC="0.96" CONTENT="en"/><SP WIDTH="13" VPOS="1231" HPOS="312"/>
							<String ID="string_345" HPOS="325" VPOS="1225" WIDTH="102" HEIGHT="24" WC="0.96" CONTENT="kommun,"/><SP WIDTH="16" VPOS="1225" HPOS="427"/>
							<String ID="string_346" HPOS="443" VPOS="1227" WIDTH="28" HEIGHT="17" WC="0.95" CONTENT="att"/><SP WIDTH="13" VPOS="1227" HPOS="471"/>
							<String ID="string_347" HPOS="484" VPOS="1225" WIDTH="27" HEIGHT="19" WC="0.89" CONTENT="till"/><SP WIDTH="15" VPOS="1225" HPOS="511"/>
							<String ID="string_348" HPOS="526" VPOS="1224" WIDTH="47" HEIGHT="19" WC="0.89" CONTENT="dess"/><SP WIDTH="9" VPOS="1224" HPOS="573"/>
							<String ID="string_349" HPOS="582" VPOS="1228" WIDTH="149" HEIGHT="25" WC="0.92" CONTENT="gemensamma"/><SP WIDTH="9" VPOS="1228" HPOS="731"/>
							<String ID="string_350" HPOS="740" VPOS="1222" WIDTH="47" HEIGHT="31" WC="0.92" CONTENT="kas-"/>
						</TextLine>
						<TextLine ID="line_39" HPOS="44" VPOS="1249" WIDTH="741" HEIGHT="29">
							<String ID="string_351" HPOS="44" VPOS="1258" WIDTH="26" HEIGHT="16" WC="0.96" CONTENT="sa"/><SP WIDTH="10" VPOS="1258" HPOS="70"/>
							<String ID="string_352" HPOS="80" VPOS="1253" WIDTH="50" HEIGHT="19" WC="0.93" CONTENT="efter"/><SP WIDTH="14" VPOS="1253" HPOS="130"/>
							<String ID="string_353" HPOS="144" VPOS="1252" WIDTH="61" HEIGHT="20" WC="0.93" CONTENT="behof"/><SP WIDTH="13" VPOS="1252" HPOS="205"/>
							<String ID="string_354" HPOS="218" VPOS="1252" WIDTH="78" HEIGHT="25" WC="0.96" CONTENT="erlägga"/><SP WIDTH="14" VPOS="1252" HPOS="296"/>
							<String ID="string_355" HPOS="310" VPOS="1250" WIDTH="62" HEIGHT="26" WC="0.95" CONTENT="någon"/><SP WIDTH="17" VPOS="1250" HPOS="372"/>
							<String ID="string_356" HPOS="389" VPOS="1250" WIDTH="65" HEIGHT="20" WC="0.96" CONTENT="ehuru"/><SP WIDTH="16" VPOS="1250" HPOS="454"/>
							<String ID="string_357" HPOS="470" VPOS="1251" WIDTH="53" HEIGHT="25" WC="0.93" CONTENT="ringa"/><SP WIDTH="14" VPOS="1251" HPOS="523"/>
							<String ID="string_358" HPOS="537" VPOS="1250" WIDTH="64" HEIGHT="24" WC="0.86" CONTENT="afgift,"/><SP WIDTH="20" VPOS="1250" HPOS="601"/>
							<String ID="string_359" HPOS="621" VPOS="1254" WIDTH="67" HEIGHT="24" WC="0.95" CONTENT="såsom"/><SP WIDTH="17" VPOS="1254" HPOS="688"/>
							<String ID="string_360" HPOS="705" VPOS="1249" WIDTH="39" HEIGHT="19" WC="0.95" CONTENT="ock"/><SP WIDTH="13" VPOS="1249" HPOS="744"/>
							<String ID="string_361" HPOS="757" VPOS="1254" WIDTH="28" HEIGHT="24" WC="0.96" CONTENT="pä"/>
						</TextLine>
						<TextLine ID="line_40" HPOS="43" VPOS="1274" WIDTH="744" HEIGHT="31">
							<String ID="string_362" HPOS="43" VPOS="1278" WIDTH="64" HEIGHT="27" WC="0.96" CONTENT="grund"/><SP WIDTH="14" VPOS="1278" HPOS="107"/>
							<String ID="string_363" HPOS="121" VPOS="1279" WIDTH="21" HEIGHT="19" WC="0.96" CONTENT="af"/><SP WIDTH="11" VPOS="1279" HPOS="142"/>
							<String ID="string_364" HPOS="153" VPOS="1278" WIDTH="128" HEIGHT="20" WC="0.76" CONTENT="konstaterad."/><SP WIDTH="13" VPOS="1278" HPOS="281"/>
							<String ID="string_365" HPOS="294" VPOS="1278" WIDTH="113" HEIGHT="19" WC="0.76" CONTENT="erfarenhet"/><SP WIDTH="14" VPOS="1278" HPOS="407"/>
							<String ID="string_366" HPOS="421" VPOS="1277" WIDTH="76" HEIGHT="25" WC="0.96" CONTENT="derom,"/><SP WIDTH="16" VPOS="1277" HPOS="497"/>
							<String ID="string_367" HPOS="513" VPOS="1278" WIDTH="28" HEIGHT="18" WC="0.94" CONTENT="att"/><SP WIDTH="13" VPOS="1278" HPOS="541"/>
							<String ID="string_368" HPOS="554" VPOS="1276" WIDTH="33" HEIGHT="19" WC="0.94" CONTENT="det"/><SP WIDTH="15" VPOS="1276" HPOS="587"/>
							<String ID="string_369" HPOS="602" VPOS="1276" WIDTH="35" HEIGHT="18" WC="0.95" CONTENT="har"/><SP WIDTH="9" VPOS="1276" HPOS="637"/>
							<String ID="string_370" HPOS="646" VPOS="1280" WIDTH="29" HEIGHT="14" WC="0.95" CONTENT="sin"/><SP WIDTH="10" VPOS="1280" HPOS="675"/>
							<String ID="string_371" HPOS="685" VPOS="1277" WIDTH="54" HEIGHT="17" WC="0.93" CONTENT="stora"/><SP WIDTH="7" VPOS="1277" HPOS="739"/>
							<String ID="string_372" HPOS="746" VPOS="1274" WIDTH="41" HEIGHT="30" WC="0.92" CONTENT="för-"/>
						</TextLine>
						<TextLine ID="line_41" HPOS="44" VPOS="1300" WIDTH="741" HEIGHT="29">
							<String ID="string_373" HPOS="44" VPOS="1306" WIDTH="32" HEIGHT="20" WC="0.91" CONTENT="del"/><SP WIDTH="15" VPOS="1306" HPOS="76"/>
							<String ID="string_374" HPOS="91" VPOS="1305" WIDTH="46" HEIGHT="20" WC="0.96" CONTENT="med"/><SP WIDTH="14" VPOS="1305" HPOS="137"/>
							<String ID="string_375" HPOS="151" VPOS="1305" WIDTH="36" HEIGHT="23" WC="0.96" CONTENT="sig,"/><SP WIDTH="16" VPOS="1305" HPOS="187"/>
							<String ID="string_376" HPOS="203" VPOS="1307" WIDTH="28" HEIGHT="17" WC="0.96" CONTENT="att"/><SP WIDTH="14" VPOS="1307" HPOS="231"/>
							<String ID="string_377" HPOS="245" VPOS="1304" WIDTH="34" HEIGHT="20" WC="0.76" CONTENT="vid"/><SP WIDTH="14" VPOS="1304" HPOS="279"/>
							<String ID="string_378" HPOS="293" VPOS="1303" WIDTH="64" HEIGHT="26" WC="0.63" CONTENT="-nägon"/><SP WIDTH="14" VPOS="1303" HPOS="357"/>
							<String ID="string_379" HPOS="371" VPOS="1304" WIDTH="67" HEIGHT="24" WC="0.96" CONTENT="högre,"/><SP WIDTH="13" VPOS="1304" HPOS="438"/>
							<String ID="string_380" HPOS="451" VPOS="1303" WIDTH="76" HEIGHT="24" WC="0.93" CONTENT="frivillig"/><SP WIDTH="9" VPOS="1303" HPOS="527"/>
							<String ID="string_381" HPOS="536" VPOS="1302" WIDTH="64" HEIGHT="25" WC="0.92" CONTENT="afgifts"/><SP WIDTH="10" VPOS="1302" HPOS="600"/>
							<String ID="string_382" HPOS="610" VPOS="1300" WIDTH="117" HEIGHT="26" WC="0.96" CONTENT="erläggande"/><SP WIDTH="8" VPOS="1300" HPOS="727"/>
							<String ID="string_383" HPOS="735" VPOS="1301" WIDTH="50" HEIGHT="21" WC="0.96" CONTENT="fästa"/>
						</TextLine>
						<TextLine ID="line_42" HPOS="44" VPOS="1326" WIDTH="743" HEIGHT="30">
							<String ID="string_384" HPOS="44" VPOS="1336" WIDTH="25" HEIGHT="14" WC="0.93" CONTENT="en"/><SP WIDTH="14" VPOS="1336" HPOS="69"/>
							<String ID="string_385" HPOS="83" VPOS="1332" WIDTH="78" HEIGHT="20" WC="0.89" CONTENT="hestämä"/><SP WIDTH="29" VPOS="1332" HPOS="161"/>
							<String ID="string_386" HPOS="190" VPOS="1330" WIDTH="133" HEIGHT="22" WC="0.92" CONTENT="framstäende"/><SP WIDTH="14" VPOS="1330" HPOS="323"/>
							<String ID="string_387" HPOS="337" VPOS="1330" WIDTH="99" HEIGHT="23" WC="0.88" CONTENT="rättighet,"/><SP WIDTH="14" VPOS="1330" HPOS="436"/>
							<String ID="string_388" HPOS="450" VPOS="1328" WIDTH="33" HEIGHT="26" WC="0.93" CONTENT="jag"/><SP WIDTH="14" VPOS="1328" HPOS="483"/>
							<String ID="string_389" HPOS="497" VPOS="1328" WIDTH="44" HEIGHT="19" WC="0.90" CONTENT="icke"/><SP WIDTH="14" VPOS="1328" HPOS="541"/>
							<String ID="string_390" HPOS="555" VPOS="1330" WIDTH="58" HEIGHT="16" WC="0.96" CONTENT="annat"/><SP WIDTH="10" VPOS="1330" HPOS="613"/>
							<String ID="string_391" HPOS="623" VPOS="1330" WIDTH="24" HEIGHT="16" WC="0.96" CONTENT="än"/><SP WIDTH="10" VPOS="1330" HPOS="647"/>
							<String ID="string_392" HPOS="657" VPOS="1327" WIDTH="25" HEIGHT="29" WC="0.96" CONTENT="pä"/><SP WIDTH="9" VPOS="1327" HPOS="682"/>
							<String ID="string_393" HPOS="691" VPOS="1326" WIDTH="34" HEIGHT="29" WC="0.93" CONTENT="det"/><SP WIDTH="9" VPOS="1326" HPOS="725"/>
							<String ID="string_394" HPOS="734" VPOS="1327" WIDTH="53" HEIGHT="20" WC="0.92" CONTENT="kraf-"/>
						</TextLine>
						<TextLine ID="line_43" HPOS="44" VPOS="1352" WIDTH="742" HEIGHT="30">
							<String ID="string_395" HPOS="44" VPOS="1356" WIDTH="70" HEIGHT="26" WC="0.74" CONTENT="tigaste"/><SP WIDTH="14" VPOS="1356" HPOS="114"/>
							<String ID="string_396" HPOS="128" VPOS="1356" WIDTH="79" HEIGHT="20" WC="0.96" CONTENT="förorda"/><SP WIDTH="14" VPOS="1356" HPOS="207"/>
							<String ID="string_397" HPOS="221" VPOS="1355" WIDTH="18" HEIGHT="26" WC="0.96" CONTENT="ej"/><SP WIDTH="15" VPOS="1355" HPOS="239"/>
							<String ID="string_398" HPOS="254" VPOS="1355" WIDTH="77" HEIGHT="21" WC="0.93" CONTENT="mindre"/><SP WIDTH="13" VPOS="1355" HPOS="331"/>
							<String ID="string_399" HPOS="344" VPOS="1354" WIDTH="63" HEIGHT="26" WC="0.96" CONTENT="någon"/><SP WIDTH="15" VPOS="1354" HPOS="407"/>
							<String ID="string_400" HPOS="422" VPOS="1354" WIDTH="99" HEIGHT="26" WC="0.93" CONTENT="obetydlig"/><SP WIDTH="9" VPOS="1354" HPOS="521"/>
							<String ID="string_401" HPOS="530" VPOS="1353" WIDTH="89" HEIGHT="29" WC="0.75" CONTENT="personel"/><SP WIDTH="11" VPOS="1353" HPOS="619"/>
							<String ID="string_402" HPOS="630" VPOS="1353" WIDTH="55" HEIGHT="25" WC="0.85" CONTENT="afgift"/><SP WIDTH="6" VPOS="1353" HPOS="685"/>
							<String ID="string_403" HPOS="691" VPOS="1352" WIDTH="28" HEIGHT="30" WC="0.93" CONTENT="till"/><SP WIDTH="11" VPOS="1352" HPOS="719"/>
							<String ID="string_404" HPOS="730" VPOS="1352" WIDTH="56" HEIGHT="30" WC="0.92" CONTENT="kom-"/>
						</TextLine>
						<TextLine ID="line_44" HPOS="44" VPOS="1378" WIDTH="743" HEIGHT="31">
							<String ID="string_405" HPOS="44" VPOS="1389" WIDTH="84" HEIGHT="15" WC="0.91" CONTENT="munens"/><SP WIDTH="14" VPOS="1389" HPOS="128"/>
							<String ID="string_406" HPOS="142" VPOS="1387" WIDTH="149" HEIGHT="22" WC="0.92" CONTENT="gemensamma"/><SP WIDTH="13" VPOS="1387" HPOS="291"/>
							<String ID="string_407" HPOS="304" VPOS="1381" WIDTH="67" HEIGHT="24" WC="0.96" CONTENT="kassa,"/><SP WIDTH="16" VPOS="1381" HPOS="371"/>
							<String ID="string_408" HPOS="387" VPOS="1380" WIDTH="78" HEIGHT="21" WC="0.91" CONTENT="hvartill"/><SP WIDTH="15" VPOS="1380" HPOS="465"/>
							<String ID="string_409" HPOS="480" VPOS="1381" WIDTH="76" HEIGHT="19" WC="0.92" CONTENT="enhvar"/><SP WIDTH="13" VPOS="1381" HPOS="556"/>
							<String ID="string_410" HPOS="569" VPOS="1380" WIDTH="27" HEIGHT="19" WC="0.93" CONTENT="till"/><SP WIDTH="11" VPOS="1380" HPOS="596"/>
							<String ID="string_411" HPOS="607" VPOS="1380" WIDTH="76" HEIGHT="28" WC="0.92" CONTENT="femton"/><SP WIDTH="6" VPOS="1380" HPOS="683"/>
							<String ID="string_412" HPOS="689" VPOS="1384" WIDTH="34" HEIGHT="14" WC="0.92" CONTENT="ärs"/><SP WIDTH="9" VPOS="1384" HPOS="723"/>
							<String ID="string_413" HPOS="732" VPOS="1378" WIDTH="55" HEIGHT="20" WC="0.92" CONTENT="älder"/>
						</TextLine>
						<TextLine ID="line_45" HPOS="45" VPOS="1404" WIDTH="741" HEIGHT="31">
							<String ID="string_414" HPOS="45" VPOS="1410" WIDTH="101" HEIGHT="24" WC="0.96" CONTENT="kommen,"/><SP WIDTH="17" VPOS="1410" HPOS="146"/>
							<String ID="string_415" HPOS="163" VPOS="1410" WIDTH="98" HEIGHT="19" WC="0.95" CONTENT="arbetsför"/><SP WIDTH="12" VPOS="1410" HPOS="261"/>
							<String ID="string_416" HPOS="273" VPOS="1408" WIDTH="87" HEIGHT="21" WC="0.94" CONTENT="medlem"/><SP WIDTH="13" VPOS="1408" HPOS="360"/>
							<String ID="string_417" HPOS="373" VPOS="1408" WIDTH="21" HEIGHT="20" WC="0.93" CONTENT="af"/><SP WIDTH="12" VPOS="1408" HPOS="394"/>
							<String ID="string_418" HPOS="406" VPOS="1407" WIDTH="120" HEIGHT="20" WC="0.86" CONTENT="kommunen."/><SP WIDTH="17" VPOS="1407" HPOS="526"/>
							<String ID="string_419" HPOS="543" VPOS="1406" WIDTH="89" HEIGHT="26" WC="0.93" CONTENT="antingen"/><SP WIDTH="17" VPOS="1406" HPOS="632"/>
							<String ID="string_420" HPOS="649" VPOS="1405" WIDTH="73" HEIGHT="26" WC="0.96" CONTENT="årligen"/><SP WIDTH="17" VPOS="1405" HPOS="722"/>
							<String ID="string_421" HPOS="739" VPOS="1404" WIDTH="47" HEIGHT="31" WC="0.95" CONTENT="eller"/>
						</TextLine>
						<TextLine ID="line_46" HPOS="50" VPOS="1431" WIDTH="736" HEIGHT="29">
							<String ID="string_422" HPOS="50" VPOS="1437" WIDTH="34" HEIGHT="23" WC="0.94" CONTENT="vid"/><SP WIDTH="14" VPOS="1437" HPOS="84"/>
							<String ID="string_423" HPOS="98" VPOS="1436" WIDTH="162" HEIGHT="22" WC="0.72" CONTENT="förekommande."/><SP WIDTH="13" VPOS="1436" HPOS="260"/>
							<String ID="string_424" HPOS="273" VPOS="1436" WIDTH="60" HEIGHT="20" WC="0.76" CONTENT="behof"/><SP WIDTH="14" VPOS="1436" HPOS="333"/>
							<String ID="string_425" HPOS="347" VPOS="1435" WIDTH="66" HEIGHT="21" WC="0.91" CONTENT="kunde"/><SP WIDTH="16" VPOS="1435" HPOS="413"/>
							<String ID="string_426" HPOS="429" VPOS="1435" WIDTH="112" HEIGHT="24" WC="0.77" CONTENT="beskattas,"/><SP WIDTH="19" VPOS="1435" HPOS="541"/>
							<String ID="string_427" HPOS="560" VPOS="1435" WIDTH="24" HEIGHT="18" WC="0.92" CONTENT="än"/><SP WIDTH="16" VPOS="1435" HPOS="584"/>
							<String ID="string_428" HPOS="600" VPOS="1433" WIDTH="37" HEIGHT="20" WC="0.92" CONTENT="ock"/><SP WIDTH="17" VPOS="1433" HPOS="637"/>
							<String ID="string_429" HPOS="654" VPOS="1438" WIDTH="24" HEIGHT="15" WC="0.91" CONTENT="en"/><SP WIDTH="16" VPOS="1438" HPOS="678"/>
							<String ID="string_430" HPOS="694" VPOS="1431" WIDTH="92" HEIGHT="24" WC="0.91" CONTENT="bestämd"/>
						</TextLine>
					</TextBlock>
				</ComposedBlock>
				<GraphicalElement ID="cblock_4" HPOS="968" VPOS="134" WIDTH="3" HEIGHT="431"></GraphicalElement >
				<GraphicalElement ID="cblock_5" HPOS="967" VPOS="911" WIDTH="6" HEIGHT="751"></GraphicalElement >
			</PrintSpace>
		</Page>
	</Layout>
</alto>
