1011 1686
303 137 70 22 Nådiga
385 138 139 23 Propositionen
536 137 36 18 N:o
584 138 28 17 30.
795 137 32 18 871

87 186 132 26 talsskrifning
229 187 4 18 i
245 187 44 19 stad
303 187 78 24 företes,
398 187 72 26 åligger
484 187 33 20 det
527 187 148 19 vederbörande
689 187 87 25 domare,
787 192 42 14 em-

86 213 239 25 betsverkssekreterare,
337 213 117 25 tjensteman
470 214 47 19 eller
526 213 38 20 den
573 213 202 25 mantalsskrifningen
789 213 39 20 för-

87 242 70 22 rättar,
173 239 51 19 tillse
239 241 27 17 att
280 239 54 20 karta
349 240 25 19 till
389 240 34 19 det
437 240 80 25 belopp,
540 245 44 13 som
601 239 129 20 tilläfventyrs
748 239 78 25 brister,

86 265 21 19 af
123 265 107 25 sakegaren
240 265 104 19 anskaffas.
369 267 98 24 Begagnas
477 265 105 25 stämpladt
596 271 81 19 papper,
707 266 22 18 bör
743 265 86 19 detsam-

85 296 33 14 ma
133 291 32 19 vid
180 291 83 19 skriften
284 291 45 20 med
349 292 44 19 lack
410 292 37 18 och
465 291 133 25 embetssigill,
618 292 46 18 eller
682 290 24 26 på
721 293 57 17 annat
792 292 36 19 till-

85 317 85 25 förlitligt
186 319 38 17 sätt
244 318 62 18 fästas
323 318 102 19 äfvensom
439 317 24 25 pä
481 318 24 18 de
519 318 76 24 tillagda
612 318 104 18 kartornas
734 318 94 24 stämplar

84 342 108 26 korteligen
206 344 108 19 antecknas
330 344 56 19 hvart
403 344 25 19 de
443 344 53 24 höra,
512 344 38 19 och
571 343 31 19 må
617 343 80 20 domare
715 344 37 18 och
768 344 59 19 andra

85 370 158 23 vederbörande,
260 370 29 19 för
304 371 33 18 sitt
350 370 73 20 besvär
437 370 45 20 med
496 371 138 25 beläggningen
648 371 38 18 och
699 370 6 18 i
719 371 109 24 ersättning

87 396 32 19 för
139 396 79 20 kartans
233 397 123 19 vidfästande
375 397 88 25 uppbära
481 398 24 18 20
520 396 65 26 penni.
615 397 98 25 Begagnas
735 397 93 25 stämpel-

85 422 90 25 märken,
192 423 47 19 böra
254 423 25 19 de
293 423 32 19 vid
341 422 69 26 sjelfva
425 423 82 19 skriften
528 424 46 19 eller
588 423 115 25 handlingen
718 422 21 20 sä
755 424 70 24 häftas,

85 451 29 17 att
128 449 25 19 de
167 448 17 25 ej
200 449 65 19 kunna
279 449 88 20 derifrån
387 449 67 25 skiljas
469 453 45 16 utan
536 452 28 17 att
579 449 158 26 värdestämpeln
752 449 76 26 derige-

84 481 47 13 nom
147 475 91 20 skadas.
239 471 10 35 '
255 477 107 19 Dessutom
381 476 46 20 skall
449 477 95 25 stämpeln
564 476 112 19 annulleras
694 475 24 26 på
740 476 87 25 lämpligt

84 505 47 16 sätt.
163 502 67 19 Skulle
248 502 54 26 dylik
323 502 110 25 afhandling
453 504 47 18 eller
520 502 66 25 skrift,
608 501 24 21 då
652 502 38 20 den
711 502 115 20 sedermera

83 527 51 28 ånyo
148 528 32 20 vid
195 528 85 20 domstol
295 529 47 20 eller
356 529 116 26 myndighet
487 529 78 25 företes,
582 528 58 20 likväl
656 528 61 20 sakna
729 528 38 20 den
781 528 46 20 kar-

83 556 68 24 tering,
163 555 95 19 hvarmed
273 555 38 20 den
326 555 63 19 blifvit
402 555 88 25 försedd,
506 556 48 19 skall
576 555 56 19 karta
647 555 26 19 till
689 555 89 25 stadgadt
792 555 34 19 be-

82 582 46 24 lopp
142 581 96 20 anskaffas
252 582 39 19 och
308 582 116 25 handlingen
442 581 108 26 vidhäftas,
569 582 57 19 innan
643 581 63 19 denna
723 581 30 19 får
770 583 55 24 tagas

83 608 62 20 under
159 608 95 26 pröfning.

136 634 9 25 $
161 635 31 19 12.
222 635 37 19 Om
274 634 87 20 enskilde
375 640 101 19 personer,
493 640 43 14 som
551 634 29 25 sig
595 634 82 19 emellan
693 634 55 19 slutit
761 633 65 26 någon

82 660 210 26 öfverenskommelse,
308 662 6 18 i
328 661 64 19 stället
406 664 27 16 att
450 661 68 19 derom
535 662 91 23 upprätta
644 660 83 25 skriftlig
744 660 83 20 afhand-

81 687 45 25 ling,
143 686 45 25 vilja
203 686 37 20 låta
255 687 33 19 sitt
302 688 45 19 aftal
361 687 5 19 i
381 687 97 19 domstols
493 687 96 25 protokoll
604 686 107 25 anteckna,
731 692 47 14 vare
793 686 31 20 så-

82 713 47 19 dant
142 713 46 19 dem
201 713 44 19 icke
259 713 114 24 förmenadt,
385 714 35 19 der
435 714 33 19 det
483 713 55 25 eljest
552 713 81 25 lagligen
643 712 35 20 ske
692 712 45 20 kan.
766 713 8 19 I
788 712 37 26 dy-

81 740 36 19 likt
134 740 31 19 fall
179 740 87 19 skrifves
280 740 117 25 protokollet
411 739 10 19 å
437 740 37 19 den
494 741 29 18 för
537 739 109 20 domstolen
664 738 37 20 och
716 738 60 20 andra
790 744 35 14 ex-

81 766 109 24 peditioner
204 766 102 20 bestämda
321 766 64 23 karta;
408 772 45 13 men
468 772 33 13 om
514 768 28 17 ett
563 764 70 20 sådant
646 765 97 25 protokoll
758 764 67 20 seder-

81 798 56 14 mera
151 793 5 18 i
171 792 92 20 afseende
277 792 11 20 å
303 792 105 25 utsökning
423 798 27 13 m.
463 798 27 14 m.
506 792 50 19 inför
570 791 63 25 någon
647 791 114 26 myndighet
776 796 49 20 upp-

82 820 37 22 tes,
136 819 91 19 karteras
242 818 108 20 detsamma
368 818 67 20 såsom
450 819 5 18 i
469 818 10 26 $
494 819 11 19 6
520 818 87 24 stadgas.

135 845 10 24 $
161 845 31 19 13.
221 845 156 19 Föreskrifterne
397 845 5 18 i
417 844 62 20 denna
497 843 109 26 förordning
621 843 60 19 verka
697 842 17 25 ej
726 842 24 26 pä
761 843 63 25 giltig-

82 871 57 19 heten
157 871 21 20 af
190 871 120 25 afhandling,
329 871 118 19 förbindelse
464 871 53 20 eller'
530 875 63 14 annan
615 870 65 23 skrift,
700 875 44 14 som
762 869 63 20 blifvit

82 897 104 26 upprättad
200 897 58 19 innan
273 897 148 26 förordningens
435 898 121 25 tillämpning
573 896 95 25 vidtager.
700 896 46 19 Icke
764 896 61 19 heller

81 927 23 16 är
117 924 54 26 dylik
186 924 64 23 skrift,
266 929 34 14 om
313 924 38 19 den
366 924 4 19 i
385 924 85 25 enlighet
484 924 46 19 med
544 923 53 19 förut
606 923 89 25 gällande
705 921 119 26 stadganden

81 950 64 19 blifvit
161 950 10 19 å
190 950 105 25 stämpladt
312 956 74 19 papper
404 950 87 19 skrifven
508 950 47 19 eller
572 949 89 20 befinnes
678 954 46 13 vara
741 948 83 20 dermed

81 977 76 25 belagd,
174 976 62 25 någon
251 977 68 19 vidare
333 977 99 24 kartering
446 975 140 20 underkastad.

135 1003 94 19 Deremot
243 1003 48 19 skall
306 1003 69 24 hvarje
389 1003 54 19 äldre
457 1003 63 24 skrift,
537 1001 21 20 så
574 1001 100 20 beskaffad
691 1004 30 17 att
737 1001 50 19 bruk
805 1001 21 19 af

82 1030 169 25 stämpel-papper
272 1029 30 20 för
318 1029 37 20 den
377 1029 124 19 härförinnan
522 1027 17 26 ej
558 1029 50 18 varit
625 1026 94 27 påbjudet
735 1033 45 14 men
797 1033 27 13 nu

81 1055 82 24 införes,
182 1055 25 20 då
225 1055 114 20 densamma
360 1056 49 19 inför
426 1055 83 20 domstol
528 1055 56 24 eller
595 1054 127 20 embetsverk
741 1054 80 23 företes,

81 1082 59 20 blifva
154 1082 46 19 med
214 1082 55 19 karta
285 1082 70 25 belagd
370 1084 51 18 samt
435 1082 120 25 anteckning
568 1081 70 19 derom
652 1081 43 24 ske,
710 1079 25 26 på
747 1081 39 19 sätt
794 1080 30 19 för

83 1108 69 26 hvarje
167 1108 91 20 särskildt
272 1109 30 19 fall
318 1108 62 20 finnes
395 1108 97 25 stadgadt.

409 1197 14 20 4
440 1198 53 24 Kap.

220 1247 31 19 Om
262 1246 88 19 befrielse
362 1245 50 20 ifrån
425 1245 254 25 stämpel-pappers-afgiften.

134 1293 10 25 $
159 1294 32 19 14.
220 1293 52 19 Ifrån
287 1293 50 19 hvad
352 1293 102 26 angående
473 1293 178 25 stämpel-pappers
668 1292 50 19 bruk
735 1291 87 20 ofvanfö-

82 1326 22 12 re
118 1320 126 18 föreskrifvet
258 1321 28 22 är,
302 1320 114 23 undantagas
428 1325 3 12 :

137 1345 32 18 1:0
197 1345 37 18 Allt
249 1345 52 18 hvad
316 1345 81 18 rörande
411 1345 78 18 Kronan
504 1344 36 19 och
555 1343 47 20 dess
616 1345 38 17 rätt
665 1343 31 19 vid
706 1343 114 24 domstolar,

82 1371 128 26 embetsverk
228 1372 36 21 och
282 1371 137 25 myndigheter
436 1370 102 19 afhandlas
556 1372 52 16 samt
624 1368 84 20 derifrån
726 1369 95 19 utfärdas.

81 1398 27 19 Är
125 1397 74 19 enskild
216 1402 71 20 person
304 1399 43 23 part
367 1396 10 20 å
398 1396 72 20 endera
491 1397 61 23 sidan,
574 1395 75 19 brukas
669 1395 30 19 för
719 1395 47 19 dess
790 1395 30 19 del

81 1424 176 25 stämpel-papper,
280 1422 67 21 såsom
366 1423 30 19 för
417 1422 71 26 hvarje
508 1422 30 21 fall
562 1422 94 20 särskildt
679 1422 89 24 stadgadt
789 1422 29 18 är.
