1011 1689
294 137 70 21 Nådiga
378 137 139 22 Propositionen
531 137 35 17 N:o
578 138 28 17 30.
790 137 32 18 851

77 187 136 20 föreskrifves.
243 187 58 19 Utom
316 186 33 20 det
362 188 28 17 att
404 185 114 27 begreppen
533 186 127 20 embetsverk
677 187 37 18 och
730 186 88 25 myndig-

78 214 34 19 het
125 213 45 20 icke
184 212 24 26 på
223 213 46 20 dem
284 213 84 20 förefalla
383 214 38 18 rätt
435 213 120 25 tillämplige,
574 213 39 20 kan
630 213 85 19 kronans
734 213 86 20 inkomst

78 240 21 19 af
111 239 37 20 den
163 239 137 26 kartasigillata
314 239 33 20 vid
358 239 50 19 dem
422 239 62 19 skulle
501 239 78 19 komma
597 241 28 16 att
641 239 98 25 begagnas
753 238 66 20 anslås

77 265 72 20 endast
166 266 25 19 till
209 268 28 17 ett
254 267 59 22 högst
328 265 54 24 ringa
400 265 80 25 belopp,
499 265 61 19 sedan
578 265 33 20 allt
629 265 50 19 hvad
698 270 42 14 som
759 264 60 25 angår

77 292 190 19 assuransärenders
283 291 116 24 behandling
414 291 20 19 så
450 292 30 19 väl
496 292 4 18 i
517 291 26 20 de
560 291 103 19 inhemska
680 291 81 25 bolagen
775 297 44 13 som

77 318 28 19 uti
120 318 29 19 för
163 318 52 19 detta
230 317 91 20 ändamål
337 317 56 20 valde
407 317 155 26 kompromisser
575 317 64 20 blifvit
656 316 41 21 från
715 317 72 20 bruket
800 317 21 19 af

78 344 138 25 kartasigillata
230 344 90 19 befriadt.

131 371 38 20 Det
183 371 61 24 ligger
258 371 4 19 i
277 370 141 21 allmänhetens
433 371 90 24 intresse,
538 373 30 17 att
582 371 159 28 stämpelpapper
755 369 64 21 finnes

77 397 111 26 tillgängligt
201 397 25 26 på
241 397 22 20 så
278 397 68 26 många
361 397 192 26 försäljningsställen
570 402 44 14 som
630 398 74 25 möjligt
718 399 52 17 samt
786 397 33 20 vid

77 425 36 19 alla
128 424 50 20 tider
193 423 23 27 på
231 424 70 26 dagen.
331 424 24 20 Af
368 423 60 21 sådan
443 423 103 27 anledning
555 423 37 20 och
602 424 45 19 med
657 423 94 20 afseende
761 423 10 20 å
781 423 38 20 den

53 474 3 1 +
77 451 70 19 skefva
163 452 94 24 ställning,
274 451 77 19 hvaruti
366 456 24 14 en
405 451 199 24 Landträntmästare,
620 456 43 14 som
678 449 46 26 sjelf
732 450 87 20 handhar

77 477 146 26 försäljningen,
241 478 92 19 forsättes
348 478 24 20 till
388 478 87 19 enskilda
489 476 110 26 försäljare,
615 476 67 20 hvilka
699 476 72 26 uppstå
788 476 33 20 sä-

78 510 45 14 som
136 504 50 20 hans
196 504 149 25 konkurrenter,
356 505 36 19 har
398 504 96 20 utskottet
501 503 108 20 föranlåtits
618 502 77 25 föreslå,
707 503 34 20 det
749 502 71 21 Landt-

77 532 143 18 räntmästares
240 530 107 26 befattning
364 531 46 19 med
424 529 191 26 kartaförsäljningen
628 530 30 19 för
671 529 103 20 framtiden
786 528 33 20 må

77 557 95 25 upphöra;
189 558 104 18 hvaremot
307 557 211 23 Landträntmästaren,
534 556 66 20 såsom
614 556 124 25 godtgörelse
748 555 28 20 för
786 556 35 20 be-

78 583 107 25 fattningen
199 583 44 19 med
259 583 178 26 stämpelpapprets
451 582 167 25 distribuerande,
634 584 74 18 ansetts
722 582 47 20 böra
783 582 36 20 till-

78 609 96 45 D.
188 615 24 14 en
231 612 82 23 procent
330 610 20 19 al
365 610 52 20 hvad
434 610 53 19 inom
503 609 43 20 året
561 614 71 20 genom
649 608 170 26 kartaförsäljning

78 636 79 19 influtit.

132 662 42 20 Den
187 662 67 26 nådiga
268 662 154 26 propositionen,
438 662 5 20 i
458 662 33 20 det
505 662 56 20 skick
575 662 114 19 densamma
703 666 73 20 genom
789 664 31 17 ut-

79 688 85 20 skottets
178 689 137 25 omarbetning
329 688 82 26 erhällit,
426 689 76 25 bilogas
516 688 102 26 härjemte.

281 785 93 28 Förslag
384 778 37 39 till
440 784 91 29 förnyad
544 783 147 28 Förordning.
707 782 114 29 angående

214 809 286 59 itimpelpappersafgiflen
518 812 9 23 i
545 811 210 23 Storfurstendömet
773 811 48 23 Fin-

225 847 50 17 and.

412 900 11 19 1
438 900 54 25 Kap.

331 938 96 19 Allmänna
438 936 128 20 föreskrifter.

133 980 10 26 $
158 980 18 20 1.
205 980 40 19 Alla
259 979 121 26 handlingar,
392 984 44 14 som
448 979 20 19 af
480 978 75 20 landets
565 977 115 25 domstolar,
692 976 128 20 embetsverk

80 1008 39 19 och
132 1006 136 26 myndigheter
282 1005 94 25 utfärdas,
394 1005 54 19 skola
467 1010 46 14 vara
527 1004 11 20 å
553 1004 105 25 stämpladt
679 1009 75 20 papper
768 1003 54 20 affat-

81 1034 52 23 tade,
150 1035 51 17 samt
215 1033 36 19 alla
271 1032 72 25 inlagor
357 1032 39 19 och
416 1032 60 19 andra
490 1030 118 26 handlingar,
625 1036 44 14 som
689 1030 27 19 till
732 1029 90 21 bemälde

81 1059 137 27 myndigheter
231 1059 90 25 ingifvas,
337 1064 47 13 vara
398 1058 89 25 antingen
507 1056 10 20 å
533 1056 44 20 slikt
595 1062 75 20 papper
686 1056 74 20 skrifna
775 1057 47 19 eller

80 1086 47 20 med
141 1078 86 36 stämpel-
235 1091 71 19 papper
322 1085 46 19 eller
378 1084 165 25 stämpelmärken
552 1083 91 25 belagda;
659 1084 33 18 allt
701 1082 27 20 till
738 1083 34 19 det
785 1083 34 19 be-

80 1114 53 24 lopp,
149 1112 24 25 på
188 1112 32 19 det
235 1113 44 23 sätt,
290 1111 45 20 med
349 1111 24 19 de
383 1111 98 25 undantag
491 1111 37 19 och
538 1110 33 19 vid
586 1109 33 19 det
633 1110 91 24 äfventyr
734 1110 35 18 här
785 1114 34 13 ne-

81 1139 82 20 danföre
177 1138 87 25 stadgas.

134 1165 11 25 $
158 1166 19 18 2.
206 1164 111 25 Stämpladt
330 1164 124 25 skrifpapper
468 1163 103 19 äfvensom
586 1162 167 24 stämpelmärken
767 1161 56 19 skola

80 1192 66 20 finnas
160 1194 28 16 att
201 1190 51 26 tillgå
267 1191 21 19 af
300 1189 84 26 följande
399 1190 81 23 värden,
495 1188 105 26 nemligen:
617 1188 11 19 å
643 1189 31 23 20,
691 1188 32 24 30,
739 1188 34 24 40,
789 1188 32 23 50,

82 1218 33 25 60,
133 1218 24 20 70
172 1217 37 20 och
224 1218 24 18 80
267 1217 57 25 penni
345 1219 52 17 samt
416 1215 11 20 ä
443 1217 9 19 1
468 1216 63 24 mark,
551 1216 9 18 4
576 1215 56 19 mark
648 1215 23 19 50
686 1214 65 25 penni,
767 1215 18 23 2,
803 1214 18 23 3,

82 1246 19 23 4,
118 1245 18 23 5,
153 1244 19 26 6,
188 1244 19 24 7,
223 1244 19 24 8,
259 1244 31 23 10,
308 1243 30 24 15,
354 1243 33 24 20,
403 1243 33 23 25,
455 1243 31 24 30,
504 1243 32 23 40,
556 1242 32 24 50,
606 1241 32 25 60,
655 1241 32 25 80,
708 1241 45 24 100,
777 1240 45 24 150,

82 1272 39 19 200
136 1270 38 20 och
189 1270 37 26 500
242 1270 63 20 mark.

136 1297 11 26 $
162 1298 19 18 3.
210 1298 16 18 Ä
240 1296 69 25 hvarje
322 1296 35 20 ark
367 1296 168 25 stämpel-papper
548 1294 102 26 anbringas
665 1294 76 19 öfverst
753 1292 10 20 ä
777 1292 48 20 dess

83 1324 61 18 första
165 1323 42 20 sida
223 1328 25 14 en
264 1323 66 25 tryckt
344 1322 92 24 stämpel,
455 1322 61 18 hvars
530 1322 41 23 färg
586 1320 28 19 för
628 1320 92 18 kartorna
735 1319 10 19 ä
760 1319 66 24 penni-

84 1349 76 19 värden
174 1350 21 18 är
209 1348 58 24 brun,
287 1350 51 17 samt
358 1347 28 19 för
407 1347 47 19 dem
474 1347 10 19 ä
500 1348 9 18 1
525 1346 56 20 mark
598 1346 37 18 och
656 1345 113 19 derutöfver
785 1343 39 20 blå.

85 1375 30 20 Uti
130 1374 63 20 denna
207 1374 86 26 stämpel
313 1373 69 25 finnes,
401 1372 24 26 pä
441 1376 28 16 ett
485 1372 70 27 tydligt
569 1372 37 19 och
624 1372 35 20 lätt
678 1371 6 19 i
701 1373 76 23 ögonen
791 1370 36 19 fal-

85 1401 57 21 lande
157 1402 44 24 sätt,
217 1403 63 17 utsatt
300 1400 78 20 valören
396 1400 46 20 med
462 1400 63 19 större
546 1398 64 20 siffror
630 1400 51 18 samt
697 1396 76 20 svensk
788 1396 38 20 och

85 1427 51 25 fingk
150 1430 47 18 text.
227 1426 58 22 Såväl
300 1426 90 22 siffrorna
405 1432 43 14 som
463 1428 65 18 texten
543 1426 34 19 äro
591 1424 54 20 hvita
660 1424 23 26 pä
698 1424 33 19 det
748 1422 79 27 färgade
