1028 1686
308 156 72 23 Nådiga
391 157 140 23 Propositionen
544 157 36 18 N:o
592 157 27 18 27.
802 159 34 18 787

91 205 134 27 vägrödjning,
248 205 72 27 kyrko-
341 207 37 19 och
399 207 224 26 prestegårdsbyggnad,
645 207 46 20 med
705 208 48 19 flera
772 214 61 15 onera

91 237 45 14 som
150 232 20 25 e)
183 232 64 20 kunna
261 232 48 21 eller
322 233 47 19 böra
383 238 59 15 anses
452 234 29 19 för
495 233 129 26 personalia».
653 234 38 20 Allt
707 235 61 19 sedan
785 235 47 19 dess

91 259 37 18 har
141 258 64 20 denna
218 259 55 19 klass
287 259 21 18 af
327 259 183 25 stadsinnevänare,
526 261 47 18 eller
594 259 119 26 gärdsägare
727 264 45 16 utan
786 261 47 19 bur-

91 284 58 25 skap,
164 284 81 26 deltagit
261 285 2 19 i
279 285 132 25 nyssnämnda
426 286 80 25 utgifter
519 286 29 19 för
564 286 130 20 kommunens
708 292 125 20 gemensam-

90 316 32 14 ma
141 310 66 20 behof.
236 312 45 18 Men
298 311 58 19 äfven
376 312 61 19 andra
458 313 124 19 kommunala
604 312 102 24 behofver,
728 312 105 25 fattigvård

90 337 46 19 med
151 339 54 17 mera
219 337 67 26 dylikt,
302 338 60 19 hafva
376 338 54 26 fylits
450 338 17 25 ej
482 338 77 20 mindre
576 338 20 20 af
608 344 25 13 nu
651 338 82 20 berörda
749 339 81 25 klasser,

89 365 25 18 än
129 364 21 19 af
162 364 35 19 alla
212 364 61 25 öfriga
283 364 128 26 innevånare
428 365 6 18 i
448 365 183 19 stadskommunen.
661 366 37 18 Det
711 365 121 20 förhållande

90 390 36 20 har
140 390 78 20 Jerföre
232 390 72 20 inträdt
317 393 35 22 att,
368 390 68 20 såsom
450 392 57 19 äfven
521 391 5 19 i
540 391 39 20 Jen
595 391 74 26 Nädiga
685 392 147 25 propositionen

90 418 66 24 säges,
171 416 177 20 stadskommunen
363 418 29 19 för
406 418 121 20 närvarande
541 418 128 20 sönderfaller
685 418 5 19 i
704 420 30 17 tre
748 418 85 20 samhäl-

89 443 39 24 len,
145 444 98 19 hvardera
257 444 46 20 med
317 444 96 20 särskilda
428 444 114 26 rättigheter
555 445 39 19 och
608 444 140 26 skyldigheter.

144 474 74 21 Sådant
231 476 36 19 har
280 475 53 20 dock
347 475 17 25 ej
380 475 73 21 kunnat
467 479 57 17 annat
537 478 24 18 än
572 476 60 20 verka
646 477 59 25 högst
717 476 80 26 menligt
806 476 25 26 pä

89 501 189 21 kommunalandans
292 502 38 20 och
340 502 266 26 kommunalförvaltningens
618 504 114 24 utveckling
744 503 39 19 och
796 503 36 20 till-

89 528 58 20 stånd
161 528 6 19 i
180 528 78 20 landets
272 529 74 19 städer.

143 561 100 19 Utskottet
257 560 64 27 finner
341 561 34 19 det
389 562 38 19 ock
441 567 47 14 vara
508 567 23 14 en
545 562 21 19 af
582 562 137 19 erfarenheten
739 562 93 26 bestyrkt

89 587 83 25 sanning
187 590 28 16 att
228 587 258 26 kommunalförvaltningen
500 589 53 18 inom
570 588 75 19 landets
663 588 66 20 städer
743 589 22 19 är
779 588 6 19 i
799 589 33 19 all-

89 614 81 19 mänhet
190 613 76 20 mindre
285 614 45 25 god.
360 614 88 19 Orsaken
466 614 61 20 dertill
549 619 58 14 anser
625 615 102 19 Utskottet
748 614 25 20 till
789 617 42 17 stor

88 639 32 20 del
134 640 47 19 böra
197 640 57 19 sökas
269 640 5 19 i
289 640 33 20 det
343 639 121 21 förhållande
483 643 29 17 att
526 640 70 21 endast
617 646 24 14 en
657 641 30 20 del
705 641 21 20 af
741 641 91 19 kommu-

88 671 51 15 nens
160 666 125 25 innevånare,
308 667 34 19 det
358 667 88 24 burskap
463 667 74 24 ägande
557 667 149 25 borgerskapet,
722 667 109 20 uteslutan-

88 692 25 20 de
135 693 41 19 haft
193 693 256 27 kommunalförvaltningen
471 693 4 18 i
494 693 40 20 sina
552 693 79 20 händer.
662 693 117 26 Derigenom
796 694 36 19 har

88 719 29 19 uti
137 719 102 20 städernas
259 719 119 25 förvaltning
392 718 89 26 uppstått
504 725 24 14 en
545 720 43 19 viss
604 719 115 26 ensidighet,
735 725 44 14 som
796 720 36 19 lät-

88 747 40 18 tast
142 745 63 20 skulle
218 745 109 26 bortnötas,
343 751 33 14 om
393 745 59 20 andra
474 747 107 18 elementer
598 745 6 20 i
621 746 140 25 förvaltningen
782 751 49 20 upp-

88 774 64 27 toges.
180 772 43 19 Och
243 772 113 20 derförutan
375 771 57 20 torde
449 772 176 19 stadskommunen
645 771 17 25 ej
683 772 62 20 heller
765 772 67 19 kunna

89 799 45 24 höja
148 799 30 25 sig
191 797 43 20 från
251 799 47 19 dess
313 804 26 13 nu
358 798 142 19 innehafvande
519 799 44 19 icke
580 798 102 26 tidsenliga
703 798 127 25 ståndpunkt.

88 825 30 19 En
132 824 154 25 reorganisation
301 825 19 18 af
333 824 101 20 städernas
449 825 228 25 kommunalförvaltning
691 826 22 18 är
722 825 78 19 derföre
813 824 20 20 af

88 851 96 19 behofvet
198 851 101 25 högeligen
320 850 96 26 påkallad,
432 852 39 18 och
484 851 34 19 det
538 850 22 20 sä
574 851 81 25 mycket
671 856 62 20 mera,
749 856 43 14 som
807 856 25 14 en

88 877 94 20 lefvande
196 877 112 19 kommunal
325 877 129 19 verksamhet
467 878 56 24 utgör
543 883 25 13 en
583 878 86 25 gagnelig
683 878 39 18 och
736 878 5 18 i
755 882 25 15 en
795 878 37 24 hög

88 903 49 26 grad
151 903 74 26 mäktig
246 903 170 25 bildningsanstalt
437 904 29 19 för
480 904 151 25 medborgaren,
652 904 47 19 med
720 903 112 20 hänseende

88 930 26 20 till
130 931 48 19 hans
193 929 135 26 uppträdande
341 930 6 18 i
361 930 34 20 det
409 930 93 25 politiska
514 930 60 19 lifvet.

142 965 36 19 För
192 964 62 20 denna
272 964 164 25 reorganisations
457 965 123 25 fullständiga
601 965 152 25 genomförande
769 965 62 20 borde

89 992 30 18 väl
134 992 36 19 alla
184 991 24 19 Je
228 990 120 21 ätskilnader
365 992 6 18 i
391 991 115 25 rättigheter
525 992 39 18 och
584 991 139 26 skyldigheter,
747 997 44 14 som
805 996 27 14 nu

88 1017 105 20 förefinnas
207 1018 82 19 emellan
299 1017 25 19 de
338 1017 96 20 särskilda
444 1018 102 19 klasserna
560 1018 21 19 af
589 1016 182 26 stadsinnevänare,
782 1022 50 20 upp-

89 1044 70 20 häfvas
174 1046 52 17 samt
239 1044 36 19 alla
290 1044 186 19 stadskommunens
497 1044 129 20 medlemmar
640 1044 84 20 tilldelas
742 1043 37 20 lika
793 1045 40 17 rät-

88 1070 86 26 tigheter
187 1071 39 18 och
246 1070 141 26 skyldigheter,
404 1070 37 19 och
462 1076 57 14 anser
536 1070 99 20 Utskottet
655 1070 60 26 några
736 1070 96 19 oofervin-

89 1096 74 26 nerliga
177 1096 124 25 svårigheter
315 1096 18 25 ej
355 1097 61 19 heller
430 1096 50 26 ligga
494 1097 5 19 i
514 1098 62 24 vägen
597 1096 29 20 för
640 1096 160 26 genomförandet
813 1096 21 20 af

89 1129 25 14 en
128 1123 55 26 dylik
197 1123 81 19 reform.

141 1155 38 20 För
193 1155 53 20 detta
261 1155 89 20 ändamäl
365 1155 64 20 skulle
444 1155 58 20 likväl
516 1155 99 20 erfordras
629 1161 24 13 en
667 1153 165 27 genomgripande

89 1181 113 26 förändring
215 1182 6 18 i
234 1181 88 25 gällande
332 1181 115 26 grundlagar
457 1183 38 18 och
510 1181 189 26 ständsprivilegier,
709 1187 47 13 men
770 1181 62 19 Hans

89 1206 133 27 Kejserliga
235 1206 117 25 Majestät,
376 1208 60 19 hvars
453 1208 55 25 Höga
521 1209 39 18 rätt
574 1208 34 19 det
621 1209 22 18 är
657 1210 28 17 att
699 1210 43 23 taga
755 1206 79 20 initiati-

89 1237 34 17 vet
137 1233 5 20 i
157 1234 65 26 dylika
236 1233 72 26 frågor,
332 1235 34 18 har
381 1236 65 17 ansett
466 1235 52 19 tiden
532 1234 63 19 dertill
616 1235 52 19 ännu
685 1233 17 26 ej
718 1239 47 14 vara
779 1233 50 24 inne,

89 1263 47 17 utan
150 1261 5 18 i
170 1261 130 19 förevarande
309 1259 73 26 Nädiga
397 1261 120 25 proposition
531 1260 69 20 endast
609 1261 52 19 velat
670 1259 72 21 föreslä
755 1259 78 20 landets

89 1286 87 26 ständer,
192 1289 28 17 att
234 1292 24 14 en
272 1287 30 25 lag
316 1292 32 14 om
359 1287 258 26 kommunalförvaltningen
631 1287 6 18 i
651 1287 93 19 städerna
757 1285 32 20 mä
804 1288 30 17 ut-

89 1313 80 20 arbetas
183 1313 25 24 pä
222 1313 25 19 de
261 1313 4 18 i
280 1313 145 24 propositionen
446 1316 98 22 upptagna
558 1314 92 23 grunder,
666 1313 66 18 hvilka
747 1313 86 18 hufvud-

90 1339 97 24 sakligast
201 1338 64 26 åsyfta
280 1341 28 16 att
324 1339 145 25 tillvägabringa
484 1339 38 18 den
544 1339 110 24 förändring
667 1339 6 18 i
687 1337 147 20 stadskommu-

90 1370 71 14 nernas
176 1364 116 20 nuvarande
302 1365 129 25 organisation
438 1367 31 17 att
479 1365 35 19 alla
528 1365 44 19 icke
584 1364 88 26 kyrkliga
687 1363 92 25 ärender,
789 1369 45 13 som

89 1391 52 25 angä
156 1391 68 19 staden
242 1390 67 21 såsom
323 1391 102 25 kommun,
441 1391 63 19 skulle
524 1391 80 19 komma
625 1393 28 17 att
665 1390 131 20 underkastas
810 1395 24 14 en

90 1417 39 21 lika
143 1417 123 27 behandling,
283 1420 53 17 samt
349 1417 159 21 handhafvandet
520 1418 22 19 af
554 1417 79 21 stadens
644 1416 90 20 ekonomi
748 1416 38 20 och
800 1422 35 20 po-

90 1444 29 21 liti
132 1444 112 28 uppdragas
259 1443 20 21 ät
292 1450 26 14 en
332 1445 38 19 och
384 1449 76 16 samma
475 1443 120 29 myndighet.
620 1444 37 20 Det
671 1445 22 19 är
705 1444 55 20 öfver
774 1443 59 20 Jessa

763 1476 22 18 37

1016 1545 10 107 Väska
1006 1544 22 2 |
1023 1532 3 2 5
