1011 1689
191 153 34 18 898
407 151 72 22 Nådiga
490 151 140 23 Propositionen
643 151 35 16 N:o
690 151 29 17 30.

189 184 88 34 —
193 199 740 10 Ör

221 227 90 20 fullmakt
324 226 11 20 å
350 232 59 13 namn
426 227 47 18 eller
490 225 102 26 värdighet
612 226 27 19 uti
661 225 64 25 någon
740 225 21 19 af

221 254 24 19 de
267 255 4 17 i
291 253 88 25 gällande
401 252 129 25 rangordning
549 252 103 19 bestämda
672 251 85 25 klasser,

223 280 64 20 ehvad
299 285 32 19 en,
346 281 79 17 namnet
439 279 47 19 eller
499 278 126 25 värdigheten
638 280 123 17 motsvaran-

223 307 31 23 de,
271 306 75 25 verklig
363 304 178 26 tjenstebefattning
561 304 62 20 finnes
643 305 48 19 eller
708 304 51 24 icke,

224 322 30 31 till
265 321 82 36 följande
361 332 79 25 belopp,
456 331 105 26 nemligen:

223 359 32 19 2:a
269 359 127 25 rangklassen
439 373 4 4 =.
474 373 29 7 .,
579 373 75 4 eo
756 372 3 3 01
793 357 38 19 400
851 353 15 33 |
880 367 26 4 —

225 385 32 20 Be
543 399 217 4 L
773 379 12 34 [|
795 383 38 20 350
852 379 15 34 |
880 394 26 3 —

224 412 34 19 ÅR
543 417 217 12 00]
795 409 38 20 300
853 405 16 34 |
880 420 27 4 —

225 439 42 19 5:te
795 436 38 20 240
854 432 17 33 |
881 447 27 3 —

225 465 41 19 Ode
298 480 5 4 o
369 479 39 4 ks
440 478 39 4 kos
511 478 4 4 wo
546 478 74 4 moka
652 478 3 4 a
687 478 3 4 wo
723 479 3 3 <
758 478 3 4 w
796 462 37 20 [470]
881 474 26 3 —

226 490 45 20 Tide
511 504 251 5 LL
780 485 9 34 |
797 489 37 20 445
853 485 15 34 |
882 500 26 3 —

226 517 46 20 SUO
300 532 4 4 vv
336 532 3 4 oss
371 532 3 4 s
406 531 74 5 soen
511 531 4 4 me
547 532 3 2 a
582 532 3 3 an
617 531 3 4 ok
687 531 4 4 or
723 531 4 3 s
758 532 3 3 we
777 512 9 33 |
797 516 38 19 420
846 512 20 33 J]
882 526 26 3 =

226 543 48 20 Oide
301 559 2 3 <
334 558 4 4 e
370 558 38 4 as
440 558 4 3 ao
476 558 39 4 kom
547 558 3 3 a
581 558 4 3 wo
652 558 4 3 a
687 557 4 4 a
723 557 3 3 <
759 558 3 3 x]
809 542 26 19 Oj
882 552 26 4 —

214 570 59 20 40:de
301 585 3 3 so
477 584 286 4 eI
811 568 24 19 O
853 564 15 34 |
882 579 26 3 —

214 596 55 20 Atte
301 612 4 3 ss
336 611 3 3 a
371 612 3 2 a
442 611 3 3 rk
476 611 4 3 om
512 611 4 3 e
547 611 39 3 kos
618 611 3 3 x
653 611 4 3 s
689 610 4 4 a
724 610 4 4 n
760 611 3 3 a
810 595 25 19 OO
853 591 15 33 |
882 605 27 3 =

215 622 54 20 ÅRIG
300 638 4 4 «o
335 638 4 3 so
371 638 3 3 cs
441 637 39 4 RR
513 638 38 3 ER
582 637 75 4 Hoes
688 637 39 3 RR
759 637 4 3 w(f
809 622 26 18 45
851 617 15 34 |
884 631 25 4 =

215 649 59 19 ABide
299 664 4 4 L
335 664 40 4 sa
406 664 4 3 a
442 664 39 4 noa
513 664 3 4 a
583 664 3 4 &
654 664 4 3 öm
689 664 3 3 k
763 644 26 34 |
811 648 24 20 85]
884 658 25 3 —

215 675 59 31 14:le
548 690 180 4 AA
760 690 3 4 0[
810 675 25 19 25]
883 684 27 4 —

215 700 10 20 ä
239 702 40 19 titel
294 690 47 31 utan
356 690 103 36 åtföljande
476 690 47 36 rang
548 717 4 3 4
584 717 3 3 vä
812 702 24 18 15
856 698 16 32 |
884 711 26 3 —

201 728 34 18 2:0
249 728 30 19 för
293 728 44 25 den,
353 733 43 14 som
411 727 43 19 icke
468 730 22 16 är
504 728 47 20 eller
566 712 56 45 varit
630 728 5 18 i
646 712 51 45 civil,
714 716 52 31 skol-

228 754 63 20 lärare
306 744 47 30 eller
372 753 131 25 militärtjenst
522 754 46 20 med
581 754 31 19 lön
626 754 24 25 på
672 739 45 44 stat,
733 760 33 13 om

229 781 36 19 ock
280 781 89 19 fullmakt
383 780 10 19 å
409 780 39 20 titel
464 781 46 19 eller
520 781 103 24 värdighet
638 781 51 18 förut
702 769 65 31 blifvit

229 808 72 19 honom
315 806 109 26 meddelad,
444 807 93 25 stämplas
558 807 88 19 fullmakt
660 806 9 19 å
684 806 41 20 titel
740 807 27 19 el-

228 834 30 20 ler
266 833 108 26 värdighet
389 832 27 20 till
434 833 101 20 tredubbla
556 834 92 25 beloppet
661 833 18 19 af
695 833 51 20 hvad
761 833 5 19 i

229 860 161 26 nästföregående
407 860 63 25 punkt
484 862 21 16 är
519 860 105 20 bestämdt.

204 886 33 20 3:0
251 886 11 20 å
277 886 82 25 följande
373 886 136 20 ecklesiastika
525 886 134 26 värdigheter:

230 914 148 24 honorär-prost
408 929 4 3 .
444 928 4 3 so
479 928 39 4 soc
549 928 39 4 src
619 928 4 4 so
690 928 3 4 oo.
725 928 4 3 oo
761 928 4 3 2)
811 913 26 19 40
857 909 19 33 |
885 923 26 3 —

230 939 121 25 vice-pastor
373 954 3 4 .
408 955 4 3 .
444 955 3 3 .
585 954 38 4 or
656 954 2 4 fw
691 955 2 3 os
726 955 3 3 mm
761 954 4 4 k
825 940 13 18 41
885 950 27 3 —

203 966 171 25 Förordnande,
390 971 22 14 se
426 954 127 31 fullmakt.

203 992 136 20 Gesällbref
373 1008 3 3 .
408 1008 4 4 .
549 1008 39 4 som
620 1008 3 4 oe
655 1008 3 2 G
691 1008 3 3 5
727 1008 3 3 x
762 1007 3 3 5
827 993 10 18 1]
886 1003 26 3 —

205 1018 147 26 Grefvebref,
369 1024 22 14 se
407 1008 93 35 diplom.
513 1008 4 4 '

203 1035 210 30 Helfrihetsbref
405 1031 15 43 .
444 1060 4 4 .
479 1061 4 3 .
584 1061 40 3 How
655 1060 4 4 mo
691 1061 3 3 $
726 1060 3 4 wi
761 1060 4 4 &
825 1046 12 18 21
886 1056 25 2 —

204 1071 164 24 Kallelsebref,
385 1077 22 14 se
421 1056 114 44 fullmakt.

205 1097 76 25 Karta,
297 1083 181 43 Landtmätare-;
495 1103 43 13 som
547 1098 27 20 till
588 1097 75 20 enskild
672 1097 93 27 utgifves:

205 1123 24 24 a)
238 1114 57 29 öfver
302 1124 76 28 byalag,
390 1110 128 43 samfällighet
527 1124 47 20 eller
583 1124 75 19 enskild
668 1124 97 25 lägenhet:

231 1150 30 19 för
275 1149 69 26 hvarje
358 1150 40 20 helt
412 1144 72 26 mantal
499 1150 68 20 kartan
585 1134 114 46 innehåller
727 1165 4 4 e
762 1166 4 4 <]
813 1161 26 3 —
888 1151 23 18 70

231 1176 100 20 derunder
344 1176 26 20 till
385 1176 37 20 och
435 1177 46 19 med
495 1179 27 17 ett
536 1177 47 19 halft
597 1178 72 18 mantal
693 1192 2 4 .
727 1192 4 3 .
767 1192 1 4 I
813 1187 26 3 —
854 1172 15 35 |
888 1177 24 19 50

232 1202 100 20 derunder
345 1202 28 20 till
387 1203 37 19 och
438 1203 46 19 med
499 1205 27 17 ett
540 1202 105 25 fjerdedels
658 1202 75 20 mantal
762 1206 6 16 ;|
814 1214 26 3 —
855 1198 14 33 |
888 1204 24 18 30

232 1232 53 15 samt
299 1229 97 19 Jerunder
411 1244 3 3 .
447 1244 3 3 .
814 1241 25 2 —
852 1226 17 32 |
886 1230 26 18 20

207 1253 22 23 b)
244 1254 57 19 öfver
314 1254 78 24 spridda
407 1240 126 44 egostycken,
544 1244 116 35 uppgångne
674 1244 45 30 råer
727 1244 42 30 och

233 1279 92 20 förrättad
340 1280 187 24 råhägnadsdelning
540 1286 27 13 m.
582 1286 28 12 m.
657 1296 4 3 —.
813 1292 27 3 —
853 1277 17 33 |
887 1281 25 19 20

205 1306 82 23 Egande
301 1306 266 26 förrättningslandtmätaren
576 1306 48 20 eller
633 1306 44 25 den,
688 1295 20 31 at
719 1295 48 31 hvile

232 1332 39 20 ken
285 1332 68 20 kartan
367 1321 87 31 utfärdas
469 1334 37 18 och
523 1328 113 34 bestyrkes,
652 1319 33 43 att,
702 1332 66 20 säsom

232 1358 112 26 lämpligast
362 1359 63 19 finnas
445 1359 45 24 kan,
511 1359 89 25 antingen
620 1359 26 25 pä
662 1344 107 45 stämplaut

232 1390 75 20 papper
322 1385 64 19 affatta
400 1385 76 25 kartan,
492 1386 37 19 ifall
544 1386 37 18 den
596 1384 11 20 ä
622 1386 10 19 1
646 1385 35 19 ark
695 1385 65 27 inrym

233 1417 51 19 mes,
300 1412 46 20 eller
360 1410 70 22 efterät
449 1411 38 21 läta
504 1411 11 20 &
529 1411 239 25 kartasigillata-kontoret

233 1438 82 25 stämpla
329 1438 123 25 densamma,
462 1438 47 20 eller
517 1439 37 19 ock
563 1438 152 26 stämpelmärke
725 1439 44 19 häf-
