1025 1692
318 144 71 22 Nådiga
400 146 140 23 Propositionen
552 146 36 18 N:o
600 141 28 24 27.
811 147 35 19 749

101 198 33 14 ser
146 191 35 26 jag
195 193 47 19 intet
255 196 58 17 annat
326 194 88 20 minimi
430 196 85 26 belopp
532 196 23 20 af
570 196 125 26 utskylder
711 197 67 20 kunna
796 197 50 20 eller

100 219 48 19 böra
162 219 73 20 fixeras
249 220 68 19 såsom
330 224 59 22 gräns
402 222 31 18 för
446 223 139 25 rösträttighet,
600 223 6 18 i
615 223 187 20 stadskommunens
812 230 34 13 an-

99 246 146 24 gelägenheter,
262 249 25 17 än
301 246 33 20 det
348 248 95 25 naturliga
458 249 86 25 verkliga
559 250 37 18 och
611 254 59 14 sanna
688 250 74 19 minimi
778 250 68 25 belop-

99 274 40 22 pet,
156 277 44 14 som
213 272 42 25 just
275 273 77 20 derföre
374 277 78 16 ensamt
469 275 38 19 kan
527 275 46 19 med
593 275 82 20 rättvisa
696 277 69 24 utgöra
782 276 64 20 denna

99 299 67 24 gräns.
196 299 44 18 Lika
255 299 46 19 med
315 299 59 20 dessa
389 301 74 18 Herrar
480 307 59 13 anser
551 300 32 26 jag
600 301 60 19 också
678 302 113 25 bosättning
808 303 39 18 och

99 324 170 26 mantalskrifning
286 326 1 18 i
302 325 121 20 kommunen
441 333 46 14 vara
505 333 23 13 en
545 327 85 19 conditio
647 328 43 19 sine
706 333 39 20 qua
764 333 38 14 non
816 329 30 18 för

99 350 172 25 tillgodonjutande
286 351 20 19 af
319 351 63 20 denna
396 353 142 26 rösträttighet,
555 359 45 13 men
612 352 34 25 jag
663 353 68 25 skiljer
747 353 40 26 mig
804 353 42 20 från

98 375 60 20 dessa
173 377 74 19 Herrar
261 380 127 17 reservanter
402 379 48 25 deri,
466 382 28 17 att
506 379 34 25 jag
554 379 44 20 icke
612 385 58 14 anser
684 380 64 25 nägon
763 380 41 19 viss
818 380 28 20 tid

98 402 20 20 af
132 402 81 21 vistelse
227 404 53 19 inom
295 404 121 20 kommunen
431 405 46 20 böra
492 406 105 25 stipuleras
612 405 68 20 såsom
690 409 44 23 nytt
743 406 63 20 vilkor
816 407 30 18 för

98 428 46 20 slikt
158 429 141 26 berättigande.
328 431 36 19 För
379 432 40 25 mig
433 432 22 19 är
468 432 34 19 det
515 432 97 25 nemligen
626 432 87 25 omöjligt
727 435 28 17 att
768 432 78 25 påfinna

98 454 63 26 någon
176 456 80 21 rationel
271 457 58 20 och
317 450 13 38 i
344 457 36 20 alla
394 458 31 19 fall
440 458 101 26 tillämplig
556 458 63 25 grund
633 459 29 19 för
677 465 25 13 en
720 459 61 20 sådan
797 459 49 20 tids-

97 481 152 26 bestämmelse;
267 484 47 19 utan
331 489 61 20 synes
409 485 41 24 mig
467 486 81 19 fastmer
566 484 69 26 hvarje
651 485 54 20 inom
724 485 121 20 kommunen

97 508 67 20 bosatt
178 510 38 19 och
229 510 6 19 i
249 510 47 19 dess
311 510 99 20 förmåner
426 512 38 19 och
478 512 73 19 besvär
568 511 43 20 fullt
627 511 114 26 deltagande
760 512 86 19 medlem

97 540 25 14 eo
136 535 43 26 ipso
194 541 47 14 vara
255 537 109 25 berättigad
378 539 28 18 att
420 538 5 18 i
440 537 48 20 dess
502 539 161 25 angelägenheter
677 539 51 19 talan
742 538 47 19 föra.

151 578 94 19 Deremot
259 578 37 19 kan
309 577 32 26 jag
351 578 43 19 icke
404 579 45 19 med
460 579 156 20 Bondeståndets
627 582 52 17 samt
688 579 157 25 Ridderskapets

97 603 39 19 och
157 604 60 19 Adels
236 605 61 24 öfriga
313 605 121 24 deputerade
451 606 101 19 utsträcka
570 606 160 25 rösträttigheten
747 605 25 20 till
790 606 53 23 dem,

98 635 45 14 som
157 631 52 18 inom
225 631 69 19 staden
308 632 45 23 hus,
369 633 50 17 tomt
433 632 47 19 eller
492 631 43 26 jord
551 633 46 18 eller
614 631 59 26 något
691 633 51 24 slags
761 633 85 18 rörelse-

97 655 72 26 kapital
185 662 41 19 ega,
242 657 60 19 äfven
317 658 4 18 i
336 657 34 19 det
384 657 38 23 fall,
438 660 28 17 att
479 658 25 19 de
517 661 55 16 utom
582 658 121 19 kommunen
714 659 47 18 eller
770 658 26 19 till
807 658 38 19 och

97 682 46 19 med
157 685 55 18 utom
227 683 190 20 Storfurstendömet
431 684 79 20 Finland
525 685 33 18 sitt
571 685 43 24 laga
623 685 25 19 bo
658 685 39 19 och
706 685 86 18 hemvist
802 684 44 20 haf-

96 714 33 14 va.
159 709 67 20 Vådan
242 711 21 18 af
278 709 60 21 sådan
351 710 136 26 utsträckning
499 711 20 20 af
530 711 159 25 rösträttigheten
701 713 21 17 är
735 711 108 25 uppenbar,

97 737 38 18 och
149 736 80 19 innebär
244 737 103 19 dessutom
363 743 23 14 en
400 737 91 20 bestämd
506 738 113 19 förnekelse
632 737 19 20 af
664 737 54 20 hvad
732 738 24 19 de
771 737 73 26 Nådiga

97 763 170 24 propositionerna
281 763 103 26 angående
398 763 54 20 såväl
463 765 65 19 stads-
537 770 43 13 som
589 764 213 19 landskommunernas
812 769 33 14 or-

96 789 108 25 ganisation
217 790 109 25 principielt
339 791 67 23 uttala,
418 790 104 20 äfvensom
532 791 52 19 hvad
595 791 20 18 af
622 791 112 19 Utskottets
746 790 99 26 pluralitet

96 815 123 20 beträffande
236 817 174 19 landskommuner
426 817 61 20 redan
504 817 82 20 erkändt
602 817 69 20 blifvit.
703 818 31 19 En
750 817 92 24 medlem,

97 847 44 14 som
156 843 63 19 tillhör
233 845 72 17 tvenne
319 843 119 20 kommuner
453 842 37 21 och
505 844 52 19 inom
572 843 97 20 hvardera
679 850 48 19 eger
736 843 109 26 rösträltig-

98 869 40 25 het,
154 869 40 19 kan
209 870 95 25 nemligen
319 870 43 20 icke
376 871 68 25 utgöra
458 876 24 14 en
500 870 69 20 rättvis
584 870 38 19 och
640 870 88 26 opartisk
746 870 99 25 deltagare

98 895 4 19 i
117 895 60 20 dessa
192 896 127 20 kommuners
333 898 109 23 intressen,
459 896 21 20 sä
495 900 54 16 snart
562 896 59 20 dessa
636 897 98 19 intressen
744 896 48 20 råka
802 896 5 19 i
817 896 28 19 in-

96 920 73 22 bördes
185 922 79 20 konflikt
278 923 45 20 med
337 923 121 23 hvarandra;
475 924 82 19 emedan
575 923 37 19 han
630 923 24 19 dä
671 923 65 19 måste
754 923 54 26 ledas
826 923 20 19 af

98 948 34 18 sitt
146 951 50 23 eget,
213 949 88 19 enskilda
315 949 42 19 från
371 950 46 18 dem
431 950 97 19 hvardera
542 949 112 20 oberoende
663 950 94 18 intresse.
787 950 58 19 Ännu

97 977 65 17 större
176 975 37 19 blir
227 975 70 23 vådan,
314 981 32 14 om
361 975 60 20 sådan
436 976 70 19 endast
519 982 70 19 genom
605 976 74 24 egande
693 976 93 24 fastighet
796 976 48 18 eller

97 1001 147 25 rörelsekapital
263 1003 53 18 inom
333 1002 175 19 stadskommunen
525 1002 152 25 röstberättigad
693 1002 86 20 medlem
799 1002 46 20 icke

97 1032 37 14 ens
148 1029 22 17 är
184 1028 85 20 medlem
283 1028 20 20 af
315 1034 76 14 samma
405 1028 90 26 politiska
510 1028 91 20 samfund
616 1029 46 20 med
675 1028 26 21 de
715 1028 5 20 i
730 1028 69 21 staden
808 1028 37 20 bo-

98 1056 59 17 satte.

150 1092 43 19 Med
209 1092 37 20 den
260 1093 136 19 omredaktion
410 1094 22 19 af
443 1099 61 15 mom.
520 1095 11 18 2
547 1094 4 18 i
565 1094 39 19 den
623 1094 129 19 förevarande
769 1094 75 25 Nädiga

97 1118 158 25 propositionen,
274 1122 28 16 att
319 1120 33 19 det
369 1120 81 19 komme
467 1123 27 17 att
510 1120 55 26 lyda:
588 1120 42 20 «de
650 1121 23 18 af
689 1120 155 20 kommunens

98 1145 154 19 medlemmar
261 1146 80 19 hvilka
352 1146 60 19 inom
421 1147 134 19 densamma
564 1147 94 19 bosatte
668 1148 39 18 äro
717 1148 43 18 och
772 1147 72 19 Finsk

98 1171 206 26 medborgarerätt
323 1171 101 25 åtnjuta,
447 1174 39 18 äro
506 1172 151 26 berättigade
677 1175 33 17 att
726 1173 5 19 i
746 1172 99 20 stadens

97 1198 201 24 angelägenheter
314 1198 62 19 talan
394 1199 75 23 föra»,
489 1199 115 25 samtycker
621 1199 38 19 och
676 1199 76 19 bifaller
768 1198 32 26 jag
817 1200 26 18 till

98 1223 34 19 det
146 1224 20 18 af
179 1224 156 21 Bondeståndets
350 1228 51 16 samt
415 1225 156 25 Ridderskapets
585 1226 40 18 och
639 1225 74 19 Adelns
723 1225 123 25 deputerade

97 1248 69 26 gjorda
180 1250 93 26 förslaget
286 1251 26 19 till
327 1251 123 25 omställning
464 1252 20 19 af
495 1257 60 14 mom.
573 1252 18 23 1,
608 1252 82 19 emedan
704 1251 53 19 detta
772 1252 74 24 förslag

98 1276 81 19 framför
193 1276 37 20 den
245 1276 74 26 Nådiga
333 1278 156 24 propositionens
504 1278 77 24 ordalag
595 1278 103 18 äfvensom
712 1278 81 19 framför
806 1278 38 18 den

98 1302 20 19 af
129 1303 82 18 Presta-
226 1303 37 19 och
280 1303 179 24 Borgareståndens
476 1304 121 24 deputerade
613 1304 75 24 yrkade
706 1304 137 23 förändringen

98 1328 20 18 af
130 1328 103 19 desamma
248 1330 35 18 har
297 1329 33 19 det
344 1328 86 26 afgjorda
446 1330 106 22 företräde,
571 1332 29 16 att
614 1329 58 19 äfven
686 1330 34 24 de,
740 1334 50 14 som
808 1334 35 14 en-

98 1353 52 19 dast
164 1354 4 18 i
184 1354 62 25 grund
260 1356 21 18 af
293 1355 77 24 egande
384 1355 91 25 fastighet
489 1356 48 19 eller
551 1355 147 25 rörelsekapital
713 1356 5 18 i
733 1355 69 19 staden
815 1355 28 19 in-

98 1383 88 17 tressera
201 1380 5 20 i
220 1380 47 20 dess
282 1381 142 26 samhällighet,
440 1381 79 20 komma
533 1384 28 17 att
575 1381 148 20 sammanfattas
737 1381 63 20 under
809 1382 35 19 be-

99 1410 84 23 greppet
200 1407 156 21 kommunens
372 1408 162 26 medlemmar,
552 1408 128 20 hvarförutan
698 1408 24 21 de
740 1408 103 25 rimligtvis

99 1433 45 20 icke
158 1434 65 20 kunde
237 1435 130 20 underkastas
382 1434 61 27 någon
457 1435 96 26 taxering,
569 1438 24 17 än
607 1435 76 20 mindre
697 1435 59 20 hafva
770 1437 28 18 att
807 1435 37 20 till-
