1009 1692
190 152 44 19 1014
336 175 2 3 N
405 152 71 22 Nädiga
488 152 138 22 Propositionen
642 152 33 17 N:o
689 152 28 17 31.

189 201 116 21 meddelade
319 202 174 24 kostnadsförslag,
505 201 81 26 beviljat
600 200 82 25 följande
696 201 72 25 anslag,
781 200 105 26 nemligen:
904 202 28 17 för

190 234 24 14 en
229 228 70 26 fyrbåk
319 228 25 26 pä
362 228 94 20 Skälskär
478 228 32 19 vid
530 234 58 13 norra
607 228 86 25 inloppet
712 227 27 19 till
762 227 57 19 södra
838 228 94 22 Ovarken

190 255 84 25 139,941
291 255 65 24 mark;
373 255 29 19 för
416 257 28 17 ett
459 255 97 25 fyrfartyg
570 255 32 19 vid
619 254 33 20 det
669 254 54 18 inom
738 259 59 14 norra
810 254 100 24 Ovarken,
927 253 5 19 i

189 282 95 19 närheten
306 282 19 19 af
338 282 127 24 Wallsbarne,
487 282 81 23 belägna
589 280 213 26 unlervattenserund,
826 280 108 20 benämndt

189 308 80 25 Snipan,
286 308 72 25 72,400
373 308 66 23 mark;
456 308 28 18 för
499 314 24 12 en
538 307 70 27 fyrbåk
623 307 30 19 vid
664 306 147 26 Wargögaddar
826 306 56 20 söder
899 312 33 14 om

188 334 86 26 inloppet
284 336 24 19 till
320 335 98 25 sistsagde
428 334 30 20 del
470 335 20 19 af
498 335 93 23 Ovarken
602 334 86 24 145,108
699 334 66 23 mark;
778 334 28 19 för
821 339 24 13 en
860 332 73 27 fyrbåk

190 361 24 26 pä
228 360 120 26 Marjaniemi
363 361 51 20 udde
429 361 32 20 vid
475 361 86 25 inloppet
582 361 26 19 till
624 360 96 25 Uleäborg
735 361 73 24 76,799
822 360 58 19 mark
894 360 40 20 och

189 388 30 20 för
232 394 25 14 en
271 388 52 26 dylik
334 388 105 26 inrättning
453 387 24 26 pä
488 388 101 20 Säbbskär
603 387 77 19 utanför
692 387 58 19 Räfsö
765 388 59 18 hamn
839 386 31 20 vid
880 386 53 26 Björ-

189 414 75 26 noborg
279 415 72 24 84,872
367 414 65 24 mark;
454 415 28 19 för
498 421 24 12 en
537 414 71 26 fyrbäk
628 414 10 19 ä
655 414 99 19 Uikokalla
772 414 65 24 klippa
857 414 77 19 utanför

189 440 89 26 Kalajoki
292 442 85 19 sockens
392 442 47 18 kust
453 441 73 25 63,632
541 441 63 25 mark,
622 440 28 20 för
664 443 28 17 ett
709 440 95 26 fyrfartyg
819 440 33 19 vid
866 440 68 25 Taipa-

189 468 86 20 lenluoto
290 468 63 26 grund
367 468 5 18 i
387 468 76 25 Ladoga
478 467 29 25 sjö
517 468 73 22 41,600
606 467 56 19 mark
677 470 51 17 samt
743 467 29 19 för
787 472 24 14 en
826 466 71 26 fyrbäk
908 466 24 26 pä

189 494 131 26 Skälgrundet
334 494 76 20 utanför
424 494 66 20 Kaskö
509 494 42 20 slad
569 494 73 24 78,538
656 494 56 20 mark
733 494 46 19 eller
799 493 28 19 för
842 494 36 19 alla
893 494 40 25 fyr-

189 520 151 26 inrättningarne
360 521 128 19 tillsammans
504 522 85 22 702,890
604 520 66 24 mark;
694 520 37 20 och
745 520 62 19 borde
827 520 59 19 dessa
904 520 30 19 för

190 546 106 25 sjöfartens
310 547 134 25 betryggande
458 546 23 20 sä
497 547 71 25 vigtisa
582 547 94 19 anstalter
690 547 75 19 utföras
780 547 5 18 i
799 546 37 19 Jen
852 546 81 26 ordning

189 573 25 19 de
227 580 27 13 nu
269 573 63 20 blifvit
347 573 135 25 uppräknade.

242 600 123 19 Beträffande
378 600 80 20 dernäst
479 599 67 27 frågan
561 600 51 18 huru
626 599 44 25 den,
693 599 133 25 förnämligast
841 598 92 25 jordbru-

188 626 35 20 ket
237 626 22 20 så
269 626 147 26 nedtryckande
426 626 74 20 bristen
514 626 24 26 på
549 627 120 24 beqvämare
679 626 191 19 kommunikationer
880 626 54 18 inom

189 653 65 19 landet
268 653 112 25 lämpligast
398 652 66 21 kunde
479 653 103 25 afhjelpas,
604 653 57 19 hafva
679 652 105 20 ständerne
804 652 45 19 icke
866 652 68 20 tvekat

188 681 30 18 att
226 680 99 26 tillstyrka
334 680 34 19 det
378 679 70 20 sådant
459 679 61 20 måtte
531 680 37 19 ske
578 684 70 20 genom
657 678 105 26 jernvägar
774 679 6 19 i
790 678 87 26 förening
887 678 46 20 med

190 706 78 19 kanaler
286 706 82 20 emellan
385 706 76 20 landets
476 706 43 19 inre
535 706 119 25 vattendrag.
683 706 33 20 Till
731 706 25 19 de
769 706 63 25 giltiga
847 706 38 19 och
901 706 31 19 väl

189 732 100 26 grundade
304 733 48 23 skäl,
369 732 61 20 hvarå
447 738 23 14 en
488 732 62 20 sådan
566 732 50 26 åsigt
633 733 26 19 uti
678 732 37 20 den
732 731 68 27 nådiga
817 732 117 26 propositio-

190 764 39 14 nen
246 759 63 20 blifvit
323 759 63 25 stödd,
405 759 58 20 hafva
478 759 106 19 ständerne
598 758 17 26 ej
630 758 58 26 något
702 759 148 25 hufvudsakligt
864 761 27 17 att
905 758 29 20 til-

190 786 60 25 lägga,
266 791 45 14 men
325 785 80 26 utbedja
420 786 29 26 sig
465 786 58 20 likväl
540 785 18 20 få
572 785 140 26 underdånigst
730 785 107 25 frambålla,
855 786 79 19 hurule-

190 812 35 20 des
239 812 80 20 kanaler
328 812 141 20 företrädesvis
478 814 34 18 äro
523 812 97 26 gagneliga
631 812 29 19 för
670 812 152 20 framskaffande
832 813 20 18 af
864 812 70 25 skogs-

189 839 66 23 alster,
273 840 103 18 hvaremot
392 838 104 25 jernvägar
511 845 53 13 mera
580 844 49 20 egna
644 839 29 24 sig
690 839 28 18 för
733 840 100 23 transport
847 839 21 18 af
879 837 55 26 jord-

189 865 91 24 brukets,
296 865 186 25 boskapsskötselns
497 866 38 18 och
550 865 105 20 industrins
669 865 116 25 produkter.
809 864 27 20 Då
851 865 83 24 skogar-

188 897 36 14 nes
238 892 109 24 afkastning
361 891 124 26 småningom
498 891 96 24 minskas,
616 897 45 14 men
674 891 128 25 jordbrukets
820 892 39 18 och
876 891 57 20 indu-

189 919 61 18 strins
270 919 62 18 alster
346 918 4 19 i
365 918 103 20 framtiden
489 918 79 19 komma
589 920 28 17 att
637 917 127 26 mångfaldigt
784 918 85 25 förökas,
885 918 47 19 böra

188 943 135 27 jernvägarne,
336 945 45 19 med
394 945 72 19 fästadt
476 945 95 19 afseende
582 944 23 25 på
621 945 115 19 framtidens
751 945 64 24 behof,
832 945 59 19 äfven
904 945 29 18 för

190 970 61 21 sådan
268 971 60 20 orsak
348 971 112 26 föredragas
478 971 80 20 framför
579 971 111 25 kanalerna,
710 971 64 19 hvilka
788 971 104 20 dessutom
906 969 25 26 ej,

189 997 5 19 i
209 997 61 20 likhet
284 998 45 19 med
344 998 23 19 de
382 998 58 25 förra,
456 998 65 19 kunna
542 998 101 19 framkalla
660 1003 24 14 en
699 997 80 26 lifligare
798 997 133 26 persontrafik

189 1027 52 17 samt
254 1023 96 26 befrämja
366 1024 38 20 den
426 1025 63 19 större
510 1024 133 19 vexelverkan
662 1024 83 20 emellan
768 1024 163 26 medborgarene,

190 1056 44 14 som
248 1052 21 18 är
283 1053 29 17 ett
326 1051 146 26 hufvudsakligt
490 1051 61 20 vilkor
568 1051 29 19 för
611 1051 25 19 all
650 1051 93 25 bildning.

242 1077 24 19 Af
279 1077 25 20 de
318 1079 64 18 större
396 1078 84 24 kanaler,
497 1083 45 14 som
556 1077 5 18 i
575 1077 39 19 den
629 1076 69 27 nådiga
711 1077 146 25 propositionen
870 1077 62 20 finnas

190 1104 126 24 omnämnda,
335 1104 37 19 kan
388 1104 97 24 föröfrigt,
504 1104 61 24 enligt
582 1103 116 20 ständernes
714 1103 69 25 tanke,
802 1104 70 19 endast
886 1103 45 26 den,

189 1130 128 25 hvarigenom
336 1129 117 20 förbindelse
472 1130 84 19 emellan
573 1129 43 25 sjön
632 1129 78 25 Päijäne
730 1130 37 19 och
783 1130 67 19 hafvet
869 1129 61 25 afses,

187 1156 60 19 blifva
264 1155 81 20 föremål
360 1156 29 19 för
403 1155 63 26 någon
480 1156 184 25 uppmärksamhet.
695 1156 113 19 Kostnaden
824 1157 30 18 för
870 1156 62 19 denna

188 1182 57 19 kanal
260 1182 81 25 uppgår,
357 1183 59 24 enligt
429 1183 114 24 upprättadt
556 1183 80 24 förslag,
652 1183 25 19 till
691 1183 111 23 9,040,000
813 1182 63 24 mark;
888 1188 45 14 men

188 1208 22 19 af
221 1208 113 25 handlingar
349 1208 82 20 rörande
448 1215 25 13 en
491 1209 61 19 under
567 1209 83 19 sistlidet
664 1207 21 20 år
700 1209 100 19 verkstäld
816 1209 118 25 granskning

188 1235 22 18 af
228 1235 93 24 förslaget
336 1235 57 18 hafva
407 1235 105 18 ständerne
526 1235 101 23 inhemtat,
644 1237 28 15 att
686 1235 136 24 anläggningen
839 1234 25 25 pä
884 1235 49 23 gilti-

189 1265 24 19 ga
231 1259 44 20 skäl
295 1262 75 17 ansetts
390 1260 88 19 erfordra
498 1262 29 17 ett
545 1259 113 26 ytterligare
678 1260 79 19 tillskott
774 1260 20 19 af
815 1260 117 19 åtminstone

189 1286 87 24 960,000
292 1286 63 19 mark.
388 1285 28 19 Då
430 1285 63 20 dertill
511 1285 91 20 kommer
616 1288 27 17 att
656 1286 82 19 kanalen
753 1286 63 19 blifvit
832 1286 98 20 beräknad

190 1311 69 20 endast
277 1312 26 20 till
319 1318 35 13 sex
372 1312 38 19 fots
427 1311 47 27 djup
491 1313 46 19 med
555 1313 75 19 slussar
646 1313 30 18 för
696 1313 39 19 fem
760 1314 27 17 fot
807 1312 124 26 djupgående

189 1338 105 25 farkoster,
309 1338 64 20 måste
388 1338 47 20 dess
448 1339 120 26 utvidgande
582 1339 26 19 till
622 1338 73 21 sädane
708 1339 131 20 dimessioner
856 1342 28 17 att
897 1339 33 20 nä-

188 1367 34 23 got
236 1365 83 25 verkligt
333 1371 49 20 gagn
397 1365 57 20 deraf
467 1371 49 14 vore
530 1368 28 17 att
571 1366 109 25 förväntas,
695 1366 90 26 medtaga
799 1367 51 18 ännu
867 1367 65 18 större

189 1392 84 19 kostnad
288 1393 38 18 och
341 1394 52 22 enär,
412 1392 6 19 i
435 1393 98 18 anseende
549 1393 26 19 till
593 1392 68 20 liniens
679 1393 67 25 längd,
765 1393 106 25 utgörande
888 1398 44 14 mer

189 1419 25 18 än
223 1418 26 19 tio
259 1419 39 23 mil,
310 1420 52 18 samt
371 1418 39 20 den
420 1418 75 19 mindre
506 1418 72 20 vidden
588 1419 20 18 af
615 1417 77 26 Päijäne
703 1419 121 26 vattendrag,
835 1420 21 19 af
864 1420 67 19 nämn-

190 1444 25 20 de
229 1444 178 20 kommunikations
420 1445 72 19 anstalt
506 1445 43 19 icke
563 1445 38 19 kan
616 1446 69 19 väntas
698 1445 22 20 så
735 1445 124 25 fördelaktigt
869 1446 63 19 resul-
