1023 1684
298 151 71 23 Nådiga
381 153 141 22 Propositionen
534 153 36 17 N:o
583 154 28 16 38.
786 152 43 19 1193

80 201 68 26 fogde,
164 202 109 24 Länsman,
291 201 77 20 Lands-
388 202 37 19 och
445 202 128 25 Stadsfiskal,
599 202 49 19 Bro-
671 202 38 19 och
730 202 96 25 Skallfog-

84 227 35 26 de,
138 227 139 20 Polismästare
293 228 38 19 och
346 227 138 26 Polisbetjent,
500 228 132 20 Ecklesiastik
648 229 39 18 och
703 227 124 21 Skolstatens

80 254 87 19 embets-
182 255 46 18 eller
243 253 124 25 tjenstemän,
383 253 150 26 Kyrkobeljent,
549 254 174 25 Folkskolelärare,
741 255 85 19 Domare

81 280 10 19 ä
108 281 73 23 landet,
200 281 117 19 Tullstatens
334 280 125 19 embetsmän
477 282 38 18 och
533 279 95 26 betjente,
647 280 82 25 Läkare,
748 281 26 19 Je
790 281 36 20 der

81 306 112 19 handhafva
208 305 102 26 sjukvård,
326 306 22 19 sä
363 307 39 18 ock
415 307 38 18 alle
466 307 62 19 andre
543 307 89 19 embets-
646 307 39 18 och
699 305 125 27 tjenstemän,

80 332 67 20 hvilka
164 332 5 19 i
187 331 45 25 följd
250 333 20 18 af
286 332 117 21 ombetrodd
421 333 75 25 syssla,
514 333 64 19 kunna
595 333 80 19 komma
689 335 29 17 att
731 333 75 25 deltaga
821 334 6 18 i

81 359 66 20 beslut
161 364 33 13 om
209 358 219 25 bränvinstillverkning
444 359 47 20 eller
505 360 48 19 böra
567 359 116 20 densamma
697 359 114 20 öfvervaka.

432 412 10 25 $
454 397 21 45 7.

135 455 55 20 Efter
204 456 65 19 slutad
283 456 80 19 auktion
377 456 81 19 insände
473 457 139 25 Länestyrelse
626 456 69 20 dervid
712 457 56 20 förda
782 463 44 20 pro-

79 482 61 20 tokoll
156 483 37 18 och
208 482 110 20 inlemnade
332 482 113 25 handlingar
459 483 27 19 till
500 483 97 19 Senatens
614 483 214 26 Ekonomie-Departe-

81 512 60 21 ment,
158 508 10 20 å
184 509 62 19 hvars
261 509 89 25 pröfning
363 509 117 20 ankommer
494 511 28 18 att
535 509 103 26 godkänna
651 509 26 20 de
690 509 74 20 skedda
781 511 49 25 hög-

80 538 32 17 sta
125 535 99 25 anbuden,
240 536 47 19 eller
302 535 67 20 derest
383 535 45 20 med
443 537 78 25 hänsyn
535 535 26 21 till
576 535 60 20 dessa
650 535 74 20 sådana
739 539 88 18 omstän-

80 561 90 26 digheter
184 562 64 19 skulle
262 562 29 26 sig
305 562 68 25 förete,
385 567 45 14 som
439 568 49 14 vore
499 562 100 20 stridande
608 565 42 17 mot
658 562 112 21 ändamålet
779 563 46 20 med

81 589 63 20 denna
158 589 120 25 författning,
294 588 91 20 förordna
400 589 25 19 till
441 595 27 20 ny
482 589 79 20 auktion
575 589 48 19 eller
640 591 69 23 antaga
726 589 54 26 lägre
795 595 33 14 an-

79 615 51 24 bud,
150 614 66 20 hvilka
234 615 78 19 derföre
328 614 73 26 jemväl
420 615 54 19 skola
495 615 5 19 i
521 615 210 25 auktionsprotokollet
752 615 74 26 inflyta,

80 641 102 19 hvarefter
200 640 92 20 kontrakt
309 640 46 20 med
372 641 56 23 dem,
448 642 78 19 hvilkas
546 642 65 19 anbud
628 641 63 27 blifvit
711 642 115 26 fastställda,

83 668 57 19 skola
154 672 74 20 genom
242 667 163 27 Länestyrelsens
421 668 75 26 försorg
506 668 94 20 utfärdas.
629 668 103 20 Likaledes
741 668 88 20 bestäm-

82 699 34 14 me
129 694 60 25 sagde
204 694 150 25 Departement,
372 694 5 19 i
395 694 95 20 händelse
507 694 52 20 inom
575 693 58 27 något
650 695 29 19 län
696 694 133 20 bränvinstill-

82 720 98 25 verkning
195 720 45 20 icke
254 720 115 26 öfvertagits
384 721 47 19 eller
446 721 50 19 blott
509 726 25 14 en
545 720 29 21 del
584 721 21 19 af
613 722 62 18 länets
684 720 145 26 tillverknings-

80 746 73 26 belopp
167 746 63 21 blifvit
244 746 80 26 inropad
339 748 45 24 och,
400 747 25 25 på
440 748 126 19 omförmälte
579 748 40 19 sätt
632 746 79 26 aflåten;
729 747 99 21 huruvida

81 772 83 22 sålunda
178 773 128 21 återstående
319 774 94 24 rättighet
427 773 41 26 må,
485 774 5 19 i
508 773 98 21 anseende
624 774 25 19 till
667 774 162 25 förekommande

82 800 95 20 särskilda
196 800 51 25 skäl,
266 800 109 26 medgifvas
393 801 26 19 till
439 801 126 25 begagnande
582 800 52 20 inom
651 803 58 17 annat
729 801 31 19 län
782 801 47 20 eller

82 827 37 20 ock
134 825 96 28 indragas.

434 881 10 24 $
458 882 19 19 8.

136 925 119 20 Tillverkare
270 930 84 14 ansvare
369 925 29 19 för
412 925 106 20 utöfvande
532 925 20 19 af
565 915 111 36 dymedelst
690 924 86 21 erhållen
791 926 39 18 rät-

83 952 61 25 tighet
158 952 38 19 och
211 957 36 20 ege
260 951 19 25 ej
294 951 117 20 densamma
425 951 11 20 å
446 957 63 14 annan
519 951 96 20 öfverlåta
625 952 56 19 innan
691 951 86 20 tillstånd
784 951 47 28 der-

84 978 34 25 till,
134 977 26 26 på
175 978 63 20 skedd
252 978 114 25 ansökning,
376 977 64 20 blifvit
449 979 21 18 af
478 977 90 20 bemälde
577 978 141 25 Departement
728 977 101 25 beviljadt.

434 1031 10 25 $
458 1032 20 19 9.

136 1074 8 20 I
158 1072 68 26 hvarje
240 1073 90 21 bränneri
344 1074 47 20 skall
408 1074 60 19 under
484 1073 106 27 påstående
605 1073 223 26 bränvinstillverkning

82 1101 66 20 finnas
161 1106 25 14 en
200 1100 130 26 sprithållare,
347 1100 27 20 uti
389 1100 79 20 hvilken
482 1100 81 26 spriten,
580 1100 104 20 bränvinet
694 1101 47 19 eller
751 1100 78 25 lanken,

84 1133 71 19 genom
170 1129 27 17 ett
212 1128 31 18 rör
258 1126 42 20 från
314 1126 117 30 imkylaren,
447 1127 164 25 omedelbarligen
625 1127 81 19 inledes.
735 1126 96 26 Sprithäl-

84 1156 54 18 laren
152 1153 88 19 förvaras
255 1154 27 18 uti
297 1153 99 25 särskildt,
413 1153 67 20 säkert
494 1153 89 20 tillslutet
596 1159 51 13 rum.
676 1154 42 18 Den
733 1153 36 19 bör
784 1158 48 15 vara

84 1180 116 25 fullkomligt
213 1181 34 23 tät,
264 1180 56 19 enkel
336 1179 37 19 och
387 1179 114 25 fristående,
518 1178 21 21 så
555 1182 37 22 att,
608 1185 72 20 genom
695 1179 111 26 besigtning
820 1179 10 19 å

84 1206 48 20 dess
148 1207 68 19 botten
234 1207 37 18 och
289 1204 63 26 sidor,
372 1206 109 25 osvikligen
496 1206 37 19 kan
548 1206 79 20 utrönas
641 1208 28 17 att
683 1206 73 25 hemlig
770 1205 61 21 afled-

85 1233 45 25 ning
145 1232 17 25 ej
177 1232 113 25 förefinnes,
307 1234 52 17 samt
373 1232 29 20 för
416 1233 58 24 öfrigt
487 1233 21 19 af
521 1233 38 19 den
574 1232 75 20 storlek
666 1235 29 16 att
711 1232 42 20 deri
773 1232 59 19 minst

84 1260 110 25 inrymmes
210 1258 63 25 möjlig
287 1258 123 26 tillverkning
425 1258 63 20 under
505 1261 28 16 ett
547 1258 62 26 dygn,
628 1259 104 18 äfvensom
747 1258 84 20 inrättad

86 1285 45 20 med
146 1288 28 16 ett
188 1286 36 18 tätt
238 1284 89 20 slutande
341 1284 50 25 lock,
408 1285 61 19 hvars
484 1284 101 26 öppnande
603 1285 38 19 kan
655 1285 45 19 med
718 1284 115 26 tillförlitligt

86 1311 30 19 lås
130 1311 118 19 förhindras.
277 1310 67 24 Någon
359 1316 62 13 annan
436 1311 96 25 afledning
551 1311 30 17 för
602 1311 57 24 sprit,
682 1310 82 19 bränvin
786 1310 48 19 eller

86 1337 44 19 lank
144 1336 43 20 från
200 1336 116 24 imkylaren,
333 1338 24 17 än
371 1342 71 20 genom
455 1336 143 20 ofvanberörde
611 1336 26 19 till
653 1336 137 24 sprithållaren
800 1336 32 25 gå-

88 1363 50 20 ende
156 1364 42 22 rör,
216 1362 71 20 tillåtes
304 1362 53 23 icke;
374 1362 37 20 och
425 1362 50 20 skall
490 1363 53 19 detta
557 1363 42 24 rör,
618 1362 62 20 hvarå
695 1365 28 17 ett
737 1362 48 20 eller
800 1361 32 20 två

87 1388 173 28 upprättstående,
279 1388 117 21 åtminstone
413 1390 74 19 femton
505 1392 43 16 tum
570 1389 49 25 höga
640 1390 39 18 och
700 1389 26 20 till
741 1389 94 19 bränvins

89 1416 111 26 uttömning
214 1416 138 31 obegagneliga
367 1415 93 27 luftpipor
476 1418 52 17 samt
541 1421 24 14 en
583 1415 85 21 såkallad
681 1416 57 26 lyktä
755 1416 34 20 mä
802 1422 34 13 an-

90 1444 86 26 bringas,
193 1443 80 20 inrättas
288 1442 21 21 sä
326 1443 103 25 ätkomligt
444 1443 29 19 för
487 1442 117 26 besigtning,
621 1445 27 17 att
663 1443 83 25 hemliga
756 1442 80 27 öppnin-

766 1475 32 18 75*
