1003 1695
292 143 71 22 Nådiga
374 145 138 23 Propositionen
526 147 35 17 N:o
573 147 28 18 26.
785 149 32 19 627

416 195 10 25 $
440 195 32 20 36.

84 252 2 2 +.
128 229 67 30 Yppäs
217 229 38 21 hos
263 229 247 31 kommunalfullmäktige
530 233 134 27 skiljaktighet
683 235 4 19 i
707 237 106 25 meningar,

69 250 59 40 skall
141 261 62 24 öppen
216 258 123 25 omröstning
351 259 99 26 anställas,
466 261 38 18 och
519 266 36 20 ege
564 260 68 26 hvarje
646 261 87 21 ledamot
745 262 70 21 Jervid

73 286 24 15 en
111 285 49 16 röst.
189 283 41 19 Har
242 284 103 20 röstetalet
358 285 29 19 för
408 286 49 19 olika
471 287 101 25 meningar
592 288 70 19 utfallit
678 287 45 26 lika,
745 288 70 21 blifver

73 307 37 30 den
125 313 78 22 mening
217 309 139 30 fullmäktiges
375 311 72 26 beslut,
463 318 44 14 som
529 313 128 20 ordföranden
678 313 99 22 bidräder.
806 315 8 20 1

72 335 58 30 öfrigt
143 335 56 30 gälle,
216 341 5 13 i
235 337 96 20 afseende
345 337 10 20 å
369 338 235 27 kommunalfullmäktige
617 341 37 19 och
668 339 59 22 deras
741 342 72 25 beslut,

73 367 4 13 i
92 361 111 27 tillämpliga
223 363 56 20 delar
299 363 26 21 till
343 364 132 21 efterrättelse
494 366 53 20 hvad
568 366 29 20 för
616 367 198 21 kommunalstämma

71 388 91 26 stadgadt
176 390 28 19 är.

412 444 11 25 $
437 445 31 19 37.

125 478 252 29 Kommunalfullmäktiges
385 482 66 20 beslut
465 483 54 26 skall,
534 484 1 19 i
549 484 85 20 ärender
642 490 43 14 som
701 484 48 26 angä
759 485 55 20 kom-

71 509 73 16 munen
159 506 99 26 samfäldt,
275 508 27 20 till
317 508 159 21 vederbörandes
485 510 111 20 kännedom
610 512 4 18 i
624 511 130 21 kommunens
767 512 47 26 kyr-

70 532 30 20 ka
110 532 51 20 eller
173 533 76 26 kyrkor
259 534 115 26 kungöras,
391 536 37 19 och
442 536 25 20 då
487 537 32 20 det
534 538 56 19 rörer
602 537 62 26 någon
684 537 129 21 frånvarande

70 564 73 20 person
157 560 92 26 enskilt,
265 562 73 19 honom
353 562 94 26 delgifvas
457 569 72 20 genom
542 564 70 26 utdrag
621 570 23 13 ur
659 564 153 21 kommunalfull-

71 586 103 30 mäktiges
183 588 104 25 protokoll,
299 591 52 17 samt
364 588 5 19 i
383 589 97 21 hvardera
493 590 53 20 fallet
560 591 102 25 anvisning
671 591 26 19 till
712 592 100 25 ändrings-

69 612 87 20 sökande
170 618 5 14 i
189 613 88 21 beslutet
292 614 97 26 derjemte
406 616 107 27 meddelas,
532 616 25 26 pä
573 618 38 19 sätt
627 617 6 19 i
647 617 10 25 $
670 618 25 19 27
708 608 58 40 sagdt
778 620 30 18 är.

410 668 10 26 $
435 670 32 19 38.

122 704 46 20 Icke
183 705 39 19 förr
237 708 25 17 än
276 706 77 20 fem-är
367 706 80 21 förflutit
461 708 60 20 sedan
536 708 275 26 kommunalfullmäktigskap

57 749 3 1 -
68 729 65 21 blifvit
147 731 76 25 infördt,
240 732 33 20 mä
288 733 71 25 förslag
374 739 32 14 om
419 734 48 20 dess
483 734 120 20 afskaffande
616 736 6 18 i
636 734 174 21 kommunalstäm-

68 762 33 14 ma
114 760 103 23 upptagas.
247 758 86 20 Säframt
347 759 69 21 sädant
429 760 73 26 förslag
515 760 47 20 skall
577 761 66 19 kunna
658 767 58 14 anses
731 767 47 14 vara
791 761 21 19 af

68 785 99 19 stämman
188 784 79 27 bifallet,
283 786 101 20 erfordras
404 786 38 20 lika
456 788 90 24 pluralitö
567 792 43 14 som
630 788 5 18 i
650 788 10 24 $
678 788 25 19 30
721 788 89 26 stadgadt

67 812 32 22 är;
115 810 38 20 och
168 811 35 20 bör
218 812 5 19 i
237 813 22 25 ty
273 812 32 20 fall
319 812 86 20 beslutet
418 814 101 20 meddelas
532 814 136 21 Guvernören.

397 881 13 21 4
425 882 54 26 Kap.

328 931 31 19 Om
368 931 179 20 kommunalnämnä.

409 973 10 25 $
434 973 31 20 39.
486 983 20 4 —

120 1011 8 20 I
142 1009 69 27 hvarje
225 1010 24 27 pä
264 1011 65 20 landet
343 1011 65 20 bildad
424 1012 95 19 kommun
535 1011 49 20 skall
599 1011 63 20 finnas
679 1018 24 14 en
718 1012 90 20 kommu-

67 1037 111 20 nalnämnd.
206 1037 33 20 Till
254 1037 47 20 dess
315 1038 118 25 befogenhet
449 1039 60 18 hörer
523 1041 38 17 att:
579 1037 19 26 a)
613 1038 25 19 till
653 1039 136 25 föredragning
803 1039 6 19 i

66 1063 200 21 kommunalstämma
279 1064 73 20 bereda
366 1064 25 20 de
404 1064 72 26 frågor,
495 1071 44 13 som
553 1065 21 19 af
589 1065 96 20 nämnden
702 1065 65 20 kunna
781 1065 27 20 till

66 1091 145 26 Ofverläggning
225 1091 104 20 derstädes
343 1090 121 27 hänskjutas,
481 1093 37 19 och
532 1092 70 24 afgifva
617 1091 110 20 infordrade
740 1092 70 19 betän-

66 1117 77 21 kanden
157 1118 27 19 uti
199 1118 121 20 kommunen
335 1118 82 20 rörande
426 1118 173 26 angelägenheter;
614 1118 21 25 b)
650 1118 111 20 handhafva
773 1118 36 20 fat-

66 1144 104 25 tigvården
184 1144 52 20 inom
250 1144 121 20 kommunen
381 1145 37 19 och
432 1150 72 22 genom
514 1144 41 20 sina
569 1144 114 25 ledamöter,
695 1144 50 20 hvar
759 1144 3 19 i
770 1144 38 20 sitt

66 1170 87 26 distrikt,
164 1171 59 19 hafva
237 1171 66 26 tillsyn
314 1171 56 19 öfver
384 1171 25 19 de
422 1171 184 25 hjelpbehöfvande,
623 1170 83 20 såframt
720 1169 18 27 ej
752 1171 57 19 kom-

66 1198 153 19 munalstämma
233 1198 88 20 besluter
335 1200 28 17 att
372 1197 100 26 uppdraga
484 1197 130 25 fattigvården
623 1196 20 20 åt
652 1197 84 20 särskild
746 1198 63 25 fattig-

66 1223 159 27 vårdsstyrelse;
241 1224 18 25 c)
271 1224 55 20 öfver
335 1223 133 21 helsovården
478 1224 5 19 i
493 1225 121 19 kommunen
624 1224 67 19 utöfva
701 1223 62 20 sådan
771 1224 38 28 till-

66 1256 38 20 syn
118 1256 44 15 som
176 1251 6 19 i
196 1250 9 25 $
219 1251 26 19 40
260 1251 68 19 vidare
342 1252 67 23 säges;
431 1251 20 24 d)
466 1251 68 19 derest
554 1250 111 20 smittosam
685 1250 48 20 eller
750 1250 58 24 eljest

66 1277 77 25 ovanlig
156 1276 182 26 boskapssjukdom
354 1276 53 20 inom
423 1277 121 20 kommunen
563 1281 70 21 yppas,
650 1276 69 20 derom
735 1275 73 26 skynd-

67 1306 53 17 samt
133 1303 90 20 meddela
237 1303 192 20 Kronolänsmannen
446 1303 153 23 underrättelse;
622 1303 18 24 e)
656 1302 82 19 såframt
752 1302 56 19 kom-

67 1329 152 20 munalstämma
233 1329 70 20 sådant
315 1329 89 24 uppdrag
417 1329 79 24 lemnat,
507 1329 47 18 med
564 1330 109 17 stämmans
686 1330 39 17 rätt
739 1328 69 24 pröfva

66 1357 39 18 och
118 1355 77 20 besluta
208 1355 99 19 huruvida
323 1354 44 20 från
384 1360 62 14 annan
464 1357 30 17 ort
511 1355 26 18 till
558 1354 121 19 kommunen
695 1353 114 29 inflyttande

66 1387 72 20 person
152 1381 40 25 må,
208 1382 5 19 i
227 1381 25 20 de
265 1381 33 20 fall
315 1381 35 20 der
365 1381 37 20 slik
419 1381 89 26 pröfning
522 1380 59 29 enligt
596 1380 87 26 gällande
700 1379 109 30 författnin-

65 1414 35 20 gar
114 1408 118 20 tillkommer
249 1408 120 25 församling,
393 1410 96 23 mottagas
505 1407 47 20 eller
569 1407 53 23 icke;
641 1407 19 29 f)
668 1411 81 25 genom
766 1411 42 14 sina

66 1435 108 21 ledamöter
188 1435 49 20 hvar
252 1435 5 20 i
272 1435 33 20 sitt
314 1435 80 21 distrikt
406 1435 104 20 öfvervara
519 1433 204 26 mantalsskrifningen
737 1438 6 13 i
751 1432 57 20 kom-
