1009 1692
293 136 71 22 Nådiga
375 138 140 23 Propositionen
528 138 36 18 N:o
576 139 28 17 31.
787 139 34 18 989

283 256 160 24 Sammansatta
458 257 67 23 Stats-
541 258 41 22 och
596 259 224 27 Bevillningsutskot-

215 284 43 22 tets
267 284 139 24 betänkande
411 285 39 22 N:o
456 286 12 21 2
477 286 161 28 ianledningaf
646 287 66 22 Hans
723 287 99 28 Kejser-

212 312 57 28 liga
279 313 139 28 Majestäts
428 312 84 30 Nådiga
522 315 138 29 proposition
667 314 37 24 till
715 315 104 24 Finlands

212 340 100 29 Ständer,
328 342 114 28 angående
458 343 78 28 anslag
546 343 37 23 till
596 343 126 23 inrättande
732 336 22 39 af
763 344 57 22 folk-

212 370 84 27 skolor,
312 370 37 22 till
364 371 141 27 anläggande
520 371 25 23 af
552 377 46 23 nya
608 371 211 24 kommunikatoins-

213 399 109 22 anstalter
337 400 56 21 samt
407 399 37 23 till
458 400 113 22 särskilda
586 399 69 23 andra
670 400 150 30 allmännytti-

212 432 30 22 ga
256 427 94 28 företag.

128 474 58 20 Efter
200 474 31 20 det
246 475 63 20 denna
329 474 73 27 Nädiga
423 475 120 25 proposition
563 475 105 25 undergätt
691 475 129 21 föreskrifven

75 500 109 26 beredning
198 501 5 19 i
217 501 224 25 Ekonomie-Ulskottet,
458 508 42 13 som
516 502 42 19 haft
572 502 28 25 sig
614 502 110 26 uppdraget
732 504 29 18 att
770 504 51 19 före-

74 526 39 25 slå,
130 527 65 21 hvilka
210 528 20 18 af
244 528 26 20 de
286 527 142 26 ifrägakomme
446 528 100 26 företagen
566 528 48 20 böra
630 528 72 20 främst
718 528 25 21 till
762 530 59 19 verk-

75 554 99 24 ställighet
187 554 104 20 befordras
306 557 51 18 samt
370 555 69 25 prifva
454 555 130 20 kostnaderna
598 555 30 19 för
637 555 107 25 desamma,
756 558 22 17 är
786 562 34 20 ge-

75 586 47 14 nom
138 581 154 26 Ridderskapets
306 582 38 20 och
358 581 72 20 Adelns
445 584 51 17 samt
511 582 78 20 Presta-
603 582 37 18 ocn
658 581 162 21 Bondeständens

74 607 131 26 likstämmiga
220 608 66 20 beslut
298 609 27 19 till
336 608 145 20 Sammansatta
492 609 63 19 Stats-
566 609 37 19 och
613 608 207 26 Bevillnings-Utskot-

76 636 27 17 tet
118 635 144 19 öfverlemnadt
279 638 27 16 att
322 634 71 26 afgifva
411 635 125 19 betänkande
552 634 100 26 angående
670 637 58 18 sättet
744 635 29 19 för
788 641 33 14 an-

74 660 101 21 skaffande
189 662 21 19 af
221 662 64 20 medel
299 662 27 26 tili
340 661 25 20 de
379 662 68 24 nödiga
460 662 116 24 utgifternas
586 661 136 21 bestridande.
751 662 69 20 Ehuru

75 688 166 25 Borgareständet
258 689 78 19 stadnat
352 688 4 19 i
374 687 34 20 Jet
425 687 108 27 skiljaktiga
551 688 73 25 beslut,
645 690 28 18 att
689 688 38 20 den
748 687 72 27 Näliga

75 714 146 25 propositionen
237 714 61 20 borde
312 715 5 19 i
332 715 29 19 sin
376 714 67 20 helhet
456 714 108 20 behandlas
577 717 123 22 gemensamt
714 715 20 19 af
750 716 68 23 Stats-,

74 740 128 20 Bevillninns-
218 741 37 19 och
273 740 232 26 Ekonomie-Utskotten,
526 742 36 18 har
580 741 102 20 Utskottet
701 741 57 20 deraf
776 742 45 18 icke

76 770 65 16 ansett
156 767 30 25 sig
201 768 125 20 förhindraut,
342 770 28 18 att
385 768 4 18 i
405 768 86 25 enlighet
505 768 45 20 med
564 767 26 21 de
603 768 60 25 öfriga
677 767 100 21 Ständens
791 768 29 19 fö-

74 793 81 20 reskrift
169 796 43 23 taga
226 794 84 20 ärendet
323 794 28 20 uti
365 794 151 25 öfvervägande.

131 820 151 26 Sammantagna
297 821 92 25 beloppet
402 820 21 20 af
434 821 26 19 de
474 821 66 25 anslag
554 820 29 20 för
597 821 4 19 i
616 821 37 20 Jen
666 820 72 26 Nädiga
748 826 72 20 propo-

74 847 45 20 sitio
126 852 38 14 nen
178 847 128 20 omförmälde
319 846 99 26 ändamål,
434 848 64 19 hvilka
513 848 21 19 af
548 847 218 21 Ekonomie-Utskottet
778 847 43 21 blif-

76 874 26 19 vit
109 873 107 21 förordade
225 877 27 17 att
263 875 32 19 vid
305 874 132 20 innevarande
447 875 90 24 landtdag
544 873 84 26 beviljas
636 875 55 26 utgör
699 875 121 24 19,589,162

74 900 58 20 mark
146 901 61 20 finskt
220 904 63 24 mynt.
313 901 8 19 I
335 901 62 20 denna
412 907 78 14 summa
507 900 55 27 ingår
579 901 70 20 främst
667 903 27 17 ett
712 901 23 25 pä
753 904 31 17 tre
797 900 23 21 är

73 927 97 20 fördeladt
176 929 68 24 anslag
252 929 28 18 för
288 928 194 20 folkskoleväsendet
490 929 5 19 i
502 927 66 21 landet
578 928 45 19 med
635 928 66 19 inalles
711 929 108 24 1,170,000

74 955 63 22 mark,
154 955 47 19 eller
216 955 87 24 390,000
318 955 56 19 mark
388 955 29 19 för
432 953 28 20 är.

128 981 37 19 Vid
180 981 33 20 det
226 982 102 19 Utskottet
342 981 147 20 vördsammast
502 981 41 26 gått
556 977 29 35 att
594 981 89 25 'fullgöra
702 981 33 19 det
752 981 69 20 ombe-

74 1007 69 20 trodda
159 1010 115 23 uppdraget,
290 1008 36 19 har
341 1007 101 20 Utskottet
456 1011 64 16 ansett
534 1007 30 25 sig
582 1007 46 20 böra
645 1008 87 19 inhemta
750 1007 71 20 under-

74 1035 81 18 rättelse
174 1039 32 14 om
226 1034 25 19 de
266 1033 103 26 tillgångar
386 1035 132 24 statsverket,
537 1034 29 19 för
582 1034 34 19 det
633 1033 122 20 närvarande
770 1034 50 25 egde

74 1059 110 26 disponibla
199 1063 52 16 samt
265 1060 98 19 huruvida
376 1060 63 25 någon
453 1061 30 19 del
499 1061 21 19 af
532 1060 102 20 desamma
650 1060 67 20 kunde
732 1060 29 19 för
774 1060 25 20 de
814 1060 6 19 i

74 1086 74 25 Nädiga
172 1087 147 24 propositionen
344 1087 80 20 afsedda
444 1087 89 20 ändamål
554 1089 54 23 tagas
628 1087 5 18 i
652 1086 92 26 anspråk.
773 1086 47 20 Päi

76 1112 70 20 sådant
160 1113 92 20 afseende
266 1113 56 26 gjord
338 1113 97 31 förfrågan
449 1114 37 19 har
501 1113 99 20 Utskottet
615 1113 42 19 från
667 1112 109 26 Kejserliga
784 1113 37 20 Se-

74 1142 70 17 natens
159 1139 195 26 Finans-Expedition
364 1140 77 19 erhållit
452 1140 38 19 den
505 1139 125 26 upplysning,
646 1142 28 17 att
682 1140 94 19 kontanta
787 1139 35 20 be-

74 1165 112 26 hållningen
202 1167 4 18 i
221 1167 95 18 allmänna
330 1166 123 19 statsfonden
467 1167 39 19 den
521 1167 22 19 31
559 1166 112 20 December
684 1165 51 21 1863
746 1164 75 26 utgjort

74 1192 110 25 4,459,183
206 1193 56 18 mark
284 1193 24 19 44
327 1192 67 25 penni,
415 1192 80 21 hvilken
516 1192 109 25 behållning
642 1193 64 19 skulle
720 1191 100 20 användas

75 1218 42 20 dels
132 1219 25 20 till
173 1218 141 26 återbetalning
328 1218 20 19 af
361 1221 28 17 ett
404 1219 70 20 hösten
490 1219 50 20 1862
555 1219 20 19 af
588 1219 90 19 Finlands
688 1218 52 19 Bank
750 1220 71 23 uppta-

74 1247 42 22 get,
136 1251 48 13 men
202 1245 113 20 sedermera
332 1245 20 18 af
368 1246 121 19 statsverket
506 1246 110 24 öfvertaget
633 1245 85 19 kreditiv
735 1244 3 19 i
750 1244 69 26 Ryska

75 1271 127 20 Riksbanken
217 1271 10 19 ä
243 1271 108 25 1,600,000
366 1272 56 19 mark
436 1272 42 19 dels
492 1272 26 19 till
534 1271 121 20 betäckande
665 1272 21 18 af
695 1270 125 20 förefallande

76 1297 130 26 statsutgifter
220 1297 61 20 under
295 1297 131 20 innevarande
440 1297 84 25 gvartal,
539 1297 27 20 till
581 1297 47 20 dess
642 1297 24 19 Je
684 1297 28 19 för
730 1296 42 20 året
785 1295 35 26 pä-

75 1323 85 19 räknade
176 1323 185 19 statsinkomsterna
376 1323 90 25 begynna
481 1323 77 25 inflyta;
578 1325 52 17 samt
644 1325 28 16 att
686 1323 43 18 hela
744 1322 33 19 Jet
791 1323 29 18 in-

75 1348 74 25 dragna
163 1349 93 24 beloppet
269 1349 21 19 af
300 1349 36 18 Jet
353 1348 44 19 med
415 1349 131 19 Bankirhuset
562 1349 24 18 M.
608 1349 20 19 A.
649 1354 38 13 von
703 1347 117 20 Rothschild

75 1375 97 19 afslutade
186 1374 30 20 län
232 1375 59 24 ingätt
305 1375 5 18 i
328 1374 242 20 amortissementsfonden
589 1375 4 18 i
612 1373 208 20 öfverensstämmelse

75 1401 47 20 med
138 1401 34 20 det
188 1401 33 20 vid
239 1401 63 20 länets
320 1401 124 26 upptagande
460 1401 82 20 afsedda
562 1399 108 22 ändamålet
690 1403 28 17 att
737 1400 82 20 dermed

78 1427 122 20 konsolidera
214 1427 134 21 statsverkets
365 1427 104 20 inhemska
483 1427 110 21 sväfvande
608 1427 66 26 skuld,
693 1427 79 20 hvilken
786 1426 33 21 vid
