1009 1686
184 138 47 33 1004
401 144 71 21 Nådiga
483 145 141 22 Propositionen
637 145 37 16 N:o
685 145 28 16 31.

186 192 38 19 ken
239 193 146 25 uppdebiteras,
402 194 38 19 och
454 193 38 19 den
507 193 69 25 hvarje
590 193 131 26 skattskyldig
738 193 79 25 påförda
834 193 96 20 inkomst-

186 218 105 26 bevillning
305 221 96 23 upptagas
415 220 5 18 i
435 220 49 18 hans
499 220 29 18 för
544 225 75 14 samma
634 219 22 19 år
669 219 102 20 utfärdade
785 219 122 20 debetsedel.

529 272 10 25 $
554 273 32 19 30.

240 307 74 21 Aflider
335 308 129 27 skattskyldig
484 310 42 18 före
543 310 37 19 den
596 310 8 18 4
621 309 37 19 Juli
672 309 34 20 det
719 309 21 20 år
762 309 29 19 för
805 310 73 19 hvilket
895 310 34 20 be-

189 334 78 25 villning
282 336 48 18 skall
346 336 93 25 erläggas,
456 335 78 25 påföres
549 337 73 18 honom
636 336 45 19 icke
698 336 177 25 bevillningsafgilt,
891 337 38 19 och

188 360 31 19 må
239 362 50 25 förty
311 361 61 19 sådan
394 362 58 25 afgift,
474 362 68 19 derest
562 363 37 19 den
620 362 34 20 det
674 362 79 20 oaktadt
774 362 62 19 blifvit
857 363 72 19 honom

187 386 75 25 pätörd,
279 388 26 18 uti
322 388 160 25 räkenskaperna
503 389 95 19 afkortas.
627 389 43 19 Men
684 389 88 19 inträtfar
785 388 103 20 dödsfallet
902 390 28 18 ef-

187 416 31 16 ter
231 414 39 19 den
285 415 9 19 4
311 414 37 20 Juli
364 415 78 25 utgöres
455 414 172 26 bevillningsafgift
641 416 29 18 för
685 416 41 18 fullt
740 414 29 20 år.

530 468 10 24 $
555 468 32 19 31.

241 504 7 19 I
263 504 93 20 afseende
370 504 11 20 å
395 504 97 26 uppbörd,
515 506 130 25 inleverering
661 506 38 18 och
721 506 126 24 redovisning
863 506 21 19 af
896 507 35 19 be-

188 530 190 26 villningsafgifterne
392 534 52 17 samt
453 532 149 25 anmärkningar
611 535 41 16 mot
662 532 148 20 vederbörande
818 533 112 25 uppbörds-

187 558 45 17 män
242 556 101 25 angående
353 558 29 18 för
390 558 54 25 ringa
452 558 101 19 debiterad
565 558 111 25 bevillning,
684 559 103 18 äfvensom
798 558 132 21 återsökande

188 583 20 18 af
219 583 52 19 hvad
286 583 130 27 skattskyldig
429 585 99 18 förmenar
538 585 29 25 sig
580 585 5 18 i
599 585 84 19 berörde
694 585 112 19 hänseende
816 585 57 19 hafva
888 586 43 19 blif-

187 609 29 19 vit
230 610 20 18 af
262 610 149 25 uppbördsman
432 611 30 19 för
475 612 80 25 mycket
576 611 76 26 påfördt
666 617 27 13 m.
709 617 35 19 m.,
755 612 57 24 gälle
830 612 51 19 hvad
896 618 35 14 an-

187 635 75 26 gående
282 637 60 25 öfrige
358 637 139 25 kronoutlagor
518 639 23 18 är
561 638 96 25 stadgadt.
687 638 53 19 Dock
755 638 18 19 få
787 638 60 19 dessa
861 638 68 20 bevill-

187 662 120 26 ningsmedel
323 664 44 18 icke
380 664 5 18 i
400 664 84 19 kronans
498 665 136 25 räkenskaper
648 664 171 20 sammanblandas
836 665 46 19 med
896 671 33 13 an-

186 688 36 20 dra
236 690 95 19 allmänna
345 690 63 20 medel
423 692 46 18 utan
483 691 48 19 böra
546 691 92 19 särskildt
652 690 110 20 redovisas.

530 744 10 25 $
555 744 32 19 32.

240 786 57 20 Hvad
312 786 93 20 särskildt
414 786 59 26 angår
489 788 113 24 uppbörden
617 788 20 19 af
648 787 37 20 den
700 788 184 26 näringsbevillning
901 791 30 17 ut-

187 812 82 20 ländske
283 814 110 19 handlande
403 814 46 19 med
460 814 46 19 flere
522 814 57 26 enligt
594 814 9 25 $
617 815 13 19 6
644 816 34 17 äro
692 814 152 26 underkastade,
856 814 75 27 åligger

187 839 34 19 det
234 840 81 24 enhvar,
332 845 43 14 som
390 840 58 25 enligt
468 841 4 18 1
485 846 60 13 mom.
560 842 20 17 af
593 841 84 18 nämnde
692 840 9 25 $
716 841 34 19 bör
764 842 55 25 dylik
833 841 53 26 afgift
900 844 31 17 ut-

187 866 53 25 göra,
256 868 34 22 att,
308 866 21 19 så
345 869 55 16 snart
414 866 37 20 den
466 866 63 19 deruti
545 867 103 19 bestämda
665 867 70 20 termin
750 867 19 19 af
784 870 30 17 tre
828 867 60 26 dagar
902 869 29 18 ef-

187 894 31 17 ter
232 893 49 18 hans
296 893 90 19 ankomst
396 893 28 19 till
438 893 64 19 landet
513 893 85 25 förflutit,
611 893 24 20 till
647 895 99 18 närmaste
756 894 175 25 kronouppbörds-

186 923 45 14 man
246 919 5 18 i
265 919 44 19 stad
324 920 75 24 erlägga
414 919 162 26 etthundratjugu
586 919 56 20 mark
658 920 28 19 för
696 920 116 25 rättigheten
828 924 27 15 att
868 921 63 20 under

187 951 25 13 en
225 945 82 20 månads
321 945 28 20 tid
363 946 44 19 idka
423 945 78 24 handel,
521 947 38 19 och
574 946 46 19 skall
642 945 61 20 sådan
724 947 115 24 handlande,
862 947 69 20 derest

186 971 40 20 han
240 972 50 19 efter
303 972 84 19 nämnde
401 972 39 19 tids
454 971 76 27 förlopp
544 973 66 19 vidare
625 973 31 19 vill
672 978 74 14 samma
762 975 38 17 rätt
813 974 74 23 utöfva,
903 974 27 19 till

186 997 84 20 kronans
290 999 148 24 uppbördsman
460 999 4 18 i
480 1000 43 19 stad
537 1000 53 19 inom
611 999 33 20 det
658 999 37 25 län,
714 999 36 20 der
767 1000 37 18 han
818 1000 34 19 vid
869 1000 61 20 betal-

186 1024 111 25 ningstiden
314 1025 30 24 sig
365 1024 119 26 uppehåller,
503 1027 114 24 ytterligare
636 1025 127 20 förskottsvis
782 1026 84 20 inbetala
883 1032 46 14 ena-

187 1050 63 20 handa
264 1051 54 25 atgift
332 1052 29 18 för
375 1057 23 14 en
412 1050 71 21 månad
498 1052 4 19 i
518 1052 78 19 sender.
626 1052 54 19 Dock
698 1057 47 15 vare
759 1053 38 18 han
812 1052 117 26 berättigad,

186 1079 34 22 att,
237 1083 32 13 om
285 1078 36 18 han
337 1077 21 20 så
373 1077 79 24 önskar,
474 1079 76 24 erlägga
573 1078 129 20 omförmälde
722 1079 55 24 afgift
797 1078 24 25 på
840 1085 24 14 en
879 1079 51 26 gång

185 1103 127 20 förskottsvis
326 1105 30 18 för
369 1104 47 19 flere
431 1104 101 22 månader,
548 1105 57 19 likväl
621 1105 52 19 alltid
688 1105 28 18 för
730 1105 34 19 full
780 1105 79 20 månad.

239 1131 115 29 Öfverz'len
364 1136 75 20 skedda
454 1136 143 25 inbetalningen
610 1136 36 19 bör
660 1136 188 25 uppbördsmannen
862 1138 66 19 lemna

186 1160 110 25 qvittencer
310 1161 10 19 å
336 1162 76 25 tryckta
426 1162 119 25 blanketter,
561 1168 44 13 som
619 1162 5 18 i
638 1162 46 19 mån
693 1162 21 19 af
727 1162 61 20 behof
800 1163 21 19 af
834 1164 96 18 Senatens

186 1187 101 19 Kammar-
301 1188 37 18 och
353 1188 258 25 Räkenskaps-Expedition
626 1188 100 20 tillsändas
736 1188 152 21 Guvernörerne
898 1190 30 19 för

186 1215 29 16 att
229 1213 88 19 Kronans
337 1214 146 24 uppbördsmän
501 1215 5 17 i
521 1215 93 18 städerne
633 1214 155 20 tillhandahållas
802 1216 39 18 och
860 1216 69 18 hvilka

187 1238 108 20 blanketter
304 1240 48 18 böra
366 1239 96 20 innehålla
472 1240 77 19 erinran.
564 1245 32 13 om
606 1240 90 24 behörigt
710 1240 122 25 iakttagande
846 1241 21 19 af
875 1240 53 20 hvad

186 1264 94 19 allmänna
295 1265 55 24 lagen
364 1265 5 19 i
384 1266 11 18 5
410 1266 38 18 och
466 1266 11 18 7
492 1266 46 24 kap.
555 1266 22 19 H.
593 1266 21 19 B.
630 1266 38 18 och
683 1266 97 19 särskilda
794 1266 136 26 författningar

186 1290 4 19 i
205 1290 93 20 afseende
311 1290 11 20 å
337 1291 91 20 utländsk
442 1297 56 14 mans
513 1292 69 20 handel
597 1292 74 25 stadga.

237 1323 95 20 Beträdes
346 1323 59 21 sådan
419 1324 43 20 icke
477 1323 52 21 finsk
543 1324 130 27 medborgare
689 1325 46 20 med
752 1327 28 18 att
793 1325 52 20 inom
863 1325 66 20 landet

186 1350 62 20 under
261 1351 68 24 längre
343 1351 27 19 tid
384 1353 24 17 än
422 1354 30 17 tre
466 1351 59 26 dagar
540 1352 50 19 efter
607 1351 29 20 sin
658 1351 91 20 ankomst
765 1351 58 26 bjuda
845 1355 21 17 ut
881 1353 48 19 eller

185 1377 54 26 sluta
250 1377 69 20 handel
340 1383 32 13 om
385 1377 104 20 utländska
504 1384 66 19 varor,
588 1381 45 16 utan
650 1381 28 16 att
695 1379 59 19 hafva
774 1379 38 19 den
834 1379 94 26 stadgade

185 1403 79 26 afgiften
279 1404 106 24 behörigen
400 1405 68 24 erlagt,
490 1405 49 19 skall
554 1405 38 19 han
607 1405 77 25 erlägga
701 1405 73 19 dubbel
795 1406 61 25 afgift.
883 1406 48 19 För-

185 1430 99 26 brytelser
299 1430 90 20 häremot
402 1433 97 23 upptagas
515 1431 21 20 af
547 1431 162 25 Poliskammare,
726 1431 36 21 der
773 1431 67 21 sådan
856 1432 71 25 finnes,
