995 1686
291 129 72 23 Nädige
374 130 141 22 Propositionen
528 129 36 18 N:o
575 130 29 18 38.
778 128 43 20 1229

124 179 53 25 lopp,
193 179 39 19 och
246 178 57 26 utgår
317 178 49 20 efter
381 178 89 26 röktalet,
485 179 105 19 framdeles
603 179 47 20 skall
660 180 21 18 af

124 207 64 18 staten
204 204 94 20 bekostas
315 205 39 19 och
367 204 81 21 sålunda
463 205 59 26 lyftas
536 204 42 20 från
590 204 91 27 jordega-

123 236 48 15 rena
188 231 37 19 och
242 231 60 20 andre
319 231 209 27 betalningsskyldige;
547 232 133 25 ersättningen

125 257 79 20 derföre
218 257 62 25 stiger
293 257 27 20 till
334 257 99 25 omkring.
725 258 95 24 490,000.

529 298 81 19 Summa
628 298 54 19 Mark
704 298 116 25 1,850,000.

614 334 22 7 =
653 324 88 25 462,500
756 324 63 20 rubel.

284 509 205 24 Sammansatta
507 509 153 24 Ekonomie-
672 509 40 24 och
722 509 99 24 Bevill-

215 537 266 28 nings-Utskottets
496 537 180 24 betänkande
688 537 38 23 N:o
738 537 19 28 1,
767 537 9 23 i
786 543 36 17 an-

216 565 92 34 ledning
322 565 25 24 af
359 564 84 53 JÄSEN
457 565 167 34 propositionen
643 564 114 30 angående
777 565 45 23 till-

215 589 113 60 ycrhning
349 593 41 24 och
423 594 126 29 försäljning
571 594 25 23 af
619 593 96 24 bränvin
741 594 10 23 i
773 593 49 24 Fin-

226 629 50 17 and.

133 685 67 19 Denna
216 683 74 26 Nådiga
307 683 121 26 proposition
445 685 38 19 har
497 685 21 18 af
534 684 121 26 Högvördiga
673 682 148 21 Prestaståndet

80 711 120 20 remitterats
214 711 26 19 till
255 713 131 22 sammansatt
398 711 120 20 Ekonomie-
532 712 38 18 och
582 711 151 24 Stats-Utskott,
746 715 45 14 men
803 710 21 20 af

80 737 25 20 de
119 740 30 17 tre
162 737 60 26 öfriga
236 737 86 20 Stånden
336 737 26 19 till
377 740 129 17 sammansatt
519 737 118 20 Ekonomie-
646 738 38 19 och
697 736 126 26 Bevillnings-

80 763 89 25 Utskott,
186 764 31 19 vid
232 764 75 19 hvilket
318 762 120 21 förhållande
447 765 122 19 sistnämnde
578 763 78 20 Utskott
665 764 62 19 funnit
736 763 29 26 sig
775 763 46 19 böra

80 790 116 19 densamma
210 790 26 20 till
251 790 106 25 beredning
371 793 92 22 upptaga.

133 816 27 20 Få
173 822 71 19 grenar
253 817 20 18 af
280 816 142 26 lagstiftningen
432 817 61 20 förete
502 822 25 14 en
537 817 60 20 sådan
606 816 161 25 föränderlighet,
778 821 44 14 som

80 843 39 19 den
132 842 100 26 angående
246 843 122 25 tillverkning
383 844 38 18 och
434 843 111 25 försäljning
559 843 20 19 af
589 843 95 24 bränvin,
695 843 83 19 hvarom
786 848 37 14 un-

80 868 37 21 der
133 869 67 31 loppet
216 869 20 19 af
251 875 55 14 mera
323 870 24 18 än
365 871 72 18 tvänne
453 870 66 19 sekler
533 869 83 25 ständigt
630 874 39 21 nya
682 868 66 26 påbud
762 869 61 19 utfär-

81 895 53 25 dats,
156 900 68 15 såsom
244 901 25 14 en
287 895 95 20 återblick
399 895 24 26 pä
440 896 24 20 de
478 895 128 26 mångfaldiga
619 895 203 25 lagbestämningarne

82 922 5 18 i
101 923 68 18 ämnet
182 922 82 19 utvisar.
292 922 67 20 Redan
373 922 64 20 under
448 922 97 20 sextonde
554 922 133 20 århundradet
696 921 127 20 tillverkades

81 948 83 20 bränvin
178 948 6 19 i
198 948 93 26 Sveriges
305 949 38 19 och
357 949 90 19 Finlands
461 948 77 26 städer,
549 949 38 19 och
597 948 62 20 under
668 947 99 25 sjuttonde
777 948 46 19 sek-

81 974 29 20 let
129 974 79 20 belades
228 974 150 26 tillverkningen
394 976 38 18 och
449 973 136 26 försäljningen
603 975 21 19 af
638 974 64 20 denna
716 979 47 14 vara
777 974 46 19 med

81 1000 117 26 accisafgift.
227 1000 41 20 Slik
289 1001 116 26 handtering
424 1001 104 20 utöfvades
548 1000 24 20 då:
592 1001 21 19 af
627 999 197 27 bryggareembetets

81 1027 137 25 medlemmar,
235 1027 66 20 hvilka
316 1028 30 19 väl
361 1023 52 24 1640
428 1027 95 20 förlorade
537 1026 125 21 uteslutande
675 1026 94 24 rättighet
778 1026 45 19 der-

81 1053 38 26 till,
135 1059 46 14 men
196 1053 95 25 återfingo
305 1053 114 20 densamma
433 1053 22 20 år
469 1054 58 19 1698.
556 1053 113 20 Emellertid
679 1052 51 20 hade
739 1052 84 19 konsten

83 1082 28 17 att
124 1079 73 28 bereda
212 1085 61 14 varan
288 1080 57 19 äfven
359 1081 70 18 hunnit
442 1080 25 19 till
481 1080 145 23 landsorterna,
637 1079 38 19 och
685 1078 24 21 då
718 1077 59 26 något
786 1079 39 18 för-

82 1105 41 21 bud
137 1111 17 18 ej
170 1107 56 18 fanns
241 1109 54 16 emot
308 1106 133 25 tillverkning,
452 1108 47 17 utan
509 1107 48 19 blott
566 1108 41 17 mot
616 1105 113 25 försäljning
739 1105 20 19 af
767 1105 57 19 brän-

82 1132 44 24 vin,
142 1132 81 26 spridde
237 1132 63 20 denna
315 1132 68 25 näring
398 1133 28 25 sig
440 1134 55 18 snart
508 1132 57 24 kring
577 1131 73 21 landet.
679 1131 25 20 Af
717 1130 60 21 sådan
791 1136 34 14 an-

83 1158 77 26 ledning
174 1158 118 20 emanerade
305 1158 68 26 Kongl.
402 1159 79 19 Brefvet
494 1158 37 20 den
546 1158 24 20 13
584 1158 93 20 Februari
692 1158 61 23 1718,
767 1158 59 18 hvar-

82 1185 78 25 igenom
174 1184 136 24 förordnades,
327 1187 28 17 att
368 1185 57 24 ingen
438 1185 5 19 i
457 1185 43 19 stad
515 1185 47 19 eller
575 1184 24 26 på
613 1184 73 24 landet,
703 1186 54 17 utom
770 1184 53 18 vissa

83 1211 63 20 dertill
160 1210 84 20 utsedda
258 1216 105 20 personer,
379 1210 65 20 skulle
457 1210 19 20 få
489 1211 90 20 tillverka
594 1210 92 24 bränvin,
697 1210 90 19 hvarken
796 1209 28 19 till

83 1237 101 20 husbehof
195 1237 49 20 eller
257 1238 26 19 till
298 1238 69 19 afsalu.
396 1238 56 19 Detta
467 1237 71 20 väckte
547 1237 52 19 dock
608 1235 104 27 missnöje,
723 1237 39 19 och
771 1235 53 20 stad-

97 1263 59 20 andet
168 1262 86 27 återtogs
264 1269 69 20 genom
343 1264 68 25 Kongl.
439 1264 80 20 Brefvet
527 1264 38 19 den
574 1264 10 19 8
594 1263 79 19 Januari
682 1263 59 19 1749.
769 1262 57 20 Efter

84 1290 96 24 åtskilliga
194 1290 70 20 förbud
279 1292 53 17 emot
341 1290 217 24 bränvinstillverkning
567 1290 21 19 af
596 1288 100 21 allehanda
706 1289 52 25 slags
768 1293 57 21 span-

85 1315 50 25 mål,
154 1315 56 25 åtogo
229 1316 29 24 sig
274 1315 83 19 Riksens
375 1316 79 18 ständer
467 1321 70 20 genom
551 1316 184 23 Riksdagsbeslutet
748 1314 37 20 den
801 1315 24 19 19

83 1342 46 18 Juni
144 1342 58 24 4731,
218 1341 10 25 $
243 1342 19 24 5,
278 1342 53 19 accis
345 1341 29 19 för
386 1341 148 26 tillverkningen
545 1341 20 20 af
573 1340 89 24 bränvin,
674 1340 78 20 hvilken
761 1340 62 24 dock
816 1336 12 35 ,

83 1368 54 20 hvad
154 1368 133 20 landsorterna
301 1366 68 28 angår,
385 1368 110 26 upphäfdes
509 1373 69 21 genom
591 1367 182 25 Riksdagsbeslutet
785 1366 39 20 den

83 1395 25 19 22
125 1394 80 27 Augusti
221 1395 59 23 1734,
296 1395 10 24 $
321 1395 19 19 5.
369 1388 27 26 År
411 1395 49 19 1744
475 1394 58 26 åtogo
547 1394 29 26 sig
590 1393 51 20 dock
651 1393 103 20 ständerna
764 1399 25 13 en
798 1399 26 20 ny

84 1421 118 26 accisafgift,
221 1421 37 20 och
276 1421 59 20 sedan
353 1420 48 21 dess
418 1427 35 14 var
468 1421 229 25 husbehofsbränningen
710 1419 113 26 beskattad,
