<?xml version="1.0" encoding="UTF-8"?>
<alto xmlns="http://www.loc.gov/standards/alto/ns-v3#" xmlns:xlink="http://www.w3.org/1999/xlink" xmlns:xsi="http://www.w3.org/2001/XMLSchema-instance" xsi:schemaLocation="http://www.loc.gov/standards/alto/ns-v3# http://www.loc.gov/alto/v3/alto-3-0.xsd">
	<Description>
		<MeasurementUnit>pixel</MeasurementUnit>
		<sourceImageInformation>
			<fileName>/tmp/tess_ekdez3m2_input.PNG</fileName>
		</sourceImageInformation>
		<OCRProcessing ID="OCR_0">
			<ocrProcessingStep>
				<processingSoftware>
					<softwareName>tesseract 5.3.4</softwareName>
				</processingSoftware>
			</ocrProcessingStep>
		</OCRProcessing>
	</Description>
	<Layout>
		<Page WIDTH="1009" HEIGHT="1686" PHYSICAL_IMG_NR="0" ID="page_0">
			<PrintSpace HPOS="0" VPOS="0" WIDTH="1009" HEIGHT="1686">
				<ComposedBlock ID="cblock_0" HPOS="187" VPOS="147" WIDTH="530" HEIGHT="30">
					<TextBlock ID="block_0" HPOS="187" VPOS="147" WIDTH="530" HEIGHT="30">
						<TextLine ID="line_0" HPOS="187" VPOS="147" WIDTH="530" HEIGHT="30">
							<String ID="string_0" HPOS="187" VPOS="154" WIDTH="36" HEIGHT="20" WC="0.73" CONTENT="078"/><SP WIDTH="181" VPOS="154" HPOS="223"/>
							<String ID="string_1" HPOS="404" VPOS="154" WIDTH="72" HEIGHT="23" WC="0.63" CONTENT="Nådiga"/><SP WIDTH="11" VPOS="154" HPOS="476"/>
							<String ID="string_2" HPOS="487" VPOS="154" WIDTH="142" HEIGHT="23" WC="0.85" CONTENT="Proposttionen"/><SP WIDTH="12" VPOS="154" HPOS="629"/>
							<String ID="string_3" HPOS="641" VPOS="147" WIDTH="37" HEIGHT="25" WC="0.96" CONTENT="N:o"/><SP WIDTH="11" VPOS="147" HPOS="678"/>
							<String ID="string_4" HPOS="689" VPOS="154" WIDTH="28" HEIGHT="18" WC="0.82" CONTENT="84."/>
						</TextLine>
					</TextBlock>
				</ComposedBlock>
				<ComposedBlock ID="cblock_1" HPOS="187" VPOS="202" WIDTH="747" HEIGHT="132">
					<TextBlock ID="block_1" HPOS="187" VPOS="202" WIDTH="747" HEIGHT="132">
						<TextLine ID="line_1" HPOS="188" VPOS="202" WIDTH="745" HEIGHT="26">
							<String ID="string_5" HPOS="188" VPOS="203" WIDTH="85" HEIGHT="20" WC="0.96" CONTENT="räknade"/><SP WIDTH="14" VPOS="203" HPOS="273"/>
							<String ID="string_6" HPOS="287" VPOS="203" WIDTH="109" HEIGHT="20" WC="0.96" CONTENT="kostnaden"/><SP WIDTH="14" VPOS="203" HPOS="396"/>
							<String ID="string_7" HPOS="410" VPOS="204" WIDTH="30" HEIGHT="19" WC="0.96" CONTENT="för"/><SP WIDTH="13" VPOS="204" HPOS="440"/>
							<String ID="string_8" HPOS="453" VPOS="203" WIDTH="60" HEIGHT="20" WC="0.96" CONTENT="dessa"/><SP WIDTH="14" VPOS="203" HPOS="513"/>
							<String ID="string_9" HPOS="527" VPOS="203" WIDTH="127" HEIGHT="25" WC="0.96" CONTENT="inrättningar"/><SP WIDTH="17" VPOS="203" HPOS="654"/>
							<String ID="string_10" HPOS="671" VPOS="205" WIDTH="31" HEIGHT="17" WC="0.96" CONTENT="är:"/><SP WIDTH="15" VPOS="205" HPOS="702"/>
							<String ID="string_11" HPOS="717" VPOS="204" WIDTH="30" HEIGHT="18" WC="0.93" CONTENT="för"/><SP WIDTH="13" VPOS="204" HPOS="747"/>
							<String ID="string_12" HPOS="760" VPOS="202" WIDTH="120" HEIGHT="26" WC="0.91" CONTENT="Marjaniemi"/><SP WIDTH="14" VPOS="202" HPOS="880"/>
							<String ID="string_13" HPOS="894" VPOS="203" WIDTH="39" HEIGHT="21" WC="0.92" CONTENT="båk"/>
						</TextLine>
						<TextLine ID="line_2" HPOS="187" VPOS="229" WIDTH="746" HEIGHT="26">
							<String ID="string_14" HPOS="187" VPOS="231" WIDTH="21" HEIGHT="18" WC="0.93" CONTENT="af"/><SP WIDTH="11" VPOS="231" HPOS="208"/>
							<String ID="string_15" HPOS="219" VPOS="229" WIDTH="43" HEIGHT="25" WC="0.93" CONTENT="jern"/><SP WIDTH="15" VPOS="229" HPOS="262"/>
							<String ID="string_16" HPOS="277" VPOS="230" WIDTH="75" HEIGHT="25" WC="0.92" CONTENT="98,662"/><SP WIDTH="15" VPOS="230" HPOS="352"/>
							<String ID="string_17" HPOS="367" VPOS="230" WIDTH="38" HEIGHT="18" WC="0.96" CONTENT="och"/><SP WIDTH="14" VPOS="230" HPOS="405"/>
							<String ID="string_18" HPOS="419" VPOS="230" WIDTH="20" HEIGHT="18" WC="0.96" CONTENT="af"/><SP WIDTH="13" VPOS="230" HPOS="439"/>
							<String ID="string_19" HPOS="452" VPOS="230" WIDTH="51" HEIGHT="24" WC="0.93" CONTENT="tegel"/><SP WIDTH="16" VPOS="230" HPOS="503"/>
							<String ID="string_20" HPOS="519" VPOS="230" WIDTH="72" HEIGHT="22" WC="0.90" CONTENT="76,799"/><SP WIDTH="15" VPOS="230" HPOS="591"/>
							<String ID="string_21" HPOS="606" VPOS="230" WIDTH="56" HEIGHT="18" WC="0.96" CONTENT="mark"/><SP WIDTH="10" VPOS="230" HPOS="662"/>
							<String ID="string_22" HPOS="672" VPOS="232" WIDTH="52" HEIGHT="16" WC="0.96" CONTENT="samt"/><SP WIDTH="10" VPOS="232" HPOS="724"/>
							<String ID="string_23" HPOS="734" VPOS="230" WIDTH="29" HEIGHT="18" WC="0.93" CONTENT="för"/><SP WIDTH="10" VPOS="230" HPOS="763"/>
							<String ID="string_24" HPOS="773" VPOS="229" WIDTH="112" HEIGHT="20" WC="0.92" CONTENT="Säbbskärs"/><SP WIDTH="9" VPOS="229" HPOS="885"/>
							<String ID="string_25" HPOS="894" VPOS="230" WIDTH="39" HEIGHT="20" WC="0.93" CONTENT="bäk"/>
						</TextLine>
						<TextLine ID="line_3" HPOS="188" VPOS="254" WIDTH="746" HEIGHT="28">
							<String ID="string_26" HPOS="188" VPOS="257" WIDTH="21" HEIGHT="18" WC="0.93" CONTENT="af"/><SP WIDTH="13" VPOS="257" HPOS="209"/>
							<String ID="string_27" HPOS="222" VPOS="255" WIDTH="43" HEIGHT="25" WC="0.91" CONTENT="jern"/><SP WIDTH="18" VPOS="255" HPOS="265"/>
							<String ID="string_28" HPOS="283" VPOS="257" WIDTH="88" HEIGHT="24" WC="0.93" CONTENT="102,074"/><SP WIDTH="18" VPOS="257" HPOS="371"/>
							<String ID="string_29" HPOS="389" VPOS="256" WIDTH="37" HEIGHT="19" WC="0.96" CONTENT="och"/><SP WIDTH="15" VPOS="256" HPOS="426"/>
							<String ID="string_30" HPOS="441" VPOS="256" WIDTH="21" HEIGHT="19" WC="0.93" CONTENT="af"/><SP WIDTH="13" VPOS="256" HPOS="462"/>
							<String ID="string_31" HPOS="475" VPOS="256" WIDTH="50" HEIGHT="24" WC="0.93" CONTENT="tegel"/><SP WIDTH="16" VPOS="256" HPOS="525"/>
							<String ID="string_32" HPOS="541" VPOS="256" WIDTH="73" HEIGHT="24" WC="0.91" CONTENT="84,872"/><SP WIDTH="15" VPOS="256" HPOS="614"/>
							<String ID="string_33" HPOS="629" VPOS="256" WIDTH="62" HEIGHT="18" WC="0.93" CONTENT="mark."/><SP WIDTH="30" VPOS="256" HPOS="691"/>
							<String ID="string_34" HPOS="721" VPOS="254" WIDTH="72" HEIGHT="21" WC="0.93" CONTENT="Såvida"/><SP WIDTH="14" VPOS="254" HPOS="793"/>
							<String ID="string_35" HPOS="807" VPOS="254" WIDTH="87" HEIGHT="21" WC="0.93" CONTENT="bäkarne"/><SP WIDTH="15" VPOS="254" HPOS="894"/>
							<String ID="string_36" HPOS="909" VPOS="262" WIDTH="25" HEIGHT="20" WC="0.96" CONTENT="pä"/>
						</TextLine>
						<TextLine ID="line_4" HPOS="188" VPOS="282" WIDTH="746" HEIGHT="26">
							<String ID="string_37" HPOS="188" VPOS="283" WIDTH="52" HEIGHT="18" WC="0.96" CONTENT="förut"/><SP WIDTH="13" VPOS="283" HPOS="240"/>
							<String ID="string_38" HPOS="253" VPOS="283" WIDTH="81" HEIGHT="18" WC="0.96" CONTENT="anförda"/><SP WIDTH="14" VPOS="283" HPOS="334"/>
							<String ID="string_39" HPOS="348" VPOS="282" WIDTH="40" HEIGHT="19" WC="0.94" CONTENT="skäl"/><SP WIDTH="17" VPOS="282" HPOS="388"/>
							<String ID="string_40" HPOS="405" VPOS="282" WIDTH="55" HEIGHT="19" WC="0.96" CONTENT="torde"/><SP WIDTH="14" VPOS="282" HPOS="460"/>
							<String ID="string_41" HPOS="474" VPOS="282" WIDTH="47" HEIGHT="19" WC="0.93" CONTENT="böra"/><SP WIDTH="15" VPOS="282" HPOS="521"/>
							<String ID="string_42" HPOS="536" VPOS="282" WIDTH="94" HEIGHT="25" WC="0.42" CONTENT="uppioras"/><SP WIDTH="17" VPOS="282" HPOS="630"/>
							<String ID="string_43" HPOS="647" VPOS="282" WIDTH="19" HEIGHT="18" WC="0.93" CONTENT="af"/><SP WIDTH="14" VPOS="282" HPOS="666"/>
							<String ID="string_44" HPOS="680" VPOS="282" WIDTH="58" HEIGHT="25" WC="0.96" CONTENT="tegel,"/><SP WIDTH="19" VPOS="282" HPOS="738"/>
							<String ID="string_45" HPOS="757" VPOS="282" WIDTH="38" HEIGHT="19" WC="0.92" CONTENT="kan"/><SP WIDTH="14" VPOS="282" HPOS="795"/>
							<String ID="string_46" HPOS="809" VPOS="283" WIDTH="81" HEIGHT="25" WC="0.92" CONTENT="utgiften"/><SP WIDTH="14" VPOS="283" HPOS="890"/>
							<String ID="string_47" HPOS="904" VPOS="283" WIDTH="30" HEIGHT="18" WC="0.95" CONTENT="för"/>
						</TextLine>
						<TextLine ID="line_5" HPOS="189" VPOS="307" WIDTH="603" HEIGHT="27">
							<String ID="string_48" HPOS="189" VPOS="309" WIDTH="58" HEIGHT="19" WC="0.96" CONTENT="deras"/><SP WIDTH="14" VPOS="309" HPOS="247"/>
							<String ID="string_49" HPOS="261" VPOS="309" WIDTH="115" HEIGHT="25" WC="0.96" CONTENT="anläggning"/><SP WIDTH="15" VPOS="309" HPOS="376"/>
							<String ID="string_50" HPOS="391" VPOS="309" WIDTH="97" HEIGHT="19" WC="0.96" CONTENT="beräknas"/><SP WIDTH="14" VPOS="309" HPOS="488"/>
							<String ID="string_51" HPOS="502" VPOS="309" WIDTH="25" HEIGHT="18" WC="0.93" CONTENT="till"/><SP WIDTH="16" VPOS="309" HPOS="527"/>
							<String ID="string_52" HPOS="543" VPOS="308" WIDTH="68" HEIGHT="20" WC="0.92" CONTENT="inalles"/><SP WIDTH="15" VPOS="308" HPOS="611"/>
							<String ID="string_53" HPOS="626" VPOS="308" WIDTH="86" HEIGHT="24" WC="0.80" CONTENT="161,674"/><SP WIDTH="15" VPOS="308" HPOS="712"/>
							<String ID="string_54" HPOS="727" VPOS="307" WIDTH="65" HEIGHT="20" WC="0.96" CONTENT="mark."/>
						</TextLine>
					</TextBlock>
				</ComposedBlock>
				<ComposedBlock ID="cblock_2" HPOS="289" VPOS="346" WIDTH="647" HEIGHT="139">
					<TextBlock ID="block_2" HPOS="289" VPOS="346" WIDTH="647" HEIGHT="139">
						<TextLine ID="line_6" HPOS="339" VPOS="346" WIDTH="597" HEIGHT="27">
							<String ID="string_55" HPOS="339" VPOS="346" WIDTH="31" HEIGHT="20" WC="0.91" CONTENT="Dä"/><SP WIDTH="15" VPOS="346" HPOS="370"/>
							<String ID="string_56" HPOS="385" VPOS="347" WIDTH="56" HEIGHT="26" WC="0.92" CONTENT="begge"/><SP WIDTH="15" VPOS="347" HPOS="441"/>
							<String ID="string_57" HPOS="456" VPOS="347" WIDTH="56" HEIGHT="19" WC="0.92" CONTENT="dessa"/><SP WIDTH="13" VPOS="347" HPOS="512"/>
							<String ID="string_58" HPOS="525" VPOS="346" WIDTH="92" HEIGHT="27" WC="0.92" CONTENT="fyrbäkar"/><SP WIDTH="14" VPOS="346" HPOS="617"/>
							<String ID="string_59" HPOS="631" VPOS="349" WIDTH="34" HEIGHT="17" WC="0.92" CONTENT="äro"/><SP WIDTH="19" VPOS="349" HPOS="665"/>
							<String ID="string_60" HPOS="684" VPOS="347" WIDTH="93" HEIGHT="25" WC="0.88" CONTENT="behöfliga"/><SP WIDTH="13" VPOS="347" HPOS="777"/>
							<String ID="string_61" HPOS="790" VPOS="347" WIDTH="31" HEIGHT="24" WC="0.96" CONTENT="för"/><SP WIDTH="17" VPOS="347" HPOS="821"/>
							<String ID="string_62" HPOS="838" VPOS="353" WIDTH="22" HEIGHT="13" WC="0.93" CONTENT="en"/><SP WIDTH="19" VPOS="353" HPOS="860"/>
							<String ID="string_63" HPOS="879" VPOS="347" WIDTH="57" HEIGHT="20" WC="0.92" CONTENT="säker"/>
						</TextLine>
						<TextLine ID="line_7" HPOS="290" VPOS="374" WIDTH="646" HEIGHT="27">
							<String ID="string_64" HPOS="290" VPOS="375" WIDTH="68" HEIGHT="26" WC="0.96" CONTENT="sjöfart"/><SP WIDTH="15" VPOS="375" HPOS="358"/>
							<String ID="string_65" HPOS="373" VPOS="375" WIDTH="26" HEIGHT="20" WC="0.92" CONTENT="till"/><SP WIDTH="16" VPOS="375" HPOS="399"/>
							<String ID="string_66" HPOS="415" VPOS="374" WIDTH="30" HEIGHT="21" WC="0.96" CONTENT="två"/><SP WIDTH="15" VPOS="374" HPOS="445"/>
							<String ID="string_67" HPOS="460" VPOS="376" WIDTH="23" HEIGHT="25" WC="0.93" CONTENT="af"/><SP WIDTH="12" VPOS="376" HPOS="483"/>
							<String ID="string_68" HPOS="495" VPOS="375" WIDTH="72" HEIGHT="20" WC="0.92" CONTENT="landets"/><SP WIDTH="16" VPOS="375" HPOS="567"/>
							<String ID="string_69" HPOS="583" VPOS="375" WIDTH="114" HEIGHT="26" WC="0.75" CONTENT="betydligare"/><SP WIDTH="18" VPOS="375" HPOS="697"/>
							<String ID="string_70" HPOS="715" VPOS="375" WIDTH="148" HEIGHT="23" WC="0.90" CONTENT="handelsstäder,"/><SP WIDTH="16" VPOS="375" HPOS="863"/>
							<String ID="string_71" HPOS="879" VPOS="382" WIDTH="57" HEIGHT="13" WC="0.96" CONTENT="anser"/>
						</TextLine>
						<TextLine ID="line_8" HPOS="294" VPOS="403" WIDTH="641" HEIGHT="26">
							<String ID="string_72" HPOS="294" VPOS="403" WIDTH="92" HEIGHT="20" WC="0.92" CONTENT="Utskottet"/><SP WIDTH="13" VPOS="403" HPOS="386"/>
							<String ID="string_73" HPOS="399" VPOS="405" WIDTH="29" HEIGHT="24" WC="0.93" CONTENT="sig"/><SP WIDTH="15" VPOS="405" HPOS="428"/>
							<String ID="string_74" HPOS="443" VPOS="403" WIDTH="46" HEIGHT="25" WC="0.89" CONTENT="böra"/><SP WIDTH="16" VPOS="403" HPOS="489"/>
							<String ID="string_75" HPOS="505" VPOS="403" WIDTH="99" HEIGHT="26" WC="0.90" CONTENT="tillstyrka,"/><SP WIDTH="16" VPOS="403" HPOS="604"/>
							<String ID="string_76" HPOS="620" VPOS="405" WIDTH="28" HEIGHT="17" WC="0.96" CONTENT="att"/><SP WIDTH="14" VPOS="405" HPOS="648"/>
							<String ID="string_77" HPOS="662" VPOS="403" WIDTH="83" HEIGHT="20" WC="0.96" CONTENT="nämnda"/><SP WIDTH="14" VPOS="403" HPOS="745"/>
							<String ID="string_78" HPOS="759" VPOS="409" WIDTH="80" HEIGHT="18" WC="0.93" CONTENT="summa,"/><SP WIDTH="11" VPOS="409" HPOS="839"/>
							<String ID="string_79" HPOS="850" VPOS="403" WIDTH="85" HEIGHT="24" WC="0.92" CONTENT="161,671"/>
						</TextLine>
						<TextLine ID="line_9" HPOS="290" VPOS="430" WIDTH="646" HEIGHT="27">
							<String ID="string_80" HPOS="290" VPOS="432" WIDTH="61" HEIGHT="23" WC="0.93" CONTENT="mark,"/><SP WIDTH="16" VPOS="432" HPOS="351"/>
							<String ID="string_81" HPOS="367" VPOS="431" WIDTH="56" HEIGHT="20" WC="0.92" CONTENT="mätte"/><SP WIDTH="22" VPOS="431" HPOS="423"/>
							<String ID="string_82" HPOS="445" VPOS="433" WIDTH="25" HEIGHT="24" WC="0.93" CONTENT="af"/><SP WIDTH="18" VPOS="433" HPOS="470"/>
							<String ID="string_83" HPOS="488" VPOS="431" WIDTH="108" HEIGHT="21" WC="0.92" CONTENT="Ständerna"/><SP WIDTH="22" VPOS="431" HPOS="596"/>
							<String ID="string_84" HPOS="618" VPOS="431" WIDTH="65" HEIGHT="20" WC="0.90" CONTENT="ansläs"/><SP WIDTH="16" VPOS="431" HPOS="683"/>
							<String ID="string_85" HPOS="699" VPOS="432" WIDTH="36" HEIGHT="25" WC="0.93" CONTENT="för"/><SP WIDTH="21" VPOS="432" HPOS="735"/>
							<String ID="string_86" HPOS="756" VPOS="430" WIDTH="93" HEIGHT="21" WC="0.90" CONTENT="bäkarnes"/><SP WIDTH="21" VPOS="430" HPOS="849"/>
							<String ID="string_87" HPOS="870" VPOS="432" WIDTH="66" HEIGHT="25" WC="0.92" CONTENT="anläg-"/>
						</TextLine>
						<TextLine ID="line_10" HPOS="289" VPOS="459" WIDTH="69" HEIGHT="26">
							<String ID="string_88" HPOS="289" VPOS="459" WIDTH="69" HEIGHT="26" WC="0.91" CONTENT="gande."/>
						</TextLine>
					</TextBlock>
				</ComposedBlock>
				<ComposedBlock ID="cblock_3" HPOS="185" VPOS="494" WIDTH="755" HEIGHT="710">
					<TextBlock ID="block_3" HPOS="185" VPOS="494" WIDTH="755" HEIGHT="710">
						<TextLine ID="line_11" HPOS="242" VPOS="494" WIDTH="694" HEIGHT="26">
							<String ID="string_89" HPOS="242" VPOS="495" WIDTH="33" HEIGHT="20" WC="0.92" CONTENT="Till"/><SP WIDTH="14" VPOS="495" HPOS="275"/>
							<String ID="string_90" HPOS="289" VPOS="495" WIDTH="72" HEIGHT="19" WC="0.91" CONTENT="antalat"/><SP WIDTH="14" VPOS="495" HPOS="361"/>
							<String ID="string_91" HPOS="375" VPOS="495" WIDTH="20" HEIGHT="20" WC="0.93" CONTENT="af"/><SP WIDTH="12" VPOS="495" HPOS="395"/>
							<String ID="string_92" HPOS="407" VPOS="495" WIDTH="68" HEIGHT="25" WC="0.96" CONTENT="nödiga"/><SP WIDTH="15" VPOS="495" HPOS="475"/>
							<String ID="string_93" HPOS="490" VPOS="495" WIDTH="38" HEIGHT="19" WC="0.93" CONTENT="och"/><SP WIDTH="14" VPOS="495" HPOS="528"/>
							<String ID="string_94" HPOS="542" VPOS="495" WIDTH="105" HEIGHT="25" WC="0.96" CONTENT="angelägna"/><SP WIDTH="14" VPOS="495" HPOS="647"/>
							<String ID="string_95" HPOS="661" VPOS="495" WIDTH="76" HEIGHT="24" WC="0.96" CONTENT="företag"/><SP WIDTH="14" VPOS="495" HPOS="737"/>
							<String ID="string_96" HPOS="751" VPOS="494" WIDTH="36" HEIGHT="19" WC="0.93" CONTENT="har"/><SP WIDTH="8" VPOS="494" HPOS="787"/>
							<String ID="string_97" HPOS="795" VPOS="495" WIDTH="102" HEIGHT="20" WC="0.93" CONTENT="Utskottet"/><SP WIDTH="10" VPOS="495" HPOS="897"/>
							<String ID="string_98" HPOS="907" VPOS="494" WIDTH="29" HEIGHT="21" WC="0.92" CONTENT="vi-"/>
						</TextLine>
						<TextLine ID="line_12" HPOS="185" VPOS="521" WIDTH="751" HEIGHT="25">
							<String ID="string_99" HPOS="185" VPOS="521" WIDTH="51" HEIGHT="20" WC="0.60" CONTENT="4lare"/><SP WIDTH="15" VPOS="521" HPOS="236"/>
							<String ID="string_100" HPOS="251" VPOS="524" WIDTH="64" HEIGHT="17" WC="0.96" CONTENT="ansett"/><SP WIDTH="14" VPOS="524" HPOS="315"/>
							<String ID="string_101" HPOS="329" VPOS="521" WIDTH="31" HEIGHT="25" WC="0.93" CONTENT="sig"/><SP WIDTH="13" VPOS="521" HPOS="360"/>
							<String ID="string_102" HPOS="373" VPOS="521" WIDTH="47" HEIGHT="19" WC="0.96" CONTENT="böra"/><SP WIDTH="15" VPOS="521" HPOS="420"/>
							<String ID="string_103" HPOS="435" VPOS="521" WIDTH="82" HEIGHT="19" WC="0.95" CONTENT="hänföra"/><SP WIDTH="14" VPOS="521" HPOS="517"/>
							<String ID="string_104" HPOS="531" VPOS="521" WIDTH="39" HEIGHT="19" WC="0.96" CONTENT="den"/><SP WIDTH="17" VPOS="521" HPOS="570"/>
							<String ID="string_105" HPOS="587" VPOS="521" WIDTH="27" HEIGHT="19" WC="0.93" CONTENT="uti"/><SP WIDTH="17" VPOS="521" HPOS="614"/>
							<String ID="string_106" HPOS="631" VPOS="521" WIDTH="76" HEIGHT="25" WC="0.91" CONTENT="Nädiga"/><SP WIDTH="17" VPOS="521" HPOS="707"/>
							<String ID="string_107" HPOS="724" VPOS="521" WIDTH="147" HEIGHT="25" WC="0.90" CONTENT="propositionen"/><SP WIDTH="13" VPOS="521" HPOS="871"/>
							<String ID="string_108" HPOS="884" VPOS="521" WIDTH="52" HEIGHT="20" WC="0.92" CONTENT="före-"/>
						</TextLine>
						<TextLine ID="line_13" HPOS="190" VPOS="547" WIDTH="744" HEIGHT="26">
							<String ID="string_109" HPOS="190" VPOS="548" WIDTH="68" HEIGHT="25" WC="0.96" CONTENT="slagna"/><SP WIDTH="15" VPOS="548" HPOS="258"/>
							<String ID="string_110" HPOS="273" VPOS="548" WIDTH="56" HEIGHT="18" WC="0.96" CONTENT="kanal"/><SP WIDTH="15" VPOS="548" HPOS="329"/>
							<String ID="string_111" HPOS="344" VPOS="548" WIDTH="33" HEIGHT="19" WC="0.93" CONTENT="vid"/><SP WIDTH="15" VPOS="548" HPOS="377"/>
							<String ID="string_112" HPOS="392" VPOS="548" WIDTH="67" HEIGHT="19" WC="0.92" CONTENT="Kalkis"/><SP WIDTH="15" VPOS="548" HPOS="459"/>
							<String ID="string_113" HPOS="474" VPOS="548" WIDTH="41" HEIGHT="18" WC="0.96" CONTENT="fors"/><SP WIDTH="14" VPOS="548" HPOS="515"/>
							<String ID="string_114" HPOS="529" VPOS="548" WIDTH="38" HEIGHT="19" WC="0.93" CONTENT="och"/><SP WIDTH="14" VPOS="548" HPOS="567"/>
							<String ID="string_115" HPOS="581" VPOS="548" WIDTH="86" HEIGHT="25" WC="0.92" CONTENT="Jyränkö"/><SP WIDTH="14" VPOS="548" HPOS="667"/>
							<String ID="string_116" HPOS="681" VPOS="548" WIDTH="63" HEIGHT="18" WC="0.96" CONTENT="ström"/><SP WIDTH="15" VPOS="548" HPOS="744"/>
							<String ID="string_117" HPOS="759" VPOS="547" WIDTH="5" HEIGHT="18" WC="0.96" CONTENT="i"/><SP WIDTH="15" VPOS="547" HPOS="764"/>
							<String ID="string_118" HPOS="779" VPOS="548" WIDTH="111" HEIGHT="25" WC="0.96" CONTENT="Kymmene"/><SP WIDTH="12" VPOS="548" HPOS="890"/>
							<String ID="string_119" HPOS="902" VPOS="548" WIDTH="32" HEIGHT="19" WC="0.92" CONTENT="elf."/>
						</TextLine>
						<TextLine ID="line_14" HPOS="190" VPOS="573" WIDTH="746" HEIGHT="26">
							<String ID="string_120" HPOS="190" VPOS="575" WIDTH="67" HEIGHT="18" WC="0.96" CONTENT="Denna"/><SP WIDTH="14" VPOS="575" HPOS="257"/>
							<String ID="string_121" HPOS="271" VPOS="574" WIDTH="56" HEIGHT="19" WC="0.96" CONTENT="kanal"/><SP WIDTH="15" VPOS="574" HPOS="327"/>
							<String ID="string_122" HPOS="342" VPOS="573" WIDTH="63" HEIGHT="20" WC="0.93" CONTENT="skulle"/><SP WIDTH="20" VPOS="573" HPOS="405"/>
							<String ID="string_123" HPOS="425" VPOS="573" WIDTH="88" HEIGHT="20" WC="0.95" CONTENT="medföra"/><SP WIDTH="22" VPOS="573" HPOS="513"/>
							<String ID="string_124" HPOS="535" VPOS="579" WIDTH="23" HEIGHT="14" WC="0.93" CONTENT="en"/><SP WIDTH="21" VPOS="579" HPOS="558"/>
							<String ID="string_125" HPOS="579" VPOS="574" WIDTH="64" HEIGHT="25" WC="0.96" CONTENT="öppen"/><SP WIDTH="21" VPOS="574" HPOS="643"/>
							<String ID="string_126" HPOS="664" VPOS="573" WIDTH="60" HEIGHT="20" WC="0.96" CONTENT="farled"/><SP WIDTH="21" VPOS="573" HPOS="724"/>
							<String ID="string_127" HPOS="745" VPOS="573" WIDTH="4" HEIGHT="19" WC="0.93" CONTENT="i"/><SP WIDTH="23" VPOS="573" HPOS="749"/>
							<String ID="string_128" HPOS="772" VPOS="575" WIDTH="58" HEIGHT="24" WC="0.90" CONTENT="ostlig"/><SP WIDTH="20" VPOS="575" HPOS="830"/>
							<String ID="string_129" HPOS="850" VPOS="573" WIDTH="86" HEIGHT="26" WC="0.96" CONTENT="riktning"/>
						</TextLine>
						<TextLine ID="line_15" HPOS="190" VPOS="599" WIDTH="747" HEIGHT="26">
							<String ID="string_130" HPOS="190" VPOS="601" WIDTH="83" HEIGHT="20" WC="0.93" CONTENT="emellan"/><SP WIDTH="14" VPOS="601" HPOS="273"/>
							<String ID="string_131" HPOS="287" VPOS="599" WIDTH="79" HEIGHT="26" WC="0.92" CONTENT="Päijäne"/><SP WIDTH="14" VPOS="599" HPOS="366"/>
							<String ID="string_132" HPOS="380" VPOS="603" WIDTH="51" HEIGHT="17" WC="0.93" CONTENT="samt"/><SP WIDTH="14" VPOS="603" HPOS="431"/>
							<String ID="string_133" HPOS="445" VPOS="601" WIDTH="141" HEIGHT="24" WC="0.96" CONTENT="vattendragen"/><SP WIDTH="15" VPOS="601" HPOS="586"/>
							<String ID="string_134" HPOS="601" VPOS="599" WIDTH="55" HEIGHT="21" WC="0.96" CONTENT="såväl"/><SP WIDTH="15" VPOS="599" HPOS="656"/>
							<String ID="string_135" HPOS="671" VPOS="600" WIDTH="52" HEIGHT="19" WC="0.93" CONTENT="invid"/><SP WIDTH="17" VPOS="600" HPOS="723"/>
							<String ID="string_136" HPOS="740" VPOS="599" WIDTH="80" HEIGHT="26" WC="0.91" CONTENT="Hejnola"/><SP WIDTH="14" VPOS="599" HPOS="820"/>
							<String ID="string_137" HPOS="834" VPOS="600" WIDTH="44" HEIGHT="19" WC="0.89" CONTENT="stad"/><SP WIDTH="14" VPOS="600" HPOS="878"/>
							<String ID="string_138" HPOS="892" VPOS="606" WIDTH="45" HEIGHT="14" WC="0.96" CONTENT="som"/>
						</TextLine>
						<TextLine ID="line_16" HPOS="190" VPOS="625" WIDTH="747" HEIGHT="28">
							<String ID="string_139" HPOS="190" VPOS="627" WIDTH="27" HEIGHT="19" WC="0.93" CONTENT="uti"/><SP WIDTH="14" VPOS="627" HPOS="217"/>
							<String ID="string_140" HPOS="231" VPOS="627" WIDTH="49" HEIGHT="20" WC="0.92" CONTENT="Ithis"/><SP WIDTH="15" VPOS="627" HPOS="280"/>
							<String ID="string_141" HPOS="295" VPOS="627" WIDTH="38" HEIGHT="18" WC="0.95" CONTENT="och"/><SP WIDTH="13" VPOS="627" HPOS="333"/>
							<String ID="string_142" HPOS="346" VPOS="625" WIDTH="123" HEIGHT="28" WC="0.93" CONTENT="Mäntyharju"/><SP WIDTH="15" VPOS="625" HPOS="469"/>
							<String ID="string_143" HPOS="484" VPOS="627" WIDTH="90" HEIGHT="24" WC="0.96" CONTENT="socknar,"/><SP WIDTH="16" VPOS="627" HPOS="574"/>
							<String ID="string_144" HPOS="590" VPOS="627" WIDTH="39" HEIGHT="18" WC="0.93" CONTENT="och"/><SP WIDTH="15" VPOS="627" HPOS="629"/>
							<String ID="string_145" HPOS="644" VPOS="626" WIDTH="81" HEIGHT="20" WC="0.95" CONTENT="emedan"/><SP WIDTH="14" VPOS="626" HPOS="725"/>
							<String ID="string_146" HPOS="739" VPOS="626" WIDTH="116" HEIGHT="20" WC="0.95" CONTENT="densamma"/><SP WIDTH="10" VPOS="626" HPOS="855"/>
							<String ID="string_147" HPOS="865" VPOS="626" WIDTH="39" HEIGHT="20" WC="0.96" CONTENT="har"/><SP WIDTH="8" VPOS="626" HPOS="904"/>
							<String ID="string_148" HPOS="912" VPOS="633" WIDTH="25" HEIGHT="14" WC="0.96" CONTENT="en"/>
						</TextLine>
						<TextLine ID="line_17" HPOS="190" VPOS="653" WIDTH="748" HEIGHT="26">
							<String ID="string_149" HPOS="190" VPOS="653" WIDTH="114" HEIGHT="26" WC="0.79" CONTENT="ytterligare"/><SP WIDTH="14" VPOS="653" HPOS="304"/>
							<String ID="string_150" HPOS="318" VPOS="653" WIDTH="103" HEIGHT="26" WC="0.93" CONTENT="betydelse"/><SP WIDTH="13" VPOS="653" HPOS="421"/>
							<String ID="string_151" HPOS="434" VPOS="653" WIDTH="121" HEIGHT="26" WC="0.90" CONTENT="derigenom,"/><SP WIDTH="16" VPOS="653" HPOS="555"/>
							<String ID="string_152" HPOS="571" VPOS="655" WIDTH="28" HEIGHT="17" WC="0.96" CONTENT="att"/><SP WIDTH="16" VPOS="655" HPOS="599"/>
							<String ID="string_153" HPOS="615" VPOS="653" WIDTH="38" HEIGHT="20" WC="0.93" CONTENT="den"/><SP WIDTH="17" VPOS="653" HPOS="653"/>
							<String ID="string_154" HPOS="670" VPOS="653" WIDTH="143" HEIGHT="26" WC="0.92" CONTENT="otvifvelaktigt"/><SP WIDTH="17" VPOS="653" HPOS="813"/>
							<String ID="string_155" HPOS="830" VPOS="653" WIDTH="63" HEIGHT="20" WC="0.91" CONTENT="skulle"/><SP WIDTH="14" VPOS="653" HPOS="893"/>
							<String ID="string_156" HPOS="907" VPOS="653" WIDTH="31" HEIGHT="20" WC="0.93" CONTENT="ät-"/>
						</TextLine>
						<TextLine ID="line_18" HPOS="190" VPOS="679" WIDTH="747" HEIGHT="27">
							<String ID="string_157" HPOS="190" VPOS="680" WIDTH="99" HEIGHT="19" WC="0.92" CONTENT="minstone"/><SP WIDTH="14" VPOS="680" HPOS="289"/>
							<String ID="string_158" HPOS="303" VPOS="679" WIDTH="5" HEIGHT="20" WC="0.93" CONTENT="i"/><SP WIDTH="15" VPOS="679" HPOS="308"/>
							<String ID="string_159" HPOS="323" VPOS="679" WIDTH="62" HEIGHT="27" WC="0.96" CONTENT="någon"/><SP WIDTH="15" VPOS="679" HPOS="385"/>
							<String ID="string_160" HPOS="400" VPOS="679" WIDTH="46" HEIGHT="20" WC="0.92" CONTENT="män"/><SP WIDTH="14" VPOS="679" HPOS="446"/>
							<String ID="string_161" HPOS="460" VPOS="680" WIDTH="97" HEIGHT="20" WC="0.95" CONTENT="förstärka"/><SP WIDTH="14" VPOS="680" HPOS="557"/>
							<String ID="string_162" HPOS="571" VPOS="680" WIDTH="88" HEIGHT="19" WC="0.96" CONTENT="rörelsen"/><SP WIDTH="14" VPOS="680" HPOS="659"/>
							<String ID="string_163" HPOS="673" VPOS="679" WIDTH="25" HEIGHT="26" WC="0.96" CONTENT="pä"/><SP WIDTH="15" VPOS="679" HPOS="698"/>
							<String ID="string_164" HPOS="713" VPOS="679" WIDTH="37" HEIGHT="20" WC="0.96" CONTENT="den"/><SP WIDTH="16" VPOS="679" HPOS="750"/>
							<String ID="string_165" HPOS="766" VPOS="680" WIDTH="107" HEIGHT="25" WC="0.93" CONTENT="föreslagna"/><SP WIDTH="11" VPOS="680" HPOS="873"/>
							<String ID="string_166" HPOS="884" VPOS="679" WIDTH="53" HEIGHT="26" WC="0.93" CONTENT="jern-"/>
						</TextLine>
						<TextLine ID="line_19" HPOS="192" VPOS="705" WIDTH="746" HEIGHT="26">
							<String ID="string_167" HPOS="192" VPOS="708" WIDTH="63" HEIGHT="23" WC="0.92" CONTENT="vägen"/><SP WIDTH="19" VPOS="708" HPOS="255"/>
							<String ID="string_168" HPOS="274" VPOS="706" WIDTH="84" HEIGHT="20" WC="0.92" CONTENT="emellan"/><SP WIDTH="17" VPOS="706" HPOS="358"/>
							<String ID="string_169" HPOS="375" VPOS="706" WIDTH="102" HEIGHT="20" WC="0.96" CONTENT="Riihimäki"/><SP WIDTH="18" VPOS="706" HPOS="477"/>
							<String ID="string_170" HPOS="495" VPOS="707" WIDTH="38" HEIGHT="19" WC="0.93" CONTENT="och"/><SP WIDTH="17" VPOS="707" HPOS="533"/>
							<String ID="string_171" HPOS="550" VPOS="705" WIDTH="75" HEIGHT="26" WC="0.92" CONTENT="Lahtis,"/><SP WIDTH="19" VPOS="705" HPOS="625"/>
							<String ID="string_172" HPOS="644" VPOS="706" WIDTH="37" HEIGHT="20" WC="0.93" CONTENT="kan"/><SP WIDTH="18" VPOS="706" HPOS="681"/>
							<String ID="string_173" HPOS="699" VPOS="706" WIDTH="101" HEIGHT="20" WC="0.92" CONTENT="Utskottet"/><SP WIDTH="18" VPOS="706" HPOS="800"/>
							<String ID="string_174" HPOS="818" VPOS="707" WIDTH="44" HEIGHT="19" WC="0.92" CONTENT="icke"/><SP WIDTH="17" VPOS="707" HPOS="862"/>
							<String ID="string_175" HPOS="879" VPOS="709" WIDTH="59" HEIGHT="18" WC="0.96" CONTENT="annat"/>
						</TextLine>
						<TextLine ID="line_20" HPOS="191" VPOS="732" WIDTH="746" HEIGHT="27">
							<String ID="string_176" HPOS="191" VPOS="735" WIDTH="25" HEIGHT="18" WC="0.93" CONTENT="än"/><SP WIDTH="15" VPOS="735" HPOS="216"/>
							<String ID="string_177" HPOS="231" VPOS="733" WIDTH="78" HEIGHT="19" WC="0.92" CONTENT="förorda"/><SP WIDTH="14" VPOS="733" HPOS="309"/>
							<String ID="string_178" HPOS="323" VPOS="733" WIDTH="47" HEIGHT="19" WC="0.93" CONTENT="dess"/><SP WIDTH="15" VPOS="733" HPOS="370"/>
							<String ID="string_179" HPOS="385" VPOS="738" WIDTH="57" HEIGHT="14" WC="0.93" CONTENT="snara"/><SP WIDTH="14" VPOS="738" HPOS="442"/>
							<String ID="string_180" HPOS="456" VPOS="733" WIDTH="119" HEIGHT="26" WC="0.91" CONTENT="anläggning."/><SP WIDTH="31" VPOS="733" HPOS="575"/>
							<String ID="string_181" HPOS="606" VPOS="733" WIDTH="32" HEIGHT="20" WC="0.91" CONTENT="Uti"/><SP WIDTH="14" VPOS="733" HPOS="638"/>
							<String ID="string_182" HPOS="652" VPOS="733" WIDTH="39" HEIGHT="20" WC="0.93" CONTENT="den"/><SP WIDTH="14" VPOS="733" HPOS="691"/>
							<String ID="string_183" HPOS="705" VPOS="732" WIDTH="74" HEIGHT="27" WC="0.91" CONTENT="Nädiga"/><SP WIDTH="9" VPOS="732" HPOS="779"/>
							<String ID="string_184" HPOS="788" VPOS="733" WIDTH="149" HEIGHT="25" WC="0.96" CONTENT="propositionen"/>
						</TextLine>
						<TextLine ID="line_21" HPOS="191" VPOS="759" WIDTH="746" HEIGHT="26">
							<String ID="string_185" HPOS="191" VPOS="762" WIDTH="71" HEIGHT="23" WC="0.96" CONTENT="yttras,"/><SP WIDTH="17" VPOS="762" HPOS="262"/>
							<String ID="string_186" HPOS="279" VPOS="762" WIDTH="28" HEIGHT="17" WC="0.93" CONTENT="att"/><SP WIDTH="13" VPOS="762" HPOS="307"/>
							<String ID="string_187" HPOS="320" VPOS="759" WIDTH="108" HEIGHT="20" WC="0.96" CONTENT="kostnaden"/><SP WIDTH="14" VPOS="759" HPOS="428"/>
							<String ID="string_188" HPOS="442" VPOS="759" WIDTH="31" HEIGHT="20" WC="0.95" CONTENT="för"/><SP WIDTH="14" VPOS="759" HPOS="473"/>
							<String ID="string_189" HPOS="487" VPOS="759" WIDTH="53" HEIGHT="20" WC="0.91" CONTENT="detta"/><SP WIDTH="15" VPOS="759" HPOS="540"/>
							<String ID="string_190" HPOS="555" VPOS="759" WIDTH="68" HEIGHT="20" WC="0.96" CONTENT="arbete"/><SP WIDTH="13" VPOS="759" HPOS="623"/>
							<String ID="string_191" HPOS="636" VPOS="759" WIDTH="57" HEIGHT="20" WC="0.96" CONTENT="torde"/><SP WIDTH="14" VPOS="759" HPOS="693"/>
							<String ID="string_192" HPOS="707" VPOS="759" WIDTH="79" HEIGHT="20" WC="0.95" CONTENT="komma"/><SP WIDTH="11" VPOS="759" HPOS="786"/>
							<String ID="string_193" HPOS="797" VPOS="762" WIDTH="27" HEIGHT="17" WC="0.93" CONTENT="att"/><SP WIDTH="10" VPOS="762" HPOS="824"/>
							<String ID="string_194" HPOS="834" VPOS="759" WIDTH="66" HEIGHT="26" WC="0.95" CONTENT="uppgå"/><SP WIDTH="12" VPOS="759" HPOS="900"/>
							<String ID="string_195" HPOS="912" VPOS="760" WIDTH="25" HEIGHT="20" WC="0.96" CONTENT="till"/>
						</TextLine>
						<TextLine ID="line_22" HPOS="191" VPOS="785" WIDTH="746" HEIGHT="27">
							<String ID="string_196" HPOS="191" VPOS="787" WIDTH="87" HEIGHT="22" WC="0.90" CONTENT="400,000"/><SP WIDTH="9" VPOS="787" HPOS="278"/>
							<String ID="string_197" HPOS="287" VPOS="787" WIDTH="72" HEIGHT="24" WC="0.93" CONTENT="mark,"/><SP WIDTH="20" VPOS="787" HPOS="359"/>
							<String ID="string_198" HPOS="379" VPOS="787" WIDTH="105" HEIGHT="18" WC="0.96" CONTENT="hvaremot"/><SP WIDTH="15" VPOS="787" HPOS="484"/>
							<String ID="string_199" HPOS="499" VPOS="786" WIDTH="34" HEIGHT="19" WC="0.93" CONTENT="det"/><SP WIDTH="16" VPOS="786" HPOS="533"/>
							<String ID="string_200" HPOS="549" VPOS="785" WIDTH="70" HEIGHT="20" WC="0.93" CONTENT="derom"/><SP WIDTH="16" VPOS="785" HPOS="619"/>
							<String ID="string_201" HPOS="635" VPOS="786" WIDTH="117" HEIGHT="25" WC="0.91" CONTENT="upprättadé"/><SP WIDTH="17" VPOS="786" HPOS="752"/>
							<String ID="string_202" HPOS="769" VPOS="786" WIDTH="168" HEIGHT="26" WC="0.95" CONTENT="kostnadsförslag"/>
						</TextLine>
						<TextLine ID="line_23" HPOS="191" VPOS="812" WIDTH="747" HEIGHT="26">
							<String ID="string_203" HPOS="191" VPOS="815" WIDTH="97" HEIGHT="23" WC="0.91" CONTENT="upptager"/><SP WIDTH="14" VPOS="815" HPOS="288"/>
							<String ID="string_204" HPOS="302" VPOS="813" WIDTH="70" HEIGHT="18" WC="0.93" CONTENT="endast"/><SP WIDTH="13" VPOS="813" HPOS="372"/>
							<String ID="string_205" HPOS="385" VPOS="813" WIDTH="89" HEIGHT="24" WC="0.91" CONTENT="284,000"/><SP WIDTH="14" VPOS="813" HPOS="474"/>
							<String ID="string_206" HPOS="488" VPOS="812" WIDTH="64" HEIGHT="19" WC="0.96" CONTENT="mark."/><SP WIDTH="29" VPOS="812" HPOS="552"/>
							<String ID="string_207" HPOS="581" VPOS="812" WIDTH="58" HEIGHT="19" WC="0.96" CONTENT="Emot"/><SP WIDTH="14" VPOS="812" HPOS="639"/>
							<String ID="string_208" HPOS="653" VPOS="812" WIDTH="53" HEIGHT="19" WC="0.96" CONTENT="detta"/><SP WIDTH="14" VPOS="812" HPOS="706"/>
							<String ID="string_209" HPOS="720" VPOS="813" WIDTH="78" HEIGHT="25" WC="0.96" CONTENT="förslag,"/><SP WIDTH="14" VPOS="813" HPOS="798"/>
							<String ID="string_210" HPOS="812" VPOS="818" WIDTH="44" HEIGHT="14" WC="0.92" CONTENT="som"/><SP WIDTH="10" VPOS="818" HPOS="856"/>
							<String ID="string_211" HPOS="866" VPOS="813" WIDTH="72" HEIGHT="19" WC="0.91" CONTENT="omfat-"/>
						</TextLine>
						<TextLine ID="line_24" HPOS="192" VPOS="838" WIDTH="748" HEIGHT="26">
							<String ID="string_212" HPOS="192" VPOS="841" WIDTH="30" HEIGHT="17" WC="0.93" CONTENT="tar"/><SP WIDTH="15" VPOS="841" HPOS="222"/>
							<String ID="string_213" HPOS="237" VPOS="839" WIDTH="102" HEIGHT="24" WC="0.92" CONTENT="samteliga"/><SP WIDTH="15" VPOS="839" HPOS="339"/>
							<String ID="string_214" HPOS="354" VPOS="838" WIDTH="81" HEIGHT="19" WC="0.96" CONTENT="arbeten"/><SP WIDTH="14" VPOS="838" HPOS="435"/>
							<String ID="string_215" HPOS="449" VPOS="839" WIDTH="29" HEIGHT="18" WC="0.96" CONTENT="för"/><SP WIDTH="14" VPOS="839" HPOS="478"/>
							<String ID="string_216" HPOS="492" VPOS="839" WIDTH="111" HEIGHT="25" WC="0.90" CONTENT="Kymmene"/><SP WIDTH="15" VPOS="839" HPOS="603"/>
							<String ID="string_217" HPOS="618" VPOS="839" WIDTH="36" HEIGHT="18" WC="0.89" CONTENT="elfs"/><SP WIDTH="15" VPOS="839" HPOS="654"/>
							<String ID="string_218" HPOS="669" VPOS="838" WIDTH="136" HEIGHT="26" WC="0.91" CONTENT="kanalisering,"/><SP WIDTH="11" VPOS="838" HPOS="805"/>
							<String ID="string_219" HPOS="816" VPOS="839" WIDTH="36" HEIGHT="19" WC="0.92" CONTENT="bör"/><SP WIDTH="10" VPOS="839" HPOS="852"/>
							<String ID="string_220" HPOS="862" VPOS="841" WIDTH="78" HEIGHT="17" WC="0.92" CONTENT="anmär-"/>
						</TextLine>
						<TextLine ID="line_25" HPOS="191" VPOS="864" WIDTH="748" HEIGHT="26">
							<String ID="string_221" HPOS="191" VPOS="864" WIDTH="36" HEIGHT="20" WC="0.96" CONTENT="kas"/><SP WIDTH="15" VPOS="864" HPOS="227"/>
							<String ID="string_222" HPOS="242" VPOS="867" WIDTH="27" HEIGHT="17" WC="0.96" CONTENT="att"/><SP WIDTH="15" VPOS="867" HPOS="269"/>
							<String ID="string_223" HPOS="284" VPOS="864" WIDTH="131" HEIGHT="20" WC="0.96" CONTENT="kostnaderna"/><SP WIDTH="15" VPOS="864" HPOS="415"/>
							<String ID="string_224" HPOS="430" VPOS="864" WIDTH="33" HEIGHT="20" WC="0.96" CONTENT="vid"/><SP WIDTH="15" VPOS="864" HPOS="463"/>
							<String ID="string_225" HPOS="478" VPOS="864" WIDTH="64" HEIGHT="20" WC="0.96" CONTENT="skedd"/><SP WIDTH="14" VPOS="864" HPOS="542"/>
							<String ID="string_226" HPOS="556" VPOS="864" WIDTH="117" HEIGHT="26" WC="0.96" CONTENT="granskning"/><SP WIDTH="14" VPOS="864" HPOS="673"/>
							<String ID="string_227" HPOS="687" VPOS="865" WIDTH="100" HEIGHT="19" WC="0.96" CONTENT="befunnits"/><SP WIDTH="15" VPOS="865" HPOS="787"/>
							<String ID="string_228" HPOS="802" VPOS="870" WIDTH="46" HEIGHT="14" WC="0.96" CONTENT="vara"/><SP WIDTH="10" VPOS="870" HPOS="848"/>
							<String ID="string_229" HPOS="858" VPOS="865" WIDTH="28" HEIGHT="19" WC="0.93" CONTENT="uti"/><SP WIDTH="10" VPOS="865" HPOS="886"/>
							<String ID="string_230" HPOS="896" VPOS="865" WIDTH="43" HEIGHT="20" WC="0.90" CONTENT="det-"/>
						</TextLine>
						<TextLine ID="line_26" HPOS="192" VPOS="890" WIDTH="747" HEIGHT="26">
							<String ID="string_231" HPOS="192" VPOS="896" WIDTH="76" HEIGHT="15" WC="0.93" CONTENT="samma"/><SP WIDTH="15" VPOS="896" HPOS="268"/>
							<String ID="string_232" HPOS="283" VPOS="893" WIDTH="30" HEIGHT="17" WC="0.92" CONTENT="tör"/><SP WIDTH="15" VPOS="893" HPOS="313"/>
							<String ID="string_233" HPOS="328" VPOS="890" WIDTH="40" HEIGHT="26" WC="0.96" CONTENT="lågt"/><SP WIDTH="14" VPOS="890" HPOS="368"/>
							<String ID="string_234" HPOS="382" VPOS="890" WIDTH="120" HEIGHT="23" WC="0.96" CONTENT="beräknade,"/><SP WIDTH="17" VPOS="890" HPOS="502"/>
							<String ID="string_235" HPOS="519" VPOS="890" WIDTH="68" HEIGHT="20" WC="0.96" CONTENT="såsom"/><SP WIDTH="14" VPOS="890" HPOS="587"/>
							<String ID="string_236" HPOS="601" VPOS="891" WIDTH="68" HEIGHT="19" WC="0.96" CONTENT="derom"/><SP WIDTH="14" VPOS="891" HPOS="669"/>
							<String ID="string_237" HPOS="683" VPOS="892" WIDTH="60" HEIGHT="18" WC="0.96" CONTENT="redan"/><SP WIDTH="18" VPOS="892" HPOS="743"/>
							<String ID="string_238" HPOS="761" VPOS="892" WIDTH="52" HEIGHT="18" WC="0.96" CONTENT="förut"/><SP WIDTH="16" VPOS="892" HPOS="813"/>
							<String ID="string_239" HPOS="829" VPOS="891" WIDTH="64" HEIGHT="20" WC="0.93" CONTENT="blifvit"/><SP WIDTH="14" VPOS="891" HPOS="893"/>
							<String ID="string_240" HPOS="907" VPOS="897" WIDTH="32" HEIGHT="14" WC="0.91" CONTENT="or-"/>
						</TextLine>
						<TextLine ID="line_27" HPOS="191" VPOS="918" WIDTH="748" HEIGHT="25">
							<String ID="string_241" HPOS="191" VPOS="918" WIDTH="54" HEIGHT="19" WC="0.91" CONTENT="dadt."/><SP WIDTH="30" VPOS="918" HPOS="245"/>
							<String ID="string_242" HPOS="275" VPOS="918" WIDTH="42" HEIGHT="18" WC="0.96" CONTENT="Den"/><SP WIDTH="16" VPOS="918" HPOS="317"/>
							<String ID="string_243" HPOS="333" VPOS="918" WIDTH="109" HEIGHT="24" WC="0.93" CONTENT="föreslagna"/><SP WIDTH="15" VPOS="918" HPOS="442"/>
							<String ID="string_244" HPOS="457" VPOS="918" WIDTH="187" HEIGHT="18" WC="0.91" CONTENT="tillskottssumman"/><SP WIDTH="11" VPOS="918" HPOS="644"/>
							<String ID="string_245" HPOS="655" VPOS="918" WIDTH="55" HEIGHT="24" WC="0.96" CONTENT="utgör"/><SP WIDTH="10" VPOS="918" HPOS="710"/>
							<String ID="string_246" HPOS="720" VPOS="918" WIDTH="82" HEIGHT="25" WC="0.96" CONTENT="ungefär"/><SP WIDTH="14" VPOS="918" HPOS="802"/>
							<String ID="string_247" HPOS="816" VPOS="918" WIDTH="26" HEIGHT="19" WC="0.97" CONTENT="tio"/><SP WIDTH="14" VPOS="918" HPOS="842"/>
							<String ID="string_248" HPOS="856" VPOS="920" WIDTH="83" HEIGHT="23" WC="0.96" CONTENT="procent"/>
						</TextLine>
						<TextLine ID="line_28" HPOS="191" VPOS="943" WIDTH="748" HEIGHT="26">
							<String ID="string_249" HPOS="191" VPOS="944" WIDTH="22" HEIGHT="19" WC="0.96" CONTENT="af"/><SP WIDTH="12" VPOS="944" HPOS="213"/>
							<String ID="string_250" HPOS="225" VPOS="944" WIDTH="109" HEIGHT="19" WC="0.96" CONTENT="kostnaden"/><SP WIDTH="14" VPOS="944" HPOS="334"/>
							<String ID="string_251" HPOS="348" VPOS="944" WIDTH="5" HEIGHT="18" WC="0.96" CONTENT="i"/><SP WIDTH="14" VPOS="944" HPOS="353"/>
							<String ID="string_252" HPOS="367" VPOS="944" WIDTH="34" HEIGHT="19" WC="0.96" CONTENT="det"/><SP WIDTH="14" VPOS="944" HPOS="401"/>
							<String ID="string_253" HPOS="415" VPOS="944" WIDTH="137" HEIGHT="25" WC="0.96" CONTENT="ursprungliga"/><SP WIDTH="15" VPOS="944" HPOS="552"/>
							<String ID="string_254" HPOS="567" VPOS="944" WIDTH="99" HEIGHT="24" WC="0.95" CONTENT="förslaget."/><SP WIDTH="29" VPOS="944" HPOS="666"/>
							<String ID="string_255" HPOS="695" VPOS="944" WIDTH="38" HEIGHT="19" WC="0.95" CONTENT="Om"/><SP WIDTH="17" VPOS="944" HPOS="733"/>
							<String ID="string_256" HPOS="750" VPOS="950" WIDTH="45" HEIGHT="13" WC="0.95" CONTENT="man"/><SP WIDTH="17" VPOS="950" HPOS="795"/>
							<String ID="string_257" HPOS="812" VPOS="943" WIDTH="54" HEIGHT="25" WC="0.93" CONTENT="följer"/><SP WIDTH="22" VPOS="943" HPOS="866"/>
							<String ID="string_258" HPOS="888" VPOS="949" WIDTH="51" HEIGHT="14" WC="0.92" CONTENT="sam-"/>
						</TextLine>
						<TextLine ID="line_29" HPOS="192" VPOS="969" WIDTH="746" HEIGHT="26">
							<String ID="string_259" HPOS="192" VPOS="976" WIDTH="32" HEIGHT="14" WC="0.95" CONTENT="ma"/><SP WIDTH="15" VPOS="976" HPOS="224"/>
							<String ID="string_260" HPOS="239" VPOS="970" WIDTH="106" HEIGHT="25" WC="0.96" CONTENT="beräkning"/><SP WIDTH="14" VPOS="970" HPOS="345"/>
							<String ID="string_261" HPOS="359" VPOS="970" WIDTH="5" HEIGHT="19" WC="0.96" CONTENT="i"/><SP WIDTH="15" VPOS="970" HPOS="364"/>
							<String ID="string_262" HPOS="379" VPOS="970" WIDTH="93" HEIGHT="19" WC="0.93" CONTENT="afseende"/><SP WIDTH="17" VPOS="970" HPOS="472"/>
							<String ID="string_263" HPOS="489" VPOS="970" WIDTH="11" HEIGHT="19" WC="0.91" CONTENT="å"/><SP WIDTH="15" VPOS="970" HPOS="500"/>
							<String ID="string_264" HPOS="515" VPOS="970" WIDTH="37" HEIGHT="19" WC="0.96" CONTENT="den"/><SP WIDTH="17" VPOS="970" HPOS="552"/>
							<String ID="string_265" HPOS="569" VPOS="976" WIDTH="26" HEIGHT="12" WC="0.96" CONTENT="nu"/><SP WIDTH="18" VPOS="976" HPOS="595"/>
							<String ID="string_266" HPOS="613" VPOS="969" WIDTH="147" HEIGHT="26" WC="0.96" CONTENT="ifrågavarande"/><SP WIDTH="17" VPOS="969" HPOS="760"/>
							<String ID="string_267" HPOS="777" VPOS="970" WIDTH="87" HEIGHT="25" WC="0.95" CONTENT="partiella"/><SP WIDTH="17" VPOS="970" HPOS="864"/>
							<String ID="string_268" HPOS="881" VPOS="970" WIDTH="57" HEIGHT="20" WC="0.96" CONTENT="delen"/>
						</TextLine>
						<TextLine ID="line_30" HPOS="192" VPOS="995" WIDTH="747" HEIGHT="26">
							<String ID="string_269" HPOS="192" VPOS="997" WIDTH="21" HEIGHT="18" WC="0.96" CONTENT="af"/><SP WIDTH="12" VPOS="997" HPOS="213"/>
							<String ID="string_270" HPOS="225" VPOS="997" WIDTH="43" HEIGHT="19" WC="0.96" CONTENT="hela"/><SP WIDTH="15" VPOS="997" HPOS="268"/>
							<String ID="string_271" HPOS="283" VPOS="996" WIDTH="81" HEIGHT="20" WC="0.96" CONTENT="kanalen"/><SP WIDTH="14" VPOS="996" HPOS="364"/>
							<String ID="string_272" HPOS="378" VPOS="997" WIDTH="39" HEIGHT="19" WC="0.96" CONTENT="och"/><SP WIDTH="14" VPOS="997" HPOS="417"/>
							<String ID="string_273" HPOS="431" VPOS="996" WIDTH="78" HEIGHT="19" WC="0.96" CONTENT="förökar"/><SP WIDTH="14" VPOS="996" HPOS="509"/>
							<String ID="string_274" HPOS="523" VPOS="995" WIDTH="82" HEIGHT="20" WC="0.93" CONTENT="nämnda"/><SP WIDTH="15" VPOS="995" HPOS="605"/>
							<String ID="string_275" HPOS="620" VPOS="996" WIDTH="87" HEIGHT="25" WC="0.89" CONTENT="284,000"/><SP WIDTH="14" VPOS="996" HPOS="707"/>
							<String ID="string_276" HPOS="721" VPOS="996" WIDTH="56" HEIGHT="19" WC="0.96" CONTENT="mark"/><SP WIDTH="16" VPOS="996" HPOS="777"/>
							<String ID="string_277" HPOS="793" VPOS="997" WIDTH="44" HEIGHT="19" WC="0.96" CONTENT="med"/><SP WIDTH="15" VPOS="997" HPOS="837"/>
							<String ID="string_278" HPOS="852" VPOS="996" WIDTH="26" HEIGHT="19" WC="0.92" CONTENT="tio"/><SP WIDTH="14" VPOS="996" HPOS="878"/>
							<String ID="string_279" HPOS="892" VPOS="1001" WIDTH="47" HEIGHT="20" WC="0.91" CONTENT="pro-"/>
						</TextLine>
						<TextLine ID="line_31" HPOS="194" VPOS="1022" WIDTH="746" HEIGHT="27">
							<String ID="string_280" HPOS="194" VPOS="1025" WIDTH="52" HEIGHT="22" WC="0.96" CONTENT="cent,"/><SP WIDTH="16" VPOS="1025" HPOS="246"/>
							<String ID="string_281" HPOS="262" VPOS="1027" WIDTH="61" HEIGHT="22" WC="0.96" CONTENT="synes"/><SP WIDTH="15" VPOS="1027" HPOS="323"/>
							<String ID="string_282" HPOS="338" VPOS="1023" WIDTH="96" HEIGHT="20" WC="0.96" CONTENT="sannolikt"/><SP WIDTH="15" VPOS="1023" HPOS="434"/>
							<String ID="string_283" HPOS="449" VPOS="1025" WIDTH="27" HEIGHT="16" WC="0.96" CONTENT="att"/><SP WIDTH="15" VPOS="1025" HPOS="476"/>
							<String ID="string_284" HPOS="491" VPOS="1022" WIDTH="111" HEIGHT="20" WC="0.96" CONTENT="kostnaden"/><SP WIDTH="14" VPOS="1022" HPOS="602"/>
							<String ID="string_285" HPOS="616" VPOS="1022" WIDTH="30" HEIGHT="19" WC="0.93" CONTENT="för"/><SP WIDTH="13" VPOS="1022" HPOS="646"/>
							<String ID="string_286" HPOS="659" VPOS="1023" WIDTH="68" HEIGHT="19" WC="0.91" CONTENT="Kalkis"/><SP WIDTH="18" VPOS="1023" HPOS="727"/>
							<String ID="string_287" HPOS="745" VPOS="1023" WIDTH="38" HEIGHT="19" WC="0.92" CONTENT="och"/><SP WIDTH="16" VPOS="1023" HPOS="783"/>
							<String ID="string_288" HPOS="799" VPOS="1023" WIDTH="89" HEIGHT="26" WC="0.90" CONTENT="Jyränkö"/><SP WIDTH="17" VPOS="1023" HPOS="888"/>
							<String ID="string_289" HPOS="905" VPOS="1023" WIDTH="35" HEIGHT="19" WC="0.90" CONTENT="ka-"/>
						</TextLine>
						<TextLine ID="line_32" HPOS="192" VPOS="1048" WIDTH="747" HEIGHT="26">
							<String ID="string_290" HPOS="192" VPOS="1050" WIDTH="29" HEIGHT="19" WC="0.91" CONTENT="nal"/><SP WIDTH="16" VPOS="1050" HPOS="221"/>
							<String ID="string_291" HPOS="237" VPOS="1049" WIDTH="45" HEIGHT="20" WC="0.96" CONTENT="icke"/><SP WIDTH="15" VPOS="1049" HPOS="282"/>
							<String ID="string_292" HPOS="297" VPOS="1049" WIDTH="38" HEIGHT="19" WC="0.93" CONTENT="kan"/><SP WIDTH="14" VPOS="1049" HPOS="335"/>
							<String ID="string_293" HPOS="349" VPOS="1049" WIDTH="106" HEIGHT="25" WC="0.91" CONTENT="öfverstiga"/><SP WIDTH="16" VPOS="1049" HPOS="455"/>
							<String ID="string_294" HPOS="471" VPOS="1049" WIDTH="85" HEIGHT="24" WC="0.91" CONTENT="320,000"/><SP WIDTH="11" VPOS="1049" HPOS="556"/>
							<String ID="string_295" HPOS="567" VPOS="1049" WIDTH="63" HEIGHT="18" WC="0.93" CONTENT="mark."/><SP WIDTH="29" VPOS="1049" HPOS="630"/>
							<String ID="string_296" HPOS="659" VPOS="1048" WIDTH="74" HEIGHT="20" WC="0.87" CONTENT="Dervid"/><SP WIDTH="10" VPOS="1048" HPOS="733"/>
							<String ID="string_297" HPOS="743" VPOS="1049" WIDTH="35" HEIGHT="20" WC="0.96" CONTENT="bör"/><SP WIDTH="10" VPOS="1049" HPOS="778"/>
							<String ID="string_298" HPOS="788" VPOS="1049" WIDTH="58" HEIGHT="19" WC="0.93" CONTENT="likväl"/><SP WIDTH="14" VPOS="1049" HPOS="846"/>
							<String ID="string_299" HPOS="860" VPOS="1051" WIDTH="79" HEIGHT="17" WC="0.92" CONTENT="anmär-"/>
						</TextLine>
						<TextLine ID="line_33" HPOS="193" VPOS="1074" WIDTH="745" HEIGHT="26">
							<String ID="string_300" HPOS="193" VPOS="1075" WIDTH="42" HEIGHT="24" WC="0.96" CONTENT="kas,"/><SP WIDTH="20" VPOS="1075" HPOS="235"/>
							<String ID="string_301" HPOS="255" VPOS="1078" WIDTH="28" HEIGHT="17" WC="0.95" CONTENT="att"/><SP WIDTH="17" VPOS="1078" HPOS="283"/>
							<String ID="string_302" HPOS="300" VPOS="1075" WIDTH="80" HEIGHT="19" WC="0.96" CONTENT="kanalen"/><SP WIDTH="17" VPOS="1075" HPOS="380"/>
							<String ID="string_303" HPOS="397" VPOS="1075" WIDTH="63" HEIGHT="20" WC="0.96" CONTENT="blifvit"/><SP WIDTH="18" VPOS="1075" HPOS="460"/>
							<String ID="string_304" HPOS="478" VPOS="1075" WIDTH="98" HEIGHT="20" WC="0.95" CONTENT="beräknad"/><SP WIDTH="18" VPOS="1075" HPOS="576"/>
							<String ID="string_305" HPOS="594" VPOS="1075" WIDTH="26" HEIGHT="18" WC="0.96" CONTENT="till"/><SP WIDTH="19" VPOS="1075" HPOS="620"/>
							<String ID="string_306" HPOS="639" VPOS="1080" WIDTH="36" HEIGHT="13" WC="0.96" CONTENT="sex"/><SP WIDTH="16" VPOS="1080" HPOS="675"/>
							<String ID="string_307" HPOS="691" VPOS="1075" WIDTH="28" HEIGHT="18" WC="0.96" CONTENT="fot"/><SP WIDTH="17" VPOS="1075" HPOS="719"/>
							<String ID="string_308" HPOS="736" VPOS="1074" WIDTH="48" HEIGHT="26" WC="0.95" CONTENT="djup"/><SP WIDTH="17" VPOS="1074" HPOS="784"/>
							<String ID="string_309" HPOS="801" VPOS="1076" WIDTH="38" HEIGHT="18" WC="0.96" CONTENT="och"/><SP WIDTH="17" VPOS="1076" HPOS="839"/>
							<String ID="string_310" HPOS="856" VPOS="1077" WIDTH="28" HEIGHT="17" WC="0.96" CONTENT="att"/><SP WIDTH="16" VPOS="1077" HPOS="884"/>
							<String ID="string_311" HPOS="900" VPOS="1075" WIDTH="38" HEIGHT="19" WC="0.96" CONTENT="den"/>
						</TextLine>
						<TextLine ID="line_34" HPOS="193" VPOS="1101" WIDTH="746" HEIGHT="25">
							<String ID="string_312" HPOS="193" VPOS="1101" WIDTH="131" HEIGHT="25" WC="0.92" CONTENT="följakteligen"/><SP WIDTH="14" VPOS="1101" HPOS="324"/>
							<String ID="string_313" HPOS="338" VPOS="1101" WIDTH="80" HEIGHT="20" WC="0.95" CONTENT="komme"/><SP WIDTH="14" VPOS="1101" HPOS="418"/>
							<String ID="string_314" HPOS="432" VPOS="1103" WIDTH="28" HEIGHT="16" WC="0.95" CONTENT="att"/><SP WIDTH="13" VPOS="1103" HPOS="460"/>
							<String ID="string_315" HPOS="473" VPOS="1101" WIDTH="60" HEIGHT="19" WC="0.96" CONTENT="blifva"/><SP WIDTH="15" VPOS="1101" HPOS="533"/>
							<String ID="string_316" HPOS="548" VPOS="1107" WIDTH="23" HEIGHT="13" WC="0.96" CONTENT="en"/><SP WIDTH="15" VPOS="1107" HPOS="571"/>
							<String ID="string_317" HPOS="586" VPOS="1101" WIDTH="28" HEIGHT="18" WC="0.96" CONTENT="fot"/><SP WIDTH="13" VPOS="1101" HPOS="614"/>
							<String ID="string_318" HPOS="627" VPOS="1101" WIDTH="97" HEIGHT="24" WC="0.96" CONTENT="grundare"/><SP WIDTH="14" VPOS="1101" HPOS="724"/>
							<String ID="string_319" HPOS="738" VPOS="1102" WIDTH="24" HEIGHT="18" WC="0.96" CONTENT="än"/><SP WIDTH="14" VPOS="1102" HPOS="762"/>
							<String ID="string_320" HPOS="776" VPOS="1101" WIDTH="37" HEIGHT="19" WC="0.96" CONTENT="den"/><SP WIDTH="16" VPOS="1101" HPOS="813"/>
							<String ID="string_321" HPOS="829" VPOS="1101" WIDTH="110" HEIGHT="25" WC="0.96" CONTENT="föreslagna"/>
						</TextLine>
						<TextLine ID="line_35" HPOS="193" VPOS="1125" WIDTH="747" HEIGHT="27">
							<String ID="string_322" HPOS="193" VPOS="1127" WIDTH="84" HEIGHT="20" WC="0.96" CONTENT="kanalen"/><SP WIDTH="15" VPOS="1127" HPOS="277"/>
							<String ID="string_323" HPOS="292" VPOS="1127" WIDTH="83" HEIGHT="20" WC="0.93" CONTENT="emellan"/><SP WIDTH="14" VPOS="1127" HPOS="375"/>
							<String ID="string_324" HPOS="389" VPOS="1126" WIDTH="77" HEIGHT="26" WC="0.92" CONTENT="Paijäne"/><SP WIDTH="15" VPOS="1126" HPOS="466"/>
							<String ID="string_325" HPOS="481" VPOS="1127" WIDTH="38" HEIGHT="19" WC="0.93" CONTENT="och"/><SP WIDTH="15" VPOS="1127" HPOS="519"/>
							<String ID="string_326" HPOS="534" VPOS="1125" WIDTH="106" HEIGHT="27" WC="0.91" CONTENT="Wesijärvi"/><SP WIDTH="15" VPOS="1125" HPOS="640"/>
							<String ID="string_327" HPOS="655" VPOS="1126" WIDTH="60" HEIGHT="25" WC="0.95" CONTENT="sjöar."/><SP WIDTH="29" VPOS="1126" HPOS="715"/>
							<String ID="string_328" HPOS="744" VPOS="1127" WIDTH="88" HEIGHT="19" WC="0.95" CONTENT="Emedan"/><SP WIDTH="10" VPOS="1127" HPOS="832"/>
							<String ID="string_329" HPOS="842" VPOS="1126" WIDTH="35" HEIGHT="20" WC="0.95" CONTENT="det"/><SP WIDTH="15" VPOS="1126" HPOS="877"/>
							<String ID="string_330" HPOS="892" VPOS="1132" WIDTH="48" HEIGHT="14" WC="0.96" CONTENT="vore"/>
						</TextLine>
						<TextLine ID="line_36" HPOS="192" VPOS="1152" WIDTH="747" HEIGHT="27">
							<String ID="string_331" HPOS="192" VPOS="1153" WIDTH="97" HEIGHT="26" WC="0.89" CONTENT="önskeligt"/><SP WIDTH="14" VPOS="1153" HPOS="289"/>
							<String ID="string_332" HPOS="303" VPOS="1156" WIDTH="28" HEIGHT="17" WC="0.96" CONTENT="att"/><SP WIDTH="13" VPOS="1156" HPOS="331"/>
							<String ID="string_333" HPOS="344" VPOS="1153" WIDTH="62" HEIGHT="26" WC="0.96" CONTENT="begge"/><SP WIDTH="15" VPOS="1153" HPOS="406"/>
							<String ID="string_334" HPOS="421" VPOS="1153" WIDTH="102" HEIGHT="19" WC="0.96" CONTENT="kanalerna"/><SP WIDTH="16" VPOS="1153" HPOS="523"/>
							<String ID="string_335" HPOS="539" VPOS="1153" WIDTH="62" HEIGHT="19" WC="0.96" CONTENT="skulle"/><SP WIDTH="15" VPOS="1153" HPOS="601"/>
							<String ID="string_336" HPOS="616" VPOS="1152" WIDTH="73" HEIGHT="20" WC="0.96" CONTENT="erhålla"/><SP WIDTH="14" VPOS="1152" HPOS="689"/>
							<String ID="string_337" HPOS="703" VPOS="1153" WIDTH="38" HEIGHT="19" WC="0.95" CONTENT="lika"/><SP WIDTH="10" VPOS="1153" HPOS="741"/>
							<String ID="string_338" HPOS="751" VPOS="1152" WIDTH="141" HEIGHT="26" WC="0.96" CONTENT="dimensioner,"/><SP WIDTH="11" VPOS="1152" HPOS="892"/>
							<String ID="string_339" HPOS="903" VPOS="1154" WIDTH="36" HEIGHT="19" WC="0.96" CONTENT="har"/>
						</TextLine>
						<TextLine ID="line_37" HPOS="193" VPOS="1178" WIDTH="398" HEIGHT="26">
							<String ID="string_340" HPOS="193" VPOS="1179" WIDTH="107" HEIGHT="25" WC="0.95" CONTENT="Utskottet,"/><SP WIDTH="16" VPOS="1179" HPOS="300"/>
							<String ID="string_341" HPOS="316" VPOS="1180" WIDTH="30" HEIGHT="18" WC="0.96" CONTENT="för"/><SP WIDTH="14" VPOS="1180" HPOS="346"/>
							<String ID="string_342" HPOS="360" VPOS="1182" WIDTH="28" HEIGHT="16" WC="0.96" CONTENT="att"/><SP WIDTH="13" VPOS="1182" HPOS="388"/>
							<String ID="string_343" HPOS="401" VPOS="1178" WIDTH="114" HEIGHT="26" WC="0.96" CONTENT="möjliggöra"/><SP WIDTH="14" VPOS="1178" HPOS="515"/>
							<String ID="string_344" HPOS="529" VPOS="1180" WIDTH="62" HEIGHT="23" WC="0.95" CONTENT="detta,"/>
						</TextLine>
					</TextBlock>
				</ComposedBlock>
				<ComposedBlock ID="cblock_4" HPOS="193" VPOS="1216" WIDTH="748" HEIGHT="248">
					<TextBlock ID="block_4" HPOS="295" VPOS="1216" WIDTH="646" HEIGHT="80">
						<TextLine ID="line_38" HPOS="295" VPOS="1216" WIDTH="646" HEIGHT="26">
							<String ID="string_345" HPOS="295" VPOS="1219" WIDTH="61" HEIGHT="18" WC="0.62" CONTENT="ansett"/><SP WIDTH="21" VPOS="1219" HPOS="356"/>
							<String ID="string_346" HPOS="377" VPOS="1218" WIDTH="28" HEIGHT="24" WC="0.95" CONTENT="sig"/><SP WIDTH="22" VPOS="1218" HPOS="405"/>
							<String ID="string_347" HPOS="427" VPOS="1217" WIDTH="46" HEIGHT="19" WC="0.96" CONTENT="böra"/><SP WIDTH="23" VPOS="1217" HPOS="473"/>
							<String ID="string_348" HPOS="496" VPOS="1217" WIDTH="93" HEIGHT="25" WC="0.85" CONTENT="tillstyrka"/><SP WIDTH="15" VPOS="1217" HPOS="589"/>
							<String ID="string_349" HPOS="604" VPOS="1219" WIDTH="28" HEIGHT="17" WC="0.96" CONTENT="att"/><SP WIDTH="14" VPOS="1219" HPOS="632"/>
							<String ID="string_350" HPOS="646" VPOS="1217" WIDTH="31" HEIGHT="19" WC="0.96" CONTENT="det"/><SP WIDTH="14" VPOS="1217" HPOS="677"/>
							<String ID="string_351" HPOS="691" VPOS="1218" WIDTH="24" HEIGHT="24" WC="0.97" CONTENT="af"/><SP WIDTH="11" VPOS="1218" HPOS="715"/>
							<String ID="string_352" HPOS="726" VPOS="1216" WIDTH="65" HEIGHT="21" WC="0.96" CONTENT="Hans"/><SP WIDTH="15" VPOS="1216" HPOS="791"/>
							<String ID="string_353" HPOS="806" VPOS="1217" WIDTH="135" HEIGHT="25" WC="0.96" CONTENT="Kejserliga"/>
						</TextLine>
						<TextLine ID="line_39" HPOS="296" VPOS="1244" WIDTH="643" HEIGHT="26">
							<String ID="string_354" HPOS="296" VPOS="1244" WIDTH="114" HEIGHT="25" WC="0.96" CONTENT="Majestät"/><SP WIDTH="8" VPOS="1244" HPOS="410"/>
							<String ID="string_355" HPOS="418" VPOS="1244" WIDTH="112" HEIGHT="25" WC="0.96" CONTENT="föreslagna"/><SP WIDTH="16" VPOS="1244" HPOS="530"/>
							<String ID="string_356" HPOS="546" VPOS="1244" WIDTH="85" HEIGHT="24" WC="0.93" CONTENT="anslaget"/><SP WIDTH="14" VPOS="1244" HPOS="631"/>
							<String ID="string_357" HPOS="645" VPOS="1244" WIDTH="102" HEIGHT="23" WC="0.91" CONTENT="400,000"/><SP WIDTH="15" VPOS="1244" HPOS="747"/>
							<String ID="string_358" HPOS="762" VPOS="1244" WIDTH="53" HEIGHT="20" WC="0.95" CONTENT="mark"/><SP WIDTH="9" VPOS="1244" HPOS="815"/>
							<String ID="string_359" HPOS="824" VPOS="1245" WIDTH="36" HEIGHT="24" WC="0.93" CONTENT="för"/><SP WIDTH="10" VPOS="1245" HPOS="860"/>
							<String ID="string_360" HPOS="870" VPOS="1244" WIDTH="69" HEIGHT="26" WC="0.91" CONTENT="ifråga-"/>
						</TextLine>
						<TextLine ID="line_40" HPOS="295" VPOS="1270" WIDTH="645" HEIGHT="26">
							<String ID="string_361" HPOS="295" VPOS="1272" WIDTH="83" HEIGHT="20" WC="0.93" CONTENT="varande"/><SP WIDTH="14" VPOS="1272" HPOS="378"/>
							<String ID="string_362" HPOS="392" VPOS="1271" WIDTH="172" HEIGHT="25" WC="0.92" CONTENT="kanalanläggning"/><SP WIDTH="14" VPOS="1271" HPOS="564"/>
							<String ID="string_363" HPOS="578" VPOS="1270" WIDTH="57" HEIGHT="26" WC="0.96" CONTENT="måtte"/><SP WIDTH="15" VPOS="1270" HPOS="635"/>
							<String ID="string_364" HPOS="650" VPOS="1272" WIDTH="26" HEIGHT="18" WC="0.96" CONTENT="till"/><SP WIDTH="14" VPOS="1272" HPOS="676"/>
							<String ID="string_365" HPOS="690" VPOS="1272" WIDTH="44" HEIGHT="18" WC="0.91" CONTENT="hela"/><SP WIDTH="23" VPOS="1272" HPOS="734"/>
							<String ID="string_366" HPOS="757" VPOS="1272" WIDTH="43" HEIGHT="20" WC="0.95" CONTENT="dess"/><SP WIDTH="23" VPOS="1272" HPOS="800"/>
							<String ID="string_367" HPOS="823" VPOS="1272" WIDTH="65" HEIGHT="24" WC="0.93" CONTENT="belopp"/><SP WIDTH="23" VPOS="1272" HPOS="888"/>
							<String ID="string_368" HPOS="911" VPOS="1272" WIDTH="29" HEIGHT="19" WC="0.91" CONTENT="be-"/>
						</TextLine>
					</TextBlock>
					<TextBlock ID="block_5" HPOS="193" VPOS="1299" WIDTH="748" HEIGHT="165">
						<TextLine ID="line_41" HPOS="294" VPOS="1299" WIDTH="62" HEIGHT="25">
							<String ID="string_369" HPOS="294" VPOS="1299" WIDTH="62" HEIGHT="25" WC="0.92" CONTENT="viljas."/>
						</TextLine>
						<TextLine ID="line_42" HPOS="246" VPOS="1332" WIDTH="694" HEIGHT="26">
							<String ID="string_370" HPOS="246" VPOS="1333" WIDTH="37" HEIGHT="19" WC="0.96" CONTENT="För"/><SP WIDTH="14" VPOS="1333" HPOS="283"/>
							<String ID="string_371" HPOS="297" VPOS="1335" WIDTH="28" HEIGHT="17" WC="0.96" CONTENT="att"/><SP WIDTH="14" VPOS="1335" HPOS="325"/>
							<String ID="string_372" HPOS="339" VPOS="1333" WIDTH="114" HEIGHT="25" WC="0.96" CONTENT="erforderlig"/><SP WIDTH="15" VPOS="1333" HPOS="453"/>
							<String ID="string_373" HPOS="468" VPOS="1334" WIDTH="93" HEIGHT="19" WC="0.96" CONTENT="säkerhet"/><SP WIDTH="16" VPOS="1334" HPOS="561"/>
							<String ID="string_374" HPOS="577" VPOS="1332" WIDTH="32" HEIGHT="20" WC="0.96" CONTENT="må"/><SP WIDTH="15" VPOS="1332" HPOS="609"/>
							<String ID="string_375" HPOS="624" VPOS="1334" WIDTH="65" HEIGHT="18" WC="0.96" CONTENT="kunna"/><SP WIDTH="14" VPOS="1334" HPOS="689"/>
							<String ID="string_376" HPOS="703" VPOS="1333" WIDTH="87" HEIGHT="20" WC="0.95" CONTENT="beredas"/><SP WIDTH="10" VPOS="1333" HPOS="790"/>
							<String ID="string_377" HPOS="800" VPOS="1332" WIDTH="19" HEIGHT="20" WC="0.95" CONTENT="åt"/><SP WIDTH="10" VPOS="1332" HPOS="819"/>
							<String ID="string_378" HPOS="829" VPOS="1332" WIDTH="111" HEIGHT="26" WC="0.96" CONTENT="sjöfarande"/>
						</TextLine>
						<TextLine ID="line_43" HPOS="193" VPOS="1358" WIDTH="746" HEIGHT="27">
							<String ID="string_379" HPOS="193" VPOS="1360" WIDTH="6" HEIGHT="21" WC="0.95" CONTENT="i"/><SP WIDTH="14" VPOS="1360" HPOS="199"/>
							<String ID="string_380" HPOS="213" VPOS="1359" WIDTH="70" HEIGHT="21" WC="0.96" CONTENT="Finska"/><SP WIDTH="14" VPOS="1359" HPOS="283"/>
							<String ID="string_381" HPOS="297" VPOS="1360" WIDTH="104" HEIGHT="24" WC="0.94" CONTENT="farvatten,"/><SP WIDTH="16" VPOS="1360" HPOS="401"/>
							<String ID="string_382" HPOS="417" VPOS="1366" WIDTH="59" HEIGHT="13" WC="0.96" CONTENT="anser"/><SP WIDTH="15" VPOS="1366" HPOS="476"/>
							<String ID="string_383" HPOS="491" VPOS="1360" WIDTH="100" HEIGHT="20" WC="0.96" CONTENT="Utskottet"/><SP WIDTH="14" VPOS="1360" HPOS="591"/>
							<String ID="string_384" HPOS="605" VPOS="1361" WIDTH="30" HEIGHT="24" WC="0.96" CONTENT="sig"/><SP WIDTH="14" VPOS="1361" HPOS="635"/>
							<String ID="string_385" HPOS="649" VPOS="1360" WIDTH="46" HEIGHT="19" WC="0.96" CONTENT="böra"/><SP WIDTH="15" VPOS="1360" HPOS="695"/>
							<String ID="string_386" HPOS="710" VPOS="1359" WIDTH="68" HEIGHT="21" WC="0.95" CONTENT="vidare"/><SP WIDTH="15" VPOS="1359" HPOS="778"/>
							<String ID="string_387" HPOS="793" VPOS="1358" WIDTH="71" HEIGHT="21" WC="0.93" CONTENT="föreslå"/><SP WIDTH="17" VPOS="1358" HPOS="864"/>
							<String ID="string_388" HPOS="881" VPOS="1359" WIDTH="58" HEIGHT="20" WC="0.93" CONTENT="inrät-"/>
						</TextLine>
						<TextLine ID="line_44" HPOS="194" VPOS="1385" WIDTH="747" HEIGHT="27">
							<String ID="string_389" HPOS="194" VPOS="1386" WIDTH="59" HEIGHT="22" WC="0.96" CONTENT="tande"/><SP WIDTH="14" VPOS="1386" HPOS="253"/>
							<String ID="string_390" HPOS="267" VPOS="1386" WIDTH="21" HEIGHT="19" WC="0.96" CONTENT="af"/><SP WIDTH="13" VPOS="1386" HPOS="288"/>
							<String ID="string_391" HPOS="301" VPOS="1392" WIDTH="24" HEIGHT="13" WC="0.96" CONTENT="en"/><SP WIDTH="14" VPOS="1392" HPOS="325"/>
							<String ID="string_392" HPOS="339" VPOS="1386" WIDTH="70" HEIGHT="26" WC="0.96" CONTENT="fyrbåk"/><SP WIDTH="15" VPOS="1386" HPOS="409"/>
							<String ID="string_393" HPOS="424" VPOS="1386" WIDTH="20" HEIGHT="20" WC="0.96" CONTENT="af"/><SP WIDTH="13" VPOS="1386" HPOS="444"/>
							<String ID="string_394" HPOS="457" VPOS="1388" WIDTH="51" HEIGHT="23" WC="0.96" CONTENT="tegel"/><SP WIDTH="15" VPOS="1388" HPOS="508"/>
							<String ID="string_395" HPOS="523" VPOS="1386" WIDTH="24" HEIGHT="25" WC="0.92" CONTENT="på"/><SP WIDTH="18" VPOS="1386" HPOS="547"/>
							<String ID="string_396" HPOS="565" VPOS="1386" WIDTH="99" HEIGHT="20" WC="0.91" CONTENT="Ulkokalla"/><SP WIDTH="15" VPOS="1386" HPOS="664"/>
							<String ID="string_397" HPOS="679" VPOS="1386" WIDTH="65" HEIGHT="25" WC="0.96" CONTENT="klippa"/><SP WIDTH="18" VPOS="1386" HPOS="744"/>
							<String ID="string_398" HPOS="762" VPOS="1386" WIDTH="76" HEIGHT="20" WC="0.93" CONTENT="utanför"/><SP WIDTH="14" VPOS="1386" HPOS="838"/>
							<String ID="string_399" HPOS="852" VPOS="1385" WIDTH="89" HEIGHT="26" WC="0.91" CONTENT="Kalajoki"/>
						</TextLine>
						<TextLine ID="line_45" HPOS="195" VPOS="1412" WIDTH="745" HEIGHT="27">
							<String ID="string_400" HPOS="195" VPOS="1413" WIDTH="85" HEIGHT="20" WC="0.96" CONTENT="sockens"/><SP WIDTH="14" VPOS="1413" HPOS="280"/>
							<String ID="string_401" HPOS="294" VPOS="1412" WIDTH="54" HEIGHT="26" WC="0.96" CONTENT="kust,"/><SP WIDTH="15" VPOS="1412" HPOS="348"/>
							<String ID="string_402" HPOS="363" VPOS="1412" WIDTH="101" HEIGHT="20" WC="0.96" CONTENT="beräknad"/><SP WIDTH="14" VPOS="1412" HPOS="464"/>
							<String ID="string_403" HPOS="478" VPOS="1415" WIDTH="28" HEIGHT="17" WC="0.96" CONTENT="att"/><SP WIDTH="14" VPOS="1415" HPOS="506"/>
							<String ID="string_404" HPOS="520" VPOS="1413" WIDTH="56" HEIGHT="19" WC="0.93" CONTENT="kosta"/><SP WIDTH="15" VPOS="1413" HPOS="576"/>
							<String ID="string_405" HPOS="591" VPOS="1413" WIDTH="73" HEIGHT="24" WC="0.92" CONTENT="63,632"/><SP WIDTH="15" VPOS="1413" HPOS="664"/>
							<String ID="string_406" HPOS="679" VPOS="1413" WIDTH="63" HEIGHT="25" WC="0.96" CONTENT="mark,"/><SP WIDTH="17" VPOS="1413" HPOS="742"/>
							<String ID="string_407" HPOS="759" VPOS="1415" WIDTH="28" HEIGHT="17" WC="0.93" CONTENT="ett"/><SP WIDTH="14" VPOS="1415" HPOS="787"/>
							<String ID="string_408" HPOS="801" VPOS="1413" WIDTH="97" HEIGHT="26" WC="0.90" CONTENT="fyrfartyg"/><SP WIDTH="9" VPOS="1413" HPOS="898"/>
							<String ID="string_409" HPOS="907" VPOS="1412" WIDTH="33" HEIGHT="20" WC="0.96" CONTENT="vid"/>
						</TextLine>
						<TextLine ID="line_46" HPOS="195" VPOS="1439" WIDTH="745" HEIGHT="25">
							<String ID="string_410" HPOS="195" VPOS="1439" WIDTH="143" HEIGHT="25" WC="0.91" CONTENT="Taipalenluoto"/><SP WIDTH="14" VPOS="1439" HPOS="338"/>
							<String ID="string_411" HPOS="352" VPOS="1439" WIDTH="63" HEIGHT="25" WC="0.96" CONTENT="grund"/><SP WIDTH="14" VPOS="1439" HPOS="415"/>
							<String ID="string_412" HPOS="429" VPOS="1439" WIDTH="6" HEIGHT="18" WC="0.96" CONTENT="i"/><SP WIDTH="14" VPOS="1439" HPOS="435"/>
							<String ID="string_413" HPOS="449" VPOS="1439" WIDTH="76" HEIGHT="25" WC="0.96" CONTENT="Ladoga"/><SP WIDTH="15" VPOS="1439" HPOS="525"/>
							<String ID="string_414" HPOS="540" VPOS="1439" WIDTH="36" HEIGHT="25" WC="0.96" CONTENT="sjö,"/><SP WIDTH="17" VPOS="1439" HPOS="576"/>
							<String ID="string_415" HPOS="593" VPOS="1439" WIDTH="99" HEIGHT="20" WC="0.95" CONTENT="beräknad"/><SP WIDTH="10" VPOS="1439" HPOS="692"/>
							<String ID="string_416" HPOS="702" VPOS="1439" WIDTH="25" HEIGHT="19" WC="0.93" CONTENT="tili"/><SP WIDTH="11" VPOS="1439" HPOS="727"/>
							<String ID="string_417" HPOS="738" VPOS="1440" WIDTH="74" HEIGHT="24" WC="0.92" CONTENT="41,600"/><SP WIDTH="9" VPOS="1440" HPOS="812"/>
							<String ID="string_418" HPOS="821" VPOS="1439" WIDTH="57" HEIGHT="19" WC="0.96" CONTENT="mark"/><SP WIDTH="11" VPOS="1439" HPOS="878"/>
							<String ID="string_419" HPOS="889" VPOS="1442" WIDTH="51" HEIGHT="16" WC="0.96" CONTENT="samt"/>
						</TextLine>
					</TextBlock>
				</ComposedBlock>
			</PrintSpace>
		</Page>
	</Layout>
</alto>
