1014 1689
169 145 38 33 346
391 148 71 22 Nädiga
475 148 139 23 Propositionen
628 148 35 17 N:o
676 149 27 16 30.

173 199 28 18 ler
219 201 27 16 att
264 198 53 19 inom
336 200 60 16 utsatt
413 197 27 19 tid
458 197 125 24 redovisning
600 197 90 24 insända,
709 197 48 19 skall
776 196 68 19 sådant
861 201 59 15 anses

174 224 67 19 såsom
257 224 51 19 hade
322 223 38 19 han
374 222 69 20 försält
457 223 33 19 allt
504 223 34 20 det
553 223 108 24 stämplade
677 228 73 19 papper
763 223 38 18 han
811 223 107 25 emottagit,

174 253 53 17 samt
241 250 98 25 betalning
353 249 79 19 derföre
446 252 69 23 genast
529 250 36 18 hos
580 250 72 18 honom
660 249 89 20 utsökas.

228 277 10 25 $
252 278 32 19 40.
314 276 32 19 Till
367 275 228 26 Registratorskontoren
616 275 31 20 vid
668 275 95 20 Senatens
783 275 81 19 Justitie
884 277 38 17 och

175 303 109 20 Ekonomie
300 303 162 24 Departementer
477 303 49 18 skall
542 301 115 25 framdeles,
673 302 85 19 likasom
772 301 84 32 härtills,
872 301 49 20 ifrän

175 330 156 19 Landskontoret
346 329 4 18 i
365 329 52 19 länet
433 329 98 19 utlemnas
550 329 105 24 stämpladt
674 333 74 20 papper
765 328 24 25 pä
807 328 114 31 regvisition

175 357 21 18 af
210 355 148 21 vederbörande
376 355 130 26 Registrator,
526 361 43 14 som
587 355 33 19 det
637 355 72 26 åligger
726 358 28 16 att
769 355 68 24 hvarje
852 354 28 25 är,
896 354 24 27 pä

176 384 40 18 sätt,
230 383 68 19 derom
314 371 101 31 särskildt
421 384 22 17 är
457 382 120 24 förordnadt,
593 382 25 19 till
635 374 153 33 Länestyrelsen
809 371 71 36 afgifva
902 382 20 19 li-

176 409 47 25 gvid
234 410 30 19 för
273 409 33 20 Jet
316 409 110 25 stämplade
441 414 74 20 papper
529 410 38 18 han
582 408 62 19 under
657 409 97 25 förloppet
766 408 20 20 af
798 397 41 30 Jet
841 408 81 19 nästför-

176 435 97 26 utgångna
288 435 43 26 året
345 438 54 17 emot
416 435 59 20 sådan
490 435 113 26 regvisition
618 435 84 19 erhållit.

230 463 10 24 $
254 464 33 18 44.
318 462 97 19 Åstundar
430 462 157 25 Häradshöfding
601 464 28 16 att
643 462 29 19 för
686 462 25 19 de
722 461 142 26 expeditioner,
879 467 43 14 som

176 489 24 18 af
212 489 74 19 honom
300 488 93 24 utfärdas,
411 487 39 20 utfä
465 489 108 24 stämpladt
589 493 75 20 papper
681 488 25 25 på
724 488 74 24 kredit,
818 488 49 19 skall
886 488 38 19 han

176 515 69 19 derom
260 515 76 20 anmäla
350 515 37 19 hos
402 515 151 25 Länestyrelsen
568 515 43 23 och,
627 514 52 25 uppå
694 514 106 25 anordning
816 515 21 18 af
850 514 73 19 Lands-

177 542 101 23 kontoret,
297 540 43 20 från
357 541 156 19 Landtränteriet
529 541 72 20 erhålla
620 541 88 25 lämpliga
726 541 128 30 qvantiteter,
870 543 54 16 emot

177 568 87 24 skriftlig
274 558 122 29 förbindelse
411 570 29 16 att
454 567 98 26 betalning
566 568 29 19 för
610 567 102 19 desamma
727 567 57 19 innan
798 567 37 19 den
852 568 29 19 31
888 567 36 19 De-

179 594 81 19 cember
278 592 70 31 hvarje
368 593 20 19 är
406 594 85 25 erlögga;
511 583 50 30 dock
579 592 31 21 må
628 596 43 23 nytt
688 594 84 19 förskott
786 593 20 19 af
819 593 106 30 stämpladt

179 626 75 20 papper
270 619 17 26 ej
302 619 88 26 beviljas,
406 621 58 18 innan
475 609 157 35 Häradshöfding
642 619 86 26 fullgjort
738 619 66 20 hvad
797 615 11 34 i
816 619 9 25 $
835 621 25 18 36
870 619 54 20 stad-

176 653 44 20 gas.
248 647 131 25 Transporten
394 647 20 18 af
427 647 106 24 stämpladt
547 652 80 20 papper,
645 652 42 13 som
698 647 20 18 af
726 646 156 25 Häradshöfding
897 645 25 26 pä

178 673 64 20 kredit
255 673 143 25 utreqvireras,
414 673 95 25 påkostas
523 673 44 19 icke
581 673 20 19 af
614 673 84 23 Kronan,
715 675 45 17 utan
776 673 34 19 bör
825 658 43 44 den,
876 662 6 9 «
881 678 45 14 som

180 700 114 25 reqvisition
312 699 58 26 gjort,
389 698 47 25 sjelf
452 701 46 18 eller
515 705 70 20 genom
602 699 72 20 ombud
689 699 25 26 på
732 699 66 20 stället
809 702 66 23 uttaga
893 699 34 20 det

182 726 110 25 stämplade
306 731 74 20 papper
395 727 37 18 han
448 726 24 25 på
487 726 63 20 kredit
565 725 90 20 erhåller.

232 753 10 24 $
256 753 26 19 42
322 751 153 21 Vederbörande
492 753 127 19 embetsverk
636 752 37 19 och
692 751 127 26 tjenstemän,
839 758 44 14 som
898 752 28 20 till

182 779 43 19 sine
239 779 133 24 expeditioner
386 779 86 25 begagna
487 779 78 29 tryckta
576 779 115 24 blanketter,
704 784 47 14 vare
760 765 120 43 berättigade
890 781 34 21 att,

179 805 24 26 på
218 806 92 19 anmälan
325 806 36 18 hos
375 794 129 31 Guvernören
519 811 4 12 i
539 806 50 19 länet
598 821 3 8 ,
618 795 90 34 antingen
722 805 42 19 från
779 794 92 30 ränteriet
885 795 41 30 utfå

179 827 89 40 lämpligt
282 831 72 25 belopp
369 831 20 19 af
402 831 123 26 erforderligt
540 817 107 43 stämplat
656 836 75 20 papper
740 832 29 19 för
779 833 29 18 att
816 831 111 20 blankelter

178 857 119 26 påtryckas,
317 858 47 19 eller
378 857 39 20 ock
435 857 17 19 få
467 859 42 18 sine
524 857 110 20 blanketter
648 863 72 19 genom
735 857 139 20 Guvernörens
888 859 40 18 för-

180 890 46 19 sorg
241 884 26 19 till
277 869 149 45 kartasigillata-
427 884 90 19 kontoret
527 884 125 24 öfversända,
664 884 30 19 för
703 886 27 17 att
740 884 104 19 derstädes
853 886 76 29 stämp-

180 911 29 18 las
215 899 46 30 och
276 909 68 20 såsom
360 915 64 14 annan
439 900 213 36 kartasigillataremiss
663 911 25 18 till
705 910 157 20 Landskontoret
876 911 52 20 åter-

181 937 79 19 sändas.
290 936 106 20 Hvarefter
410 937 26 18 de
451 926 81 31 sålunda
547 937 109 24 stämplade
671 936 136 20 bianketterne
821 937 25 20 till
864 939 64 18 ränte-

181 963 37 19 riet
235 963 93 19 aflemnas
344 964 38 18 och
400 963 114 26 derstädes,
535 963 37 20 lika
589 963 46 19 med
653 965 56 17 annat
726 963 105 26 stämpladt
844 969 82 20 papper,

182 989 108 20 behandlas
304 989 38 19 och
357 989 109 25 redovisas,
486 993 51 16 samt
551 989 48 20 efter
617 989 61 20 behof
691 989 29 20 till
737 990 147 20 vederbörande
899 993 30 17 ut-

182 1016 70 24 gifvas.

236 1043 9 23 $
259 1043 33 18 43.
321 1041 28 19 Då
365 1042 62 24 karta,
443 1043 69 19 ämnad
527 1043 26 19 till
569 1043 111 23 expedition
695 1043 37 18 hos
742 1043 129 19 embetsverk
881 1044 48 18 eller

182 1067 127 25 tjensteman,
329 1073 70 19 genom
418 1068 134 26 misskrifning
569 1068 119 26 förderfvas,
707 1068 32 19 mä
758 1068 36 20 slik
812 1070 61 23 karta,
890 1069 38 19 ifall

182 1094 137 30 expeditionen
334 1094 42 19 icke
391 1094 63 19 finnes
470 1101 45 13 vara
531 1094 161 24 underskrifven,
713 1095 36 18 hos
767 1081 160 44 Länestyrelsen,

182 1120 25 25 pä
222 1120 37 19 den
274 1121 30 19 för
317 1120 138 25 expeditionen
470 1122 104 24 ansvarige
592 1111 168 33 tjenstemannens
779 1123 95 21 anmälan,
892 1122 36 19 och

183 1146 45 19 med
243 1148 49 18 hans
307 1147 94 23 reversal,
418 1146 79 26 utbytas
512 1136 53 30 emot
581 1149 43 23 nytt
639 1147 107 25 stämpladt
762 1153 75 19 papper
854 1148 20 18 af
890 1148 38 20 lika

183 1172 68 20 värde.
280 1174 43 18 Men
338 1174 21 18 är
374 1159 136 44 expeditionen
525 1174 59 19 redan
599 1173 160 25 underskrifven,
771 1174 115 19 ankommer
896 1174 33 20 det

184 1198 24 25 på
224 1199 96 19 Senatens
334 1198 110 20 Ekonomie
454 1200 139 24 Departement
602 1202 27 16 att
640 1200 5 18 i
656 1200 68 24 hvarje
736 1200 29 19 fall
776 1202 90 18 närmare
876 1201 53 24 pröf-

185 1231 23 12 va
224 1226 37 18 och
276 1225 89 19 förordna
380 1231 33 13 om
427 1226 110 18 restitution
552 1227 46 17 eller
613 1226 115 24 afskrifning
738 1227 19 17 af
766 1227 164 24 stämpelafgiften

184 1250 29 19 för
228 1250 24 20 de
268 1250 112 20 misskrifna
396 1251 91 19 kartorna
502 1252 35 18 bör
552 1250 81 24 beviljas
648 1252 104 19 äfvensom
766 1252 85 19 Senaten
866 1253 64 19 tillhör

184 1278 27 17 att
226 1277 99 29 medgifva
339 1276 69 26 utbyte
423 1278 20 18 af
456 1278 65 18 kartor
536 1278 26 19 till
577 1277 73 19 sådane
666 1278 140 25 expeditioner,
822 1279 30 18 för
864 1278 64 29 hvilka

184 1303 108 25 afgifterne,
311 1304 4 18 i
333 1304 99 19 anseende
449 1304 26 20 tili
493 1304 101 26 fattiglom
613 1304 54 19 eller
681 1310 61 14 annan
757 1305 42 25 laga
816 1306 69 23 orsak,
912 1304 17 26 ej

184 1318 74 31 kunnat
272 1320 36 30 hos
323 1330 108 25 sakegaren
448 1330 57 20 utfås.

238 1356 10 26 $
262 1358 32 18 44.
324 1342 106 45 Förefaller
445 1358 131 25 misskrifning
590 1357 31 20 vid
631 1358 67 19 kartas
708 1358 127 31 användande
844 1359 26 19 till
882 1359 48 19 kon-

186 1383 52 19 trakt
253 1384 47 18 eller
314 1384 111 24 afhandling
438 1384 21 18 af
471 1384 75 20 enskild
560 1390 77 20 person,
654 1384 21 20 så
691 1384 33 20 må
739 1384 84 21 tillstånd
841 1386 26 30 till
883 1386 47 19 dess

185 1410 111 26 utbytande
310 1410 59 20 sökas
384 1410 4 19 i
403 1404 139 36 nyssbemälde
557 1412 141 24 Departement
713 1412 20 19 af
744 1412 90 24 Senaten,
846 1411 11 20 å
867 1413 63 19 hvars

186 1436 150 22 bestämmande
350 1435 69 21 sådant
433 1437 5 19 i
453 1436 69 26 hvarje
535 1438 32 19 fall
582 1438 120 24 ankommer;
719 1438 51 20 dock
780 1438 32 20 må
822 1438 5 19 i
838 1438 92 20 afseende
