992 1698
189 159 34 19 622
437 159 72 21 Nädiga
520 159 139 23 Propositionen
672 158 36 18 N:o
719 158 28 18 26.

377 227 2 3 N
527 208 11 24 S
552 208 32 19 15.

242 244 73 28 Allider
329 245 47 20 eller
390 244 112 28 bortflyttar
518 244 118 20 ordförande
652 244 48 21 eller
710 244 49 24 vice
773 244 116 25 ordförande
903 245 27 19 in-

189 277 38 15 nan
241 271 27 22 tid
283 272 29 20 för
326 270 49 22 hans
389 272 107 27 befattning
509 274 33 18 ute
557 272 28 24 är,
602 271 61 20 varde
677 276 63 15 annan
754 276 81 21 person;
847 269 83 22 såsom
919 265 14 38 i

190 298 10 26 $
213 298 24 26 13
252 296 58 28 sagdt
323 300 28 24 är,
366 299 72 20 utsedd
453 298 5 19 i
472 298 38 20 den
524 297 105 27 afgängnes
643 297 55 21 ställe
712 298 30 19 för
756 297 38 20 den
807 297 28 26 tid
843 304 45 13 som
897 299 32 23 än-

188 331 27 14 nu
235 323 90 22 återstår.
357 324 73 20 Sådant
447 325 31 19 val
496 325 91 19 anställes
604 324 11 20 ä
632 324 38 20 den
690 324 97 20 ordinarie
806 324 124 20 kommunal-

189 353 93 24 stämma,
305 357 44 15 som
368 352 50 19 först
437 351 76 21 infaller
533 351 62 20 sedan
616 351 94 20 behofvet
726 351 22 19 af
762 353 43 24 nytt
822 351 31 20 val
871 351 59 23 kändt

188 378 47 21 blef.

527 404 11 26 $
552 405 32 19 16.

242 446 205 24 Kommunalstämma
461 446 48 20 skall
524 445 61 20 hållas
600 446 5 18 i
620 446 144 24 sockenstugan
782 445 46 19 eller
844 445 11 20 3
873 448 57 17 ännat

189 472 88 26 lämpligt
291 478 51 18 rum,
359 478 44 14 som
417 473 20 19 af
450 474 97 18 stämman
561 472 62 20 dertill
634 472 71 20 varder
713 471 74 20 utsedt.

528 524 10 26 $
553 525 31 19 17.

242 570 121 26 Kungörelse
376 575 33 13 om
421 570 200 19 kommunalstämma
631 569 88 19 utfärdas
729 570 21 18 af
761 568 171 20 ordföranden
901 564 33 36 el=

189 596 35 25 ter,
240 596 5 19 i
260 596 93 19 händelse
366 596 22 19 af
398 595 29 26 jäf
439 597 49 18 eller
501 596 69 19 hinder:
584 595 11 20 å
610 596 50 19 hans
674 595 87 24 sida;:af
773 595 43 19 vice
831 596 100 19 -ordföran-

188 621 44 26 den,
248 623 39 18 och
301 622 50 20 skäll
363 622 97 20 innehålla
473 622 92 21 bestämd
582 622 77 25 uppgift
676 627 37 22 om
724 621 26 20 tid
767 622 39 19 och
823 622 64 25 ställe;
904 623 27 18 äf-

188 652 84 16 vensom
290 649 25 19 de
331 648 95 25 ärender,
445 649 66 19 hvilka
528 649 80 19 komma
624 651 28 16 att
668 649 6 18 i
691 650 97 18 stämman
808 648 121 25 föredragas.

188 673 135 28 Kungörelsen'
343 675 94 25 uppläses
457 675 5 19 i
483 675 130 20 kommunens
631 675 62 26 kyrka
710 675 48 19 eller
778 674 73 27 kyrkor
871 675 60 19 minst

188 699 73 26 fjorton
273 701 61 26 dagar
348 701 52 20 förut
414 702 39 19 och
466 701 48 20 sista
528 701 76 26 gången
618 700 11 20 å
644 701 100 25 söndagen
759 703 44 18 näst
816 701 42 19 före
870 703 61 18 stäm-

190 733 51 14 man.
272 729 26 18 Är
312 728 199 19 kommunalstämma
526 730 62 17 utsatt
601 727 26 20 till
642 727 37 25 dag
693 727 24 20 då
732 727 113 26 gudstjenst
862 727 67 26 hålles,

189 753 36 20 bör
239 753 130 26 kungörelsen
383 753 38 20 den
435 754 63 25 dagen
512 753 52 27 ånyo
578 754 102 25 uppläsas.
709 754 86 19 Fordras
813 755 30 18 för
859 754 73 20 ärende

189 780 65 19 större
268 779 151 27 skyndsamhet,
435 779 32 20 må
482 780 109 21 detsamma
606 780 59 20 äfven
683 779 49 20 efter
746 780 80 20 kortare
841 780 91 27 kallelse-

189 805 28 21 tid
231 807 98 26 företagas
342 805 26 28 till
386 806 38 21 den
441 806 78 27 åtgärd,
537 811 45 16 som
599 806 19 20 af
634 806 193 27 omständigheterna
842 806 90 27 päkallas

189 833 39 20 och
242 832 43 22 icke
298 835 49 19 utan
360 834 103 26 olägenhet
476 833 119 30 uppskjutas
608 834 47 20 kan.

530 884 10 29 $
554 888 32 20 18.

242 930 103 20 Ordinarie
363 930 211 20 kommunalstämmor
594 930 55 20 skola
670 930 52 25 uppå
743 926 107 34 söcknedag
864 930 68 21 hållas

189 956 75 25 årligen
277 959 31 17 tre
321 956 83 26 gånger:
426 962 25 14 en
464 957 6 18 i
483 957 53 19 Mars
552 956 71 20 månad
644 957 29 19 för
686 959 28 16 att
730 957 48 19 fatta
798 957 67 19 beslut
879 958 5 18 i
898 962 34 14 an-

189 983 80 25 ledning
280 983 22 19 af
313 983 39 20 den
377 983 127 19 årsberättelse
514 984 38 18 och
566 983 127 24 redovisning
707 983 29 19 för
745 982 120 27 föregående
877 984 55 20 årets

189 1009 122 26 förvaltning,
327 1008 174 21 kommunalnämd
515 1009 93 25 afgifver:
624 1014 24 14 en
662 1010 6 18 i
682 1009 118 25 September
812 1009 79 27 månad,
903 1011 30 19 för

189 1038 28 17 att
235 1036 112 20 bestämma.
366 1035 132 21 kommunens
518 1036 78 24 utgifts-
609 1036 38 19 och
668 1036 127 19 inkomststat
815 1036 117 21 under
880 1031 11 33 -:
898 1036 34 21 det

189 1062 118 20 kommande
321 1062 50 24 året,
382 1064 28 17 att
422 1062 81 20 anställa
513 1063 31 19 val
559 1062 25 19 till
594 1062 25 20 de
632 1062 129 25 befattningar
774 1063 159 21 inom:-kommur-

189 1094 44 19 nen;
251 1088 70 20 hvilka
331 1088 35 20 vid
377 1087 56 21 årets
448 1090 39 18 slut
500 1088 142 26 blifva:lediga,
653 1092 53 16 samt
719 1089 31 19 för
763 1091 28 17 att
805 1089 76 20 besluta
896 1091 37 19 hu-

189 1115 69 19 ruvida
273 1115 99 25 decharge:
386 1114 32 20 mä:
433 1115 212 20 kommunalnämnden
658 1115 102 20 meddelas
771 1116 30 18 för
815 1116 117 25 föregående

189 1140 52 20 årets
254 1141 127 25 förvaltning;
397 1141 38 19 och
445 1142 39 19 en
479 1136 15 36 i
499 1142 111 19 December
624 1140 70 21 månad
707 1142 29 18 för
748 1142 118 25 granskning
880 1143 21 19 af
913 1142 18 26 ej

189 1168 76 19 mindre
277 1167 37 20 den
329 1167 24 29 i$
368 1167 25 20 56
403 1168 83 20 nämnda
500 1168 108 24 taxerings-
621 1168 47 19 eller
682 1168 107 25 röstlängd,
805 1170 24 18 än
843 1169 39 19 ock
894 1169 38 20 den

189 1194 29 19 för
232 1194 43 19 året
288 1193 108 28 uppgjorda
410 1194 131 25 debiterings-
554 1194 37 19 och
606 1194 167 26 uppbördslängd,
789 1197 52 17 samt
855 1196 29 18 för
898 1196 30 20 val

186 1220 21 19 af
217 1220 108 20 rövisörer.
347 1216 46 24 Äro
407 1221 59 19 äfven
475 1220 61 20 andra
549 1220 84 20 ärender
642 1221 100 20 beroende
756 1219 24 27 på
792 1220 137 29 föredragning

187 1246 5 18 i
207 1245 204 25 kommunalstämma,
426 1246 49 19 "böra
486 1246 74 24 jemväl
574 1246 60 19 dessa
647 1246 70 20 dervid
731 1248 103 23 upptagas.
919 1254 2 3 i

425 1326 13 2 N
527 1298 11 26 $
552 1298 32 20 19.

240 1343 131 21 Förekomma
383 1343 85 19 emellan
482 1342 97 21 ordinarie:
595 1342 235 21 kommunalstämmorna
845 1343 84 21 ärender

187 1374 44 15 som
244 1369 45 20 icke
304 1369 37 20 tåla
355 1369 91 26 uppskof,
462 1369 90 26 antingen
566 1368 74 21 sådana
653 1369 63 20 blifvit
729 1369 22 20 af
758 1369 129 29 Guvernören
902 1371 27 20 el-

187 1395 29 20 ler
230 1395 214 21 kommunalnämnden
464 1396 26 20 till
508 1397 108 19 stämmans
637 1395 86 20 hörande
742 1395 125 26 hänskjutna,
882 1397 47 20 eller

188 1423 109 19 stämmans
311 1422 117 21 ordförande
442 1421 57 26 eljest
512 1423 62 20 finner
588 1422 34 21 det
635 1422 71 25 nödigt,
725 1422 33 21 må
772 1423 7 19 i
791 1425 23 24 ty
828 1423 30 20 fall
873 1425 55 18 extra

187 1448 200 21 kommunalstämma
399 1448 74 25 jemväl
491 1449 10 20 å
516 1450 73 25 söndag
608 1450 84 19 utsättas
705 1450 40 19 och
764 1449 85 23 kallelse,
857 1449 69 25 dertill,
