1014 1689
185 139 34 18 872
402 137 71 22 Nådiga
484 139 140 22 Propositionen
637 138 35 17 N:o
684 138 28 17 30.

184 186 121 21 Kontrakter
322 193 33 13 om
373 188 113 18 leveranser
503 187 47 20 eller
567 189 58 17 annat
641 186 94 25 åtagande
750 187 30 19 för
794 187 90 19 Kronans
901 187 27 19 el-

183 214 31 19 ler
230 213 72 20 allmän
319 213 116 26 inrättnings
452 213 61 19 behof
525 215 102 23 upprättas
642 212 10 20 å
667 213 118 25 ostämpladt
799 219 80 19 papper.

238 240 32 19 2:0
299 239 129 25 Domstolars,
444 239 79 26 publika
538 239 60 20 verks
612 241 52 17 samt
678 239 61 20 andra
753 240 95 19 allmänna
862 239 66 19 inrätt-

183 266 86 25 ningars,
286 266 105 20 stiftelsers
406 267 38 18 och
458 266 103 20 samfunds
575 265 132 26 inneliggande
722 265 121 25 handlingar,
862 268 67 23 proto-

181 292 12 19 k
201 293 53 24 oller,
270 292 128 25 Jomböcker,
414 292 145 26 registraturer,
571 292 78 25 diarier,
660 292 141 26 räkenskaper,
812 292 117 19 förtecknin-

183 325 36 20 gar
233 325 27 14 m.
277 325 26 14 m.
320 319 76 20 sådant.

235 347 33 18 2:0
284 346 145 25 Regvisitioner
443 347 37 18 och
496 345 128 26 anordningar
639 345 28 19 för
679 346 96 19 allmänna
792 345 71 19 kassor
875 348 52 16 samt

182 372 126 26 uträkningar
323 372 9 19 å
348 372 99 25 upplupna
463 374 65 17 räntor
541 372 26 19 till
582 371 79 25 publika
678 372 69 19 fonder
763 371 61 25 jemte
841 371 88 26 gvittan-

182 404 33 14 ser
230 400 38 18 och
284 399 57 19 bevis
355 399 56 18 öfver
425 399 27 19 dit
466 397 68 26 gjorda
549 398 144 26 inbetalningar.

235 426 33 18 4:0
285 424 129 20 Debetsedlar
429 425 10 19 å
455 425 75 23 krono-,
546 424 64 19 stads-
624 426 37 18 och
672 424 60 20 andra
743 424 94 20 allmänna
851 424 78 26 utskyl-

183 451 41 24 der,
242 451 104 25 räkningar
360 450 10 20 å
386 451 99 20 tullmedel
501 451 38 19 och
553 451 146 25 auktionsinrop
715 456 25 14 m.
759 456 36 18 m.,
811 453 52 17 samt
877 451 53 25 qvit-

183 480 67 18 tanser
266 477 37 20 och
318 477 57 20 bevis
390 478 55 19 öfver
460 478 139 20 inbetalningar
613 476 5 20 i
633 477 100 25 anledning
747 477 62 19 deraf.

238 505 34 19 5:0
293 503 186 27 Läneobligationer,
491 504 178 25 depositionsbevis
684 504 37 19 och
733 503 194 25 skuldförbindelser,

181 530 105 20 utfärdade
300 531 21 18 af
333 530 63 20 finska
414 534 58 16 stats-
486 531 38 19 och
538 530 143 19 militieverken
703 533 51 16 samt
768 530 91 20 Finlands
874 530 54 20 Bank

184 558 39 18 och
237 557 212 25 Hypotheksförening.

237 584 33 18 6:0
300 583 126 25 Förteckning
443 583 10 19 ä
471 583 79 19 husfolk
567 582 34 20 vid
620 582 189 26 mantalsskrifning,
825 583 76 26 uppgift
919 583 9 19 å

181 609 85 19 resande
282 609 4 19 i
302 610 42 18 stal
359 616 27 13 m.
402 616 27 12 m.
446 610 68 25 dylikt.

238 636 32 18 7:0
299 636 59 18 Bevis
375 636 56 19 öfver
450 635 105 19 verkställd
572 636 96 24 stämning
686 636 38 18 och
741 635 168 20 kommunikation
923 636 5 18 i

183 662 37 20 alla
239 662 107 19 kriminella
364 663 38 18 och
420 662 56 19 civila
493 660 125 26 rättegängs-
634 664 50 16 samt
699 661 153 26 ulsökningsmäl
865 661 64 25 jemte

184 688 57 20 bevis
256 688 56 19 öfver
326 688 81 20 kallelse
422 688 26 20 till
463 688 165 26 syneförrättning
642 694 27 13 m.
686 694 25 12 ni.

240 715 32 19 8:0
300 714 36 20 Mål
355 714 82 20 rörande
454 714 53 19 brott
524 717 53 17 emot
593 715 70 19 allmän
681 715 39 24 lag,
737 717 56 16 emot
807 714 120 25 ekonomie-,

182 740 68 26 politie
275 740 38 20 och
327 741 206 25 militärförfattningar
547 744 51 16 samt
616 740 99 20 fiskaliska
730 740 99 26 aktioner,
845 741 85 19 hvarun-

183 767 37 19 der
234 767 57 20 likväl
307 766 18 26 ej
341 766 72 20 förstås
426 766 40 20 mål
480 772 33 14 om
527 767 137 25 &fverklagade
679 766 126 26 olagligheter
819 767 32 19 vid
865 770 65 22 prest-

184 794 32 19 val
231 794 46 18 med
292 794 47 19 flere
358 794 66 25 dylika
443 792 93 23 tillfällen,
552 793 25 20 då
592 793 63 20 målen
671 793 44 19 icke
729 793 48 26 angä
793 794 83 25 egentlig
891 794 38 19 för-

183 820 94 26 brytelse,
295 824 45 16 utan
355 820 100 25 rätteligen
470 822 34 17 äro
518 823 27 17 att
560 826 58 14 anses
635 819 68 20 såsom
718 819 63 21 civila.

236 847 33 19 9:0
296 846 37 20 Mål
348 847 85 19 rörande
442 847 153 24 anmärkningar
605 846 33 20 vid
648 846 158 25 uppbördsmans
817 847 37 18 och
866 852 63 14 annan

182 873 128 25 redogörares
326 873 140 25 räkenskaper.

235 900 31 19 10.
298 899 180 25 Värfningstvister.

236 926 32 19 11.
299 926 40 19 Alla
354 925 117 24 handlingar
485 926 83 19 rörande
583 926 109 24 försäkring
707 926 46 19 eller
768 925 107 25 ersättning
885 926 44 19 der-

182 952 42 19 före
239 951 4 20 i
258 952 90 24 ärender,
365 957 44 14 som
424 951 32 19 vid
467 952 149 19 Direktionerne
626 952 29 19 för
665 952 75 19 landets
751 952 94 19 allmänna
857 951 73 20 brand-

182 978 121 25 stodsbolag,
321 978 196 25 [örsäkringsbolaget
526 979 79 24 Sampo,
617 977 261 26 sjöassuransförenmgarne
888 979 42 18 och

181 1004 174 20 lifränteanstalten
370 1006 50 17 samt
435 1005 37 19 hos
482 1005 58 19 deras
550 1007 80 23 agenter
645 1005 4 18 i
660 1005 92 19 städerna
762 1005 37 18 och
809 1004 120 20 brandstods

183 1030 97 20 komit&er
296 1030 23 26 pä
335 1031 65 19 landet
414 1031 47 19 e'ler
476 1032 36 19 hos
527 1031 84 19 utselde
629 1031 185 25 kompromissarier
831 1031 98 20 förekom-

182 1063 39 18 ma;
237 1058 104 19 äfvensom
357 1057 172 26 försäkringsbref,
546 1058 179 24 assuranspoliser,
744 1057 57 20 bevis
819 1060 52 16 samt
885 1063 46 20 pre-

182 1084 38 19 mie
235 1084 110 25 gvittanser
367 1089 26 13 m.
413 1089 35 20 m.,
464 1089 44 14 som
523 1084 21 19 af
557 1083 57 25 något
631 1083 179 26 försäkringsbolag
828 1084 5 18 i
847 1084 82 20 Finland

181 1111 95 21 utfärdas,
290 1109 64 26 jemte
374 1110 36 19 alla
432 1110 24 19 till
477 1110 202 25 försäkringsärendet
697 1111 86 19 hörande
804 1110 123 26 handlingar.

181 1135 107 20 Enahanda
302 1135 76 20 förmån
393 1135 86 26 åtnjutes
494 1137 58 19 äfven
574 1136 29 19 för
617 1137 103 19 utländska
738 1136 191 26 försäkringsbolags

181 1163 193 24 premieqvittanser.

236 1190 46 18 12:0
310 1189 82 19 Skrifter
407 1189 37 19 och
460 1189 119 25 handlingar,
596 1194 43 14 som
655 1189 32 19 vid
701 1189 154 25 borgerskapets
873 1191 5 17 i
896 1189 33 19 nä-

181 1220 38 19 gon
234 1215 44 19 stad
292 1214 164 25 sammankomst,
472 1215 35 19 der
517 1216 183 23 Magistratsperson
717 1214 16 25 ej
750 1215 4 19 å
768 1215 98 20 embetets
881 1217 46 24 väg-

183 1246 35 13 nar
234 1242 21 17 är
273 1240 129 25 närvarande,
419 1240 21 19 sä
455 1241 37 18 ock
503 1241 30 18 vid
550 1240 124 25 sjömanshus
685 1241 48 18 eller
744 1241 31 18 vid
791 1241 108 19 sockenstäi

181 1271 39 18 ma,
237 1266 80 19 allmänt
332 1267 29 18 val
376 1269 51 16 samt
441 1267 4 18 i
461 1266 99 25 kyrkoråd
574 1267 38 18 och
625 1267 116 24 fattigvärds
755 1266 105 26 inrättning
874 1267 55 24 ingif-

181 1297 37 14 vas
232 1293 38 18 och
284 1292 32 19 allt
331 1292 53 20 hvad
398 1291 87 20 derifrån
501 1292 95 19 utfärdas.

236 1319 46 19 13:0
312 1319 39 19 Alla
367 1318 119 25 handlingar,
503 1324 43 14 som
560 1321 103 23 upprättas
677 1319 20 20 af
711 1319 47 19 eller
771 1318 49 27 angä
835 1319 93 26 inbygga-

181 1351 23 13 re
218 1345 4 19 i
237 1345 136 26 Lappmarken
388 1345 37 20 och
443 1345 57 19 deras
518 1345 168 26 angelägenheter.

235 1372 45 19 14:0
309 1371 73 26 Frågor
395 1371 84 20 rörande
493 1372 104 26 nybygges
610 1372 134 26 anläggningar
754 1375 51 16 samt
814 1373 115 26 utsyningar

182 1398 27 19 till
224 1397 120 26 svedjeland,
360 1399 104 18 äfvensom
480 1399 129 19 ekonomiska
624 1398 131 26 besigtningar
770 1398 10 20 ä
791 1399 138 20 kronobostäl-

180 1425 38 24 len,
234 1425 156 19 kronohemman
412 1425 38 19 och
465 1425 59 19 andra
545 1425 185 25 kronolägenheter,
748 1431 44 13 men
807 1427 120 18 instrumen-
