1014 1686
184 151 35 18 830
402 150 70 22 Nädiga
484 151 140 21 Propositionen
637 150 37 16 N:o
686 149 29 17 30.

187 183 128 32 —
400 183 43 32 a
563 183 179 32 aan
779 183 152 32 anata

211 226 65 23 vexel,
298 225 102 25 anvisning
423 225 39 18 och
479 224 118 26 assignation
613 224 22 19 af
649 224 36 19 alla
701 223 48 25 slag,

211 241 91 30 karteras
315 252 52 18 efter
380 236 157 44 kapitalbeloppet
544 253 10 17 :

213 278 26 19 till
254 279 39 18 och
306 277 46 19 med
366 278 39 19 400
419 276 56 19 mark
498 292 4 3 .
796 284 26 4 —
873 274 25 18 80

213 304 115 19 Jerutöfver
342 303 26 20 till
383 303 39 19 och
435 303 46 19 med
496 303 37 20 800
548 291 60 31 mark
811 301 8 18 1
873 300 25 19 50

257 339 10 8 »
394 337 11 10 »
474 330 60 24 1,000
564 337 10 9 »
605 344 3 3 .
809 327 12 18 2
873 336 25 3 —

257 365 10 8 »
395 363 10 10 »
474 346 60 33 11500
565 364 10 9 »
809 353 12 19 3

258 391 9 9 »
396 391 9 8 »
473 383 61 23 2,000
564 390 10 9 »
809 381 13 18 4
872 389 27 4 —

258 417 10 9 »
397 416 9 9 »
475 409 59 24 3,000
549 425 2 3 .
564 417 10 8 »
810 407 12 19 6]
873 416 25 3 —

258 444 9 8 »
396 443 9 9 »
474 436 60 23 4,000
563 443 10 9 »
605 451 2 2 <
675 450 39 3 cv
746 449 4 4 or
811 434 11 19 8
838 427 20 38 |
872 443 26 3 —

257 471 10 8 »
396 469 9 9 »
475 462 59 24 6,000
563 469 45 11 Ila
640 476 38 4 soc
747 475 3 4 oc
798 460 24 19 12

258 497 10 8 »
396 495 9 10 »
475 489 60 23 8,000
564 496 9 9 »
605 503 2 3 =
641 503 3 4 =
675 503 4 3 =o
711 503 3 3 m
747 502 3 3 3
798 487 25 19 16
873 496 26 3 —

257 523 10 9 »
395 522 10 9 »
435 506 13 38 =
461 515 74 24 140,000
564 522 10 9 »
605 529 3 4 .
641 530 3 3 .
711 529 4 4 sv
749 506 27 38 1)
797 513 25 20 20
843 506 14 38 j
873 523 25 2 —

257 549 10 8 »
395 548 10 9 »
432 530 16 38 =
461 541 73 23 15,000
564 548 10 9 »
605 556 3 3 so
640 557 3 2 so
675 555 4 4 2
713 555 2 3 0
747 555 4 3 0]
799 539 23 20 30
840 530 17 38 |
873 549 26 3 -—

258 575 9 9 »
396 574 9 9 »
461 567 73 24 20,000
565 574 9 9 »
598 582 10 7 .
641 582 3 4 so
711 581 3 3 <=.
751 581 1 3 |
797 566 25 18 40]
873 575 26 3 —

259 601 9 9 »
397 600 10 9 »
461 593 74 24 25,000
563 592 11 18 »
605 608 3 4 .
641 608 3 4 .
675 608 4 3 .
711 608 4 2 «=
751 607 1 3 |
797 592 24 20 50
873 602 26 2 =

259 628 10 8 »
396 627 10 9 »
462 619 73 24 30,000
564 627 11 9 »
605 635 4 3 so
640 634 4 4 co
676 634 3 4 co
711 634 3 4 <
733 615 3 33 =
746 634 4 3 .j
797 619 24 19 60
872 628 27 4 -

258 654 10 9 »
396 653 10 9 »
461 646 74 24 45,000
564 653 10 10 »
605 661 3 3 .
640 661 3 3 .
675 661 4 3 co
711 660 3 4 .
748 660 2 4 |
797 646 25 19 90
872 655 27 3 —

257 680 10 10 »
395 679 11 10 »
462 673 73 24 60,000
564 680 10 10 »
605 688 3 3 .
640 688 4 3 .
675 687 4 4 .
711 687 3 3 .
746 687 3 3 .
761 668 9 33 |
786 672 35 20 120
873 682 26 3 me

258 707 10 9 »
394 706 11 9 »
461 699 74 25 80,000
564 707 11 9 »
605 714 3 4 .
640 714 3 4 .
675 714 4 3 .
710 713 4 4 .
746 714 3 3 |
785 700 37 19 160
873 709 26 3 —

257 734 14 12 ».
395 732 10 10 »
448 726 37 18 100
489 715 44 34 '000
563 733 12 9 »
783 726 39 20 200
873 736 26 2 =

213 754 51 17 samt
278 752 115 20 derutöfver
406 752 30 19 för
450 741 69 35 hvarje
533 752 45 20 fulla
593 740 31 36 10,
628 740 38 31 000
675 740 75 30 mark
740 736 12 45 .
797 753 25 19 20
873 762 26 4 —

187 778 98 20 Skolande
308 777 125 26 förskrifning
447 778 38 19 och
499 783 62 15 annan
576 778 35 20 här
628 778 71 19 nämnd
713 778 40 18 för-

213 805 94 25 bindelse,
324 804 24 20 Jä
363 792 117 31 densamma
497 805 37 19 hos
550 805 93 25 domstol,
662 804 90 20 notarius

212 831 93 25 publikus
323 832 46 18 eller
386 830 95 19 exekutor
502 830 83 26 ingifves
605 831 47 19 eller
671 833 79 22 upptes,

214 862 45 14 vara
274 857 46 20 med
334 856 105 25 stämplalt
453 862 74 20 papper
541 858 26 18 till
581 857 90 24 stalgalt
679 857 73 24 belopp

213 883 89 25 försedd,
322 883 75 19 hvilket
413 882 68 20 derest
497 883 118 24 afbetalning
633 883 11 19 å
661 883 92 24 kapitalet

212 909 52 19 förut
279 910 53 19 skett
346 909 97 20 beräknas
460 909 70 20 endast
544 910 49 19 efter
610 909 53 19 hvad
678 909 5 18 i
698 909 54 29 kapi-

214 935 23 20 tal
253 935 94 25 återstår,
366 940 45 14 men
428 935 124 26 förskrifning
569 941 27 14 m.
615 940 36 20 m.,
667 940 43 15 som
725 935 27 20 uti

213 961 80 25 original
317 962 4 19 i
342 951 99 30 konkurs-
461 962 47 19 eller
528 947 177 47 årsproklamamål
726 961 25 20 till

212 987 111 26 bevakning
337 987 79 25 företes,
432 987 95 20 behöfver
542 994 17 19 ej
574 989 61 24 högre
643 988 107 25 kartering,

214 1014 69 20 endast
296 1014 39 20 den
349 1015 22 18 är
385 1003 89 30 skrifven
494 1014 11 20 &
535 1030 4 4 .
570 1030 3 3 .
797 1025 26 4 —
838 1010 15 34 |
874 1014 25 20 80

187 1040 132 25 Förskrifning
333 1040 36 19 och
384 1045 61 14 annan
455 1039 135 22 förbindelse
582 1035 16 35 ä
603 1029 31 30 lån
641 1029 51 31 ifrån
702 1029 49 31 Kro-
781 1059 4 4 N
843 1051 4 15 I

213 1072 56 19 nans,
279 1066 89 20 Finlands
378 1066 71 20 Banks.
460 1067 120 20 Alexanders
589 1067 160 23 Universitetets,

215 1083 61 29 enke-
286 1093 37 19 och
330 1092 58 25 pupill
401 1091 116 27 kassornas,
529 1093 94 20 allmänna
632 1083 119 29 brandstods

212 1119 99 24 bolagens,
327 1118 139 25 sparbankers,
483 1119 71 25 kyrko-
567 1119 39 18 och
615 1119 136 25 fattigkassors
923 1133 2 6 i

214 1146 51 18 samt
271 1144 60 20 andra
340 1144 97 19 allmänna
446 1145 48 19 eller
503 1144 88 20 enskilda
600 1146 105 18 anstalters
714 1145 38 18 och
923 1140 3 31 |

213 1170 120 25 föreningars
350 1169 68 20 fonder
435 1170 37 19 och
489 1170 81 25 kassor,
592 1170 47 19 med
655 1170 97 25 undantag

214 1195 70 20 endast
297 1196 21 19 af
329 1195 26 20 de
368 1195 135 26 förbindelser,
519 1201 44 14 som
576 1195 29 20 uti
619 1196 10 25 $
647 1197 25 18 16
689 1201 61 14 mom.

215 1223 10 18 5
241 1221 93 31 särskildt
347 1223 121 22 omnämnas,
484 1212 19 28 få
517 1222 86 18 skrifvas
621 1222 24 24 på
675 1237 3 4 .
797 1232 25 3 —
874 1222 25 19 80

188 1248 42 18 Men
244 1249 35 17 när
293 1246 22 20 så
329 1246 102 21 beskaffad
441 1234 127 42 förskrifning
582 1247 5 18 i
600 1246 110 21 afseende
699 1233 11 44 å
723 1237 29 29 in-

214 1273 98 24 teckning,
328 1273 106 25 utsökning
447 1273 47 19 eller
504 1278 61 14 annan
575 1272 74 27 åtgärd,
661 1273 45 19 med
715 1279 37 13 un-

213 1299 70 26 dantag
297 1299 20 19 af
330 1299 110 26 bevakning
454 1299 5 19 i
473 1299 88 20 konkurs
577 1299 48 21 eller
641 1299 111 26 årsprokla-

215 1331 38 18 ma,
269 1325 82 26 ingifves
365 1327 47 19 eller
426 1329 71 22 upptes
509 1327 37 18 hos
558 1325 92 25 domstol,
665 1326 86 19 notarius

215 1351 92 26 publikus
317 1352 47 20 eller
373 1352 149 20 vederbörande
531 1353 102 24 exekutor,
648 1353 47 19 skall
705 1352 46 19 den-

216 1384 75 13 samma
305 1377 24 26 på
344 1379 126 25 gäldenärens
485 1379 110 20 bekostnad
605 1379 91 25 beläggas
705 1378 46 19 med

215 1404 68 20 sådant
296 1405 105 25 stämpladt
414 1410 81 20 papper,
515 1410 44 14 som
574 1406 50 18 efter
639 1405 34 20 det
689 1407 63 17 reste-

215 1430 60 21 rande
288 1431 166 26 kapitalbeloppet
467 1432 38 19 kan
519 1431 106 21 erfordras.
