1014 1686
182 150 42 33 9260
401 154 72 22 Nådiga
485 154 139 23 Propositionen
637 154 36 17 N:o
685 154 28 17 81.

186 202 74 26 Nådiga
274 203 147 26 propositionen
442 202 65 26 angår,
530 204 71 18 främst
615 204 48 19 böra
683 204 28 18 till
728 183 148 51 verkställighet
895 203 35 21 be-

185 218 83 36 fordras,
284 230 38 18 och
336 232 29 16 att:
378 230 69 24 pröfva
461 218 132 31 kostnaderna
602 230 30 18 för
646 229 109 25 desamma,
767 230 101 20 hvarefter
876 236 53 14 sam-

185 246 96 29 mansatta
296 256 64 19 Stats-
373 256 39 19 och
427 256 233 26 Bevillnings-Utskotten
676 256 45 19 böra
735 246 71 36 afgifva
820 256 110 20 betänkan-

184 282 26 19 de
224 288 33 13 om
272 284 60 17 sättet
346 285 28 16 att
388 282 26 19 till
429 282 24 19 de
469 272 67 35 nödiga
548 282 113 26 utgifternas
671 270 125 32 bestridande
811 283 74 20 bereda
900 289 31 13 er-

185 309 103 24 forderliga
303 308 117 25 tillgänger.*
442 309 69 18 Ehuru
520 308 163 25 Borgareståndet
696 311 78 17 stannat
787 308 28 19 uti
830 309 33 19 det
876 308 54 25 skilj-

185 335 63 25 aktiga
264 335 72 22 beslut,
352 337 28 16 att
394 334 38 19 den
447 334 74 25 Nådiga
537 335 147 25 propositionen
705 335 61 19 borde
781 334 5 19 i
801 334 47 20 dess
863 335 67 20 helhet

184 361 85 20 beredas
283 361 28 20 till
326 361 134 25 föredragning
474 361 5 19 i
494 360 87 21 Stånden
595 361 20 18 af
623 364 140 16 sammansatta
774 361 69 25 Stats-,
859 361 72 20 Bevill-

184 388 64 25 nings-
263 387 38 19 och
317 387 226 25 Ekonomie-Utskotten,
560 389 35 18 har
611 387 100 20 Utskottet
726 387 78 25 jemlikt
817 387 25 20 de
856 391 31 16 tre
901 388 31 19 öf-

185 414 39 25 riga
240 413 98 20 Ståndens
353 413 100 20 föreskrift
467 413 47 25 tagit
528 414 82 19 ärendet
624 414 64 19 under
702 413 152 26 öfvervägande.

238 439 101 20 Särskilda
353 439 175 25 besvärsärender,
545 445 43 14 som
604 440 26 18 uti
647 439 86 20 Stånden
751 440 125 19 förekommit
890 441 39 19 och

184 472 36 20 ega
235 466 123 25 gemenskap
372 466 46 19 med
438 466 25 19 de
477 467 27 18 uti
525 466 38 19 den
580 466 74 25 Nådiga
677 467 146 24 propositionen
843 466 86 21 berörda

185 493 72 25 frågor,
274 493 58 19 hafva
347 492 96 25 derjemte
457 493 63 19 blifvit
534 493 24 19 till
576 493 99 20 Utskottet
689 493 155 25 öfverlemnade,
858 494 30 19 för
902 495 29 18 att

184 520 6 18 i
205 520 141 24 sammanhang
360 519 46 19 med
420 519 148 25 propositionen
582 519 125 25 handläggas.

238 545 64 19 Hans.
316 544 133 25 Kejserliga
463 544 110 25 Majestät
587 546 35 18 har
636 545 106 24 betecknat
754 544 68 20 frågan
834 551 34 13 om
880 545 51 20 folk-

185 571 123 31 bildningens
322 570 109 27 främjande
445 570 66 20 såsom
526 571 37 20 den
579 571 103 25 vistigaste
699 572 21 19 af
732 571 35 20 alla
782 577 25 14 de
823 573 107 24 angelägna

185 597 97 26 åtgärder,
304 603 44 13 som
361 597 27 19 uti
409 597 39 20 den
466 597 74 26 Nådiga
561 597 147 25 propositionen
728 597 64 19 blifvit
812 597 116 26 föreslagna.

185 613 38 30 Det
236 613 46 30 kan
288 629 48 14 vara
350 623 123 25 öfverflödigt
483 626 28 17 att
524 623 50 20 inför
583 624 76 19 landets
669 625 93 25 upplysta
777 623 84 20 Ständer
870 625 60 18 fram-

185 651 53 24 lägga
252 650 25 19 de
291 649 70 26 många
376 650 48 25 skäl,
441 655 44 14 som
499 649 126 26 understödja
639 649 63 20 denna
717 650 99 25 sannning,
830 655 46 14 men
890 651 40 19 frå-

185 682 47 25 gans
247 679 53 17 stora
317 665 107 38 betydelse
441 681 34 20 ger
493 676 57 19 likväl
566 676 99 19 Utskottet
685 676 103 25 anledning
799 665 39 31 "att
858 677 71 20 beröra

186 702 61 26 några
261 701 116 21 dithörande
395 686 174 46 omständigheter.
594 703 30 18 Uti
639 702 34 19 det
681 703 71 18 Finska
763 703 70 19 folkets
847 703 83 20 historie

185 714 63 45 finnas
261 728 72 26 många
347 729 51 24 blad,
415 734 45 14 som
474 717 74 36 förtälja
563 733 32 14 om
609 729 60 19 bitter
689 729 112 19 erfarenhet
815 729 38 19 och
868 729 62 19 frukt-

184 755 42 20 lösa
240 755 142 24 bemödanden,
399 761 46 13 men
460 760 33 14 om
502 761 44 13 man
561 755 80 19 särskilt
655 755 101 19 betraktar
766 755 164 26 folkbildningens

186 782 42 21 sak,
244 781 21 20 så
280 781 63 26 finner
363 787 45 13 man
429 784 28 17 att
471 781 37 19 den
526 782 44 19 rönt
590 781 63 20 bättre
668 781 112 26 framgång.
810 782 42 19 Det
867 781 63 20 finska

185 808 59 19 folket
259 809 35 18 har
308 804 49 23 ifrån
371 807 54 20 äldre
439 807 50 20 tider
504 807 76 25 åtnjutit
594 808 100 25 personlig
709 809 65 23 frihet,
791 808 37 19 och
844 808 83 26 bonden,

185 840 45 14 som
244 834 52 20 odlat
308 833 76 30 jorden,
401 835 34 18 har
451 834 50 18 varit
515 834 108 25 berättigad
644 834 43 19 icke
702 824 82 30 allenast
798 837 27 16 att
839 825 90 29 bebruka

184 860 40 20 den
238 860 68 20 såsom
321 860 31 20 sin
366 860 104 26 egendom,
481 862 47 17 utan
542 861 57 18 äfven
609 863 28 16 att
651 860 67 20 såsom
729 859 94 21 verksam
836 860 95 20 medbor-

185 892 46 23 gare
246 890 43 22 taga
303 887 30 19 del
348 887 5 19 i
368 876 115 30 samhällets
497 887 169 25 angelägenheter.
698 887 31 19 Uti
742 886 62 20 denna
814 886 117 26 förmånliga

182 897 53 45 jord,
252 918 44 14 som
306 913 85 25 flertalet
405 914 20 18 af
438 902 96 36 Europas
546 902 108 30 samhällen
669 913 75 24 saknat,
768 918 45 14 men
828 914 24 19 de
867 914 64 19 Sven-

186 940 36 19 ska
236 940 157 19 institutionerna
415 940 36 18 här
465 939 88 25 förädlat,
576 940 35 18 har
633 929 149 35 folkbildningen
802 940 56 24 tidigt
875 940 57 24 slagit

185 966 50 19 fasta
250 967 68 18 rötter.
349 966 40 19 Den
405 966 35 18 har
455 970 70 15 senare
539 955 69 29 vunnit
628 966 68 25 styrka
714 971 71 19 genom
802 966 129 19 Relormatio-

185 997 45 20 nen,
248 998 44 13 som
305 992 58 19 äfven
378 994 54 17 utom
447 992 33 19 det
495 992 88 25 religiösa
603 992 91 19 området
707 992 83 25 mäktigt
805 992 85 26 bidragit
903 993 28 19 till

186 1021 28 17 att
227 1008 48 35 göra
288 1018 44 20 den
335 1019 96 19 allmänna
441 1006 112 36 bildningen
567 1018 23 19 fri
600 1019 39 18 och
653 1007 129 36 sjelfständig.
807 1006 67 32 Under
887 1019 43 19 hela

185 1045 34 20 det
232 1045 62 19 första
308 1043 136 21 århundradet
458 1045 49 18 efter
520 1044 37 19 den
572 1049 37 21 nya
624 1045 107 18 troslärans
745 1044 101 20 införande
860 1045 70 19 funnos

186 1073 53 17 ännu
253 1071 70 25 många
337 1070 89 20 katolska
445 1070 104 25 fördomar,
565 1075 44 15 som
629 1070 85 20 behöfde
730 1071 96 24 skingras,
849 1071 38 19 och
902 1071 30 19 för

186 1097 52 20 detta
253 1086 92 31 ändamål
361 1097 56 20 valde
432 1103 45 13 man
492 1097 36 18 den
543 1086 59 30 säkra
618 1099 86 23 utvägen
718 1099 29 16 att
763 1097 84 26 upplysa
862 1097 68 20 folket.

186 1124 66 19 Under
267 1123 105 30 inflytande
386 1124 20 19 af
419 1123 61 19 dessa
501 1122 130 20 förhållanden
645 1123 42 19 blef
700 1123 33 19 det
753 1123 59 19 redan
826 1123 30 19 för
871 1128 61 20 unge-

186 1150 30 19 fär
231 1148 110 20 tvåhundra
356 1148 21 20 år
392 1149 78 19 tillbaka
484 1154 71 20 genom
569 1149 119 30 uttryckelig
709 1149 30 24 lag
754 1149 134 25 föreskrifvet,
904 1152 28 16 att

226 1176 71 19 domen
312 1177 5 17 i
333 1175 70 25 hvarje
425 1175 111 25 församling
551 1181 48 13 vore
619 1174 50 21 både
684 1160 112 45 berättigad
816 1178 28 16 att
858 1166 73 29 erhålla

186 1182 40 40 och
238 1202 80 26 skyldig
328 1204 28 16 att
365 1204 99 22 emottaga
475 1201 142 26 undervisning
631 1201 6 19 i
646 1201 121 25 bokläsning,
779 1202 38 19 och
826 1204 28 16 att
863 1201 69 25 hvarje

186 1204 179 53 samhällsmedleda
380 1227 131 25 följakteligen
528 1228 63 18 borde
606 1232 46 13 vara
666 1212 110 44 läskunnig,
805 1228 70 18 Ehuru
891 1229 41 17 lan-

186 1254 34 19 det
234 1254 96 19 'härintills
345 1253 43 19 icke
402 1254 73 18 kunnat
489 1252 127 24 understödja
631 1252 53 20 detta
699 1252 71 26 lagbud
785 1258 72 20 genom
870 1252 61 26 några

187 1280 149 19 verksammare
356 1280 93 18 anstalter
464 1280 29 18 för
513 1278 158 25 folkbildningen,
691 1268 38 30 har
741 1278 111 20 detsamma
872 1279 59 19 likväl

187 1306 51 19 burit
252 1305 21 20 sä
288 1306 53 24 goda
352 1305 83 25 frukter,
447 1308 28 17 att
489 1305 163 25 läskunnigheten
665 1310 83 14 numera
762 1304 37 20 kan
808 1310 60 14 anses
884 1310 47 14 vara

188 1333 5 19 i
207 1332 65 20 landet
286 1333 78 19 allmän.
388 1332 57 19 Detta
459 1332 68 25 nödiga
538 1332 95 24 underlag
642 1331 29 19 för
685 1337 24 14 en
719 1332 61 24 högre
790 1331 92 26 bildning,
894 1332 37 19 hos

187 1359 47 19 flere
252 1358 122 20 civiliserade
388 1360 89 18 nationer
491 1361 52 17 ännu
560 1358 117 24 oförberedt,
698 1358 35 19 har
747 1358 65 19 blifvit
826 1358 105 20 härstädes

188 1385 122 20 förvärfvadt
320 1384 164 25 hufvudsäkligen
497 1390 71 19 genom
577 1384 189 25 hemundervisning
776 1387 51 17 samt
836 1384 25 20 de
870 1384 62 26 kyrk-

188 1412 38 25 liga
240 1411 174 26 myndigheternas
426 1411 76 20 biträde
516 1412 38 19 och
564 1410 122 21 vaksamhet..
712 1411 32 20 Ett
762 1410 75 20 mindre
847 1411 51 19 antal
912 1411 21 19 af

189 1439 53 24 lägre
256 1438 110 19 folkskolor
380 1438 37 18 har
431 1438 48 18 först
493 1437 62 19 under
569 1442 70 14 senare
648 1437 50 19 tider
712 1437 6 18 i
732 1437 65 19 landet
810 1437 118 19 tillkommit.
