1123 1778
381 149 29 22 U.
424 149 29 22 B.
469 163 27 2 —
510 149 74 28 Prop.
599 149 42 24 N:o
657 150 37 22 14.

442 497 241 29 Lagutskottets
711 497 120 29 förslag
860 498 54 22 till

367 532 294 29 sammanjemkning
681 532 28 23 af
728 532 30 22 de
773 532 143 29 skiljaktiga

366 566 90 27 beslut,
470 566 10 22 i
495 566 84 22 hvilka
594 566 103 23 stånden
708 566 99 23 stannat
821 566 42 22 vid
875 567 41 22 be-

366 600 151 28 handlirgen
532 600 28 23 af
572 600 48 23 den
629 600 90 28 nådiga
729 601 186 27 propositionen

368 640 38 17 om
429 634 94 23 ändrad
546 634 94 28 lydelse
659 634 28 23 af
707 634 34 29 88
763 635 14 22 %
799 634 46 24 och
864 635 27 22 1
905 635 10 22 i

366 668 89 29 nådiga
469 668 186 29 förordningen,
666 669 124 28 angående
802 669 115 23 enskilda

363 704 132 27 jernvägar
509 703 39 22 för
564 704 91 22 allmän
667 703 154 28 samfärdsel,
834 703 25 22 af
867 703 48 22 den

367 737 27 22 15
409 737 69 28 April
493 737 67 23 1889.

230 837 177 29 Lagutskottet
427 837 46 22 har
497 843 89 23 genom
608 836 231 29 protokollsutdrag
860 837 55 22 blif-

162 871 37 22 vit
222 871 183 27 underrättadt,
430 873 43 25 att,
495 872 43 22 vid
556 871 155 29 behandling
730 871 26 22 af
774 871 140 23 Utskottets

161 905 162 23 betänkande
342 905 46 23 N:o
402 906 24 26 2,
436 907 8 21 i
456 906 135 29 anledning
601 906 26 22 af
636 905 49 23 den
694 906 167 22 förenämnda
872 906 42 22 nå-

162 940 60 29 diga
244 940 196 28 propositionen,
463 941 190 22 Bondeståndet
671 940 165 22 oförändradt
854 940 61 29 god-

162 975 62 22 känt
242 974 139 23 Utskottets
399 975 96 30 förslag
513 975 36 23 till
567 975 156 29 förordning,
742 975 131 22 hvaremot
882 975 33 22 de

162 1009 82 30 öfriga
272 1009 114 27 stånden,
414 1010 57 22 med
498 1010 143 29 antagande
669 1009 25 22 af
717 1009 196 22 betänkandet
899 1005 18 39 i

163 1044 80 22 andra
262 1044 76 26 delar,
357 1045 159 22 beträffande
531 1045 84 22 nedan
627 1043 166 29 uppräknade
805 1045 109 27 punkter

162 1080 102 21 stannat
281 1078 8 22 i
307 1078 111 30 följande
437 1079 91 22 beslut:

232 1147 186 29 Ridderskapet
436 1148 45 22 och
499 1148 90 26 Adeln,
610 1149 35 21 att
664 1148 13 21 I
692 1153 74 16 mom.
781 1147 16 22 2
809 1148 13 27 $
833 1147 81 28 skulle

163 1182 93 23 ändras
284 1181 96 23 derhän
402 1183 34 21 att
460 1182 78 22 finskt
561 1181 150 30 aktiebolag,
734 1181 97 22 hvilket
852 1182 62 21 kun-

162 1217 31 22 de
220 1217 108 28 beviljas
346 1216 112 23 tillstånd
476 1217 36 22 till
530 1217 120 28 jernvägs
673 1216 167 29 anläggande,
858 1216 56 22 bor-

163 1252 31 21 de
218 1251 99 29 förfoga
340 1251 72 22 öfver
436 1252 34 21 ett
489 1251 170 28 aktiekapital,
678 1250 142 29 utgörande
839 1251 76 22 minst

162 1285 95 23 hälften
286 1285 24 22 af
333 1285 42 22 det
393 1285 99 29 belopp,
511 1292 53 15 som
583 1285 100 22 utöfver
701 1285 118 28 möjligen
837 1285 77 22 bevil-

161 1320 44 30 jad
224 1319 151 23 subvention
392 1319 103 23 kräfdes
513 1320 39 22 för
572 1319 198 30 anläggningen;

231 1355 35 22 att
289 1355 17 21 2
329 1361 75 15 mom.
430 1355 28 21 11
476 1355 14 27 $
510 1354 79 23 borde
607 1355 106 21 ersättas
731 1353 57 22 med
806 1355 108 20 motsva-

162 1389 80 22 rande
260 1389 109 22 moment
386 1389 8 21 i
412 1389 49 22 den
479 1389 94 29 nådiga
591 1389 200 28 propositionen;
811 1389 65 21 samt

232 1423 35 21 att
285 1422 8 21 i
312 1422 81 21 stället
410 1422 39 21 för
468 1422 17 21 3
503 1422 45 22 och
568 1423 16 21 4
601 1423 141 21 momenten
760 1422 10 20 i
785 1422 129 21 sistberör-

163 1456 35 22 da
216 1456 14 28 $
248 1456 80 22 skulle
348 1456 104 28 antagas
471 1456 49 21 den
537 1455 96 29 lydelse
651 1455 39 22 för
708 1455 80 28 tredje
806 1461 108 15 momen-

232 1498 128 23 Lagutskottets
373 1498 109 18 betänkanäe
492 1497 38 25 N:o
542 1498 18 17 2.
