1123 1786
257 173 25 20 14
420 171 82 23 Ständ.
518 172 38 23 Sv.
572 185 25 3 —
614 172 73 28 Prop.
703 172 42 22 N:o
761 172 35 22 21.

225 236 139 28 förfärdiga;
389 236 33 28 de,
446 244 49 14 som
511 238 56 20 utan
582 238 71 20 annat
667 237 167 22 arbetsbiträde
849 240 30 18 än
894 237 83 22 hustru

226 270 56 22 eller
297 273 53 26 eget
365 270 95 22 husfolk
475 273 115 19 matvaror
605 272 56 21 eller
676 271 98 29 drycker
789 271 37 22 till
836 271 140 29 försäljning

225 305 84 21 bereda
331 305 57 21 eller
410 305 43 21 ock
479 305 100 28 försälja,
606 305 69 22 äfven
698 313 35 14 om
757 305 81 22 dervid
860 305 116 22 användes

226 342 75 25 öppen
323 338 51 28 bod,
399 339 84 22 kontor
505 339 56 22 eller
579 341 71 20 annat
664 340 230 29 försäljningsställe;
918 341 60 20 samt

224 373 172 28 fartygsredare
411 373 42 22 och
468 374 106 28 rederier,
591 381 49 15 som
656 374 19 28 ej
693 377 38 18 äro
747 374 139 29 aktiebolag.

292 407 142 30 Aktiebolag
455 409 42 21 bör
518 409 37 20 till
578 408 143 29 inskrifning
743 409 8 20 i
771 408 207 29 handelsregistret

226 442 108 27 anmälas,
350 441 74 23 ehvad
440 442 38 22 det
493 442 87 22 drifver
595 443 83 28 näring
694 443 56 22 eller
765 443 60 22 icke.

293 477 48 21 För
356 477 132 29 aktiebolag
506 477 88 29 åligger
610 477 39 22 det
663 478 122 28 styrelsen,
807 477 37 22 för
859 477 119 22 komman-

225 511 104 29 ditbolag
352 511 28 22 de
398 512 149 29 personligen
561 512 121 29 ansvarige
697 512 184 29 bolagsmännen,
896 514 59 19 samt
969 512 9 21 i

224 546 172 28 handelsbolag,
413 546 109 22 hvarmed
536 547 84 21 förstås
636 547 81 21 sådant
732 547 75 28 bolag,
828 555 50 13 som
893 547 84 21 omför-

224 580 71 21 mäles
318 580 8 21 i
348 581 27 21 15
396 580 60 29 Kap.
477 580 196 28 Handelsbalken,
696 581 80 28 hvarje
792 581 135 28 bolagsman
943 583 35 19 att

225 621 97 15 ansvara
336 614 37 22 för
388 615 323 29 anmälningsskyldighetens
726 615 154 29 fullgörande.

571 697 27 21 10
613 697 19 27 8.

293 753 99 22 Enskild
414 754 187 28 näringsidkares
622 753 65 22 firma
708 753 59 22 skall
787 753 118 22 innehålla
920 753 58 22 hans

224 787 109 22 tillnamn
347 788 53 21 med
416 788 55 22 eller
488 791 56 19 utan
562 788 113 22 förnamn.
704 787 28 30 Ej
749 789 37 20 må
801 789 8 20 i
825 789 71 20 sådan
910 788 68 22 firma

224 822 91 29 intagas
331 823 77 28 något,
424 829 50 15 som
489 823 97 28 antyder
602 825 34 19 att
650 823 82 21 firman
747 823 75 22 skulle
838 823 137 22 innehafvas

224 856 26 21 af
270 859 34 18 ett
326 857 69 28 bolag
418 857 56 21 eller
497 859 35 20 att
552 857 179 22 innehafvarens
753 864 84 15 ansvar
860 864 54 15 vore
938 857 38 22 be-

224 891 116 28 gränsadt.

291 925 79 21 Firma
389 925 36 22 för
445 925 166 29 handelsbolag
633 926 60 21 skall
713 926 117 21 innehålla
852 928 95 19 namnet
962 926 13 21 å

224 960 71 21 minst
310 966 29 15 en
353 960 25 21 af
390 960 182 28 bolagsmännen
587 960 52 22 med
655 962 34 19 ett
703 960 91 28 tillägg,
814 967 50 15 som
879 960 98 28 antyder

224 996 34 19 att
272 994 56 21 flere
342 994 136 28 bolagsmän
492 995 82 21 finnas.
603 995 12 21 I
630 994 176 29 handelsbolags
821 994 67 22 firma
903 995 37 21 må
955 995 21 28 ej

224 1028 91 28 intagas
337 1036 71 14 namn
430 1030 12 20 &
464 1036 75 15 annan
557 1036 84 21 person
656 1033 29 17 än
700 1029 141 28 bolagsman,
867 1029 19 28 ej
904 1029 74 22 heller

224 1062 77 29 nägot,
323 1069 49 14 som
395 1062 97 29 antyder
512 1063 158 28 begränsning
685 1063 25 21 af
724 1063 146 28 bolagsmans
886 1070 90 15 ansvar.

291 1097 233 29 Kommanditbolags
545 1098 66 21 firma
632 1097 59 22 skall
712 1097 117 22 innehålla
853 1100 95 19 namnet
963 1098 13 21 å

224 1131 72 22 minst
310 1139 29 14 en
354 1131 26 22 af
394 1131 28 22 de
437 1132 121 29 ansvarige
570 1133 179 28 bolagsmännen
757 1133 74 28 jemte
843 1134 34 19 ett
886 1133 90 28 tillägg,

224 1173 49 14 som
288 1166 98 28 antyder
402 1166 244 28 bolagsförhällandet.

292 1200 152 28 Aktiebolags
460 1200 65 22 firma
540 1201 59 21 skall
614 1200 105 22 utmärka
734 1200 106 29 bolagets
857 1201 118 29 egenskap

224 1234 25 21 af
262 1234 138 28 aktiebolag.

574 1317 24 19 11
615 1316 20 25 8.

291 1370 28 28 Ej
335 1371 37 21 mä
387 1371 77 27 nägon
479 1371 8 20 i
502 1371 36 21 sin
553 1370 66 22 firma
634 1370 140 29 obehörigen
789 1371 83 29 intaga
888 1378 88 14 annans

223 1412 70 14 namn
316 1405 56 21 eller
394 1407 94 19 namnet
510 1405 14 21 &
546 1412 87 14 annans
655 1404 61 22 fasta
734 1406 120 28 egendom.
884 1406 13 21 I
910 1405 68 22 firma

222 1440 38 21 mä
276 1440 19 29 ej
312 1440 106 28 angifvas
434 1439 95 29 företag,
549 1446 49 15 som
613 1440 52 22 icke
680 1440 47 21 står
741 1440 8 22 i
764 1440 146 22 förbindelse
924 1440 53 22 med

222 1474 182 22 innehafvarens
419 1474 91 27 rörelse,
534 1474 20 29 ej
570 1474 73 22 heller
657 1475 38 21 mä
708 1474 71 29 firma,
804 1482 50 14 som
869 1475 108 29 angifver
