1123 1786
267 165 25 19 16
454 163 29 22 U.
498 163 28 21 B.
542 175 26 3 —
584 163 74 27 Prop.
674 162 42 22 N:o
732 162 36 21 18.

305 231 9 20 I
338 231 153 26 sammanhang
518 231 49 19 med
593 230 217 26 folkskolebudgeten
834 228 38 21 har
896 228 94 21 Statsut-

236 264 84 22 skottet
336 266 102 25 upptagit
453 265 74 26 frägan
543 272 35 12 om
594 264 74 27 anslag
683 264 32 20 för
731 263 149 21 /andtmanna-
895 262 38 21 och
942 262 47 20 hus-

237 298 157 21 modersskolor
406 298 111 21 äfvensom
527 298 168 27 folkhögskolor.

306 333 32 20 Ur
360 333 37 20 det
418 333 74 26 anslag
510 332 121 21 Ständerna
653 332 38 20 vid
715 333 50 25 1891
786 332 34 19 års
836 331 110 26 landtdag,
962 331 28 26 på

238 367 43 20 sätt
304 367 64 20 ofvan
391 367 87 24 anförts,
501 367 103 20 anvisade
626 366 32 21 för
679 366 149 21 anordnandet
850 365 24 20 af
886 364 104 21 särskilda

237 402 74 20 kurser
333 402 50 20 med
404 401 57 26 syfte
484 404 31 18 att
537 401 79 20 bereda
631 400 123 27 ungdomen
768 400 66 21 bland
849 399 142 22 landtbetolk-

238 437 78 25 ningen
338 435 81 22 tillfälle
442 439 33 17 att
489 435 85 21 utöfver
589 435 132 21 folkskolans
737 435 49 20 kurs
802 435 93 20 inhemta
911 440 80 21 gagne-

238 470 43 27 liga
304 469 127 28 kunskaper,
454 469 153 22 företrädesvis
630 469 89 20 afsedda
739 469 32 20 för
787 469 97 26 praktisk
898 468 94 27 tillämp-

239 506 55 25 ning,
312 504 50 21 eller
378 511 15 13 s.
409 504 19 21 k.
445 504 145 21 landtmanna-
606 503 42 21 och
663 503 207 26 husmodersskolor,
887 503 38 20 har
940 502 52 26 Kej-

239 538 78 27 serliga
340 538 93 21 Senaten
449 539 66 20 under
530 538 92 21 läseäret
640 539 137 25 1892—1893
794 537 86 27 beviljat
896 537 32 20 för
943 537 49 20 hus-

239 572 187 21 modersskolorna
449 574 6 19 i
477 572 75 21 Ilmola
575 573 41 20 och
632 572 122 21 Orimattila
769 574 6 19 i
791 571 201 27 anläggningskost-

239 607 67 21 nader
329 605 60 27 1,000
411 607 60 20 mark
486 607 41 20 och
543 608 6 19 i
564 607 62 27 ärligt
641 606 109 21 underhäll
765 608 6 19 i
786 610 33 18 tre
834 607 34 20 ärs
882 606 32 21 tid
930 610 62 20 2,000

240 641 60 21 mark
316 641 32 21 för
363 642 110 24 hvardera,
490 644 55 18 samt
561 642 66 20 under
642 648 81 13 samma
739 641 31 21 tid
786 640 32 22 för
834 641 27 20 de
877 642 6 19 i
893 640 99 27 Kangas-

240 676 33 20 ala
295 676 124 20 anordnade
441 676 263 26 undervisningskurserna
724 677 6 19 i
754 675 80 27 gvinlig
851 674 55 28 slöjd
920 682 28 13 m.
964 681 27 14 m.

242 715 61 20 1,000
325 710 61 20 mark
408 710 85 27 årligen.
524 710 34 21 Då
580 711 37 20 det
634 714 61 22 synts
716 717 50 13 vara
780 710 24 20 af
815 711 46 26 vigt
876 709 18 27 ej
910 709 82 21 mindre

240 748 32 17 att
287 744 145 27 upprätthälla
449 745 63 20 dessa
527 744 201 21 husmodersskolor
744 744 41 20 och
800 744 79 25 kurser,
892 744 26 20 än
930 744 63 20 äfven

240 779 74 26 främja
336 778 147 28 uppkomsten
505 779 24 20 af
548 785 42 20 nya
613 778 72 28 dylika
710 778 102 22 anstalter
837 778 113 21 äfvensom
972 778 24 20 af

240 812 217 26 landtmannaskolor,
480 813 37 20 har
537 813 114 21 Utskottet
674 813 82 20 förenat
778 814 34 26 sig
832 820 36 13 om
884 816 31 18 att
930 812 64 21 äfven

241 848 32 20 för
294 847 150 21 inkommande
467 848 145 26 finansperiod
634 848 86 20 förorda
743 847 116 21 anvisande
882 848 24 20 af
922 847 72 20 medel

240 881 32 20 till
286 881 119 20 understöd
422 882 21 19 ät
459 882 187 27 läroinrättningar
660 881 25 20 af
697 881 131 27 nyssnämnd
836 881 156 21 beskaffenhet.

310 915 77 21 Senast
409 915 128 21 församlade
555 915 103 21 Ständers
674 915 158 21 ofvannämnda
848 915 146 27 underdäniga

242 951 92 25 petition
356 949 131 20 innefattade
511 949 63 21 äfven
590 957 26 12 en
631 949 103 25 anhällan,
751 953 32 17 att
798 950 60 20 Hans
872 949 122 27 Kejserliga

241 983 102 27 Majestät
364 983 85 21 täcktes
472 984 43 21 läta
530 984 88 27 vidtaga
634 984 76 27 ätgärd
726 984 87 25 derhän,
830 986 32 19 att
876 983 118 22 understöd

242 1018 54 21 efter
306 1018 101 27 pröfning
417 1017 66 21 skulle
491 1018 93 26 utgifvas
593 1019 22 20 ät
623 1018 151 27 folkhögskola
782 1018 50 21 eller
840 1018 92 21 likartad
939 1018 55 20 läro-

241 1052 85 25 anstalt,
344 1059 47 13 som
406 1053 28 26 pä
449 1052 92 21 enskildt
553 1053 90 20 initiativ
655 1051 127 26 tillkommit,
794 1052 32 21 för
837 1052 81 21 hvilket
929 1052 66 21 ända-

242 1086 42 21 mäl
305 1086 120 21 Ständerna
447 1086 102 21 anvisade
573 1091 75 22 15,000
663 1086 61 21 mark
738 1087 67 20 under
820 1086 72 27 hvarje
908 1087 25 20 af
944 1087 51 20 ären

244 1121 60 26 1892,
316 1121 52 26 1893
378 1121 42 20 och
432 1121 59 26 1894.
514 1121 72 20 Ehuru
597 1121 94 20 Senaten
704 1121 62 20 äfven
777 1122 31 19 uti
818 1121 70 20 denna
899 1121 35 20 del
944 1124 51 17 utan

242 1155 243 27 meningsskiljaktighet
501 1155 115 21 förordade
631 1155 75 27 nädigt
720 1155 59 21 bifall
795 1155 31 21 till
836 1155 92 21 berörda
940 1156 56 27 peti-

242 1191 52 22 tion,
316 1189 47 21 blef
379 1189 130 25 densamma,
525 1189 50 21 med
590 1189 84 26 hänsyn
689 1189 31 21 till
736 1189 238 27 Generalguvernörens
990 1190 6 20 i

243 1223 67 20 saken
322 1222 80 27 afgifna
412 1223 115 25 utlåtande,
540 1223 86 20 lemnad
636 1226 50 17 utan
696 1223 109 20 afseende.
828 1224 9 19 I
852 1223 115 27 anledning
975 1223 23 20 af

242 1256 146 25 förenämnda,
412 1257 35 20 vid
470 1257 144 20 innevarande
628 1257 104 26 landtdag
748 1257 120 20 inlemnade
884 1259 112 24 petitions-

243 1290 80 27 förslag
346 1297 35 13 om
403 1291 116 20 anvisande
541 1290 25 21 af
584 1290 71 21 medel
675 1291 33 20 för
728 1291 118 20 understöd
860 1292 22 20 ät
898 1291 98 27 folkhög-

244 1324 78 24 skolor,
346 1325 37 18 har
406 1324 113 20 Allmänna
541 1325 199 20 Besvärsutskottet
763 1325 40 20 hos
819 1325 121 20 Ständerna
955 1325 42 20 för-

244 1358 63 19 ordat
322 1360 32 17 ett
369 1357 62 26 ärligt
446 1357 75 27 anslag
536 1357 25 20 af
572 1363 79 20 90,000
666 1358 60 20 mark
736 1361 32 17 att
778 1358 67 20 under
855 1358 142 21 instundande

243 1391 145 26 finansperiod
404 1391 108 21 användas
528 1391 31 22 till
571 1391 117 22 understöd
699 1392 22 21 ät
733 1391 170 28 folkhögskolor,
916 1392 82 21 hvilket

245 1425 80 27 förslag
347 1425 69 21 blifvit
434 1425 113 28 godkändt
563 1426 24 21 af
599 1425 99 28 samtliga
714 1427 70 25 stånd,
800 1426 24 21 af
836 1427 162 21 Presteständet

244 1460 64 21 likväl
330 1460 51 21 med
395 1461 139 27 nedsättning
549 1461 25 20 af
585 1461 192 28 anslagsbeloppet
792 1461 31 22 till
838 1461 78 26 60,000
930 1462 66 21 mark.

314 1500 129 16 Statsutskottets
455 1501 103 16 betänkande
570 1501 34 16 N:o
617 1500 16 17 6.
