1120 1781
251 148 14 19 4
541 146 44 24 N:o
609 148 38 22 18.

223 214 24 20 af
260 214 100 26 perioden
381 213 79 27 jemväl
483 213 133 27 disponerats
632 212 51 22 eller
697 213 87 21 komma
799 215 32 19 att
847 212 125 27 disponeras

222 247 108 22 äfvensom
354 247 96 27 anslaget
472 247 33 21 till
528 247 121 21 inrättande
665 246 23 22 af
701 246 103 22 bibliotek
820 246 33 22 för
869 246 102 22 folkskol-

221 282 71 21 lärare
315 282 38 21 och
372 281 121 22 lärarinnor
511 281 28 27 på
554 282 74 21 landet
643 281 103 22 likaledes
761 281 61 21 torde
837 281 88 21 komma
940 282 33 20 att

222 316 69 21 under
310 316 106 27 sistsagda
438 315 25 21 år
478 315 32 21 till
526 316 38 20 sitt
579 316 49 21 hela
642 315 77 27 belopp
735 316 132 26 disponeras,
883 315 41 21 kan
940 314 34 22 för

222 351 63 21 dessa
307 350 23 21 år
347 351 54 21 1893
421 350 38 22 och
483 351 54 20 1894
559 350 17 28 ej
593 353 91 19 emotses
700 350 70 27 någon
784 350 125 26 behållning
923 350 8 21 i
947 350 25 22 de

222 385 121 21 beräknade
366 385 108 27 anslagen,
497 386 51 20 utan
573 384 59 22 torde
655 386 92 20 tvärtom
770 390 26 16 eu
817 384 83 22 mindre
918 384 55 22 brist

222 420 85 21 komma
323 421 32 20 att
370 419 83 27 uppstå.

291 482 31 22 På
338 484 44 19 sätt
398 482 62 21 ofvan
476 482 87 25 anförts,
582 482 98 26 utgjorde
703 482 40 20 den
766 482 101 21 effektiva
882 483 90 20 statsut-

221 517 68 27 giften
312 516 33 22 för
360 516 116 22 underhåll
490 516 31 27 af
532 517 113 21 städernas
656 516 125 27 folkskolor
795 516 67 22 under
877 516 24 21 år
919 517 53 20 1892

221 552 92 25 244,444
328 551 62 21 mark
405 552 27 20 60
444 551 70 27 penni,
526 550 6 21 i
543 551 52 27 följd
606 550 77 22 hvaraf
692 557 26 15 en
728 550 123 28 behållning
862 550 23 22 af
896 551 76 25 18,555

221 587 61 20 mark
305 587 27 21 40
354 585 64 27 penni
440 585 96 27 uppstått
552 586 7 20 i
574 586 35 21 det
631 585 32 21 för
685 586 68 26 sagda
772 585 24 21 år
815 586 102 26 anslagna
937 585 35 21 be-

221 621 50 27 lopp
287 620 91 26 263,000
394 620 66 21 mark.
486 620 42 21 Vid
544 621 56 20 årets
616 620 43 21 slut
673 620 54 21 hade
743 620 117 21 emellertid
876 620 6 21 i
898 620 75 26 sjelfva

221 650 74 21 verket
317 649 33 22 för
372 648 120 22 ändamålet
513 649 99 26 beviljats
634 648 90 27 tillbopa
745 649 92 26 247,900
856 649 61 20 mark
933 648 40 21 och

221 684 67 21 under
311 683 57 22 förra
384 683 79 22 hälften
479 683 23 21 af
515 683 23 21 år
556 684 52 21 1893
625 683 69 20 skulle
709 683 122 26 förhöjning
845 683 54 26 häri,
914 683 7 21 i
937 689 35 15 an-

221 718 86 27 ledning
327 718 24 22 af
364 717 46 22 från
426 718 32 26 sju
478 718 70 21 skilda
564 719 72 20 städer
651 718 108 21 inkomma
774 717 144 28 ansökningar
933 717 39 22 och

220 752 182 27 framställningar
418 754 55 20 samt
488 753 66 26 enligt
569 753 41 21 den
626 752 32 21 för
674 753 71 26 dylika
755 752 86 27 bidrags
851 752 121 27 beviljande

221 788 7 21 i
243 787 117 22 allmänhet
382 789 94 25 antagna
494 787 68 26 grund
581 787 23 21 af
617 788 26 20 25
659 789 90 24 procent
764 787 23 20 af
800 787 172 21 stadskommuns

220 822 99 27 samtliga
342 821 99 22 effektiva
464 821 88 27 utgifter
574 822 32 21 för
629 821 48 21 dess
699 821 124 27 folkskolor,
841 821 81 22 kunnat
937 821 35 21 be-

220 856 62 27 viljas
298 856 33 21 till
346 855 156 27 sammanlagdt
517 856 78 27 belopp
611 855 23 22 af
647 856 77 25 85,300
740 856 67 27 mark,
823 862 48 15 men
883 856 89 21 emedan

221 890 26 21 de
263 890 24 21 af
300 889 119 22 Ständerna
441 890 103 27 anslagna
558 890 84 21 medlen
657 890 19 27 ej
693 889 108 28 medgifvit
817 890 118 27 beviljande
951 890 23 21 af

219 925 77 26 bidrag
311 925 33 21 till
360 924 60 22 detta
434 924 84 27 belopp,
534 925 40 21 har
589 925 45 21 dels
650 925 23 20 åt
688 924 41 21 fem
745 925 72 21 städer
828 924 98 27 beviljats
937 931 34 15 en-

221 959 48 22 dast
283 959 81 22 hälften
381 958 23 21 af
418 958 55 22 hvad
490 959 46 21 dem
552 959 67 27 enligt
634 959 92 21 nämnda
741 959 68 28 grund
824 959 83 22 tillbort
923 959 49 22 med

220 994 77 27 33,650
313 994 61 22 mark
389 993 45 22 dels
450 993 36 22 två
500 994 82 21 städers
598 994 143 26 ansökningar
757 1000 33 15 om
805 995 76 26 bidrag
896 994 23 21 af
928 994 44 21 till-

220 1028 57 27 hopa
293 1029 76 25 18,000
384 1028 62 21 mark
462 1028 6 21 i
483 1028 55 21 brist
553 1029 28 26 på
596 1028 120 27 disponibla
731 1029 69 21 medel
816 1029 18 27 ej
851 1029 81 21 kunnat
942 1029 29 21 bi-

220 1061 69 22 fallas.
319 1063 41 20 Till
382 1062 51 26 följd
456 1062 63 21 häraf
540 1063 39 20 och
602 1062 27 21 då
644 1065 91 18 emotses
750 1062 68 21 måste
833 1065 34 19 att
881 1063 91 21 berörda

219 1097 80 26 städer,
316 1096 85 22 såsnart
416 1096 74 21 sådant
506 1097 38 20 ske
558 1097 49 26 kan,
624 1096 86 21 anhålla
720 1103 35 15 om
766 1096 205 22 ofvanomförmälda

219 1131 148 27 förhöjningar
382 1131 7 21 i
404 1131 159 27 statsbidragen
585 1131 33 21 för
640 1131 136 21 underhållet
798 1131 23 21 af
838 1131 62 22 deras
917 1131 53 22 folk-

219 1165 73 21 skolor
314 1167 56 20 samt
389 1165 206 22 folkskoleväsendet
610 1165 7 21 i
632 1165 59 21 säväl
707 1165 61 21 dessa
782 1171 46 16 som
844 1165 68 27 öfriga
927 1168 44 18 stä-

220 1199 38 21 der
273 1199 133 22 fortfarande
421 1199 93 22 befinner
530 1199 32 27 sig
577 1200 8 21 i
600 1199 65 22 snabb
681 1199 126 28 utveckling,
823 1200 62 21 torde
896 1199 33 22 för
939 1200 31 21 in-

218 1234 122 21 stundande
353 1233 203 28 bevillningsperiod
573 1234 139 21 1895—1897
728 1236 31 19 ett
770 1233 64 28 ärligt
844 1234 94 21 tillskott
949 1234 23 21 af

218 1268 79 27 50,000
312 1268 62 21 mark
389 1267 107 22 erfordras
511 1269 33 20 till
560 1269 36 21 det
610 1267 24 22 af
647 1268 121 22 Ständerna
782 1268 34 22 för
832 1268 25 21 är
869 1269 54 21 1894
934 1275 37 14 an-

219 1303 74 26 slagna
307 1303 77 26 belopp
400 1302 23 22 af
436 1303 92 26 299,000
543 1303 68 26 mark,
634 1303 82 20 hvadan
731 1303 191 27 anslagsbeloppen
938 1303 33 20 för

218 1337 63 20 hvart
297 1337 38 20 och
351 1338 31 19 ett
398 1336 23 21 af
435 1336 62 21 dessa
512 1337 24 20 är
551 1336 69 21 blefve

290 1370 53 21 1895
367 1386 2 5 .
400 1386 5 5 .
436 1386 4 4 .
471 1370 347 26 299,000+50,000
700 1366 15 35 =
726 1370 92 26 349,000
834 1370 67 22 mark.

289 1405 80 21 1896
363 1391 15 45 .
401 1421 3 4 .
436 1420 4 5 .
470 1405 349 27 349,000
574 1391 15 45 +
607 1405 212 27 50,000—399,000
863 1422 10 10 —,

289 1440 53 21 1897
365 1456 4 4 .
401 1456 4 4 .
436 1456 4 4 .
471 1440 91 26 399,000
581 1440 102 26 450.000
701 1448 16 10 —
728 1440 90 25 449,000
863 1456 9 10 =,

594 1481 90 25 Summa
709 1482 109 26 1,197,000
834 1482 66 21 mark.
