<?xml version="1.0" encoding="UTF-8"?>
<alto xmlns="http://www.loc.gov/standards/alto/ns-v3#" xmlns:xlink="http://www.w3.org/1999/xlink" xmlns:xsi="http://www.w3.org/2001/XMLSchema-instance" xsi:schemaLocation="http://www.loc.gov/standards/alto/ns-v3# http://www.loc.gov/alto/v3/alto-3-0.xsd">
	<Description>
		<MeasurementUnit>pixel</MeasurementUnit>
		<sourceImageInformation>
			<fileName>/tmp/tess_n3j59z_d_input.PNG</fileName>
		</sourceImageInformation>
		<OCRProcessing ID="OCR_0">
			<ocrProcessingStep>
				<processingSoftware>
					<softwareName>tesseract 5.3.4</softwareName>
				</processingSoftware>
			</ocrProcessingStep>
		</OCRProcessing>
	</Description>
	<Layout>
		<Page WIDTH="1120" HEIGHT="1775" PHYSICAL_IMG_NR="0" ID="page_0">
			<PrintSpace HPOS="0" VPOS="0" WIDTH="1120" HEIGHT="1775">
				<ComposedBlock ID="cblock_0" HPOS="329" VPOS="155" WIDTH="502" HEIGHT="29">
					<TextBlock ID="block_0" HPOS="329" VPOS="155" WIDTH="502" HEIGHT="29">
						<TextLine ID="line_0" HPOS="329" VPOS="155" WIDTH="502" HEIGHT="29">
							<String ID="string_0" HPOS="329" VPOS="155" WIDTH="28" HEIGHT="23" WC="0.93" CONTENT="U."/><SP WIDTH="15" VPOS="155" HPOS="357"/>
							<String ID="string_1" HPOS="372" VPOS="156" WIDTH="28" HEIGHT="22" WC="0.90" CONTENT="B."/><SP WIDTH="17" VPOS="156" HPOS="400"/>
							<String ID="string_2" HPOS="417" VPOS="169" WIDTH="27" HEIGHT="2" WC="0.88" CONTENT="-—"/><SP WIDTH="16" VPOS="169" HPOS="444"/>
							<String ID="string_3" HPOS="460" VPOS="156" WIDTH="74" HEIGHT="28" WC="0.96" CONTENT="Prop."/><SP WIDTH="13" VPOS="156" HPOS="534"/>
							<String ID="string_4" HPOS="547" VPOS="156" WIDTH="44" HEIGHT="22" WC="0.96" CONTENT="N:o"/><SP WIDTH="16" VPOS="156" HPOS="591"/>
							<String ID="string_5" HPOS="607" VPOS="157" WIDTH="35" HEIGHT="21" WC="0.96" CONTENT="13."/><SP WIDTH="177" VPOS="157" HPOS="642"/>
							<String ID="string_6" HPOS="819" VPOS="158" WIDTH="12" HEIGHT="20" WC="0.96" CONTENT="3"/>
						</TextLine>
					</TextBlock>
				</ComposedBlock>
				<ComposedBlock ID="cblock_1" HPOS="316" VPOS="226" WIDTH="546" HEIGHT="238">
					<TextBlock ID="block_1" HPOS="316" VPOS="226" WIDTH="546" HEIGHT="238">
						<TextLine ID="line_1" HPOS="316" VPOS="226" WIDTH="545" HEIGHT="29">
							<String ID="string_7" HPOS="316" VPOS="226" WIDTH="44" HEIGHT="22" WC="0.96" CONTENT="och"/><SP WIDTH="29" VPOS="226" HPOS="360"/>
							<String ID="string_8" HPOS="389" VPOS="226" WIDTH="80" HEIGHT="23" WC="0.93" CONTENT="första"/><SP WIDTH="27" VPOS="226" HPOS="469"/>
							<String ID="string_9" HPOS="496" VPOS="228" WIDTH="131" HEIGHT="21" WC="0.96" CONTENT="momentet"/><SP WIDTH="21" VPOS="228" HPOS="627"/>
							<String ID="string_10" HPOS="648" VPOS="227" WIDTH="16" HEIGHT="22" WC="0.91" CONTENT="4"/><SP WIDTH="18" VPOS="227" HPOS="664"/>
							<String ID="string_11" HPOS="682" VPOS="228" WIDTH="14" HEIGHT="27" WC="0.90" CONTENT="$"/><SP WIDTH="18" VPOS="228" HPOS="696"/>
							<String ID="string_12" HPOS="714" VPOS="229" WIDTH="38" HEIGHT="21" WC="0.96" CONTENT="att"/><SP WIDTH="18" VPOS="229" HPOS="752"/>
							<String ID="string_13" HPOS="770" VPOS="228" WIDTH="91" HEIGHT="22" WC="0.96" CONTENT="förlust"/>
						</TextLine>
						<TextLine ID="line_2" HPOS="316" VPOS="260" WIDTH="543" HEIGHT="30">
							<String ID="string_14" HPOS="316" VPOS="260" WIDTH="32" HEIGHT="22" WC="0.89" CONTENT="af"/><SP WIDTH="13" VPOS="260" HPOS="348"/>
							<String ID="string_15" HPOS="361" VPOS="261" WIDTH="196" HEIGHT="29" WC="0.91" CONTENT="medborgerligt"/><SP WIDTH="18" VPOS="261" HPOS="557"/>
							<String ID="string_16" HPOS="575" VPOS="261" WIDTH="141" HEIGHT="22" WC="0.96" CONTENT="förtroende"/><SP WIDTH="21" VPOS="261" HPOS="716"/>
							<String ID="string_17" HPOS="737" VPOS="262" WIDTH="122" HEIGHT="26" WC="0.95" CONTENT="inträder,"/>
						</TextLine>
						<TextLine ID="line_3" HPOS="318" VPOS="294" WIDTH="543" HEIGHT="30">
							<String ID="string_18" HPOS="318" VPOS="294" WIDTH="65" HEIGHT="26" WC="0.68" CONTENT=",När"/><SP WIDTH="17" VPOS="294" HPOS="383"/>
							<String ID="string_19" HPOS="400" VPOS="295" WIDTH="171" HEIGHT="29" WC="0.95" CONTENT="handlingens"/><SP WIDTH="19" VPOS="295" HPOS="571"/>
							<String ID="string_20" HPOS="590" VPOS="295" WIDTH="172" HEIGHT="23" WC="0.93" CONTENT="beskaffenhet"/><SP WIDTH="13" VPOS="295" HPOS="762"/>
							<String ID="string_21" HPOS="775" VPOS="296" WIDTH="86" HEIGHT="22" WC="0.91" CONTENT="dertill"/>
						</TextLine>
						<TextLine ID="line_4" HPOS="318" VPOS="328" WIDTH="543" HEIGHT="31">
							<String ID="string_22" HPOS="318" VPOS="328" WIDTH="169" HEIGHT="28" WC="0.57" CONTENT="föranleder&quot;,"/><SP WIDTH="33" VPOS="328" HPOS="487"/>
							<String ID="string_23" HPOS="520" VPOS="331" WIDTH="97" HEIGHT="27" WC="0.92" CONTENT="antaga"/><SP WIDTH="36" VPOS="331" HPOS="617"/>
							<String ID="string_24" HPOS="653" VPOS="330" WIDTH="33" HEIGHT="22" WC="0.95" CONTENT="ett"/><SP WIDTH="32" VPOS="330" HPOS="686"/>
							<String ID="string_25" HPOS="718" VPOS="330" WIDTH="143" HEIGHT="29" WC="0.96" CONTENT="stadgande"/>
						</TextLine>
						<TextLine ID="line_5" HPOS="318" VPOS="363" WIDTH="544" HEIGHT="30">
							<String ID="string_26" HPOS="318" VPOS="363" WIDTH="85" HEIGHT="22" WC="0.96" CONTENT="derom"/><SP WIDTH="19" VPOS="363" HPOS="403"/>
							<String ID="string_27" HPOS="422" VPOS="364" WIDTH="36" HEIGHT="22" WC="0.96" CONTENT="att"/><SP WIDTH="18" VPOS="364" HPOS="458"/>
							<String ID="string_28" HPOS="476" VPOS="364" WIDTH="81" HEIGHT="29" WC="0.95" CONTENT="sagda"/><SP WIDTH="6" VPOS="364" HPOS="557"/>
							<String ID="string_29" HPOS="563" VPOS="364" WIDTH="105" HEIGHT="29" WC="0.93" CONTENT="påföljd"/><SP WIDTH="10" VPOS="364" HPOS="668"/>
							<String ID="string_30" HPOS="678" VPOS="363" WIDTH="110" HEIGHT="28" WC="0.92" CONTENT="ådömes,"/><SP WIDTH="13" VPOS="363" HPOS="788"/>
							<String ID="string_31" HPOS="801" VPOS="366" WIDTH="61" HEIGHT="25" WC="0.87" CONTENT=",,der"/>
						</TextLine>
						<TextLine ID="line_6" HPOS="318" VPOS="398" WIDTH="544" HEIGHT="30">
							<String ID="string_32" HPOS="318" VPOS="398" WIDTH="247" HEIGHT="28" WC="0.96" CONTENT="omständigheterna"/><SP WIDTH="14" VPOS="398" HPOS="565"/>
							<String ID="string_33" HPOS="579" VPOS="400" WIDTH="44" HEIGHT="21" WC="0.96" CONTENT="äro"/><SP WIDTH="14" VPOS="400" HPOS="623"/>
							<String ID="string_34" HPOS="637" VPOS="400" WIDTH="161" HEIGHT="28" WC="0.77" CONTENT="synnerligen"/><SP WIDTH="16" VPOS="400" HPOS="798"/>
							<String ID="string_35" HPOS="814" VPOS="400" WIDTH="48" HEIGHT="22" WC="0.92" CONTENT="för-"/>
						</TextLine>
						<TextLine ID="line_7" HPOS="317" VPOS="431" WIDTH="308" HEIGHT="33">
							<String ID="string_36" HPOS="317" VPOS="431" WIDTH="151" HEIGHT="28" WC="0.69" CONTENT="svårande&#39;&#39;,"/><SP WIDTH="19" VPOS="431" HPOS="468"/>
							<String ID="string_37" HPOS="487" VPOS="434" WIDTH="84" HEIGHT="22" WC="0.96" CONTENT="röstar"/><SP WIDTH="11" VPOS="434" HPOS="571"/>
							<String ID="string_38" HPOS="582" VPOS="438" WIDTH="43" HEIGHT="26" WC="0.96" CONTENT="ja."/>
						</TextLine>
					</TextBlock>
				</ComposedBlock>
				<ComposedBlock ID="cblock_2" HPOS="386" VPOS="502" WIDTH="427" HEIGHT="30">
					<TextBlock ID="block_2" HPOS="386" VPOS="502" WIDTH="427" HEIGHT="30">
						<TextLine ID="line_8" HPOS="386" VPOS="502" WIDTH="427" HEIGHT="30">
							<String ID="string_39" HPOS="386" VPOS="502" WIDTH="54" HEIGHT="22" WC="0.96" CONTENT="Den"/><SP WIDTH="19" VPOS="502" HPOS="440"/>
							<String ID="string_40" HPOS="459" VPOS="502" WIDTH="40" HEIGHT="22" WC="0.95" CONTENT="det"/><SP WIDTH="18" VPOS="502" HPOS="499"/>
							<String ID="string_41" HPOS="517" VPOS="502" WIDTH="53" HEIGHT="22" WC="0.96" CONTENT="icke"/><SP WIDTH="18" VPOS="502" HPOS="570"/>
							<String ID="string_42" HPOS="588" VPOS="502" WIDTH="54" HEIGHT="26" WC="0.96" CONTENT="vill,"/><SP WIDTH="19" VPOS="502" HPOS="642"/>
							<String ID="string_43" HPOS="661" VPOS="503" WIDTH="83" HEIGHT="21" WC="0.96" CONTENT="röstar"/><SP WIDTH="18" VPOS="503" HPOS="744"/>
							<String ID="string_44" HPOS="762" VPOS="506" WIDTH="51" HEIGHT="26" WC="0.94" CONTENT="nej."/>
						</TextLine>
					</TextBlock>
				</ComposedBlock>
				<ComposedBlock ID="cblock_3" HPOS="317" VPOS="570" WIDTH="552" HEIGHT="470">
					<TextBlock ID="block_3" HPOS="317" VPOS="570" WIDTH="548" HEIGHT="201">
						<TextLine ID="line_9" HPOS="393" VPOS="570" WIDTH="470" HEIGHT="29">
							<String ID="string_45" HPOS="393" VPOS="570" WIDTH="92" HEIGHT="22" WC="0.96" CONTENT="Vinner"/><SP WIDTH="21" VPOS="570" HPOS="485"/>
							<String ID="string_46" HPOS="506" VPOS="570" WIDTH="49" HEIGHT="29" WC="0.96" CONTENT="nej,"/><SP WIDTH="25" VPOS="570" HPOS="555"/>
							<String ID="string_47" HPOS="580" VPOS="571" WIDTH="105" HEIGHT="28" WC="0.95" CONTENT="antages"/><SP WIDTH="21" VPOS="571" HPOS="685"/>
							<String ID="string_48" HPOS="706" VPOS="570" WIDTH="40" HEIGHT="23" WC="0.93" CONTENT="till"/><SP WIDTH="18" VPOS="570" HPOS="746"/>
							<String ID="string_49" HPOS="764" VPOS="571" WIDTH="99" HEIGHT="22" WC="0.92" CONTENT="kontra-"/>
						</TextLine>
						<TextLine ID="line_10" HPOS="317" VPOS="605" WIDTH="547" HEIGHT="29">
							<String ID="string_50" HPOS="317" VPOS="605" WIDTH="160" HEIGHT="28" WC="0.96" CONTENT="proposition"/><SP WIDTH="19" VPOS="605" HPOS="477"/>
							<String ID="string_51" HPOS="496" VPOS="607" WIDTH="37" HEIGHT="20" WC="0.95" CONTENT="att"/><SP WIDTH="18" VPOS="607" HPOS="533"/>
							<String ID="string_52" HPOS="551" VPOS="605" WIDTH="190" HEIGHT="29" WC="0.96" CONTENT="bestämningen"/><SP WIDTH="19" VPOS="605" HPOS="741"/>
							<String ID="string_53" HPOS="760" VPOS="612" WIDTH="40" HEIGHT="15" WC="0.93" CONTENT="om"/><SP WIDTH="16" VPOS="612" HPOS="800"/>
							<String ID="string_54" HPOS="816" VPOS="605" WIDTH="48" HEIGHT="22" WC="0.92" CONTENT="för-"/>
						</TextLine>
						<TextLine ID="line_11" HPOS="321" VPOS="639" WIDTH="544" HEIGHT="30">
							<String ID="string_55" HPOS="321" VPOS="639" WIDTH="50" HEIGHT="22" WC="0.96" CONTENT="lust"/><SP WIDTH="26" VPOS="639" HPOS="371"/>
							<String ID="string_56" HPOS="397" VPOS="639" WIDTH="32" HEIGHT="22" WC="0.92" CONTENT="af"/><SP WIDTH="23" VPOS="639" HPOS="429"/>
							<String ID="string_57" HPOS="452" VPOS="640" WIDTH="195" HEIGHT="29" WC="0.92" CONTENT="medborgerligt"/><SP WIDTH="27" VPOS="640" HPOS="647"/>
							<String ID="string_58" HPOS="674" VPOS="639" WIDTH="142" HEIGHT="23" WC="0.96" CONTENT="förtroende"/><SP WIDTH="18" VPOS="639" HPOS="816"/>
							<String ID="string_59" HPOS="834" VPOS="647" WIDTH="31" HEIGHT="15" WC="0.96" CONTENT="ur"/>
						</TextLine>
						<TextLine ID="line_12" HPOS="320" VPOS="673" WIDTH="545" HEIGHT="30">
							<String ID="string_60" HPOS="320" VPOS="673" WIDTH="83" HEIGHT="30" WC="0.96" CONTENT="sagda"/><SP WIDTH="26" VPOS="673" HPOS="403"/>
							<String ID="string_61" HPOS="429" VPOS="675" WIDTH="30" HEIGHT="26" WC="0.93" CONTENT="$$"/><SP WIDTH="25" VPOS="675" HPOS="459"/>
							<String ID="string_62" HPOS="484" VPOS="674" WIDTH="117" HEIGHT="22" WC="0.90" CONTENT="uteslutes"/><SP WIDTH="28" VPOS="674" HPOS="601"/>
							<String ID="string_63" HPOS="629" VPOS="674" WIDTH="44" HEIGHT="22" WC="0.96" CONTENT="och"/><SP WIDTH="28" VPOS="674" HPOS="673"/>
							<String ID="string_64" HPOS="701" VPOS="675" WIDTH="41" HEIGHT="22" WC="0.93" CONTENT="till"/><SP WIDTH="25" VPOS="675" HPOS="742"/>
							<String ID="string_65" HPOS="767" VPOS="675" WIDTH="98" HEIGHT="22" WC="0.88" CONTENT="författ-"/>
						</TextLine>
						<TextLine ID="line_13" HPOS="321" VPOS="708" WIDTH="544" HEIGHT="29">
							<String ID="string_66" HPOS="321" VPOS="708" WIDTH="199" HEIGHT="29" WC="0.87" CONTENT="ningsförslaget"/><SP WIDTH="21" VPOS="708" HPOS="520"/>
							<String ID="string_67" HPOS="541" VPOS="708" WIDTH="72" HEIGHT="29" WC="0.96" CONTENT="fogas"/><SP WIDTH="22" VPOS="708" HPOS="613"/>
							<String ID="string_68" HPOS="635" VPOS="715" WIDTH="29" HEIGHT="15" WC="0.96" CONTENT="en"/><SP WIDTH="20" VPOS="715" HPOS="664"/>
							<String ID="string_69" HPOS="684" VPOS="715" WIDTH="34" HEIGHT="22" WC="0.93" CONTENT="ny"/><SP WIDTH="22" VPOS="715" HPOS="718"/>
							<String ID="string_70" HPOS="740" VPOS="709" WIDTH="15" HEIGHT="27" WC="0.92" CONTENT="$"/><SP WIDTH="19" VPOS="709" HPOS="755"/>
							<String ID="string_71" HPOS="774" VPOS="709" WIDTH="31" HEIGHT="22" WC="0.93" CONTENT="af"/><SP WIDTH="16" VPOS="709" HPOS="805"/>
							<String ID="string_72" HPOS="821" VPOS="709" WIDTH="44" HEIGHT="22" WC="0.89" CONTENT="föl-"/>
						</TextLine>
						<TextLine ID="line_14" HPOS="317" VPOS="743" WIDTH="206" HEIGHT="28">
							<String ID="string_73" HPOS="317" VPOS="743" WIDTH="82" HEIGHT="28" WC="0.90" CONTENT="jande"/><SP WIDTH="18" VPOS="743" HPOS="399"/>
							<String ID="string_74" HPOS="417" VPOS="743" WIDTH="106" HEIGHT="28" WC="0.96" CONTENT="lydelse:"/>
						</TextLine>
					</TextBlock>
					<TextBlock ID="block_4" HPOS="322" VPOS="777" WIDTH="547" HEIGHT="263">
						<TextLine ID="line_15" HPOS="389" VPOS="777" WIDTH="476" HEIGHT="30">
							<String ID="string_75" HPOS="389" VPOS="777" WIDTH="15" HEIGHT="28" WC="0.92" CONTENT="$"/><SP WIDTH="28" VPOS="777" HPOS="404"/>
							<String ID="string_76" HPOS="432" VPOS="778" WIDTH="22" HEIGHT="21" WC="0.92" CONTENT="6."/><SP WIDTH="37" VPOS="778" HPOS="454"/>
							<String ID="string_77" HPOS="491" VPOS="778" WIDTH="61" HEIGHT="26" WC="0.95" CONTENT="Den,"/><SP WIDTH="22" VPOS="778" HPOS="552"/>
							<String ID="string_78" HPOS="574" VPOS="784" WIDTH="54" HEIGHT="15" WC="0.96" CONTENT="som"/><SP WIDTH="20" VPOS="784" HPOS="628"/>
							<String ID="string_79" HPOS="648" VPOS="777" WIDTH="79" HEIGHT="30" WC="0.96" CONTENT="enligt"/><SP WIDTH="18" VPOS="777" HPOS="727"/>
							<String ID="string_80" HPOS="745" VPOS="778" WIDTH="21" HEIGHT="25" WC="0.96" CONTENT="1,"/><SP WIDTH="20" VPOS="778" HPOS="766"/>
							<String ID="string_81" HPOS="786" VPOS="778" WIDTH="17" HEIGHT="22" WC="0.96" CONTENT="3"/><SP WIDTH="18" VPOS="778" HPOS="803"/>
							<String ID="string_82" HPOS="821" VPOS="777" WIDTH="44" HEIGHT="22" WC="0.96" CONTENT="och"/>
						</TextLine>
						<TextLine ID="line_16" HPOS="323" VPOS="811" WIDTH="544" HEIGHT="30">
							<String ID="string_83" HPOS="323" VPOS="812" WIDTH="15" HEIGHT="21" WC="0.96" CONTENT="4"/><SP WIDTH="26" VPOS="812" HPOS="338"/>
							<String ID="string_84" HPOS="364" VPOS="812" WIDTH="30" HEIGHT="27" WC="0.95" CONTENT="$$"/><SP WIDTH="26" VPOS="812" HPOS="394"/>
							<String ID="string_85" HPOS="420" VPOS="812" WIDTH="10" HEIGHT="21" WC="0.95" CONTENT="i"/><SP WIDTH="27" VPOS="812" HPOS="430"/>
							<String ID="string_86" HPOS="457" VPOS="812" WIDTH="84" HEIGHT="22" WC="0.95" CONTENT="denna"/><SP WIDTH="28" VPOS="812" HPOS="541"/>
							<String ID="string_87" HPOS="569" VPOS="811" WIDTH="151" HEIGHT="30" WC="0.94" CONTENT="förordning"/><SP WIDTH="23" VPOS="811" HPOS="720"/>
							<String ID="string_88" HPOS="743" VPOS="812" WIDTH="66" HEIGHT="28" WC="0.96" CONTENT="gjort"/><SP WIDTH="18" VPOS="812" HPOS="809"/>
							<String ID="string_89" HPOS="827" VPOS="812" WIDTH="40" HEIGHT="28" WC="0.96" CONTENT="sig"/>
						</TextLine>
						<TextLine ID="line_17" HPOS="322" VPOS="845" WIDTH="545" HEIGHT="29">
							<String ID="string_90" HPOS="322" VPOS="845" WIDTH="103" HEIGHT="29" WC="0.96" CONTENT="skyldig"/><SP WIDTH="28" VPOS="845" HPOS="425"/>
							<String ID="string_91" HPOS="453" VPOS="846" WIDTH="40" HEIGHT="22" WC="0.93" CONTENT="till"/><SP WIDTH="27" VPOS="846" HPOS="493"/>
							<String ID="string_92" HPOS="520" VPOS="845" WIDTH="186" HEIGHT="27" WC="0.91" CONTENT="tukthusstraff,"/><SP WIDTH="28" VPOS="845" HPOS="706"/>
							<String ID="string_93" HPOS="734" VPOS="846" WIDTH="67" HEIGHT="22" WC="0.96" CONTENT="skall"/><SP WIDTH="22" VPOS="846" HPOS="801"/>
							<String ID="string_94" HPOS="823" VPOS="846" WIDTH="44" HEIGHT="21" WC="0.96" CONTENT="ock"/>
						</TextLine>
						<TextLine ID="line_18" HPOS="324" VPOS="880" WIDTH="543" HEIGHT="29">
							<String ID="string_95" HPOS="324" VPOS="880" WIDTH="90" HEIGHT="22" WC="0.95" CONTENT="dömas"/><SP WIDTH="33" VPOS="880" HPOS="414"/>
							<String ID="string_96" HPOS="447" VPOS="880" WIDTH="118" HEIGHT="29" WC="0.84" CONTENT="förlustig"/><SP WIDTH="29" VPOS="880" HPOS="565"/>
							<String ID="string_97" HPOS="594" VPOS="880" WIDTH="196" HEIGHT="29" WC="0.91" CONTENT="medborgerligt"/><SP WIDTH="29" VPOS="880" HPOS="790"/>
							<String ID="string_98" HPOS="819" VPOS="880" WIDTH="48" HEIGHT="22" WC="0.92" CONTENT="för-"/>
						</TextLine>
						<TextLine ID="line_19" HPOS="323" VPOS="909" WIDTH="544" HEIGHT="34">
							<String ID="string_99" HPOS="323" VPOS="914" WIDTH="108" HEIGHT="22" WC="0.93" CONTENT="troende."/><SP WIDTH="25" VPOS="914" HPOS="431"/>
							<String ID="string_100" HPOS="456" VPOS="909" WIDTH="109" HEIGHT="28" WC="0.92" CONTENT="Ådömes"/><SP WIDTH="13" VPOS="909" HPOS="565"/>
							<String ID="string_101" HPOS="578" VPOS="914" WIDTH="49" HEIGHT="22" WC="0.93" CONTENT="den"/><SP WIDTH="10" VPOS="914" HPOS="627"/>
							<String ID="string_102" HPOS="637" VPOS="914" WIDTH="128" HEIGHT="29" WC="0.91" CONTENT="brottslige"/><SP WIDTH="9" VPOS="914" HPOS="765"/>
							<String ID="string_103" HPOS="774" VPOS="914" WIDTH="11" HEIGHT="22" WC="0.96" CONTENT="i"/><SP WIDTH="9" VPOS="914" HPOS="785"/>
							<String ID="string_104" HPOS="794" VPOS="914" WIDTH="73" HEIGHT="22" WC="0.96" CONTENT="dessa"/>
						</TextLine>
						<TextLine ID="line_20" HPOS="325" VPOS="948" WIDTH="541" HEIGHT="30">
							<String ID="string_105" HPOS="325" VPOS="948" WIDTH="48" HEIGHT="23" WC="0.93" CONTENT="fall"/><SP WIDTH="28" VPOS="948" HPOS="373"/>
							<String ID="string_106" HPOS="401" VPOS="948" WIDTH="196" HEIGHT="29" WC="0.93" CONTENT="fängelsestraff,"/><SP WIDTH="23" VPOS="948" HPOS="597"/>
							<String ID="string_107" HPOS="620" VPOS="955" WIDTH="60" HEIGHT="15" WC="0.96" CONTENT="vare"/><SP WIDTH="18" VPOS="955" HPOS="680"/>
							<String ID="string_108" HPOS="698" VPOS="948" WIDTH="43" HEIGHT="30" WC="0.95" CONTENT="lag"/><SP WIDTH="18" VPOS="948" HPOS="741"/>
							<String ID="string_109" HPOS="759" VPOS="955" WIDTH="107" HEIGHT="19" WC="0.93" CONTENT="samma,"/>
						</TextLine>
						<TextLine ID="line_21" HPOS="324" VPOS="982" WIDTH="545" HEIGHT="30">
							<String ID="string_110" HPOS="324" VPOS="983" WIDTH="49" HEIGHT="22" WC="0.96" CONTENT="när"/><SP WIDTH="26" VPOS="983" HPOS="373"/>
							<String ID="string_111" HPOS="399" VPOS="983" WIDTH="172" HEIGHT="29" WC="0.95" CONTENT="handlingens"/><SP WIDTH="22" VPOS="983" HPOS="571"/>
							<String ID="string_112" HPOS="593" VPOS="982" WIDTH="171" HEIGHT="23" WC="0.93" CONTENT="beskaffenhet"/><SP WIDTH="19" VPOS="982" HPOS="764"/>
							<String ID="string_113" HPOS="783" VPOS="982" WIDTH="86" HEIGHT="23" WC="0.91" CONTENT="dertill"/>
						</TextLine>
						<TextLine ID="line_22" HPOS="325" VPOS="1016" WIDTH="152" HEIGHT="24">
							<String ID="string_114" HPOS="325" VPOS="1016" WIDTH="152" HEIGHT="24" WC="0.96" CONTENT="föranleder."/>
						</TextLine>
					</TextBlock>
				</ComposedBlock>
				<ComposedBlock ID="cblock_4" HPOS="581" VPOS="1120" WIDTH="34" HEIGHT="22">
					<TextBlock ID="block_5" HPOS="581" VPOS="1120" WIDTH="34" HEIGHT="22">
						<TextLine ID="line_23" HPOS="581" VPOS="1120" WIDTH="34" HEIGHT="22">
							<String ID="string_115" HPOS="581" VPOS="1120" WIDTH="34" HEIGHT="22" WC="0.91" CONTENT="II."/>
						</TextLine>
					</TextBlock>
				</ComposedBlock>
				<ComposedBlock ID="cblock_5" HPOS="326" VPOS="1188" WIDTH="546" HEIGHT="235">
					<TextBlock ID="block_6" HPOS="326" VPOS="1188" WIDTH="546" HEIGHT="235">
						<TextLine ID="line_24" HPOS="394" VPOS="1188" WIDTH="477" HEIGHT="29">
							<String ID="string_116" HPOS="394" VPOS="1189" WIDTH="62" HEIGHT="25" WC="0.95" CONTENT="Den,"/><SP WIDTH="26" VPOS="1189" HPOS="456"/>
							<String ID="string_117" HPOS="482" VPOS="1195" WIDTH="53" HEIGHT="15" WC="0.96" CONTENT="som"/><SP WIDTH="18" VPOS="1195" HPOS="535"/>
							<String ID="string_118" HPOS="553" VPOS="1188" WIDTH="148" HEIGHT="29" WC="0.91" CONTENT="godkänner"/><SP WIDTH="18" VPOS="1188" HPOS="701"/>
							<String ID="string_119" HPOS="719" VPOS="1188" WIDTH="152" HEIGHT="22" WC="0.91" CONTENT="bestämnin-"/>
						</TextLine>
						<TextLine ID="line_25" HPOS="326" VPOS="1222" WIDTH="544" HEIGHT="31">
							<String ID="string_120" HPOS="326" VPOS="1230" WIDTH="48" HEIGHT="23" WC="0.96" CONTENT="gen"/><SP WIDTH="24" VPOS="1230" HPOS="374"/>
							<String ID="string_121" HPOS="398" VPOS="1223" WIDTH="10" HEIGHT="22" WC="0.94" CONTENT="i"/><SP WIDTH="28" VPOS="1223" HPOS="408"/>
							<String ID="string_122" HPOS="436" VPOS="1223" WIDTH="80" HEIGHT="22" WC="0.94" CONTENT="första"/><SP WIDTH="27" VPOS="1223" HPOS="516"/>
							<String ID="string_123" HPOS="543" VPOS="1224" WIDTH="132" HEIGHT="21" WC="0.95" CONTENT="momentet"/><SP WIDTH="26" VPOS="1224" HPOS="675"/>
							<String ID="string_124" HPOS="701" VPOS="1222" WIDTH="13" HEIGHT="22" WC="0.92" CONTENT="1"/><SP WIDTH="26" VPOS="1222" HPOS="714"/>
							<String ID="string_125" HPOS="740" VPOS="1223" WIDTH="22" HEIGHT="28" WC="0.90" CONTENT="$,"/><SP WIDTH="29" VPOS="1223" HPOS="762"/>
							<String ID="string_126" HPOS="791" VPOS="1222" WIDTH="79" HEIGHT="23" WC="0.95" CONTENT="första"/>
						</TextLine>
						<TextLine ID="line_26" HPOS="327" VPOS="1257" WIDTH="545" HEIGHT="29">
							<String ID="string_127" HPOS="327" VPOS="1258" WIDTH="133" HEIGHT="22" WC="0.96" CONTENT="momentet"/><SP WIDTH="27" VPOS="1258" HPOS="460"/>
							<String ID="string_128" HPOS="487" VPOS="1258" WIDTH="16" HEIGHT="21" WC="0.92" CONTENT="3"/><SP WIDTH="25" VPOS="1258" HPOS="503"/>
							<String ID="string_129" HPOS="528" VPOS="1258" WIDTH="15" HEIGHT="28" WC="0.91" CONTENT="$"/><SP WIDTH="20" VPOS="1258" HPOS="543"/>
							<String ID="string_130" HPOS="563" VPOS="1258" WIDTH="46" HEIGHT="21" WC="0.96" CONTENT="och"/><SP WIDTH="28" VPOS="1258" HPOS="609"/>
							<String ID="string_131" HPOS="637" VPOS="1257" WIDTH="79" HEIGHT="22" WC="0.96" CONTENT="första"/><SP WIDTH="24" VPOS="1257" HPOS="716"/>
							<String ID="string_132" HPOS="740" VPOS="1258" WIDTH="132" HEIGHT="21" WC="0.96" CONTENT="momentet"/>
						</TextLine>
						<TextLine ID="line_27" HPOS="329" VPOS="1291" WIDTH="542" HEIGHT="29">
							<String ID="string_133" HPOS="329" VPOS="1293" WIDTH="15" HEIGHT="22" WC="0.90" CONTENT="4"/><SP WIDTH="23" VPOS="1293" HPOS="344"/>
							<String ID="string_134" HPOS="367" VPOS="1293" WIDTH="15" HEIGHT="27" WC="0.87" CONTENT="$"/><SP WIDTH="18" VPOS="1293" HPOS="382"/>
							<String ID="string_135" HPOS="400" VPOS="1293" WIDTH="38" HEIGHT="21" WC="0.92" CONTENT="alt"/><SP WIDTH="18" VPOS="1293" HPOS="438"/>
							<String ID="string_136" HPOS="456" VPOS="1291" WIDTH="91" HEIGHT="23" WC="0.96" CONTENT="förlust"/><SP WIDTH="17" VPOS="1291" HPOS="547"/>
							<String ID="string_137" HPOS="564" VPOS="1292" WIDTH="32" HEIGHT="22" WC="0.93" CONTENT="af"/><SP WIDTH="15" VPOS="1292" HPOS="596"/>
							<String ID="string_138" HPOS="611" VPOS="1291" WIDTH="194" HEIGHT="29" WC="0.89" CONTENT="medborgerligt"/><SP WIDTH="19" VPOS="1291" HPOS="805"/>
							<String ID="string_139" HPOS="824" VPOS="1291" WIDTH="47" HEIGHT="22" WC="0.91" CONTENT="för-"/>
						</TextLine>
						<TextLine ID="line_28" HPOS="329" VPOS="1326" WIDTH="543" HEIGHT="28">
							<String ID="string_140" HPOS="329" VPOS="1327" WIDTH="100" HEIGHT="22" WC="0.96" CONTENT="troende"/><SP WIDTH="27" VPOS="1327" HPOS="429"/>
							<String ID="string_141" HPOS="456" VPOS="1326" WIDTH="121" HEIGHT="26" WC="0.93" CONTENT="inträder,"/><SP WIDTH="29" VPOS="1326" HPOS="577"/>
							<String ID="string_142" HPOS="606" VPOS="1343" WIDTH="5" HEIGHT="9" WC="0.93" CONTENT=","/><SP WIDTH="4" VPOS="1343" HPOS="611"/>
							<String ID="string_143" HPOS="615" VPOS="1326" WIDTH="57" HEIGHT="26" WC="0.89" CONTENT="när"/><SP WIDTH="28" VPOS="1326" HPOS="672"/>
							<String ID="string_144" HPOS="700" VPOS="1326" WIDTH="172" HEIGHT="28" WC="0.95" CONTENT="handlingens"/>
						</TextLine>
						<TextLine ID="line_29" HPOS="329" VPOS="1360" WIDTH="543" HEIGHT="26">
							<String ID="string_145" HPOS="329" VPOS="1361" WIDTH="171" HEIGHT="23" WC="0.93" CONTENT="beskaffenhet"/><SP WIDTH="27" VPOS="1361" HPOS="500"/>
							<String ID="string_146" HPOS="527" VPOS="1361" WIDTH="86" HEIGHT="22" WC="0.92" CONTENT="dertill"/><SP WIDTH="25" VPOS="1361" HPOS="613"/>
							<String ID="string_147" HPOS="638" VPOS="1360" WIDTH="169" HEIGHT="26" WC="0.51" CONTENT="föranleder&quot;,"/><SP WIDTH="28" VPOS="1360" HPOS="807"/>
							<String ID="string_148" HPOS="835" VPOS="1361" WIDTH="37" HEIGHT="21" WC="0.92" CONTENT="rö-"/>
						</TextLine>
						<TextLine ID="line_30" HPOS="329" VPOS="1397" WIDTH="107" HEIGHT="26">
							<String ID="string_149" HPOS="329" VPOS="1397" WIDTH="53" HEIGHT="20" WC="0.96" CONTENT="star"/><SP WIDTH="12" VPOS="1397" HPOS="382"/>
							<String ID="string_150" HPOS="394" VPOS="1399" WIDTH="42" HEIGHT="24" WC="0.95" CONTENT="ja."/>
						</TextLine>
					</TextBlock>
				</ComposedBlock>
				<ComposedBlock ID="cblock_6" HPOS="194" VPOS="1461" WIDTH="634" HEIGHT="69">
					<TextBlock ID="block_7" HPOS="194" VPOS="1461" WIDTH="634" HEIGHT="69">
						<TextLine ID="line_31" HPOS="400" VPOS="1461" WIDTH="428" HEIGHT="29">
							<String ID="string_151" HPOS="400" VPOS="1462" WIDTH="55" HEIGHT="22" WC="0.95" CONTENT="Den"/><SP WIDTH="19" VPOS="1462" HPOS="455"/>
							<String ID="string_152" HPOS="474" VPOS="1461" WIDTH="40" HEIGHT="22" WC="0.95" CONTENT="det"/><SP WIDTH="18" VPOS="1461" HPOS="514"/>
							<String ID="string_153" HPOS="532" VPOS="1461" WIDTH="53" HEIGHT="22" WC="0.96" CONTENT="icke"/><SP WIDTH="16" VPOS="1461" HPOS="585"/>
							<String ID="string_154" HPOS="601" VPOS="1462" WIDTH="54" HEIGHT="27" WC="0.96" CONTENT="gör,"/><SP WIDTH="19" VPOS="1462" HPOS="655"/>
							<String ID="string_155" HPOS="674" VPOS="1461" WIDTH="84" HEIGHT="22" WC="0.96" CONTENT="röstar"/><SP WIDTH="18" VPOS="1461" HPOS="758"/>
							<String ID="string_156" HPOS="776" VPOS="1464" WIDTH="52" HEIGHT="26" WC="0.94" CONTENT="nej."/>
						</TextLine>
						<TextLine ID="line_32" HPOS="194" VPOS="1504" WIDTH="327" HEIGHT="26">
							<String ID="string_157" HPOS="194" VPOS="1507" WIDTH="129" HEIGHT="23" WC="0.89" CONTENT="Lagutskottets"/><SP WIDTH="12" VPOS="1507" HPOS="323"/>
							<String ID="string_158" HPOS="335" VPOS="1505" WIDTH="110" HEIGHT="18" WC="0.96" CONTENT="betänkande"/><SP WIDTH="12" VPOS="1505" HPOS="445"/>
							<String ID="string_159" HPOS="457" VPOS="1504" WIDTH="35" HEIGHT="17" WC="0.93" CONTENT="N:o"/><SP WIDTH="13" VPOS="1504" HPOS="492"/>
							<String ID="string_160" HPOS="505" VPOS="1505" WIDTH="16" HEIGHT="16" WC="0.95" CONTENT="4."/>
						</TextLine>
					</TextBlock>
				</ComposedBlock>
			</PrintSpace>
		</Page>
	</Layout>
</alto>
