1128 1723
460 140 45 24 N:o
526 142 38 22 16.
850 140 11 20 7

484 209 11 27 $
514 210 32 20 11.

208 248 23 27 Ej
248 248 35 21 må
298 248 110 27 sparbank
423 254 39 21 ega
477 255 72 15 annan
564 248 107 28 fastighet,
688 250 26 20 än
731 254 48 16 som
793 248 34 22 för
843 248 47 21 dess

138 282 147 27 inrymmande
308 284 24 20 är
355 282 83 27 afsedd;
462 282 53 22 dock
538 289 50 15 vare
607 282 109 28 sparbank
736 282 17 27 ej
769 282 121 21 förmenadt

138 317 40 26 att,
195 316 37 22 der
251 316 36 21 det
301 316 34 22 för
353 316 125 28 skyddande
494 317 23 21 af
529 317 97 22 bankens
641 318 45 20 rätt
700 316 69 22 finnes
785 316 105 22 erforder-

138 351 45 27 ligt,
200 352 76 26 inropa
291 351 33 22 för
340 351 48 22 dess
403 351 87 23 fordran
506 353 100 26 pantsatt
621 351 50 22 eller
682 352 82 22 utmätt
773 350 44 23 fast
828 357 62 21 egen-

138 386 55 26 dom,
212 392 45 15 som
277 386 12 21 å
309 386 89 22 auktion
417 386 107 28 försäljes;
540 386 95 22 börande
651 386 130 28 egendomen
797 387 47 21 åter
859 386 31 22 af-

137 422 77 26 yttras,
237 422 40 20 när
299 421 25 21 så
345 420 86 28 pröfvas
454 421 97 28 lämpligt
570 421 39 21 och
624 421 7 21 i
645 421 73 28 hvarje
737 420 37 22 fall
789 422 25 20 så
829 422 61 20 snart

138 456 37 21 det
190 458 52 19 utan
257 455 78 23 förlust
349 456 43 21 kan
408 456 43 21 ske.
614 458 3 3 |

484 509 11 27 $
514 510 32 20 12.

206 549 91 20 Bokslut
315 548 58 22 öfver
388 548 148 27 sparbankens
552 548 136 22 verksamhet
702 548 55 21 skall
773 549 116 26 upprättas

135 582 35 22 för
184 583 128 22 kalenderär
328 583 39 21 och
381 583 136 28 fullständigt
532 584 71 21 utvisa
618 583 148 27 sparbankens
779 583 109 27 ställning.

206 617 124 28 Sparbanks
353 618 90 27 styrelse
466 620 24 19 är
508 618 76 28 pligtig
604 619 39 25 att,
658 618 7 21 i
681 617 40 22 den
738 617 90 28 ordning
844 619 45 20 sär-

138 652 66 21 skildt
222 653 93 26 stadgas,
337 652 89 22 aflemna
441 653 121 22 statistiska
576 652 110 27 uppgifter
701 652 112 28 angäende
828 658 61 21 spar-

137 687 85 22 banken
238 687 37 21 och
293 687 47 21 dess
356 687 141 22 verksamhet.

484 768 11 27 8
514 769 30 20 13.

206 808 99 21 Revision
321 807 22 22 af
357 807 120 28 sparbanks
488 807 130 27 förvaltning
629 807 38 22 och
677 807 147 27 räkenskaper
834 807 56 22 skall

137 842 82 27 årligen
241 842 110 22 förrättas.
380 842 242 22 Revisionsberättelsen
643 842 39 22 bör
701 843 98 27 upptaga
816 842 73 27 belop-

135 883 44 21 pen
199 877 38 21 och
256 877 173 21 beskaffenheten
448 876 22 22 af
484 877 147 27 sparbankens
646 876 116 28 tillgängar
777 876 39 22 och
830 876 58 22 skul-

138 911 38 21 der
191 913 55 19 samt
261 912 108 21 innehälla
384 918 26 15 en
425 911 101 28 öfversigt
537 911 23 22 af
567 911 96 22 bankens
673 911 136 22 verksamhet
820 911 68 22 under

137 947 38 21 det
191 947 29 26 är,
235 946 120 22 revisionen
371 946 107 22 omfattat.

484 1027 11 28 $
514 1028 32 20 14.

206 1067 33 21 All
261 1068 64 26 vinst,
349 1074 45 16 som
410 1068 12 21 å
437 1068 120 26 sparbanks
575 1067 80 22 rörelse
669 1067 147 27 uppkommer,
834 1067 54 21 skall

138 1102 90 22 afsättas
251 1102 32 22 till
306 1109 26 15 en
355 1101 124 23 reservfond
496 1102 34 22 för
548 1101 138 23 bestridande
700 1101 23 22 af
737 1101 152 22 omkostnader

137 1137 40 21 och
192 1137 133 22 betäckande
343 1136 23 22 af
379 1136 98 28 möjligen
492 1137 136 27 uppstäende
642 1136 107 22 förluster.
779 1136 61 22 Dock
854 1136 35 21 mä

135 1172 120 27 stadgarna
269 1172 75 21 kunna
360 1170 105 28 medgifva
479 1171 157 28 principalerne
650 1172 46 20 rätt
706 1172 39 25 att,
757 1172 40 20 när
807 1176 81 16 reserv-

137 1206 79 21 fonden
240 1205 57 27 eller,
321 1206 37 21 der
380 1206 104 21 förbehäll
500 1212 34 16 om
550 1206 118 27 tillskjuten
683 1205 133 27 grundfonds
832 1206 57 21 äter-

137 1240 96 22 bärande
259 1240 46 22 icke
331 1241 74 27 gjorts,
429 1240 192 22 sammanräknade
642 1240 101 27 beloppet
766 1240 23 21 af
808 1240 81 27 grund-

138 1275 39 21 och
199 1275 178 22 reservfonderna
399 1274 125 28 öfverstiger
548 1274 136 23 tiondedelen
710 1274 50 22 eller
787 1276 67 20 annat
882 1275 6 20 i

138 1310 118 27 stadgarna
281 1310 109 22 bestämdt
414 1310 67 27 högre
503 1309 122 28 procenttal
644 1308 23 23 af
679 1309 145 21 insättarenes
847 1308 42 22 till-

137 1344 163 26 godohafvande
322 1345 66 26 enligt
403 1346 86 18 senaste
511 1345 93 25 bokslut,
621 1344 53 20 efter
690 1344 36 20 det
740 1344 149 26 sparbankens

138 1377 89 27 styrelse
250 1378 81 27 afgifvit
353 1377 101 27 yttrande
469 1378 8 20 i
491 1378 73 25 saken,
587 1377 85 21 besluta
694 1377 36 20 det
747 1376 142 22 öfverskottet

138 1411 51 22 eller
210 1412 43 22 viss
277 1412 33 21 del
337 1411 61 23 deraf
423 1411 54 22 skall
496 1411 110 22 användas
629 1411 32 21 för
686 1410 130 28 välgörande
839 1410 50 22 eller

138 1446 165 28 allmännyttiga
318 1446 105 22 ändamäl.
