<?xml version="1.0" encoding="UTF-8"?>
<alto xmlns="http://www.loc.gov/standards/alto/ns-v3#" xmlns:xlink="http://www.w3.org/1999/xlink" xmlns:xsi="http://www.w3.org/2001/XMLSchema-instance" xsi:schemaLocation="http://www.loc.gov/standards/alto/ns-v3# http://www.loc.gov/alto/v3/alto-3-0.xsd">
	<Description>
		<MeasurementUnit>pixel</MeasurementUnit>
		<sourceImageInformation>
			<fileName>/tmp/tess_z2dnsz_3_input.PNG</fileName>
		</sourceImageInformation>
		<OCRProcessing ID="OCR_0">
			<ocrProcessingStep>
				<processingSoftware>
					<softwareName>tesseract 5.3.4</softwareName>
				</processingSoftware>
			</ocrProcessingStep>
		</OCRProcessing>
	</Description>
	<Layout>
		<Page WIDTH="1120" HEIGHT="1784" PHYSICAL_IMG_NR="0" ID="page_0">
			<PrintSpace HPOS="0" VPOS="0" WIDTH="1120" HEIGHT="1784">
				<ComposedBlock ID="cblock_0" HPOS="341" VPOS="150" WIDTH="314" HEIGHT="30">
					<TextBlock ID="block_0" HPOS="341" VPOS="150" WIDTH="314" HEIGHT="30">
						<TextLine ID="line_0" HPOS="341" VPOS="150" WIDTH="314" HEIGHT="30">
							<String ID="string_0" HPOS="341" VPOS="150" WIDTH="29" HEIGHT="23" WC="0.87" CONTENT="U."/><SP WIDTH="15" VPOS="150" HPOS="370"/>
							<String ID="string_1" HPOS="385" VPOS="150" WIDTH="28" HEIGHT="23" WC="0.90" CONTENT="B."/><SP WIDTH="15" VPOS="150" HPOS="413"/>
							<String ID="string_2" HPOS="428" VPOS="164" WIDTH="24" HEIGHT="3" WC="0.91" CONTENT="—"/><SP WIDTH="18" VPOS="164" HPOS="452"/>
							<String ID="string_3" HPOS="470" VPOS="151" WIDTH="74" HEIGHT="29" WC="0.96" CONTENT="Prop."/><SP WIDTH="14" VPOS="151" HPOS="544"/>
							<String ID="string_4" HPOS="558" VPOS="152" WIDTH="45" HEIGHT="23" WC="0.94" CONTENT="N:o"/><SP WIDTH="16" VPOS="152" HPOS="603"/>
							<String ID="string_5" HPOS="619" VPOS="152" WIDTH="36" HEIGHT="22" WC="0.96" CONTENT="12."/>
						</TextLine>
					</TextBlock>
				</ComposedBlock>
				<ComposedBlock ID="cblock_1" HPOS="325" VPOS="462" WIDTH="547" HEIGHT="237">
					<TextBlock ID="block_1" HPOS="325" VPOS="462" WIDTH="547" HEIGHT="237">
						<TextLine ID="line_1" HPOS="392" VPOS="462" WIDTH="479" HEIGHT="29">
							<String ID="string_6" HPOS="392" VPOS="462" WIDTH="320" HEIGHT="24" WC="0.92" CONTENT="Ekonomiutskottets"/><SP WIDTH="43" VPOS="462" HPOS="712"/>
							<String ID="string_7" HPOS="755" VPOS="463" WIDTH="116" HEIGHT="28" WC="0.95" CONTENT="förslag"/>
						</TextLine>
						<TextLine ID="line_2" HPOS="325" VPOS="497" WIDTH="546" HEIGHT="29">
							<String ID="string_8" HPOS="325" VPOS="497" WIDTH="41" HEIGHT="22" WC="0.93" CONTENT="till"/><SP WIDTH="21" VPOS="497" HPOS="366"/>
							<String ID="string_9" HPOS="387" VPOS="498" WIDTH="236" HEIGHT="28" WC="0.92" CONTENT="sammanjemkning"/><SP WIDTH="21" VPOS="498" HPOS="623"/>
							<String ID="string_10" HPOS="644" VPOS="497" WIDTH="28" HEIGHT="23" WC="0.96" CONTENT="af"/><SP WIDTH="12" VPOS="497" HPOS="672"/>
							<String ID="string_11" HPOS="684" VPOS="497" WIDTH="30" HEIGHT="23" WC="0.96" CONTENT="de"/><SP WIDTH="15" VPOS="497" HPOS="714"/>
							<String ID="string_12" HPOS="729" VPOS="497" WIDTH="142" HEIGHT="29" WC="0.95" CONTENT="skiljaktiga"/>
						</TextLine>
						<TextLine ID="line_3" HPOS="326" VPOS="531" WIDTH="545" HEIGHT="28">
							<String ID="string_13" HPOS="326" VPOS="532" WIDTH="89" HEIGHT="27" WC="0.90" CONTENT="beslut,"/><SP WIDTH="15" VPOS="532" HPOS="415"/>
							<String ID="string_14" HPOS="430" VPOS="532" WIDTH="10" HEIGHT="22" WC="0.96" CONTENT="i"/><SP WIDTH="15" VPOS="532" HPOS="440"/>
							<String ID="string_15" HPOS="455" VPOS="532" WIDTH="82" HEIGHT="23" WC="0.96" CONTENT="hvilka"/><SP WIDTH="16" VPOS="532" HPOS="537"/>
							<String ID="string_16" HPOS="553" VPOS="533" WIDTH="104" HEIGHT="22" WC="0.95" CONTENT="stånden"/><SP WIDTH="15" VPOS="533" HPOS="657"/>
							<String ID="string_17" HPOS="672" VPOS="533" WIDTH="98" HEIGHT="22" WC="0.95" CONTENT="stannat"/><SP WIDTH="12" VPOS="533" HPOS="770"/>
							<String ID="string_18" HPOS="782" VPOS="532" WIDTH="9" HEIGHT="22" WC="0.95" CONTENT="i"/><SP WIDTH="11" VPOS="532" HPOS="791"/>
							<String ID="string_19" HPOS="802" VPOS="531" WIDTH="69" HEIGHT="28" WC="0.96" CONTENT="fråga"/>
						</TextLine>
						<TextLine ID="line_4" HPOS="326" VPOS="566" WIDTH="545" HEIGHT="23">
							<String ID="string_20" HPOS="326" VPOS="572" WIDTH="39" HEIGHT="16" WC="0.96" CONTENT="om"/><SP WIDTH="21" VPOS="572" HPOS="365"/>
							<String ID="string_21" HPOS="386" VPOS="567" WIDTH="131" HEIGHT="22" WC="0.96" CONTENT="utskottets"/><SP WIDTH="24" VPOS="567" HPOS="517"/>
							<String ID="string_22" HPOS="541" VPOS="567" WIDTH="152" HEIGHT="22" WC="0.96" CONTENT="betänkande"/><SP WIDTH="22" VPOS="567" HPOS="693"/>
							<String ID="string_23" HPOS="715" VPOS="566" WIDTH="45" HEIGHT="23" WC="0.96" CONTENT="N:o"/><SP WIDTH="22" VPOS="566" HPOS="760"/>
							<String ID="string_24" HPOS="782" VPOS="567" WIDTH="16" HEIGHT="21" WC="0.96" CONTENT="4"/><SP WIDTH="17" VPOS="567" HPOS="798"/>
							<String ID="string_25" HPOS="815" VPOS="566" WIDTH="56" HEIGHT="22" WC="0.96" CONTENT="med"/>
						</TextLine>
						<TextLine ID="line_5" HPOS="326" VPOS="601" WIDTH="545" HEIGHT="29">
							<String ID="string_26" HPOS="326" VPOS="601" WIDTH="132" HEIGHT="28" WC="0.95" CONTENT="anledning"/><SP WIDTH="20" VPOS="601" HPOS="458"/>
							<String ID="string_27" HPOS="478" VPOS="601" WIDTH="27" HEIGHT="22" WC="0.95" CONTENT="af"/><SP WIDTH="16" VPOS="601" HPOS="505"/>
							<String ID="string_28" HPOS="521" VPOS="601" WIDTH="90" HEIGHT="28" WC="0.96" CONTENT="nådiga"/><SP WIDTH="14" VPOS="601" HPOS="611"/>
							<String ID="string_29" HPOS="625" VPOS="601" WIDTH="185" HEIGHT="29" WC="0.96" CONTENT="propositionen"/><SP WIDTH="16" VPOS="601" HPOS="810"/>
							<String ID="string_30" HPOS="826" VPOS="601" WIDTH="45" HEIGHT="22" WC="0.96" CONTENT="N:o"/>
						</TextLine>
						<TextLine ID="line_6" HPOS="326" VPOS="635" WIDTH="546" HEIGHT="28">
							<String ID="string_31" HPOS="326" VPOS="635" WIDTH="36" HEIGHT="28" WC="0.95" CONTENT="12,"/><SP WIDTH="20" VPOS="635" HPOS="362"/>
							<String ID="string_32" HPOS="382" VPOS="635" WIDTH="123" HEIGHT="28" WC="0.95" CONTENT="angående"/><SP WIDTH="14" VPOS="635" HPOS="505"/>
							<String ID="string_33" HPOS="519" VPOS="636" WIDTH="149" HEIGHT="23" WC="0.96" CONTENT="förändrade"/><SP WIDTH="20" VPOS="636" HPOS="668"/>
							<String ID="string_34" HPOS="688" VPOS="635" WIDTH="184" HEIGHT="23" WC="0.95" CONTENT="bestämmelser"/>
						</TextLine>
						<TextLine ID="line_7" HPOS="325" VPOS="670" WIDTH="546" HEIGHT="29">
							<String ID="string_35" HPOS="325" VPOS="670" WIDTH="105" HEIGHT="22" WC="0.91" CONTENT="rörande"/><SP WIDTH="15" VPOS="670" HPOS="430"/>
							<String ID="string_36" HPOS="445" VPOS="671" WIDTH="148" HEIGHT="28" WC="0.91" CONTENT="utgörandet"/><SP WIDTH="12" VPOS="671" HPOS="593"/>
							<String ID="string_37" HPOS="605" VPOS="671" WIDTH="27" HEIGHT="22" WC="0.96" CONTENT="af"/><SP WIDTH="7" VPOS="671" HPOS="632"/>
							<String ID="string_38" HPOS="639" VPOS="670" WIDTH="65" HEIGHT="23" WC="0.96" CONTENT="skatt"/><SP WIDTH="12" VPOS="670" HPOS="704"/>
							<String ID="string_39" HPOS="716" VPOS="670" WIDTH="40" HEIGHT="23" WC="0.96" CONTENT="för"/><SP WIDTH="10" VPOS="670" HPOS="756"/>
							<String ID="string_40" HPOS="766" VPOS="670" WIDTH="105" HEIGHT="22" WC="0.96" CONTENT="hundar."/>
						</TextLine>
					</TextBlock>
				</ComposedBlock>
				<ComposedBlock ID="cblock_2" HPOS="121" VPOS="767" WIDTH="751" HEIGHT="237">
					<TextBlock ID="block_2" HPOS="121" VPOS="767" WIDTH="750" HEIGHT="98">
						<TextLine ID="line_8" HPOS="189" VPOS="767" WIDTH="682" HEIGHT="30">
							<String ID="string_41" HPOS="189" VPOS="767" WIDTH="35" HEIGHT="22" WC="0.93" CONTENT="Af"/><SP WIDTH="12" VPOS="767" HPOS="224"/>
							<String ID="string_42" HPOS="236" VPOS="767" WIDTH="113" HEIGHT="22" WC="0.93" CONTENT="utskottet"/><SP WIDTH="21" VPOS="767" HPOS="349"/>
							<String ID="string_43" HPOS="370" VPOS="767" WIDTH="199" HEIGHT="22" WC="0.91" CONTENT="tillhandakomna"/><SP WIDTH="22" VPOS="767" HPOS="569"/>
							<String ID="string_44" HPOS="591" VPOS="767" WIDTH="211" HEIGHT="30" WC="0.91" CONTENT="protokollsutdrag"/><SP WIDTH="18" VPOS="767" HPOS="802"/>
							<String ID="string_45" HPOS="820" VPOS="767" WIDTH="51" HEIGHT="22" WC="0.96" CONTENT="från"/>
						</TextLine>
						<TextLine ID="line_9" HPOS="121" VPOS="801" WIDTH="750" HEIGHT="30">
							<String ID="string_46" HPOS="121" VPOS="801" WIDTH="29" HEIGHT="22" WC="0.96" CONTENT="de"/><SP WIDTH="15" VPOS="801" HPOS="150"/>
							<String ID="string_47" HPOS="165" VPOS="801" WIDTH="76" HEIGHT="22" WC="0.96" CONTENT="skilda"/><SP WIDTH="15" VPOS="801" HPOS="241"/>
							<String ID="string_48" HPOS="256" VPOS="802" WIDTH="97" HEIGHT="21" WC="0.96" CONTENT="stånden"/><SP WIDTH="15" VPOS="802" HPOS="353"/>
							<String ID="string_49" HPOS="368" VPOS="801" WIDTH="101" HEIGHT="30" WC="0.96" CONTENT="framgår"/><SP WIDTH="12" VPOS="801" HPOS="469"/>
							<String ID="string_50" HPOS="481" VPOS="805" WIDTH="34" HEIGHT="19" WC="0.96" CONTENT="att"/><SP WIDTH="11" VPOS="805" HPOS="515"/>
							<String ID="string_51" HPOS="526" VPOS="803" WIDTH="40" HEIGHT="22" WC="0.96" CONTENT="vid"/><SP WIDTH="11" VPOS="803" HPOS="566"/>
							<String ID="string_52" HPOS="577" VPOS="802" WIDTH="171" HEIGHT="29" WC="0.95" CONTENT="behandlingen"/><SP WIDTH="11" VPOS="802" HPOS="748"/>
							<String ID="string_53" HPOS="759" VPOS="802" WIDTH="26" HEIGHT="22" WC="0.93" CONTENT="af"/><SP WIDTH="7" VPOS="802" HPOS="785"/>
							<String ID="string_54" HPOS="792" VPOS="802" WIDTH="79" HEIGHT="22" WC="0.92" CONTENT="ofvan-"/>
						</TextLine>
						<TextLine ID="line_10" HPOS="123" VPOS="836" WIDTH="748" HEIGHT="29">
							<String ID="string_55" HPOS="123" VPOS="836" WIDTH="101" HEIGHT="22" WC="0.96" CONTENT="nämnda"/><SP WIDTH="21" VPOS="836" HPOS="224"/>
							<String ID="string_56" HPOS="245" VPOS="836" WIDTH="146" HEIGHT="22" WC="0.96" CONTENT="betänkande"/><SP WIDTH="22" VPOS="836" HPOS="391"/>
							<String ID="string_57" HPOS="413" VPOS="837" WIDTH="97" HEIGHT="21" WC="0.96" CONTENT="stånden"/><SP WIDTH="23" VPOS="837" HPOS="510"/>
							<String ID="string_58" HPOS="533" VPOS="839" WIDTH="93" HEIGHT="20" WC="0.95" CONTENT="stannat"/><SP WIDTH="14" VPOS="839" HPOS="626"/>
							<String ID="string_59" HPOS="640" VPOS="837" WIDTH="8" HEIGHT="21" WC="0.96" CONTENT="i"/><SP WIDTH="15" VPOS="837" HPOS="648"/>
							<String ID="string_60" HPOS="663" VPOS="837" WIDTH="102" HEIGHT="28" WC="0.96" CONTENT="följande"/><SP WIDTH="23" VPOS="837" HPOS="765"/>
							<String ID="string_61" HPOS="788" VPOS="837" WIDTH="83" HEIGHT="22" WC="0.95" CONTENT="beslut:"/>
						</TextLine>
					</TextBlock>
					<TextBlock ID="block_3" HPOS="121" VPOS="871" WIDTH="751" HEIGHT="133">
						<TextLine ID="line_11" HPOS="190" VPOS="871" WIDTH="682" HEIGHT="28">
							<String ID="string_62" HPOS="190" VPOS="871" WIDTH="160" HEIGHT="28" WC="0.87" CONTENT="Ridderskapet"/><SP WIDTH="20" VPOS="871" HPOS="350"/>
							<String ID="string_63" HPOS="370" VPOS="871" WIDTH="38" HEIGHT="22" WC="0.90" CONTENT="och"/><SP WIDTH="16" VPOS="871" HPOS="408"/>
							<String ID="string_64" HPOS="424" VPOS="872" WIDTH="77" HEIGHT="27" WC="0.90" CONTENT="Adeln,"/><SP WIDTH="16" VPOS="872" HPOS="501"/>
							<String ID="string_65" HPOS="517" VPOS="874" WIDTH="35" HEIGHT="19" WC="0.96" CONTENT="att"/><SP WIDTH="14" VPOS="874" HPOS="552"/>
							<String ID="string_66" HPOS="566" VPOS="871" WIDTH="166" HEIGHT="23" WC="0.92" CONTENT="återremittera"/><SP WIDTH="15" VPOS="871" HPOS="732"/>
							<String ID="string_67" HPOS="747" VPOS="871" WIDTH="125" HEIGHT="22" WC="0.92" CONTENT="betänkan-"/>
						</TextLine>
						<TextLine ID="line_12" HPOS="122" VPOS="906" WIDTH="750" HEIGHT="29">
							<String ID="string_68" HPOS="122" VPOS="906" WIDTH="40" HEIGHT="22" WC="0.96" CONTENT="det"/><SP WIDTH="14" VPOS="906" HPOS="162"/>
							<String ID="string_69" HPOS="176" VPOS="906" WIDTH="37" HEIGHT="22" WC="0.96" CONTENT="till"/><SP WIDTH="19" VPOS="906" HPOS="213"/>
							<String ID="string_70" HPOS="232" VPOS="908" WIDTH="114" HEIGHT="20" WC="0.96" CONTENT="utskottet"/><SP WIDTH="12" VPOS="908" HPOS="346"/>
							<String ID="string_71" HPOS="358" VPOS="906" WIDTH="36" HEIGHT="22" WC="0.96" CONTENT="för"/><SP WIDTH="18" VPOS="906" HPOS="394"/>
							<String ID="string_72" HPOS="412" VPOS="908" WIDTH="35" HEIGHT="20" WC="0.96" CONTENT="att"/><SP WIDTH="13" VPOS="908" HPOS="447"/>
							<String ID="string_73" HPOS="460" VPOS="906" WIDTH="192" HEIGHT="22" WC="0.96" CONTENT="omformuleras"/><SP WIDTH="-10" VPOS="906" HPOS="652"/>
							<String ID="string_74" HPOS="642" VPOS="902" WIDTH="13" HEIGHT="37" WC="0.96" CONTENT="i"/><SP WIDTH="8" VPOS="902" HPOS="655"/>
							<String ID="string_75" HPOS="663" VPOS="906" WIDTH="39" HEIGHT="22" WC="0.96" CONTENT="det"/><SP WIDTH="16" VPOS="906" HPOS="702"/>
							<String ID="string_76" HPOS="718" VPOS="906" WIDTH="68" HEIGHT="29" WC="0.93" CONTENT="syfte,"/><SP WIDTH="15" VPOS="906" HPOS="786"/>
							<String ID="string_77" HPOS="801" VPOS="914" WIDTH="71" HEIGHT="14" WC="0.92" CONTENT="reser-"/>
						</TextLine>
						<TextLine ID="line_13" HPOS="121" VPOS="940" WIDTH="751" HEIGHT="29">
							<String ID="string_78" HPOS="121" VPOS="940" WIDTH="111" HEIGHT="22" WC="0.91" CONTENT="vationen"/><SP WIDTH="27" VPOS="940" HPOS="232"/>
							<String ID="string_79" HPOS="259" VPOS="941" WIDTH="23" HEIGHT="21" WC="0.95" CONTENT="II"/><SP WIDTH="20" VPOS="941" HPOS="282"/>
							<String ID="string_80" HPOS="302" VPOS="940" WIDTH="134" HEIGHT="29" WC="0.96" CONTENT="innehåller,"/><SP WIDTH="23" VPOS="940" HPOS="436"/>
							<String ID="string_81" HPOS="459" VPOS="944" WIDTH="59" HEIGHT="19" WC="0.96" CONTENT="samt"/><SP WIDTH="15" VPOS="944" HPOS="518"/>
							<String ID="string_82" HPOS="533" VPOS="943" WIDTH="34" HEIGHT="20" WC="0.96" CONTENT="att"/><SP WIDTH="21" VPOS="943" HPOS="567"/>
							<String ID="string_83" HPOS="588" VPOS="942" WIDTH="24" HEIGHT="27" WC="0.94" CONTENT="$$"/><SP WIDTH="16" VPOS="942" HPOS="612"/>
							<String ID="string_84" HPOS="628" VPOS="942" WIDTH="12" HEIGHT="20" WC="0.95" CONTENT="3"/><SP WIDTH="23" VPOS="942" HPOS="640"/>
							<String ID="string_85" HPOS="663" VPOS="940" WIDTH="43" HEIGHT="23" WC="0.95" CONTENT="och"/><SP WIDTH="15" VPOS="940" HPOS="706"/>
							<String ID="string_86" HPOS="721" VPOS="942" WIDTH="13" HEIGHT="20" WC="0.95" CONTENT="5"/><SP WIDTH="15" VPOS="942" HPOS="734"/>
							<String ID="string_87" HPOS="749" VPOS="941" WIDTH="74" HEIGHT="22" WC="0.93" CONTENT="skulle"/><SP WIDTH="16" VPOS="941" HPOS="823"/>
							<String ID="string_88" HPOS="839" VPOS="948" WIDTH="33" HEIGHT="14" WC="0.92" CONTENT="er-"/>
						</TextLine>
						<TextLine ID="line_14" HPOS="122" VPOS="975" WIDTH="290" HEIGHT="29">
							<String ID="string_89" HPOS="122" VPOS="975" WIDTH="62" HEIGHT="23" WC="0.96" CONTENT="hålla"/><SP WIDTH="16" VPOS="975" HPOS="184"/>
							<String ID="string_90" HPOS="200" VPOS="975" WIDTH="101" HEIGHT="29" WC="0.96" CONTENT="följande"/><SP WIDTH="15" VPOS="975" HPOS="301"/>
							<String ID="string_91" HPOS="316" VPOS="975" WIDTH="96" HEIGHT="29" WC="0.96" CONTENT="lydelse:"/>
						</TextLine>
					</TextBlock>
				</ComposedBlock>
				<ComposedBlock ID="cblock_3" HPOS="476" VPOS="1040" WIDTH="47" HEIGHT="28">
					<TextBlock ID="block_4" HPOS="476" VPOS="1040" WIDTH="47" HEIGHT="28">
						<TextLine ID="line_15" HPOS="476" VPOS="1040" WIDTH="47" HEIGHT="28">
							<String ID="string_92" HPOS="476" VPOS="1040" WIDTH="47" HEIGHT="28" WC="0.81" CONTENT="83."/>
						</TextLine>
					</TextBlock>
				</ComposedBlock>
				<ComposedBlock ID="cblock_4" HPOS="122" VPOS="1096" WIDTH="752" HEIGHT="238">
					<TextBlock ID="block_5" HPOS="122" VPOS="1096" WIDTH="752" HEIGHT="238">
						<TextLine ID="line_16" HPOS="192" VPOS="1096" WIDTH="681" HEIGHT="29">
							<String ID="string_93" HPOS="192" VPOS="1114" WIDTH="4" HEIGHT="11" WC="0.36" CONTENT="3"/><SP WIDTH="4" VPOS="1114" HPOS="196"/>
							<String ID="string_94" HPOS="200" VPOS="1097" WIDTH="121" HEIGHT="28" WC="0.62" CONTENT="Utländsk"/><SP WIDTH="20" VPOS="1097" HPOS="321"/>
							<String ID="string_95" HPOS="341" VPOS="1096" WIDTH="96" HEIGHT="23" WC="0.96" CONTENT="resande"/><SP WIDTH="18" VPOS="1096" HPOS="437"/>
							<String ID="string_96" HPOS="455" VPOS="1096" WIDTH="42" HEIGHT="23" WC="0.96" CONTENT="och"/><SP WIDTH="16" VPOS="1096" HPOS="497"/>
							<String ID="string_97" HPOS="513" VPOS="1097" WIDTH="50" HEIGHT="28" WC="0.94" CONTENT="den,"/><SP WIDTH="16" VPOS="1097" HPOS="563"/>
							<String ID="string_98" HPOS="579" VPOS="1104" WIDTH="48" HEIGHT="15" WC="0.96" CONTENT="som"/><SP WIDTH="15" VPOS="1104" HPOS="627"/>
							<String ID="string_99" HPOS="642" VPOS="1097" WIDTH="9" HEIGHT="21" WC="0.96" CONTENT="i"/><SP WIDTH="14" VPOS="1097" HPOS="651"/>
							<String ID="string_100" HPOS="665" VPOS="1097" WIDTH="101" HEIGHT="22" WC="0.93" CONTENT="Finland"/><SP WIDTH="14" VPOS="1097" HPOS="766"/>
							<String ID="string_101" HPOS="780" VPOS="1097" WIDTH="51" HEIGHT="22" WC="0.96" CONTENT="icke"/><SP WIDTH="16" VPOS="1097" HPOS="831"/>
							<String ID="string_102" HPOS="847" VPOS="1100" WIDTH="26" HEIGHT="18" WC="0.95" CONTENT="är"/>
						</TextLine>
						<TextLine ID="line_17" HPOS="123" VPOS="1132" WIDTH="749" HEIGHT="29">
							<String ID="string_103" HPOS="123" VPOS="1132" WIDTH="209" HEIGHT="27" WC="0.92" CONTENT="mantalsskrifven,"/><SP WIDTH="17" VPOS="1132" HPOS="332"/>
							<String ID="string_104" HPOS="349" VPOS="1132" WIDTH="94" HEIGHT="28" WC="0.92" CONTENT="äligger,"/><SP WIDTH="17" VPOS="1132" HPOS="443"/>
							<String ID="string_105" HPOS="460" VPOS="1132" WIDTH="28" HEIGHT="22" WC="0.96" CONTENT="dä"/><SP WIDTH="15" VPOS="1132" HPOS="488"/>
							<String ID="string_106" HPOS="503" VPOS="1132" WIDTH="45" HEIGHT="22" WC="0.93" CONTENT="han"/><SP WIDTH="11" VPOS="1132" HPOS="548"/>
							<String ID="string_107" HPOS="559" VPOS="1132" WIDTH="134" HEIGHT="29" WC="0.91" CONTENT="uppehäller"/><SP WIDTH="10" VPOS="1132" HPOS="693"/>
							<String ID="string_108" HPOS="703" VPOS="1132" WIDTH="36" HEIGHT="28" WC="0.96" CONTENT="sig"/><SP WIDTH="11" VPOS="1132" HPOS="739"/>
							<String ID="string_109" HPOS="750" VPOS="1139" WIDTH="28" HEIGHT="15" WC="0.93" CONTENT="en"/><SP WIDTH="10" VPOS="1139" HPOS="778"/>
							<String ID="string_110" HPOS="788" VPOS="1132" WIDTH="84" HEIGHT="22" WC="0.91" CONTENT="mänad"/>
						</TextLine>
						<TextLine ID="line_18" HPOS="123" VPOS="1166" WIDTH="750" HEIGHT="26">
							<String ID="string_111" HPOS="123" VPOS="1166" WIDTH="56" HEIGHT="22" WC="0.88" CONTENT="eller"/><SP WIDTH="22" VPOS="1166" HPOS="179"/>
							<String ID="string_112" HPOS="201" VPOS="1166" WIDTH="132" HEIGHT="22" WC="0.88" CONTENT="derutöfver"/><SP WIDTH="22" VPOS="1166" HPOS="333"/>
							<String ID="string_113" HPOS="355" VPOS="1166" WIDTH="63" HEIGHT="22" WC="0.96" CONTENT="inom"/><SP WIDTH="15" VPOS="1166" HPOS="418"/>
							<String ID="string_114" HPOS="433" VPOS="1174" WIDTH="86" HEIGHT="14" WC="0.95" CONTENT="samma"/><SP WIDTH="16" VPOS="1174" HPOS="519"/>
							<String ID="string_115" HPOS="535" VPOS="1166" WIDTH="109" HEIGHT="22" WC="0.96" CONTENT="kommun"/><SP WIDTH="15" VPOS="1166" HPOS="644"/>
							<String ID="string_116" HPOS="659" VPOS="1166" WIDTH="41" HEIGHT="22" WC="0.93" CONTENT="här"/><SP WIDTH="15" VPOS="1166" HPOS="700"/>
							<String ID="string_117" HPOS="715" VPOS="1166" WIDTH="8" HEIGHT="22" WC="0.96" CONTENT="i"/><SP WIDTH="15" VPOS="1166" HPOS="723"/>
							<String ID="string_118" HPOS="738" VPOS="1166" WIDTH="85" HEIGHT="26" WC="0.96" CONTENT="landet,"/><SP WIDTH="15" VPOS="1166" HPOS="823"/>
							<String ID="string_119" HPOS="838" VPOS="1168" WIDTH="35" HEIGHT="20" WC="0.97" CONTENT="att"/>
						</TextLine>
						<TextLine ID="line_19" HPOS="122" VPOS="1200" WIDTH="752" HEIGHT="30">
							<String ID="string_120" HPOS="122" VPOS="1201" WIDTH="42" HEIGHT="22" WC="0.96" CONTENT="hos"/><SP WIDTH="21" VPOS="1201" HPOS="164"/>
							<String ID="string_121" HPOS="185" VPOS="1201" WIDTH="171" HEIGHT="22" WC="0.96" CONTENT="vederbörande"/><SP WIDTH="19" VPOS="1201" HPOS="356"/>
							<String ID="string_122" HPOS="375" VPOS="1201" WIDTH="146" HEIGHT="22" WC="0.93" CONTENT="kommunala"/><SP WIDTH="14" VPOS="1201" HPOS="521"/>
							<String ID="string_123" HPOS="535" VPOS="1201" WIDTH="171" HEIGHT="29" WC="0.91" CONTENT="uppbördsman"/><SP WIDTH="15" VPOS="1201" HPOS="706"/>
							<String ID="string_124" HPOS="721" VPOS="1200" WIDTH="37" HEIGHT="22" WC="0.93" CONTENT="till"/><SP WIDTH="16" VPOS="1200" HPOS="758"/>
							<String ID="string_125" HPOS="774" VPOS="1201" WIDTH="100" HEIGHT="21" WC="0.93" CONTENT="beskatt-"/>
						</TextLine>
						<TextLine ID="line_20" HPOS="123" VPOS="1235" WIDTH="750" HEIGHT="30">
							<String ID="string_126" HPOS="123" VPOS="1236" WIDTH="57" HEIGHT="29" WC="0.93" CONTENT="ning"/><SP WIDTH="22" VPOS="1236" HPOS="180"/>
							<String ID="string_127" HPOS="202" VPOS="1236" WIDTH="92" HEIGHT="22" WC="0.92" CONTENT="anmäla"/><SP WIDTH="23" VPOS="1236" HPOS="294"/>
							<String ID="string_128" HPOS="317" VPOS="1236" WIDTH="44" HEIGHT="21" WC="0.96" CONTENT="den"/><SP WIDTH="23" VPOS="1236" HPOS="361"/>
							<String ID="string_129" HPOS="384" VPOS="1236" WIDTH="56" HEIGHT="21" WC="0.95" CONTENT="eller"/><SP WIDTH="22" VPOS="1236" HPOS="440"/>
							<String ID="string_130" HPOS="462" VPOS="1236" WIDTH="27" HEIGHT="21" WC="0.91" CONTENT="de"/><SP WIDTH="22" VPOS="1236" HPOS="489"/>
							<String ID="string_131" HPOS="511" VPOS="1236" WIDTH="96" HEIGHT="28" WC="0.91" CONTENT="hundar,"/><SP WIDTH="16" VPOS="1236" HPOS="607"/>
							<String ID="string_132" HPOS="623" VPOS="1236" WIDTH="45" HEIGHT="21" WC="0.93" CONTENT="han"/><SP WIDTH="22" VPOS="1236" HPOS="668"/>
							<String ID="string_133" HPOS="690" VPOS="1235" WIDTH="102" HEIGHT="28" WC="0.91" CONTENT="innehar,"/><SP WIDTH="22" VPOS="1235" HPOS="792"/>
							<String ID="string_134" HPOS="814" VPOS="1238" WIDTH="59" HEIGHT="19" WC="0.96" CONTENT="samt"/>
						</TextLine>
						<TextLine ID="line_21" HPOS="123" VPOS="1269" WIDTH="750" HEIGHT="30">
							<String ID="string_135" HPOS="123" VPOS="1272" WIDTH="62" HEIGHT="20" WC="0.92" CONTENT="emot"/><SP WIDTH="17" VPOS="1272" HPOS="185"/>
							<String ID="string_136" HPOS="202" VPOS="1270" WIDTH="110" HEIGHT="22" WC="0.91" CONTENT="utfäende"/><SP WIDTH="22" VPOS="1270" HPOS="312"/>
							<String ID="string_137" HPOS="334" VPOS="1270" WIDTH="26" HEIGHT="22" WC="0.93" CONTENT="af"/><SP WIDTH="12" VPOS="1270" HPOS="360"/>
							<String ID="string_138" HPOS="372" VPOS="1270" WIDTH="243" HEIGHT="29" WC="0.89" CONTENT="beskattningstecken"/><SP WIDTH="16" VPOS="1270" HPOS="615"/>
							<String ID="string_139" HPOS="631" VPOS="1270" WIDTH="38" HEIGHT="21" WC="0.96" CONTENT="det"/><SP WIDTH="15" VPOS="1270" HPOS="669"/>
							<String ID="string_140" HPOS="684" VPOS="1269" WIDTH="36" HEIGHT="23" WC="0.93" CONTENT="för"/><SP WIDTH="14" VPOS="1269" HPOS="720"/>
							<String ID="string_141" HPOS="734" VPOS="1270" WIDTH="139" HEIGHT="22" WC="0.91" CONTENT="kommunen"/>
						</TextLine>
						<TextLine ID="line_22" HPOS="123" VPOS="1300" WIDTH="421" HEIGHT="34">
							<String ID="string_142" HPOS="123" VPOS="1304" WIDTH="121" HEIGHT="23" WC="0.92" CONTENT="faststälda"/><SP WIDTH="16" VPOS="1304" HPOS="244"/>
							<String ID="string_143" HPOS="260" VPOS="1300" WIDTH="157" HEIGHT="34" WC="0.92" CONTENT="skattebelopp"/><SP WIDTH="16" VPOS="1300" HPOS="417"/>
							<String ID="string_144" HPOS="433" VPOS="1304" WIDTH="111" HEIGHT="30" WC="0.82" CONTENT="erlägga.&quot;"/>
						</TextLine>
					</TextBlock>
				</ComposedBlock>
				<ComposedBlock ID="cblock_5" HPOS="476" VPOS="1367" WIDTH="49" HEIGHT="30">
					<TextBlock ID="block_6" HPOS="476" VPOS="1367" WIDTH="49" HEIGHT="30">
						<TextLine ID="line_23" HPOS="476" VPOS="1367" WIDTH="49" HEIGHT="30">
							<String ID="string_145" HPOS="476" VPOS="1367" WIDTH="10" HEIGHT="30" WC="0.73" CONTENT="8"/><SP WIDTH="16" VPOS="1367" HPOS="486"/>
							<String ID="string_146" HPOS="502" VPOS="1350" WIDTH="23" HEIGHT="53" WC="0.90" CONTENT="5."/>
						</TextLine>
					</TextBlock>
				</ComposedBlock>
				<ComposedBlock ID="cblock_6" HPOS="124" VPOS="1423" WIDTH="749" HEIGHT="94">
					<TextBlock ID="block_7" HPOS="124" VPOS="1423" WIDTH="749" HEIGHT="94">
						<TextLine ID="line_24" HPOS="193" VPOS="1423" WIDTH="680" HEIGHT="28">
							<String ID="string_147" HPOS="193" VPOS="1424" WIDTH="147" HEIGHT="27" WC="0.75" CONTENT="»Inkomsten"/><SP WIDTH="16" VPOS="1424" HPOS="340"/>
							<String ID="string_148" HPOS="356" VPOS="1423" WIDTH="26" HEIGHT="22" WC="0.93" CONTENT="af"/><SP WIDTH="12" VPOS="1423" HPOS="382"/>
							<String ID="string_149" HPOS="394" VPOS="1423" WIDTH="156" HEIGHT="22" WC="0.91" CONTENT="hundskatten"/><SP WIDTH="21" VPOS="1423" HPOS="550"/>
							<String ID="string_150" HPOS="571" VPOS="1424" WIDTH="111" HEIGHT="21" WC="0.96" CONTENT="förvaltas"/><SP WIDTH="16" VPOS="1424" HPOS="682"/>
							<String ID="string_151" HPOS="698" VPOS="1425" WIDTH="43" HEIGHT="20" WC="0.93" CONTENT="och"/><SP WIDTH="15" VPOS="1425" HPOS="741"/>
							<String ID="string_152" HPOS="756" VPOS="1425" WIDTH="117" HEIGHT="21" WC="0.96" CONTENT="användes"/>
						</TextLine>
						<TextLine ID="line_25" HPOS="124" VPOS="1457" WIDTH="646" HEIGHT="30">
							<String ID="string_153" HPOS="124" VPOS="1460" WIDTH="143" HEIGHT="27" WC="0.96" CONTENT="gemensamt"/><SP WIDTH="15" VPOS="1460" HPOS="267"/>
							<String ID="string_154" HPOS="282" VPOS="1457" WIDTH="52" HEIGHT="22" WC="0.93" CONTENT="med"/><SP WIDTH="15" VPOS="1457" HPOS="334"/>
							<String ID="string_155" HPOS="349" VPOS="1457" WIDTH="75" HEIGHT="29" WC="0.96" CONTENT="öfriga"/><SP WIDTH="14" VPOS="1457" HPOS="424"/>
							<String ID="string_156" HPOS="438" VPOS="1457" WIDTH="147" HEIGHT="22" WC="0.93" CONTENT="kommunala"/><SP WIDTH="14" VPOS="1457" HPOS="585"/>
							<String ID="string_157" HPOS="599" VPOS="1457" WIDTH="171" HEIGHT="22" WC="0.48" CONTENT="skattemedel.&#39;"/>
						</TextLine>
						<TextLine ID="line_26" HPOS="192" VPOS="1498" WIDTH="377" HEIGHT="19">
							<String ID="string_158" HPOS="192" VPOS="1499" WIDTH="180" HEIGHT="18" WC="0.47" CONTENT="Ekonomiutskottets"/><SP WIDTH="12" VPOS="1499" HPOS="372"/>
							<String ID="string_159" HPOS="384" VPOS="1498" WIDTH="109" HEIGHT="19" WC="0.96" CONTENT="betänkande"/><SP WIDTH="10" VPOS="1498" HPOS="493"/>
							<String ID="string_160" HPOS="503" VPOS="1499" WIDTH="39" HEIGHT="18" WC="0.96" CONTENT="N:o"/><SP WIDTH="10" VPOS="1499" HPOS="542"/>
							<String ID="string_161" HPOS="552" VPOS="1500" WIDTH="17" HEIGHT="17" WC="0.96" CONTENT="4."/>
						</TextLine>
					</TextBlock>
				</ComposedBlock>
			</PrintSpace>
		</Page>
	</Layout>
</alto>
