1100 1781
318 154 75 23 Ständ.
408 155 34 22 Sv.
457 168 28 2 —
500 155 64 28 Prop.
579 155 37 22 N:o
631 154 35 23 23.
811 155 28 21 23

118 222 65 17 ämne
205 219 96 21 uttalats
323 219 8 21 i
357 222 50 19 1891
425 219 36 22 års
477 219 109 22 Ständers
602 220 106 28 petition,
723 218 143 22 fortfarande

117 252 107 22 omfattas
240 252 26 22 af
278 253 113 22 Finlands
406 253 50 22 folk
472 254 43 21 och
530 254 52 21 dess
595 255 191 28 representanter,
797 253 70 21 hafva

117 287 135 27 Ständerna,
275 287 30 28 pä
327 287 76 28 grund
426 288 24 21 af
470 287 70 22 ofvan
559 287 95 22 anförda
669 287 199 28 omständigheter

116 321 43 22 och
178 321 8 22 i
200 321 154 22 betraktande
370 321 26 22 af
409 322 27 21 de
452 322 163 29 oberäkneliga
629 321 149 29 rubbningar,
795 328 49 15 som
859 322 8 21 i

116 355 148 23 ekonomiskt
286 356 43 21 och
351 356 117 22 finansielt
491 356 107 23 afseende
616 356 76 22 skulle
710 355 86 23 drabba
813 356 54 22 Fin-

115 390 61 29 land,
200 397 37 15 om
260 391 52 21 dess
334 391 112 22 tulltariff
460 391 78 23 blefve
552 391 92 29 stegrad
658 391 38 22 till
711 397 86 16 samma
811 390 56 29 höjd

116 432 48 15 som
186 425 175 28 Kejsardömets
384 425 36 22 för
438 426 146 28 väsentligen
600 425 126 23 olikartade
741 425 125 22 förhällan-

116 459 44 22 den
182 459 107 29 lämpade
311 459 69 28 tariff,
404 461 76 20 ansett
498 460 36 29 sig
548 459 55 23 böra
618 460 36 22 till
668 459 74 22 Eders
758 459 109 29 Majestät

115 494 61 21 rikta
192 493 43 22 den
250 493 160 30 underdäniga
423 494 108 23 anhällan

388 570 34 22 det
440 570 76 22 täcktes
534 570 70 22 Eders
620 569 122 29 Kejserliga
756 569 109 28 Majestät,

321 604 28 22 då
370 606 39 20 den
430 606 74 21 väckta
526 606 78 26 frågan
627 612 32 15 om
681 605 39 21 den
734 604 69 28 finska
819 604 47 22 tull-

320 640 96 26 tariffens
443 640 127 27 förändring
598 639 32 23 till
654 638 213 28 öfverensstämmelse

319 674 48 22 med
388 674 157 28 Kejsardömets
566 675 75 22 varder
658 674 88 27 föremål
759 674 34 28 för
809 674 57 26 afgö-

319 710 71 24 rande,
412 710 9 21 i
442 710 66 21 nåder
530 710 59 26 fästa
607 709 95 27 afseende
717 708 37 22 vid
768 709 25 21 de
807 708 59 22 önsk-

319 744 77 26 ningar
412 743 36 22 och
463 744 85 27 åsigter,
563 750 45 16 som
620 744 32 26 på
666 744 34 21 det
712 743 70 27 finska
791 742 75 28 folkets

320 780 81 25 vägnar
414 778 124 28 framburits
552 779 9 20 i
570 779 40 21 den
617 778 146 27 underdåniga
769 777 96 27 petition,

325 812 79 22 hvilken
420 813 27 26 af
457 812 121 22 Ständerna
592 813 26 21 år
632 814 56 20 1891
702 813 9 20 i
722 812 111 26 anledning
844 811 26 27 af

319 847 93 22 nämnda
425 847 64 27 fråga
505 847 31 22 till
550 846 68 23 Eders
634 846 102 28 Majestät
751 846 87 28 aflåtits.

182 915 113 23 Finlands
311 915 99 22 Ständer
424 914 130 23 framhärda
569 918 42 19 etc.

183 984 156 29 Helsingfors,
355 984 44 22 den
415 987 24 20 31
457 984 46 29 Maj
522 987 60 28 1894.
