1125 1786
456 139 43 25 N:o
520 142 37 23 15.
840 139 13 20 3

340 245 82 26 Förslag
445 244 29 22 till
495 243 124 28 förerdning,
637 243 106 28 angående
762 243 37 21 den
815 241 67 22 bevill-

269 283 52 28 ning,
338 290 44 16 som
394 284 20 22 af
425 284 133 27 utländingar,
571 284 63 22 hvilka
645 284 4 21 i
662 283 80 22 Finland
754 283 46 21 idka
810 283 72 21 handel

268 324 49 22 eller
333 330 66 16 annan
416 324 77 28 näring,
509 324 50 22 skall
575 324 95 28 erläggas
685 324 63 22 under
761 323 49 22 åren
821 323 61 27 1895,

267 364 54 24 1896
336 365 37 22 och
389 365 60 23 1897.

485 434 46 27 18.

199 474 125 28 Utländing,
348 480 46 16 som
416 474 84 22 utöfver
518 476 34 21 tre
571 474 66 28 dagar
651 473 67 23 vistas
733 473 7 22 i
755 472 74 22 landet
844 472 40 22 och

131 509 33 23 för
180 515 53 22 egen
253 509 57 27 eller,
329 510 71 21 såsom
418 509 120 27 utskickad,
554 509 33 22 för
603 515 83 16 annans
701 508 93 27 räkning
808 507 76 28 bjuder

132 545 26 21 ut
172 543 52 22 eller
238 543 69 23 slutar
322 543 79 23 handel
416 550 34 16 om
465 546 67 20 annat
547 544 62 22 lands
624 550 70 20 varor,
709 542 49 22 med
772 542 112 27 undantag

132 578 24 22 af
175 577 112 23 medförda
308 578 262 28 landtmannaprodukter
592 578 39 22 och
653 578 66 22 alster
741 577 23 21 af
780 577 103 27 husslöjd,

132 612 54 23 skall
201 612 34 22 för
250 613 41 22 den
306 613 38 27 tid,
361 613 43 22 han
420 613 122 22 derutöfver
556 613 63 22 idkar
635 613 57 28 dylik
701 611 85 28 handel,
798 612 86 27 erlägga

132 648 204 28 näringsbevillning
350 649 50 21 med
416 648 179 28 etthundratjugu
610 649 61 21 mark
686 648 7 21 i
707 647 114 27 månaden,
832 646 52 22 hvil-

132 683 41 21 ken
190 682 61 28 afgift
265 684 88 26 utgöres
367 683 34 22 för
415 682 38 23 full
468 683 85 27 månad,
569 683 94 22 änskönt
675 682 43 22 han
729 682 78 22 endast
816 681 69 22 under

132 717 72 27 någon
220 717 34 22 del
270 716 61 23 deraf
344 717 7 22 i
366 717 270 28 handelsangelägenheter
651 718 32 26 sig
693 717 114 22 härstädes
817 722 68 22 uppe-

132 751 74 23 håller.

201 786 112 22 Likaledes
328 787 55 22 skall
398 786 203 29 näringsbevillning
617 786 96 28 erläggas
729 785 23 23 af
765 786 119 28 utländing,

134 827 45 16 som
194 821 49 22 med
257 821 144 29 vederbörligt
416 822 104 27 tillstånd,
536 823 45 21 mot
596 821 66 29 afgift,
678 821 33 22 för
727 827 52 23 egen
794 820 92 29 räkning

134 856 67 28 gifver
217 855 252 30 cirkusföreställningar,
485 857 79 28 uppför
579 856 119 28 skådespel,
715 856 103 22 anställer
832 856 54 22 kon-

133 892 46 21 sert
201 891 52 22 eller
274 897 72 16 annan
369 892 126 21 musikalisk
517 891 140 28 tillställning,
673 891 104 22 förevisar
790 891 96 22 lindans-

134 925 58 29 ning,
207 926 126 22 mekaniska
343 927 51 22 eller
408 927 68 22 andra
485 926 95 28 konster,
591 927 154 25 kosmoramor,
756 932 130 22 panoramor

134 960 40 23 och
196 961 69 22 andra
287 961 86 28 optiska
394 962 160 27 konststycken,
573 961 145 28 vaxkabinett,
734 961 116 28 samlingar
866 961 22 22 af

134 995 49 29 djur
198 1001 27 16 m.
241 1001 34 22 m.,
291 997 52 22 eller
357 997 63 21 idkar
434 997 183 28 positivspelning,
632 997 56 22 och
680 991 11 39 i
699 997 78 22 sådant
787 996 99 23 afseende

134 1030 34 28 sig
180 1031 9 21 i
203 1030 92 23 Finland
309 1031 127 28 uppehåller
449 1032 75 27 längre
539 1032 32 22 tid
587 1034 27 20 än
629 1033 34 20 tre
678 1030 76 29 dagar:
770 1031 24 22 af
806 1031 80 22 cirkus-

134 1065 150 23 föreståndare
297 1066 50 22 med
361 1066 120 23 trehundra
495 1067 67 27 mark,
579 1067 24 22 af
615 1065 163 29 positivspelare
792 1066 50 22 med
855 1066 31 22 tio

135 1100 61 22 mark
218 1099 39 23 och
275 1100 23 23 af
314 1101 68 27 öfriga
396 1101 8 22 i
422 1101 63 27 detta,
499 1107 62 17 mom.
578 1101 128 22 omnämnda
720 1106 105 22 personer
839 1101 49 22 med

134 1135 79 28 fyratio
228 1135 62 22 mark
304 1135 7 22 i
326 1135 113 28 månaden,
454 1133 71 25 hvilka
540 1136 85 29 afgifter
636 1135 61 23 skola
707 1135 33 23 till
749 1134 50 23 fullt
808 1135 78 28 belopp

135 1171 96 26 utgöras,
247 1169 62 23 äfven
324 1177 34 15 om
373 1171 101 23 vistelsen
488 1171 8 21 i
505 1171 74 23 landet
588 1171 47 22 icke
645 1171 102 21 omfattar
757 1169 35 23 hel
802 1171 84 21 månad.

204 1204 57 22 Från
283 1204 133 28 erläggande
431 1205 23 23 af
470 1205 139 29 förestående
625 1205 85 28 afgifter
729 1207 38 20 äro
783 1205 54 22 dock
851 1205 36 22 fri-

136 1239 85 22 kallade
238 1239 131 23 undersåtar
383 1240 7 22 i
405 1240 27 22 de
452 1242 74 26 stater,
540 1241 49 22 med
604 1240 72 22 hvilka
689 1240 199 22 handelstraktater

135 1274 70 22 blifvit
220 1273 107 23 afslutade
343 1280 34 16 om
392 1273 139 29 likställighet
545 1275 49 22 med
603 1274 112 23 inhemska
725 1274 163 28 näringsidkare

136 1309 8 21 i
159 1308 100 22 afseende
278 1309 13 21 å
309 1308 97 23 vilkoren
421 1309 33 22 för
468 1309 139 23 bedrifvande
622 1308 23 23 af
657 1309 78 22 handel
750 1308 40 23 och
804 1309 84 27 näring,

138 1343 109 22 äfvensom
268 1343 146 29 utländingar,
435 1344 73 22 hvilka
530 1344 66 28 enligt
617 1344 26 22 12
659 1344 12 28 $
686 1344 8 21 i
708 1343 80 28 nådiga
805 1343 84 22 förord-

138 1378 79 28 ningen
233 1378 22 22 af
269 1378 40 22 den
325 1379 26 21 31
367 1378 59 23 Mars
439 1380 60 26 1879,
513 1386 34 15 om
557 1378 136 29 näringarne,
703 1378 79 22 vunnit
792 1378 98 22 tillständ

138 1414 33 20 att
185 1413 8 20 i
208 1413 91 21 Finland
321 1413 51 21 idka
394 1413 141 27 näringsyrke
553 1413 51 21 eller
620 1415 30 25 pä
668 1413 71 26 grund
754 1413 23 21 af
789 1412 100 28 gällande

136 1446 127 28 förordning
277 1447 111 27 angäende
402 1447 116 28 bevillning
532 1447 33 22 för
580 1446 43 23 fast
638 1447 103 27 egendom
757 1446 39 23 och
810 1446 34 22 för
855 1446 33 22 in-
