1123 1770
351 141 28 23 U.
394 142 27 21 B.
437 154 26 3 —
480 142 71 26 Prop.
570 142 40 21 N:o
624 141 36 23 21.
827 141 26 21 19

462 234 13 20 2
491 232 58 22 Kar.

439 307 46 19 Om
501 308 74 19 firma.

482 380 11 21 9
510 381 19 25 8.

198 437 69 26 Hvar,
291 443 48 14 som
362 436 42 21 vill
426 436 56 21 idka
505 437 148 28 näringsyrke
675 437 28 28 af
721 438 158 27 nedanomför-

130 471 60 21 mäld
209 471 151 27 beskaffenhet,
377 477 53 14 vare
447 470 87 29 pligtig
553 472 41 27 att,
613 471 73 21 innan
706 471 124 28 näringens
846 473 35 19 ut-

130 505 101 21 öfvande
258 505 83 28 börjas,
368 505 38 21 till
431 505 124 22 införande
579 506 8 21 i
615 505 205 28 handelsregistret
841 513 39 14 an-

130 539 60 22 mäla
209 539 40 22 det
267 547 76 19 namn,
363 539 131 22 hvarunder
512 540 46 21 han
577 544 80 17 ämnar
672 539 108 22 bedrifva
795 540 35 21 sin
847 543 34 18 rö-

130 574 58 21 relse
204 574 44 21 och
264 580 48 15 som
329 574 43 21 han
388 574 41 21 vid
444 574 81 21 dervid
540 574 187 22 förekommande
739 574 142 22 underskrif-

129 610 35 20 ter
182 612 81 18 ämnar
278 608 89 21 teckna.
400 608 87 22 Sådant
502 616 71 14 namn
588 608 75 22 kallas
677 608 72 22 firma.

198 643 39 21 Nu
259 644 99 20 nämnda
381 644 267 28 anmälmingsskyldighet
667 644 83 28 åligger
771 644 56 21 hvar
842 645 39 20 och

129 685 33 20 en,
178 685 48 14 som
240 678 10 21 %
264 678 50 21 stad
329 679 52 20 eller
393 678 32 28 på
441 678 73 21 landet
529 678 41 22 vill
588 678 76 28 drifva
682 678 80 21 handel
778 679 49 21 med
841 681 38 19 ut-

130 712 93 21 ländska
238 712 51 21 eller
303 712 121 22 inländska
439 719 66 14 varor
515 713 28 27 af
551 720 52 20 egen
614 713 52 21 eller
677 719 88 15 annans
780 713 98 21 tillverk-

128 746 57 29 ning
196 746 53 22 eller
261 746 48 22 med
321 747 74 21 böcker
406 748 52 20 eller
469 747 48 21 med
529 748 76 20 vexlar
614 747 39 21 och
658 747 138 27 penningar;
809 747 71 27 öfver-

130 783 50 25 taga
186 781 129 28 försäkring
321 784 46 18 mot
374 782 53 26 eld-,
435 782 44 27 sjö-
489 782 52 21 eller
549 788 77 15 annan
634 781 80 27 skada;
723 782 52 20 idka
783 782 97 27 boktryc-

129 816 67 26 keri-,
213 816 108 27 apoteks-,
338 816 86 27 bruks-,
440 816 107 27 fabriks-,
562 816 159 27 manufaktur-
738 816 52 21 eller
803 816 76 27 sägrö-

128 850 54 21 relse
205 850 52 21 eller
278 850 81 22 sådant
384 851 59 27 yrke,
469 857 48 14 som
539 850 41 21 har
606 850 35 21 till
663 850 105 28 syftemäl
790 852 33 19 att
846 851 35 21 till

128 884 137 27 försäljning
295 884 75 21 bereda
400 886 113 19 matvaror
543 885 52 20 eller
622 884 104 28 drycker;
752 885 128 27 sysselsätta

128 919 34 26 sig
184 919 49 21 med
254 920 33 19 att
304 919 30 28 på
353 919 72 28 beting
443 919 98 27 uppföra
559 919 41 21 och
616 918 111 28 förbättra
744 919 48 26 hus,
813 919 65 28 bygg-

129 953 69 22 nader
221 953 39 22 och
282 953 129 22 mekaniska
432 953 168 28 inrättningar;
623 953 52 21 eller
697 953 68 27 bygga
787 953 40 21 och
841 955 37 19 ut-

128 989 64 20 rusta
215 987 75 28 fartyg
313 988 36 21 till
371 987 134 28 försäljning
527 987 52 22 eller
593 987 147 22 användande
754 987 37 27 för
806 987 72 28 frakt-

128 1021 48 28 fart
197 1023 62 20 utom
277 1021 109 22 Finlands
407 1023 98 25 gränser.
537 1021 61 22 Dock
619 1023 40 19 äro
675 1021 156 27 undantagne:
847 1022 32 24 de,

128 1062 47 15 som
190 1056 69 27 enligt
272 1056 104 27 gällande
390 1056 133 27 förordning
539 1062 35 15 om
589 1056 142 26 näringarna
746 1062 38 20 ega
801 1056 79 27 utöfva

132 1090 149 28 näringsyrke
296 1092 57 19 utan
367 1090 96 21 särskild
474 1090 116 25 anmälan;
597 1089 148 28 jordbrukare
756 1090 39 20 och
804 1090 77 20 idkare

128 1124 28 28 af
168 1124 24 22 de
210 1124 117 27 näringar,
347 1124 74 21 hvilka
436 1124 49 20 med
495 1123 131 28 jordbruket
640 1124 178 27 sammanhänga
829 1124 52 20 eller

127 1160 73 20 säsom
220 1158 94 28 föremäl
332 1159 37 27 för
387 1158 79 27 husflit
480 1161 39 19 äro
535 1160 33 20 att
588 1158 109 26 betrakta;
713 1157 167 28 handiverkare,

127 1200 48 14 som
197 1193 187 28 hufvudsakligen
405 1193 30 27 pä
461 1193 132 27 beställning
608 1199 67 15 varor
691 1192 137 28 förfärdiga;
848 1193 31 26 de,

127 1234 48 15 som
190 1229 57 19 utan
265 1230 71 18 annat
354 1227 155 21 arbetsbiträde
528 1229 31 19 än
582 1227 81 21 hustru
685 1226 53 21 eller
760 1228 44 26 eget
824 1226 54 21 hus-

128 1262 47 27 folk
197 1263 114 19 matvaror
328 1262 53 20 eller
402 1261 92 28 drycker
518 1262 35 20 till
574 1261 138 27 försäljning
733 1260 76 21 bereda
829 1260 52 21 eller

130 1296 38 21 ock
183 1296 100 28 försälja,
299 1296 68 27 äfven
382 1302 36 14 om
433 1296 76 20 dervid
524 1296 113 21 användes
654 1297 71 25 öppen
741 1294 45 27 bod,
803 1294 78 21 kontor

128 1330 53 21 eller
208 1332 73 19 annat
303 1329 223 28 försäljningsställe;
554 1331 60 20 samt
639 1328 172 27 fartygsredare
837 1329 42 20 och

128 1363 101 22 rederier
244 1370 48 14 som
312 1363 21 29 ej
353 1367 39 17 äro
411 1363 139 28 aktiebolag.

197 1398 128 26 Aktiebolag
341 1398 38 20 bör
394 1398 36 19 till
444 1397 140 27 inskrifning
602 1397 10 19 i
630 1397 191 26 handelsregistret
836 1403 42 13 an-

128 1431 78 27 mälas,
222 1431 69 21 ehvad
308 1431 35 21 det
357 1431 85 26 drifver
457 1431 82 27 näring
554 1431 52 20 eller
620 1429 52 21 icke.

197 1487 48 24 Lag-
258 1488 31 18 och
302 1487 183 18 Ekonomiutskottets
498 1486 109 19 betänkande
619 1485 38 19 N:o
669 1486 17 19 3.
