1120 1781
275 160 13 20 4
465 159 29 22 U.
509 159 29 21 B.
555 171 26 3 —
595 158 73 27 Prop.
684 158 41 22 N:o
742 158 35 22 15.

246 221 51 22 icke
313 222 70 26 tagits
399 221 43 21 och
458 221 20 28 ej
495 220 72 22 heller
590 220 88 22 kunnat
700 222 66 26 tagas
784 220 38 21 till
837 220 46 22 den
897 220 58 22 eller
969 220 27 22 de

246 256 33 21 in-
294 256 56 21 eller
364 255 125 23 utländska
504 255 84 27 firmor,
604 256 54 20 flere
676 254 57 22 eller
752 254 68 28 färre,
837 254 80 22 hvilka
932 254 65 29 dylik

246 290 194 22 handelsresande
454 291 177 27 representerar,
642 292 56 18 enär
712 290 72 28 några
799 289 26 21 af
838 288 67 23 dessa
920 289 78 22 firmor

246 325 79 21 kunna
340 332 56 14 vara
410 324 193 22 hemmahörande
618 324 8 21 i
640 325 77 25 stater,
729 324 51 21 med
796 323 81 23 hvilka
892 323 106 22 handels-

246 359 113 21 traktater
372 358 80 22 blifvit
466 359 125 28 ingångna,
603 358 71 22 andra
686 357 102 23 deremot
798 358 57 22 icke.
879 358 34 22 På
923 358 75 22 denna

246 393 75 29 grund
336 393 43 22 och
395 393 29 22 då
439 395 35 19 tre
494 392 68 22 stånd
579 393 8 21 i
605 392 75 22 denna
701 392 77 29 punkt
800 392 104 29 godkänt
919 392 79 23 betän-

246 427 91 28 kandet,
353 427 36 22 får
404 427 123 23 Utskottet
541 426 118 22 vördsamt
674 426 94 22 föreslå:

519 492 32 20 att
565 490 125 22 Ständerna
713 491 65 27 äfven
792 492 9 20 i
816 490 65 29 ofvan
899 490 97 23 nämnda

451 526 98 26 afseende
571 526 48 21 ville
642 526 119 28 godkänna
786 526 112 22 Utskottets
926 526 71 22 betän-

451 560 76 22 kande.

313 622 184 22 Vidkommande
520 623 111 28 slutligen
653 622 186 22 Prästeståndets
863 622 82 29 beslut,
964 625 34 19 att

246 657 65 22 ordet
327 657 257 28 ,inkomstbevillning*
600 656 8 21 i
623 656 71 21 slutet
714 656 26 22 af
754 657 10 27 $
781 658 11 20 1
809 657 71 22 borde
901 659 95 20 ersättas

245 691 52 22 med
319 691 65 22 ordet
402 691 163 28 ,bevillning*,
582 690 37 22 får
636 690 129 26 Utskottet,
780 691 29 21 dä
824 699 29 13 en
875 690 66 29 dylik
957 691 40 22 all-

245 729 107 18 männare
368 725 147 28 rubricering
529 725 26 22 af
570 725 176 28 ifrägavarande
762 725 71 29 afgift
848 733 69 22 synes
933 726 63 21 inne-

245 759 55 22 bära
315 768 28 13 en
359 759 77 29 saklig
452 760 100 25 rättelse,
567 759 118 22 vördsamt
699 759 95 22 föreslå:

518 831 32 20 att
565 829 125 22 Ständerna
712 829 48 22 ville
782 829 8 22 i
811 830 52 21 sista
885 831 113 23 momentet

451 864 27 28 af
492 866 16 24 $
526 864 12 21 1
559 864 74 28 införa
656 864 59 21 ordet
739 864 166 29 ,bevillning"
893 860 15 37 i
927 865 70 22 stället

449 899 35 28 för
500 899 59 21 ordet
574 898 241 29 ,inkomstbevillning”.

313 968 123 21 Gentemot
452 967 43 22 den
512 967 130 28 beräkning
657 967 26 22 af
696 967 133 22 inkomsten
843 967 53 22 från
911 967 85 28 ifråga-

244 1002 100 22 varande
373 1001 234 29 näringsbevillning,
633 1001 96 22 hvilken
754 1001 171 30 Ridderskapet
954 1001 42 22 och

244 1037 76 22 Adeln
336 1036 114 27 omfattat,
466 1035 41 23 har
522 1036 134 23 Utskottets
679 1036 130 29 beräkning
831 1036 80 22 blifvit
930 1036 25 23 af
968 1036 28 22 de

244 1075 35 19 tre
295 1071 75 28 öfriga
380 1070 105 23 Stånden
500 1070 119 29 godkänd;
635 1071 43 22 och
694 1071 36 21 får
741 1071 130 27 Utskottet,
882 1078 49 15 som
946 1071 50 22 icke

244 1107 79 21 funnit
339 1106 51 21 skäl
405 1107 35 20 att
455 1105 51 22 med
521 1105 91 22 visshet
629 1105 103 29 påräkna
752 1108 71 19 större
843 1106 103 21 inkomst
960 1105 36 22 för

244 1140 141 23 statsverket
407 1139 26 23 af
454 1139 41 22 här
517 1140 97 22 berörda
635 1140 232 29 näringsbevillning,
884 1144 29 18 än
929 1141 67 22 den
984 1135 16 38 i

243 1175 133 23 Utskottets
399 1175 146 21 betänkande
567 1174 97 29 angifna
686 1175 26 21 af
731 1176 78 27 20,000
831 1175 73 28 mark,
920 1175 76 22 derför

244 1209 117 22 vördsamt
376 1209 96 22 föreslå:

519 1262 32 20 att
565 1260 124 22 Ständerna
711 1260 48 21 ville
780 1261 68 21 såsom
866 1261 94 22 inkomst
972 1261 27 28 af

449 1295 170 28 ifrågavarande
639 1292 210 31 näringsbevillning
863 1295 36 26 för
913 1295 83 27 finans-

449 1329 102 26 perioden
567 1328 146 21 1895—1897
728 1328 94 22 beräkna
841 1330 28 20 ett
884 1328 73 27 belopp
973 1329 27 27 af

450 1362 85 25 20,000
549 1361 68 23 mark.

311 1424 171 29 Ridderskapet
505 1424 43 22 och
571 1424 76 22 Adeln
670 1424 41 22 har
734 1424 104 30 godkänt
860 1424 134 24 Utskottets

243 1458 145 23 betänkande
411 1459 82 22 endast
511 1459 125 28 eventuelt,
652 1458 43 22 och
710 1459 197 29 Borgareståndet
922 1460 72 22 likaså

311 1506 75 22 Bihang
400 1506 30 18 till
442 1506 215 22 Bevillningsutskottets
669 1506 117 18 betänkande
798 1507 36 17 N:o
845 1507 17 17 2.
