1086 1739
321 141 28 23 U.
364 142 27 21 B.
409 155 24 2 —
450 143 71 27 Prop.
539 143 39 22 N:o
597 143 32 22 11.
811 146 12 19 3

349 205 153 28 Förordning
523 206 120 28 angäende
662 206 143 28 erläggande
828 207 28 21 af

384 241 130 27 bevillning
529 241 39 22 för
584 241 108 27 spelkort
706 241 75 22 under
797 240 56 23 ären

384 273 150 24 1895—1897.

376 332 110 21 Förutom
502 331 44 22 den
565 339 83 21 genom
664 331 84 29 nädiga
764 333 89 27 kungö-

308 366 76 22 relsen
407 365 26 23 af
453 366 44 22 den
520 369 25 19 92
569 366 59 22 Juni
653 369 52 20 1859
731 366 122 22 faststälda

308 400 169 29 stämpelafgift
501 401 36 22 för
564 401 110 28 spelkort,
700 401 104 29 erlägges
829 401 27 22 af

307 435 172 22 kortfabrikant
493 435 37 22 för
544 435 80 29 hvarje
639 435 73 22 under
726 436 60 21 ärets
798 436 54 29 lopp

307 469 86 23 försäld
418 471 92 22 kortlek
537 479 28 14 en
590 470 215 29 bevillningsafgift
829 470 26 23 af

307 506 73 21 sextio
396 505 76 30 penni.
503 505 116 22 Fabriken
640 507 69 27 utgör
723 505 130 29 underpant

307 540 36 22 för
358 539 173 29 bevillningens
546 539 145 30 erläggande.

376 575 82 21 Denna
473 574 136 28 förordning
631 574 76 21 träder
722 574 7 22 i
745 574 107 28 gällande

307 608 63 22 kraft
391 609 45 22 den
453 611 8 20 1
479 608 96 23 Januari
594 611 52 20 1895
663 609 43 21 och
728 608 73 29 gäller
816 609 36 22 till

307 643 118 28 utgängen
440 643 26 22 af
478 643 25 21 är
520 646 60 20 1897.

171 711 79 22 Under
274 712 173 29 förutsättning,
473 714 34 20 att
530 712 129 22 Ständerna
683 714 84 27 antaga
789 711 64 22 dotta

103 745 244 30 förordningsförslag,
363 747 87 22 tilläter
466 747 36 28 sig
518 747 115 22 utskottet
648 746 94 23 föreslä:

376 819 30 19 att
423 817 120 22 Ständerna
565 817 46 21 ville
633 818 72 21 säsom
725 817 90 22 inkomst
831 817 26 26 af

307 851 135 27 Vevillningen
462 853 31 25 pä
514 852 91 25 spelkort
627 852 33 26 för
684 851 167 27 finansperioden

307 885 149 22 1895—1897
470 886 91 21 beräkna
583 888 28 19 ett
634 886 70 26 belopp
727 886 26 26 af
769 887 84 25 45,000

307 921 64 21 mark.

171 1033 9 22 I
196 1033 204 30 handläggningen
423 1034 26 21 af
468 1033 64 23 detta
554 1033 84 22 ärende
660 1033 69 22 hafva
745 1033 107 28 deltagit:

102 1068 155 22 ledamöterne
273 1068 113 28 Räbergh,
404 1069 74 21 säsom
499 1068 145 27 ordförande,
662 1068 95 27 Schildt,
775 1069 78 27 Seger-

103 1102 76 28 sträle,
208 1103 102 27 Palmön,
338 1103 182 26 Wennerström,
550 1103 132 28 Carlström,
711 1102 140 26 Dahlström,

102 1137 81 27 Perho,
198 1137 129 22 Riihimäki
347 1138 43 21 och
406 1137 74 23 Slotte
503 1141 58 19 samt
584 1138 177 28 suppleanterne
777 1138 76 28 Jäger-

103 1171 76 23 skiöld
194 1171 44 22 och
254 1171 101 23 Castrén.

171 1493 211 23 Bevillningsutskotteis
395 1492 118 20 belänkande
525 1492 35 19 N:o
572 1493 16 18 1.
