1120 1784
354 174 30 23 U.
399 174 27 23 B.
443 188 26 2 —
484 176 74 27 Prop.
574 176 42 21 N:o
632 175 38 22 22.
835 176 24 20 17

141 242 132 28 skrifningen
294 242 71 21 kunde
387 242 104 21 förklaras
513 242 99 28 förlustig
634 242 92 28 skyddet
740 242 35 22 för
788 243 33 21 sin
836 250 54 21 upp-

140 276 86 27 finning,
240 276 39 20 har
301 275 112 22 Utskottet
430 283 25 13 ur
469 276 41 21 den
526 279 43 18 mot
584 276 66 28 sagda
666 277 12 27 $
693 276 103 22 svarande
813 278 26 20 10
855 277 12 27 $
882 277 7 20 i

140 309 123 21 Utskottets
285 309 81 29 förslag
387 310 96 20 uteslutit
505 309 94 29 antydda
621 310 123 28 stadgande.
764 324 28 2 —
807 310 12 21 I
834 311 26 20 26
876 311 13 27 &

141 345 12 20 3
176 351 62 14 mom,
260 344 92 28 stadgas,
374 346 32 18 att
424 343 159 23 vederbörande
598 344 162 28 patenthafvare
776 346 23 19 är
821 344 69 21 berät-

139 377 59 28 tigad
221 378 37 21 vid
281 378 91 21 domstol
394 378 46 21 föra
462 378 57 21 talan
541 385 40 20 om,
603 381 31 19 att
652 386 73 14 senare
740 381 74 26 patent
835 378 54 22 skall

139 412 106 22 förklaras
268 420 50 14 vara
340 412 110 28 afhängigt
473 412 22 21 af
515 412 89 28 tidigare
627 412 102 29 beviljadt
744 416 79 25 patent,
839 413 51 21 eller

140 446 131 22 annorlunda
290 446 62 28 sagdt
371 446 89 21 sålunda
475 447 106 21 beroende
597 446 22 21 af
634 446 58 21 detta
707 446 136 26 sistnämnda,
858 449 31 19 att

139 481 152 29 uppfinningen
315 481 17 28 ej
355 481 35 21 må
411 481 85 22 utöfvas
518 484 51 18 utan
589 480 95 22 tillstånd
706 481 23 20 af
748 481 37 20 det
798 481 90 28 tidigare

139 518 107 25 patentets
261 515 143 21 innehafvare.
433 515 76 22 Denna
525 515 132 28 bestämning
671 523 63 20 synes
750 523 39 20 ega
803 523 86 20 gemen-

139 549 53 28 skap
215 549 47 21 med
285 549 36 21 det
343 550 7 20 i
371 550 14 20 4
404 551 11 26 $
431 549 23 21 af
467 549 103 28 förslaget
584 549 32 21 till
631 549 212 28 ständerförordning
857 551 31 20 in-

139 586 64 25 tagna
222 583 132 29 stadgandet,
369 587 31 18 att
415 583 64 22 bland
496 587 64 18 annat
574 583 76 22 tvister
665 591 34 14 om
713 586 85 25 patents
813 583 76 22 afhän-

139 617 73 29 gighet
236 618 59 21 skola
315 618 129 28 handläggas
461 617 34 22 vid
511 618 138 27 Helsingfors
664 617 161 22 rädstufvurätt.
854 618 35 21 Dä

140 652 117 22 emellertid
274 652 231 29 afhängighetstvister,
520 659 44 14 som
581 652 50 21 bero
647 651 65 30 derpä
722 655 31 18 att
763 652 41 21 den
815 660 74 14 senare

139 687 153 28 uppfinningen
305 687 67 21 delvis
385 687 200 21 öfverensstämmer
597 686 47 22 med
657 686 90 28 tidigare
759 687 130 28 uppfinning,

138 721 67 22 redan
221 722 135 21 omförmälas
371 723 6 20 i
393 723 27 20 26
432 723 11 26 $
461 723 6 19 2
478 729 61 14 mom.
553 725 54 18 samt
617 721 68 28 öfriga
695 721 38 21 fall
746 721 22 21 af
778 721 110 28 afhängig-

138 755 37 22 het
190 769 27 2 —
232 758 14 19 +.
262 764 31 13 ex.
310 759 30 18 att
350 756 70 27 någon
431 755 115 29 uppfunnit
558 763 26 14 en
594 755 82 22 maskin
687 755 31 22 till
728 755 159 22 framställande

139 791 22 21 af
178 797 26 14 en
220 790 99 29 produkt,
329 790 65 22 hvarä
404 798 70 13 annan
485 790 91 28 åtnjuter
586 793 74 25 patent
670 803 26 2 —
707 790 47 21 icke
763 797 63 21 synas
836 790 51 22 böra

138 824 133 28 undantagas
287 825 48 20 från
351 824 26 21 de
393 825 104 20 allmänna
511 823 122 29 rättegångs
647 824 103 27 reglerna,
761 825 38 20 har
809 825 79 27 ifråga-

139 859 93 21 varande
244 860 12 20 3
266 866 61 13 mom.
337 859 63 28 jemte
410 858 149 21 motsvarande
571 858 118 28 stadgande
697 859 7 20 i
712 859 14 20 4
734 859 12 26 $
755 859 22 20 af
784 859 103 28 förslaget

137 894 33 20 till
186 893 214 27 ständerförordning
414 894 35 26 (10
465 893 12 27 $
493 894 6 19 i
514 892 123 23 Utskottets
652 892 86 28 förslag)
753 893 113 21 uteslutits.

207 928 31 20 Af
254 927 144 29 stadgandena
412 928 7 20 i
437 928 25 20 15
478 928 12 26 $
506 926 22 22 af
544 934 59 22 prop.
618 926 77 22 admin.
710 927 81 28 förslag
805 935 34 13 om
854 928 33 21 fö-

138 962 76 21 randet
230 962 22 21 af
266 962 162 28 patentregister
444 962 37 20 har
495 961 42 27 det,
555 968 45 14 som
612 963 23 19 är
649 961 23 21 af
686 961 127 22 allmännare
828 963 59 21 inne-

137 996 49 26 håll,
203 996 23 21 af
240 996 112 22 Utskottet
367 996 27 28 pä
408 996 59 20 förut
481 995 93 28 antydda
589 995 46 21 skäl
650 996 108 27 upptagits
773 996 7 20 i
796 997 25 20 12
837 997 12 27 &
865 996 23 22 af

137 1030 41 21 den
190 1030 47 21 utaf
248 1030 112 22 Utskottet
367 1030 121 27 föreslagna
496 1029 158 28 förordningen.
670 1029 82 21 Dervid
760 1030 38 20 har
803 1031 84 27 jemväl,

137 1064 89 22 likasom
242 1064 40 21 ock
298 1064 27 28 pä
340 1064 65 27 nägra
420 1063 66 21 andra
501 1064 75 20 ställen
589 1064 6 20 i
607 1063 41 21 den
658 1063 120 29 föreslagna
791 1064 95 22 ständer-

137 1099 69 27 lagen,
222 1098 74 22 blifvit
311 1098 74 28 nödigt
400 1101 30 18 att
445 1098 74 28 utbyta
535 1096 60 22 ordet
612 1097 218 29 vindustristyrelsen>
842 1101 45 18 mot

137 1132 108 29 uttrycket
262 1131 255 30 »patentmyndigheten».

206 1166 33 22 Ur
261 1168 13 20 2
297 1168 11 24 $
331 1167 6 20 i
361 1173 57 21 prop.
438 1165 212 28 ständerförordning
665 1166 33 26 (15
715 1166 11 26 $
742 1166 7 20 i
765 1165 121 23 Utskottets

136 1200 87 28 förslag)
247 1201 37 21 har
304 1200 113 22 Utskottet
439 1199 68 22 säsom
524 1199 140 28 öfverflödiga
680 1199 126 22 bortlemnat
821 1200 64 22 orden

138 1236 64 20 »eller
217 1236 12 20 &
245 1235 124 29 vägptafla».

205 1269 71 22 Sedan
300 1276 84 14 numera
407 1276 41 20 nya
470 1268 123 28 strafflagen
615 1268 77 21 trädti
707 1268 98 27 gällande
823 1269 64 27 kraft,

136 1304 38 21 har
189 1311 25 14 ur
230 1305 12 20 3
258 1305 12 26 $
285 1305 7 19 i
308 1311 58 21 prop.
381 1302 212 28 ständerförordning
608 1303 33 27 (16
657 1302 12 27 $
684 1302 7 21 i
708 1302 121 22 Utskottets
841 1304 44 21 för-

136 1337 52 28 slag)
205 1337 128 28 stadgandet
355 1345 33 13 om
412 1337 97 20 böternas
525 1336 135 27 förvandling
675 1337 107 20 uteslutits
797 1337 40 21 och
852 1345 32 14 er-

137 1375 52 18 satts
205 1371 48 22 med
269 1380 26 13 en
310 1371 127 28 hänvisning
452 1371 31 20 till
498 1371 128 27 strafflagen.

203 1406 66 20 Hvad
294 1407 26 19 17
335 1407 12 25 $
363 1412 33 13 om
412 1405 49 26 laga
476 1404 91 21 domstol
581 1404 116 21 innehåller
712 1408 117 18 motsvarar
843 1407 13 19 4
872 1407 12 26 $

135 1439 24 20 af
174 1440 165 27 propositionen.
369 1438 190 27 Omredigeringen
581 1437 61 21 beror
662 1437 23 21 af
699 1437 41 21 den
756 1437 128 24 förändrade

135 1473 123 28 fördelning
272 1473 48 21 utaf
334 1475 76 24 ämnet,
425 1479 44 14 som
485 1472 23 21 af
522 1471 113 22 Utskottet
649 1471 106 28 vidtagits.

204 1514 48 22 Lag-
264 1513 32 18 och
308 1512 179 19 Ekonomiu!skottets
499 1511 109 18 betänkande
620 1510 37 19 N:o
669 1511 25 17 11.
817 1513 11 18 2
