1120 1786
225 171 12 20 6
403 169 28 22 U.
448 169 27 22 B.
490 182 26 3 —
533 169 74 28 Prop.
622 169 45 22 N:o
682 169 39 22 22.

265 237 12 21 I
293 237 219 22 öfverensstämmelse
524 238 48 21 med
584 238 88 21 Wiener
682 238 215 28 patentkongressens
907 237 38 21 be-

197 272 43 21 slut
255 272 39 21 och
309 271 27 22 de
351 271 61 22 flesta
427 272 65 21 andra
504 272 133 28 patentlagar
646 275 105 25 upptager
762 271 183 28 författningsför-

197 306 69 28 slaget
275 306 34 27 (16
320 306 26 27 $),
356 308 31 19 att
395 308 73 26 patent
476 305 106 23 meddelas
591 306 35 21 för
633 314 25 13 en
665 306 31 21 tid
704 306 23 21 af
734 306 82 21 femton
824 305 29 22 är.
868 305 78 21 Denna

197 339 32 21 tid
244 341 23 19 är
282 339 55 22 dock
347 340 112 28 rätteligen
470 342 32 19 att
511 347 61 14 anses
583 340 70 21 såsom
664 348 26 13 en
700 340 117 21 maximitid
827 339 35 21 för
872 342 75 26 paten-

197 376 42 19 tets
249 374 197 28 tillgodonjutande,
457 376 51 19 enär
517 374 37 21 det
564 374 44 22 står
618 374 176 28 patenthafvaren
804 374 47 21 fritt
861 376 32 18 att
902 373 45 21 för-

198 407 62 22 korta
274 408 122 21 densamma
411 416 49 14 vare
476 409 33 27 sig
522 416 77 20 genom
615 408 70 21 direkt
699 408 116 28 afsägande
831 408 22 21 af
862 410 85 26 patent-

199 444 69 19 rätten
284 442 50 22 eller
349 449 76 21 genom
437 442 119 22 uraktlåten
568 442 131 28 inbetalning
709 442 23 21 af
742 442 89 28 stadgad
841 441 106 29 årsafgift.

267 476 75 28 Enligt
364 484 28 14 nu
414 476 98 28 gällande
535 476 131 29 stadganden
686 476 95 28 erlägges
796 477 34 21 för
845 476 104 28 beviljadt

201 514 80 25 patent,
303 513 57 19 utom
383 511 73 28 vanlig
471 511 200 29 expeditionslösen,
687 512 39 25 1:0)
741 510 208 30 stämpelbevillning

201 545 48 22 från
264 546 41 21 och
320 545 48 22 med
383 546 60 28 tjugu
458 546 31 21 till
500 546 40 21 och
552 546 48 21 med
611 545 126 22 femhundra
747 546 65 26 mark,
823 546 40 26 2:0)
875 545 74 28 fattig-

202 580 41 21 och
257 580 179 27 arbetshusafgift
450 580 81 28 jemlikt
545 580 122 29 Kejserliga
682 580 139 28 kungörelsen
833 580 41 21 den
887 581 8 20 5
903 580 45 28 Maj

202 615 55 21 1818
278 614 33 21 till
332 621 80 14 samma
432 614 78 28 belopp
525 622 44 14 som
585 614 239 28 stämpelbevillningen,
839 617 55 18 samt
909 615 40 25 3:0)

202 656 27 13 en
244 648 69 28 afgift,
328 648 106 22 beräknad
451 648 54 22 efter
519 649 60 28 tjugu
594 648 58 22 mark
667 648 36 21 för
717 648 72 28 hvarje
804 648 23 22 af
839 648 26 22 de
878 648 29 26 år,
915 648 37 20 för

201 682 74 22 hvilka
289 685 75 25 patent
379 682 71 21 blifvit
465 682 108 28 beviljadt.
599 683 50 21 Alla
664 682 62 21 dessa
741 682 88 28 afgifter
843 682 60 22 skola
919 690 32 13 er-

202 716 80 29 läggas,
304 717 64 21 innan
386 717 122 28 patentbref
523 717 110 26 utlemnas,
647 717 110 21 hvarutom
774 716 178 29 patenthafvaren

201 750 83 29 åligger
298 751 50 28 sjelf
361 751 89 21 bekosta
465 751 237 29 patenthandliågarnas
717 751 138 28 publikation.
884 751 67 22 Utom

201 788 33 18 att
245 785 63 21 dessa
318 785 142 29 anordningar
469 787 37 20 äro
517 786 81 27 egnade
608 788 31 19 att
646 786 96 20 försvåra
751 785 39 21 och
798 785 45 22 ofta
855 786 98 28 omöjlig-

202 821 53 27 göra
276 819 35 22 för
332 820 130 21 meddellösa
481 820 123 28 uppfinnare
626 819 131 22 erhållandet
779 820 23 21 af
825 822 80 26 patent,
930 821 23 19 är

203 853 44 27 det,
263 854 27 28 på
305 856 42 19 sätt
361 854 66 21 redan
442 853 92 29 antydts,
548 854 84 28 obilligt
646 856 32 19 att
692 853 74 29 ålägga
776 854 177 28 patenthafvaren

203 891 33 18 att
255 890 75 25 genast
345 888 70 21 betala
430 888 90 27 afgiften
535 888 34 21 för
583 888 47 21 hela
646 888 148 28 skyddstiden,
808 888 89 21 oaktadt
911 888 43 21 han

205 922 28 21 då
253 924 55 19 ännu
323 921 48 22 icke
386 921 70 29 dragit
471 922 69 28 någon
556 923 58 21 vinst
628 923 23 20 af
665 923 38 20 sitt
716 925 74 26 patent
805 925 54 18 samt
874 922 45 21 ofta
935 923 17 27 ej

207 963 37 14 ens
267 959 42 23 vet,
330 963 34 14 om
388 955 116 22 detsamma
526 956 95 22 kommer
636 959 30 18 att
684 956 96 21 medföra
795 956 70 28 någon
881 955 73 22 sådan.

207 991 34 20 En
264 990 53 29 följd
339 991 23 20 af
384 990 62 21 dessa
467 991 56 28 höga
545 991 87 28 afgifter
647 991 37 21 har
699 991 77 28 jemväl
791 991 56 21 varit
861 990 47 26 den,
923 992 32 19 att

205 1025 40 22 hos
268 1033 34 13 oss
323 1025 155 28 jemförelsevis
499 1025 23 22 få
544 1026 142 27 ansökningar
701 1033 32 13 om
750 1028 73 26 patent
837 1025 118 21 inkommit.

206 1059 76 29 Enligt
300 1059 22 22 af
343 1059 199 30 Industristyrelsen
565 1059 112 22 meddelad
696 1060 85 28 uppgift
796 1059 38 22 har
848 1059 107 28 nemligen

207 1094 68 21 under
296 1094 51 21 åren
363 1095 60 25 1891,
439 1095 54 21 1892
508 1094 42 22 och
565 1096 55 21 1893
634 1095 88 27 uttagits
736 1094 95 29 följande
846 1094 56 22 antal
917 1101 38 22 pa-

207 1129 101 26 tentbref,
322 1129 34 21 för
371 1129 73 21 hvilka
459 1129 91 22 kronans
567 1129 92 22 inkomst
674 1129 107 28 utgjorde:

207 1199 63 21 1891.
285 1212 27 2 —
328 1199 26 21 32
370 1198 129 28 patentbref:

276 1232 166 28 Patentafgifter
470 1249 4 4 .
504 1249 4 4 .
538 1249 4 5 .
572 1249 4 4 .
606 1249 4 4 .
639 1249 4 4 .
688 1232 67 25 6,780:
770 1245 27 2 —

278 1267 72 28 Fattig
365 1267 41 21 och
421 1267 199 28 arbetshusafgifter
639 1283 4 4 .
708 1267 46 20 715:
770 1279 27 3 —

277 1301 213 28 Stämpelbevillning
507 1317 2 5 .
539 1317 4 5 .
572 1317 4 5 .
606 1317 4 6 .
640 1317 5 4 «
708 1301 46 20 715:
765 1313 33 19 —
817 1296 17 40 —
846 1307 67 24 8,210:
929 1319 28 2 —

210 1366 61 20 1892.
287 1377 27 2 —
330 1364 26 21 30
371 1363 131 29 patentbref:

279 1397 165 29 Patentafgifter
473 1413 4 5 .
506 1413 5 5 .
540 1413 4 5 .
574 1413 4 4 .
608 1413 4 5 .
641 1414 5 4 .
690 1397 67 25 6,260:
772 1409 27 3 —

279 1433 72 28 Fattig
366 1432 41 22 och
422 1431 200 29 arbetshusafgifter
641 1449 4 4 .
709 1432 46 21 660:
772 1444 27 3 —

280 1466 210 30 Stämpelbevillning
510 1483 1 4 .
540 1483 4 4 .
574 1483 4 4 .
607 1483 5 4 .
641 1483 4 4 .
710 1466 46 21 660:
772 1479 27 2 —
823 1462 17 39 —
849 1472 67 25 7,580:
931 1484 26 3 —

280 1514 47 22 Lag-
339 1513 33 18 och
384 1512 181 18 Ekonomiutskottets
577 1512 112 18 betänkande
701 1511 38 17 N:o
751 1512 25 17 11.
