1100 1728
301 185 139 22 Beräknades
459 185 189 26 fastighetsvärdet
664 185 76 21 endast
755 185 67 27 enligt
837 184 74 28 sjelfva
923 185 62 27 jord-

232 219 89 22 brukets
344 219 129 26 utveckling,
495 219 67 21 borde
577 219 82 21 således
674 219 48 20 vårt
739 219 96 21 erhållna
849 219 136 21 medelvärde

231 253 33 22 för
280 253 106 22 mantalet
400 253 7 22 i
422 253 102 27 Nylands,
540 253 138 26 Tavastehus,
694 253 92 28 Viborgs
802 253 39 22 och
856 253 32 22 S:t
896 253 89 22 Michels

232 288 36 21 län
283 289 67 26 något
364 288 101 27 förhöjas,
482 288 38 21 och
536 289 92 20 tvärtom
644 288 119 21 detsamma
772 287 34 22 för
816 281 46 28 Åbo
874 288 39 22 och
923 288 62 27 Björ-

232 322 99 27 neborgs,
346 322 92 27 Kuopio,
453 321 58 22 Vasa
526 322 39 21 och
580 322 118 27 Uleåborgs
712 322 36 21 län
765 323 67 26 något
848 322 136 27 förminskas,

232 356 33 21 för
288 357 33 21 att
343 357 75 21 kunna
440 356 110 22 användas
573 357 71 21 såsom
664 357 32 20 ett
711 356 135 22 medelvärde
860 356 34 22 för
908 356 76 22 länens

232 391 100 26 samtliga
346 391 89 21 mantal.

345 425 26 21 de
395 424 119 22 värderade
536 424 154 28 lägenheterna
712 424 7 21 i
741 424 126 22 förenämda
886 425 47 27 fyra
947 425 37 21 län

232 465 63 22 synes
318 459 118 22 emellertid
458 459 149 28 utvecklingen
624 461 22 20 åt
660 459 214 28 ladugårdsskötseln
891 461 24 21 så
930 461 55 21 nära

231 496 102 26 uppväga
352 494 41 22 den
416 494 175 28 öfverskjutande
610 495 149 27 utvecklingen
776 495 23 21 åt
811 495 130 27 jordbruket
956 495 30 28 på

233 529 68 28 öfriga
322 529 131 27 lägenheter,
474 531 33 20 att
523 535 26 15 en
568 529 122 28 förhöjning
705 529 23 22 af
749 529 36 22 det
807 529 141 28 medelvärde,
964 530 21 21 vi

232 563 85 22 erhållit
339 563 34 22 för
396 564 62 21 dessa
480 563 42 28 län,
538 563 46 22 icke
600 565 60 26 synts
676 570 34 15 oss
733 564 109 27 påkallad,
866 564 60 21 äfven
950 571 34 15 om

231 598 130 28 betingelser
379 597 33 22 för
432 605 26 14 en
474 599 68 21 sådan
557 598 99 27 möjligen
671 599 73 21 kunde
758 599 108 26 uppvisas.
898 599 34 22 Då
946 600 39 20 vår

231 633 120 27 beräkning
373 632 201 28 öfverhufvudtaget
594 634 69 21 måste
685 635 51 20 röra
759 634 32 27 sig
814 633 49 22 med
882 634 101 27 tämligen

232 667 116 22 sväfvande
371 667 38 26 tal,
432 667 46 21 låta
500 667 20 21 vi
543 667 61 21 äfven
623 668 49 20 vårt
691 667 96 22 erhållna
802 667 134 22 medelvärde
950 667 35 22 för

231 694 45 28 Åbo
293 701 40 22 och
347 701 145 27 Björneborgs
507 702 36 20 län
558 701 56 27 gälla
629 702 70 21 såsom
715 704 32 19 ett
761 701 130 27 ungefärligt
906 702 80 21 medel-

232 736 66 21 värde
319 736 34 21 för
372 735 70 21 länets
456 735 49 22 hela
520 735 170 27 mantalsumma,
708 736 61 21 äfven
785 742 34 15 om
835 742 26 15 en
876 736 110 27 sänkning

231 770 7 22 i
254 770 61 22 detta
337 770 139 26 medelvärde,
499 770 83 22 hvilken
598 770 53 22 dock
664 770 68 22 blefve
747 771 80 27 ytterst
842 770 59 27 liten,
917 771 69 27 möjli-

232 811 39 21 gen
295 805 73 21 kunde
389 805 100 27 päyrkas.
519 805 102 22 Deremot
643 806 69 20 måste
729 806 49 20 vårt
802 806 134 21 medelvärde
951 805 35 22 för

230 840 107 21 mantalet
351 839 7 21 i
373 839 93 27 Kuopio,
488 839 58 22 Vasa
562 840 39 21 och
615 839 118 28 Uleåborgs
749 840 36 21 län
801 846 63 15 anses
879 846 53 15 vara
946 840 40 21 nå-

232 875 37 26 got
284 873 33 22 för
332 874 59 27 högt.
421 874 26 21 Vi
463 875 81 26 antaga
559 876 27 20 25
602 876 32 26 9/,,
651 876 56 19 samt
718 874 89 28 afdraga
822 874 48 22 från
886 880 98 16 summan

232 908 23 21 af
269 908 26 21 de
309 908 195 27 fastighetsvärden
519 908 21 21 vi
556 908 84 22 erhållit
655 908 33 21 för
704 909 63 21 dessa
782 910 33 20 tre
825 909 43 27 län,
878 909 51 21 eller
936 908 48 22 från

232 943 142 21 390.490.332
397 942 67 26 mark,
488 943 126 21 97.622.575
638 943 67 26 mark,
728 943 138 27 hvarigenom
882 943 103 22 slutsum-

231 982 50 15 man
303 976 34 21 för
363 976 284 28 jordbruksfastigheternas
669 977 156 27 kapitalvärde,
850 978 134 21 oberäknadt

231 1010 150 27 kronoskogar
400 1010 156 28 allmänningar
579 1018 27 14 m.
629 1018 27 14 m.
676 1010 39 22 och
731 1017 73 15 annan
819 1012 46 21 icke
880 1012 7 21 i
902 1012 82 21 mantal

231 1045 45 21 satt
296 1044 57 27 jord,
373 1044 7 21 i
396 1045 62 21 dessa
472 1044 37 21 län
524 1045 40 21 blir
580 1046 141 21 292.867.757
741 1046 67 26 mark,
825 1046 39 21 och
879 1046 83 21 således
977 1046 9 21 i

230 1079 49 21 hela
293 1078 75 22 landet
383 1080 170 20 1.145.496.133
568 1080 67 21 mark.

299 1113 11 21 I
322 1113 123 27 jemförelse
460 1113 48 22 med
524 1113 36 22 det
574 1114 186 27 fastighetsvärde,
777 1120 45 15 som
838 1114 97 27 Ignatius
951 1121 33 14 er-

230 1147 44 22 höll
289 1147 67 27 enligt
371 1147 162 22 förhållandena
549 1149 69 21 under
632 1155 76 15 senare
723 1148 81 22 hälften
821 1149 23 21 af
858 1149 126 27 1870-talet,

230 1182 84 21 utvisar
337 1182 61 21 detta
420 1183 31 20 tal
466 1183 116 22 emellertid
598 1189 26 15 en
640 1183 80 27 ökning
735 1183 23 21 af
771 1189 45 15 mer
832 1185 24 20 är
871 1185 41 20 462
933 1184 52 27 milj.

231 1217 62 20 mark
308 1215 51 22 eller
374 1218 54 19 nära
444 1218 26 20 68
486 1217 33 27 %/,
535 1223 27 15 en
578 1217 85 27 ökning,
680 1223 51 21 som,
748 1223 34 15 om
798 1218 37 21 det
850 1218 23 21 af
885 1219 100 26 Ignatius

230 1250 116 22 faststälda
368 1250 190 27 fastighetsvärdet
580 1253 60 25 tages
663 1251 33 21 till
714 1253 90 26 utgång,
827 1252 108 21 förefaller
949 1253 35 21 väl

231 1285 61 20 stark
308 1283 39 22 och
362 1290 45 14 som
422 1285 7 20 i
445 1285 73 26 sjelfva
533 1285 75 21 verket
623 1285 45 20 icke
684 1286 46 20 står
745 1286 7 20 i
763 1285 222 22 öfverensstämmelse

230 1317 50 22 med
303 1317 107 28 ökningen
432 1318 7 21 i
458 1318 140 27 jordbrukets
614 1319 123 27 utveckling
752 1319 67 22 sedan
835 1321 93 20 nämnda
944 1320 37 22 tid.

231 1352 28 22 Så
281 1353 46 22 vidt
350 1353 72 21 denna
443 1353 123 28 utveckling
588 1354 43 21 kan
654 1353 144 29 ådagaläggas
813 1361 77 21 genom
905 1355 78 28 siffror,

230 1387 64 22 torde
309 1387 123 22 densamma
448 1387 95 28 afspegla
558 1388 32 27 sig
606 1394 76 21 genom
698 1388 93 28 följande
806 1389 42 21 tal:
