1125 1784
249 174 27 20 38

439 172 29 23 U.
483 173 28 22 B.
527 185 27 4 —
569 174 72 27 Prop.
658 173 45 22 N:o
718 173 39 22 22.

427 241 41 19 ler
502 247 88 14 annan
623 247 104 21 person
754 241 36 26 pä
825 240 87 27 grund
940 240 36 28 af

427 273 93 22 bättre
550 277 51 18 rätt
632 277 35 18 än
698 275 64 26 den,
786 281 60 14 som
873 276 99 19 vunnit

427 312 111 24 patent,
582 309 105 28 inrymd
727 310 7 20 i
765 311 207 26 patenträtten

427 344 77 21 skall
539 343 92 22 domen
655 351 90 20 genom
774 346 108 19 rättens
906 344 65 28 för-

427 385 59 21 sorg
503 379 132 21 insändas
646 379 44 20 till
704 378 268 29 Industristyrelsen.

668 488 27 20 15
712 488 20 26 $.

501 554 42 21 Uti
567 555 41 20 det
633 556 112 26 register
773 555 77 28 öfver
870 555 104 21 medde-

429 589 62 21 lade
507 592 102 25 patent,
631 597 50 13 som
701 589 34 28 af
745 589 228 28 Industristyvel-

428 631 44 13 sen
488 623 44 21 bör
548 624 88 27 föras,
651 623 74 22 skall
745 626 139 25 upptagas
900 623 75 27 hvarje

426 660 87 25 patents
532 659 106 26 föremål,
657 658 137 28 patenttiden
816 661 55 18 samt
887 660 88 26 patent-

428 692 117 26 hafvarens
567 693 37 20 och
627 692 54 21 hans
703 692 87 21 ombuds
805 699 67 13 namn
887 692 38 21 och
941 692 34 20 bo-

428 727 105 27 ningsort.

497 760 50 22 När
559 763 76 24 patent
649 760 94 27 upphört
759 762 31 18 att
799 760 61 27 gälla
871 760 33 21 till
911 760 64 28 följd

430 796 31 26 af
480 796 112 26 afsägelse,
614 796 51 26 laga
687 795 48 20 dom
759 794 52 21 eller
826 794 123 28 föreskrift
967 794 9 20 i

430 830 70 20 denna
516 829 170 27 kungörelse,
701 830 25 19 sä
737 828 39 21 ock
792 831 40 18 när
842 835 74 14 annan
924 835 51 21 per-

430 870 36 14 son
485 864 31 26 pä
536 864 73 26 grund
631 864 30 26 af
676 862 88 22 bättre
786 865 60 19 rätt
867 865 32 19 än
919 863 56 24 den,

429 905 53 14 som
506 899 98 20 vunnit
625 901 98 24 patent,
747 899 91 26 inrymts
860 899 8 19 i
887 900 90 25 patent-

430 935 70 18 rätten
522 933 51 20 eller
595 933 104 20 anmälan
715 939 32 14 om
764 932 78 21 ombud
855 932 69 28 gjorts
939 939 37 14 en-

430 968 40 26 ligt
485 969 28 20 12
528 967 21 27 $,
565 967 56 21 skall
637 967 72 21 derom
724 967 117 20 antecknas
857 967 8 20 i
877 967 100 28 registret

430 1001 39 21 och
485 1001 109 28 kungöras
611 1002 6 20 i
633 1001 97 28 officiela
745 1001 152 28 tidningarna.

500 1037 117 26 Angående
631 1035 137 28 inskrifning
784 1035 30 28 af
822 1037 88 25 patents
925 1035 52 20 eller

431 1070 53 21 derå
497 1071 103 26 grundad
616 1070 111 27 rättighets
743 1070 118 27 öfvergång
877 1071 26 18 är
917 1069 60 21 stad-

429 1104 54 27 gadt
498 1105 7 19 i
521 1106 32 18 13
574 1105 15 27 $
609 1105 34 27 af
657 1104 208 27 förordningen
892 1104 85 26 angä-

431 1138 64 21 ende
507 1141 103 23 patent.
634 1138 39 21 Om
689 1138 69 20 sådan
770 1138 137 27 inskrifning
920 1138 58 20 skall

431 1172 38 20 ock
482 1176 31 24 pä
528 1172 142 28 nysshämndt
685 1174 42 19 sätt
742 1172 117 27 kungöras.

672 1277 27 20 16
715 1276 21 26 $.

501 1338 33 25 Är
556 1343 102 27 sakegare
680 1343 104 25 missnöjd
803 1343 48 20 med
866 1342 113 21 Industri-

431 1378 115 26 styrelsens
562 1377 73 26 beslut,
650 1378 137 26 hvarigenom
802 1376 137 28 inskrifning
952 1377 31 27 af

429 1413 88 25 patents
533 1412 51 20 eller
599 1412 52 20 derä
665 1411 104 27 grundad
784 1411 113 28 rättighets
907 1411 72 27 öfver-

430 1447 58 27 gång
504 1446 73 28 blifvit
589 1446 132 28 förvägrad,
743 1447 68 21 eller
828 1447 8 21 i
858 1446 87 22 andra
965 1447 14 20 å

431 1480 284 29 Industristyrelsens
757 1481 221 29 handläggning

296 1524 47 20 Lag-
355 1522 33 18 och
400 1521 182 19 Ekonomiutskottets
594 1521 110 18 betänkande
716 1520 36 18 N:o
764 1521 26 18 11.
