1125 1778
347 155 24 22 U.
387 155 23 21 B.
427 168 27 3 —
469 156 64 28 Prop.
548 156 39 22 N:o
603 155 19 23 9.

391 529 184 36 Bilaga.

174 602 12 22 I
201 602 81 29 början
298 601 25 22 af
336 602 62 21 Mars
410 602 82 21 månad
502 602 109 22 tillsände
622 603 239 28 Bevillningsutskot-

106 639 34 19 tet
154 637 184 28 magistraterne,
357 644 59 21 resp.
432 637 214 28 ordningsrätterne
662 638 8 20 i
685 637 90 22 landets
792 640 68 19 samt-

106 671 49 29 liga
182 671 77 22 städer
281 679 29 14 en
332 671 225 22 cirkulärskrifvelse
582 672 52 21 med
659 672 109 21 anhållan
791 674 35 19 att
849 673 13 20 &

107 706 141 21 skrifvelsen
270 706 93 28 bilagda
385 705 178 29 frågeformulär
585 706 119 29 uppgifter
726 707 78 21 blefve
823 714 38 14 an-

106 740 113 22 tecknade
234 740 119 28 angående
369 740 28 21 de
412 743 74 19 större
500 741 56 21 eller
565 740 90 22 mindre
666 740 196 29 inkomstbelopp,

106 781 50 14 som
170 774 157 21 innevarande
343 774 25 21 år
383 774 37 21 för
434 775 146 21 kommunalt
593 775 151 22 skattebehof
752 777 111 19 taxerats.

106 809 157 28 Uppgifterna
277 809 76 21 skulle
369 809 141 22 å.särskilda
520 809 111 22 formulär
642 809 65 28 afges
718 809 47 22 för:
783 811 20 25 1)
812 810 50 21 lön-

106 845 88 26 tagare;
211 844 21 27 2)
248 843 137 28 handlande,
401 843 144 22 fabrikanter
560 844 43 21 och
614 844 176 28 näringsidkare
802 847 60 18 samt

106 877 139 29 sjöfarande;
269 878 22 27 3)
309 877 203 30 fastighetsägare;
535 880 23 25 4)
577 878 74 29 öfrige
666 878 75 21 finske
756 879 106 21 medbor-

105 920 65 21 gare;
186 913 22 28 5)
224 913 52 21 icke
291 913 74 21 finske
380 913 160 28 medborgare;
556 915 20 24 6)
585 914 75 28 bolag.
676 914 35 21 En
719 913 58 22 hvar
786 913 77 22 skulle

106 947 83 22 räknas
212 948 61 21 blott
294 948 38 21 till
347 955 29 14 en
391 947 112 29 kategori,
518 961 29 3 —
562 948 69 22 äfven
647 955 37 15 om
700 948 46 21 han
762 948 52 21 med
830 947 34 22 af-

105 982 85 21 seende
206 983 13 20 å
234 983 51 20 sina
299 982 129 21 inkomster
443 983 113 28 möjligen
567 983 78 21 kunde
655 982 109 22 hänföras
775 983 37 21 till
822 983 41 21 två

106 1017 55 21 eller
176 1017 63 28 flere,
256 1029 24 3 —
297 1017 120 28 nämligen
432 1017 51 28 den,
499 1018 63 21 inom
577 1017 98 22 hvilken
690 1017 45 21 han
750 1017 58 22 hade
824 1017 37 21 sin

105 1051 128 21 förnämsta
248 1051 109 21 inkomst.
387 1051 66 21 Dock
468 1051 71 21 borde
554 1052 37 21 till
606 1051 122 28 kategorin
741 1052 121 28 löntagare

106 1084 85 22 räknas
206 1085 51 28 alla,
273 1092 49 14 som
338 1085 26 21 af
377 1087 81 27 staten,
475 1086 141 21 kommunen
631 1086 57 21 eller
703 1085 92 29 kyrkan
805 1092 57 22 upp-

105 1120 58 22 buro
178 1120 46 28 lön,
241 1120 69 22 äfven
326 1127 37 14 om
378 1120 76 21 denna
468 1120 53 21 icke
538 1127 55 15 vore
609 1120 65 21 deras
686 1120 127 28 viktigaste
828 1120 34 21 in-

105 1154 83 22 komst,
218 1154 126 22 Dessutom
358 1154 119 22 lemnades
492 1154 8 22 i
516 1162 29 14 en
562 1154 79 29 tryckt
655 1154 79 28 bilaga
749 1154 114 22 särskilda

106 1188 153 29 anvisningar
273 1188 143 23 beträffande
430 1188 219 29 frågeformulärens
664 1188 120 30 ifyllande.

176 1223 36 21 De
228 1224 101 21 önskade
344 1224 150 28 uppgifterna
509 1224 118 22 inkommo
637 1223 53 22 från
700 1224 108 28 samtliga
819 1225 44 19 stä-

106 1258 40 22 der
165 1260 65 20 utom
247 1258 142 28 Nykarleby,
405 1258 9 21 i
428 1258 98 21 hvilken
541 1258 52 22 stad
607 1258 45 21 den
666 1258 37 21 för
717 1258 147 21 kommunalt

105 1292 73 22 behof
199 1293 108 21 taxerade
326 1292 134 22 inkomsten
480 1293 25 20 år
522 1294 52 21 1891
591 1292 102 28 uppgick
708 1292 37 22 till
769 1293 94 27 496,600

105 1328 73 20 mark.
208 1327 13 21 I
236 1327 162 27 efterföljande
416 1326 96 22 tabeller
527 1328 55 27 ingå
597 1328 72 26 några
684 1326 25 22 af
722 1326 28 22 de
761 1326 100 22 hufvud-

106 1362 127 28 sakligaste
253 1362 104 27 resultat,
377 1361 81 21 hvilka
476 1360 176 30 ifrågavarande
670 1362 98 27 enguöte
784 1361 79 28 gifvit.

176 1492 73 22 Bilaga
261 1492 28 18 till
301 1491 213 22 Bevillningsutskottets
527 1490 117 19 betänkande
656 1490 35 18 N:o
703 1496 17 12 5.
