1123 1784
302 163 80 23 Ständ.
399 163 36 23 Sv.
453 177 24 3 —
494 164 73 26 Prop.
583 164 41 22 N:o
640 164 35 21 21.
823 165 13 21 3

113 228 52 21 med
176 228 137 28 stadgandet
324 236 36 14 om
370 230 97 21 förande
478 230 25 20 af
511 230 201 28 handelsregister,
726 229 140 23 föreskrifva

114 264 34 19 att
169 262 42 22 hos
233 262 257 30 lokalmyndigheterna
513 264 59 21 skall
590 264 75 21 finnas
681 272 28 13 en
724 264 9 21 i
748 264 117 22 öfverens-

114 297 131 21 stämmelse
266 297 53 21 med
341 298 206 28 handelsregistret
568 298 124 28 upprättad
716 298 150 28 förteckning

114 330 65 22 öfver
194 331 116 21 inskrifna
324 332 161 28 anmälningar
499 333 9 20 i
523 332 80 22 staden
618 332 55 22 eller
683 332 100 28 häradet,
800 332 66 22 hvar-

112 364 72 29 jemte
199 365 8 21 i
222 366 13 21 2
246 366 13 26 $
269 366 84 21 införts
364 366 147 29 bestämning
521 368 34 20 att
566 366 168 22 underrättelse
745 374 36 14 om
793 366 73 22 skedd

114 400 152 28 registrering
280 400 43 22 och
338 400 66 22 tiden
418 400 36 22 för
465 401 131 21 densamma
606 402 42 20 bör
658 404 82 26 genast
750 402 116 20 meddelas

113 434 238 29 lokalmyndigheten.

183 480 73 21 Dessa
270 480 77 22 lokala
366 481 175 29 förteckningar
555 482 78 20 kunde
648 481 114 21 måhända
777 482 89 28 lämpli-

114 516 52 26 gast
189 514 43 22 och
254 515 52 21 med
328 515 86 21 minsta
434 516 68 21 möda
525 516 165 28 åvägabringas
706 516 102 28 sålunda,
832 518 35 19 att

114 548 339 30 registreringsmyndigheten,
484 551 90 20 såsnart
602 550 173 28 inskrifningen
800 550 66 21 verk-

115 583 73 27 stälts,
213 583 136 22 öfversände
372 585 156 27 nyssnämnda
549 584 168 22 underrättelse
739 584 37 22 till
794 584 73 22 lokal-

115 617 167 29 myndigheten
304 618 8 21 i
334 618 60 22 form
412 619 25 21 af
450 621 34 19 ett
499 620 13 20 å
526 619 79 28 tryckt
619 619 107 21 blankett
740 618 128 22 utskrifvet

115 652 84 28 utdrag
209 660 27 13 ur
246 652 211 29 handelsregistret,
471 654 91 21 hvilket
576 654 84 28 utdrag
670 653 111 29 derjemte
792 653 75 21 skulle

115 686 118 22 innehålla
247 687 45 21 alla
307 688 8 20 i
330 688 109 28 registret
453 688 115 28 ingående
583 687 119 29 uppgifter
716 687 97 22 rörande
830 687 38 21 det

116 720 174 29 ifrågavarande
313 722 100 28 ärendet,
436 725 59 19 samt
511 725 34 19 att
559 722 67 22 dessa
640 722 83 29 utdrag
738 722 42 22 hos
794 722 72 21 lokal-

116 756 167 28 myndigheten
305 756 132 22 förvarades
459 757 9 21 i
490 757 145 29 fortlöpande
650 756 65 29 följd.
744 756 36 22 Då
794 756 74 21 likväl

116 790 146 22 föreskrifter
277 791 8 21 i
299 791 64 21 detta
374 791 60 29 syfte
445 795 38 17 äro
495 791 25 21 af
528 791 170 21 administrativ
708 793 75 26 natur,
799 790 69 22 hafva

117 825 129 21 Ständerna
268 825 41 21 här
331 826 81 21 endast
431 826 62 21 velat
507 826 61 21 fästa
583 825 204 29 uppmärksamhet
802 826 14 20 å
830 825 38 21 be-

116 860 68 21 rörda
206 862 47 19 sätt
272 862 34 19 att
320 860 134 28 genomföra
469 860 28 21 de
511 860 77 22 lokala
602 860 216 28 förteckningarnas
833 859 34 21 in-

116 894 112 27 rättande,
241 894 75 29 jemte
330 895 38 21 det
383 895 8 21 i
406 896 13 21 6
435 897 12 25 $
463 895 26 21 af
502 895 39 21 det
559 895 53 21 utaf
624 894 129 22 Ständerna
768 896 101 26 antagna

117 929 112 28 förslaget
250 929 126 29 upptagits,
400 932 33 19 att
453 929 112 22 Senatens
580 929 289 28 Ekonomiedepartement

118 971 54 20 eger
192 964 105 21 meddela
319 968 104 17 närmare
445 964 146 22 föreskrifter
613 964 87 29 jemväl
725 971 37 14 om
785 963 84 28 ifråga-

118 999 100 21 varande
233 998 186 29 förteckningars
433 999 102 22 förande.

185 1045 13 22 I
212 1045 167 29 förordningen
394 1045 69 22 hafva
474 1045 130 22 Ständerna
613 1045 37 22 för
660 1045 72 28 öfrigt
741 1046 58 20 trott
809 1043 61 22 stad-

118 1080 76 29 gande
208 1079 56 22 böra
278 1080 56 29 ingå
349 1080 69 21 äfven
433 1080 84 27 derom,
535 1082 33 19 att
584 1080 63 21 såväl
657 1079 211 28 handelsregistret,

119 1122 49 15 som
191 1115 27 21 de
240 1115 76 21 lokala
338 1115 205 28 förteckningarna
564 1114 54 21 med
638 1114 38 21 till
698 1113 51 22 dem
768 1112 102 22 hörande

120 1149 243 29 anmälningsskrifter
378 1149 42 22 och
435 1149 90 28 bilagor
540 1149 66 21 skola
620 1155 56 15 vara
690 1147 127 28 offentliga.

186 1196 43 22 Uti
244 1197 13 21 2
272 1203 67 14 mom.
356 1195 25 22 af
393 1197 14 21 2
421 1197 13 26 $
449 1196 68 28 ingår
535 1195 147 28 bestämning
698 1201 37 14 om
750 1193 28 22 de
793 1199 77 22 perso-

119 1239 48 20 ner,
190 1238 50 14 som
256 1239 42 21 ega
313 1233 34 19 att
361 1231 110 28 bestyrka
485 1230 144 28 riktigheten
644 1228 26 22 af
684 1227 129 22 sökandens
828 1234 42 14 un-

120 1266 116 28 derskrift,
253 1269 41 18 när
310 1266 106 21 anmälan
430 1265 37 21 till
481 1265 109 28 registret
605 1264 113 21 inlemnas
729 1269 84 21 genom
824 1268 47 14 om-

119 1301 54 21 bud.
206 1301 55 21 Men
284 1301 28 21 då
333 1301 9 20 i
364 1299 175 29 propositionen
561 1298 83 21 saknas
666 1296 122 22 föreskrift
810 1295 61 22 huru

120 1336 66 29 dylik
200 1335 140 28 vidimering
355 1334 60 21 skall
429 1334 40 21 ske
484 1334 9 20 i
509 1333 57 25 stad,
582 1332 40 21 der
636 1331 122 28 magistrat
767 1330 52 21 icke
828 1329 43 22 fin-

120 1378 48 20 nes,
191 1370 70 21 hafva
282 1369 135 27 Ständerna,
439 1369 9 20 i
466 1366 239 23 öfverensstämmelse
720 1365 52 21 med
787 1364 61 21 hvad
863 1363 8 21 i

121 1404 113 21 särskilda
250 1404 70 21 andra
334 1403 165 26 författningar
513 1401 161 25 förekommer,
695 1399 78 27 tillagt
788 1400 34 19 att
836 1401 36 17 sö-

120 1438 105 21 kandens
247 1436 143 22 underskrift
411 1435 59 21 skall
485 1442 54 13 vara
553 1434 39 21 till
606 1433 144 28 riktigheten
764 1431 108 28 bestyrkt

121 1474 8 21 i
152 1471 51 22 stad
225 1471 25 22 af
269 1470 104 22 notarius
391 1469 106 29 publicus
513 1468 55 21 eller
584 1467 44 22 den
643 1467 57 20 hans
716 1465 103 30 göromål
834 1464 38 21 be-
