1123 1773
270 154 13 21 6
430 152 81 23 Ständ.
527 153 38 23 Sv.
582 166 23 3 —
624 154 72 26 Prop.
713 154 40 22 N:o
768 154 34 22 21.

241 220 43 21 och
300 218 149 28 kungörande
465 219 26 21 af
503 219 59 21 visst
572 219 143 21 förhållande
726 219 68 28 skett,
811 227 28 13 en
850 220 142 28 presumtion

242 255 62 21 emot
326 253 73 29 tredje
422 261 53 13 man
499 253 132 29 derigenom
654 255 101 27 uppstår.
784 254 12 22 I
816 254 176 22 öfverensstäm-

241 289 71 21 melse
328 288 95 21 härmed
437 288 70 22 hafva
521 288 129 22 Ständerna
662 288 62 28 förty
734 289 36 21 uti
780 296 29 14 en
820 288 99 22 särskild
930 296 63 21 para-

242 323 58 29 graf,
324 323 12 21 8
352 324 19 26 $,
396 322 24 22 af
433 322 263 29 författningsförslaget
710 323 115 28 upptagit,
846 325 34 19 att
895 323 39 21 det
948 322 46 22 för-

242 356 114 28 hållande,
372 363 47 15 som
436 356 79 22 blifvit
530 356 126 22 inskrifvet
669 356 42 22 och
722 357 127 28 behörigen
859 356 134 29 kungjordt,

243 399 67 14 anses
325 390 70 22 hafva
410 391 97 21 kommit
526 391 38 21 till
579 391 73 29 tredje
668 398 65 14 mans
748 391 114 29 kunskap,
885 392 25 21 så
924 391 71 21 framt

243 426 21 28 ej
288 426 25 20 af
333 426 229 27 omständigheterna
583 426 107 28 framgår,
713 428 34 19 att
765 426 46 21 han
826 426 104 21 hvarken
945 425 50 22 haft

243 460 57 21 eller
322 460 52 21 bort
399 459 69 22 hafva
489 460 107 29 kunskap
616 460 84 27 derom,
723 462 59 19 samt
797 462 34 19 att
846 461 55 24 åter,
924 460 71 21 innan

244 494 162 29 kungörandet
420 494 69 28 skett,
506 494 39 21 det
559 495 144 21 förhållande
718 502 49 14 som
783 495 79 21 blifvit
877 495 57 21 eller
943 495 53 21 bort

244 529 74 22 blifva
333 529 108 27 anmäldt,
457 529 51 21 icke
524 529 46 22 kan
584 529 52 22 med
651 530 52 27 laga
720 529 86 22 verkan
822 529 110 29 åberopas
948 531 48 20 mot

244 571 76 14 annan
343 567 29 17 än
396 563 49 27 den,
469 571 49 14 som
540 564 62 21 visas
624 563 71 22 hafva
719 564 77 21 derom
819 564 51 22 haft
891 564 105 29 vetskap.

244 598 130 22 Ständerna
396 597 86 22 förbise
505 598 138 29 visserligen
661 599 57 27 icke,
743 601 33 18 att
792 599 63 21 detta
870 599 126 28 stadgande

244 632 143 22 beträffande
402 633 86 21 verkan
504 632 25 22 af
542 633 76 22 skedt
628 633 152 28 kungörande
795 633 8 21 i
818 633 62 21 vissa
895 633 41 21 fall
951 633 46 21 kan

245 667 102 21 medföra
370 667 51 21 icke
443 667 44 21 lätt
509 668 60 21 lösta
583 667 208 29 pröfningsfrägor.
820 667 54 21 Men
890 667 29 22 dä
934 667 63 21 såväl

246 703 34 20 ett
295 701 126 28 stadgande
437 701 78 22 derom
530 704 34 19 att
579 702 167 29 kungörelsens
762 702 88 21 verkan
864 704 49 19 mot
923 701 74 29 tredje

246 743 53 14 man
314 736 75 21 skulle
404 736 91 21 inträda
510 737 62 21 vissa
587 737 70 28 dagar
672 737 59 21 efter
746 737 183 28 publikationen,
948 743 50 15 som

246 778 29 14 en
296 770 149 29 bestämning
467 773 33 19 att
520 771 87 22 verkan
630 771 25 22 af
668 771 139 29 kungörelse
821 771 72 22 borde
907 771 91 22 inträda

246 805 52 22 från
321 805 44 21 den
388 805 111 29 tidpunkt
521 806 73 29 tredje
617 813 53 14 man
686 806 90 21 kunnat
790 806 87 21 erhålla
891 806 107 28 kunskap

246 848 37 14 om
300 840 138 26 densamma,
463 843 65 26 synts
544 841 9 21 i
568 841 63 21 vissa
644 841 43 21 fall
701 841 111 21 innebära
828 840 90 29 oskälig
932 840 67 22 härd-

246 875 41 22 het
301 877 49 19 mot
364 875 74 29 tredje
453 883 60 20 man,
529 875 70 23 hafva
614 875 128 23 Ständerna
758 877 76 20 ansett
849 875 38 22 det
900 883 32 13 nu
942 882 57 22 upp-

246 912 72 26 tagna
328 910 138 28 stadgandet
475 910 57 21 böra
542 910 139 29 föredragas,
693 910 95 22 emedan
800 910 38 22 det
846 910 154 21 öfverlemnar

246 944 38 22 till
299 944 120 22 domarens
434 944 111 29 pröfning
560 945 26 21 af
598 945 226 28 omständigheterna
839 945 9 21 i
863 944 80 28 hvarje
953 948 46 17 sär-

247 978 73 22 skildt
340 978 47 28 fall,
410 978 115 22 huruvida
539 979 74 29 tredjo
628 987 53 14 man
696 979 42 22 bör
753 986 67 15 anses
833 978 70 22 hafva
918 978 82 22 saknat

248 1013 106 28 kunskap
378 1020 36 15 om
436 1013 156 29 kungörelsen
608 1014 43 21 och
666 1021 37 14 om
718 1014 76 21 denna
808 1013 118 22 bristande
941 1013 59 21 kun-

248 1048 56 27 skap
320 1047 42 22 hos
378 1047 84 22 honom
477 1048 46 21 kan
539 1055 67 14 anses
620 1048 122 28 ursäktlig.

317 1081 184 23 Vidkommande
524 1083 164 28 skyldigheten
712 1085 34 19 att
768 1082 90 22 anmäla
879 1082 66 21 firma
964 1081 37 22 till

248 1116 183 29 inregistrering,
455 1120 25 19 är
503 1117 170 29 omfattningen
696 1117 25 22 af
741 1117 132 22 densamma
895 1117 55 20 i'de
965 1120 36 17 ut-

248 1151 98 21 ländska
360 1151 95 28 lagarna
469 1152 93 28 mycket
577 1153 69 20 olika.
671 1151 51 22 Den
732 1152 85 28 nädiga
827 1151 175 29 propositionen

250 1185 41 21 har
305 1185 9 21 i
330 1186 11 20 7
358 1187 13 25 $
387 1185 62 29 ålagt
465 1186 65 28 dylik
546 1186 135 29 skyldighet
696 1186 93 27 enhvar,
805 1193 49 14 som
868 1185 68 22 idkar
946 1185 56 21 han-

250 1220 37 21 del
297 1220 56 21 eller
363 1227 75 14 annan
449 1221 88 28 näring,
553 1221 123 21 hvaröfver
686 1220 47 21 bok
742 1220 74 21 hällas
826 1220 48 21 bör.
894 1219 108 22 Rörande

248 1254 293 29 bokföringskyldigheten
563 1255 155 22 förekommer
739 1255 9 21 i
771 1254 107 29 gällande
896 1253 40 29 lag
950 1253 52 22 icke

249 1290 77 27 någon
342 1296 75 14 annan
432 1289 122 22 föreskrift
570 1293 29 18 än
613 1290 9 21 i
637 1290 40 22 109
688 1291 12 26 8
711 1289 25 22 af
744 1288 203 27 konkursstadgan
957 1287 45 21 den

250 1325 12 18 9
283 1323 130 20 November
437 1323 61 27 1868,
522 1323 97 21 hvilken
634 1322 110 29 paragraf
755 1322 84 21 hänför
854 1322 36 27 sig
905 1321 37 21 till
958 1320 44 21 den

249 1356 156 29 lagstiftning,
429 1363 49 14 som
501 1356 67 29 gälde
590 1357 40 20 vid
652 1356 64 21 tiden
734 1355 38 22 för
788 1354 214 29 konkursstadgans

249 1391 116 22 tillkomst
381 1391 35 28 ($$
433 1393 32 25 15,
483 1392 31 27 16,
533 1392 25 21 17
573 1391 43 21 och
632 1391 26 21 19
673 1390 8 22 i
696 1389 168 30 förordningen
878 1397 38 14 om
925 1389 78 22 närin-

250 1433 71 21 garna
336 1425 26 22 af
375 1425 44 22 den
434 1427 27 20 24
476 1425 112 22 Februari
605 1426 68 27 1868),
690 1425 43 22 och
749 1425 74 28 enligt
838 1424 96 23 hvilken
951 1423 51 22 icke
