1123 1778
340 147 29 22 U.
384 147 28 21 B.
428 161 24 2 —
469 147 73 28 Prop.
558 147 41 22 N:o
615 146 36 23 10.

424 524 282 27 Bevillningsutskottets
720 525 150 22 betänkande

357 558 42 22 N:o
414 559 14 20 3
443 559 10 20 i
468 558 127 28 anledning
614 558 28 22 af
654 559 65 22 Hans
735 559 135 28 Kejserliga

356 592 123 29 Majestäts
501 593 88 28 nådiga
608 593 153 28 proposition
779 600 38 16 om
831 594 39 22 be-

357 627 103 27 villning
488 627 40 22 för
558 627 158 28 tillverkning
745 628 28 22 af
799 627 69 23 malt-

358 662 111 27 drycker.

186 742 51 21 Den
260 741 85 29 nådiga
367 742 175 28 propositionen
558 742 8 21 i
581 741 150 22 förevarande
747 746 66 17 ämne
829 742 41 21 har

118 776 25 22 af
156 776 109 28 samtliga
288 776 68 22 stånd
378 776 142 29 hänskjutits
540 776 38 22 till
593 776 276 28 Bevillningsutskottets

117 810 177 29 handläggning
316 810 44 22 och
382 810 41 22 har
445 810 116 22 utskottet
581 810 86 29 jämväl
689 817 84 22 genom
794 812 76 27 proto-

118 845 146 29 kollsutdrag
285 845 47 22 fått
355 845 37 22 del
413 846 26 21 af
452 845 28 21 de
501 845 142 28 uttalanden,
660 852 49 15 som
723 845 41 21 vid
778 846 91 21 remiss-

117 879 136 23 debatterna
268 880 8 22 i
291 880 64 22 detta
371 883 66 19 ämne
452 879 108 29 afgifvits
575 880 9 21 i
599 879 28 23 de
643 879 76 23 skilda
734 879 105 23 stånden.

185 1001 35 21 Då
235 1000 127 23 Ständerna
378 1001 40 22 vid
434 1002 141 21 1863—1864
594 1001 37 22 års
651 1001 113 28 landtdag
779 1000 91 22 beslöto

116 1035 107 22 beskatta
236 1035 266 29 maltdrycksindustrin,
513 1035 143 22 fastställdes
667 1035 92 22 skatten
770 1037 35 20 att
815 1035 56 28 utgå

118 1069 51 22 med
191 1070 14 22 5
227 1069 71 29 penni
320 1069 38 22 för
380 1069 86 29 hvarje,
483 1070 75 28 enligt
582 1069 208 29 bryggeriägarnes
813 1076 58 22 egen

118 1104 100 29 uppgift,
233 1104 87 22 försåld
343 1104 77 21 kanna
434 1104 23 22 öl
472 1104 43 21 och
530 1106 85 26 porter.
645 1104 81 22 Ehuru
741 1104 71 21 redan
831 1104 41 21 vid

118 1138 70 29 sagda
210 1138 112 29 landtdag
343 1138 121 28 yrkanden
488 1138 92 30 gjordes
603 1146 37 14 om
661 1138 172 22 fastställandet
848 1138 26 22 af

118 1173 75 22 denna
209 1173 63 21 skatt
287 1173 37 21 till
339 1174 13 20 8
368 1174 30 27 p:i
414 1180 40 21 per
469 1173 83 27 kanna,
567 1172 66 22 ledde
650 1172 27 22 de
693 1172 59 22 dock
767 1173 52 21 icke
834 1172 38 22 till

118 1208 77 28 någon
218 1206 137 30 förhöjning
377 1207 26 22 af
422 1207 44 21 den
488 1206 100 23 nämnda
611 1207 161 22 skattesatsen.
803 1207 70 21 Först

118 1241 70 23 sedan
200 1242 53 22 1879
264 1242 36 22 års
316 1242 165 21 skattekomité
496 1241 121 29 föreslagit
628 1249 28 14 en
667 1241 144 29 väsendtligt
826 1240 46 23 för-

118 1276 56 29 höjd
195 1276 64 22 skatt
283 1276 29 29 på
334 1275 259 29 maltdrycksindustrin
616 1276 57 22 eller
694 1276 28 22 80
740 1276 72 28 penni
836 1275 37 23 för

117 1310 120 30 lispundet
259 1310 26 23 af
305 1310 44 22 den
372 1310 148 30 maltmängd,
544 1318 49 14 som
609 1310 41 22 vid
672 1311 31 21 öl-
719 1310 43 22 och
784 1312 88 27 porter-

118 1346 184 28 tillverkningen
317 1345 158 27 förbrukades,
492 1347 83 27 antogs
591 1345 76 22 denna
681 1345 153 28 beskattning
849 1344 25 22 af

120 1380 130 22 Ständerna
265 1380 39 22 vid
320 1381 55 22 1882
398 1381 36 21 års
456 1380 119 29 landtdag.
606 1380 89 22 Genom
714 1380 45 22 den
774 1381 8 20 i
798 1380 76 21 öfver-

118 1415 174 21 ensstämmelse
314 1415 52 21 med
382 1415 142 21 Ständernas
547 1415 77 20 beslut
646 1415 121 20 utfärdade
785 1414 88 20 förord-

118 1448 88 28 ningen
221 1447 27 22 af
259 1447 45 22 den
318 1449 15 20 4
348 1447 126 22 December
486 1448 55 21 1882
555 1447 42 21 har
611 1454 94 15 numera
721 1446 152 28 maltdrycks-

190 1493 214 23 Bevillningsutskottets
417 1492 116 18 betänkande
545 1492 36 18 N:o
593 1492 15 18 3.
