1098 1725
834 97 11 20 7

192 163 75 22 Såsom
282 164 63 22 ofvan
360 164 135 27 framhållits,
511 164 68 22 finnes
594 165 46 21 icke
654 164 49 22 från
718 171 77 15 senare
805 165 32 21 tid
848 166 27 20 än

127 198 54 21 1888
204 198 85 27 uppgift
311 205 34 15 om
370 198 61 22 åker-
454 199 39 21 och
516 200 139 26 ängsarealen
670 199 34 21 för
718 199 85 21 landets
816 198 59 28 jord-

122 232 199 27 brukslägenheter.
340 232 33 21 De
387 232 33 21 för
436 233 94 21 nämnda
544 232 39 22 och
597 232 129 28 föregående
742 234 24 20 år
780 232 96 22 förefint-

121 266 45 27 liga
188 267 139 26 uppgifterna
349 268 38 20 äro
410 267 48 22 åter
480 267 25 21 så
522 267 155 27 otillförlitliga,
694 268 33 20 att
741 267 21 21 vi
777 266 45 22 helt
838 267 38 21 och

121 300 68 22 hållet
211 300 77 22 afstått
309 301 48 21 från
373 307 25 16 en
416 301 158 27 uppskattning
589 301 23 22 af
621 301 254 27 jordbruksfastigheter-

123 341 39 16 nas
185 335 149 27 kapitalvärde
349 335 48 22 med
411 335 87 28 ledning
514 335 23 22 af
551 335 53 22 dem.
634 335 195 27 Fortsättningsvis
844 335 32 21 in-

122 369 81 22 samlas
227 370 95 21 deremot
338 369 80 28 årligen
434 370 143 27 lägenhetsvis
591 370 33 22 för
639 370 48 21 hela
702 371 74 20 landet
791 369 85 28 uppgif-

122 405 35 20 ter
179 404 58 21 öfver
255 405 108 21 storleken
381 404 23 21 af
417 405 198 26 spanmälsutsädet
630 407 56 19 samt
700 404 174 22 kreaturshållet.

122 438 117 27 Noggrann
262 439 121 21 kännedom
405 445 35 15 om
456 438 32 22 sin
506 439 63 21 sädds
585 439 81 22 storlek
680 439 34 22 för
730 439 58 22 ärets
803 438 72 27 skörd,

122 472 109 22 äfvensom
248 473 39 22 sitt
301 473 145 21 kreaturshäll
461 473 39 21 har
516 473 155 27 otvifvelaktigt
685 473 75 27 hvarje
774 472 101 29 jordbru-

121 507 59 27 kare,
196 520 27 3 —
233 507 38 22 och
286 507 69 22 skulle
370 508 26 21 de
411 507 86 22 officielt
512 508 118 21 insamlade
648 507 138 28 uppgifterna
801 507 75 22 härom

122 541 62 22 äfven
207 542 7 21 i
236 543 71 26 nägon
327 543 49 21 män
392 542 122 21 tillkommit
530 542 53 22 efter
598 543 155 21 insamlarenas
768 541 107 28 pröfning,

121 577 26 21 sä
168 578 69 20 mäste
261 578 25 21 de
308 577 117 21 insamlade
448 577 139 28 uppgifterna
601 577 54 21 dock
671 584 63 15 anses
749 579 79 25 utgöra
843 576 32 22 ät-

121 612 108 22 minstone
250 613 127 23 minimita!,
387 612 34 22 för
438 613 107 27 mängden
561 612 23 22 af
598 612 35 22 det
649 612 83 27 utsäde,
748 618 46 16 som
810 611 64 27 skett,

120 647 53 22 eller
187 648 34 20 för
236 648 108 22 storleken
360 647 23 22 af
402 648 40 20 den
460 648 163 26 boskapsstock,
639 653 45 16 som
699 646 136 22 förefunnits.

190 682 129 27 Visserligen
343 684 25 19 är
390 682 36 21 det
450 688 34 16 oss
507 682 46 22 icke
572 682 88 27 möjligt,
677 683 33 20 att
725 682 29 27 pä
772 681 66 21 basen
854 680 23 21 af

122 716 65 22 dessa
200 716 57 22 båda
271 716 96 22 faktorer
381 716 34 21 för
432 716 113 22 ekonomin
561 717 13 21 &
589 723 26 15 en
631 716 151 28 jordlägenhet
805 715 71 21 direkt

120 750 98 22 beräkna
237 751 255 27 jordbrukslägenhetens
515 751 179 27 penningevärde.
723 750 49 22 Men
798 750 20 21 vi
843 756 33 15 er-

121 785 58 22 hällä
200 792 76 20 genom
299 786 47 21 dem
369 792 26 15 en
418 786 157 27 uppskattning
598 785 23 21 af
634 785 99 27 odlingen
748 785 29 27 pä
792 786 83 20 manta-

121 819 37 27 let,
166 819 85 22 hvilken
266 820 121 21 kännedom
403 821 25 20 är
443 819 23 22 af
478 819 115 28 betydelse,
610 819 28 22 dä
652 819 20 22 vi
688 821 37 20 äro
740 819 136 28 berättigade

121 855 36 20 att
172 855 85 26 antaga,
274 855 33 20 att
322 854 121 21 mantalens
458 854 188 27 penningevärden
661 854 35 21 stä
710 854 8 21 i
733 855 32 20 ett
776 853 100 28 ungefär-

121 888 40 27 ligt
182 888 133 23 förhållande
338 889 31 21 till
389 889 108 22 storleken
515 889 23 22 af
551 889 87 22 utsädet
654 888 38 22 och
707 888 167 22 kreaturshället

124 923 29 27 pä
168 923 53 22 dem.

189 957 171 28 Medelodlingen
382 957 34 22 för
432 959 32 20 ett
479 957 82 22 mantal
573 957 50 28 jord
641 956 69 23 skulle
726 957 27 21 dä
768 956 106 28 afspeglas

122 998 77 21 genom
214 992 93 27 följande
322 992 40 21 tal:

339 1036 26 17 Pä
377 1038 27 16 ett
416 1037 69 17 mantai
498 1037 20 17 af
530 1037 21 17 de
564 1037 5 16 i
618 1037 26 17 Pä
655 1037 28 17 ett
694 1036 69 18 mantal
776 1035 6 18 i
794 1035 63 18 landet

327 1059 202 23 Hypoteksföreningen
540 1061 40 16 vär-
679 1058 127 19 öfverhufvud-

350 1082 67 18 derade
429 1082 130 23 lägenheterna
715 1083 51 20 taget

322 1115 86 19 utsäddes
422 1117 6 16 i
439 1121 35 12 me-
507 1116 65 18 —under-
602 1115 86 18 utsäddes
698 1115 57 18 1890i
774 1111 11 32 —
796 1115 64 18 under-

322 1139 56 18 deltal
393 1139 82 23 spanmål
506 1139 48 18 hölls
566 1139 6 18 i
601 1139 86 18 medeltal
702 1144 53 17 span-
809 1138 47 18 hölls

322 1164 30 20 (=
364 1162 58 22 hvete,
438 1162 37 22 råg,
506 1162 67 18 medel-
601 1162 36 18 mål
654 1164 31 20 (=
696 1162 58 21 hvete,
797 1162 46 17 1890
858 1161 5 17 i

333 1185 51 22 korn,
403 1185 61 22 hafre)
528 1185 28 18 tal
602 1186 39 22 råg,
652 1185 51 22 korn,
715 1184 40 18 haf-
788 1184 86 18 medeltal

347 1204 106 31 hektoliter.
521 1209 39 17 kor.
578 1204 11 32 —
602 1209 28 22 re)
650 1208 106 18 hektoliter.
812 1208 39 16 kor.

122 1237 6 17 i
145 1236 82 23 Nylands
326 1238 31 17 län
393 1238 22 17 80
529 1239 22 16 47
675 1238 22 17 90
824 1237 21 17 34

122 1273 9 9 n
145 1261 40 17 Abo
197 1266 16 11 0.
226 1260 76 23 B:borgs
335 1274 8 8 »
391 1261 22 17 84
529 1261 22 17 35
673 1261 22 17 83
822 1260 23 16 27

122 1296 10 9 n
145 1282 113 19 Tavastehus
335 1296 8 9 a
393 1284 22 17 72
529 1284 22 17 55
674 1284 22 17 97
822 1282 21 17 41

123 1319 9 9 »
145 1305 79 23 Viborgs
335 1319 9 8 »
381 1307 32 16 18
529 1307 22 17 73
663 1307 33 16 128
823 1306 21 16 55

124 1343 8 8 »
147 1328 27 19 S:t
185 1329 78 18 Michels
335 1342 8 8 s
381 1330 30 16 111
518 1330 31 17 121
663 1329 34 17 170
823 1329 21 16 75

122 1364 9 9 n
145 1351 73 22 Kuopio
336 1364 8 9 n
382 1353 30 15 141
519 1353 32 16 118
664 1352 32 16 118
823 1351 21 16 77

123 1387 8 8 n
146 1373 49 18 Vasa
336 1387 8 8 »
381 1374 34 16 214
530 1375 22 16 74
664 1374 32 16 135
823 1373 21 16 62

122 1409 10 9 »
146 1396 100 22 Uleåborgs
337 1410 8 8 ”
393 1397 22 16 76
530 1397 23 17 64
675 1397 22 16 65
824 1396 22 16 50

225 1431 8 17 I
245 1431 42 18 hela
298 1431 63 18 landet
380 1432 32 17 108
527 1432 23 17 64
663 1431 33 17 104
822 1432 22 16 47
