1123 1775
335 136 27 22 U.
377 136 28 22 B.
416 129 125 57 Prop.
558 138 36 29 N:o
605 130 45 41 16;
798 139 27 21 19

162 200 3 1 att.
215 192 65 32 gå:
281 174 128 49 författnin
429 178 49 38 äm
494 191 188 37 kässareservens
691 194 111 39 fyllande,
811 195 51 21 har'

81 190 155 71 Utobotter
242 220 50 28 icke
308 228 63 21 velat
386 221 119 31 tillstyrka
519 229 77 27 nägon
612 220 99 52 ändring
727 229 8 21 i
749 229 105 28 proposi-

77 262 2 5 *
104 257 94 35 tionens
211 254 150 37 bestämning
377 248 146 47 härutinnan.
601 271 2 2 ;

152 301 6 11 +
173 294 83 36 Enligt:
278 295 62 21 hvad
362 296 121 22 Utskottet
504 296 100 28 tidigare
620 296 85 29 antydt
719 297 42 20 har
775 296 36 22 uti
829 298 25 20 12

92 330 26 26 8
132 311 105 50 intagits
254 326 150 32 bestämning
420 330 84 28 derom,
520 330 80 28 hvilka
617 331 82 21 bötker
714 330 8 21 i
738 326 117 32 sparbank

84 382 2 2 .
105 362 68 33 skola
186 362 68 22 föras.
284 363 117 29 Derjemte
417 364 44 22 och
476 372 49 14 som
540 364 205 29 bestämningarna
753 372 36 14 om
797 364 57 22 bok-

104 397 109 29 föringen
243 398 43 22 och
308 398 118 23 bokslutet
448 399 51 21 icke
519 406 68 22 synas
603 399 70 21 hafva
689 399 166 28 sammanhang

106 428 55 25 med
190 432 139 29 stadgandet
354 441 37 13 om
414 433 127 29 sparbanks
553 434 139 28 skyldighet
708 435 34 20 att
758 433 98 22 aflemna

106 466 129 22 statistiska
257 468 125 28 uppgifter,
406 468 41 22 har
470 468 144 22 sistnämnda
636 468 128 28 stadgande
783 468 72 29 jemte

106 503 34 19 ett
170 500 77 22 dertill
269 502 81 28 fogadt
373 502 85 29 tillägg
472 503 97 28 intagits
594 503 73 21 under
683 510 28 14 en
727 502 99 22 särskild
842 504 13 25 8

107 536 79 27 (148).

98 572 2 2 |
175 571 61 21 Enär
261 571 183 28 sparbankernas
467 571 73 28 kassa,
556 572 85 21 böcker
656 572 44 21 och
715 571 141 29 handlingar

107 605 110 22 särskildt
232 606 8 20 i
256 606 134 21 landsorten
406 607 51 21 icke
473 606 73 22 sällan
563 607 102 20 förvaras
681 607 13 20 &
709 605 92 28 ställen,
817 606 40 21 der

108 639 27 22 de
151 643 39 18 äro
209 642 87 19 utsatta
312 640 38 21 för
365 640 89 22 eldfara
469 641 43 20 och
528 641 115 28 tillgrepp,
660 643 59 18 samt
735 640 124 21 Utskottet

108 674 12 26 i
138 673 60 29 följd
220 674 68 21 häraf
307 675 79 21 funnit
400 675 40 21 det
455 682 56 14 vara
526 675 105 28 önskligt
646 676 35 19 att
697 674 108 29 åtgärder
821 675 37 20 för

58 713 36 15 "cc
109 707 159 30 betryggande
299 709 26 22 af
348 709 66 22 deras
430 709 108 25 säkerhet
552 709 77 21 blefve
644 708 121 29 vidtagna,
781 709 77 20 sävidt

108 741 176 24 förhållandena
300 744 84 21 sådant
400 743 124 29 medgifva,
540 743 43 21 har
598 745 34 20 ett
647 742 130 29 stadgande
793 743 8 20 i
812 750 47 14 om-

108 777 113 22 förmäldt
236 778 62 28 syfte
313 778 83 21 införts
412 779 73 21 under
502 780 26 20 13
543 779 20 26 8.

177 812 83 29 Enligt
282 812 200 29 komitéförslaget
504 813 62 28 finge
586 812 185 33 sparbankernas
787 811 71 22 vinst-

110 847 129 21 öfverskott
264 847 118 22 användas
398 846 36 23 för
449 847 142 29 välgörande
607 847 56 21 eller
679 846 181 28 allmännyttiga

110 880 112 27 ändamål,
246 881 60 21 dock
324 881 20 29 ej
361 881 93 27 sådana,
470 881 80 21 hvilka
567 881 110 21 kommun
693 880 57 21 eller
760 878 99 23 försam-

109 914 51 28 ling
191 918 24 17 är
237 914 86 29 pligtig
345 914 131 29 tillgodose.
507 915 69 21 Emot
593 913 64 23 detta
668 913 134 30 stadgande
818 913 42 21 har

111 948 129 22 emellertid
277 950 117 21 anmärkts
424 952 35 18 att
484 950 126 28 detsamma
639 950 80 26 syntes
749 947 111 25 innebära

112 984 33 20 ett
175 983 125 28 obefogadt
330 984 94 28 intrång
453 984 31 28 på
507 983 184 29 sparbankernas
715 979 145 25 beslutande-

110 1018 61 29 rätt..
194 1017 86 29 Hvarje
311 1018 116 28 sparbank
450 1018 79 29 afsåge
552 1019 102 20 närmast
676 1018 34 20 ett
732 1014 74 24 lokalt
826 1016 35 21 in-

111 1049 73 28 tresse
195 1052 43 22 och
250 1052 52 22 dess
318 1050 114 24 tillkomst
447 1052 144 29 betingades,
608 1052 51 21 med
671 1052 90 27 hänsyn
770 1050 37 22 till
816 1050 46 22 den

85 1100 3 2 +
111 1086 51 30 icke
178 1086 68 23 alltid
259 1087 135 29 obetydliga
409 1088 132 28 grundfond
558 1094 49 14 som
624 1086 79 22 härför
710 1084 150 28 erfordrades,

113 1122 26 29 af
154 1122 118 22 enskildas
291 1119 176 32 offervillighet,
483 1122 9 21 i
507 1121 59 29 följd
581 1121 85 21 hvaraf
680 1120 39 22 det
735 1120 71 21 måste
823 1127 38 14 an-

98 1159 2 4 *
106 1159 42 28 ges.
166 1155 87 30 "billigt
279 1158 35 20 att
336 1164 29 14 en.
386 1156 169 22 vidsträcktare
578 1155 198 30 dispositionsrätt
797 1154 65 21 öfver

112 1191 156 27 vinstmedlen
290 1191 116 22 lemnades
429 1192 24 21 åt
475 1191 58 26 dem,
556 1197 48 15 som
623 1189 102 29 bidragit
744 1189 37 20 till
800 1195 63 22 spar-

113 1225 129 24 bankernas
257 1225 126 31 uppkomst
393 1226 43 21 och
448 1225 110 29 vanligen
570 1226 88 26 utsetts
666 1223 38 22 till
713 1223 77 21 dessas
798 1223 63 28 prin-

114 1260 92 28 cipaler,
221 1262 57 19 utan
301 1262 35 20 att
356 1260 78 22 härför
450 1259 90 29 åtnjuta
555 1261 77 26 någon
647 1257 119 30 personlig.
780 1257 82 22 fördel.

114 1294 88 22 Genom
220 1294 177 29 ifrågavarande
411 1294 127 28 föreskrift,
555 1301 49 14 som
619 1293 82 22 endast
717 1299 55 14 vore
787 1291 77 29 egnad

114 1332 35 18 att
163 1329 127 22 frammana
305 1329 125 22 konflikter
445 1329 98 21 emellan
551 1327 170 30 principalerna
729 1326 44 23 och
783 1325 82 22 veder-

115 1364 101 22 börande
247 1363 241 29 kontrollmyndighet
516 1363 41 21 vid
587 1361 142 30 afgörandet,
749 1360 116 22 huruvida

115 1401 33 18 ett
178 1399 177 27 allmännyttigt
380 1397 105 22 ändamål
513 1405 42 13 var
577 1396 88 27 sådant,
689 1398 34 18 att
739 1395 126 21 detsamma

116 1433 70 22 borde
216 1433 26 20 af
261 1433 110 20 kommun
394 1431 56 21 eller
474 1430 137 28 församling
621 1429 143 28 tillgodoses,
790 1428 74 21 skulle

184 1483 50 24 Lag-
248 1482 32 18 och
293 1481 179 22 Ekonomiutskottets
486 1478 112 20 betänkande
611 1471 37 26 N:o
659 1477 21 20 8.
821 1474 2 8 ;
