1103 1786
190 194 12 20 6
377 193 29 22 U.
421 194 28 21 B.
464 207 27 2 —
507 194 73 27 Prop.
595 194 42 22 N:o
653 193 38 23 23.

320 281 159 19 Statsfondens
495 281 90 25 utgifter
602 282 148 24 1895—1897.

230 342 245 26 Finansexpeditionens
490 342 73 26 kalkyl
577 343 62 27 utgår
654 342 45 21 från
709 342 159 28 statsförslaget
879 343 32 21 för

165 377 54 26 1894
240 376 42 21 och
304 379 80 24 upptar
403 376 33 21 för
451 377 26 20 de
493 376 68 21 skilda
577 376 158 28 utgiftstitlarna
751 377 67 20 sådan
834 376 77 26 förhöj-

163 412 56 26 ning,
236 417 47 14 som
297 411 29 26 på
341 410 68 26 grund
425 410 24 20 af
461 410 148 22 erfarenheten
624 418 36 12 om
674 411 181 26 statsutgifternas
866 418 46 13 suc-

162 446 82 20 cessiva
266 444 92 24 tillväxt,
382 444 49 20 eller
447 445 41 20 ock
509 444 25 21 af
552 444 90 22 särskild
661 445 90 27 veterlig
764 445 68 24 orsak,
849 452 62 14 anses

161 478 103 22 sannolik.

230 507 164 27 Statsförslaget
416 507 61 21 öfver
498 507 104 21 allmänna
629 507 135 21 statsfonden
786 508 126 21 framträder

163 542 47 20 från
232 542 41 20 och
295 542 50 20 med
361 542 22 20 år
400 542 55 26 1894
469 544 6 19 i
491 549 26 13 en
533 542 134 27 väsentligen
682 542 114 21 förändrad
809 542 104 28 uppställ-

164 578 52 25 ning
237 576 25 21 af
280 576 144 27 utgiftssidan.
453 576 184 22 Hufvudtitlarnas
658 576 57 21 antal
737 577 38 20 har
790 577 62 20 ökats
868 577 44 20 från

164 617 14 20 9
200 610 30 22 till
253 616 31 21 13.
314 610 77 21 Första
414 611 141 21 hufvudtiteln
576 611 107 25 omfattar,
704 612 72 20 såsom
791 611 61 25 förut,
869 615 44 23 sty-

165 645 143 25 relseverken,
323 652 49 14 men
387 646 29 26 på
431 651 70 15 2—10
515 646 165 21 hufvudtitlarna
696 647 37 19 äro
742 646 114 27 utgifterna
872 646 41 20 för-

165 679 77 21 delade
264 680 66 26 enligt
350 680 28 20 de
400 680 31 20 till
449 687 26 13 en
490 680 52 20 hvar
557 680 25 21 af
593 680 120 21 Ekonomie
729 680 184 27 departementets

166 715 35 20 nio
223 714 151 27 expeditioner
396 714 96 20 hörande
514 714 221 28 förvaltningsgrenar,
752 727 28 3 —
794 722 26 13 en
836 714 77 21 fördel-

165 749 57 26 ning,
238 755 47 14 som
300 748 128 26 obetingadt
443 748 38 20 bör
497 748 103 21 erkännas
615 756 51 13 vara
681 749 96 21 rationel.
799 748 49 21 Den
864 748 50 21 elfte

165 782 148 26 hufvudtiteln,
330 790 47 13 som
398 783 67 20 under
479 782 98 22 rubriken
593 783 239 27 ,Förvaltningsgrenar
848 783 66 20 under

165 816 121 22 Ekonomie
307 817 183 27 departementets
505 818 80 20 kansli”
607 818 47 21 icke
675 819 113 25 inrymmer
808 820 64 18 annat
887 818 28 20 än

166 852 28 20 de
216 850 91 22 officiela
321 851 135 27 tidningarna
472 852 41 20 och
528 851 105 22 Senatens
648 852 98 26 tryckeri,
763 852 56 20 hade
834 852 80 20 kunnat

166 886 112 24 undvaras,
295 886 51 20 enär
361 886 37 19 det
413 886 47 20 icke
475 888 54 19 varit
549 886 118 27 oegentligt
682 890 32 17 att
729 886 107 21 bibehålla
851 887 63 19 dessa

165 920 57 21 båda
244 923 76 24 poster
343 920 67 20 under
431 920 42 21 den
492 927 42 20 nya
552 920 66 27 13:de,
634 927 47 14 som
696 921 149 26 väsendtligen
860 923 55 18 mot-

166 961 73 14 svarar
254 954 42 20 den
312 953 56 22 förra
383 954 48 26 7:de
446 954 147 22 hufvudtiteln.
623 955 49 20 Den
689 958 55 17 12:te
764 954 100 21 omfattar
880 961 35 13 un-

166 989 39 20 der
226 987 100 22 rubriken
347 988 147 25 ,Donationer
517 989 41 20 och
579 988 104 21 allmänna
699 988 116 21 understöd
831 995 26 14 m.
874 987 40 22 m.*

167 1022 111 21 enahanda
294 1022 87 27 utgifter
396 1029 47 14 som
458 1023 42 20 den
515 1023 56 20 förra
586 1023 49 26 9:de
649 1023 67 20 titeln.

234 1056 44 21 För
293 1057 43 20 den
348 1056 133 27 jemförande
496 1057 188 21 finansstatistiken
700 1057 80 27 uppstå
794 1056 48 21 icke
856 1058 59 25 ringa

167 1090 134 27 svårigheter
322 1097 80 21 genom
424 1091 41 20 den
488 1091 88 20 sålunda
592 1091 128 21 förändrade
735 1091 145 26 anordningen
896 1090 25 21 af

167 1124 115 27 budgeten,
313 1125 84 20 Endast
411 1131 80 20 genom
505 1129 31 17 att
552 1125 128 28 omgestalta
691 1125 27 21 de
726 1125 118 28 förgångna
855 1126 61 20 årens

167 1159 86 21 bokslut
269 1159 51 21 eller
334 1159 105 27 budgeter
454 1161 28 26 på
497 1160 76 21 sådant
588 1161 49 23 sätt,
647 1163 31 18 att
694 1160 115 27 utgifterna
824 1159 93 21 fördelas

167 1194 7 19 i
189 1193 223 21 öfverensstämmelse
434 1194 49 20 med
499 1194 42 20 den
555 1200 42 20 nya
613 1193 173 27 uppställningen
800 1194 25 20 af
836 1193 81 27 budge-

168 1230 43 22 ten,
234 1226 39 22 blir
296 1234 26 14 en
342 1226 133 27 jemförande
501 1227 119 21 öfverblick
642 1228 25 20 af
685 1228 126 26 utgifternas
833 1227 85 21 tillväxt

168 1261 80 27 möjlig.

237 1295 115 21 Utskottet
375 1295 39 21 har
435 1299 72 18 ansett
530 1297 33 26 sig
583 1296 48 20 icke
646 1295 52 21 böra
712 1295 112 21 underläta
839 1299 32 17 att
885 1296 33 20 sä-

169 1330 63 19 lunda
248 1330 98 19 omställa
364 1330 171 25 statsutgifterna
549 1330 81 19 sädana
645 1329 27 20 de
687 1336 53 13 voro
756 1329 67 26 enligt
830 1329 89 26 kapital-

169 1362 117 27 räkningen
309 1362 33 20 för
364 1363 54 25 1889
438 1362 41 20 och
501 1362 66 27 enligt
589 1362 139 21 summariska
751 1362 117 27 räkningen
887 1362 32 20 för

170 1397 60 26 1892,
253 1396 31 22 till
296 1396 123 28 jemförelse
433 1396 50 21 med
498 1396 159 29 statsförslaget
671 1396 32 21 för
720 1396 54 27 1894
789 1396 42 21 och
846 1395 73 28 kalky-

169 1431 34 22 len
225 1431 33 22 för
282 1433 116 26 1895—97.
428 1431 81 22 Härvid
528 1439 37 13 var
587 1432 38 21 det
647 1431 57 21 dock
719 1432 48 21 icke
787 1431 79 28 görligt
880 1435 38 22 att,

169 1467 29 28 pä
213 1467 43 22 sätt
278 1474 87 14 numera
390 1467 67 21 delvis
473 1474 51 20 eger
539 1474 51 18 rum,
616 1467 82 22 fördela
720 1467 64 21 äfven
806 1471 112 23 posterna:

168 1502 84 21 diverse
268 1502 80 27 anslag,
364 1502 257 27 reparationskostnader,
643 1502 220 28 nybyggnadsanslag
878 1503 42 21 och

240 1538 130 31 Statsutskoltets
380 1542 101 23 betänkunde
493 1544 34 16 N:o
539 1548 26 11 12.
