1123 1786
261 148 13 20 2
555 150 45 22 N:o
618 151 38 22 19.

233 216 208 26 armébataljonerna
455 216 123 22 förefinnas.
607 216 41 22 För
664 218 100 25 patroner
779 216 34 22 till
828 216 36 21 det
878 222 41 20 nya
934 217 13 20 3
958 216 25 21 li-

232 250 58 21 niers
312 251 94 25 geväret,
426 250 102 21 hvarmed
542 250 123 27 bataljonen
680 256 29 15 nu
723 252 25 19 är
763 250 117 27 beväpnad,
896 250 39 22 har
950 252 34 19 ut-

232 283 66 28 giften
322 284 115 21 beräknats
459 285 62 26 509
542 284 67 27 högre
628 286 27 19 än
669 284 34 21 för
717 285 26 21 de
760 285 60 20 äldre
834 286 149 25 gevärspatro-

232 324 73 21 nerna,
327 318 84 22 hvilket
435 318 60 22 äfven
511 319 7 20 i
533 319 33 21 sin
582 318 48 22 mån
645 319 74 22 verkat
734 319 34 22 till
784 319 199 27 anslagsbeloppets

232 353 91 21 ökande.

303 389 40 20 2:0.
374 387 123 22 Kostnaden
520 387 32 22 för
574 389 183 26 gevärspatroner,
774 394 44 15 som
835 388 24 21 är
876 389 52 20 1891
947 395 36 15 an-

232 423 88 22 skaffats
335 422 33 21 för
388 422 69 21 finska
472 422 119 22 militärens
605 422 67 22 behof
685 422 67 22 under
767 423 51 21 åren
836 424 146 25 18911893,

231 457 69 22 skulle
323 457 65 27 enligt
411 456 129 22 Ständernas
563 457 34 21 vid
616 459 86 19 senaste
717 457 102 28 landtdag
834 458 98 21 uttalade
947 460 36 19 ön-

232 493 53 21 skan
309 492 65 21 bordt
395 491 93 23 fördelas
511 491 28 27 pä
561 491 43 22 alla
626 492 26 21 de
669 493 31 26 är,
716 491 86 22 hvartill
818 492 117 27 utgifterna
950 493 33 21 för

232 527 61 22 dessa
315 530 102 25 patroner
438 526 113 27 rätteligen
570 527 70 21 skolat
655 525 107 28 hänföras,
778 533 49 15 men
843 527 49 22 hela
906 527 77 28 ifräga-

231 563 93 21 varande
339 561 65 27 utgift
418 561 55 21 hade
488 561 118 21 emellertid
622 560 66 22 redan
704 561 136 21 derförinnan
851 562 70 21 blifvit
932 562 50 21 slut-

230 597 57 27 ligen
310 596 68 22 afförd
401 596 30 21 uti
453 595 173 27 räkenskaperna
648 595 33 21 för
696 596 24 20 år
738 596 60 21 1891.
829 596 8 21 I
854 596 54 27 följd
922 596 64 21 häraf

230 632 132 21 förekommo
377 629 66 22 under
459 630 52 21 åren
528 630 54 21 1892
598 630 37 21 och
654 630 53 21 1893
723 629 46 22 icke
785 630 73 21 vidare
873 630 67 27 några
951 633 31 19 ut-

231 666 64 27 gifter
317 665 33 22 för
370 668 135 23 patronerna.
535 659 68 26 Äfven
619 665 32 20 för
665 663 69 22 finska
750 664 118 21 militärens
883 665 65 21 behof
962 665 23 21 af

230 701 78 28 skarpa
329 703 100 24 patroner
449 699 66 21 under
538 700 51 20 åren
614 699 138 21 1894—1896
774 699 40 21 har
829 699 154 28 förhandsupp-

230 735 102 27 handling
346 736 36 25 egt
397 740 52 21 rum,
467 733 27 22 då
509 733 73 28 nödigt
598 734 54 21 varit
668 735 32 20 att
715 733 96 22 anskaffa
826 734 37 21 det
877 734 106 27 behöfliga

230 771 97 21 förrådet
342 769 76 22 medan
433 770 102 25 patroner
549 768 35 21 för
598 767 172 28 Berdangeväret
785 768 81 22 kunnat
882 768 98 29 erhållas,

230 811 48 16 men
300 803 119 23 kostnaden
441 805 24 20 är
487 810 30 15 nu
539 802 128 23 observerad
682 804 71 20 såsom
769 803 143 22 låneförskott
926 806 55 20 samt

230 840 31 21 till
278 838 123 23 ersättande
416 838 97 21 fördelad
527 839 28 26 på
572 838 25 21 de
613 837 118 28 respektive
747 839 58 20 åren.
835 838 108 27 Derjemte
959 841 23 19 är

230 875 34 21 för
286 874 24 21 år
327 875 52 19 1897
402 875 30 19 ett
448 873 46 21 icke
509 872 119 26 oansenligt
643 872 92 22 tillskott
749 872 7 21 i
772 872 118 26 utgifterna
904 873 76 21 beräk-

230 909 52 22 nadt
292 908 33 22 för
340 910 211 26 gevärspatronerna,
566 907 48 21 med
626 907 80 26 hänsyn
721 907 32 21 till
769 907 165 22 eventualiteten
950 911 32 19 att

230 944 26 22 de
271 944 76 26 dyrare
361 944 130 26 patronerna
507 941 32 22 till
555 942 13 20 3
583 942 72 20 liniers
670 943 87 25 geväret
773 941 27 22 då
809 941 54 22 böra
873 942 109 22 anskaffas

228 978 34 22 för
279 978 49 21 hela
343 977 70 21 finska
427 976 115 22 militären.
571 977 69 20 Dessa
656 976 180 27 omständigheter
852 977 63 21 hafva
930 978 6 20 i
949 978 32 20 sin

230 1013 48 21 mån
301 1012 75 22 verkat
398 1011 32 21 till
445 1018 25 14 en
487 1010 96 28 stegring
598 1012 6 20 i
620 1010 227 28 underhållsanslagen
862 1012 33 21 för
910 1012 72 21 aktiva

228 1050 116 25 trupperna
367 1046 39 21 och
425 1045 225 26 reservkompanierna
668 1046 7 19 i
688 1045 122 26 jemförelse
826 1046 48 21 med
890 1048 91 19 motsva-

229 1081 66 22 rande
310 1081 76 26 anslag
400 1080 32 21 för
448 1081 51 20 åren
516 1080 54 21 1892
587 1079 38 22 och
642 1080 60 21 1893.

300 1117 40 20 3:o.
371 1115 124 27 Byggnads-
519 1115 38 21 och
580 1115 280 26 reparationskostnaderna
875 1117 37 20 äro
928 1122 52 21 upp-

229 1153 65 25 tagna
317 1150 33 21 till
372 1151 65 26 något
459 1149 65 26 högre
547 1149 83 26 belopp,
654 1149 90 21 emedan
760 1151 84 20 remont
859 1150 38 21 och
914 1150 67 27 öfriga

228 1185 88 27 utgifter
331 1184 33 21 för
380 1184 27 20 de
425 1183 94 21 militära
537 1183 149 27 byggnaderna
701 1183 96 27 påkallat
812 1184 90 26 drygare
917 1184 63 27 utgif-

230 1221 34 19 ter
286 1220 26 20 än
327 1218 67 22 under
413 1217 127 27 föregående
556 1216 24 22 år
594 1217 56 21 varit
665 1217 127 22 beräknadt.
822 1218 107 22 Särskildt
944 1219 36 21 be-

227 1254 86 21 märkes
336 1255 31 19 att
390 1252 32 21 för
442 1252 223 26 dragonregementets
681 1252 179 28 kasernkomplex
874 1253 106 27 framgent

228 1288 68 21 måste
318 1286 105 23 beräknas
445 1286 174 21 remontkostnad
642 1286 39 20 och
697 1288 32 20 att
744 1286 33 22 för
793 1288 25 20 år
834 1288 54 20 1895
903 1290 77 24 uppta-

226 1322 42 26 gits
284 1328 25 14 en
324 1320 66 27 utgift
406 1321 21 20 af
441 1321 77 24 25,000
533 1320 61 20 mark
610 1320 33 20 för
658 1320 120 20 inrättande
789 1320 23 20 af
820 1321 159 27 vattenledning

227 1355 33 22 till
276 1356 42 20 6:te
334 1355 32 21 S:t
380 1354 89 21 Michels
485 1354 106 26 bataljons
606 1353 172 22 kasernområde.
