1125 1775
362 141 24 23 U.
401 141 24 23 B.
442 155 24 2 —
484 142 65 29 Prop.
564 142 37 22 N:o
617 141 19 23 9.
832 143 14 21 5

119 207 75 29 ärliga
208 207 90 22 bristen
313 208 8 21 i
337 207 230 29 bevillningsfonden
582 210 34 20 att
630 208 74 22 under
718 207 157 23 instundande

118 240 159 34 finansperiod
298 243 79 28 uppgå
399 242 82 22 endast
502 242 37 22 till
564 242 108 28 omkring
695 244 93 26 200,000
802 242 72 22 mark.

119 270 78 27 Äfven
213 282 36 15 om
265 276 175 28 ifrågavarande
455 276 78 22 deficit
547 276 52 22 icke
609 276 79 22 kunde
698 276 140 29 nedtryckas
850 277 25 21 sä

119 309 55 29 lägt,
191 310 91 21 komme
298 310 39 21 det
352 310 107 29 tydligen
476 311 8 21 i
498 310 81 29 hvarje
593 310 110 22 händelse
718 312 35 20 att
768 310 55 22 vida
832 317 43 15 un-

120 344 102 28 derstiga
237 344 39 22 det
290 344 91 30 belopp,
397 344 91 22 hvilket
495 344 134 29 fastighets-
638 345 43 22 och
688 344 187 23 inkomstbevill-

119 379 89 29 ningen
223 380 182 28 ursprungligen
420 380 60 21 varit
496 379 81 23 afsedd
592 382 34 20 att
635 380 136 29 hopbringa.
794 380 81 22 Under

119 414 82 22 sädant
224 414 144 22 förhällande
390 414 42 22 har
453 414 116 22 utskottet
592 416 76 20 ansett
691 414 39 22 det
752 414 123 22 finansiela

93 477 2 2 =
119 448 112 23 behofvet
260 449 51 21 icke
341 450 36 20 stä
401 450 8 21 i
431 451 47 20 rätt
506 449 135 29 proportion
666 448 43 28 till,
733 453 30 18 än
785 448 90 22 mindre

119 483 193 29 nödvändiggöra
327 484 158 22 etablerandet
500 485 26 21 af
539 492 28 14 en
582 492 32 21 ny
629 484 77 22 direkt
715 484 158 29 beskattning,

119 519 25 21 sä
159 518 56 28 föga
233 519 98 28 populär
343 518 44 22 och
402 519 128 21 kräfvande
545 526 30 15 en
590 519 25 21 sä
627 519 104 21 kostsam
746 518 44 22 och
805 520 71 28 tungt

119 552 125 22 arbetande
260 555 101 27 apparat,
378 560 48 14 som
442 560 29 14 en
487 552 134 29 fastighets-
636 552 43 22 och
689 552 186 22 inkomstbevill-

118 587 65 29 ning,
199 587 117 22 anordnad
332 587 75 30 enligt
422 587 44 22 den
482 588 87 28 nädiga
583 588 188 29 propositionens
779 587 96 29 förslag.

188 622 65 21 Inom
276 622 266 28 Bevillningsutskottet
564 622 41 21 har
627 622 139 29 visserligen
784 624 36 19 ett
837 629 39 21 yr-

118 655 75 23 kande
217 655 78 22 blifvit
310 655 147 29 framställdt,
479 659 35 18 att
533 656 116 22 utskottet
662 656 70 22 borde
747 656 128 22 inskränka

119 691 37 28 sig
170 690 37 22 till
223 692 34 19 att
272 691 29 28 pä
317 690 96 22 anförda
428 691 50 21 skäl
494 691 105 28 afstyrka
613 691 44 22 den
671 690 85 29 nädiga
770 691 104 28 proposi-

118 725 93 22 tionens
229 725 136 28 antagande,
385 733 51 14 men
456 726 117 21 utskottet
592 726 41 21 har
653 725 65 28 dock,
736 725 38 22 till
789 725 86 28 fullgö-

118 759 71 22 rande
207 759 27 22 af
249 760 36 21 sin
301 760 8 21 i
324 760 26 21 L.
367 760 25 21 O.
408 759 111 29 stadgade
534 759 93 30 uppgift
643 761 41 21 och
700 759 29 22 dä
744 759 45 22 den
804 759 71 22 fram-

120 793 95 22 skridna
230 794 64 21 tiden
310 794 51 21 icke
372 794 88 21 tillåter
474 797 34 18 ett
523 795 80 28 längre
618 794 143 22 inväntande
771 794 27 21 af
808 796 67 19 stats-

118 828 128 22 utskottets
268 828 202 29 anslagskalkyler
488 831 60 19 samt
563 828 142 22 Ständernas
720 829 9 20 i
747 827 128 29 anledning

119 862 26 22 af
165 862 51 22 dem
239 862 88 22 fattade
346 862 81 25 beslut,
446 865 78 22 ansett
539 863 35 28 sig
589 863 55 22 böra
658 863 107 21 utarbeta
780 863 43 21 och
839 862 36 22 för

119 897 119 22 eventuelt
252 896 83 29 nödigt
345 896 113 22 befunnet
474 896 129 30 antagande
615 897 37 21 till
661 897 129 22 Ständerna
801 896 74 22 öfver-

118 931 77 22 lemna
210 933 34 19 ett
258 930 89 29 förslag
363 930 37 22 till
410 930 140 29 författning
560 931 118 29 angäende
689 931 186 22 inkomstbevill-

118 966 65 28 ning.
213 966 122 28 Förslaget
349 964 61 23 afser
425 965 128 22 vinnandet
568 965 27 22 af
607 973 28 13 en
647 965 181 29 approximativt
838 965 37 21 be-

118 1000 89 22 räknad
222 1000 141 21 årsinkomst
378 999 27 22 af
418 1001 91 27 560,000
525 1000 65 21 mark
605 1000 73 22 under
693 1000 79 28 hvarje
783 999 26 23 af
815 999 27 22 de
851 999 25 21 är

119 1034 185 29 finansperioden
329 1034 114 27 omfattar,
469 1042 52 14 men
547 1034 38 22 det
610 1038 25 18 är
656 1034 110 22 affattadt
789 1035 31 27 så,
840 1036 36 20 att

119 1069 136 27 Ständerna,
277 1072 57 18 utan
350 1071 35 20 att
398 1068 74 23 rubba
490 1068 267 30 författningsförslaget
772 1069 8 21 i
796 1068 79 29 öfrigt,

118 1104 62 22 blott
200 1111 83 21 genom
303 1103 100 29 höjande
419 1104 56 21 eller
490 1104 117 22 sänkande
624 1103 25 22 af
662 1103 44 22 den
721 1105 153 27 procentsats,

119 1138 110 22 hvarmed
245 1138 160 28 bevillningen
420 1138 97 22 föreslås
533 1140 34 20 att
582 1138 57 28 utgå
653 1138 9 21 i
677 1137 145 23 förhållande
838 1137 38 21 till

119 1172 94 23 taxerad
236 1173 109 29 inkomst,
368 1175 57 20 utan
448 1172 79 23 vidare
547 1173 100 28 omgäng
665 1172 79 22 kunna
760 1172 44 22 öka
819 1171 56 22 eller

118 1208 93 22 minska
234 1207 45 22 den
301 1207 131 30 päräknade
456 1207 235 30 bevillningsskatten
714 1207 44 22 och
778 1207 97 22 sälunda

120 1242 92 29 afpassa
228 1242 132 22 densamma
375 1242 59 21 efter
449 1242 28 21 de
493 1242 82 27 beslut,
592 1242 130 21 Ständerna
733 1241 143 22 beträffande

119 1276 76 29 öfriga
211 1276 222 29 bevillningsfrägor
447 1276 66 21 fatta.

189 1311 102 22 Sälunda
306 1311 41 22 har
361 1311 122 27 utskottet,
500 1318 49 14 som
559 1311 30 28 pä
599 1310 70 22 redan
678 1310 97 22 anförda
783 1310 51 22 skäl
843 1309 32 23 af-

122 1345 57 22 stätt
195 1345 52 22 frän
263 1345 78 30 hvarje
356 1345 70 22 tanke
442 1345 29 29 pä
487 1353 28 14 en
528 1345 99 22 särskild
635 1345 151 29 beskattning
794 1344 26 22 af
830 1344 47 22 fast

119 1379 119 29 egendom,
263 1380 53 21 sökt
339 1381 34 20 att
395 1380 35 21 uti
453 1380 42 21 sitt
515 1379 88 29 förslag
621 1379 159 22 ästadkomma
794 1387 29 13 en
838 1379 37 22 för

120 1414 44 21 alla
179 1413 127 28 likformig,
325 1413 59 22 efter
400 1421 84 14 samma
500 1414 101 27 grunder
611 1413 116 28 utgäende
738 1413 137 27 bevillning,

119 1450 34 19 att
168 1449 94 26 utgöras
279 1447 59 22 efter
353 1447 40 21 det
408 1447 90 28 belopp,
510 1447 95 22 hvartill
615 1447 98 21 enhvars
723 1447 103 21 inkomst
834 1453 42 14 un-

192 1488 214 23 Bevillningsutskottets
419 1487 116 18 betänkande
548 1488 35 17 N:o
596 1489 16 16 5.
