1120 1786
281 156 25 20 12
472 155 28 22 U.
516 155 27 22 B.
559 167 27 3 —
601 155 72 27 Prop.
689 155 40 21 N:o
745 155 34 21 21.

251 213 47 19 met
316 210 75 22 skulle
410 211 117 21 innebära.
557 211 121 21 Utskottet
693 218 67 14 anser
775 210 78 21 derför
868 209 45 21 den
929 210 71 20 modi-

251 244 98 22 fikation
372 244 70 28 deraf,
466 252 49 14 som
534 244 87 29 jemväl
644 245 97 21 kommit
763 244 37 21 till
818 244 96 28 uttryck
932 244 8 20 i
956 243 44 21 den

251 278 85 29 nådiga
352 279 179 28 propositionen,
547 286 56 14 vara
618 280 34 20 att
666 278 101 22 förorda.
797 278 153 28 Rättigheten
967 280 34 19 att

254 313 116 22 bibehälla
389 320 29 14 en
434 313 63 21 äldre
512 313 65 21 firma
593 313 139 22 oförändrad
748 313 90 21 komme
854 312 98 22 sälunda
967 314 34 19 att

252 347 125 28 begränsas
400 347 35 22 till
454 347 81 22 endast
554 347 86 22 sädana
658 347 50 28 fall,
725 347 29 22 dä
770 347 111 28 antingen
897 348 34 20 ett
945 349 56 18 nära

251 381 131 29 personligt
403 381 144 22 förhällande
570 382 83 21 mellan
677 381 141 22 företrädare
838 381 43 22 och
896 381 105 21 efterträ-

253 416 52 21 dare
321 415 56 22 eller
392 415 43 22 ock
451 416 44 21 den
511 416 207 28 omständigheten,
735 418 34 19 att
784 416 94 21 firmans
894 415 107 22 innehaf-

251 457 54 14 vare
322 449 74 22 delvis
412 453 38 18 äro
466 450 115 21 desamma
597 458 48 14 som
660 450 69 27 förut,
742 453 56 26 göra
814 457 28 14 en
858 449 144 22 kontinuitet

253 483 39 22 vid
308 484 113 21 rörelsens
437 484 128 22 utöfvande
580 485 100 28 önsklig.

319 518 11 21 I
353 518 105 29 enlighet
480 519 92 21 härmed
595 519 74 22 skulle
690 519 93 28 jemlikt
804 521 26 20 10
845 521 45 25 (12)
906 520 13 25 &
935 518 66 27 enka,

251 560 48 15 som
318 553 121 21 fortsätter
458 553 35 22 sin
513 553 84 22 aflidne
617 561 65 14 mans
698 554 91 26 rörelse,
806 555 59 19 samt
880 553 48 29 gift
942 560 59 19 man,

251 595 49 14 som
325 588 119 20 fortsätter
470 588 110 21 hustruns
603 588 48 22 före
674 587 56 22 eller
752 588 74 21 under
848 588 155 28 äktenskapet

252 621 76 23 drifna
349 622 91 27 rörelse,
464 623 79 21 kunna
566 622 117 22 bibehälla
702 622 45 22 den
766 622 61 21 förra
845 622 82 22 firman
943 622 59 22 oför-

251 656 94 22 ändrad.
374 656 130 22 Enahanda
525 660 47 18 rätt
591 657 74 22 skulle
686 657 71 21 äfven
772 656 130 22 tillkomma
917 656 85 22 arfvin-

251 698 47 21 gar,
322 698 48 14 som
393 692 109 20 fortsätta
525 692 133 21 arflätarens
681 692 92 26 rörelse,
793 691 58 21 dock
872 693 34 19 att
921 690 80 22 härtill

251 725 89 22 fordras
360 726 107 28 samtliga
485 726 221 21 rättsinnehafvares
727 725 149 29 begifvande,
892 726 26 20 sä
932 725 70 21 framt

254 760 51 21 icke
322 760 44 21 den
382 760 85 21 aflidne
483 760 130 29 bevisligen
628 760 86 22 uttalat
729 768 29 13 en
775 768 75 13 annan
866 760 69 28 vilja..
959 761 44 20 Att

251 794 73 21 under
342 795 119 27 uttrycket
479 794 103 28 ,enskild
601 794 188 28 näringsidkares
805 794 117 28 arfvinge*
937 794 64 22 inbe-

251 828 78 28 gripas
352 828 68 21 äfven
444 828 125 28 arfvingar,
593 836 49 14 som
664 828 62 22 lefva
750 829 8 21 i
777 830 29 20 bo
826 828 92 26 oskifto,
935 836 66 14 anser

252 862 121 22 Utskottet
389 869 55 14 vara
459 863 136 27 uppenbart.
610 876 23 3 —
650 862 36 22 En
702 863 114 21 afvikelse
832 863 53 21 från
900 863 45 22 den
961 863 40 21 all-

251 900 85 17 männä
354 896 80 29 regeln
452 896 129 22 innehåller
601 897 62 22 2:dra
680 899 127 19 momentet
821 897 9 21 i
846 897 75 22 denna
936 904 65 22 para-

252 931 53 28 graf
319 931 81 26 deruti,
414 933 34 18 att
462 933 33 18 ett
507 931 168 28 handelsbolag
687 931 46 22 kan
745 931 91 22 komma
848 933 35 20 att
895 931 107 22 använda

251 965 91 22 enskild
358 965 189 28 näringsidkares
562 966 72 27 firma,
642 966 129 28 hvarjemte
787 968 34 19 ett
832 965 77 29 dylikt
921 966 80 28 bolags

251 1000 66 21 firma
332 999 46 22 kan
394 999 123 22 öfverlätas
532 1001 30 28 pä
577 1001 45 20 den
638 1000 111 27 enskilde,
765 1000 99 21 likasom
880 1000 44 21 ock
938 1007 64 15 nam-

253 1037 40 18 net
314 1034 30 28 pä
367 1041 29 14 en
418 1041 90 20 person,
527 1041 49 14 som
594 1035 51 20 icke
660 1034 82 28 längre
758 1038 25 17 är
797 1034 142 27 bolagsman,
956 1034 45 21 kan

250 1067 53 22 med
318 1068 58 21 hans
392 1068 67 21 bifall
475 1069 102 21 behällas
593 1069 8 21 i
616 1069 88 21 firman.
727 1068 71 22 Utom
810 1069 8 20 i
830 1068 172 21 ofvannämnda

251 1102 47 28 fall,
315 1106 24 17 är
358 1097 191 27 öfverlätelse
522 1093 30 43 af
564 1103 66 22 firma
650 1103 74 28 enligt
741 1104 23 21 11
782 1104 44 27 (13)
842 1104 13 26 &
871 1102 129 29 förbjuden.

251 1137 66 21 Dock
332 1137 88 21 tillåter
436 1137 144 22 sistnämnda
595 1137 111 30 paragraf
718 1137 91 22 enskild
824 1137 177 28 näringsidkare

252 1171 55 21 eller
324 1171 168 29 handelsbolag
511 1174 35 18 att
565 1171 40 21 vid
620 1172 113 20 rörelsens
750 1171 158 22 öfverlåtande
924 1171 77 29 nyttja

252 1205 43 21 den
312 1205 62 21 äldre
390 1205 88 27 firman,
494 1206 7 20 i
518 1205 109 22 händelse
639 1205 167 29 förändringen
818 1206 76 21 tillika
905 1206 9 20 i
926 1206 75 21 firma-

251 1240 142 27 teckningen
410 1240 113 27 angifves.

319 1273 77 22 Jemte
415 1273 39 21 det
472 1274 174 28 propositionen
664 1275 8 20 i
691 1275 27 21 26
739 1276 12 25 &
772 1275 34 26 (31
824 1277 12 25 &
852 1275 8 20 i
875 1275 126 21 utskottets

251 1307 95 28 förslag)
368 1308 131 28 upphäfver
523 1308 61 22 hvad
606 1309 9 21 i
633 1309 13 21 3
661 1310 13 25 &
690 1309 26 20 af
731 1308 167 28 förordningen
914 1309 43 20 den
973 1309 28 21 24

251 1342 125 21 november
393 1343 60 25 1864,
470 1349 36 14 om
521 1344 64 25 tysta
600 1342 56 21 eller
671 1342 221 28 kommanditbolag,
907 1342 94 28 stadgas

251 1375 119 28 angående
390 1376 108 21 anmälan
513 1375 42 22 hos
570 1376 122 29 magistrat
707 1375 56 22 eller
779 1376 131 21 häradsrätt
925 1376 26 21 af
963 1377 38 21 bo-

250 1409 216 29 lagskontrakt,har
474 1410 152 29 lagförslaget
634 1411 7 21 i
652 1411 76 28 14(16)
737 1411 30 26 $i
775 1410 66 29 fråga
850 1418 36 14 om
895 1411 107 22 anmälan

251 1444 37 21 till
307 1443 206 30 handelsregistret
528 1445 110 29 upptagit
652 1445 73 28 sagda
739 1445 149 29 förordnings
905 1446 97 22 bestäm-

319 1501 48 24 Lag-
380 1502 31 18 och
424 1502 182 18 Ekonomiutskottets
618 1502 111 19 betänkande
741 1502 37 19 N:o
791 1503 16 17 3.
