1120 1775
274 152 27 21 14
484 150 24 22 U.
523 151 25 21 B.
564 162 25 4 —
605 151 63 27 Prop.
683 150 38 22 N:o
737 149 20 22 9.

245 216 38 21 till
297 215 225 22 kronolänsmannen
536 215 8 21 i
561 217 66 19 orten
642 214 101 22 inlemna
759 213 124 29 skriftliga,
898 213 39 21 till
951 213 47 21 Gu-

245 253 113 18 vernören
373 249 9 21 i
396 249 64 21 länet
475 249 83 22 ställda
572 249 82 22 besvär
669 248 8 22 i
692 247 100 23 ärendet,

601 335 45 27 58

315 380 67 22 Efter
404 380 170 22 besvärstidens
596 380 91 29 utgång
705 380 60 21 skall
780 378 217 29 kommunalstyrel-

248 422 52 15 sens
324 415 137 22 ordförande
483 417 83 27 genast
588 415 97 22 insända
707 414 220 29 taxeringslängden
945 413 53 22 med

247 450 78 22 dertill
343 449 101 22 hörande
462 449 117 30 protokoll
602 450 119 21 äfvensom
742 449 141 29 protokollet
898 449 40 21 vid
953 448 44 22 den

247 485 8 21 i
271 486 13 25 8
306 487 5 20 7
327 484 137 22 omnämnda
479 484 230 22 kommunalstämma
724 484 37 21 till
775 483 156 27 Guvernören,
942 490 55 21 som,

248 518 69 23 sedan
340 518 110 29 möjligen
469 519 96 22 anförda
587 519 81 22 besvär
683 518 65 22 öfver
763 518 136 28 taxeringen
915 524 83 22 genom

247 553 238 22 kronolänsmannens
496 553 91 28 försorg
597 553 37 22 till
643 553 150 22 Guvernören
803 553 130 27 inkommit,
942 552 57 21 slut-

247 588 64 28 ligen
332 587 96 29 pröfvar
450 587 99 28 ärendet,
565 590 57 20 utan
641 589 35 20 att
691 587 27 22 de
734 586 140 23 besvärande
893 587 36 21 mä
947 585 52 23 med

248 622 99 22 kostnad
373 622 37 22 för
431 622 85 28 utslag,
539 622 80 22 hvilka
640 622 52 21 icke
714 622 24 21 få
760 622 8 21 i
790 622 72 21 saken
887 620 111 28 utfärdas,

248 656 70 22 varda
333 655 137 29 betungade.

316 691 12 21 I
343 690 111 22 händelse
468 690 82 22 besvär
565 690 20 29 ej
602 690 88 22 anförts
706 698 54 21 eger
773 690 226 22 kronolänsmannen

246 725 86 29 jemväl
347 725 78 22 derom
440 725 42 22 hos
498 725 149 22 Guvernören
664 724 166 30 ofördröjligen
845 725 96 22 anmäla.

600 802 13 25 8
628 802 18 20 9.

317 838 115 35 Åtgärder
454 844 36 22 för
512 844 255 29 bevillningsafgiftens
789 844 179 30 uppdebitering
991 845 9 21 i

249 879 105 28 enlighet
376 878 52 22 med
449 878 45 22 den
514 879 133 21 fastställda
668 880 135 27 taxeringen
827 879 55 22 böra
899 879 102 21 derefter

249 913 26 22 af
288 913 150 21 Guvernören
454 913 105 28 vidtagas
575 913 8 21 i
598 914 26 21 så
638 912 46 29 god
699 913 41 28 tid,
752 913 51 22 att
798 908 13 38 i
819 913 179 22 landskommun

248 948 161 28 bevillningen
432 947 45 22 kan
500 947 113 29 uppbäras
636 948 8 21 i
667 947 166 29 sammanhang
855 947 51 22 med
929 947 71 22 andra

249 982 202 29 kronoutskylder.

316 1018 13 21 I
344 1017 52 22 stad
411 1016 163 29 uppdebiteras
589 1017 43 21 och
655 1016 113 29 uppbäres
787 1016 160 29 bevillningen
962 1023 38 22 ge-

249 1059 54 15 nom
318 1051 163 29 Magistratens
504 1051 92 29 försorg
619 1053 77 20 senast
711 1051 73 21 under
799 1050 96 23 oktober
910 1050 90 22 månad.

596 1132 10 27 S
624 1134 32 19 10.

316 1177 12 23 I
350 1177 107 22 afseende
480 1177 13 21 å
514 1177 45 21 den
581 1177 134 29 bevillning,
739 1184 49 15 som
810 1177 26 22 af
855 1176 52 22 icke
925 1177 76 21 finske

251 1212 155 28 medborgare,
428 1211 80 22 hvilka
526 1210 83 23 endast
623 1219 29 14 en
667 1212 93 21 kortare
775 1211 34 22 tid
824 1211 125 29 uppehålla
963 1211 39 29 sig

250 1247 8 21 i
275 1246 106 28 Finland,
398 1246 60 22 skall
473 1246 105 28 erläggas
594 1246 36 21 för
645 1245 42 23 här
701 1245 120 23 bedrifven
836 1245 167 22 inkomstbrin-

249 1281 75 29 gande
339 1281 89 28 näring,
444 1280 72 28 gäller
531 1283 35 19 att
580 1288 77 14 annan
672 1284 29 18 än
711 1280 62 22 finsk
783 1280 156 29 medborgare,
951 1287 49 15 som

249 1316 41 20 här
305 1317 9 19 i
328 1315 80 21 landet
429 1315 36 21 för
484 1322 59 20 egen
558 1315 56 20 eller
630 1322 87 14 annans
732 1315 101 28 räkning
848 1318 67 18 ärnar
929 1314 73 28 bjuda

249 1352 26 18 ut
290 1349 56 21 eller
361 1349 62 21 sluta
438 1348 83 22 handel
536 1355 36 14 om
588 1351 71 19 annat
673 1348 67 22 lands
756 1356 73 20 varor,
845 1348 52 22 med
912 1348 90 22 undan-

250 1386 40 26 tag
305 1383 25 22 af
343 1382 118 22 medförda
475 1382 278 29 landtmannaprodukter
768 1382 43 22 och
826 1382 71 23 alster
912 1382 27 22 af
947 1383 55 22 hus-

250 1418 66 29 slöjd,
339 1418 67 28 skall,
428 1418 71 21 innan
515 1417 66 29 dylik
596 1417 85 22 handel
696 1417 26 22 af
735 1418 85 22 honom
834 1417 37 23 får
885 1417 116 30 påbörjas,

250 1453 94 29 erlägga
366 1452 226 29 näringsbevillning
607 1452 58 22 'med
689 1453 192 29 etthundratjugu
903 1453 65 22 mark
993 1453 9 22 i

318 1493 211 23 Bevillningsutskottets
542 1493 115 18 betänkande
669 1494 36 17 N:o
716 1495 17 16 5.
