1117 1778
101 199 2 3 '
109 188 134 32 sparbank;
263 191 80 22 hvars
346 177 155 45 förvaltning
505 174 155 40 -handhafts
651 170 11 56 i
677 178 59 36 strid
751 191 52 24 med
818 192 49 29 gäl-

116 219 80 39 lande.
203 215 172 53 bestämningar
385 225 63 22 -eller
463 226 30 21 då
497 225 138 32 anledning
650 230 25 17 är
690 228 35 19 att
738 227 80 20 befara
829 226 39 21 det

99 252 137 37 "sparbank
258 259 63 22 icke
330 259 81 23 vidare
426 260 181 29 erbjöds-nödig
622 261 107 26 säkerhet
744 261 38 20 för
796 261 71 20 insät-

117 295 88 27 tarene.
241 293 42 23 Uti
311 295 26 22 9'
348 289 43 39 och
415 295 26 22 10
463 296 28 26 88
513 295 26 21 af
550 295 112 28 förslaget
676 295 37 21 till
729 295 138 28 kungörelse

119 328 55 29 ingå
187 328 298 29 visserligen.töreskrifter
499 329 10 21 i
521 329 150 23 omförmäldt
687 329 113 28 afseende,
816 335 52 15 men

120 362 30 22 dä
159 362 150 28 stadganden
323 362 81 23 härom
419 368 70 23 synas
503 365 55 20 våra
573 363 26 22 af
612 363 44 22 den
671 363 138 29 principiela
818 362 51 29 vigt

120 398 35 28 att
170 396 123 22 -desamma
315 396 56 22 böra
393 399 114 27 upptagas
532 398 35 20 uti
583 405 28 13 en
627 394 241 32 ständerförfattning,

120 430 42 22 har
182 431 129 28 Utskottet,
327 431 72 29 jemte
419 431 40 21 det
473 431 139 22 hithörande
629 432 173 28 bestämningar
817 432 52 20 frän

120 465 13 21 5
153 466 13 26 $
182 464 43 22 och
241 465 56 21 sista
312 471 68 16 mom.
395 466 9 20 i
421 467 25 21 17
463 466 73 28 (19)8
551 466 35 21 uti
602 466 113 28 förslaget
730 466 37 21 till
782 466 87 21 förord-

120 498 58 29 ning
200 499 125 27 uteslutits,
344 499 78 22 under
441 507 28 14 en
485 500 99 22 särskild
600 502 13 26 &
629 501 37 27 (20
681 500 22 29 $)
719 500 151 22 sammanfört

120 533 46 21 alla
195 533 28 21 de
252 533 151 29 föreskrifter,
433 542 48 14 som
503 535 35 21 uti
561 534 177 29 ifrågavarande
761 534 109 22 afseende

119 567 71 22 borde
212 568 117 29 iakttagas
351 566 44 24 och
413 568 64 30 tjena
492 569 39 22 till
544 569 77 29 grund
636 568 39 22 för
691 568 27 22 de
735 568 134 30 detaljstad-

120 604 91 27 ganden
240 603 8 21 i
278 605 84 25 ämnet,
384 602 80 22 hvilka
489 604 8 20 i
519 600 172 49 administrativ
716 607 45 25 väg
790 604 80 44 anna

120 637 112 21 utfärdas.

114 669 4 4 "
188 671 16 21 I
216 672 167 32 sammanhang
398 672 94 21 härmed
508 651 58 43 Hard
559 668 64 26 inom
633 665 128 29 Utskottet
766 662 103 38 uttalats,

99 706 131 28 *-hurusom
260 706 68 21 äfven
357 707 30 20 de
409 707 8 20 i
439 706 112 29 förslaget
565 707 38 21 till
618 707 138 27 kungörelse
771 707 99 28 intagna

120 737 174 32 bestämningar
313 740 120 29 angående
448 741 28 21 de
491 741 91 28 böcker,
599 748 48 15 som
663 745 39 17 äro
719 741 151 28 erforderliga

121 774 36 21 för
172 774 184 29 möjliggörande
372 775 26 21 af
410 777 33 19 ett
459 775 78 22 säkert
550 775 144 22 bedömande
710 775 26 21 af
741 775 129 29 sparbanks

122 809 118 28 ställning,
256 816 54 14 vore
326 809 26 22 af
361 809 47 21 den
423 810 132 28 väsentliga
572 809 117 29 betydelse
705 811 35 19 att
755 809 116 22 desamma

121 843 71 22 borde
215 845 114 27 upptagas
351 843 37 22 uti
410 851 29 14 en
458 844 26 21 af
498 844 92 29 Regent
605 844 43 21 och
664 843 100 22 Ständer
779 845 91 27 gemen-

122 880 60 19 samt
200 877 108 22 utfärdad
324 878 147 29 författning,
487 876 158 31 synnerligast
660 880 49 19 som
724 878 76 22 denna
815 879 56 21 bok-

122 912 226 29 föringsskyldighet
362 919 55 15 vore
440 913 27 21 af
485 913 44 21 den
545 915 42 25 art,
603 915 41 25 att,
660 913 74 28 enligt
749 913 61 21 hvad
826 913 45 21 för-

122 948 63 19 utses
208 947 83 34 kunde,
307 947 70 22 äfven
392 947 92 29 privata
500 947 121 22 affärsmän
636 947 9 21 i
659 955 29 13 en
703 947 52 21 icke
770 947 101 28 aflägsen

122 981 95 21 framtid
232 989 83 20 genom
330 980 31 31 på
376 982 121 27 enahanda
513 985 46 18 sätt
575 982 145 21 tillkommen
730 981 141 28 författning

123 1015 90 22 komme
236 1018 35 19 att
291 1015 152 23 underkastas
467 1017 66 28 dylik
547 1012 150 33 förpligtelse;
714 1015 44 22 och
773 1015 42 22 har
829 1016 43 21 Ut-

123 1049 99 27 skottets
242 1050 125 29 pluralitet
385 1051 52 21 'med
453 1051 108 21 afseende
579 1050 63 27 härå,
659 1050 44 21 och
719 1049 29 22 då
762 1050 110 28 farhågor

120 1083 88 29 jemväl
216 1085 96 21 uttalats
321 1084 84 29 derom,
411 1087 34 19 att
453 1084 44 22 den
506 1085 36 21 för
550 1084 183 30 sparbankernas
742 1084 82 29 tillsyn
833 1092 39 14 an-

124 1118 75 22 stälde
214 1118 173 29 inspektören
369 1111 32 42 -i-
403 1121 95 21 motsatt
513 1119 110 22 händelse
638 1118 78 24 kunde
732 1115 23 25 se
771 1119 36 28 sig
827 1118 44 22 för-

124 1153 94 26 anlåten
242 1155 34 20 att
296 1153 145 22 beträffande
463 1153 178 30 ifrågavarande
664 1152 125 29 bokföring
804 1153 68 22 ställa

104 1201 2 2 +
124 1185 160 36 Oberättigade
309 1189 100 29 anspråk
424 1190 30 28 på
469 1189 128 29 sparbanks
612 1189 116 28 styrelser,
744 1190 77 19 ansett
836 1188 36 28 sig

77 1215 3 7 =
98 1222 84 29 böra
193 1223 69 22 med
291 1224 73 29 några
379 1224 96 21 'mindre
499 1223 125 29 ändringar
642 1222 52 22 från
709 1222 112 29 förslaget
836 1222 37 22 till

124 1255 140 31 kungörelse
279 1256 115 24 öfverföra
409 1259 154 21 omförmälda
578 1255 173 30 bestämningar
765 1257 38 21 till
812 1259 61 19 stän-

116 1291 228 34 -derförfattningen,
361 1293 40 21 der
416 1292 28 22 de
459 1293 9 20 i
484 1293 103 28 enlighet
602 1291 53 22 med
673 1291 200 28 komitöförslaget

109 1314 139 45 "upptagits
260 1327 73 21 under
349 1330 86 25 samma
449 1329 20 25 8,
487 1334 46 14 som
553 1326 129 22 innehåller
698 1325 119 22 föreskrift
835 1333 38 13 an-

124 1358 91 31 gående
229 1361 120 22 bokslutet
363 1353 56 30 eller
435 1363 27 27 12
477 1363 19 26 8.
666 1371 2 6 i

189 1395 39 21 "Af
240 1395 51 22 icke
306 1396 69 27 ringa
390 1395 119 28 betydelse
525 1400 25 16 är
564 1395 111 27 slutligen
690 1394 82 28 frågan
787 1401 37 14 om
835 1394 39 21 be-

88 1415 18 6 ——
125 1414 161 59 skaffonhoten
304 1429 30 25 af
355 1428 44 22 den
419 1428 102 27 -motbok,
537 1435 48 14 som
602 1427 25 21 af
637 1426 118 44 sparbank
771 1420 102 40 utfärdas

194 1475 48 33 Lag-
253 1469 34 29 och
299 1479 182 19 Ekonomiutskottets
493 1478 109 19 betänkande
613 1478 26 40 M
641 1484 10 12 o
664 1478 26 18 8.
