1092 1784
360 169 30 23 U.
405 170 29 22 B.
457 183 22 3 —
495 170 73 28 Prop.
584 170 43 23 N:o
642 170 39 23 23.
834 171 26 20 25

341 233 98 26 spelkort,
448 236 58 17 samt
512 233 105 20 Finlands
625 233 75 21 Banks
706 234 40 23 för
751 233 139 21 närvarande

343 267 117 26 disponibla
485 267 126 20 vinstmedel
632 267 55 20 Fmk
711 267 121 27 2,650,172:
856 273 34 21 14;

343 301 111 20 äfvensom

411 337 33 18 att
459 335 35 20 till
507 334 237 27 bevillningsbudgetens
754 335 137 27 utjemnande

341 369 99 26 slutligen
462 372 103 24 upptages
588 369 35 20 det
645 368 71 28 belopp
736 369 30 27 af
776 375 114 20 1,500,000

342 403 69 26 mark,
441 403 67 21 hvars
538 403 136 28 öfverföring
695 403 59 27 från
779 403 111 21 allmänna

342 438 133 27 statsfonden
486 438 33 27 pä
531 438 76 27 grund
620 439 30 25 af
670 439 67 25 ofvan
751 438 139 27 jramstälda

343 472 148 27 underdäniga
507 472 103 21 anhållan
634 472 38 20 och
693 473 17 25 $
722 471 34 28 36
770 472 23 21 L.
812 472 23 21 O.
847 473 42 26 pä-

343 507 85 25 räknas,
451 507 52 20 dock
525 509 33 18 att
581 506 129 25 Ständerna,
733 507 38 24 för
784 507 40 20 den
838 507 52 20 hän-

342 541 55 20 delse
418 541 146 27 statsfondens
585 541 121 27 tillgångar
726 541 22 27 ej
775 541 115 26 medgäfve

341 575 70 20 denna
425 575 137 28 öfverföring
575 575 9 20 i
597 575 47 20 dess
659 575 69 20 helhet
740 575 54 20 eller
806 575 36 20 till
850 575 36 20 nä-

338 616 45 20 gon
404 609 39 25 del,
466 609 67 21 skulle
554 609 102 21 eventuelt
678 609 76 21 anvisa
779 609 59 21 ända
858 609 35 21 till

341 650 95 19 500,000
462 644 63 20 mark
547 643 83 27 årligen
653 644 14 19 å
689 644 105 20 Finlands
816 644 74 20 Banks

342 678 57 20 vinst
412 678 40 25 för
465 678 52 20 åren
533 677 153 29 1894—1896.

205 734 115 22 Utskottet
335 738 45 18 tror
401 736 34 26 sig
456 735 38 21 här
514 735 52 21 böra
582 735 88 24 anmäla,
687 738 32 18 att
734 735 156 21 ofvanstående

137 768 80 28 förslag
239 768 112 22 omfattats
373 768 24 21 af
416 769 125 21 Utskottets
564 769 114 28 pluralitet,
697 770 78 20 medan
790 770 99 20 tvenne
875 764 17 37 i

137 806 90 18 motsatt
249 802 93 28 riktning
357 804 84 26 gående
455 803 111 27 yrkanden
582 803 122 21 framstälts.
734 803 33 21 En
782 804 108 21 minoritet

138 836 38 21 har
191 840 71 18 ansett
285 840 32 18 att
339 837 235 28 stämpelbevillningen
596 838 18 25 ej
638 837 67 21 borde
727 838 61 26 höjas
803 844 45 14 mer
863 838 27 20 än

138 874 32 18 att
186 870 126 28 derigenom
326 878 81 14 vunnes
423 878 27 14 en
465 871 57 21 ökad
537 872 93 21 inkomst
645 872 24 20 af
680 876 94 21 750,000
790 872 60 20 mark
858 872 32 21 för

137 905 48 21 hela
201 906 104 27 perioden
320 906 51 21 eller
386 911 94 21 250,000
495 906 59 21 mark
569 906 87 27 årligen.
685 906 44 21 Det
739 906 92 21 tillskott
842 913 48 14 som

138 941 6 19 i
160 940 77 21 sådant
253 940 35 21 fall
303 940 135 21 erfordrades
453 941 26 20 af
491 941 257 21 öfverskottsstatsmedel
762 941 86 20 komme
858 944 33 18 att

137 975 76 26 uppgå
227 975 32 20 till
274 976 81 19 inemot
370 980 12 15 2
398 975 96 26 miljoner
508 975 65 25 mark,
585 975 87 20 hvarför
681 975 13 21 å
706 975 102 21 Finlands
819 975 71 20 Banks

138 1009 55 20 vinst
208 1009 69 21 borde
293 1011 85 19 anvisas
393 1009 108 22 eventuelt
517 1010 56 20 ända
587 1009 31 21 till
626 1014 95 21 700,000
732 1009 60 21 mark
802 1010 87 26 årligen.

137 1043 33 21 En
185 1049 69 15 annan
269 1045 108 20 minoritet
392 1044 38 20 har
445 1044 98 21 deremot
553 1043 96 22 förordat
660 1051 26 13 en
698 1043 193 28 skatteförhöjning

138 1077 25 20 af
173 1077 139 21 tillsammans
334 1083 114 21 1,920,000
463 1078 65 25 mark,
545 1077 85 22 hvilken
645 1085 81 13 summa
741 1078 71 20 kunde
823 1078 67 20 erhål-

138 1111 30 21 las
191 1118 78 20 genom
292 1111 53 27 ärlig
359 1111 80 27 ökning
453 1112 12 20 ä
481 1111 178 27 stämpelskatten
674 1113 50 19 med
738 1116 94 22 450,000
849 1112 42 20 och

137 1146 13 20 ä
165 1145 138 22 maltskatten
317 1146 51 20 med
380 1152 92 20 190,000
483 1146 65 26 mark,
560 1146 138 27 hvarigenom
714 1146 41 20 den
771 1146 120 21 eventuella

138 1181 138 26 anvisningen
298 1181 13 20 å
332 1180 102 21 Finlands
457 1180 72 21 Banks
551 1180 128 21 vinstmedel
702 1180 66 20 skulle
791 1180 73 27 uppgå
884 1181 6 19 i

137 1214 63 21 rundt
215 1214 30 21 tal
259 1214 32 21 till
305 1214 65 27 högst
387 1220 92 21 300,000
494 1214 59 21 mark
569 1214 85 27 ärligen.

205 1335 74 27 Några
305 1335 25 21 af
351 1335 27 21 de
402 1336 122 26 petitioner,
549 1342 48 14 som
621 1334 119 21 Ständerna
764 1335 36 21 vid
822 1334 69 22 denna

137 1368 104 28 landtdag
255 1369 88 21 beslutit
357 1369 42 21 och
414 1376 47 14 som
475 1369 71 22 kunna
560 1369 97 21 medföra
679 1369 126 27 statsutgift,
827 1368 65 22 hafva

138 1403 24 20 af
174 1403 114 20 Utskottet
303 1405 6 17 i
325 1404 37 19 det
377 1404 131 25 föregäende
523 1404 143 23 observerats,
677 1404 24 25 (s.
720 1409 32 18 10,
763 1409 22 15 11
796 1403 42 21 och
848 1404 42 25 20).

137 1435 138 21 Beträffande
297 1436 68 26 öfriga
387 1436 112 21 enahanda
521 1436 99 25 ärenden,
644 1437 6 19 i
665 1435 71 21 hvilka
751 1436 70 20 beslut
836 1436 56 20 ännu

137 1470 42 20 kan
200 1469 87 21 komma
309 1469 31 22 till
361 1469 70 26 ständ,
452 1470 63 21 torde
537 1470 67 27 nägot
618 1469 97 21 närmare
730 1469 101 27 yttrande
846 1469 46 21 frän

207 1511 131 15 Staisutskottets
350 1510 102 16 betänkande
464 1510 33 16 N:o
510 1514 27 12 12.
