1123 1789
372 159 27 23 U.
415 159 26 22 B.
458 173 27 2 —
500 160 74 29 Prop.
590 161 45 22 N:o
649 160 38 23 19.
863 162 11 19 7

219 231 178 22 Kostnaderna
417 231 40 22 för
475 231 30 22 de
518 231 87 22 aktiva
619 232 191 27 bataljonernas
823 232 80 28 läger-

149 265 84 21 möten
259 265 77 21 hafva
363 265 80 22 under
465 267 84 20 senast
566 265 121 22 förflutna
705 267 36 20 tre
761 265 28 22 år
806 267 97 27 utgjort

149 298 8 22 i
184 299 117 22 medeltal
329 299 95 26 89,000
446 300 79 25 mark,
545 299 45 22 och
608 300 47 21 har
674 299 125 22 Utskottet
818 299 85 22 derför

150 334 82 21 ansett
256 333 38 28 sig
312 333 62 22 böra
392 333 102 22 förorda
514 333 41 23 det
573 333 8 22 i
599 333 189 28 propositionen
807 333 95 22 äskade

148 367 119 29 beloppet
287 367 25 22 af
330 367 113 27 261,000
461 368 79 22 mark.

218 437 86 22 Under
331 437 121 22 rubriken
479 438 69 21 extra
575 437 104 29 utgifter
705 437 124 28 upptager
853 437 50 22 den

148 472 95 29 nådiga
261 472 188 28 propositionen
466 472 90 22 främst
574 471 113 27 400,000
706 471 71 22 mark
790 471 39 22 för
841 478 61 22 upp-

148 506 106 23 förande
273 507 26 22 af
317 513 30 16 en
365 513 34 22 ny
417 506 221 29 hufvudbyggnad
657 506 39 22 för
710 505 84 22 finska
807 506 95 22 kadett-

148 541 79 22 kåren
246 541 7 22 i
271 541 204 22 Fredrikshamn.
512 541 127 22 Utskottet
657 541 131 26 erkänner,
809 541 35 22 att
861 547 42 15 an-

147 575 105 30 ledning
279 576 53 21 icke
356 575 51 23 helt
425 576 46 22 och
489 575 76 22 hållet
584 575 103 22 saknats
706 576 36 20 att
760 575 91 22 föreslå
871 581 31 16 en

148 610 158 29 nybyggnad
333 611 38 22 för
399 610 68 23 detta
486 610 124 22 ändamål.
647 609 56 22 Men
723 609 31 22 då
774 609 129 22 Utskottet

147 645 58 22 från
223 645 151 29 tillförlitligt
392 645 50 22 håll
461 645 94 26 erfarit,
575 646 35 21 att
624 645 48 22 den
686 644 148 22 nuvarande
847 644 54 22 huf-

147 680 208 29 vudbyggnaden
385 679 43 23 vid
457 679 167 23 kadettkåren
654 679 62 22 efter
745 679 31 22 de
803 678 98 29 ganska

148 715 135 28 grundliga
310 715 172 28 reparationer
510 715 145 22 densamma
681 713 36 23 tid
736 713 63 22 efter
817 720 84 15 annan

147 749 138 30 undergått
302 750 39 21 för
364 749 159 22 närvarande
543 750 28 21 är
589 749 8 22 i
615 748 108 30 fullgodt
741 748 69 23 skick
829 748 46 23 och
894 748 7 22 i

148 784 42 22 det
217 785 127 21 närmaste
371 785 140 21 motsvarar
529 784 31 22 de
579 783 151 30 hygieniska
748 783 152 29 fordringar,

148 825 53 16 som
220 819 57 22 med
296 819 55 22 skäl
369 819 86 22 kunna
468 819 85 22 ställas
571 819 33 28 på
624 825 31 16 en
671 818 70 28 dylik
753 818 147 29 inrättning,

147 853 51 22 kan
217 853 127 22 Utskottet
361 853 54 22 icke
435 859 59 16 anse
514 853 119 22 behofvet
651 853 26 22 af
695 859 30 16 en
744 859 42 21 ny,
806 852 95 29 dyrbar

147 887 122 30 byggnad
296 888 39 22 för
361 887 167 23 kadettkåren
553 894 61 16 vara
643 887 27 22 så
697 887 149 28 trängande,
866 888 35 21 att

147 922 54 22 icke
225 923 90 28 frågan
334 923 85 22 derom
439 922 79 22 skulle
536 923 86 22 kunna
641 921 151 29 uppskjutas
811 921 36 23 till
867 923 34 20 ett

146 957 112 28 följande
277 957 176 22 ständermöte.
484 957 49 22 För
553 958 35 21 ett
606 956 90 23 sådant
713 957 111 27 uppskof
842 956 57 22 med

147 991 197 29 ifrågavarande
371 991 234 29 byggnadsföretag
641 991 81 22 finnes
750 991 28 22 så
802 991 99 28 mycket

147 1032 78 16 mera.
245 1026 61 27 skäl,
335 1032 54 16 som
411 1026 157 29 ritningarna
587 1026 36 22 till
642 1025 161 29 byggnaden,
823 1025 78 29 enligt

147 1061 69 22 hvad
236 1061 126 22 Utskottet
379 1061 67 22 varit
463 1061 8 21 i
489 1061 96 22 tillfälle
604 1061 36 22 att
653 1060 134 29 öfvertyga
799 1061 40 28 sig
851 1067 47 20 om,

148 1095 44 21 äro
211 1096 145 28 uppgjorda
374 1095 77 28 enligt
470 1101 31 15 en
514 1095 161 29 synnerligen
688 1095 125 22 storartad
832 1095 67 27 plan,

148 1129 56 21 med
223 1129 162 28 tillämpande
405 1129 24 22 af
447 1130 34 20 ett
500 1129 74 22 altför
592 1129 58 29 dyrt
668 1130 93 27 system
779 1129 46 22 och
844 1129 56 21 med

148 1163 80 23 delvis
242 1163 167 23 öfverhöfvan
420 1164 68 21 stora
500 1163 103 22 lokaler.
624 1162 87 30 Enligt
722 1163 69 22 hvad
801 1163 99 22 Utskot-

148 1199 35 21 tet
200 1198 129 27 inhemtat,
349 1198 46 22 har
413 1198 46 22 ock
477 1198 57 22 från
544 1198 145 28 kompetent
701 1198 51 22 håll
764 1197 136 23 framstälts

147 1232 96 30 förslag
263 1234 34 21 att
315 1233 132 29 tillgodose
465 1232 120 23 behofvet
598 1232 24 22 af
635 1232 77 22 ökadt
724 1233 123 28 utrymme
857 1232 43 22 vid

147 1267 168 23 kadettkåren
350 1274 91 22 genom
477 1268 35 20 att
544 1267 60 28 höja
642 1266 49 22 den
731 1266 53 22 öfre
814 1266 86 22 vänin-

148 1308 50 22 gen
221 1302 7 21 i
252 1302 49 22 den
319 1301 148 23 nuvarande
485 1301 254 29 hufvudbyggnaden
757 1301 46 22 och
822 1300 78 29 derpå

147 1336 110 28 uppföra
270 1343 31 15 en
319 1336 80 28 tredje
417 1336 102 28 våning,
539 1336 96 22 hvilket
653 1335 222 29 byggnadsarbete
893 1335 8 21 i

147 1371 126 29 väsentlig
299 1371 59 21 mån
385 1370 79 22 skulle
491 1370 73 22 ställa
590 1370 40 29 sig
656 1370 115 29 billigare
789 1371 33 21 än
839 1376 62 22 upp-

148 1405 116 21 förandet
292 1406 25 20 af
343 1412 31 14 en
400 1411 34 20 ny
453 1404 228 28 hufvudbyggnad.
718 1404 39 22 Då
775 1404 127 22 Utskottet

147 1438 44 22 vid
219 1438 90 22 sådant
335 1437 156 23 förhållande
515 1438 39 21 för
572 1438 39 21 sin
630 1437 40 23 del
688 1437 78 22 håller
784 1437 62 26 före,
867 1438 35 21 att

148 1472 43 22 det
217 1472 53 23 icke
298 1473 51 22 kan
376 1472 77 22 annat
481 1472 31 21 än
539 1478 85 23 gagna
648 1471 79 22 saken
746 1472 35 21 att
799 1471 102 22 rådrum

218 1511 140 19 Statsutskottets
371 1509 109 21 betänkande
493 1508 37 18 N:o
542 1509 17 17 4.
