1123 1786
489 145 45 24 N:o
553 147 39 22 21.
865 144 25 21 13

510 214 27 21 26
553 213 18 28 8.

232 246 81 23 Genom
329 247 70 22 denna
415 247 124 28 förordning
555 247 132 28 upphäfvas
676 242 15 37 :

233 281 151 27 förordningen
407 282 41 20 den
471 282 27 20 28
513 282 50 20 Juni
580 282 61 26 1798,
657 281 110 27 angående
782 281 57 21 hvad
854 281 65 26 bolag

162 314 99 28 iakttaga
275 315 59 26 böra,
350 322 45 15 som
412 315 67 22 under
495 315 24 21 sä
534 315 73 22 kallad
622 314 64 22 firma
701 315 53 21 eller
767 314 102 22 särskildt
879 320 37 16 an-

162 351 67 26 tagen
244 350 156 27 handteckning
414 350 51 27 vilja
481 350 101 22 handels-
596 349 40 22 och
651 349 164 22 fabriksrörelse
831 349 64 27 idka;

233 385 13 21 4
261 390 63 16 mom.
341 386 13 20 3
369 384 12 28 8
397 384 5 22 i
418 384 152 27 förordningen
585 384 40 22 den
642 385 26 21 10
678 384 42 27 Maj
734 384 61 26 1886,
807 383 112 28 angående

163 419 146 27 bankrörelse,
324 426 45 15 som
386 418 23 23 af
423 419 64 27 bolag
501 419 72 27 idkas;
588 421 56 20 samt

232 453 55 22 hvad
302 454 8 21 i
325 455 12 20 3
353 454 12 28 $
380 454 23 22 af
416 453 151 27 förordningen
583 454 41 21 den
640 454 28 21 24
675 453 120 22 November
808 453 65 25 1864,
885 458 34 16 om

162 490 59 25 tysta
243 488 52 22 eller
310 488 203 27 kommanditbolag,
531 487 138 23 föreskrifves
687 487 110 27 angående
820 487 99 21 anmälan

163 522 39 22 hos
217 522 114 28 Magistrat
346 523 53 21 eller
413 522 130 23 Häradsrätt
558 522 23 22 af
593 522 188 27 bolagskontrakt.

512 587 26 20 27
554 586 18 27 8.

232 625 76 22 Denna
330 625 125 27 förordning
477 625 72 22 träder
564 625 6 21 i
586 625 135 22 verksamhet
743 625 49 22 från
813 624 41 22 och
870 623 49 22 med

164 659 40 22 den
221 660 9 21 1
248 660 89 21 Januari
355 659 39 22 189
412 676 5 5 .

232 694 173 22 Föreskrifterna
420 694 7 22 i
442 693 152 28 förordningen
616 694 47 21 afse
679 694 81 27 jemväl
775 693 82 27 näring,
872 699 46 16 som

163 729 92 27 utöfvas,
279 729 27 22 då
320 729 153 28 förordningen
493 729 73 22 träder
582 729 6 22 i
604 729 65 27 kraft,
689 729 55 22 dock
760 730 32 20 att
809 728 62 21 firma
885 727 34 22 för

164 763 60 28 dylik
246 764 77 27 näring
340 763 41 28 må,
397 769 34 16 om
447 763 40 22 den
502 763 89 22 brukats
606 763 46 22 före
667 763 166 27 förordningens
851 761 68 22 utfär-

164 798 78 27 dande,
265 799 84 26 intagas
365 798 6 21 i
387 798 193 27 handelsregistret,
604 797 57 22 ändå
683 800 32 19 att
733 797 40 21 den
793 797 48 21 icke
856 798 24 19 är
895 796 24 21 så

162 832 117 26 beskaffad,
295 838 45 16 som
361 833 6 21 i
386 833 13 20 8
418 832 39 22 och
476 833 13 20 9
505 833 24 27 88
545 831 143 23 föreskrifves.
717 832 48 21 Den
780 831 7 21 i
803 832 12 20 7
831 831 12 27 $
858 830 60 22 stad-

162 866 56 28 gade
239 866 257 28 anmälningsskyldighet
518 867 54 22 skall
594 866 34 22 för
647 866 67 22 sådan
729 865 84 28 näring,
828 865 35 21 vid
880 865 38 21 bot

163 906 47 16 som
225 900 7 22 i
250 901 25 21 18
290 900 11 28 $
318 902 67 26 säges,
401 900 102 28 fullgöras
518 901 58 21 inom
591 907 38 15 sex
643 901 102 21 månader
760 900 66 21 sedan
835 899 83 21 förord-

162 936 79 26 ningen
262 935 59 21 trädt
336 935 7 21 i
358 935 65 28 kraft,
439 935 119 22 oberoende
577 935 23 21 af
618 935 105 26 anmälan,
739 940 46 16 som
801 934 58 22 förut
876 933 41 21 kan

162 968 65 23 hafva
252 973 35 24 egt
309 976 46 15 rum
378 968 29 28 på
427 969 70 27 grund
520 969 23 21 af
563 969 177 27 förordningarna
762 969 41 21 den
827 970 26 20 28
867 968 51 22 Juni

165 1005 61 26 1798,
243 1004 40 22 den
297 1006 28 20 24
339 1004 120 22 November
475 1005 55 21 1864
545 1005 53 21 eller
614 1004 41 22 den
674 1005 26 21 10
715 1004 44 28 Maj
777 1004 60 22 1886.

438 1102 11 22 I
463 1102 72 22 Näder
549 1102 99 28 godkänd
663 1102 8 21 i
687 1102 30 22 S:t
733 1101 133 27 Petersburg
877 1101 41 21 den

371 1143 26 21 12
412 1142 103 22 Februari
531 1144 61 20 1894.

358 1273 289 23 Ministerstatssekreterare
662 1274 28 22 W.
705 1279 37 17 von
759 1273 86 22 DAEHN.
