1123 1784
376 162 29 22 U.
421 162 27 23 B.
464 176 26 3 —
508 163 71 28 Prop.
596 163 44 23 N:o
657 164 36 22 19.
866 165 12 20 5

156 232 126 23 Utskottet
311 234 47 22 har
385 234 99 22 derföre
506 234 117 29 upptagit
641 234 114 27 926,000
773 235 72 21 mark
869 235 39 21 för

155 267 126 22 hvardera
309 268 25 22 af
360 268 60 22 åren
450 268 65 22 1895
544 269 45 22 och
619 269 67 22 1896
709 271 63 20 samt
793 268 115 27 9831,000

154 301 71 22 mark
244 301 40 22 för
304 302 75 22 1897.

223 370 48 22 Det
297 371 39 21 för
364 370 86 23 finska
476 371 143 23 militärens
647 378 80 15 reserv
755 372 35 21 uti
813 371 94 29 nädiga

154 404 188 28 propositionen
352 405 39 22 för
401 405 215 29 budgetperioden
629 405 172 23 1895—1897
813 406 95 22 äskade

156 439 113 28 anslaget
296 439 140 26 2,800,000
461 441 70 20 mark
550 440 150 28 öfverstiger
717 440 57 21 med
793 440 114 26 250,000

154 473 71 22 mark
250 473 41 22 det
315 473 25 22 af
360 473 140 23 Ständerna
520 475 43 22 vid
584 474 64 22 1891
670 474 40 21 ärs
728 474 122 29 landtdag
868 474 39 21 för

153 507 205 28 finansperioden
376 507 174 23 1892—1894
569 509 38 21 för
626 508 67 22 detta
713 508 115 22 ändamål
848 508 59 29 god-

153 541 85 23 kända
257 541 100 29 belopp.
395 543 69 21 Enär
483 542 100 29 hänsyn
600 543 79 22 mäste
697 543 72 28 tagas
788 542 120 22 särskildt

154 576 89 26 dertill,
264 577 34 21 att
318 577 92 22 antalet
427 578 146 21 reservmän
585 577 82 22 under
680 577 156 22 förstnämda
846 577 61 22 bud-

154 610 130 29 getperiod
302 611 57 22 med
379 611 32 22 all
430 611 117 22 säkerhet
562 612 112 21 kommer
687 613 35 20 att
734 611 79 22 blifva
827 612 79 21 större

154 645 32 21 än
213 645 80 22 under
320 645 153 30 föregäende
500 646 95 28 period,
624 646 32 21 dä
675 645 187 28 verkningarna
882 645 25 22 af

154 679 48 22 den
221 680 131 22 minskade
370 680 147 22 nativiteten
530 680 81 23 under
620 680 201 22 missväxtären
803 675 14 39 i
832 680 75 22 slutet

155 713 26 22 af
200 713 138 23 1860-talet
358 715 67 22 ännu
444 715 79 21 delvis
542 715 89 28 gjorde
650 715 38 28 sig
703 714 142 27 märkbara,
860 715 47 21 har

155 748 133 27 Utskottet,
302 749 57 22 med
373 749 117 22 afseende
500 749 116 28 jemvälä
633 749 30 22 de
676 749 117 29 förhöjda
806 749 100 22 kostna-

154 783 79 22 derna
252 783 38 22 för
309 783 305 29 skjutförnödenheterna,
634 783 83 22 funnit
738 783 41 22 det
791 784 8 21 i
812 783 94 29 nådiga

154 817 189 28 propositionen
361 818 144 29 föreslagna
524 818 118 29 beloppet
654 818 53 22 icke
720 824 62 16 vara
795 818 40 21 för
844 818 62 29 högt

154 852 152 26 beräknadt;
332 853 46 22 och
405 853 39 21 får
472 852 126 23 Utskottet
624 853 66 28 förty
718 852 102 22 förorda
848 852 57 23 dess

154 887 194 29 godkännande.

223 956 176 22 Kostnaderna
412 956 38 22 för
465 956 85 22 finska
563 956 165 23 kadettkären
738 956 77 22 hafva
826 956 80 22 under

154 990 30 22 de
209 990 15 22 3
248 992 98 21 senaste
370 991 60 21 åren
453 991 102 29 utgjort,
579 992 3 21 i
601 991 84 29 jemna
704 991 115 25 tusental,
838 997 66 21 resp.

154 1024 121 27 311,000,
304 1025 114 27 312,000
436 1025 45 22 och
502 1026 112 25 310,000
632 1025 78 22 mark.
747 1025 57 22 Med
823 1025 82 22 anled-

152 1059 62 29 ning
241 1059 73 22 häraf
342 1060 45 22 och
414 1060 32 21 då
470 1060 74 22 äfven
565 1060 67 22 1894
651 1060 41 21 års
710 1060 139 28 utgiftsstat
866 1060 40 21 för

152 1094 167 22 kadettkåren
337 1095 125 28 upptager
480 1094 62 22 blott
560 1094 113 26 319,223
689 1094 72 22 mark
775 1094 32 22 75
820 1094 85 28 penni,

152 1128 47 22 har
221 1128 41 22 det
280 1128 8 21 i
306 1128 94 28 nådiga
418 1129 189 27 propositionen
626 1128 143 29 föreslagna
787 1128 119 28 beloppet

154 1162 24 22 af
206 1162 113 26 332,000
347 1162 71 22 mark
445 1162 40 22 för
508 1163 89 29 hvarje
617 1163 24 21 af
660 1162 60 22 åren
741 1162 74 26 1895,
837 1162 68 22 1896

152 1196 46 22 och
228 1196 66 22 1897
322 1197 82 22 blifvit
431 1197 25 21 af
475 1197 126 23 Utskottet
619 1197 99 22 nedsatt
736 1197 36 21 till
791 1196 114 26 320,000

152 1231 79 21 mark.

221 1299 364 29 Inqvarteringskostnaderna
613 1299 159 22 beräknades
799 1299 43 22 vid
870 1306 36 15 se-

152 1335 72 20 naste
241 1334 123 28 landtdag
382 1334 38 21 för
436 1334 120 27 perioden
571 1334 174 21 1892—1894
760 1334 36 21 till
809 1333 96 26 74,000

152 1367 71 22 mark
250 1367 39 22 för
316 1368 29 21 år
372 1368 59 21 eller
457 1368 88 21 inalles
573 1367 113 27 222,000
713 1367 79 22 mark.
835 1367 11 22 I
870 1373 36 16 nu

151 1401 175 28 föreliggande
344 1402 93 27 nådiga
456 1402 156 27 proposition
630 1401 105 22 föreslås
754 1401 39 22 för
811 1401 94 22 instun-

152 1435 83 21 dande
254 1435 183 28 budgetperiod
456 1435 38 21 för
513 1435 68 22 detta
595 1434 116 22 ändamål
725 1434 96 26 87,170
833 1434 72 21 mark

151 1469 39 22 för
214 1469 28 22 år
265 1469 59 22 eller
342 1469 184 28 sammanlagdt
538 1468 114 27 261,510
666 1468 79 21 mark.
782 1468 39 21 Då
831 1468 74 21 dessa

221 1505 139 18 Statsutskottets
373 1505 110 18 betänkande
496 1506 37 17 N:o
546 1507 16 16 4.
