1123 1792
317 137 35 33 U.
358 138 30 32 B.
403 150 28 7 —
446 138 73 32 Prop.
535 138 45 23 N:o
595 138 36 22 12.
794 138 25 20 17

165 372 136 44 Ötyorsättying.

411 448 85 29 Bilaga
510 448 34 23 II.

255 525 49 21 Till
319 526 166 20 Hedervärda
499 525 201 21 Bondeständet.

167 596 65 20 Sedan
254 595 135 19 hundskatten
411 601 71 19 genom
502 595 73 25 nädiga
589 595 134 25 kungörelsen
737 595 20 19 af
771 595 39 20 den
826 596 26 19 20

98 624 114 20 November
235 624 53 20 1882
307 624 109 20 tillsvidare
431 624 95 24 aflyftats,
542 624 58 19 hafva
614 624 103 19 hundarne
733 624 64 20 blifvit
812 626 40 18 sär-

98 653 54 20 deles
176 653 70 19 talrika
263 652 26 26 pä
303 653 47 19 flere
365 654 52 18 orter
431 653 7 19 i
452 652 166 26 landsbygderna.
647 652 70 20 Denna
731 653 68 19 starka
813 653 40 19 till

99 684 48 18 växt
156 682 20 19 af
186 682 78 19 hundar
273 684 22 17 är
305 681 108 25 ingalunda
425 681 43 20 från
481 681 67 26 någon
564 682 106 25 synpunkt
685 682 44 19 sedt
745 682 29 19 till
789 684 64 23 nytta,

99 713 49 17 utan
169 712 86 18 tvärtom
271 711 6 19 i
291 710 48 20 flere
359 710 108 20 afseenden
489 711 29 19 till
539 712 43 18 stor
596 710 67 20 skada.
693 710 82 20 Hundar
790 710 63 21 hållas

98 740 45 20 icke
164 740 52 19 blott
238 740 20 18 af
275 740 24 19 de
313 740 123 24 förmögnare
451 739 37 20 och
503 740 25 19 de
542 740 90 25 familjer,
649 745 42 13 som
707 739 70 26 sjelfva
791 740 62 20 förmå

100 769 61 19 skaffa
172 769 31 25 sig
214 768 34 20 sitt
263 768 112 26 uppehälle,
391 769 47 18 utan
454 768 58 20 äfven
528 770 71 18 nästan
614 770 48 18 utan
678 768 102 26 undantag
795 768 59 20 också

99 798 19 20 af
128 797 74 21 sådana
212 797 89 26 familjer,
311 797 67 19 hvilka
390 796 74 20 erhålla
481 796 185 26 underhållsbidrag
681 798 20 18 af
714 797 139 25 fattigvården.

100 827 53 19 Slika
174 826 121 25 hundegare,
316 826 77 20 hvilkas
416 832 50 19 egen
488 826 46 20 kost
551 826 40 20 ofta
606 828 22 18 är
642 826 79 25 mycket
735 826 68 26 knapp
819 827 36 19 och

99 856 111 25 bristfällig,
219 856 67 19 kunna
296 855 128 25 naturligtvis
434 855 43 19 icke
499 856 54 24 gifva
572 855 44 19 sina
629 855 87 25 husdjur
731 855 60 25 nödig
805 856 50 23 föda,

100 884 78 21 hvadan
201 884 103 20 hållandet
325 884 20 19 af
364 884 57 19 hund
435 884 7 19 i
458 883 54 20 detta
527 884 34 20 fall
576 884 65 20 måste
655 890 58 14 anses
730 890 45 14 vara
791 884 64 20 direkt

100 913 127 26 djurplågeri.
258 913 63 20 Dessa
342 913 99 25 hungriga
461 913 78 19 hundar
553 913 82 26 springa
651 919 112 14 sommaren
777 913 78 25 igenom

100 943 5 18 i
129 943 97 24 skogarna
248 942 30 19 för
299 943 30 18 att
351 941 62 20 skaffa
427 941 32 25 sig
474 942 31 19 sin
519 942 46 19 föda
580 942 37 19 och
632 942 84 19 förstöra
731 941 84 20 sålunda
830 942 26 19 all

101 971 40 19 vild
163 971 53 18 afvel
231 971 6 18 i
252 971 120 24 närbelägna
394 970 81 25 skogar;
499 976 46 13 men
563 973 55 16 ännu
635 972 63 18 större
713 971 61 19 skada
789 970 66 20 åstad-

101 999 78 20 komma
201 999 25 20 de
248 999 120 25 derigenom,
384 1000 30 18 att
435 999 24 19 de
480 999 51 20 döda
551 1005 25 14 en
592 999 120 24 myckenhet
726 999 37 25 får,
777 999 80 20 hvarför

101 1029 38 19 den
153 1029 53 19 stora
221 1028 99 25 mängden
335 1027 79 20 hundar
428 1027 155 26 mångenstädes
598 1028 52 25 gjort
665 1028 97 25 betydligt
777 1028 79 20 afbräck

101 1057 6 19 i
122 1053 127 24 fårskötseln.

171 1085 66 20 Också
259 1091 22 14 ur
304 1085 97 20 sundhets
423 1086 104 24 synpunkt
549 1086 45 19 sedt
614 1087 71 24 utgöra
707 1085 104 20 hundarna
833 1093 24 13 en

102 1115 75 25 ganska
200 1116 41 18 stor
263 1115 46 19 fara.
339 1114 40 19 Vid
401 1114 109 25 uppkomst
531 1115 19 18 af
572 1114 130 20 vattuskräck
721 1115 68 19 kunna
804 1117 54 18 stora

102 1143 141 20 hundskockar
253 1143 138 20 åstadkomma
405 1143 137 25 oberäkneliga
558 1143 77 25 skador,
650 1143 60 20 innan
727 1150 44 13 man
786 1143 72 20 hinner

103 1172 80 25 vidtaga
198 1172 73 25 nödiga
286 1171 173 26 skyddsåtgärder.

172 1201 39 19 Det
233 1201 36 19 bör
290 1201 51 19 dock
355 1200 110 25 medgifvas
481 1202 29 18 att
524 1200 105 20 hundarne
644 1201 43 19 icke
702 1201 106 20 allestädes
823 1203 34 18 äro

104 1230 30 19 till
156 1230 41 19 lika
213 1231 42 18 stor
273 1231 62 23 tunga
353 1231 52 18 samt
419 1230 29 19 att
463 1229 24 19 de
502 1229 25 26 på
542 1229 62 26 några
619 1231 58 23 orter,
693 1229 66 20 såsom
775 1231 13 18 t.
803 1236 32 13 ex.
851 1230 6 19 i

103 1258 143 25 Lappmarken,
269 1260 33 17 äro
318 1258 29 19 till
369 1257 38 19 och
421 1257 46 20 med
483 1258 100 24 behöfliga.
614 1258 132 19 Fördenskull
761 1259 37 18 och
812 1259 46 19 med

103 1286 124 25 åberopande
238 1287 20 18 af
267 1287 24 18 de
311 1285 126 26 synpunkter
453 1285 19 19 vi
487 1287 60 18 ofvan
562 1288 109 23 omnämnt,
687 1286 50 25 våga
753 1287 19 19 vi
787 1287 29 19 för
826 1287 33 19 det

102 1315 129 20 Hedervärda
246 1314 147 20 Bondeståndet
403 1314 77 25 föreslå,
495 1317 29 17 att
539 1314 85 21 Ständet
639 1315 45 19 ville
699 1315 66 20 förena
780 1316 31 24 sig
827 1321 31 14 om

104 1349 24 14 en
144 1344 84 25 petition
243 1343 30 20 till
287 1343 56 20 Hans
358 1343 108 25 Kejserliga
481 1343 91 26 Majestät
587 1344 68 19 derom

379 1408 27 17 att
419 1406 20 19 ät
449 1407 21 19 de
480 1406 119 25 kommuner,
609 1413 43 13 som
666 1413 46 13 anse
723 1407 30 18 det
767 1407 94 24 behöfligt,

312 1433 109 26 medgäfves
440 1435 39 18 rätt
501 1435 26 18 att
548 1433 106 20 bestämma
674 1440 24 13 en
712 1434 51 25 ärlig
777 1434 49 19 skatt
840 1435 25 24 af

279 1483 16 9 <,
314 1463 14 18 3
350 1462 59 27 mark
425 1462 34 27 för
481 1461 64 26 hvarje
562 1461 55 20 hund
631 1461 34 20 och
679 1463 27 18 att
720 1463 141 19 kommunerna

178 1501 183 18 Ekonomiutskottets
373 1500 110 18 betänkande
494 1499 37 18 N:o
543 1501 18 17 4.
