1120 1778
114 386 64 39 kan
189 395 44 22 och
248 397 8 20 i
272 396 78 29 hvarje
366 397 42 22 fall
422 401 77 18 senast
514 399 63 21 inom
591 401 34 19 ett
640 399 26 22 år
680 399 8 21 i
704 398 81 29 dylika
795 398 80 22 värde-

129 158 215 68 östätiighoterna
359 179 65 49 anses
417 182 6 3 s
438 174 96 57 erbjuda”
542 161 133 67 fullständig
684 178 109 51 säkerhet,
809 195 67 21 likväl

129 226 77 21 endast
228 226 36 22 till
285 229 30 24 ett
336 223 244 33 värde,.motsvarande
593 225 66 43 högst
675 229 88 29 hälften
777 229 29 28 af
817 229 35 21 det
866 230 9 20 i

129 259 129 28 föregående
272 257 65 25 mom.
354 259 101 24 nämnda
466 262 84 29 belopp.
645 277 2 2 j

198 293 81 22 Skulle
298 293 176 24 förhållandena
488 296 93 28 påkalla
595 304 30 14 en
638 296 134 31 realisation
788 296 26 21 af
826 304 47 14 om-

127 326 113 28 förmälda
262 328 219 30 värdehandlingär:
496 330 56 22 eller
573 331 77 28 'nägon
669 330 36 22 del
722 329 26 22 af
759 330 59 42 dem,
834 330 41 22 bör

127 361 26 20 af
163 361 168 29 sparbankens
354 363 125 32 tillgångar
498 364 121 22 enahanda
634 364 82 42 belopp
733 364 31 21 så”
772 364 47 21 fort
835 364 40 21 ske

127 429 141 30 handlingar
282 434 116 20 omsättas.

474 498 23 20 11
515 498 20 25 8.

122 536 11 37 ja
195 540 27 29 Ej
246 541 37 21 mä
304 541 119 32 sparbank
433 548 50 23 :ega
503 549 76 16 annan
595 542 119 29 fastighet,
731 546 29 18 än
776 549 47 15 som
839 543 36 21 för

127 575 52 21 dess
195 575 202 29 inrymmande
366 571 30 39 är
412 576 89 29 afsedd;
518 577 59 22 dock
591 585 54 14 vare
661 577 117 29 sparbank
794 577 19 28 ej
829 577 46 22 för-

127 609 93 22 menadt
240 612 40 26 att,
299 610 40 22 der
358 611 40 22 det
415 611 38 22 för
468 612 135 29 skyddande
619 612 25 21 af
656 611 157 30 sparbankens
829 614 46 19 rätt

125 643 74 22 finnes
216 644 154 29 erforderligt,
385 645 82 33 inropa
481 646 38 22 för
534 646 51 22 dess
601 646 93 22 fordran
704 648 105 27 pantsatt
820 646 55 21 eller

125 680 87 33 utmätt
234 678 46 22 fast
299 679 118 28 egendom,
437 687 48 14 som
504 681 13 20 &
533 681 94 22 auktion
642 680 116 30 försäljes;
774 681 101 21 börande

112 703 158 47 "egendomen
290 714 48 21 äter
357 714 105 28 afyttras,
481 719 41 17 när
537 716 25 20 sä
577 715 93 28 pröfvas
685 715 109 29 lämpligt
808 715 43 21 och
867 715 8 21 i
998 701 55 31 i
1065 701 22 38 J

120 742 88 33 "hvarje
220 747 46 42 fall
282 748 26 21 så
322 752 64 17 snart
402 748 38 22 det
454 751 57 19 utan
526 748 83 22 förlust
625 749 44 21 kan
686 749 46 22 ske.

472 837 25 20 12
513 837 20 25 8.
1021 844 8 15 E

195 882 16 21 I
223 879 112 31 spärbank
348 883 62 21 skola
424 882 61 29 föras
501 882 96 29 följande
613 882 83 22 böcker:
901 879 1 4 |

194 917 135 27 kassabok,
352 924 48 15 som
421 913 58 32 föres
501 917 9 21 i
533 917 36 21 två
584 917 112 28 exemplar
710 917 40 21 och
764 916 29 28 af
804 917 71 20 skilda
939 921 3 6 :

125 948 92 35 personer
234 958 8 18 ;
539 952 4 3 N

194 986 223 28 afräkningsbok,
440 993 47 14 som
509 985 36 28 för
567 985 75 28 hvarje
664 985 109 26 insättare
787 985 89 22 utvisar

125 1020 86 21 insatta
226 1020 39 21 och
279 1022 94 25 uttagna
388 1020 75 28 belopp
478 1022 57 19 samt
551 1020 56 21 hans
623 1019 211 29 tillyodohafvande
824 1015 13 37 ;
968 1033 15 14 =
1040 1033 41 14 n

193 1055 147 26 reversbok,
355 1061 49 15 som
414 1055 126 23 innehåller
550 1054 90 28 uppgift
650 1061 36 13 om
695 1054 25 20 de
730 1054 29 27 af
764 1054 109 27 sparban-
1024 1061 28 17 EI

125 1088 43 23 ken
182 1088 126 22 utlemnade
323 1088 45 28 län,
384 1088 14 21 å
412 1089 49 21 dem
474 1084 112 26 inbetalda
601 1090 79 19 räntor
695 1088 39 21 och
746 1088 79 28 gjorda
837 1088 36 28 af-

112 1122 156 30 betalningar
281 1124 58 20 samt
354 1123 36 27 för
406 1121 66 23 lånen
486 1123 73 21 stälda
573 1122 134 28 säkerheter;
958 1133 2 7 :
1034 1143 7 10 a
1049 1111 26 25 o

192 1157 117 28 register
323 1157 14 21 å
352 1154 149 31 sparbankens
514 1157 136 28 gäldenärer,
662 1156 81 22 hvilket
753 1156 39 22 vid
801 1157 75 28 hvarje

124 1192 119 28 gäldenärs
260 1198 71 15 namn
349 1192 103 28 angifver
466 1192 81 22 dennes
555 1192 111 28 samtliga
680 1191 146 28 förbindelser
841 1192 36 21 till

125 1226 147 28 sparbanken,
288 1233 52 15 vare
354 1226 35 28 sig
402 1227 75 21 såsom
490 1227 114 27 låntagare
615 1226 53 22 eller
678 1226 129 26 löftesman;
818 1228 58 19 samt

194 1261 162 28 hufvudbok,
379 1262 139 27 upptagande
537 1260 150 29 sparbankens
702 1260 121 28 tillgångar
838 1260 39 22 och

125 1296 89 21 skulder
228 1296 38 25 vid
280 1296 76 28 hvarje
371 1295 38 22 ärs
424 1290 78 33 början
517 1295 40 22 och
571 1296 53 21 slut.
650 1295 3 5 '

196 1329 158 29 Sparbankens
371 1330 91 28 styrelse
481 1337 52 14 vare
553 1330 68 21 likväl
635 1329 96 29 obetaget
744 1330 40 26 att,
799 1336 36 14 om
849 1328 26 22 så

124 1364 92 28 pröfvas
232 1364 106 32 lämpligt,
354 1364 46 22 låta
414 1363 55 28 föra
480 1364 67 28 äfven
561 1364 73 22 andra
648 1363 83 22 böcker.

194 1393 101 26 Bokslut
310 1398 59 20 skall
386 1399 120 26 upprättas
522 1398 37 20 för
568 1396 137 22 kalenderår
716 1396 43 22 och
769 1396 106 22 fullstän-

117 1420 61 43 "digt
193 1430 77 22 utvisa
285 1431 157 27 sparbankens
458 1430 118 28 ställning.

195 1480 51 23 Lag-
260 1480 32 18 och
304 1479 179 18 Ekonomiutskottets
497 1479 113 18 betänkande
622 1476 39 20 N:o
673 1477 19 19 8.
