1120 1784
272 148 26 20 10
461 147 29 22 U.
505 146 28 22 B.
551 159 23 1 —
591 146 73 28 Prop.
680 146 44 22 N:o
740 146 36 21 14.

525 448 184 28 Reservationer.

610 526 19 21 1.

313 601 38 21 Dä
378 601 43 28 jag
448 599 55 23 icke
526 599 98 22 kunnat
642 599 90 22 förena
750 599 51 29 mig
820 606 39 15 om
877 599 42 22 det
937 599 56 26 slut,

244 635 73 22 hvari
339 634 164 29 lagutskottet
524 635 101 21 stannat
642 634 8 22 i
668 634 74 29 fräga
760 641 40 15 om
819 634 176 29 skyldigheten

245 671 35 21 att
296 669 75 29 kring
384 668 97 22 enskild
493 668 121 29 järnvägs
628 668 101 22 omräde
742 668 92 22 inrätta
847 668 46 22 och
906 668 89 22 under-

244 704 66 22 hälla
329 703 118 29 stängsel,
460 703 98 29 nödgas
571 703 44 29 jag
633 703 7 21 i
653 703 83 21 denna
749 703 40 21 del
801 709 130 16 reservera
944 703 51 29 mig

245 740 65 21 emot
323 738 138 22 Utskottets
474 737 166 23 betänkande.
678 737 87 29 Enligt
781 737 136 23 Utskottets
931 737 65 23 äsikt

245 773 95 29 äligger
359 772 42 22 det
418 772 8 22 i
444 772 79 22 första
541 772 68 22 hand
623 772 76 28 ägare
714 772 24 21 af
747 772 103 22 kreatur
861 773 34 21 att
904 778 92 23 genom

245 807 111 29 stängsel
376 807 59 21 eller
453 806 120 29 valleäng
585 806 91 22 hindra
690 806 73 22 dessa
773 806 57 22 från
839 806 155 23 beträdande

246 842 25 22 af
298 840 243 30 järnvägsområdet,
569 841 46 22 och
642 840 36 23 till
702 841 68 21 detta
794 841 105 22 resultat
916 841 79 22 måste

245 882 58 17 man
330 875 151 30 följdriktigt
507 875 107 26 komma,
642 881 39 16 om
700 882 58 15 man
776 876 33 28 pä
828 875 167 23 förevarande

245 911 44 22 fall
307 911 124 27 tillämpar
449 909 116 29 gällande
584 910 148 29 förordning
747 911 130 28 angående
891 911 105 28 ägofred

246 946 25 21 af
297 945 49 22 den
367 944 31 23 19
418 944 129 23 december
568 945 74 22 1864.
680 945 56 22 Men
755 945 77 29 enligt
849 945 52 22 min
919 945 75 22 tanke

217 994 3 3 +
246 981 28 21 är
304 980 79 28 sagda
413 979 148 29 författning
591 980 46 21 här
664 979 54 22 icke
746 979 137 30 tillämplig.
921 979 73 23 Detta

244 1015 112 28 framgär
374 1014 79 22 redan
472 1014 79 26 däraf,
572 1016 35 20 att
620 1014 47 22 den
681 1015 155 28 rättsgrund,
849 1015 33 27 pä
891 1015 103 22 hvilken

245 1049 181 28 förordningen
443 1048 90 26 hvilar,
553 1049 7 22 i
579 1049 67 22 detta
665 1049 43 22 fall
721 1049 53 22 icke
787 1049 142 29 föreligger.
958 1049 36 28 Ty

246 1084 27 21 sä
300 1083 88 29 billigt,
418 1089 52 16 som
497 1082 42 23 det
566 1084 28 21 är
622 1085 34 20 att
683 1083 8 22 i
718 1083 168 22 förhållandet
904 1084 90 21 mellan

244 1117 304 30 lägenhetsinnehafvare,
567 1118 100 22 hvilkas
686 1118 62 28 ägor
768 1118 93 28 gränsa
874 1118 36 22 till
922 1118 73 22 hvar-

246 1152 86 26 andra,
352 1152 56 26 den,
427 1151 103 23 hvilken
548 1152 62 22 läter
630 1152 53 22 sina
702 1152 102 22 kreatur
817 1152 32 28 gä
859 1152 61 26 lösa,
931 1152 64 22 skall

246 1193 39 15 om
313 1187 55 21 dem
395 1186 67 22 hålla
482 1186 79 22 sådan
580 1186 70 26 vård,
671 1187 35 21 att
724 1187 31 21 de
774 1186 53 22 icke
845 1186 26 22 få
889 1186 106 23 beträda

245 1227 126 22 grannens
399 1221 110 26 område,
532 1220 51 22 lika
602 1220 96 29 obilligt
716 1227 75 22 synes
810 1221 41 22 det
870 1227 62 16 vara
951 1222 43 25 att,

246 1255 31 22 då
296 1255 108 29 järnväg
422 1254 91 30 drages
533 1255 70 22 öfver
622 1262 31 15 en
664 1255 132 29 lägenhets
805 1255 80 26 mark,
899 1256 96 22 dennas

245 1290 77 28 ägare
340 1289 64 22 skall
422 1289 146 29 därigenom
587 1289 132 23 åhvälfvas
738 1290 31 22 de
785 1290 145 27 kostnader,
942 1296 53 16 som

244 1324 170 26 uppförandet
440 1324 25 20 af
491 1324 111 27 stängsel
627 1324 115 27 omkring
759 1324 238 28 järnvägsområdet

246 1356 59 22 eller
323 1356 120 28 vallgång
461 1357 39 21 för
518 1357 134 21 kreaturen
671 1356 79 22 måste
762 1356 121 22 medföra.
921 1357 75 22 Detta

244 1390 79 29 gäller
345 1390 147 28 isynnerhet
514 1390 8 22 i
540 1390 73 29 fråga
631 1396 40 16 om
690 1390 98 22 enskild
805 1391 117 29 järnväg,
942 1398 53 15 som

246 1424 120 30 anlägges
393 1424 39 22 för
456 1424 125 23 ernående
601 1424 25 22 af
645 1424 97 22 enskild
760 1425 75 22 vinst.
872 1425 53 23 Här
944 1426 52 22 står

244 1459 127 29 nämligen
389 1459 41 22 det
449 1466 46 15 ena
515 1459 114 23 enskilda
647 1460 117 22 intresset
777 1461 65 21 emot
855 1460 42 22 det
907 1460 87 27 andra,

312 1495 129 23 Lagutskottets
454 1496 108 18 betänkande
576 1498 36 16 N:o
625 1496 17 18 2.
