1123 1786
271 159 14 20 4
567 158 44 24 N:o
630 159 39 23 21.

242 225 66 28 följts,
324 227 33 20 att
372 225 36 21 det
422 225 92 22 lemnats
530 225 158 21 affärsmännen
703 227 66 25 öppet
785 226 33 20 att
837 225 104 27 antingen
951 224 46 22 låta

242 260 34 21 till
297 260 101 27 registret
421 259 85 22 anmäla
525 265 25 16 en
571 259 133 27 uthändigad
726 258 203 28 prokurafullmakt,
946 258 51 22 eller

242 295 34 20 att
298 293 114 22 underlåta
434 293 86 23 sådant.
549 293 120 21 Innehållet
691 292 24 22 af
732 292 202 28 prokurafullmakt,
950 299 46 15 som

242 327 34 22 får
290 328 158 27 inregistreras,
463 327 41 22 har
519 328 54 21 dock
588 329 61 26 synts
663 327 54 21 böra
727 327 11 21 i
753 326 155 28 förordningen
919 326 77 29 tydligt

243 362 103 28 angifvas,
366 363 56 21 samt
436 362 92 22 sålunda
543 362 163 28 inregistrering
719 362 47 22 icke
781 361 117 28 medgifvas
913 361 23 22 af
949 363 46 21 sär-

242 396 68 22 skildt
331 396 133 28 begränsade
486 396 130 27 fullmakter,
638 396 72 22 hvilka
728 396 73 22 kunde
825 396 80 22 bereda
927 396 69 28 tredje

241 437 51 15 man
308 431 73 21 skada.
405 430 63 22 Hvad
479 431 47 21 åter
536 431 40 22 den
588 431 78 27 lagliga
675 430 173 28 begränsningen
858 430 24 22 af
890 430 106 28 prokura-

242 465 100 22 fullmakt
364 466 74 26 angår,
456 465 40 22 har
514 466 81 27 härom,
614 466 7 21 i
635 465 68 22 likhet
717 466 49 21 med
780 465 57 22 hvad
852 465 143 22 annorstädes

242 500 65 26 skett,
323 500 112 27 upptagits
451 501 33 20 att
499 500 172 27 begränsningen
685 500 40 21 bör
740 500 57 27 gälla
810 500 139 22 uteslutande
958 499 37 23 be-

242 534 153 27 myndigandet
410 535 34 20 att
458 534 83 27 förfoga
553 534 60 22 öfver
621 534 187 22 hufvudmannens
818 534 57 22 fasta
885 534 109 28 egendom.

310 568 42 22 Det
366 568 80 28 förslag
461 569 33 21 till
508 568 127 28 förordning
650 569 32 21 uti
697 568 164 28 ifrågavarande
870 570 69 26 ämne,
948 575 46 16 som

242 603 33 21 till
290 602 122 22 Ständerna
425 603 89 21 härmed
530 603 146 26 öfverlemnas,
692 604 24 20 är
731 603 24 21 af
767 603 94 28 följande
876 603 88 27 lydelse:

447 701 103 27 Förslag
569 701 29 22 till
613 701 123 27 förordning,
753 701 106 27 angående
875 701 117 22 handelsre-

377 740 65 27 gister
457 741 54 21 samt
526 747 32 15 om
574 741 59 21 firma
647 741 38 21 och
701 741 92 27 prokura.

573 816 9 19 1
599 814 60 21 KAP.

498 872 37 20 Om
550 871 183 27 handelsregister.

595 935 8 19 1
621 934 18 26 8.

308 972 188 28 Handelsregister
510 973 55 22 skall
579 973 33 22 för
628 974 48 21 hela
691 974 73 22 landet
779 974 58 22 föras
848 974 23 22 af
879 974 41 22 den
931 981 60 21 myn-

240 1007 72 27 dighet
330 1007 7 22 i
355 1007 141 28 Helsingfors,
519 1014 47 16 som
588 1008 104 28 Kejsaren
715 1008 39 22 och
769 1008 134 22 Storfursten
919 1009 72 22 dertill

238 1041 120 22 förordnar.
381 1042 38 21 Uti
431 1042 192 28 handelsregistret
637 1043 61 21 skola
711 1042 114 23 inskrifvas
839 1043 26 22 de
880 1044 110 21 anmälan-

238 1076 48 27 den,
302 1082 34 16 om
352 1076 72 22 hvilka
439 1077 7 21 i
462 1077 70 21 denna
546 1077 126 27 förordning
686 1076 107 28 förmäles,
804 1077 51 23 eller
865 1078 83 22 hvilkas
958 1078 32 22 in-

238 1110 94 28 tagande
346 1111 7 21 i
368 1111 102 27 registret
484 1111 43 21 kan
543 1112 66 21 varda
624 1112 127 21 annorledes
766 1111 142 23 föreskrifvet.

592 1180 47 27 28.

305 1218 107 22 Anmälan
429 1219 33 21 till
477 1219 190 28 handelsregistret
682 1221 60 26 skall,
759 1221 75 28 åtföljd
849 1221 23 22 af
884 1221 106 28 stadgade

237 1253 243 27 registreringsafgifter,
502 1256 64 25 göras
589 1253 126 28 skriftligen,
730 1255 7 21 i
753 1255 49 22 stad
821 1255 39 22 hos
875 1256 113 27 magistrat

237 1287 51 21 eller
303 1287 148 28 ordningsrätt
470 1288 40 21 och
531 1289 29 26 pä
574 1289 74 21 landet
666 1289 39 22 hos
720 1289 132 28 kronofogde
867 1290 8 21 i
890 1290 41 22 den
946 1292 42 25 ort,

237 1322 38 20 der
289 1322 97 21 rörelsen
400 1323 54 20 skall
470 1323 90 21 utöfvas.
591 1323 231 26 Anmälningsskriften
835 1325 67 26 jemte
918 1325 71 21 dertill

235 1355 97 22 hörande
347 1355 82 27 bilagor
444 1355 54 22 böra
513 1356 86 22 affattas
615 1357 7 20 i
637 1357 37 20 tvä
689 1357 113 27 exemplar,
816 1357 77 22 hvaraf
901 1358 36 21 det
947 1364 42 16 ena

236 1389 55 21 skall
313 1389 133 22 omedelbart
468 1389 139 23 öfversändas
626 1390 33 21 till
678 1391 308 29 registreringsmyndigheten,

235 1423 91 27 hvilken,
351 1423 71 22 derest
444 1424 75 28 lagligt
540 1424 77 22 hinder
638 1424 34 23 för
689 1426 167 28 registreringen
870 1427 48 21 icke
932 1426 55 23 före-

234 1457 76 28 finnes,
326 1464 50 22 eger
394 1459 123 22 densamma
535 1459 123 23 verkställa.
687 1460 222 29 Duplettexemplaret
924 1468 63 21 gvar-
