1123 1767
338 144 30 24 U.
383 145 28 22 B.
426 158 28 3 —
468 145 75 28 Prop.
559 145 45 23 N:o
619 144 37 23 12.
843 144 12 20 7

135 212 85 22 minsta
240 212 150 30 bötesbelopp
414 213 112 22 utskottet
544 213 109 29 derjemte
668 215 78 19 ansett
761 213 35 21 stä
811 213 8 21 i
834 212 52 22 skä-

134 246 45 28 ligt
200 246 145 22 förhällande
370 246 36 22 till
430 247 39 21 det
490 246 131 29 föreslagna
641 246 168 30 jemförelsevis
829 246 57 28 läga

135 280 190 22 bötesmaximum
341 282 27 20 20
383 280 71 22 mark.

202 314 52 22 Den
274 314 8 22 i
304 315 12 27 $
339 316 12 20 8
374 314 118 22 bestämda
514 314 41 27 tid,
578 315 63 20 inom
657 314 94 22 hvilken
765 314 118 28 fasttagen

133 348 64 21 hund
220 348 41 22 bör
281 348 26 22 af
323 356 68 22 egare
413 348 144 28 äterfordras,
574 348 55 22 eller
644 350 13 20 2
672 347 63 29 dygn
750 348 8 21 i
774 348 52 21 stad
841 348 43 22 och

135 384 12 19 4
169 383 31 28 pä
221 382 87 27 landet,
330 382 42 22 har
394 382 114 22 utskottet
530 384 77 20 ansett
621 382 37 22 för
676 382 90 28 knappt
780 382 104 27 tillmätt,

133 416 109 22 särskildt
252 417 52 21 med
314 417 91 28 hänsyn
415 416 37 22 till
462 416 45 22 den
520 416 109 29 derjemte
639 416 111 28 stadgade
758 416 128 29 päföljden,

134 452 34 20 att
178 451 64 22 hund
255 451 59 21 efter
326 451 76 21 denna
411 450 35 22 tid
456 451 36 21 fär
501 453 56 19 utan
568 450 79 22 vidare
658 450 126 29 omgängar
794 450 91 22 undan-

132 485 92 22 skaffas.
250 486 122 21 Utskottet
385 486 36 21 fär
436 485 78 22 derför
528 485 91 27 föreslä,
635 487 35 19 att
685 484 71 28 sagda
768 485 35 21 tid
813 485 72 22 mätte

132 521 100 20 utsättas
248 520 36 21 till
306 522 4 20 3
326 520 63 28 dygn
404 520 9 21 i
428 519 51 22 stad
494 520 43 22 och
552 521 12 21 6
581 519 63 29 dygn
665 520 30 28 pä
712 519 87 22 landet.

203 553 46 22 Vid
265 554 106 22 ärendets
386 554 80 21 remiss
482 554 8 21 i
504 554 174 22 Presteständet
691 553 60 22 hade
767 554 26 21 af
805 561 29 14 en
850 556 34 19 ta-

132 588 49 22 lare
191 588 117 29 päyrkats,
319 591 35 19 att
364 588 108 22 anmälan
483 588 119 29 angäende
615 587 196 29 omhändertagen
821 588 64 22 hund

134 622 70 22 borde
226 626 67 26 göras
315 622 42 22 hos
380 630 90 21 egaren,
493 623 71 21 innan
586 622 93 22 hunden
700 622 62 29 finge
787 622 97 22 afiifvas.

132 657 71 22 Detta
218 657 104 29 yrkande
338 658 41 20 har
394 657 69 21 äfven
479 658 120 21 omfattats
615 657 26 21 af
650 664 28 14 en
692 657 118 22 minoritet
821 657 63 21 inom

132 692 125 26 utskottet;
278 699 53 14 men
353 691 148 29 pluraliteten
523 692 42 21 har
587 691 60 22 dock
662 694 75 19 ansett
753 694 34 19 att
801 691 83 29 frägan

133 726 87 26 härom,
236 726 8 21 i
260 726 113 22 anseende
396 726 36 22 till
455 725 92 23 dermed
569 726 110 22 förenade
700 726 120 28 praktiska
837 733 49 15 om-

132 761 90 28 gängar
244 760 43 22 och
310 760 150 29 svärigheter,
482 760 76 22 kunde
574 760 99 27 förfalla,
691 760 61 22 helst
766 768 37 14 om
819 760 66 22 tiden

132 795 37 21 för
190 794 106 22 hundens
318 794 173 22 reklamerande
512 794 50 29 blir,
578 795 30 28 pä
623 798 46 18 sätt
684 794 41 22 här
740 794 71 22 ofvan
826 795 59 21 före-

132 830 89 28 slagits,
236 830 138 28 tillräckligt
388 829 115 29 förlängd.

200 864 12 22 I
227 864 264 29 författningsförslaget
505 864 68 29 ingår
592 864 51 21 icke
665 864 72 28 något
755 863 129 29 stadgande

133 898 86 28 derom,
244 898 114 22 huruvida
382 898 146 28 hundvalpar
553 902 39 18 äro
622 897 151 29 beskattning
801 898 85 22 under-

132 932 96 22 kastade
256 932 56 22 eller
333 932 58 22 icke.
428 932 37 21 Då
486 932 148 28 bestämning
662 932 79 21 härom
762 932 37 21 till
828 932 57 22 und-

132 966 101 22 vikande
266 966 26 22 af
316 966 162 22 missförstånd
504 966 43 23 och
573 966 194 22 rättskollisioner
795 968 89 20 ansetts

132 1001 99 29 önsklig,
242 1001 41 21 har
296 1001 121 27 utskottet,
432 1000 72 22 ehuru
520 1000 137 29 visserligen
672 1007 29 15 en
711 1000 118 22 minoritet
844 1008 41 14 an-
910 1026 4 3 -

133 1038 46 19 sett
200 1036 84 21 sådant
305 1035 154 29 öfverflödigt,
474 1035 150 22 förmenande
639 1038 34 19 att
689 1034 75 22 denna
779 1035 42 21 sak
835 1042 50 22 reg-

133 1069 77 23 lerade
232 1070 36 28 sig
291 1070 26 21 af
337 1070 36 28 sig
395 1069 59 29 sjelf,
470 1072 95 19 stannat
582 1068 41 23 vid
637 1068 99 22 beslutet
751 1071 35 19 att
800 1069 9 21 i
823 1068 62 23 skild

132 1104 12 28 8
166 1104 76 22 införa
258 1104 148 28 bestämning
420 1104 86 26 derom,
522 1106 35 20 att
571 1103 146 29 hundvalpar
731 1102 63 22 intill
809 1103 75 29 fyllda

132 1138 54 28 fyra
200 1138 111 22 månader
326 1145 54 15 vore
396 1138 52 21 från
463 1138 150 28 beskattning
627 1137 52 22 fria.

202 1167 81 33 Öfriga
297 1172 9 21 i
321 1172 45 22 den
384 1172 86 29 nådiga
490 1172 174 28 propositionen
678 1171 132 29 föreslagna
824 1171 61 22 stad-

132 1206 93 29 ganden
244 1206 72 22 hafva
334 1206 52 22 icke
400 1206 72 29 gifvit
486 1206 113 22 utskottet
614 1205 126 29 anledning
754 1205 37 22 till
806 1206 78 28 någon

133 1241 105 27 erinran
233 1235 12 37 ;
254 1240 44 22 och
312 1239 36 23 får
362 1240 115 22 utskottet
492 1240 83 27 derför,
591 1242 59 19 samt
663 1240 53 21 med
726 1240 53 21 stöd
789 1240 26 21 af
822 1240 63 22 hvad

132 1274 9 22 i
163 1274 39 22 det
224 1274 140 30 föregående
386 1274 95 27 anförts,
503 1274 119 22 vördsamt
638 1274 133 22 hemställa:

406 1356 32 20 att
460 1354 84 21 landets
567 1354 117 28 höglofliga
707 1352 96 22 Ständer
820 1354 65 20 måtte

338 1388 9 20 i
374 1388 172 28 underdånighet
567 1389 96 24 anmäla,
686 1390 31 18 att
740 1388 40 20 den
802 1388 83 26 nådiga

335 1422 164 26 propositionen
522 1422 30 26 af
571 1422 48 20 dem
640 1422 96 26 antagits
750 1420 49 21 med
813 1421 71 27 några

201 1477 182 19 Ekonomiutskottets
395 1477 110 19 betänkande
516 1477 38 18 N:o
570 1477 17 18 4.
