1123 1784
261 161 25 20 14
425 159 83 23 Ständ.
523 160 38 22 Sv.
578 172 24 3 —
619 160 74 26 Prop.
709 159 42 22 N:o
767 158 34 23 18.

231 224 126 22 anvisande
379 224 27 21 af
422 224 76 22 medel
512 224 38 21 för
564 224 128 22 understöd
707 225 24 20 åt
745 223 178 30 folkhögskolor
939 224 50 21 åter

231 259 80 22 blifvit
323 259 142 30 framstälda.
489 259 46 22 Vid
550 259 143 29 pröfningen
707 259 26 22 af
746 259 67 22 dessa
823 259 87 28 förslag
917 258 71 22 hafva

231 294 130 21 Ständerna
383 293 79 22 funnit
485 293 39 22 det
547 301 54 15 vara
621 293 110 29 önskligt,
755 295 34 20 att
804 293 86 22 sådana
904 301 84 21 genom

230 329 78 29 privat
330 329 103 21 initiativ
456 329 146 29 grundlagda
628 329 184 28 folkhögskolor,
843 336 49 14 som
914 329 76 21 under

230 363 117 28 förloppet
362 363 26 21 af
401 370 28 14 en
444 363 48 20 viss
508 362 201 26 verksamhetstid,
725 364 16 19 t.
758 369 34 15 ex.
805 363 39 21 två
852 363 31 27 år,
899 362 90 22 arbetat

231 397 52 22 med
305 397 130 28 framgång,
458 397 92 21 komme
572 397 8 22 i
604 397 136 28 åtnjutande
755 397 26 22 af
794 397 195 22 statsunderstöd.

231 431 87 22 Härtill
339 431 128 29 föreligger
489 432 75 28 enligt
586 431 142 22 Ständernas
751 431 70 22 tanke
847 432 25 21 så
893 431 96 29 mycket

231 473 62 15 mera
316 466 57 28 skäl,
396 473 50 14 som
467 465 182 30 folkhögskolan
672 467 8 20 i
703 467 52 20 vårt
776 466 55 21 land
846 466 97 28 inslagit
959 473 28 14 en

231 501 107 28 praktisk
361 500 113 28 riktning,
497 500 96 23 hvilken
617 507 70 22 synes
706 502 85 27 utgöra
806 507 29 15 en
849 500 88 29 borgen
952 501 38 21 för

231 535 232 29 folkhögskoleidéns
486 535 130 29 framgång.
645 535 77 22 Jemte
745 535 40 22 det
807 535 130 22 Ständerna
951 535 38 22 för

232 570 109 28 samtliga
367 569 179 28 ofvannämnda,
576 570 38 22 för
635 569 236 30 landtbefolkningen
893 569 96 22 afsedda

232 604 232 29 bildningsanstalter
477 604 38 21 för
529 604 158 22 instundande
696 604 169 29 budgetperiod
876 605 114 21 beräknat

233 640 34 19 ett
282 639 177 28 anslagsbelopp
475 639 26 20 af
515 639 91 27 105,000
620 639 71 26 mark,
707 639 71 21 hafva
792 638 131 22 Ständerna
937 639 53 21 här-

232 672 41 22 vid
288 672 51 22 haft
353 673 10 21 i
377 673 68 28 sigte,
461 674 35 20 att
511 672 83 30 bidrag
608 680 29 14 ur
651 673 64 21 detta
730 673 81 29 anslag
826 673 75 21 skulle
912 672 77 22 tillde-

232 706 34 22 las
281 707 177 29 folkhögskolor
473 707 38 21 till
526 707 84 29 belopp
626 707 26 21 af
664 707 70 29 högst
741 708 64 26 3,000
813 707 65 22 mark
887 714 37 15 om
933 708 56 21 året.

302 742 33 21 På
355 741 76 29 grund
454 741 68 22 häraf
541 742 25 21 få
580 742 132 22 Ständerna
725 742 10 21 i
748 742 187 28 underdånighet
950 749 41 15 an-

232 776 71 22 mäla:

508 836 31 20 att
562 834 125 22 Ständerna
712 835 83 27 utöfver
817 834 35 22 det
873 834 72 28 belopp
967 835 31 26 af

438 868 160 29 sammanlagdt
609 869 125 27 5,200,700
744 869 67 28 mark,
826 876 44 14 som
880 869 110 27 folkskole-

439 903 104 28 budgeten
557 904 36 26 för
608 904 53 21 åren
676 903 147 22 1895—1897
837 903 67 29 enligt
915 905 75 25 ofvan-

439 938 87 21 stäende
547 937 204 29 sammanställning
766 940 111 26 upptager,
901 938 32 22 till
947 945 42 15 un-

441 972 84 21 derstöd
541 973 23 21 ät
578 972 153 22 landtmanna-
748 972 37 23 och
799 973 193 22 husmodersskolor

440 1007 108 27 äfvensom
574 1007 153 28 folkhögskolor
753 1007 85 28 beviljat
859 1015 28 14 en
907 1014 84 15 summa

440 1042 28 26 af
487 1041 75 22 inalles
584 1041 97 28 105,000
702 1042 64 22 mark
793 1044 32 20 att
846 1043 53 28 utgå
920 1043 72 22 under

440 1075 67 28 sagda
523 1077 36 26 år;

303 1149 127 29 hvarjemte
445 1149 130 23 Ständerna
588 1149 43 23 hos
646 1150 73 22 Eders
735 1150 132 30 Kejserliga
881 1150 112 30 Majestät

234 1184 169 28 underdånigst
417 1184 132 22 hemställa:

511 1256 32 20 att
564 1254 28 28 af
603 1254 35 22 det
653 1254 32 22 till
699 1254 149 28 Regeringens
862 1254 129 28 förfogande

439 1288 35 26 för
495 1288 142 28 omförmälda
659 1288 104 22 ändamål
783 1288 70 23 stälda
869 1288 77 29 anslag
961 1288 31 22 bi-

441 1322 55 27 drag
511 1324 28 25 af
548 1322 61 27 högst
622 1323 70 24 3,000
707 1323 61 21 mark
783 1322 84 28 årligen
882 1323 65 20 måtte
958 1323 33 27 på

440 1356 98 21 ansökan
550 1351 7 37 =
568 1356 142 21 tillerkännas
738 1356 75 28 hvarje
840 1355 152 29 folkhögskola,

439 1396 44 15 som
499 1390 70 21 under
584 1396 27 16 en
626 1390 41 22 viss
683 1390 32 22 tid
729 1390 58 22 varit
801 1390 9 22 i
824 1390 137 22 verksamhet.
