1120 1775
350 156 29 26 U.
394 160 28 22 B.
438 173 27 3 —
480 160 74 28 Prop.
569 160 43 22 N:o
627 160 34 22 17.

369 409 218 28 Lagutskottets
602 409 179 23 betänkande
796 409 43 23 N:o
859 410 23 27 9,

336 444 10 21 i
358 443 134 27 anledning
504 443 27 22 af
538 442 66 23 Hans
614 443 136 28 Kejserliga
760 443 122 29 Majestäts

336 476 89 28 nådiga
442 477 154 27 proposition
611 476 123 28 angående
750 478 133 28 ändringar

336 511 10 21 i
361 511 48 21 den
423 510 41 23 för
478 510 276 28 evangelisk-lutherska
766 512 95 28 kyrkan
872 514 11 21 i

338 550 105 22 Finland
459 550 47 22 den
518 544 114 22 Z5—?"
643 550 59 22 1868
718 551 98 28 nädigst
825 552 57 22 fast-

524 568 9 12 9
541 567 82 13 December

337 590 79 22 stälda
431 590 47 22 och
493 589 47 23 den
556 590 14 22 6
586 590 133 23 December
733 591 59 22 1869
804 591 78 23 utfär-

338 624 61 22 dade
414 624 128 28 kyrkolag.

202 681 84 22 Genom
308 681 104 22 särskilda
433 682 12 20 ä
465 682 65 20 andra
546 682 104 20 allmänna
665 682 66 21 finska
746 683 138 26 kyrkomötet

133 717 23 20 är
173 716 54 21 1886
242 716 83 21 fattade
340 716 69 21 beslut
424 716 102 27 uppdrog
541 716 145 27 kyrkomötet,
699 717 83 26 jemlikt
800 717 12 27 &
825 722 41 22 455
879 719 6 19 i

132 750 140 27 kyrkolagen,
293 751 22 20 ät
336 757 26 14 en
382 750 24 21 af
418 750 68 21 mötet
501 750 74 21 tillsatt
591 750 199 27 kyrkolagskomit&
805 755 32 18 att
853 755 32 18 ut-

133 785 75 20 arbeta
230 784 80 27 förslag
332 784 32 21 till
386 785 113 26 ändringar
521 786 6 19 i
549 786 57 19 vissa
629 785 58 20 delar
710 785 24 20 af
753 786 68 27 sagda
842 786 42 27 lag.

133 819 72 20 Sedan
220 817 96 22 komiten
330 818 94 27 fullgjort
438 820 37 19 sitt
490 819 106 26 uppdrag,
612 818 72 21 blefvo
700 819 50 21 dess
762 819 122 29 lagförslag,

134 854 6 19 i
155 853 103 20 afseende
275 853 13 20 å
310 853 134 20 utlätandens
466 853 129 26 afgifvande,
616 853 159 21 öfverlemnade
794 854 32 21 till
844 855 42 20 för-

135 887 141 27 samlingarna
298 887 42 21 och
355 886 162 28 presterskapet
532 889 6 19 i
554 887 28 21 de
597 886 68 22 skilda
680 887 73 21 stiften
768 892 56 18 samt
839 889 47 21 der-

135 921 60 25 efter,
209 921 67 27 jemte
292 921 27 21 de
334 921 124 21 utlåtanden
473 928 47 14 som
535 922 101 26 afgifvits,
649 922 111 27 förelagda
771 923 37 21 det
821 924 3 20 i
834 916 52 28 Åbo

135 956 50 20 stad
207 957 6 19 i
231 955 44 26 juni
297 956 77 20 mänad
400 956 52 26 1893
475 956 128 20 församlade
617 956 69 26 tredje
700 956 105 21 allmänna
820 957 67 21 finska

135 989 145 27 kyrkomötet,
297 996 53 18 som,
366 989 54 21 efter
436 990 37 20 det
488 990 107 26 förslagen
610 991 54 19 varit
677 990 158 22 underkastade
845 992 42 20 för-

135 1024 123 20 beredande
273 1023 119 27 grankning
402 1024 24 20 af
435 1027 32 18 ett
477 1023 207 28 kyrkolagsutskott,
695 1031 79 20 genom
784 1025 104 21 särskilda

136 1057 70 21 beslut
221 1061 75 23 antog:

205 1091 23 28 (I)
245 1095 31 17 ett
297 1091 79 27 förslag
397 1091 31 21 till
442 1092 67 20 sådan
525 1092 81 20 ändrad
621 1092 83 26 lydelse
719 1092 25 21 af
755 1094 10 24 $
780 1093 25 26 65
823 1100 64 14 mom.

137 1133 24 18 c.,
178 1128 32 18 att
226 1126 27 20 de
268 1125 138 27 förbrytelser
421 1125 130 27 uppräknas,
567 1126 33 20 för
610 1126 71 20 hvilka
693 1126 92 22 enskildt
796 1127 92 21 skrifter-

137 1160 42 20 mäl
193 1160 68 20 borde
276 1166 41 21 ega
332 1166 54 19 rum;

206 1193 34 28 (II)
256 1197 31 17 ett
302 1193 80 27 förslag
396 1193 31 21 till
446 1193 90 27 ändring
547 1194 24 20 af
577 1194 28 20 de
616 1195 6 19 i
632 1193 28 28 $8
673 1200 45 19 100,
732 1200 46 20 101,
792 1201 44 20 102,
851 1201 38 22 103

137 1228 43 20 och
205 1233 39 20 104
259 1227 105 27 ingäende
379 1227 187 27 bestämningarna
582 1227 90 22 rörande
687 1228 123 27 kyrkotukt,
827 1230 42 21 och
883 1232 6 19 i

137 1261 154 27 sainmanhang
313 1261 89 20 härmed
422 1261 79 26 jemväl
521 1262 32 20 till
573 1262 81 21 ändrad
676 1262 83 27 lydelse
782 1263 24 20 af
821 1263 12 28 &
850 1270 41 21 394

138 1299 56 17 samt
209 1295 31 21 till
256 1299 31 17 ett
302 1298 48 23 nytt
366 1298 95 17 moment
476 1295 30 20 till
521 1295 12 27 $
547 1295 37 26 65;

208 1328 43 27 (III)
267 1332 31 18 ett
314 1329 80 26 förslag
408 1329 31 20 till
454 1336 27 13 en
493 1330 82 20 mindre
586 1329 105 28 ändring
685 1324 10 38 i
704 1331 11 25 $
729 1330 39 21 106
778 1332 113 26 angående

139 1371 16 13 s.
170 1363 21 21 k.
208 1363 62 20 veniä
285 1363 148 24 concionandi;

208 1397 48 26 (IV)
272 1400 32 17 ett
326 1397 80 26 förslag
428 1397 32 20 till
482 1398 89 25 ändring
586 1397 25 20 af
623 1398 41 20 den
679 1399 6 18 i
701 1398 12 25 8
731 1403 37 20 125
785 1399 106 21 förekom-

139 1430 78 21 mande
239 1430 136 27 bestämning
396 1430 111 26 angäende
528 1437 76 14 ansvar
625 1431 32 20 för
672 1434 70 23 prests
758 1432 133 21 embetsfel
878 1426 16 35 i

140 1464 45 21 deri
200 1463 92 22 nämnda
308 1463 50 26 mäl;

209 1505 123 20 Lagutshottets
345 1504 103 16 betänkande
460 1505 34 15 N:o
506 1509 16 16 9.
