1123 1786
253 159 13 21 2
548 160 45 23 N:o
613 161 39 22 22:

224 226 67 21 hvarå
312 229 76 25 patent
410 226 39 22 här
469 227 100 27 åtnjutes,
588 227 52 21 eller
655 226 33 22 till
704 226 47 22 salu
765 226 70 27 hållit,
851 227 7 20 i
873 227 37 20 sitt
925 227 53 27 yrke

225 261 92 21 användt
339 261 52 21 eller
413 260 34 22 för
468 260 125 28 försäljning
613 261 51 21 eller
683 263 66 19 annat
764 261 166 27 yrkesändamål
944 261 34 21 till

224 295 74 21 landet
320 295 66 21 infört
408 295 96 26 föremål,
527 301 46 16 som
595 297 38 19 äro
648 295 40 21 här
703 295 138 27 patenterade
856 295 52 21 eller
924 294 55 22 efter

223 330 42 21 här
274 330 138 26 patenteradt
426 329 191 27 tillverkningssätt
625 328 169 29 åstadkommits,
805 329 57 21 skall
868 330 111 26 gernings-

223 370 99 22 mannen,
342 364 38 21 der
394 364 43 21 han
452 364 65 21 visste
533 364 52 22 eller
600 364 48 21 bort
663 365 50 19 veta
727 366 32 19 att
775 363 128 28 handlingen
918 364 59 21 inne-

225 398 84 23 fattade
331 398 86 27 intrång
432 397 6 21 i
455 404 81 15 annans
559 399 125 26 patenträtt,
700 400 81 19 ersätta
797 398 30 21 all
841 398 74 26 skada,
930 404 47 16 som

224 432 180 28 patenthafvaren
425 432 85 27 pröfvas
532 432 65 21 hafva
621 432 122 27 derigenom
766 432 55 22 lidit.
856 432 59 28 Egde
937 432 41 22 den

225 467 97 27 skyldige
344 466 67 22 sådan
433 466 95 27 vetskap,
550 472 51 15 vare
623 466 106 22 dessutom
749 466 89 22 straffad
852 466 49 22 med
916 466 64 21 böter

223 501 48 21 från
296 500 39 25 och
358 500 50 22 med
429 500 61 28 tjugu
511 500 34 22 till
560 500 39 22 och
614 500 48 22 med
677 500 98 22 tvåtusen
790 501 60 21 mark
865 501 59 25 eller,
940 501 39 21 der

224 534 211 28 omständigheterna
457 536 37 20 äro
510 535 133 27 synnerligen
659 534 144 27 försvårande,
817 535 49 21 med
880 535 96 27 fängelse

223 571 7 20 i
245 571 63 26 högst
323 572 32 19 ett
370 570 31 21 år.

292 604 78 22 Finnes
389 604 6 20 i
411 603 154 22 ofvannämnda
588 604 37 21 fall
649 603 99 27 olofligen
763 604 120 26 tillverkad,
898 604 80 27 begag-

223 639 49 27 nad,
288 638 33 22 till
337 638 46 22 salu
398 638 72 22 hållen
487 638 51 22 eller
554 638 33 22 till
602 638 74 22 landet
691 638 71 22 införd
778 645 51 15 vara
843 639 7 21 i
866 639 41 21 den
921 638 57 28 skyl-

224 673 58 28 diges
305 679 46 22 ego,
374 673 55 21 skall
453 672 47 28 den,
524 680 34 15 om
577 672 148 28 målseganden
741 673 37 23 det
792 673 64 27 yrkar
872 674 39 21 och
927 673 48 21 sak-

223 714 91 21 egarene
333 707 47 22 icke
405 707 72 21 kunna
492 708 131 21 annorlunda
638 708 83 26 sämjas,
737 710 63 25 göras
815 708 113 27 obrukbar,
944 708 33 21 så-

223 742 65 22 framt
311 742 18 27 ej
353 748 66 15 varan
439 742 114 27 lämpligen
576 742 42 21 kan
632 742 34 22 till
685 742 152 27 skyddstidens
851 742 43 22 slut
909 744 69 20 sättas

222 777 69 21 under
306 776 161 22 verkställande
482 776 135 28 myndighets
632 776 117 28 försegling
764 779 55 19 samt
830 777 40 21 den
880 776 97 29 skyldige

223 811 34 22 för
277 811 76 21 sådant
368 810 98 22 ändamål
482 811 83 21 anvisar
579 810 84 28 tjenligt
678 810 173 28 förvaringsrum.
876 812 40 21 Om
930 812 48 21 red-

222 846 59 26 skap,
301 851 45 16 som
366 845 35 21 vid
417 844 72 28 oloflig
503 845 137 27 tillverkning
655 845 117 28 begagnats
788 846 39 21 och
842 846 72 22 dertill
929 848 47 21 ute-

223 880 98 21 slutande
339 882 23 19 är
377 879 131 27 användbar,
523 886 51 15 vare
589 880 36 27 lag
639 886 88 15 samma.

290 914 32 21 På
344 913 161 28 målsegandens
529 914 102 21 anhållan
653 915 35 20 må
712 915 119 21 domstolen
852 915 39 21 ock
907 915 68 22 under

222 948 112 28 pågående
349 949 114 27 rättegång
477 949 73 21 kunna
566 949 107 26 förordna,
689 951 33 20 att
738 949 97 27 föremål,
850 956 46 15 som
912 951 62 21 ofvan

222 985 37 20 äro
283 983 100 27 nämnda,
406 983 61 21 skola
486 983 39 22 hos
542 983 39 21 den
597 983 105 22 tilltalade
718 986 60 24 tagas
793 984 7 21 i
815 984 79 27 beslag,
910 985 65 21 sedan

222 1017 160 28 målseganden,
399 1017 37 22 der
451 1017 78 22 sådant
544 1017 86 27 pröfvas
641 1017 81 28 nödigt,
734 1019 83 21 anvisat
826 1019 98 28 lämpligt
934 1020 43 20 tör-

221 1053 132 26 varingsrum
369 1053 56 20 samt
439 1051 54 22 stält
506 1052 81 27 borgen
602 1052 33 21 för
651 1052 90 21 kostnad
757 1053 40 21 och
812 1053 72 22 skada.

289 1086 26 27 Ej
338 1085 35 22 må
395 1087 64 25 brott,
483 1092 46 15 som
552 1087 7 20 i
583 1087 67 21 denna
672 1087 12 27 $
708 1087 143 26 omförmäles,
870 1087 68 22 åtalas
954 1088 24 21 af

222 1121 78 21 allmän
315 1121 107 26 åklagare,
439 1120 38 21 der
492 1121 18 26 ej
527 1121 152 27 målseganden
695 1121 82 22 anmält
793 1122 36 21 det
843 1121 33 22 till
892 1123 51 20 åtal.

575 1218 46 28 28.

289 1257 64 27 Hvar,
368 1264 46 15 som
429 1257 127 29 falskeligen
572 1260 13 20 å
601 1265 52 16 vara
669 1259 51 22 eller
736 1261 136 26 varuomslag
887 1261 86 21 anbrin-

220 1298 40 21 gar
284 1291 93 28 påskrift
400 1293 53 21 eller
471 1299 69 16 annan
556 1293 129 28 beteckning
701 1300 34 15 om
750 1296 33 20 att
798 1301 64 16 varan
877 1295 7 21 i
900 1295 74 22 landet

220 1326 94 25 åtnjuter
339 1327 154 25 patentskydd;
509 1327 52 20 eller
576 1328 7 19 i
598 1328 127 25 kungörelse
740 1328 53 21 eller
807 1328 99 26 cirkulär,
922 1329 53 20 eller

221 1359 12 20 å
256 1359 113 26 väggtafla,
393 1359 53 21 eller
467 1359 29 27 på
518 1362 67 19 annat
607 1362 44 19 sätt
673 1360 128 27 falskeligen
816 1361 112 27 uppgifver
942 1364 32 19 att

219 1393 43 21 viss
285 1398 52 17 vara
352 1393 7 21 i
374 1393 74 22 landet
471 1393 94 28 åtnjuter
586 1393 150 28 patentskydd,
751 1394 84 22 straffes
850 1395 48 22 med
913 1395 64 22 böter

219 1427 64 27 högst
297 1427 126 22 femhundra
437 1428 68 21 mark.
