1123 1778
279 167 27 20 14

462 166 28 22 U.
505 167 28 21 B.
551 179 23 2 —
591 166 74 29 Prop.
681 167 45 22 N:o
742 167 35 22 13.

523 234 14 27 $
552 236 20 19 4.
600 234 68 27 Hvar,
683 241 48 14 som
740 236 57 19 utan
806 235 196 28 vederbörligt

455 268 101 21 tillstånd
576 275 78 21 genom
678 269 137 27 fördöljande
838 269 28 28 af
876 269 40 21 sitt
929 269 71 28 stånd,

455 303 39 21 sitt
508 310 70 14 namn
593 303 52 22 eller
658 303 37 21 sin
705 303 146 27 nationalitet,
862 303 51 22 eller
922 311 79 20 genom

455 339 71 19 annat
549 338 55 24 svek,
635 337 120 28 förskaffar
778 338 34 26 sig
843 338 95 20 tillträde
967 338 35 20 till

455 371 67 27 nägot
536 371 73 27 Ryska
620 372 65 20 rikets
695 371 162 28 fästningsverk
865 372 50 21 eller
923 372 80 27 örlogs-

455 406 75 26 hamn,
553 405 140 27 förskansadt
715 406 64 27 läger,
802 406 134 27 krigsfarlyg
951 406 52 21 eller

456 446 77 14 annan
555 439 148 28 krigsanstalt,
719 439 76 27 afsedd
807 439 37 28 för
859 440 84 21 landets
958 439 45 28 för-

455 479 56 20 svar,
533 473 87 28 straffes
642 474 49 20 med
711 473 90 21 tukthus
825 473 10 21 i
849 473 61 28 högst
925 474 36 21 tvä
976 474 27 20 är

456 507 51 21 eller
527 507 97 28 fängelse
639 507 20 28 ej
673 507 71 21 under
758 514 37 15 sex
811 507 111 28 månader,
937 510 65 25 samt,

455 542 44 21 der
519 541 294 28 omständigheterna
825 543 50 20 äro
892 549 109 21 synner-

457 577 69 27 ligen
547 576 192 28 försvärande,
761 576 82 28 förlust
863 577 28 27 af
902 577 99 21 medbor-

455 611 78 28 gerligt
547 611 129 28 förtroende.

525 645 82 22 Försök
621 647 27 20 är
661 645 121 28 straffbart.

525 680 15 27 $
557 681 20 20 5.
609 680 49 21 Har
681 680 130 27 tjensteman
829 687 78 20 genom
925 680 76 21 vårds-

458 714 71 26 löshet,
549 714 151 27 försummelse
715 714 51 20 eller
781 714 134 21 oaktsamhet
928 714 75 26 vållat,

457 750 33 19 att
514 748 163 28 planteckning,
703 748 86 27 ritning
813 748 51 21 eller
888 748 114 28 handling,

457 782 86 22 hvilken
565 783 80 21 honom
667 782 115 27 veterligen
804 782 47 21 bort
872 782 10 20 i
896 783 107 21 anseende

458 817 35 21 ull
511 816 75 28 Ryska
608 816 66 21 rikets
689 818 56 26 yttre
759 816 98 21 säkerhet
871 816 130 28 hemlighäl-

459 852 32 20 las
511 851 36 28 för
561 850 140 28 främmande
715 852 49 25 stat,
781 850 72 28 blifvit
867 851 136 21 undansnil-

458 886 45 27 lad,
511 886 100 28 förstörts
620 885 51 21 eller
678 884 133 28 förkommit,
819 885 52 21 eller
878 888 42 18 har
925 886 47 20 han
980 885 29 28 af

457 920 133 22 oaktsamhet
611 921 70 26 yppat
701 919 42 21 slik
762 918 176 28 statshemlighet,
953 926 52 14 vare

456 954 189 28 straffet:fängelse
655 954 20 28 ej
684 954 70 21 under
762 955 30 19 ett
799 953 26 22 år
833 954 38 21 och
878 961 37 14 sex
923 954 80 21 mäna-

457 990 42 26 der,
517 991 72 19 samt
606 988 147 28 skiljande
770 988 67 28 från
862 988 143 28 tjenstens

456 1024 126 27 utöfning
592 1024 69 20 eller
671 1023 168 27 afsättning
849 1023 155 27 äfvensom,

457 1059 47 20 der
518 1057 294 27 omständigheterna
827 1058 48 19 äro
890 1064 113 20 synner-

458 1093 73 26 ligen
555 1091 199 28 försvårande,
771 1091 170 28 ovärdighet
962 1093 44 19 att

457 1127 106 28 nyttjas
577 1126 10 20 i
602 1125 117 22 landets
735 1125 98 28 tjenst.

526 1156 51 25 Äro
598 1159 267 28 omständigheterna
882 1166 121 20 synner-

459 1196 80 27 ligen
557 1193 168 27 mildrande,
741 1193 112 28 straffes
867 1193 55 22 med
939 1193 65 28 fän-

456 1229 77 28 gelse
551 1229 62 27 frän
628 1228 50 21 och
692 1228 59 21 med
767 1229 40 19 tre
817 1227 134 22 mänader
961 1227 45 22 till

458 1264 45 21 och
518 1263 55 21 med
588 1265 41 18 ett
650 1262 33 21 är
697 1262 48 21 och
759 1269 49 14 sex
823 1261 145 22 månader.

321 1327 11 20 I
347 1327 63 26 öfrigt
425 1326 32 21 får
472 1326 106 21 Utskottet
593 1324 82 26 föreslå,

527 1393 34 20 att
583 1391 124 22 Ständerna
721 1391 51 21 ville
787 1391 38 21 hos
840 1391 65 21 Hans
919 1390 87 29 Kejser-

459 1427 44 27 liga
524 1426 105 28 Majestät
649 1425 10 21 i
678 1425 175 28 underdänighet
867 1425 92 22 anhälla
974 1427 33 20 att

458 1462 67 21 sedan
539 1460 159 28 förordningen
713 1460 110 28 angäende
838 1460 108 22 särskilda
961 1462 43 20 än-

325 1508 128 23 Lagutskottets
465 1506 112 19 betänkande
590 1506 37 18 N:o
639 1507 17 17 4.
