1120 1781
355 161 29 24 U.
400 163 27 21 B.
443 176 27 2 —
484 163 74 28 Prop.
574 163 45 22 N:o
634 163 34 22 17.
842 163 27 21 23

149 230 98 29 kyrkliga
266 231 144 21 tuktmedlens
426 232 112 27 förökning
553 232 80 21 derhän
648 235 32 18 att
692 232 80 26 jemväl
787 231 73 21 förlust
876 231 25 20 af

149 265 79 21 valrätt
249 265 36 20 vid
307 269 68 23 prest-
398 265 42 21 och
461 265 136 22 klockareval
612 266 71 21 kunde
697 267 73 20 såsom
785 265 49 21 slikt
848 265 49 20 kor-

149 299 69 20 rektiv
240 299 116 26 begagnas,
379 299 42 21 kan
441 299 37 27 jag
500 300 17 26 ej
539 303 64 18 annat
625 300 54 20 finna
702 300 27 20 än
751 303 32 17 att
806 299 89 26 kyrkan,

149 339 79 20 genom
247 336 31 17 att
294 333 52 27 göra
361 333 93 27 anspråk
469 333 73 28 härpå,
558 333 73 22 träder
646 333 42 21 den
703 333 96 21 felandes
815 332 81 27 borger-

149 367 44 26 liga
208 367 126 27 rättigheter
348 367 34 21 för
396 368 58 23 nära,
470 369 23 20 så
508 368 63 27 länge
586 368 98 20 bemälde
694 367 98 27 kyrklige
805 366 91 21 funktio-

148 401 62 21 närer
234 401 63 22 äfven
321 401 64 22 hafva
407 403 33 26 sig
462 402 77 27 ålagda
561 401 191 28 maktpåliggande
774 401 121 28 borgerliga

148 437 106 26 uppdrag,
277 437 72 20 såsom
371 436 99 21 förandet
490 437 25 20 af
528 436 178 28 kyrkoböckerna
721 439 56 18 samt
792 437 104 26 registren

148 470 60 21 öfver
228 470 99 25 födelser,
350 471 120 26 äktenskap
493 471 41 20 och
555 470 98 25 dödsfall,
676 477 27 14 m.
726 477 28 14 m.
784 469 73 22 Annat
873 469 23 22 är

147 505 98 21 deremot
270 505 60 21 fallet
355 505 51 21 med
430 505 28 20 de
479 507 6 19 i
507 505 99 27 gällande
628 504 107 27 kyrkolag
755 504 140 27 uppräknade

147 539 161 28 rättigheterna,
323 539 71 21 hvilka
409 539 89 21 hänföra
513 541 34 26 sig
556 539 31 22 till
598 542 47 18 rent
656 538 98 27 kyrkliga
764 538 132 21 förtroende-

147 574 105 26 uppdrag,
274 573 61 21 öfver
356 573 72 21 hvilka
451 574 27 20 de
500 573 97 27 kyrkliga
617 572 179 28 myndigheterna
810 572 85 21 således

147 607 52 20 böra
220 614 41 19 ega
283 607 36 21 full
341 607 43 21 rätt
406 610 31 18 att
460 607 133 22 uteslutande
609 607 90 27 förfoga.
716 619 27 3 —
758 607 137 20 Beträffande

146 641 67 21 sedan
228 642 153 27 utvidgningen
397 642 24 20 af
432 641 143 26 kyrkorådets
589 641 133 27 befogenhet
737 647 61 14 anser
811 640 38 27 jag
863 643 32 18 att

146 676 130 26 densamma,
293 683 35 14 om
343 676 42 21 ock
400 677 97 20 deremot
512 678 7 19 i
533 678 83 26 princip
632 675 47 22 icke
694 675 42 22 kan
749 675 64 28 göras
824 675 71 28 någon

145 710 143 28 väsentligare
308 711 145 26 anmärkning,
476 711 77 25 kunde,
576 712 5 19 i
604 710 142 22 betraktande
764 709 24 21 af
799 709 95 22 rådande

145 744 71 22 lokala
231 745 146 21 förhållanden
392 745 42 21 och
449 745 66 21 andra
530 745 190 27 omständigheter,
737 744 49 21 leda
800 744 32 21 till
843 751 52 20 gan-

145 779 39 21 ska
204 779 124 28 betänkliga
342 780 69 21 vådor
426 780 42 21 och
483 780 161 27 förvecklingar.
675 779 34 21 Då
724 786 49 14 man
788 779 106 27 nämligen

145 814 13 20 å
180 821 40 14 ena
242 814 62 21 sidan
325 814 99 21 besinnar
442 817 32 18 att
489 815 155 26 prestembetet
659 814 42 21 lika
716 813 35 22 väl
766 820 47 14 som
828 813 66 21 andra

145 848 81 27 sysslor
241 849 41 20 kan
297 849 51 21 råka
362 850 6 20 i
384 849 109 21 händerna
508 850 29 26 på
552 855 102 21 personer
670 849 49 20 med
731 847 110 22 inskränkt
851 847 42 21 och

145 883 93 27 ensidigt
260 883 178 28 åskådningssätt,
462 887 55 17 samt
531 886 32 18 att
579 883 18 27 ej
612 883 66 21 heller
693 882 114 21 otänkbart
823 882 22 21 är
861 885 32 18 att

145 917 27 20 de
190 917 47 25 »för
252 917 140 27 gudsfruktan
408 917 41 21 och
464 917 91 28 kristligt
570 919 30 19 nit
615 917 106 21 välkända
736 915 69 26 män",
821 916 72 21 hvilka

143 951 66 26 jemte
232 952 162 27 församlingens
412 951 138 28 presterskap
565 951 58 22 bilda
638 951 138 27 kyrkorådet,
792 951 101 20 stundom

144 985 70 21 kunna
236 987 28 26 gå
286 986 33 21 för
339 985 60 28 långt
420 988 7 19 i
451 986 60 21 detta
533 987 36 24 nit,
593 985 111 22 äfvensom
723 986 13 20 å
750 985 67 22 andra
831 985 62 21 sidan

144 1023 62 24 tager
223 1022 5 19 i
244 1020 141 21 betraktande
400 1024 32 17 att
447 1020 144 27 kyrkotukten
606 1020 31 21 får
652 1019 107 29 tillämpas
774 1019 47 22 icke
836 1019 56 21 blott

143 1055 29 27 på
192 1053 235 29 församlingsmedlem,
450 1062 48 14 som
516 1056 33 26 sig
563 1055 110 21 förhärdar
688 1056 7 20 i
709 1054 112 28 uppenbar
836 1054 55 27 synd

145 1089 41 21 och
201 1089 47 25 last,
264 1093 51 18 utan
330 1089 63 21 äfven
408 1090 28 27 på
452 1089 41 21 den
509 1096 46 14 som
570 1090 39 27 gör
624 1091 34 25 sig
672 1089 86 27 skyldig
773 1089 31 21 till
819 1090 72 26 oenig-

143 1124 37 20 het
195 1124 6 20 i
217 1124 125 27 äktenskap,
359 1123 31 21 till
405 1124 92 21 hårdhet
512 1128 58 17 emot
585 1124 58 25 barn,
659 1123 86 21 husfolk
760 1123 49 21 eller
825 1123 66 21 andra

143 1158 180 25 underhafvande,
338 1158 32 21 till
385 1157 95 28 olydnad
495 1161 46 18 mot
555 1158 109 25 föräldrar,
678 1158 22 26 ja
715 1157 64 21 äfven
793 1157 32 21 till
835 1157 56 21 oför-

142 1191 114 28 sonlighet,
280 1192 24 20 så
326 1192 62 21 torde
411 1192 42 21 den
475 1192 87 28 farhåga
585 1192 18 26 ej
625 1192 70 21 kunna
717 1191 104 27 stämplas
843 1199 47 13 som

143 1226 137 27 oberättigad
302 1230 32 18 att
356 1226 42 21 den
418 1226 65 26 makt,
506 1226 85 22 hvilken
613 1226 88 21 sålunda
723 1226 72 21 blefve
815 1226 51 26 lagd
884 1228 7 19 i

141 1256 143 31 kyrkorådets
305 1260 63 26 hand,
392 1261 165 27 mångenstädes
579 1261 71 21 kunde
671 1261 87 20 komma
779 1263 32 18 att
829 1262 61 19 miss-

142 1294 77 22 brukas
244 1296 73 20 såsom
340 1295 71 21 medel
433 1295 31 21 till
485 1295 115 27 förföljelse
623 1298 59 18 emot
704 1294 57 22 olika
782 1294 108 22 tänkande

141 1329 51 21 eller
215 1329 51 27 eljes
284 1329 139 28 misshagliga
438 1329 278 28 törsamlingsmedlemmar.
746 1329 65 21 Emot
827 1329 41 21 den
883 1330 6 20 i

141 1364 48 20 nåd.
210 1365 164 26 propositionen
396 1364 114 20 bortfallna
531 1364 151 27 skyldigheten
704 1363 33 21 för
757 1363 132 26 kyrkorådet

141 1400 31 18 att
195 1397 128 21 underställa
340 1399 45 19 sina
400 1397 70 22 beslut
485 1399 6 19 i
506 1398 127 21 hithörande
648 1398 72 26 frågor
735 1397 153 26 domkapitlets

140 1430 158 27 godkännande
313 1431 38 20 har
366 1430 130 27 visserligen,
512 1432 29 26 på
556 1431 43 21 sätt
614 1430 223 27 kyrkolagsutskottet
852 1430 37 20 vid

140 1468 86 17 senaste
248 1464 128 26 kyrkomöte
399 1464 110 27 uttrycker
523 1466 39 25 sig,
577 1465 72 20 såsom
664 1466 92 24 motvigt
771 1464 74 21 införts
861 1472 27 13 en

208 1505 122 21 Lagutskottets
342 1505 103 17 betänkande
458 1505 33 16 N:o
503 1510 16 17 9.
