1098 1728
293 214 11 21 I
322 213 69 21 likhet
413 213 49 21 med
481 213 97 27 Ignatius
595 213 71 21 indela
682 211 20 22 vi
717 212 34 21 för
766 212 37 21 vår
818 211 159 28 undersökning

226 247 83 21 landets
325 246 100 27 samtliga
440 246 126 27 fastigheter
581 247 8 20 i
604 247 36 21 två
655 246 88 26 klasser,
759 245 115 27 nämligen:

295 281 35 27 »1)
345 280 249 27 jordbruksfastigheter,
610 280 83 21 hvilkas
709 280 106 27 egentliga
831 279 64 21 värde
905 279 74 22 består

225 315 7 21 i
248 315 57 27 åker,
321 317 46 24 äng,
383 314 131 27 skogsmark,
529 314 127 22 fiskevatten
670 313 38 22 och
727 314 67 21 andra
805 313 48 21 med
863 313 116 27 besittning

226 349 23 22 af
260 349 154 28 jordegendom
430 348 102 22 förenade
547 348 113 27 förmåner,
676 350 56 20 samt

295 384 23 27 2)
334 383 81 21 sådana
430 382 134 28 fastigheter,
579 383 7 21 i
601 382 73 22 hvilka
690 382 151 28 byggnaderna
856 381 49 22 med
916 382 62 21 deras

225 418 111 27 inredning
351 417 98 27 vanligen
464 419 146 25 representera
626 416 36 22 det
678 416 164 27 hufvudsakliga
852 416 75 21 värdet
938 416 40 26 och

226 452 37 22 der
277 454 89 24 tomten,
382 452 124 27 egovidden,
521 450 151 23 naturkraften
684 458 26 14 m.
722 458 27 14 m.
761 452 36 20 äro
809 452 32 20 att
851 450 127 28 uppskattas

226 487 54 22 efter
303 487 37 21 det
362 486 110 26 samband,
487 486 61 21 hvari
564 486 26 21 de
605 485 35 24 stå
656 486 39 26 till,
711 486 40 21 och
766 485 40 21 den
821 485 114 26 betydelse,
951 484 26 21 de

225 522 35 26 ha,
275 521 34 21 för
325 521 66 21 redan
409 520 136 22 existerande
561 520 52 21 eller
628 520 87 27 möjliga
729 519 194 28 byggnadsföretag
939 518 38 22 och

225 556 124 21 industriela
359 553 178 29 anläggningar.*

452 687 17 21 1.
491 686 266 27 Jordbruksfastigheterna.

294 762 37 22 Sin
354 762 118 27 beräkning
495 761 22 22 af
533 761 282 28 jordbruksfastigheternas
830 761 148 28 kapitalvärde

225 797 38 22 har
278 797 97 27 Ignatius
390 796 178 27 hufvudsakligen
584 797 93 27 grundat
687 797 27 26 pä
725 796 26 21 de
763 796 86 21 officielt
859 796 118 21 insamlade

225 831 136 28 uppgifterna
376 831 89 21 rörande
480 831 73 27 hvarje
566 831 161 28 jordlägenhets
742 831 61 21 äker-
812 831 40 21 och
867 830 110 27 ängsareal

226 867 54 20 samt
296 866 26 21 de
337 865 7 22 i
359 865 102 21 Finlands
475 865 221 28 Hypoteksförenings
711 865 92 26 samling
813 865 24 21 af
845 865 133 26 värderings-

225 900 128 22 instrument
375 899 60 22 öfver
450 899 7 21 i
473 899 124 28 föreningen
620 899 103 22 belånade
736 899 195 27 jordpossessioner
946 899 32 22 in-

224 935 81 26 gående
328 934 107 21 likartade
451 935 180 26 upplysningarna
646 933 91 22 rörande
752 936 32 19 ett
799 934 58 21 antal
873 933 104 22 belånade

227 969 126 27 lägenheter.

293 1003 34 21 Då
345 1003 134 22 sistnämnda
494 1003 152 28 upplysningar
657 1005 37 19 äro
705 1003 134 27 synnerligen
850 1002 128 22 initierande

226 1040 55 19 samt
304 1037 143 27 tillförlitliga,
463 1044 50 15 vore
529 1037 161 27 otvifvelaktigt,
707 1038 36 21 vid
757 1037 106 21 sökandet
877 1037 55 21 efter
947 1039 32 20 ett

225 1072 65 21 värde
305 1071 34 22 för
349 1072 84 21 landets
441 1072 249 27 jordbruksfastigheter,
701 1072 93 21 nämnda
804 1071 174 28 beräkningssätt

224 1107 33 20 att
278 1105 113 26 föredraga
413 1105 88 22 framför
523 1106 63 21 hvart
609 1105 39 22 och
667 1108 31 19 ett
713 1108 72 24 annat,
801 1105 71 22 såsom
888 1106 90 21 ledande

227 1140 34 21 till
277 1140 36 21 det
329 1139 96 22 säkraste
441 1140 119 26 resultatet,
575 1140 46 21 ifall
631 1139 55 22 blott
696 1139 136 28 uppgifterna
843 1139 59 22 öfver
912 1142 65 19 samt-

224 1174 43 27 liga
287 1173 189 28 jordlägenheters
499 1174 60 21 åker-
583 1174 39 21 och
638 1174 113 27 ängsareal
767 1173 88 27 erbjöde
869 1175 108 26 garantier

224 1208 34 21 för
272 1207 168 26 tillförlitlighet.

292 1242 49 21 Men
356 1241 21 22 vi
391 1243 69 20 måste
475 1241 57 22 afstå
547 1242 47 21 från
610 1249 26 15 en
652 1243 154 27 uppskattning
821 1242 24 22 af
850 1243 127 27 jordbruks-

224 1277 166 26 fastigheternas
405 1277 121 20 totalvärde
541 1277 49 20 med
606 1277 109 20 anlitande
729 1276 25 21 af
763 1276 68 21 denna
841 1277 137 26 beräknings-

224 1311 75 27 grund,
323 1311 89 20 emedan
431 1310 137 27 uppgifterna
584 1316 34 16 om
633 1310 84 21 landets
733 1310 60 21 åker-
809 1311 40 20 och
865 1310 112 27 ängsareal

224 1345 45 22 dels
294 1345 66 22 sedan
385 1345 54 21 1889
455 1345 48 22 icke
518 1351 45 15 mer
578 1345 108 27 insamlas,
702 1345 45 21 dels
763 1345 89 22 emedan
867 1346 110 21 desamma

223 1380 34 22 för
272 1379 93 27 tidigare
382 1379 23 22 år
420 1380 45 20 visa
480 1380 33 26 sig
528 1386 40 20 ega
583 1380 118 28 synnerligt
715 1380 62 27 ringa
787 1381 72 26 värde,
870 1380 107 22 beroende

224 1414 7 22 i
250 1414 47 22 icke
320 1414 63 27 ringa
405 1414 49 22 mån
470 1414 66 26 deraf,
553 1416 32 20 att
600 1421 54 21 resp.
668 1414 124 27 jordegares
807 1415 118 21 kännedom
941 1421 34 15 om

223 1449 32 22 sin
271 1449 59 22 åker-
348 1449 39 23 och
403 1450 111 27 ängsareal
529 1449 67 23 oftast
612 1449 55 22 varit
682 1449 63 27 högst
761 1450 83 22 osäker.
