1120 1786
340 155 81 23 Ständ.
437 155 37 23 Sv.
488 168 29 3 —
532 155 69 28 Prop.
618 155 40 23 N:o
673 155 36 23 22.
854 157 13 21 9

214 221 162 22 Motsvarande
392 223 25 20 19
430 223 13 25 &
456 221 25 21 af
491 221 112 29 förslaget
616 221 38 22 till
664 221 173 22 administrativ
846 222 48 21 för-
913 228 10 17 7
936 228 17 23 8.

145 254 109 29 fattning,
260 262 50 15 som
315 256 71 27 angår
391 255 172 28 expropriation
570 255 27 21 af
601 256 136 28 patenterad
744 256 146 28 uppfinning,

145 288 41 21 har
201 288 124 28 undergått
340 296 29 14 er
378 289 90 21 mindre
479 289 169 29 omredigering
656 289 9 21 i
673 289 61 27 syfte
746 292 34 18 att
791 290 102 21 utesluta

145 322 144 29 stadgandet,
306 324 33 20 att
354 323 28 21 de
392 323 13 21 å
415 323 100 21 kronans
526 327 88 24 vägnar
623 323 129 21 tillkallade
762 324 59 27 gode
831 327 64 18 män-

145 364 46 14 nen
214 357 64 22 skola
300 360 63 19 utses
381 358 26 21 af
421 357 224 29 Industristyrelsen.
682 357 117 29 Derjemte
825 358 70 22 hafva

145 391 129 22 Ständerna
286 392 78 29 tillagt
375 392 45 22 den
430 392 148 29 bestämning
590 395 39 25 att,
643 392 76 22 derest
730 392 28 22 de
768 392 26 22 af
802 393 90 21 kronan

145 426 43 22 och
203 426 193 29 patenthafvaren
411 427 98 21 nämnde
525 428 146 28 sakkunnige
686 427 52 22 icke
751 427 77 22 kunde
839 434 54 15 enas

144 460 143 23 beträffande
306 461 38 22 val
358 461 26 22 af
397 469 28 14 en
443 462 135 28 ytterligare
601 462 138 29 sakkunnig,
760 462 134 22 rådstufvu-

144 498 76 19 rätten
242 496 8 22 i
272 496 154 28 Helsingfors,
450 504 48 14 som
520 496 132 29 föreslagits
676 496 42 28 till
736 497 100 21 domstol
857 496 37 22 för

144 531 63 21 vissa
220 531 47 21 mål
281 538 37 14 om
332 533 87 27 patent,
435 531 70 21 borde
520 534 51 19 utse
587 532 74 21 denne
676 531 153 29 sakkunnige.

212 564 160 30 Likalydande
386 566 53 21 med
453 566 28 22 20
496 567 13 26 8
524 566 8 21 i
547 566 111 28 förslaget
668 566 38 21 till
721 566 172 21 administrativ

143 598 146 29 författning.

212 633 54 22 Med
280 633 138 29 stadgandet
432 634 8 21 i
454 635 27 21 21
493 635 13 26 8
517 634 25 22 af
549 634 112 29 förslaget
673 634 37 21 till
721 634 172 22 administrativ
911 654 3 4 £

143 668 141 29 författning
294 668 78 22 derom
384 670 35 19 att
433 668 182 29 patenthafvare,
631 676 48 14 som
695 671 46 19 satt
755 669 136 28 patenterad

143 702 159 30 uppfinning
291 698 15 38 i
316 702 109 30 utöfning
439 705 64 20 utom
518 704 85 28 landet,
619 703 120 23 förverkar
750 704 43 21 sitt
803 706 88 26 patent,

144 737 77 22 derest
228 738 46 21 han
280 738 51 21 icke
338 738 37 22 till
382 738 118 28 nöjaktigt
507 738 48 29 pris
562 738 96 22 bereder
666 738 155 22 allmänheten
827 738 63 22 inom

142 772 80 22 landet
234 772 100 29 tillgång
348 772 38 22 till
401 772 45 22 den
458 780 85 21 genom
557 774 105 28 patentet
677 772 119 29 skyddade
813 780 78 20 varan,

143 806 41 22 har
195 806 160 22 sammanförts
371 808 27 21 28
413 809 19 26 &,
448 806 66 23 hvari
529 807 137 22 bestämmes
682 808 34 20 att
732 807 93 27 enhvar,
842 814 50 14 som

143 840 115 22 förmenar
278 841 51 21 skäl
343 841 79 22 dertill
435 841 132 29 förefinnas,
582 842 38 21 mä
635 841 77 22 utföra
728 842 62 21 talan
806 842 85 26 derom,

143 877 35 19 att
192 877 105 26 patentet
311 876 9 21 i
334 875 77 28 dylikt
425 875 42 22 fall
481 875 114 22 förklaras
609 876 141 21 förverkadt.

211 909 82 29 Enligt
301 909 160 22 motsvarande
469 910 26 21 26
504 911 13 26 $
525 909 26 22 af
555 909 113 29 förslaget
675 909 37 22 till
720 909 171 22 administrativ

143 943 140 29 författning
290 943 77 22 kunde
375 946 81 26 patent
464 943 25 22 af
495 944 99 21 domstol
601 943 112 23 förklaras
722 943 75 29 ogildt
805 943 86 28 derför,

143 980 34 19 att
187 977 45 23 den
239 979 38 21 till
287 978 75 28 grund
370 978 38 22 för
418 980 105 27 patentet
537 977 109 30 liggande
660 977 147 29 beskrifning
823 977 68 22 öfver

142 1012 170 29 uppfinningen
332 1013 20 28 ej
372 1013 101 21 affattats
491 1013 53 22 med
558 1013 72 28 nödig
644 1012 117 29 tydlighet
776 1012 43 22 och
836 1012 55 21 full-

143 1046 139 30 ständighet.
298 1047 114 22 Dälikväl
419 1047 178 29 beskrifningen
604 1047 80 22 blifvit
691 1047 51 22 före
747 1047 144 28 beviljandet

143 1081 25 23 af
180 1084 82 26 patent
276 1081 115 29 granskad
410 1081 26 22 af
452 1081 248 29 patentmyndigheten
715 1081 44 22 och
774 1081 39 22 det
828 1081 64 28 förty

143 1123 68 22 synes
235 1116 98 29 obilligt,
356 1118 35 19 att
412 1115 193 30 patenthafvaren
627 1115 128 22 sedermera
773 1116 30 28 pä
817 1116 75 28 grund

143 1151 25 22 af
180 1152 78 27 nägon
274 1151 131 28 otydlighet
419 1151 9 20 i
442 1149 177 30 beskrifningen
634 1150 77 22 kunde
720 1150 114 22 förklaras
845 1150 47 22 för-

142 1186 73 28 lustig
231 1185 99 29 skyddet
344 1185 36 22 för
396 1185 36 21 sin
447 1185 145 29 uppfinning,
602 1185 42 21 har
654 1185 102 28 antydda
766 1185 126 28 stadgande

142 1220 126 22 uteslutits.
284 1233 26 3 —
324 1220 13 22 I
351 1221 14 21 3
379 1227 69 15 mom.
470 1219 26 22 af
517 1219 176 29 ifrågavarande
715 1220 28 21 26
760 1221 13 25 $
792 1219 99 29 stadgas,

143 1256 34 20 att
199 1254 171 22 vederbörande
396 1254 176 29 patenthafvare
597 1258 25 18 är
642 1253 132 29 berättigad
796 1255 34 20 att
851 1253 41 22 vid

143 1290 100 21 domstol
256 1289 51 21 föra
321 1289 63 21 talan
400 1289 83 28 derom,
500 1291 35 19 att
549 1296 80 14 senare
643 1290 81 27 patent
739 1288 60 21 skall
805 1287 87 22 förkla-

142 1330 36 15 ras
200 1330 56 15 vara
277 1323 114 22 beroende
409 1323 27 21 af
450 1323 99 28 tidigare
567 1322 112 29 beviljadt
692 1324 82 27 patent
796 1322 97 22 sålunda

143 1360 33 20 att
190 1358 170 29 uppfinningen
379 1357 20 29 ej
420 1358 38 21 mä
472 1358 92 22 utöfvas
579 1359 57 20 utan
650 1356 106 23 tillstånd
771 1356 26 22 af
809 1356 40 22 det
863 1356 29 22 ti-

143 1392 79 29 digare
237 1394 115 27 patentets
367 1392 157 23 innehafvare.
555 1392 84 22 Denna
660 1392 147 27 bestämning
822 1398 69 22 synes

143 1433 43 21 ega
201 1426 139 29 gemenskap
355 1426 53 21 med
422 1425 40 22 det
478 1426 9 21 i
500 1427 15 21 4
529 1427 14 26 &
558 1426 26 21 af
595 1425 113 28 förslaget
730 1425 37 21 till
789 1425 102 21 ständer-

142 1460 136 29 förordning
296 1460 96 29 intagna
410 1459 144 30 stadgandet,
584 1461 35 20 att
635 1459 71 22 bland
723 1461 71 19 annat
808 1459 83 21 tvister

911 917 8 16 =

921 917 10 17 0
940 916 20 23 8.
