1120 1784
244 161 13 19 6
433 158 29 23 U.
478 158 26 23 B.
522 171 27 3 —
564 158 74 28 Prop.
653 158 42 22 N:o
711 158 36 22 18.

284 226 72 27 Enligt
377 225 13 28 8
407 231 40 21 134
461 227 6 19 i
482 225 259 28 folkskoleförordningen
756 226 42 20 den
815 231 21 15 11
854 225 41 24 maj
914 225 52 22 1866

215 260 128 21 tillkommer
364 260 68 21 lärare
454 259 41 22 och
509 259 116 22 lärarinnor
639 260 36 20 vid
690 259 145 21 folkskolorna
851 260 28 27 pä
894 259 74 22 landet

216 295 173 27 löneförhöjning
401 294 54 21 efter
469 295 31 20 tio
515 295 34 20 års
564 294 109 27 oförvitlig
687 294 64 26 tjenst
767 294 49 21 med
831 299 28 16 20
872 293 28 28 ?/,
912 298 56 17 samt

216 329 93 21 derefter
324 329 63 21 hvart
402 329 65 21 femte
482 329 23 20 är
520 329 49 21 med
587 335 25 15 10
627 329 32 27 %,
677 329 30 20 till
723 329 49 20 dess
785 332 32 18 att
827 328 43 21 den
880 328 88 22 sålunda

216 363 83 22 skedda
320 363 139 28 tillökningen
478 363 54 21 efter
548 363 36 22 det
599 363 126 28 tjugufemte
740 364 56 20 ärets
811 364 82 27 utgäng
908 364 60 26 stigit

215 399 32 21 till
263 403 26 22 50
303 399 34 26 %.
358 397 41 22 Till
413 398 147 21 förbättrande
576 398 24 21 af
612 398 62 21 dessa
690 398 79 20 lärares
784 397 42 22 och
841 397 127 22 lärarinnors

215 432 119 22 lönevilkor
349 433 38 20 har
402 432 114 21 Allmänna
531 432 205 25 Besvärsutskottet,
752 433 7 19 i
774 432 113 27 anledning
903 432 24 21 af
937 435 32 18 ett

216 469 7 19 i
238 466 161 27 Ridderskapet
414 467 42 20 och
470 467 73 20 Adeln
553 467 35 21 vid
599 467 143 20 innevarande
754 466 103 27 landtdag
867 467 30 20 uti
908 466 60 22 detta

216 501 58 27 syfte
296 501 116 21 inlemnadt
433 500 220 28 petitionsmemorial,
669 501 117 26 föreslagit,
802 503 32 18 att
849 499 119 22 Ständerna

216 535 49 21 ville
287 535 31 22 till
340 535 59 21 Hans
421 535 120 28 Kejserliga
563 535 102 27 Majestät
687 535 116 20 framställa
826 542 26 13 en
877 536 91 26 petition

217 570 80 25 derom,
321 573 32 17 att
375 570 42 20 den
432 569 122 22 nuvarande
569 577 23 13 ur
608 569 125 22 statsmedel
747 570 108 27 utgäende
869 569 100 28 grundlö-

216 611 42 14 nen
279 604 54 21 efter
354 604 43 21 fem
412 605 34 19 års
461 604 64 26 tjenst
540 603 108 27 förhöjdes
663 604 50 20 med
731 610 25 15 10
770 604 33 27 %,
820 605 54 20 efter
889 605 30 20 tio
935 605 33 20 års

216 638 65 27 tjenst
303 639 50 20 med
375 644 28 15 20
418 638 28 27 %/
468 638 42 21 och
533 638 55 21 efter
603 638 81 21 femton
699 639 34 20 års
748 638 63 27 tjenst
826 639 50 20 med
892 644 27 15 20
934 638 34 26 %/g.

217 672 52 21 Med
290 672 102 21 afseende
413 672 65 20 bland
493 675 65 18 annat
572 673 12 20 ä
600 672 38 21 det
652 672 112 27 betydliga
779 672 90 22 tillskott
885 673 6 20 i
906 672 63 28 utgif-

216 710 39 21 ter,
278 714 48 13 som
346 706 127 27 härigenom
487 706 86 21 komme
588 710 32 18 att
635 706 110 21 ähvälivas
760 707 171 27 statsbudgeten,
947 706 27 22 af

216 740 115 22 Allmänna
353 740 200 21 Besvärsutskottet
575 740 33 21 för
630 741 61 20 nästa
706 740 144 28 finansperiod
865 740 104 28 uppskat-

216 775 48 21 tadt
279 775 32 21 till
324 775 78 24 60,000
418 774 59 20 mark
492 781 39 21 per
546 775 28 24 är,
590 774 64 21 hafva
669 774 64 21 likväl
752 775 160 27 Ridderskapet
928 774 41 22 och

216 809 74 21 Adeln
311 809 112 21 äfvensom
445 806 168 26 Bondeständet,
637 809 66 27 enligt
725 809 57 21 hvad
802 808 168 22 Statsutskottet

217 843 78 25 erfarit,
311 846 72 18 ansett
395 842 161 28 ifrågavarande
566 843 214 27 petitionsmemorial
792 843 33 21 för
836 843 133 21 närvarande

217 877 48 21 icke
287 876 109 22 föranleda
421 877 31 21 till
473 878 72 27 nägon
567 877 82 28 ätgärd.
679 877 105 21 Deremot
805 877 38 21 har
865 877 104 28 förslaget

217 911 108 28 godkänts
345 912 24 20 af
387 912 166 26 Presteständet,
576 919 48 14 som
639 911 102 27 derjemte
757 912 116 27 hänskjutit
887 912 81 28 frägan,

217 947 24 20 sä
255 946 48 21 vidt
318 946 41 21 den
374 946 34 21 rör
423 947 125 22 anvisandet
564 947 24 21 af
600 947 27 20 de
641 946 32 21 till
688 947 91 20 berörda
794 947 99 20 ändamål
903 946 66 21 erfor-

217 981 83 26 derliga
319 980 76 25 medel,
412 981 30 21 till
457 981 179 22 Statsutskottets
651 981 135 27 behandling.
816 981 154 28 Borgarestän-

217 1015 38 22 det
277 1016 38 20 har
337 1017 46 19 åter
404 1015 86 21 beslutit
513 1019 38 22 att,
574 1017 63 20 innan
651 1015 74 20 vidare
740 1017 7 19 i
761 1015 114 28 anledning
890 1015 25 21 af
925 1015 44 22 All
990 1027 2 2 -

217 1050 78 21 männa
315 1049 209 22 Besvärsutskottets
547 1049 136 22 betänkande
709 1049 125 27 tillgjordes,
860 1051 109 20 remittera

218 1084 119 21 detsamma
359 1083 32 21 till
412 1083 172 22 Statsutskottet.
614 1084 9 21 I
638 1083 114 28 anledning
772 1084 65 21 häraf
847 1084 39 21 har
901 1084 69 21 Stats-

217 1118 106 21 utskottet
345 1120 71 18 ansett
438 1119 33 25 sig
492 1118 52 20 böra
567 1118 30 21 till
617 1118 100 27 pröfning
732 1120 97 25 upptaga
844 1118 74 27 frågan
934 1125 35 14 om

216 1151 172 27 löneförhöjning
403 1152 22 20 åt
440 1151 160 21 folkskollärare
615 1152 42 20 och
672 1152 115 20 lärarinnor
801 1153 29 26 på
840 1152 79 22 landet.
941 1152 28 21 Så

217 1186 101 26 vägande
333 1186 27 20 de
376 1186 46 20 skäl
438 1186 26 20 än
479 1186 70 20 kunna
564 1193 57 18 vara,
637 1186 71 20 hvilka
723 1186 114 21 Allmänna
845 1186 124 21 Besvärsut-

217 1220 84 21 skottet
325 1221 30 19 uti
377 1220 91 20 berörda
491 1220 137 21 betänkande
653 1220 112 21 framhållit
788 1220 33 20 för
843 1227 26 14 en
892 1220 78 26 förhöj-

217 1255 58 26 ning,
296 1254 38 20 har
348 1254 173 26 Statsutskottet,
538 1254 50 21 enär
603 1254 92 21 nämnda
710 1254 103 22 Utskotts
828 1254 81 27 förslag
924 1254 45 22 blif-

217 1289 32 20 vit
274 1288 25 20 af
319 1289 36 20 två
378 1288 63 21 stånd
462 1288 126 25 förkastadt,
612 1288 57 21 velat
692 1288 113 21 inskränka
828 1290 33 26 sig
884 1288 32 21 till
938 1292 32 18 ett

217 1322 83 20 mindre
320 1322 59 26 långt
400 1322 84 26 gående
503 1322 86 26 förslag,
605 1323 107 25 nämligen
727 1326 32 16 att
774 1323 41 19 den
830 1322 67 21 första
912 1322 57 21 löne-

218 1354 148 27 förhöjningen
381 1355 67 20 skulle
463 1355 83 21 inträda
561 1355 66 21 redan
642 1355 54 21 efter
704 1355 42 21 fem
755 1356 22 20 år
785 1356 50 20 med
845 1361 25 15 10
878 1355 27 27 %
914 1359 56 17 samt

218 1389 63 21 lönen
300 1390 68 20 sedan
387 1389 62 21 hvart
469 1388 65 22 femte
553 1390 22 20 år
590 1389 53 21 ökas
658 1389 50 21 med
723 1389 124 27 ytterligare
865 1395 25 15 10
905 1390 28 27 %
949 1390 25 21 af

218 1423 140 27 grundlönen,
380 1422 43 22 tills
445 1423 69 21 denna
532 1423 37 21 vid
591 1423 37 21 det
643 1423 125 27 tjugufemte
783 1425 46 20 äret
843 1425 62 20 vuxit
920 1424 50 22 med

219 1462 27 22 50
261 1457 33 29 %.
325 1458 33 20 En
380 1457 67 21 sådan
469 1457 119 28 fördelning
602 1458 26 21 af
639 1458 28 20 de
682 1458 161 21 folkskollärare
859 1458 42 22 och
916 1458 54 22 lära-

288 1498 131 16 Statsutskottets
431 1498 103 16 betänkande
546 1498 34 16 N:o
594 1498 15 16 6.
