1120 1781
264 156 13 20 6
423 154 81 22 Ständ.
520 154 38 22 Sv.
579 168 21 2 —
616 153 71 27 Prop.
703 152 40 23 N:o
760 152 35 23 19.

236 220 81 27 naden,
340 219 74 28 enligt
435 219 60 21 hvad
518 218 127 22 Ständerna
666 218 118 28 inhemtat,
803 221 38 18 äro
859 217 127 29 uppgjorda

237 253 74 29 enligt
325 261 29 14 en
369 253 147 29 synnerligen
532 252 111 23 storartad
657 252 60 29 plan,
734 253 52 21 med
800 252 148 29 tillämpande
963 252 25 22 af

237 290 33 19 ett
285 287 77 22 alltför
377 288 51 28 dyrt
443 289 85 28 system
546 287 42 22 och
604 287 51 21 med
671 287 72 22 delvis
759 287 151 22 öfverhöfvan
925 289 61 20 stora

236 322 92 22 lokaler.
359 323 61 21 Från
438 322 132 29 kompetent
584 322 47 21 håll
646 321 59 22 skall
720 322 47 27 ock,
784 321 73 29 enligt
872 321 61 22 hvad
949 321 37 22 till

237 357 138 22 Ständernas
390 356 128 22 kännedom
533 356 102 28 kommit,
651 355 125 22 framstälts
791 356 87 29 förslag
893 358 34 19 att
941 356 46 21 till-

237 393 84 27 godose
335 391 107 22 behofvet
457 391 26 22 af
491 391 69 22 ökadt
569 393 114 26 utrymme
694 390 39 22 vid
744 391 149 21 kadettkåren
904 398 83 21 genom

237 427 34 20 att
285 426 54 29 höja
354 426 45 21 den
414 425 48 22 öfre
477 425 116 29 våningen
607 425 8 21 i
630 425 44 22 den
684 425 131 22 nuvarande
825 425 162 30 hufvudbygg-

237 460 74 22 naden
326 460 43 22 och
384 460 69 29 derpå
467 460 95 29 uppföra
577 467 29 15 en
620 460 73 29 tredje
708 460 91 29 våning,
817 459 88 23 hvilket
916 461 71 28 bygg-

237 495 134 22 nadsarbete
393 495 9 21 i
419 495 114 28 väsentlig
551 495 54 21 mån
620 495 73 21 skulle
708 495 66 21 ställa
788 495 36 28 sig
838 494 106 29 billigare
959 498 29 18 än

238 529 151 30 uppförandet
403 529 25 22 af
441 537 29 14 en
484 537 32 20 ny
531 529 204 28 hufvudbyggnad.
761 529 36 21 Då
811 529 129 22 Ständerna
950 529 38 22 vid

238 565 81 22 sådant
332 564 143 23 förhållande
490 564 36 22 för
540 565 36 20 sin
592 564 36 22 del
642 564 60 21 hålla
716 564 55 28 före,
780 566 35 19 att
830 564 39 21 det
882 564 51 21 icke
943 563 45 22 kan

238 602 70 19 annat
315 602 29 18 än
352 606 76 22 gagna
436 599 70 22 saken
514 600 34 20 att
555 599 91 21 rådrum
654 599 81 21 vinnes
743 599 35 21 för
788 598 201 22 åstadkommande

239 635 25 21 af
276 634 137 28 fullständig
427 633 131 29 utredning,
569 633 59 22 huru
642 633 109 22 behofvet
761 633 26 22 af
794 635 71 21 större
875 636 113 26 utrymme

238 669 35 22 för
288 669 73 21 finska
375 668 149 22 kadettkåren
538 668 132 29 lämpligast
685 668 42 22 och
737 668 51 22 med
798 668 84 22 minsta
892 667 97 22 kostnad

238 703 59 22 skall
314 703 78 22 kunna
406 703 139 28 tillgodoses,
562 703 69 22 hafva
645 703 129 22 Ständerna
789 705 74 20 ansett
877 703 112 28 ifrågava-

238 738 70 21 rande
322 738 144 28 anslagspost
481 739 91 27 400,000
587 737 64 22 mark
667 737 54 22 böra
733 738 52 21 från
795 737 150 22 förevarande
955 739 35 20 ut-

239 772 103 29 giftsstat
356 772 117 22 uteslutas.

307 841 51 20 Den
374 840 101 29 följande
491 841 172 28 anslagsposten
682 840 35 21 för
738 840 143 29 anläggande
896 841 25 20 af
933 840 55 21 tele-

239 874 161 29 fonledningar
422 874 52 22 från
495 875 61 20 vissa
578 874 25 22 af
616 874 195 23 militärväsendet
823 874 118 22 bestämda
956 876 34 20 ut-

238 909 151 28 kikspunkter
396 908 40 22 vid
446 909 86 21 Finska
543 909 80 22 vikens
634 909 53 22 kust
698 909 37 22 till
744 909 140 28 förefintliga
895 908 95 22 telefon-

239 943 42 22 och
303 943 215 29 telegrafledningar
540 943 8 21 i
567 944 38 21 det
622 944 49 21 inre
687 944 25 21 af
725 943 83 28 landet,
825 943 95 22 hvilken
934 950 56 22 upp-

238 978 71 29 tagits
330 977 38 22 till
390 979 91 26 130,000
503 977 69 29 mark,
589 977 68 22 hafva
673 977 126 23 Ständerna
814 980 57 20 trott
886 978 36 29 sig
936 978 56 21 böra

239 1013 127 28 godkänna,
383 1012 95 22 hvarvid
493 1012 129 22 Ständerna
638 1012 57 22 dock
710 1012 23 22 få
748 1013 165 28 underdånigst
923 1012 67 22 fram-

238 1047 62 22 hålla
315 1046 182 22 önskvärdheten
513 1046 69 29 deraf,
599 1049 34 19 att
648 1047 65 21 dessa
722 1046 209 30 telefonledningar
941 1047 50 21 icke

240 1082 70 21 måtte
325 1081 87 22 utföras
427 1081 8 21 i
450 1084 71 19 större
536 1081 94 29 omfång
644 1085 30 18 än
684 1082 109 22 behofvet
803 1081 189 29 oundgängligen

239 1116 108 29 påkallar,
371 1116 59 22 helst
446 1116 77 29 dylika
538 1116 126 28 ledningar,
681 1124 49 14 som
745 1116 50 22 icke
811 1120 38 18 äro
864 1116 9 22 i
888 1116 104 29 ständigt

238 1150 65 30 bruk,
327 1158 48 14 mer
398 1154 29 18 än
450 1150 68 22 andra
540 1154 38 18 äro
601 1152 86 20 utsatta
704 1150 36 22 för
755 1151 64 21 faran
835 1152 33 20 att
883 1151 109 21 förstöras

240 1185 55 21 eller
309 1184 99 22 förfalla.

307 1259 46 22 För
369 1259 146 22 anskaffande
534 1260 26 21 af
573 1261 77 27 20,000
664 1267 46 21 nya
725 1262 69 26 gevär
809 1260 36 21 för
860 1259 45 23 den
919 1260 74 22 finska

241 1294 125 22 militärens
382 1294 72 22 behof
466 1294 94 22 föreslås
574 1294 9 21 i
598 1294 44 22 den
653 1294 84 28 nådiga
747 1294 178 29 propositionen,
936 1294 57 22 efter

239 1328 129 28 beräkning
390 1328 26 21 af
436 1329 26 21 80
478 1328 63 20 mark
556 1329 36 20 för
606 1331 75 24 gevär,
698 1330 33 18 ett
747 1328 79 28 anslag
841 1328 26 21 af
882 1330 112 26 1,600,000

240 1362 70 21 mark.
341 1362 77 21 Jemte
442 1361 37 21 det
501 1361 129 22 Ständerna
651 1361 103 28 godkänt
776 1362 63 21 detta
862 1363 80 27 anslag
957 1363 37 21 till

240 1395 168 22 oförminskadt
423 1395 88 29 belopp,
531 1402 53 15 anse
599 1395 128 22 Ständerna
742 1396 36 28 sig
792 1396 55 22 böra
861 1396 73 22 uttala
949 1396 44 22 den

241 1430 95 28 önskan,
362 1432 33 20 att
417 1430 170 29 beställningen
608 1430 26 22 af
649 1430 28 22 de
691 1438 46 21 nya
751 1434 100 26 gevären
865 1432 71 21 måtte
952 1438 42 22 ega

240 1472 51 15 rum
309 1466 29 28 på
359 1464 121 30 lägligaste
502 1464 109 30 tidpunkt
629 1465 43 22 och
687 1467 34 20 att
735 1466 40 22 vid
789 1466 140 30 köpeaftalet
943 1466 51 23 icke
