1120 1786
463 170 29 23 U.
508 170 28 22 B.
553 183 27 2 —
595 170 74 27 Prop.
685 169 42 22 N:o
743 168 37 23 22.

692 238 27 20 19
733 238 21 27 $.

526 290 64 32 Öfver
614 295 123 21 underrätts
761 295 78 27 utslag,
861 295 137 26 hvarigenom

454 329 135 28 invändning
605 332 53 18 emot
674 329 128 21 domstolens
815 328 120 28 behörighet
944 328 55 28 för-

454 364 82 20 kastats
561 364 51 21 eller
637 364 100 27 yttrande
759 364 116 21 meddelats
896 364 9 20 i
927 363 72 28 fråga

456 405 32 14 om
502 398 55 27 flere
578 402 87 24 parters
691 398 166 25 instämmande,
888 405 35 21 ege
949 400 48 19 sär-

455 432 72 22 skilda
543 433 73 21 besvär
630 434 21 27 ej
665 440 54 14 rum.

694 532 29 20 20
738 531 21 26 $.

528 582 34 20 Uti
577 582 51 25 mål,
643 588 45 14 som
700 582 33 26 på
746 582 73 26 grund
834 581 30 28 af
872 582 71 19 denna
953 581 48 26 för-

456 615 93 28 ordning
564 616 36 21 vid
615 615 90 21 domstol
717 615 152 27 förekommer,
878 622 35 21 ege
923 617 78 22 rätten,

457 650 38 21 der
515 650 80 21 sådant
610 650 81 28 finnes
710 650 81 26 nödigt,
806 650 95 20 inhemta
915 652 86 24 patent-

457 685 159 28 myndighetens
631 684 121 26 utlåtande;
772 684 91 21 tillkalle
879 684 44 24 ock,
940 685 7 20 i
954 684 48 28 fall

457 720 30 27 af
504 719 68 28 behof,
593 726 25 14 en
634 718 51 21 eller
699 719 35 20 två
749 718 134 28 sakkunnige
899 720 49 20 män
959 719 43 27 för

457 756 37 22 att,
510 754 56 28 efter
582 754 73 26 aflagd
669 753 90 27 lämplig
769 753 31 24 ed,
812 753 137 28 tillhandagä
957 755 45 19 rät-

457 790 34 19 ten
506 788 48 21 med
573 788 165 28 upplysningar.
768 788 30 27 Ej
813 788 35 20 må
863 788 72 27 någon
950 790 52 18 utan

458 822 50 28 laga
524 822 87 28 förfall
631 824 66 26 vägra
713 824 31 18 att
760 822 120 27 uppdraget
892 822 108 27 fullgöra.

460 856 126 28 Sakkunnig
602 856 83 28 åtnjute
695 856 42 26 för
751 856 73 27 hvarje
841 856 161 21 sammanträde

457 891 54 26 efter
522 890 127 21 domstolens
660 890 157 21 bestämmande
827 890 80 27 skäligt
917 890 85 27 arvode,

457 931 45 14 som
516 924 105 21 utbetalas
632 924 143 27 förskottsvis
790 925 30 26 af
832 925 112 20 allmänna
960 931 42 14 me-

457 959 47 25 del;
524 959 38 21 och
578 959 65 21 utlåte
658 959 33 27 sig
705 961 70 18 rätten
792 959 35 20 vid
842 959 77 20 sakens
941 959 61 28 afgö-

457 993 69 21 rande
547 1001 33 13 om
600 993 40 22 den
660 994 85 20 kronan
760 993 79 28 derför
859 993 30 28 af
906 993 96 21 vederbö-

457 1028 68 21 rande
540 1028 103 27 sakegare
658 1027 161 22 tillkommande
833 1028 139 27 godtgörelse.

696 1116 29 19 21
739 1116 20 25 $.

527 1171 146 26 Innehafvare
689 1171 31 26 af
728 1173 83 25 patent,
826 1178 44 14 som
886 1171 116 21 meddelats

456 1206 31 26 pä
501 1205 73 27 grund
588 1204 30 28 af
624 1205 66 27 förut
703 1205 104 27 gällande
821 1206 44 27 lag,
876 1212 49 14 vare
935 1205 70 21 berät-

459 1240 60 26 tigad
542 1242 31 18 att
595 1239 14 21 &
630 1239 157 27 uppfinningen
809 1239 82 21 ansöka
910 1246 33 14 om
959 1241 46 27 nytt

456 1276 76 24 patent
553 1274 66 28 enligt
638 1273 150 28 stadgandena
802 1274 9 20 i
825 1274 71 21 denna
907 1274 95 27 förord-

459 1308 59 27 ning,
534 1308 54 21 dock
603 1308 76 21 endast
689 1308 43 27 för
746 1308 119 21 äterstoden
876 1309 31 26 af
913 1308 41 21 den
962 1308 42 26 för

459 1342 35 20 det
509 1342 61 20 äldre
583 1343 95 25 patentet
693 1340 109 22 bestämda
816 1341 121 28 skyddstid.
963 1342 41 20 Vid

457 1375 107 27 pröfning
586 1375 30 27 af
627 1375 70 20 sädan
713 1376 120 27 ansökning
848 1376 57 20 skall
917 1376 87 28 frägan

460 1416 33 15 om
508 1410 166 27 uppfinningens
689 1410 63 27 nyhet
767 1410 98 22 bedömas
880 1411 67 27 enligt
954 1411 51 28 för-

460 1444 132 22 hällandena
615 1445 36 20 vid
673 1444 40 21 den
735 1445 38 25 tid,
792 1445 29 21 dä
836 1445 34 21 det
885 1445 62 22 äldre
959 1452 43 21 pa-

460 1482 62 18 tentet
537 1479 142 21 meddelades.

325 1524 48 19 Lag-
384 1520 33 18 och
429 1519 181 19 Ekonomiutskottets
621 1518 110 18 betänkande
743 1519 37 17 N:o
793 1519 25 17 11.
