1120 1792
321 155 82 23 Ständ.
418 154 39 24 Sv.
472 168 24 3 —
513 156 71 26 Prop.
601 156 41 22 N:o
657 156 37 22 19.
844 156 13 20 9

416 229 2 18 |
466 239 49 18 1895.
609 225 49 41 1896.
752 224 49 42 1897.
878 238 77 19 Summa.

128 365 19 22 db)
159 365 64 18 Extra
235 364 85 23 utgifter.
701 355 2 27 |

33 435 1 3 |
53 411 38 18 För
102 410 114 25 anläggande
228 410 21 19 af
254 411 142 18 telefonlednin-
702 415 1 13 |

33 439 1 11 |
76 451 34 17 gar
127 445 41 19 frän
190 445 49 19 vissa
259 446 21 18 af
296 446 100 18 militärvä-

77 480 64 19 sendet
158 480 94 18 bestämda
272 480 122 23 utkikspunk-

76 516 30 16 ter
124 515 30 18 vid
173 515 69 17 Finska
264 515 63 18 vikens
352 515 44 18 kust

76 549 30 18 till
130 549 112 22 förefintliga
265 549 77 18 telefon-
362 549 34 18 och

75 583 176 24 telegrafledningar
267 584 5 17 i
285 583 31 18 det
328 583 38 18 inre
378 584 20 17 af

76 614 63 30 landet
161 632 4 4 .
190 614 38 30 soc
249 632 147 4 le
476 628 23 3 —
559 622 1 14 |
619 628 21 3 —
762 627 22 4 —
906 619 73 22 130,000

53 653 37 18 För
113 653 35 18 den
170 652 60 19 finska
248 653 62 18 aktiva
329 652 67 19 militä-
846 664 2 16 |

77 693 42 13 rens
136 687 93 18 äfvensom
246 692 93 14 reservens
359 693 36 12 om-

76 722 102 23 beväpning
188 722 42 18 med
241 722 83 23 omkring
334 722 62 22 20,000
558 724 2 17 |

77 759 23 16 st.
124 756 83 19 3-liniers
230 758 54 21 gevär
307 756 22 18 af
351 757 43 18 1891

77 792 31 17 ärs
119 791 66 18 modell
194 791 6 18 i
210 791 63 18 stället
280 791 29 18 för
317 791 20 18 af
344 793 51 20 trup-
415 795 2 29 |

77 831 57 18 perna
145 831 24 12 nu
180 825 106 23 begagnade
296 825 28 22 4,2
332 825 64 18 liniers

76 860 73 18 Berdan
159 862 67 21 gevär.
252 874 2 4 .
278 874 4 4 .
308 873 2 4 .
334 873 4 5 .
363 873 4 5 .
391 873 4 4 .
476 869 23 4 —
618 869 21 3 —
761 870 22 3 —
888 860 90 21 1,600,000

53 894 38 18 Till
103 894 71 18 diverse
186 894 120 18 oförutsedda
317 894 79 23 utgifter
472 889 80 33 200,000
619 890 77 36 200,000
757 890 80 32 200,000
904 894 74 22 600,000

170 935 73 18 Summa
255 936 53 18 extra
319 934 78 24 utgifter
416 949 2 8 |
477 944 22 4 —
620 944 22 4 —
763 944 21 4 —
887 934 92 22 2,330,000

55 975 76 19 Summa
148 975 91 19 ordinarie
257 975 34 19 och
302 977 53 17 extra
367 981 29 13 or-

78 1009 70 19 dinarie
160 1010 79 23 utgifter
252 1024 2 4 .
280 1024 2 4 .
307 1024 4 4 .
335 1024 5 4 .
364 1025 4 3 .
392 1024 4 4 .
477 1020 22 3 —
559 1020 2 12 i
619 1020 22 3 —
701 1011 2 21 |
761 1019 23 4 —
875 1010 103 23 21,552,329

202 1078 180 30 Aterhemtande
396 1084 62 24 hvad
467 1085 9 21 i
486 1084 39 22 det
534 1084 140 30 föregående
684 1084 94 28 anförts,
786 1084 25 22 få
820 1084 67 22 Stän-

135 1120 70 22 derna
219 1120 167 29 underdänigst
401 1120 100 22 anmäla:

408 1198 32 20 att
460 1195 122 23 Ständerna
596 1196 34 27 för
643 1195 70 27 finska
728 1194 106 22 militären
847 1201 40 15 un-

339 1230 37 22 der
401 1231 51 21 åren
479 1230 151 22 1895—1897
659 1229 95 28 godkänt
782 1228 106 22 ordinarie

339 1265 86 27 utgifter
450 1264 31 22 till
503 1267 29 19 ett
554 1264 71 27 belopp
640 1264 28 27 af
676 1264 139 27 19,222,329
829 1263 60 21 mark

340 1302 56 19 samt
415 1301 59 20 extra
496 1299 87 27 utgifter
606 1299 7 21 å
627 1299 126 26 2,330,000
767 1298 59 22 mark
841 1298 47 22 eller

339 1333 155 28 sammanlagdt
508 1334 140 27 21,552,329
660 1332 66 22 mark.
