1120 1784
261 164 26 20 16
445 164 28 22 U.
490 164 27 22 B.
532 176 28 4 —
575 164 73 28 Prop.
664 164 42 22 N:o
721 163 35 22 17.

232 241 35 13 om
288 236 51 21 dess
356 233 70 23 beslut
441 233 61 20 skola
518 233 134 21 omedelbart
666 232 63 22 lända
744 234 32 20 till
791 232 148 25 efterrättelse,
956 232 26 20 än

231 275 36 14 om
290 270 41 21 den
350 270 43 20 kan
414 268 54 27 säga
490 268 38 26 sig,
549 270 32 18 att
602 267 37 21 det
661 268 107 27 egentliga
783 267 128 27 atgörandet
926 266 57 21 dock

231 304 125 21 ankommer
370 305 13 19 ä
398 309 69 15 annan
482 302 144 21 öfverordnad
641 302 133 28 myndighet.

299 336 175 23 Vidkommande
489 336 189 28 anmärkningarna
694 340 45 17 mot
755 337 37 21 det
803 337 49 24 sätt,
863 337 29 27 pä
902 336 81 20 hvilket

231 373 57 20 vissa
311 372 112 22 förseelser
438 372 132 24 betecknats,
587 371 39 21 bör
640 371 155 27 ihägkommas,
811 374 32 18 att
858 374 31 18 ett
904 370 78 27 kyrko-

231 407 44 25 råd,
302 408 38 20 der
362 407 50 20 dess
433 406 138 20 medlemmar
590 405 49 27 vilja
653 406 72 26 undgå
741 409 31 17 att
786 406 66 20 varda
868 405 69 21 stälda
953 404 31 22 till

232 447 77 14 ansvar
324 441 32 20 för
372 440 161 26 ärekränkning,
549 439 48 21 icke
612 440 41 20 kan
669 439 71 21 skrida
755 440 31 20 till
801 439 151 21 användandet
962 438 25 21 af

231 474 124 27 kyrkotukt,
378 474 87 21 säframt
488 474 46 21 icke
556 474 114 21 bestämda
685 473 126 28 handlingar
826 474 70 21 kunna
911 475 6 19 i
933 473 49 21 dess

232 509 110 27 protokoll
364 508 115 21 antecknas
502 508 72 21 såsom
596 507 146 28 tillförlitligen
764 508 141 27 ädagalagda.
940 507 43 21 För

232 543 66 27 Öfrigt
319 543 37 20 har
379 551 27 12 en
427 542 124 27 folkkyrkas
570 542 100 27 ställning
685 543 38 20 det
737 543 50 20 med
801 544 40 25 sig,
857 545 32 18 att
904 541 79 27 kyrko-

231 576 48 22 tukt
300 577 47 21 icke
369 577 96 20 kommer
486 580 32 17 att
538 576 84 21 utöfvas
638 577 50 20 med
703 576 143 21 öfverdrifven
861 576 121 27 stränghet;

231 615 62 23 tager
308 618 49 13 man
373 611 28 20 de
416 610 91 21 faktiska
522 610 159 21 förhällandena
698 611 56 20 inom
767 611 80 20 sädana
857 610 125 27 kyrkosam-

231 645 51 20 fund
304 647 7 18 i
333 645 147 24 betraktande,
504 645 24 20 sä
548 645 38 20 har
601 651 48 14 man
665 645 46 20 icke
727 645 114 26 anledning
855 648 32 17 att
903 644 78 25 befara,

232 679 37 21 det
291 679 135 28 kyrkoräden
449 679 59 20 skola
531 679 59 26 börja
612 678 93 21 inskrida
727 679 38 20 der
780 679 140 20 förseelserna
936 679 46 20 icke

232 714 37 20 äro
289 713 25 22 af
324 714 43 20 den
382 713 154 25 beskaffenhet,
553 717 32 17 att
600 713 62 20 deras
679 713 109 21 beifrande
803 713 44 20 frän
863 714 41 20 den
920 713 62 26 kyrk-

232 748 42 27 liga
283 748 162 27 församlingens
454 747 45 21 sida
507 747 54 21 skall
571 747 88 21 framstä
673 748 72 20 säsom
760 747 121 28 uppenbart
896 747 87 21 berätti-

231 781 53 28 gadt
293 781 41 22 och
342 781 139 27 nödvändigt.
489 794 27 3 —
524 781 116 22 Gentemot
649 781 41 21 den
698 781 172 28 anmärkningen,
879 785 32 17 att
920 781 62 21 äfven

232 815 138 28 förbrytelser
391 819 45 18 mot
459 816 41 21 den
514 816 100 27 kyrkliga
629 816 118 27 ordningen
762 817 70 20 kunna
847 816 66 21 varda
928 816 55 21 före-

231 850 43 21 mäl
288 850 32 21 för
336 850 86 25 beifran,
439 850 23 20 är
477 853 31 18 att
523 850 80 26 märka,
620 854 31 17 att
663 851 151 26 ordalydelsen
825 851 23 20 af
855 850 127 22 hithörande

231 885 159 27 bestämningar
413 891 39 21 ger
473 885 35 21 vid
531 885 91 25 handen,
644 888 32 18 att
697 885 40 21 slik
758 885 80 21 beifran
853 885 18 27 ej
887 885 39 21 bör
942 891 40 21 ega

231 926 46 14 rum
299 920 38 20 der
359 919 168 21 öfverträdelsen
549 919 47 21 icke
618 920 23 20 är
657 920 24 20 af
693 920 154 24 beskaffenhet,
863 923 32 18 att
910 919 72 27 hvarje

231 954 168 26 kyrkosamfund
414 953 66 21 skulle
496 961 51 13 anse
562 955 34 26 sig
610 954 52 20 böra
678 955 66 20 under
759 954 99 21 liknande
871 954 112 21 förhällan-

232 988 42 21 den
295 988 100 21 inskrida.
425 988 72 21 Skulle
519 988 130 21 samvetskäl
667 988 110 21 föranleda
792 988 98 22 kollision
905 989 77 21 mellan

231 1022 94 27 kyrkans
347 1022 36 28 lag
404 1026 55 17 samt
482 1023 41 20 den
545 1022 106 22 enskildes
672 1023 163 27 handlingssätt,
857 1024 24 20 sä
895 1024 87 20 komme

231 1057 84 25 sädant,
338 1060 32 18 att
386 1056 63 22 döma
464 1057 24 20 af
500 1056 153 26 erfarenheten,
670 1057 47 21 icke
732 1061 32 17 att
779 1064 40 20 ega
835 1064 44 14 rum
894 1060 7 18 i
916 1059 66 20 andra

232 1090 35 22 fall
289 1091 27 21 än
337 1091 34 25 de,
394 1092 30 20 uti
446 1091 70 21 hvilka
539 1091 131 27 rättigheten
692 1095 32 18 att
739 1099 23 13 ur
776 1092 109 21 lutherska
899 1092 83 27 kyrkan

231 1126 86 20 utträda
339 1125 89 21 faktiskt
442 1126 41 20 kan
498 1125 82 22 anlitas.
612 1126 39 20 Att
667 1127 97 20 deremot
779 1127 67 27 vägra
861 1128 42 20 den
919 1134 63 14 evan-

231 1159 187 27 gelisk-lutherska
439 1159 83 27 kyrkan
544 1160 131 26 rättigheten
696 1164 31 18 att
748 1161 98 21 använda
869 1162 27 20 de
911 1161 71 21 medel

231 1193 32 22 till
283 1193 188 28 upprätthällande
486 1194 24 20 af
522 1194 47 22 tukt
585 1194 41 21 och
641 1194 108 28 sedlighet
763 1198 56 18 samt
833 1195 85 28 kyrklig
933 1197 49 20 ord-

230 1229 57 25 ning,
310 1234 47 14 som
372 1227 83 27 kyrkan
469 1227 65 22 finner
548 1228 143 28 nödvändiga,
707 1229 77 21 medan
799 1230 66 20 andra
880 1233 101 18 trossam-

231 1262 51 21 fund
296 1263 7 20 i
318 1262 73 20 landet
406 1262 142 21 obehindradt
562 1262 70 21 kunna
647 1263 74 21 utöfva
735 1262 40 22 slik
785 1264 126 27 myndighet
922 1264 59 22 öfver

231 1298 46 19 sina
292 1296 144 25 medlemmar,
452 1297 60 20 detta
527 1303 65 20 synes
607 1304 50 14 vara
670 1297 56 21 bäde
738 1298 100 21 orättvist
849 1298 41 21 och
900 1300 7 20 i
917 1298 65 28 öfrigt

232 1330 128 25 betänkligt;
376 1330 33 19 för
423 1330 49 19 hela
486 1330 68 19 folket
569 1331 23 18 är
607 1331 38 20 det
660 1331 106 26 nemligen
782 1332 24 19 af
817 1338 27 13 en
859 1334 45 18 stor
920 1332 61 26 bety-

231 1362 66 25 delse,
320 1365 33 18 att
374 1361 128 27 folkkyrkan
526 1362 31 21 fär
577 1363 45 20 fritt
643 1363 100 22 utveckla
765 1366 33 25 sig
817 1368 52 18 utan
884 1369 32 18 att
930 1372 51 14 vara

231 1396 84 21 bunden
337 1396 25 21 af
380 1396 165 27 bestämningar,
568 1403 48 14 som
631 1397 69 21 mäste
714 1399 29 26 pä
757 1398 162 28 ifrägavarande
935 1407 45 14 om-

230 1431 52 21 räde
297 1431 91 21 försätta
402 1431 124 21 densamma
540 1432 6 20 i
562 1438 33 19 en,
611 1433 7 20 i
630 1431 122 27 jemförelse
767 1434 49 21 med
824 1434 67 21 andra
902 1433 79 29 kyrko-

231 1465 99 22 samfund
346 1467 6 19 i
366 1465 79 25 landet,
461 1468 79 24 ytterst
555 1466 127 27 oförmänlig
697 1467 105 28 ställning.

298 1507 122 20 Lagutskottets
432 1505 103 17 betänkande
547 1507 34 16 N:o
593 1512 16 17 g.
