1123 1784
330 142 28 23 U.
374 144 26 22 B.
418 156 24 3 —
459 144 72 28 Prop.
547 144 40 22 N:o
604 144 35 22 10.
807 146 25 20 17

391 258 189 24 Reservationer.

475 321 20 22 1.

179 377 62 22 Enär
257 378 23 21 vi
295 377 51 22 icke
370 377 89 23 kunnat
475 379 90 22 biträda
579 379 161 28 pluralitetens
756 379 7 22 i
780 379 80 22 bevill-

111 411 185 28 ningsutskottet
310 412 104 28 yrkande
429 413 29 28 pä
474 421 28 14 en
517 413 93 29 förhöjd
625 414 127 26 maltskatt,
769 416 54 27 taga
838 414 24 21 vi

111 453 37 15 oss
163 446 102 22 friheten
280 446 94 22 härmed
389 446 122 24 framhålla
526 448 40 22 vår
577 448 125 22 afvikande
713 448 61 29 åsigt
785 449 7 21 i
802 448 60 22 före-

111 481 99 22 nämnda
225 481 215 29 bevillningsfråga.

179 516 120 21 Ehuruväl
322 516 40 22 det
384 517 176 30 otvifvelaktigt
582 525 54 14 vore
659 517 26 23 af
703 517 110 22 särskildt
828 517 34 23 in-

111 553 73 20 tresse
199 551 43 21 och
258 551 36 22 för
309 551 106 22 ärendets
432 551 108 30 allsidiga
554 551 143 30 behandling
710 552 87 29 jemväl
807 552 56 22 nöd-

112 585 97 29 vändigt
224 588 35 19 att
273 589 105 19 närmare
392 587 82 21 utreda
496 587 82 29 frågan
594 595 37 14 om
646 594 29 15 en
690 587 93 29 förhöjd
797 587 67 22 malt-

113 620 75 22 skatts
204 621 42 21 och
258 620 70 23 andra
343 623 49 20 mot
406 621 204 22 ölkonsumtionen
625 621 90 22 riktade
729 621 135 22 restriktiva

112 655 118 28 åtgärders
253 655 120 28 betydelse
393 655 52 22 med
460 655 108 23 afseende
583 657 14 21 å
611 655 252 29 nykterhetssträfvan-

112 688 59 23 dena
185 689 8 21 i
209 689 85 27 landet,
318 690 88 28 nödgas
428 690 25 21 vi
476 690 65 28 dock,
558 690 8 22 i
585 690 59 22 brist
665 691 30 28 på
717 690 148 28 erforderligt

113 723 127 22 statistiskt
255 724 111 26 material,
382 724 74 22 lemna
476 724 76 22 denna
568 724 49 22 sida
637 724 25 22 af
675 724 71 22 saken
761 724 103 28 oberörd,

112 760 60 20 samt
187 758 128 22 inskränka
330 766 38 14 oss
383 759 37 21 till
434 761 34 19 ett
479 759 171 22 skärskådande
665 759 26 22 af
703 758 162 30 föreliggande

112 793 66 29 fråga
200 794 148 22 uteslutande
370 794 52 22 med
446 794 108 22 afseende
572 795 13 21 å
599 802 59 21 resp.
675 794 189 29 bryggeriegares

114 828 151 22 ekonomiska
286 828 168 22 förhållanden.
485 829 12 21 I
516 828 64 23 detta
602 828 109 22 afseende
735 836 68 21 synes
827 836 37 14 oss

112 863 44 22 den
170 862 132 29 föreslagna
316 863 166 30 förhöjningen
495 863 25 22 af
533 863 150 23 maltskatten
699 863 68 22 hafva
783 870 28 15 en
827 862 38 22 be-

112 898 92 29 tänklig
217 897 118 30 rubbning
348 898 36 21 till
395 897 65 30 följd.
484 898 133 23 Utskottets
631 898 120 29 pluralitet
761 900 103 26 antager,

112 935 35 20 att
161 932 94 29 förhöjd
277 933 121 22 maltskatt
419 933 102 22 kommer
539 935 35 20 att
596 933 95 28 betinga
713 940 29 14 en
764 934 100 20 motsva-

112 967 70 22 rande
199 967 105 30 stegring
319 968 8 21 i
343 967 102 30 ölpriset,
461 975 52 14 men
536 967 52 22 med
610 967 131 22 kännedom
763 974 37 15 om
821 967 44 22 den

113 1002 127 29 uppdrifna
263 1002 180 27 konkurrensen,
460 1009 48 15 som
523 1002 37 22 för
575 1001 143 23 närvarande
740 1001 126 30 förspörjes

113 1037 29 29 på
157 1037 46 22 alla
226 1037 108 22 områden
357 1037 25 22 af
403 1036 253 29 affärsverksamheten,
672 1036 65 23 torde
755 1036 41 22 det
810 1036 56 22 böra

113 1079 67 15 anses
203 1079 55 14 vara
281 1072 69 28 högst
372 1071 184 30 problematiskt,
573 1071 115 22 huruvida
703 1079 29 14 en
747 1071 45 22 slik
807 1071 58 29 pris-

113 1107 107 28 stegring
234 1106 135 28 verkeligen
392 1106 60 22 skall
474 1106 91 22 inträda
588 1106 43 22 och
649 1105 96 22 sålunda
760 1105 45 22 den
820 1105 46 22 för-

113 1140 69 29 höjda
205 1141 93 22 skatten
316 1141 73 23 blifva
411 1148 29 15 en
460 1141 171 22 konsumtions-
649 1140 42 23 och
706 1140 51 22 icke
773 1148 28 14 en
817 1147 50 21 pro-

114 1176 182 22 duktionsskatt.
319 1176 149 29 Föregående
483 1176 72 22 tiders
571 1175 131 23 erfarenhet
713 1175 82 29 tyckes
805 1178 62 18 näm-

114 1211 64 29 ligen
193 1210 65 30 gifva
274 1210 40 22 vid
332 1210 99 28 handen,
447 1212 35 20 att
504 1210 28 22 de
554 1210 168 30 kapitalstarka
744 1210 122 28 ölbrygge-

114 1246 76 22 rierna
212 1245 52 23 icke
287 1246 66 22 skola
375 1245 70 22 hafva
468 1245 111 22 särskildt
600 1245 99 21 intresse
722 1246 41 25 att,
783 1251 83 22 genom

114 1280 108 29 stegrade
236 1281 48 29 pris
307 1281 29 28 på
358 1280 45 22 den
426 1279 137 23 tillverkade
579 1286 77 20 varan,
671 1278 84 22 bereda
770 1279 28 21 de
813 1278 8 22 i
837 1278 31 22 af-

116 1315 84 22 seende
215 1316 13 20 å
243 1314 219 29 kapitaltillgången
478 1314 90 22 mindre
583 1314 100 28 lyckligt
698 1313 87 22 lottade
800 1312 69 30 bryg-

116 1350 106 28 gerierna
237 1349 121 29 möjlighet
373 1349 38 22 till
426 1348 95 22 fortsatt
543 1348 152 22 konkurrens.
725 1348 91 21 Genom
832 1347 36 21 sin

115 1384 132 29 betydande
261 1384 143 29 produktion
419 1383 43 22 och
478 1384 50 21 sina
543 1382 142 23 förbättrade
696 1383 119 28 apparater
825 1380 43 24 och

115 1418 157 28 inrättningar
286 1418 160 21 åstadkomma
460 1417 28 21 de
504 1424 28 14 en
548 1424 60 18 vara,
619 1417 70 21 hvars
703 1416 165 28 produktions-

116 1451 100 23 kostnad
231 1451 79 22 ställer
326 1452 36 27 sig
377 1451 95 21 relativt
486 1451 45 27 låg.
561 1450 118 28 Derjemte
695 1449 44 22 blir
755 1450 40 21 det
809 1449 59 27 dem,

184 1498 215 22 Bevillningsutskottets
411 1496 116 19 betänkande
539 1496 37 18 N:o
588 1496 17 17 3.
