1120 1781
433 159 81 23 Ständ.
530 159 37 23 Sv.
583 173 26 2 —
625 160 70 26 Prop.
711 160 42 21 N:o
770 159 34 22 15.

451 231 41 22 gar
511 224 55 22 eller
581 225 126 25 konserter,
724 224 62 22 hälla
800 224 122 28 offentliga
937 224 58 21 före-

450 258 62 29 drag,
533 259 98 29 uppföra
648 258 122 29 skädespel
789 259 55 21 eller
859 258 137 22 föranstalta

451 293 74 29 öfriga
541 293 8 21 i
564 294 76 21 denna
653 293 138 29 förordning
802 294 138 20 omnämnda
950 293 45 21 för-

451 328 108 21 lustelser
574 328 43 22 och
627 327 177 29 förevisningar,
815 330 56 19 utan
882 330 35 19 att
927 328 69 21 hafva

451 362 96 28 stadgad
565 362 70 28 afgift
657 362 126 28 behörigen
800 362 80 28 erlagt,
896 362 54 22 böte
965 362 31 22 af-

450 396 87 28 giftens
560 396 82 29 belopp
666 396 42 22 och
726 396 74 22 betale
816 396 89 22 ändock
921 398 74 20 såsom

451 430 106 22 ofvanför
573 431 67 29 sagdt
655 434 31 18 är.
716 431 162 29 Förbrytelser
892 431 104 22 häremot

451 467 113 27 upptagas
579 466 26 21 af
617 465 184 29 poliskammare,
818 466 40 21 der
872 466 71 22 sädan
953 467 42 21 fin-

450 507 47 21 nes,
521 500 42 22 och
589 500 56 29 eljes
670 500 26 22 af
720 500 84 22 allmän
833 500 108 28 domstol;
967 501 28 21 de

450 534 97 22 ädömda
562 534 95 22 böterna
671 534 94 22 tillfalla
780 535 95 22 kronan.

517 569 177 29 Ifrågavarande
720 569 96 29 afgifter
843 577 42 21 ege
913 570 82 22 krono-

451 604 177 28 uppbördsman,
651 604 74 21 under
746 604 52 22 titel
821 604 174 29 näringsbevill-

450 638 58 28 ning
519 638 24 21 af
551 638 125 22 utländska
685 638 137 29 handlande,
831 639 164 29 handelsexpe-

450 672 59 22 diter
537 672 42 22 och
609 673 184 29 näringsidkare,
821 674 74 21 såsom
925 674 70 21 andra

451 707 149 22 kronomedel
618 708 8 21 i
642 707 96 29 behörig
753 708 100 29 ordning
868 708 37 22 till
920 709 74 21 länets

450 742 86 21 ränteri
550 742 108 22 leverera.

698 813 12 21 3
726 813 19 26 8.

518 851 82 22 Denna
621 852 138 28 förordning
777 852 116 29 tillämpas
912 853 51 21 icke
983 854 12 20 å

449 886 111 22 invånare
575 886 7 22 i
597 886 183 29 Kejsaredömet.

695 957 48 26 48.

517 995 82 22 Denna
625 996 138 30 förordning
791 997 59 21 skall
879 997 114 29 tillämpas

448 1029 52 21 från
523 1030 43 21 den
591 1032 9 20 1
620 1030 97 22 Januari
738 1032 54 22 1895
812 1031 42 22 och
869 1032 73 28 gäller
958 1032 36 22 till

448 1064 119 29 utgången
582 1064 26 22 af
621 1065 23 21 år
660 1066 61 22 1897.

314 1132 112 22 Finlands
442 1133 98 21 Ständer
555 1133 131 23 framhärda
701 1136 43 20 etc.

313 1201 154 29 Helsingfors,
483 1202 44 21 den
545 1204 9 20 1
571 1202 57 22 Juni
645 1204 60 21 1894.

322 1476 121 22 Helsingfors,
456 1476 69 19 Finska
536 1477 215 24 Litteratursällskapets
764 1479 84 23 tryckeri,
863 1480 48 18 1894.
