1120 1781
463 136 44 24 N:o
524 137 37 23 17.
835 136 23 20 11

479 203 11 27 8
507 204 47 21 232.

208 241 166 27 Profpredikant
396 242 53 22 eller
472 244 116 26 röstegare,
611 249 46 15 som
674 243 22 20 ät
715 242 130 28 förrättning
861 243 28 26 pä

139 276 70 26 frägo-
225 276 51 21 eller
292 276 76 28 valdag
384 277 16 27 ej
417 277 66 26 nöjes,
499 278 35 20 mä
548 277 77 21 besvär
640 276 98 22 deröfver
752 278 93 21 inlemna
857 277 33 21 till

140 309 160 23 vederbörande
316 310 131 28 domkapitel
462 310 57 22 inom
534 311 91 21 klockan
641 310 41 22 tolf
696 311 12 21 å
723 311 118 21 trettionde
853 311 36 21 da-

139 350 40 22 gen
203 346 49 20 näst
276 345 53 22 efter
351 345 104 28 valdagen
475 346 57 27 eller,
548 346 37 22 der
600 345 193 28 valförrättningen
805 346 85 28 jemlikt

139 379 12 28 $
168 380 40 21 207
224 380 67 22 redan
307 381 13 21 &
333 380 131 28 frägodagen
487 381 108 27 afslutats,
619 382 49 20 näst
692 380 54 22 efter
760 380 66 28 sagde
841 380 48 27 dag,

139 414 38 21 och
193 414 101 28 uppgifve
309 415 73 22 dervid
396 418 123 25 noggrannt
528 416 25 22 sä
562 415 35 22 väl
608 416 26 21 de
645 416 189 27 omständigheter,
845 417 45 19 mot

139 448 72 22 hvilka
225 449 43 21 han
284 451 47 19 tror
346 450 32 27 sig
393 456 39 20 ega
447 450 46 22 skäl
509 452 34 20 att
557 449 69 28 klaga,
643 450 68 22 ehvad
727 450 25 22 de
766 450 55 27 angä
831 450 59 21 med-

139 483 103 27 sökande,
258 484 164 27 profpredikant
445 484 50 22 eller
517 484 158 27 valförrättare,
692 485 50 21 eller
758 484 73 28 sjelfva
846 484 43 21 för-

139 518 131 27 rättningen,
287 518 51 22 eller
352 525 73 15 annan
440 518 93 22 förment
548 518 122 28 olaglighet,
686 525 46 15 som
747 519 39 21 ock
802 519 26 21 de
838 518 51 22 vitt-

139 558 42 16 nen
205 552 51 22 eller
276 552 65 27 bevis,
364 553 29 27 pä
414 554 73 20 hvilka
508 554 43 21 han
573 553 33 22 sin
628 553 79 27 klagan
727 553 86 27 stödjer.
845 552 45 28 Lag

140 592 81 16 samma
243 593 57 20 vare,
316 587 38 21 der
368 587 42 22 han
426 588 59 21 öfver
499 587 146 28 röstvärfning
661 588 51 21 eller
728 588 62 26 olaga
803 587 86 22 lönebe-

140 620 46 28 ting
208 621 64 27 klaga
293 622 42 21 vill
365 622 23 28 Ej
412 623 35 20 mä
468 622 98 22 afseende
580 621 69 23 fästas
665 622 29 27 pä
708 622 84 26 besvär,
808 628 45 15 som
869 622 23 21 af

139 655 69 21 andra
224 657 27 19 än
266 657 110 26 röstegare
392 656 50 22 eller
457 656 164 28 profpredikant
637 656 93 26 anföras,
746 656 51 21 eller
812 656 29 27 pä
856 656 33 22 sä-

141 690 57 21 dana
214 690 50 22 eller
280 690 25 22 de
321 690 59 22 delar
395 690 22 22 af
430 691 54 26 dem,
500 691 71 21 hvilka
581 691 17 27 ej
610 690 108 22 innehälla
728 690 99 22 bestämd
834 697 56 21 upp-

139 724 40 28 gift
202 724 23 22 af
246 725 26 21 de
287 725 188 27 omständigheter,
491 732 46 15 som
552 732 29 15 nu
597 726 65 26 sagde
678 727 44 19 äro.
752 725 79 22 Finner
845 725 44 21 vai-

138 758 131 22 förrättaren
286 759 48 27 sjelf
346 760 71 27 nägon
434 760 114 27 olaglighet
562 759 63 22 hafva
641 761 35 25 egt
691 766 54 20 rum,
761 765 46 15 som
817 760 28 26 pä
855 765 34 15 sa-

140 793 52 21 kens
208 794 82 26 utgäng
304 794 43 22 kan
362 794 75 26 verka;
454 794 55 27 gifve
525 794 35 21 det
576 793 142 27 domkapitlet
728 793 112 27 tillkänna,
852 800 37 15 an-

139 828 74 26 tingen
229 828 28 21 dä
271 828 43 22 han
328 828 191 27 valhandlingarne
533 828 107 26 insänder,
658 828 51 21 eller
724 828 88 22 sednast
822 828 66 21 innan

139 862 148 21 besvärstiden
303 862 133 27 tilländagär.

479 926 11 26 8
507 927 47 20 242.

207 965 46 21 Har
272 966 34 21 val
325 966 114 27 försiggätt
455 965 38 21 och
508 966 49 27 laga
571 965 58 22 kraft
644 965 83 27 vunnit,
743 965 39 22 och
796 965 40 22 har
851 965 38 21 nä-

138 1006 42 21 gon
197 999 22 21 af
233 1000 26 22 de
273 1000 120 28 föreslagne
406 999 74 22 dervid
490 1001 33 21 tre
533 999 127 29 fjerdedelar
673 999 51 22 eller
735 999 122 23 derutöfver
869 999 22 21 af

140 1035 26 21 de
188 1035 35 21 vid
245 1035 57 21 valet
317 1034 79 28 afgifna
410 1036 100 20 rösterna
525 1035 91 26 erhällit,
632 1034 50 22 eller
698 1034 46 27 har,
760 1035 38 21 der
813 1034 77 22 endast

140 1076 25 14 en
181 1069 56 21 varit
253 1070 13 21 &
280 1070 102 27 förslaget
396 1069 100 27 uppförd,
513 1070 68 21 denne
595 1068 69 22 blifvit
674 1068 34 22 för
721 1069 49 21 vald
780 1068 110 22 förklarad

140 1103 39 22 och
193 1103 49 28 laga
258 1104 63 21 ständ
336 1104 52 21 derä
402 1103 99 27 kommit;
517 1103 86 22 utfärde
617 1103 142 27 domkapitlet
768 1103 34 21 för
811 1103 79 21 honom

139 1138 99 22 fullmakt
251 1139 13 21 å
273 1139 100 27 tjensten,
382 1138 71 22 derest
464 1138 211 28 utnämningsrätten
686 1138 72 21 tillhör
769 1137 121 27 domkapit-

139 1172 35 22 let.
198 1168 30 26 Är
244 1173 70 21 denna
329 1174 45 20 rätt
388 1172 104 28 Kejsaren
507 1172 137 27 förbehällen,
652 1172 80 22 förfare
748 1172 141 28 domkapitlet

140 1208 70 21 såsom
225 1207 33 21 för
274 1207 77 22 sådant
366 1206 37 22 fall
421 1208 3 20 i
440 1207 12 28 $
468 1208 41 20 243
524 1206 142 22 föreskrifves.

478 1264 13 29 8
507 1266 49 20 243.

208 1305 70 22 Hafva
293 1306 35 21 vid
342 1304 57 23 valet
414 1307 100 20 rösterna
528 1304 69 22 blifvit
611 1306 24 21 sä
652 1304 75 22 delade
742 1306 33 19 att
790 1304 63 27 ingen
870 1304 22 21 af

141 1340 25 22 de
189 1340 121 28 föreslagne
332 1340 40 22 den
387 1340 7 21 i
410 1340 11 28 $
438 1341 41 20 242
501 1339 94 21 nämnda
617 1338 159 28 röstpluralitet
799 1338 90 26 erhållit,

141 1375 53 22 skall
210 1375 6 21 i
232 1375 99 21 afseende
346 1375 13 21 &
374 1375 105 27 tjenstens
489 1374 128 22 besättande
627 1374 95 28 följande
733 1373 91 28 ordning
834 1373 56 21 iakt-

141 1412 67 24 tagas.
239 1409 71 20 Hörer
323 1408 128 28 lägenheten
466 1408 32 20 till
515 1408 81 21 antalet
612 1408 22 20 af
641 1408 55 25 dem,
707 1408 32 19 till
749 1407 72 20 hvilka
831 1407 59 20 dom-

141 1442 91 28 kapitlet
251 1442 184 27 utnämningsrätt
454 1447 56 21 eger,
527 1441 37 21 och
580 1441 39 21 har
634 1441 28 27 pä
677 1440 162 28 församlingens
854 1440 36 21 be-
