1123 1786
266 176 13 20 2
455 176 30 22 U.
501 176 28 22 B.
545 189 27 3 —
584 176 74 28 Prop.
674 176 44 22 N:o
734 176 35 22 17.

308 247 35 21 att
370 246 189 23 Bondeständet
586 246 113 29 godkänt
725 246 172 23 betänkandet
923 248 68 21 utom

239 280 84 23 såvidt
340 280 42 22 det
401 281 80 28 angår
500 281 14 28 $
534 281 59 26 205,
613 281 8 21 i
639 281 96 22 hvilket
754 281 117 22 afseende
886 280 106 23 Ståndet

239 315 124 22 förkastat
381 315 250 29 ändringsförslaget.

307 384 56 22 Den
390 383 39 22 för
453 385 34 20 ett
506 383 186 23 ständerbeslut
710 384 165 29 erforderliga
892 384 101 28 plurali-

239 419 67 21 teten
333 418 136 22 förefinnes
497 418 98 22 således
616 418 39 21 för
674 417 139 23 Utskottets
831 418 161 23 betänkande

240 452 7 22 i
275 452 77 29 öfrigt
377 453 70 21 utom
473 452 159 23 beträffande
661 452 14 29 &
695 452 32 22 65
747 454 64 21 samt
829 453 31 22 de
879 453 40 28 $$,
940 459 53 16 som

241 487 65 29 angå
325 487 184 28 kyrkotukten;
529 487 46 22 och
588 487 46 22 har
645 487 138 22 Utskottets
793 481 127 39 pluralitet
932 488 61 27 förty

240 523 81 20 ansett
348 521 39 29 sig
413 521 63 22 böra
502 522 116 28 uppgöra
646 523 35 20 ett
704 521 95 29 förslag
817 522 36 22 till
872 528 121 16 samman-

239 555 131 29 jemkning
395 555 25 22 af
447 555 126 23 Ståndens
600 556 8 22 i
636 555 111 29 antydda
772 556 136 22 afseenden
927 556 67 28 skilj-

241 590 86 28 aktiga
345 590 89 22 beslut.

309 624 75 22 Hvad
403 624 62 21 först
482 625 15 26 $
517 624 33 22 65
567 623 87 30 angår,
674 623 77 22 hafva
760 624 96 22 Preste-
869 625 45 22 och
927 625 65 21 Bon-

241 658 140 23 destånden
399 658 114 29 godkänt
532 659 50 28 S:n,
602 658 132 22 hvaremot
752 658 185 29 Riädderskapet
947 659 46 22 och

241 692 81 23 Adeln
339 693 63 22 samt
412 693 216 28 Borgareståndet
640 692 123 23 förkastat
773 693 152 22 densamma.
955 693 38 22 Då

240 727 79 22 likväl
337 727 49 22 den
404 727 153 22 förändrade
575 726 114 29 lydelsen
708 727 25 22 af
751 727 84 22 denna
853 728 15 29 &
887 727 108 23 hufvud-

242 761 113 30 sakligen
373 761 106 22 innebär
498 763 33 20 ett
549 761 188 29 förtydligande
757 762 45 22 och
820 762 174 23 fastställande

243 796 26 22 af
287 796 49 27 det,
356 803 53 16 som
427 796 33 28 på
479 797 83 28 grund
581 796 25 22 af
624 796 202 29 lagstadganden
844 797 46 22 och
908 797 87 28 praxis

242 830 8 22 i
274 831 67 22 detta
365 831 117 22 afseende
509 830 87 23 hittills
632 831 66 22 varit
719 831 124 29 gällande,
865 838 73 16 anser
957 832 38 29 sig

242 865 177 29 Lagutskottet
435 865 64 22 böra
517 865 92 22 föreslå

514 934 37 21 att
570 933 186 29 Ridderskapet
774 934 45 22 och
837 934 83 22 Adeln
929 936 67 21 samt

447 967 215 29 Borgareståndet
679 968 68 26 ville,
767 968 58 22 med
838 968 158 30 frångående

447 1002 32 22 af
501 1002 59 22 sina
580 1002 68 22 förut
665 1002 11 22 i
694 1002 78 22 saken
791 1002 98 23 fattade
907 1004 87 26 beslut,

447 1038 97 27 antaga
573 1038 44 27 $:n
644 1037 78 28 enligt
753 1037 130 22 Utskottets
911 1038 83 22 betän-

447 1071 90 22 kande.

309 1140 37 22 De
373 1139 148 28 paragrafer
549 1140 61 26 åter,
640 1146 53 16 som
721 1141 66 28 angå
813 1141 180 28 kyrkotukten,

240 1174 123 28 nemligen
391 1174 30 27 $$
447 1174 63 25 100,
539 1174 58 26 101,
626 1174 60 26 102,
715 1175 60 25 108,
796 1175 53 22 104
867 1176 45 21 och
932 1177 61 25 394,

239 1208 78 22 hafva
345 1207 25 23 af
387 1207 96 23 Preste-
502 1208 45 22 och
567 1208 197 22 Bondestånden
783 1209 125 28 godkänts
927 1210 8 21 i
954 1216 40 16 en-

239 1242 79 30 lighet
336 1242 56 22 med
412 1242 139 22 Utskottets
563 1242 170 27 betänkande;
749 1243 186 28 Ridderskapet
949 1244 45 22 och

240 1276 81 23 Adeln
348 1276 47 22 har
422 1276 70 28 gillat
519 1276 33 28 $$
579 1276 58 26 100,
660 1276 48 22 102
728 1277 46 21 och
794 1277 57 27 103,
871 1284 57 16 men
946 1278 48 22 för-

238 1311 84 22 kastat
343 1310 32 22 de
398 1310 89 28 öfriga,
506 1310 112 22 hvarhos
637 1310 216 28 Borgareståndet
870 1312 125 22 förkastat

239 1344 116 28 samtliga
384 1342 150 23 hithörande
566 1344 40 28 $8.
647 1343 38 22 Då
716 1344 97 22 således
842 1345 43 21 två
914 1345 80 22 Stånd

239 1378 114 29 godkänt
370 1376 197 30 ifrågavarande
586 1378 33 29 $$
639 1379 64 21 samt
721 1378 133 32 dessutom
868 1380 35 21 ett
914 1379 80 23 Stånd

240 1413 36 21 till
295 1418 30 16 en
345 1411 40 23 del
403 1412 70 28 gillat
491 1412 135 27 desamma,
646 1418 56 16 men
722 1412 25 23 af
759 1413 236 29 kyrkomöte
911 1407 13 39 i
935 1413 60 29 slikt

239 1446 93 24 ärende
351 1446 90 22 fattadt
459 1446 83 23 beslut
560 1447 79 23 måste
649 1446 8 23 i
667 1447 38 22 sin
718 1448 85 22 helhet
815 1448 25 22 af
851 1448 143 24 Ständerna

239 1482 120 28 antingen
387 1481 149 28 godkännas
561 1482 59 21 eller
639 1482 134 27 förkastas,
793 1483 47 22 har
859 1483 134 28 Utskottet,

309 1524 128 22 Lagutskottets
449 1524 112 18 betänkande
575 1527 36 15 N:o
624 1525 18 17 9.
