1125 1781
452 136 45 24 N:o
520 138 37 24 16.
842 136 13 20 3

128 203 22 22 af
164 204 41 21 den
221 203 109 27 offentliga
345 204 100 26 tillsynen
456 203 59 22 öfver
525 203 163 28 ifrägavarande
698 203 106 22 anstalter
815 204 69 20 skulle

127 238 114 21 ombetros.
265 238 69 21 Dessa
349 237 133 22 föreskrifter
498 240 38 19 äro
551 238 106 26 nämligen
673 237 23 21 af
709 238 41 21 den
764 237 119 22 beskaffen-

126 272 44 26 het,
192 273 33 20 att
247 272 109 21 desamma
378 272 74 21 kunna
469 272 7 21 i
496 272 157 21 administrativ
675 273 40 25 väg
730 271 99 22 utfärdas
845 272 39 22 och

126 306 65 21 hafva
213 305 84 22 derföre
316 306 67 27 jemte
405 306 68 27 nägra
496 306 68 22 andra
585 306 134 27 stadganden
735 306 24 21 af
772 306 113 22 enahanda

128 342 34 20 art
184 340 69 22 blifvit
275 340 159 22 sammanförda
456 341 33 21 uti
504 342 33 20 ett
555 340 102 22 särskildt
671 340 118 28 uppgjordt
804 340 81 28 förslag

127 375 33 21 till
175 375 129 27 kungörelse
319 375 7 21 i
342 377 78 20 ämnet.

196 410 71 22 Jemte
290 410 36 21 det
347 410 61 22 Hans
428 410 119 28 Kejserliga
564 410 101 27 Majestät
681 409 84 22 derföre
779 410 58 21 velat
852 410 32 21 till

128 444 133 22 Ständernas
279 444 161 28 handläggning
458 444 129 22 öfverlemna
602 444 139 21 omförmälda
756 444 81 27 förslag
852 444 33 21 till

127 478 132 27 förordning,
275 478 40 22 har
329 479 61 21 Hans
406 479 102 27 Majestät
523 478 68 22 tillika
606 478 7 22 i
623 478 68 22 nåder
702 478 137 27 föreskrifvit,
852 480 33 20 att

127 512 127 22 förberörda
268 512 81 28 förslag
364 513 33 21 till
411 513 135 27 kungörelse,
560 512 150 22 innefattande
720 515 100 19 närmare
829 512 57 22 före-

128 547 88 22 skrifter
232 548 110 27 angående
357 547 140 28 sparbanker,
513 548 7 20 i
535 547 119 28 ungefärlig
665 546 221 23 öfverensstämmelse

128 582 103 22 hvarmed
246 582 26 22 de
287 582 172 22 administrativa
474 582 148 28 stadgandena
636 582 8 21 i
659 584 71 20 ämnet
745 584 38 20 äro
798 582 88 22 afsedda

130 618 33 20 att
178 616 104 28 utfärdas,
298 617 40 21 bör
353 616 125 22 Ständerna
488 616 33 22 till
530 616 122 22 kännedom
661 616 119 27 meddelas;
791 616 94 22 varande

130 651 139 22 omförmälda
284 653 80 20 tvänne
379 651 220 28 författningsförslag
616 650 23 22 af
651 650 92 28 följande
759 651 90 28 lydelse:

231 773 103 27 Förslag
353 772 29 22 till
398 772 119 28 förordning
534 772 106 28 angående
656 772 133 27 sparbanker.

488 853 11 27 8
517 854 18 19 1.

199 893 50 21 Med
271 893 110 27 sparbank
400 892 80 22 förstås
495 893 7 21 i
519 893 69 21 denna
605 892 126 27 förordning
746 892 143 28 penningein-

131 928 104 27 rättning,
251 933 45 16 som
312 928 40 21 har
367 928 33 20 till
416 927 98 22 ändamål
530 929 39 25 att,
581 929 53 19 utan
645 926 104 28 rättighet
760 926 33 22 för
804 927 84 21 stiftare

132 963 51 22 eller
201 963 72 21 desses
292 962 195 22 rättsinnehafvare
506 964 33 20 att
554 962 152 27 tillgodonjuta
721 962 57 21 vinst
794 962 13 20 å
822 962 66 21 rörel-

132 1004 44 20 sen,
197 998 22 20 af
236 997 143 21 allmänheten
394 997 32 21 till
442 996 140 22 förräntande
601 997 97 26 mottaga
712 996 122 27 penningar
849 996 40 21 och

132 1038 76 21 genom
231 1033 90 20 räntans
343 1031 106 27 läggande
468 1031 32 21 till
519 1030 105 27 kapitalet
643 1030 46 21 dem
704 1030 126 26 ytterligare
845 1029 43 22 för-

132 1066 62 22 kofra
209 1068 57 20 samt
280 1066 83 21 medlen
378 1066 8 20 i
400 1066 50 20 mån
467 1065 22 21 af
502 1065 136 27 uppsägning
654 1064 125 22 återbetala.

485 1146 11 27 $
513 1146 18 20 2

201 1188 104 20 Förutom
327 1186 186 28 postsparbanken
532 1192 50 15 vare
601 1183 46 23 icke
663 1191 71 15 annan
749 1184 140 27 penningein-

133 1223 98 27 rättning
254 1224 27 20 än
304 1222 74 26 sådan,
400 1221 89 21 hvarom
507 1221 7 21 i
534 1221 11 27 $
564 1222 8 20 1
589 1220 106 26 förmäles,
717 1219 123 27 berättigad
856 1220 33 20 att

134 1257 98 22 använda
255 1256 156 27 benämningen
434 1256 115 26 sparbank.
580 1255 53 21 Sker
648 1254 37 22 det
699 1254 71 26 likväl,
787 1260 49 20 eger
851 1260 38 20 gu-

134 1293 78 20 vernör
227 1290 126 22 föreskrifva
368 1290 94 21 rättelse.

488 1370 45 28 83.

204 1412 38 25 De,
266 1418 44 14 som
333 1411 50 26 vilja
405 1410 60 21 stifta
488 1410 115 26 sparbank,
622 1410 53 19 böra
693 1414 52 14 vara
759 1408 132 26 välfrejdade

135 1445 69 21 finske
219 1445 146 26 medborgare,
382 1444 64 21 minst
461 1443 41 21 fem
518 1443 32 21 till
567 1442 88 22 antalet.
