1123 1778
368 163 30 22 U.
413 163 28 22 B.
456 175 27 4 —
498 164 75 28 Prop.
589 164 42 23 N:o
646 164 38 22 22.
845 165 26 20 31

424 233 33 20 att
479 232 124 21 Ständerna
624 232 51 21 ville
696 233 9 20 i
727 233 174 27 underdänighet

355 265 120 26 hemställa,
484 273 35 14 om
527 266 44 21 icke
581 266 25 21 de
616 266 182 28 omständigheter
806 267 94 21 rörande

351 300 184 27 patentväsendet,
545 300 133 27 beträffande
688 300 74 21 hvilka
772 300 65 21 Hans
849 300 51 28 Kej-

354 333 80 27 serliga
445 333 104 28 Majestät
562 333 49 28 egde
620 341 77 15 ensam
706 334 111 27 förordna,
830 335 69 27 lämp-

356 366 58 28 ligen
433 367 71 21 kunde
520 368 94 27 regleras
631 374 78 21 genom
723 375 28 14 en
764 368 136 28 sälydande:

355 463 151 28 Kungörelse
521 464 123 29 angäende
661 465 120 22 särskilda
793 465 56 23 med
860 472 40 22 pa-

388 499 169 22 tentväsendet
572 499 235 28 sammanhängande
822 506 48 16 om-

539 533 175 28 ständigheter.

604 610 13 18 1
631 608 22 27 $.

412 664 202 27 Patentmyndighet
625 665 8 20 i
643 663 99 22 Finland
753 667 26 18 är
787 665 113 21 Industri-

354 698 109 28 styrelsen.
500 698 48 21 När
573 699 155 27 patentärende
758 699 140 27 handlägges,

354 732 62 21 skola
438 732 128 21 ätminstone
589 740 25 13 en
633 732 109 28 juridiskt
757 732 38 21 och
811 740 25 14 en
852 732 44 22 tek-

355 766 58 21 niskt
436 766 74 21 bildad
529 774 81 20 person
631 767 8 20 i
661 767 124 21 densamma
800 774 37 21 ega
854 769 45 19 säte

356 800 37 21 och
408 802 98 20 stämma.

411 834 203 28 Industristyrelsen
625 837 26 19 är
661 836 9 19 i
676 835 156 27 patentärende
840 836 60 20 dom-

351 869 50 28 för,
422 871 42 19 när
483 869 99 26 förutom
605 869 150 27 ordföranden
777 869 64 21 minst
863 870 35 20 två

354 903 117 22 ledamöter
485 903 47 21 deri
547 903 93 27 deltaga.

601 1002 14 19 2
627 996 24 36 $.

416 1057 42 21 Vill
470 1058 73 26 nägon
550 1057 84 21 erhälla
640 1059 82 25 patent,
731 1057 79 21 ansöke
826 1057 72 20 derom

354 1091 126 28 skriftligen
495 1091 37 21 hos
543 1091 210 27 Industristyrelsen.
773 1091 127 21 Ansöknin-

352 1132 48 22 gen,
416 1132 44 14 som
475 1126 65 27 äfven
556 1126 38 20 bör
608 1125 112 21 innehälla
730 1125 169 27 uppfinningens

352 1160 129 27 benämning
496 1162 56 18 samt
567 1160 90 26 uppgift
668 1166 33 14 om
714 1159 121 21 sökandens
846 1159 52 28 yrke

352 1194 38 21 och
402 1194 132 28 postadress,
549 1193 57 22 skall
621 1193 94 28 ätföljas
731 1193 39 27 af:

408 1228 21 28 1)
455 1228 136 28 beskrifning
615 1228 8 20 i
647 1229 34 19 två
706 1228 109 27 exemplar
837 1227 62 28 öfver

352 1262 168 28 uppfinningen;

407 1297 23 27 2)
448 1297 26 20 de
489 1296 118 28 ritningar,
622 1304 45 14 som
682 1296 114 26 erfordras
807 1297 43 27 för
865 1299 33 19 att

351 1332 122 28 tydliggöra
488 1331 172 28 beskrifningen,
673 1331 80 27 jemväl
763 1331 9 21 i
782 1332 35 20 två
828 1337 69 15 exem-

348 1366 60 28 plar,
424 1365 120 28 äfvensom,
560 1366 38 21 der
611 1365 81 22 sådant
703 1364 104 29 behöfves,
818 1365 81 22 model-

352 1401 39 24 ler,
406 1401 111 25 varuprof
528 1400 39 21 och
583 1400 79 26 dylikt;
677 1402 57 18 samt

409 1434 25 25 3)
442 1434 87 20 trettio
538 1432 62 22 mark
607 1434 71 20 såsom
686 1432 214 28 ansökningsafgift.

409 1467 115 21 Dessutom
539 1466 58 22 skall
611 1466 38 21 vid
663 1466 149 28 ansökningen
816 1466 81 28 fogas:

216 1508 48 24 Lag-
276 1509 33 18 och
320 1507 182 21 Ekonomiutskottets
514 1506 111 19 betänkande
637 1508 38 16 N:o
687 1506 26 18 11.
