1078 1781
439 261 102 30 Transport
555 257 1 11 |
574 265 131 21 24,357,500|
695 261 13 30 —

154 297 29 18 för
195 297 57 18 tobak
264 298 97 22 uppburits
373 298 29 17 för
415 299 125 17 statsfondens
679 297 2 16 i

153 331 83 22 räkning,
248 331 98 23 nemligen:
679 347 1 7 |

176 383 21 17 är
210 383 71 18 1889.
307 396 3 5 .
327 384 101 21 19,208,018
440 384 36 18 mk.
488 384 22 17 55
522 389 17 16 p.

182 431 8 8 »
209 418 45 17 1890
277 431 4 4 .
306 431 4 4 .
325 418 103 21 22519878
452 431 8 8 ,
491 418 43 21 4,

181 465 8 8 »
208 452 42 17 1891
276 465 4 3 .
306 465 4 4 .
325 453 102 21 21564989
452 465 8 9 ,
490 453 43 21 48,
678 473 1 3 |

181 499 8 9 »
209 486 43 18 1892
275 499 5 4 .
304 499 4 4 .
324 487 101 20 19259715
451 500 8 8 ,
490 488 43 20 42,
553 494 2 27 |
678 501 1 7 |

181 534 8 9 »
209 521 43 17 1898
276 533 4 5 .
306 534 3 4 .
325 521 102 21 18784676
451 534 9 9 ,
490 522 43 21 47,

152 572 105 18 Inkomsten
275 577 65 18 genom
360 572 177 23 tullbeskattningen
677 582 2 8 i

153 606 34 18 har
205 606 70 19 säledes
293 607 30 17 för
340 606 54 19 dessa
411 607 37 17 fem
460 607 21 17 är
494 613 44 16 upp-
677 607 2 26 i

151 640 42 23 gått
213 641 5 17 i
239 641 85 18 medeltal
343 641 29 18 till
391 641 55 22 något
465 647 38 12 mer
515 643 23 16 än
677 635 2 29 |

151 676 103 21 20,250,000
271 676 37 17 mk.
331 675 57 18 Detta
403 675 86 18 medeltal
502 676 36 17 kan
677 681 2 6 i

151 709 47 18 dock
211 710 16 22 ej
240 710 29 17 för
280 710 123 18 instundande
415 709 124 24 finansperiod
677 700 2 5 |

151 744 64 23 läggas
235 745 30 16 till
283 744 59 23 grund
360 744 30 17 för
407 744 131 23 beräkningen.

151 778 61 19 Under
223 779 86 22 perioden
321 779 74 17 infaller
406 779 90 22 nemligen
508 779 30 17 det

151 813 125 22 exceptionela
288 813 40 18 äret
340 813 49 22 1890,
402 813 23 17 dä
433 818 22 13 en
463 813 75 22 plötslig
677 832 1 5 |

151 848 82 22 stegring
245 848 73 17 utöfver
330 848 92 21 3,300,000
433 847 31 18 mk
473 847 64 18 inträf-
677 853 2 22 |

150 881 43 19 fade
211 883 5 16 i
234 881 47 23 följd
293 881 161 24 hufvudsakligast
466 882 21 18 af
498 887 40 17 spe-
677 876 2 27 i

150 917 84 18 kulation
252 917 24 22 pä
294 917 23 17 dä
336 917 5 17 i
356 917 54 22 fräga
422 916 60 18 stälda
494 917 43 16 tull-
677 906 2 38 |

149 951 134 23 förhöjningar.
301 951 50 18 Enär
359 951 143 18 tullintraderna
510 956 27 12 se-

150 986 82 19 dermera
248 987 42 17 från
306 987 34 18 och
352 987 41 17 med
406 987 21 17 år
439 987 42 18 1891
495 987 42 17 ärli-
551 989 1 3 |

151 1021 49 23 ligen
216 1021 78 22 nedgätt
312 1021 33 18 och
361 1021 21 18 är
394 1021 44 18 1893
452 1021 84 22 utgjorde

151 1055 65 19 endast
228 1056 102 22 18,734,676
342 1056 31 17 mk
385 1056 22 17 47
419 1061 23 17 p.,
454 1056 29 18 till
492 1056 45 18 hvil-

150 1090 36 18 ken
198 1090 94 23 betydliga
304 1090 104 23 minskning
421 1091 77 17 orsaken
507 1091 29 17 till

150 1125 90 22 väsentlig
253 1124 29 18 del
295 1127 21 15 är
327 1126 29 16 att
370 1125 43 17 söka
423 1125 46 18 iden
482 1126 54 17 rubb-
551 1113 2 13 |

150 1160 44 22 ning
206 1159 6 17 i
224 1159 23 18 de
258 1159 119 18 ekonomiska
392 1159 144 22 förhällandena,

150 1199 39 13 som
207 1194 47 18 varit
265 1193 97 19 föranledd
374 1193 20 18 af
405 1194 131 18 missväxtären
677 1218 1 3 i

151 1228 43 18 1891
215 1228 33 17 och
270 1228 49 21 1892,
339 1227 57 22 torde,
409 1228 41 18 med
467 1228 70 23 hänsyn
677 1225 1 13 |

151 1262 62 18 dertill
232 1264 29 16 att
284 1262 92 22 följderna
400 1262 20 17 af
444 1262 92 22 felslagna

151 1296 77 18 skördar
246 1296 65 18 endast
327 1296 112 22 smäningom
451 1296 85 22 utplänas
551 1295 2 9 |

150 1330 34 18 och
203 1330 69 18 mindre
292 1335 105 18 gynsamma
413 1330 124 18 skörderesul-

150 1366 29 16 tat
199 1364 52 18 äfven
272 1364 57 18 under
348 1364 151 18 nästkommande
517 1364 20 17 fi-

150 1398 110 22 nansperiod
272 1399 62 17 kunna
346 1398 108 18 hämmande
463 1398 74 18 inverka

150 1432 24 22 pä
196 1432 105 22 stegringen
318 1431 21 18 af
356 1431 73 18 landets
446 1431 91 21 välständ,

436 1471 101 22 Transport
551 1455 11 42 |
571 1459 137 34 24,957,500-|
737 1459 120 33 7,830,000—
