1123 1773
364 136 27 23 U.
407 137 26 21 B.
451 149 24 3 —
492 137 71 27 Prop.
579 137 40 22 N:o
634 137 35 22 21.
852 137 11 20 7

141 194 101 21 sumtion
273 195 34 20 att
335 193 74 28 tredje
430 201 53 14 man
499 194 43 21 fått
557 193 131 21 kännedom
709 201 37 13 om
761 193 130 21 återkallel-

141 235 40 13 sen
197 227 43 22 och
256 235 37 14 om
308 227 77 22 denna
399 228 142 27 presumtion
557 227 102 22 inträder
675 229 82 26 genast
767 227 58 21 efter
834 227 56 21 kun-

140 262 114 27 görandet
283 262 58 21 eller
362 262 40 21 vid
421 262 78 27 någon
515 269 79 14 senare
609 261 119 28 tidpunkt.
758 261 133 21 Utländska

140 295 65 28 lagar
221 295 70 22 hafva
306 296 97 21 allmänt
418 296 55 21 stält
489 296 36 28 sig
540 296 30 28 på
586 295 43 22 den
645 295 152 29 ståndpunkt,
807 297 33 19 att
848 299 42 18 när

140 329 151 29 registrering
314 330 43 21 och
379 330 151 27 kungörande
546 330 27 21 af
586 330 58 21 visst
659 329 146 22 förhållande
822 330 67 25 skett,

140 371 27 13 en
193 364 143 28 presumtion
359 365 61 20 emot
443 364 73 28 tredje
542 371 53 14 man
626 364 133 28 derigenom
787 365 102 27 uppstår.

139 397 12 22 I
180 397 237 22 öfverensstämmelse
440 398 94 22 härmed
560 398 41 22 har
625 398 126 28 Utskottet,
775 398 51 21 med
850 406 39 13 an-

139 432 106 28 slutning
263 432 37 21 till
321 432 43 21 den
382 433 70 27 tyska
471 432 43 21 och
533 433 28 20 de
580 432 110 22 nordiska
706 429 106 31 lagarnas
829 432 61 21 stad-

139 466 98 28 ganden,
260 466 35 21 uti
317 467 13 21 8
346 468 13 25 &
374 467 24 20 af
415 467 133 21 Utskottets
563 467 87 28 förslag
665 466 114 28 upptagit,
796 468 35 19 att
846 466 39 21 det

138 500 153 27 förhållande,
314 508 48 14 som
385 501 80 21 blifvit
486 501 125 21 inskrifvet
631 501 43 21 och
689 501 126 28 behörigen
831 501 57 20 kun-

139 535 86 28 gjordt,
242 543 65 13 anses
324 536 69 21 hafva
409 535 95 21 kommit
520 535 36 21 till
573 535 73 29 tredje
661 542 65 14 mans
742 535 112 28 kunskap,
864 535 26 20 så

140 569 69 21 framt
224 569 21 28 ej
262 569 25 22 af
301 569 229 28 omständigheterna
545 569 107 28 framgår,
674 571 35 19 att
724 569 45 21 han
786 569 103 21 hvarken

138 603 51 21 haft
211 603 56 22 eller
283 604 52 21 bort
350 604 69 21 hafva
434 604 106 29 kunskap
557 605 84 25 derom,
658 606 59 19 samt
732 605 35 20 att
782 604 55 27 åter,
853 604 35 20 in-

138 644 46 14 nan
203 638 152 28 kungörande
371 639 67 26 skett,
456 638 39 21 det
510 637 145 22 förhållande
672 639 47 19 söm
737 637 79 22 blifvit
831 637 56 21 eller

138 671 52 22 bort
207 671 71 22 blifva
294 672 109 27 anmäldt,
420 673 51 20 icke
488 673 45 20 kan
548 672 53 21 med
615 673 54 27 laga
678 671 87 22 verkan
776 672 110 28 åberopas

138 708 49 19 mot
202 714 76 13 annan
294 710 30 17 än
339 707 51 27 den,
407 713 48 15 som
471 707 61 21 visas
547 707 72 21 hafva
634 706 76 21 derom
727 706 50 21 haft
785 706 103 28 vetskap.

137 741 121 21 Utskottet
280 741 97 21 förbiser
400 741 135 28 visserligen
551 741 58 27 icke,
631 742 34 19 att
681 740 64 21 detta
760 739 128 29 stadgande

138 775 143 22 beträffande
303 776 87 21 verkan
407 775 25 22 af
445 775 66 22 skedt
526 775 151 29 kungörande
692 774 9 22 i
716 775 61 21 vissa
792 774 44 22 fall
843 774 45 22 kan

138 810 103 21 medföra
271 810 51 22 icke
345 810 44 21 lätt
404 810 59 21 lösta
478 810 209 28 pröfningsfrågor.
711 810 54 20 Men
781 809 29 21 då
825 809 64 21 såväl

139 846 34 19 ett
189 845 98 27 påtänkt
303 844 128 28 stadgande
447 844 77 22 derom
533 846 35 19 att
576 844 166 28 kungörelsens
757 844 80 20 verkan
849 846 41 18 mot

139 878 73 30 tredje
235 886 53 15 man
311 879 76 22 skulle
402 878 93 23 inträda
510 879 62 21 vissa
587 878 72 28 dagar
675 878 58 21 efter
748 877 141 29 publikatio-

138 921 51 19 nen,
207 921 48 14 som
275 914 68 21 äfven
368 913 45 22 den
429 914 150 21 schweiziska
594 913 81 28 lagens
691 913 148 28 bestämning
854 916 36 17 att

138 948 87 21 verkan
249 948 25 21 af
290 949 139 27 kungörelse
444 948 103 21 inträder
561 948 53 21 från
629 947 44 22 den
689 947 112 28 tidpunkt
815 947 74 29 tredje

138 989 54 14 man
207 983 86 21 kunnat
308 983 87 20 erhålla
411 983 105 28 kunskap
533 990 36 14 om
586 983 133 21 densamma
734 984 65 26 synts
812 982 8 21 i
829 982 61 27 vissa

138 1017 44 21 fall
205 1017 111 21 innebära
332 1017 89 28 oskälig
445 1016 98 22 hårdhet
561 1019 49 19 mot
626 1016 73 28 tredje
714 1023 60 20 man,
790 1016 42 21 har
846 1016 43 21 Ut-

138 1052 89 20 skottet
249 1053 76 19 ansett
348 1051 39 21 det
409 1059 32 13 nu
463 1054 120 25 upptagna
603 1050 140 29 stadgandet
758 1051 57 21 böra
830 1051 58 21 före-

138 1085 89 28 dragas,
244 1086 95 21 emedan
356 1086 39 21 det
406 1085 152 22 öfverlemnar
567 1086 37 21 till
614 1085 117 22 domarens
739 1085 113 28 pröfning
865 1085 27 22 af

138 1119 228 29 omständigheterna
381 1120 8 21 i
404 1120 80 28 hvarje
499 1120 47 27 fall,
563 1120 116 21 huruvida
694 1119 74 29 tredje
784 1120 104 27 man;bör

138 1162 66 13 anses
235 1155 71 21 hafva
328 1155 82 21 saknat
433 1155 106 28 kunskap
563 1162 36 14 om
621 1154 156 28 kungörelsen
793 1154 44 22 och
852 1161 36 15 om

139 1189 75 21 denna
235 1189 120 22 bristande
375 1189 106 29 kunskap
497 1189 41 21 hos
554 1189 85 22 honom
655 1189 46 20 kan
718 1196 65 14 anses
798 1189 90 21 ursäkt-

138 1223 41 28 lig.
210 1224 12 21 I
243 1224 108 21 afseende
374 1224 13 21 å
409 1224 183 28 näringsidkare,
609 1231 49 14 som
674 1223 85 28 sjelfva
775 1227 38 18 äro
830 1224 58 27 regi-

138 1258 213 29 streringspliktige
381 1258 43 21 och
453 1258 81 21 hvilka
559 1259 9 20 i
590 1258 80 27 regeln
692 1265 49 13 :mer
763 1261 29 17 än
816 1257 72 22 andra

138 1292 57 29 följa
217 1293 52 20 med
290 1292 204 29 publikationerna
517 1299 36 15 om
581 1291 170 28 inskrifningar
773 1291 37 21 till
833 1292 55 21 han-

139 1327 165 28 delsregistret,
335 1327 66 21 torde
429 1326 38 21 det
491 1327 25 21 af
536 1326 121 22 Utskottet
680 1326 132 28 föreslagna
827 1326 61 21 stad-

139 1361 86 28 gandet
255 1361 40 21 vid
325 1361 178 28 tillämpningen
528 1361 73 22 oftast
616 1361 92 20 komma
724 1362 34 19 att
774 1367 113 14 samman-

138 1395 56 20 falla
210 1395 51 20 med
277 1395 45 20 den
338 1395 149 20 schweiziska
503 1396 80 26 lagens
599 1395 154 26 bestämning.

207 1485 45 23 Lag-
266 1486 32 18 och
310 1486 184 17 Ekonomiutskottets
506 1485 112 18 betänkande
630 1484 35 18 N:o
677 1484 17 18 3.
