1123 1784
281 167 26 20 18

478 166 29 21 U.
523 163 27 23 B.
566 179 27 3 —
610 165 74 29 Prop.
699 162 44 24 N:o
757 163 37 23 13.

457 228 93 28 försvar,
557 229 52 21 eller
618 236 54 19 som,
683 230 56 19 utan
748 228 143 27 vederbörligt
901 227 106 27 tillständ,

457 262 121 29 förskaffar
600 264 35 27 sig
660 262 163 28 planteckning,
848 262 86 28 ritning
956 262 52 21 eller

457 297 114 28 handling,
586 304 48 15 som
656 297 79 21 honom
750 297 115 27 veterligen
881 296 43 27 bör,
939 296 10 21 i
963 302 42 15 an-

457 332 74 21 seende
547 332 35 21 till
592 332 75 28 Ryska
676 331 75 22 Rikets
762 333 57 26 yttre
830 331 104 27 säkerhet,
945 330 60 22 hem-

458 367 103 27 lighällas
575 367 37 27 för
623 367 140 28 främmande
773 368 50 25 stat,
834 366 52 22 eller
895 366 38 21 ock
942 366 65 27 kopia

457 402 30 27 af
499 401 71 22 sådan
587 401 165 29 planteckning,
766 401 87 27 ritning
867 401 52 21 eller
933 400 72 21 hand-

457 436 53 28 ling,
525 436 91 28 straffes
636 436 49 21 med
703 436 96 27 fängelse
814 435 65 28 från
894 435 45 21 och
953 435 54 21 med

457 471 43 21 tvä
514 471 124 21 mänader
657 470 35 21 till
709 470 39 21 och
769 470 48 21 med
832 471 29 20 ett
875 469 27 22 är
916 469 39 22 och
969 475 37 15 sex

456 505 112 22 mänader.

705 581 52 26 83.

522 649 49 22 Har
589 650 74 27 nägon
682 650 103 28 uppgjort
803 650 70 22 sädan
889 650 114 28 planteck-

454 685 62 28 ning,
537 685 88 27 ritning
644 685 51 21 eller
717 685 142 28 beskrifning,
874 692 47 14 som
935 685 10 21 i
961 686 16 20 2
990 685 15 28 $

455 721 66 26 säges,
537 719 10 22 i
561 720 69 27 afsigt
643 721 34 20 att
691 719 95 28 delgifva
794 719 128 22 densamma
929 719 73 28 främ-

454 754 86 28 mande,
555 754 11 21 i
580 754 47 28 krig
649 754 48 21 med
718 753 112 29 Ryssland
847 754 45 21 icke
907 753 96 22 varande

455 789 71 20 makts
540 789 100 28 regering
651 789 53 20 eller
711 791 70 26 agent,
791 795 52 15 vare
850 788 86 27 straffet
943 789 59 20 tukt-

455 823 42 21 hus
511 823 11 20 i
535 823 62 28 högst
611 823 53 28 fyra
683 823 27 21 är
723 824 52 20 eller
789 823 96 28 fängelse
900 823 20 27 ej
935 823 70 21 under

454 864 38 15 sex
507 857 106 22 månader
626 859 59 20 samt
699 857 81 28 förlust
801 858 28 28 af
840 857 164 28 medborgerligt

452 892 135 28 förtroende.

523 962 12 21 2
552 968 62 15 mom.
630 962 67 27 enligt
711 962 117 21 Utskottets
843 962 83 28 förslag.

523 997 12 21 3
552 1003 62 15 mom.
630 996 67 27 enligt
711 996 118 22 Utskottets
843 996 84 27 förslag.

701 1077 14 27 $
725 1077 25 27 4.

519 1128 69 28 Hvar,
604 1135 48 15 som
666 1130 56 19 utan
737 1128 140 28 vederbörligt
895 1128 106 27 tillstånd,

451 1170 78 20 genom
544 1162 137 28 fördöljande
696 1162 29 28 af
735 1162 40 21 sitt
788 1162 71 27 stånd,
875 1163 39 21 sitt
923 1169 77 20 namn,

451 1198 52 20 eller
517 1197 37 21 sin
564 1196 148 28 nationalitet,
723 1197 52 21 eller
785 1204 78 20 genom
875 1199 71 19 annat
953 1197 50 21 svek

452 1231 120 28 förskaffar
586 1232 33 27 sig
635 1231 95 21 tillträde
745 1231 35 21 till
794 1231 67 28 något
873 1231 74 28 Rysku
957 1231 43 21 Ri-

451 1266 44 22 kets
520 1266 164 28 fästningsverk
706 1266 51 20 eller
785 1266 146 27 örlogshamn,
951 1266 48 28 för-

450 1300 104 21 skansadt
568 1301 63 27 läger,
643 1300 132 28 krigsfartyg
783 1300 52 21 eller
840 1306 79 15 annan
929 1300 70 28 krigs-

451 1334 88 25 anstalt,
555 1334 77 26 afsedd
652 1334 36 26 för
707 1334 84 20 landets
805 1333 93 27 försvar,
913 1334 87 26 strajfes

453 1367 50 20 med
524 1367 90 21 tukthus
628 1367 11 20 i
653 1367 61 27 högst
736 1367 35 20 två
793 1367 27 20 är
837 1367 52 21 eller
903 1367 97 28 fängelse

451 1403 19 25 ej
483 1401 71 22 under
568 1409 38 14 sex
620 1401 107 22 månader
741 1403 59 20 samt
813 1401 82 28 förlust
905 1401 30 28 af
941 1401 58 22 med-

451 1436 116 28 borgerligt
580 1436 128 28 förtroende.

520 1470 83 23 Försök
616 1473 28 19 är
657 1471 122 28 straffbart.

313 1511 131 24 Lagutskottets
456 1511 110 18 betänkande
577 1511 38 18 N:o
626 1513 18 16 4.
