1120 1784
350 168 30 22 U.
396 168 27 22 B.
439 181 27 3 —
481 168 74 29 Prop.
571 168 44 23 N:o
631 168 39 23 22.
829 169 27 20 13

134 235 25 23 af
180 235 42 22 den
245 237 25 20 31
287 236 58 21 Mars
368 236 52 21 1879
434 236 141 21 tillförsäkrar
589 236 73 28 hvarje
678 236 53 21 finsk
746 235 139 28 medborgare

135 271 48 25 rätt,
198 272 31 18 att
243 269 67 22 under
325 270 26 20 de
367 270 7 20 i
389 277 79 14 samma
483 270 125 28 förordning
618 270 102 27 stadgade
731 269 69 22 vilkor
810 270 76 20 utöfva

135 302 37 22 det
187 304 139 27 näringsyrke
340 304 42 20 han
397 303 35 21 för
449 303 53 28 godt
511 304 71 20 finner.
608 304 77 20 Denna
695 303 190 27 näringsfrihetens

134 336 121 28 grundsats,
270 344 45 14 som
331 339 79 26 ytterst
423 337 69 21 hvilar
507 337 12 21 å
534 337 41 21 den
590 337 42 21 fria
647 337 171 21 konkurrensens
829 337 57 28 prin-

136 372 40 28 cip,
191 370 43 22 kan
250 370 116 22 emellertid
381 371 91 21 faktiskt
486 373 61 25 göras
563 371 107 22 illusorisk
681 379 77 20 genom
770 378 26 14 en
807 370 80 22 oända-

136 405 112 29 målsenlig
270 405 211 29 patentlagstiftning.
511 405 74 22 Såsom
608 405 91 28 tidigare
722 404 101 22 anfördes
846 404 40 22 och

135 440 79 28 jemväl
237 440 23 22 af
280 440 94 21 komitén
397 439 96 23 betonats
516 440 39 22 har
568 441 7 21 i
590 447 74 15 senare
680 439 32 22 tid
726 440 160 28 uppmärksam-

136 474 64 22 heten
220 474 76 22 riktats
312 474 70 28 derpå,
398 477 30 19 att
443 474 183 28 patenthafvaren,
640 474 65 21 äfven
720 475 7 20 i
742 474 38 21 fall
796 474 42 21 han
852 476 34 18 ut-

137 509 61 21 öfvar
213 509 151 28 uppfinningen
379 509 57 21 inom
451 508 78 27 landet,
544 508 41 22 kan
601 508 66 22 skada
682 508 26 21 de
724 508 110 21 inhemska
849 510 38 19 nä-

135 544 179 27 ringsintressena
329 542 28 29 på
372 542 36 22 det
418 544 48 24 sätt,
477 546 31 18 att
517 543 70 28 öfriga
597 542 33 22 till
640 550 80 14 samma
729 542 53 28 yrke
792 542 93 21 hörande

137 577 162 28 näringsidkare
321 578 109 26 utträngas
446 576 47 22 från
508 576 136 22 marknaden.
674 577 66 21 Detta
754 576 41 21 kan
811 576 76 21 svårli-

135 618 43 21 gen
194 614 87 24 antagas
304 610 67 22 blifva
385 610 61 22 fallet
467 610 76 22 endast
557 611 129 28 derigenom,
700 614 32 18 att
747 611 139 27 nppfinnaren

137 644 86 22 utöfvar
245 645 32 21 sin
293 645 125 28 uppfinning
432 644 69 22 såsom
516 644 190 29 yrkeshemlighet;
722 644 37 21 det
774 646 22 19 är
812 644 75 21 endast

137 682 104 26 patentet,
263 687 44 13 som
330 686 76 21 genom
428 679 41 21 den
491 678 44 22 deri
549 678 98 29 liggande
663 678 109 22 exclusiva
786 678 101 28 befogen-

136 713 65 22 heten
216 713 95 21 förlänar
325 713 150 29 uppfinningen
487 713 94 29 antydda
591 713 63 21 makt.
681 712 79 22 Derför
770 712 65 22 hafva
845 712 41 22 ock

137 756 65 20 nyare
217 748 133 29 patentlagar
364 756 76 20 genom
455 748 100 29 lämpliga
571 748 132 28 stadganden
718 748 49 21 sökt
782 749 6 19 i
800 747 87 22 berördt

138 783 101 22 afseende
263 786 74 25 trygga
358 782 36 22 det
409 783 114 21 allmännas
539 784 52 25 rätt;
617 782 39 22 och
672 782 64 22 äfven
751 782 41 21 den
808 782 77 28 nådiga

138 818 159 28 propositionen
320 818 44 26 har,
388 817 28 29 på
430 818 43 20 sätt
490 817 77 28 jemväl
581 816 66 22 redan
662 816 132 27 frambållits,
809 824 76 21 genom

139 852 37 21 det
198 859 16 14 s.
229 852 20 21 k.
265 852 153 28 lisenstvånget
433 851 110 22 äfvensom
557 859 78 20 genom
650 852 237 27 expropriationsrätten

138 886 92 21 sträfvat
246 889 30 18 att
291 886 28 21 nä
334 894 78 13 samma
427 886 48 21 mäl.
499 886 43 21 Det
557 893 45 14 som
617 885 114 22 framdeles
746 886 96 21 kommer
857 888 32 19 att

139 921 85 21 anföras
240 928 35 13 om
289 921 27 20 de
332 920 95 22 kemiska
442 921 187 28 uppfinningarnas
643 920 174 28 patenterbarhet
831 921 58 20 visar

139 955 41 21 ock
195 955 7 20 i
218 955 33 21 sin
266 955 48 21 män
329 954 247 29 patentlagstiftningens
591 954 103 21 inverkan
708 953 28 29 pä
747 954 141 21 konkurrens-

139 989 167 21 förhållandena.
335 988 35 22 Då
389 996 29 13 nu
433 988 119 22 Ständerna
567 988 125 22 medverkat
706 988 36 21 vid
758 989 130 27 näringsför-

139 1023 131 28 ordningens
292 1023 108 26 stiftande,
422 1030 63 21 synes
507 1023 76 28 jemväl
606 1023 44 21 häri
669 1023 56 28 ligga
745 1025 30 18 ett
790 1022 46 21 skäl
850 1022 39 26 till,

140 1060 32 19 att
187 1057 27 22 de
229 1057 65 22 äfven
308 1057 52 22 böra
375 1057 23 21 få
413 1057 85 28 deltaga
512 1058 7 20 i
534 1056 168 22 bestämmandet
712 1057 24 20 af
744 1056 27 21 de
784 1056 104 21 allmänna

139 1091 123 29 grunderna
276 1092 34 21 för
324 1093 150 27 patenträtten.

210 1127 40 20 Att
264 1134 29 13 nu
308 1125 96 29 gällande
420 1125 125 28 förordning
560 1133 33 14 om
609 1127 73 26 patent
697 1124 23 21 af
735 1124 42 21 den
794 1125 25 21 30
830 1124 59 21 Mars

143 1161 54 20 1876
219 1160 106 21 utfärdats
347 1163 50 18 utan
413 1159 128 22 Ständernas
561 1159 135 26 medverkan,
710 1158 61 22 torde
786 1159 56 20 finna
857 1159 33 20 sin

141 1194 118 28 förklaring
281 1194 46 21 dels
349 1194 51 26 deri,
422 1196 31 18 att
473 1193 133 28 lagstiftaren
622 1192 27 21 då
669 1194 56 19 ännu
739 1193 48 20 icke
802 1193 89 20 kommit

141 1228 33 21 till
189 1228 39 21 full
243 1229 65 26 insigt
323 1235 34 14 om
373 1227 250 29 upphofsmannarättens
634 1227 105 25 karaktär,
749 1226 45 21 dels
807 1227 30 20 uti
849 1225 41 22 den

142 1262 191 27 omständigheten,
353 1264 31 19 att
406 1261 187 28 näringsfrihetens
616 1261 113 27 grundsats
748 1261 28 20 då
791 1260 46 21 icke
854 1268 37 13 var

142 1296 71 21 införd
230 1298 26 19 än
272 1296 80 21 mindre
368 1303 76 20 genom
459 1295 120 28 ständerlag
594 1295 96 28 tryggad.

211 1330 113 28 Utgående
346 1329 48 22 från
417 1337 28 14 nu
463 1329 124 22 framstälda
601 1329 132 28 synpunkter
747 1329 39 21 har
802 1328 90 22 Utskot-

141 1368 32 19 tet
184 1366 86 21 ansett
262 1359 13 38 i
281 1364 146 28 ständerlagen
442 1364 51 21 böra
508 1365 88 27 intagas,
606 1364 90 21 förutom
708 1363 26 21 de
744 1364 7 20 i
762 1363 41 21 den
814 1363 78 28 nådiga

142 1399 170 28 propositionens
321 1399 79 26 förslag
408 1399 33 20 till
449 1397 58 28 dylik
515 1398 35 27 lag
557 1397 105 28 ingående
671 1397 138 27 stadganden,
815 1397 78 27 jemväl

136 1433 64 26 vissa
216 1432 105 21 allmänna
335 1431 33 21 till
382 1431 42 21 den
434 1431 108 20 materiela
552 1432 144 27 patenträtten
708 1430 95 21 hörande
813 1429 80 28 grund-

146 1468 74 24 satser,
230 1465 105 28 nemligen
346 1473 34 13 om
390 1464 90 21 föremål
489 1464 34 21 för
533 1464 41 21 och
583 1465 42 20 rätt
634 1463 33 21 till
677 1466 79 25 patent,
768 1471 33 13 om
809 1466 84 25 patent-

212 1507 48 20 Lag-
272 1505 32 18 och
318 1503 181 19 Ekonomiutskottets
511 1503 110 18 betänkande
634 1505 36 16 N:o
682 1504 26 17 11.
