1120 1778
248 155 26 21 22
448 155 29 22 U.
491 156 29 21 B.
535 167 27 3 —
577 155 74 28 Prop.
666 155 43 22 N:o
723 155 34 22 17.

511 463 159 28 Reservation:

283 531 38 21 Uti
344 531 28 21 de
394 531 59 21 delar
471 531 25 21 af
507 531 147 28 föreliggande
669 532 48 20 nåd.
733 533 141 26 proposition,
891 532 71 21 hvilka

214 566 71 27 åsyfta
306 566 113 25 ändringar
440 567 7 18 i
465 565 145 27 kyrkolagens
631 566 133 26 stadganden
788 573 35 14 om
837 566 123 27 kyrkotukt,

214 601 38 20 har
264 600 38 27 jag
317 599 47 21 icke
378 599 80 21 kunnat
473 601 6 19 i
494 599 42 20 allo
551 599 73 21 förena
639 601 44 25 mig
698 607 37 12 om
746 600 145 27 pluralitetens
904 601 58 20 inom

213 633 155 28 Lagutskottet
390 635 96 25 mening;
509 634 41 20 och
571 633 65 21 finner
655 633 37 28 jag
706 635 44 26 mig
765 634 57 27 förty
837 634 78 27 pligtig
929 638 32 17 att

213 675 108 15 reservera
336 670 44 25 mig
394 671 46 18 mot
455 668 116 21 utskottets
586 668 136 21 betänkande
738 669 24 20 så
776 669 46 20 vidt
837 669 66 26 angår
917 675 44 14 om-

213 702 104 21 förmälda
331 702 142 26 stadganden.

280 736 49 20 Den
344 736 48 21 nåd.
408 737 164 26 propositionen
587 736 72 21 afser
654 731 12 36 i
672 736 12 26 &
698 741 35 15 101
749 739 32 18 att
791 735 78 28 skärpa
881 735 79 27 kyrko-

211 770 76 21 tukten
309 777 79 19 genom
406 773 32 18 att
452 770 64 21 bland
531 770 132 22 tuktmedlen
679 773 96 24 upptaga
791 770 74 21 förlust
880 770 26 20 af
916 770 43 21 val-

211 804 43 21 rätt
269 804 36 21 vid
320 804 99 26 samtliga
434 804 97 27 kyrkliga
546 804 40 26 val,
603 804 84 21 således
698 804 63 21 äfven
773 804 36 21 vid
820 804 34 20 val
866 804 25 20 af
900 808 59 24 prest

210 838 42 21 och
267 838 107 26 klockare,
391 842 55 17 samt
461 838 25 20 af
497 838 111 21 valbarhet
623 838 31 21 till
666 838 72 27 hvarje
748 838 93 27 kyrkligt
851 839 106 27 uppdrag,

210 872 77 21 medan
303 872 144 27 kyrkolagens
462 873 122 21 nuvarande
600 872 174 28 bestämningar
763 868 12 37 i
785 872 60 22 detta
856 872 102 21 afseende

209 906 89 21 hänföra
320 908 34 25 sig
377 906 77 22 endast
469 907 30 20 till
514 907 129 27 rättigheten
659 910 32 18 att
706 914 50 14 vara
771 908 68 19 vittne
853 907 36 20 vid
905 907 51 27 dop,

209 944 32 18 att
264 941 86 27 deltaga
372 942 6 20 i
400 941 35 20 val
456 941 24 21 af
499 941 119 21 ledamöter
637 943 6 19 i
658 941 115 27 kyrkoråd,
790 940 25 22 af
827 941 80 21 ombud
921 941 36 21 vid

207 975 129 27 kyrkomöte
359 976 42 20 och
423 976 24 20 af
458 976 84 21 valmän
558 976 69 21 dertill
641 979 56 18 samt
712 979 32 18 att
758 975 51 27 sjelf
819 976 32 20 till
864 975 93 21 nämnda

208 1009 144 27 befattningar
366 1009 72 27 väljas.
464 1010 108 26 Derjemte
588 1010 88 21 föreslås
691 1018 27 13 en
733 1010 124 26 betydande
873 1010 84 27 utvidg-

207 1045 51 26 ning
278 1044 24 20 af
320 1044 143 27 kyrkorådets
486 1044 214 27 maktfullkomlighet
722 1046 6 20 i
750 1044 59 27 fråga
827 1051 36 14 om
877 1044 79 27 kyrko-

207 1077 86 21 tuktens
315 1077 140 28 tillämpning,
479 1079 5 19 i
505 1079 37 21 det
557 1082 32 18 att
603 1079 138 26 kyrkorådet,
758 1091 26 2 —
800 1085 47 14 som
862 1078 32 21 för
909 1079 47 20 när-

206 1111 94 21 varande
325 1112 18 27 ej
368 1112 38 21 har
430 1113 156 21 vidsträcktare
610 1113 131 27 befogenhet
763 1114 30 19 uti
815 1112 140 22 förevarande

206 1145 123 22 hänseende
352 1146 26 21 än
394 1149 31 18 att
440 1147 92 21 förklara
548 1154 26 13 en
590 1147 122 27 obotfärdig
728 1147 228 26 församlingsmedlem

205 1179 99 27 förlustig
325 1186 52 21 nyss
392 1181 140 27 uppräknade
548 1182 131 26 rättigheter,
696 1181 56 21 dock
767 1181 49 21 med
832 1181 124 26 skyldighet

206 1217 32 18 att
251 1213 129 22 underställa
390 1216 37 19 sitt
437 1214 69 21 beslut
517 1215 154 28 domkapitlets
682 1215 106 28 pröfning,
801 1227 24 2 —
837 1215 66 27 enligt
913 1215 42 20 den

205 1248 48 20 nåd.
269 1249 165 26 propositionen
449 1248 67 21 skulle
532 1256 40 21 ega
588 1249 88 21 beröfva
691 1249 42 21 den
743 1249 84 21 felande
840 1249 47 20 icke
899 1249 56 21 blott

205 1281 77 22 valrätt
304 1282 36 20 vid
362 1282 41 21 alla
424 1282 97 28 kyrkliga
542 1283 40 25 val,
606 1283 41 21 och
671 1283 111 21 valbarhet
804 1283 31 21 till
856 1282 98 27 kyrkliga

204 1315 106 27 uppdrag,
329 1320 51 16 utan
396 1316 63 20 äfven
474 1317 130 26 rättigheten
621 1321 30 16 att
667 1317 55 27 begå
738 1317 93 20 Herrans
847 1317 106 24 nattvard,

204 1352 49 17 utan
275 1352 32 17 att
321 1349 143 26 kyrkorådets
479 1350 69 21 beslut
563 1351 94 20 behöfde
672 1351 124 20 hemställas
811 1349 144 28 domkapitlet

203 1384 6 19 i
232 1386 64 17 annat
318 1383 37 21 fall
376 1383 27 21 än
425 1387 32 17 att
480 1384 89 21 emellan
588 1384 151 27 kyrkoherden
754 1384 42 21 och
809 1383 144 28 kyrkorådets

203 1417 69 20 flertal
293 1421 82 23 yppats
397 1417 120 28 skiljaktiga
539 1420 109 26 meningar
670 1420 7 19 i
699 1419 60 27 fråga
774 1425 35 14 om
824 1418 130 26 uteslutning

203 1451 45 21 från
271 1452 139 20 nattvardens
431 1452 119 27 begående.
587 1453 64 21 Hvad
673 1453 75 21 främst
770 1452 133 22 vidkommer
925 1452 28 20 de

271 1492 121 21 Lagutskottets
404 1492 101 16 betänkande
516 1493 34 17 N:o
562 1498 15 17 9.
