1123 1784
377 162 29 22 U.
421 162 28 23 B.
465 176 27 2 —
507 163 73 27 Prop.
596 163 42 22 N:o
654 162 38 23 22.
850 164 26 20 23

360 225 44 21 han
420 225 34 21 det
469 225 85 24 önskar,
566 226 82 26 jemväl
664 225 94 28 begagna
774 226 40 21 den
827 226 79 20 andres

360 259 135 28 uppfinning.

429 293 126 28 Förvägrar
575 293 185 28 patenthafvaren
784 293 122 27 utöfnings-

362 327 105 24 tillstånd,
483 334 45 15 som
543 327 43 22 han
602 328 67 27 enligt
683 327 71 21 denna
768 328 16 27 $
798 327 29 26 af
840 327 65 21 Sena-

361 364 34 18 ten
405 361 126 26 förklarats
546 362 52 21 eller
613 362 51 27 eljes
678 364 27 19 är
715 362 81 27 pligtig
807 364 33 19 att
850 361 55 21 med-

361 395 55 27 dela,
432 396 35 20 må
482 396 97 27 domstol,
595 396 8 20 i
612 396 50 26 fall
676 395 95 22 vilkoren
786 395 38 22 och
834 395 72 22 säker-

361 430 60 21 heten
436 430 77 27 finnas
536 431 121 27 antagliga,
676 431 32 27 på
722 430 42 21 den
779 430 79 21 andres
872 437 35 22 yr-

362 465 69 21 kande
455 465 106 28 berättiga
584 465 67 21 denne
674 465 35 20 till
731 465 40 21 den
787 465 121 21 åstundade

360 499 133 28 utöfningen.

428 534 66 27 Efter
507 534 137 25 förändrade
653 534 158 27 förhållanden
823 536 33 19 må
868 534 39 21 vil-

361 569 64 21 koren
445 569 9 20 i
475 569 163 26 ofvannämnda
654 568 50 27 fall
722 568 142 22 underkastas
879 575 29 22 ny

358 604 113 27 pröfning.

607 691 12 19 9
630 690 26 27 $.

430 752 51 21 Har
496 752 156 28 uppfinningen
667 752 45 21 icke
727 752 8 21 i
750 752 66 28 något
826 754 81 19 väsent-

362 787 40 27 ligt
417 786 89 28 omfäng
522 787 162 28 tillgodogjoris
699 787 57 21 inom
770 786 81 27 landet,
860 793 48 14 men

362 822 92 21 deremot
477 824 53 18 satts
550 822 8 20 i
573 821 101 27 utöfning
690 824 57 18 utom
763 821 79 24 landet,
858 828 50 14 vare

359 855 183 29 patenthafvaren
557 856 83 28 pligtig
655 858 32 19 att
702 856 54 26 efter
770 855 137 28 möjligheten

362 889 38 23 och
423 890 34 22 till
472 891 110 28 nöjaktigt
593 891 49 27 pris
666 890 75 21 bereda
764 890 144 21 allmänheten

362 926 57 20 inom
443 925 73 22 landet
540 926 93 27 tillgäng
656 925 34 21 till
711 925 41 21 den
767 925 141 27 patenterade

364 960 50 21 eller
424 959 55 26 efter
485 960 140 27 patenteradt
635 959 193 27 tillverkningssätt
832 958 76 28 fram-

363 993 76 27 bragta
450 1000 75 14 varan.
549 987 137 28 Äsidosätter
693 993 173 27 patenhafvaren
874 993 34 21 sä-

363 1028 59 26 dant,
446 1035 41 19 ege
509 1028 119 21 domstol
644 1028 34 27 pä
692 1027 118 28 yrkande
822 1028 36 26 af
870 1034 36 14 en-

363 1062 71 21 hvar,
451 1069 52 14 som
519 1069 79 14 anser
612 1063 42 20 sin
670 1064 54 19 rätt
746 1058 92 36 sådant
854 1062 54 27 for-

364 1096 54 26 dra,
427 1097 137 26 förklara
578 1099 124 26 patentet
712 1096 174 27 förverkadi.

604 1201 28 20 10
647 1201 21 27 $.

431 1262 50 21 Har
492 1265 78 25 patent
585 1262 115 21 meddelats
711 1263 9 19 i
726 1262 57 21 strid
792 1262 48 21 med
849 1262 59 21 stad-

362 1296 99 28 gandena
484 1298 9 19 i
514 1298 51 23 1,2
587 1297 51 21 eller
653 1298 14 20 3
681 1297 22 27 $,
718 1297 42 26 mä,
775 1297 94 20 sävidt
884 1296 25 27 ej

362 1331 9 20 i
392 1332 31 20 11
446 1331 15 27 $
483 1331 180 21 annorlunda
678 1331 125 27 stadgas,
823 1330 86 26 enhvar,

362 1372 44 14 som
429 1372 64 14 anser
514 1366 34 20 sin
572 1368 45 18 rätt
636 1365 81 21 sådant
730 1365 86 27 fordra,
831 1366 25 20 sä
871 1364 39 21 ock

363 1399 95 21 kronans
481 1400 84 25 ombud,
588 1401 42 19 när
649 1400 35 20 det
699 1400 124 20 allmännas
832 1399 78 27 fördel

362 1434 36 20 det
416 1433 112 27 påkallar,
544 1433 74 21 kunna
641 1433 36 21 vid
696 1433 90 21 domstol
801 1432 61 28 yrka,
878 1434 32 19 att

360 1470 97 25 patentet
470 1467 113 26 förklaras
598 1467 74 27 ogildt.

226 1508 47 22 Lag-
288 1508 32 17 och
332 1507 179 18 Ekonomiutskottets
523 1506 109 19 betänkande
644 1508 36 16 N:o
692 1507 26 18 11.
