1123 1781
341 137 24 23 U.
381 138 24 22 B.
422 150 24 4 —
463 138 63 29 Prop.
542 137 37 23 N:o
595 137 32 23 15.

374 577 349 28 Bevillningsutskottets
742 577 115 28 förslag

308 611 38 22 till
368 617 33 21 ny
422 611 229 28 sammanjemkning
678 611 28 22 af
729 611 28 23 de
781 612 75 22 delvis

308 644 143 29 skiljaktiga
472 646 87 28 beslut,
582 646 69 22 hvari
672 645 105 24 Stånden
793 647 63 21 stan-

307 680 43 22 nat
371 680 40 22 vid
426 680 177 28 behandlingen
618 680 28 22 af
658 680 132 23 utskottets
805 680 50 23 för-

308 716 38 21 sta
361 714 335 29 sammanjemkningsförslag
705 715 151 23 beträffande

308 750 54 22 dess
389 749 149 23 betänkande
559 750 43 22 N:o
625 748 13 23 2
659 750 10 21 i
687 749 130 28 anledning
832 750 28 22 af

307 784 67 22 Hans
396 783 136 29 Kejserliga
554 783 123 29 Majestäts
699 783 88 29 nådiga
801 790 55 22 pro-

308 818 106 28 position
450 818 121 28 angående
601 818 45 22 den
675 819 182 27 näringsbevill-

308 853 66 27 ning,
390 858 50 17 som
456 853 62 22 skall
533 854 111 27 erläggas
659 852 28 23 af
693 853 164 28 utländingar,

307 887 83 23 hvilka
412 888 9 21 i
443 887 104 23 Finland
565 888 57 22 idka
639 887 87 23 handel
744 888 59 22 eller
817 894 40 16 an-

308 928 48 16 nan
370 922 96 28 näring.

172 1008 278 30 Bevillningsutskottets
478 1010 74 22 första
572 1008 286 30 sammanjemkningsför-

103 1044 51 29 slag
168 1044 9 22 i
191 1044 151 22 förevarande
364 1044 85 22 ärende
471 1044 41 22 har
535 1044 150 23 oförändradt
703 1044 115 29 godkänts
834 1042 26 23 af

103 1079 98 28 Präste-,
223 1078 113 30 Borgare-
359 1079 43 22 och
424 1078 189 29 Bondestånden,
629 1079 120 22 hvaremot
762 1078 96 22 Ridder-

104 1114 82 28 skapet
201 1113 44 23 och
258 1113 84 29 Adeln,
357 1114 9 21 i
381 1113 151 23 betraktande
548 1114 71 28 deraf,
627 1115 36 20 att
671 1112 114 22 särskilda
795 1112 61 22 stad-

103 1147 92 29 ganden
217 1148 9 21 i
247 1148 266 28 författningsförslaget
534 1148 9 22 i
566 1150 78 20 ämnet
665 1154 55 15 vore
743 1146 114 23 beroende

103 1182 71 27 deraf,
190 1182 115 22 huruvida
326 1182 132 29 bevillning
472 1182 36 22 för
523 1182 104 22 inkomst
642 1182 91 22 komme
747 1184 36 19 att
797 1180 61 23 infö-

103 1224 37 15 ras
162 1217 57 22 eller
240 1216 59 28 icke,
322 1217 178 21 återremitterat
517 1216 114 29 förslaget
645 1216 38 22 till
698 1216 116 22 utskottet
829 1216 29 29 på

104 1252 40 21 det
158 1253 36 21 att
207 1251 101 22 nämnda
322 1251 173 29 omständighet
509 1250 78 23 blefve
602 1250 41 22 vid
657 1250 163 29 uppgörandet
834 1250 27 22 af

103 1287 55 28 nytt
172 1285 326 29 sammanjemkningsförslag
512 1285 106 22 beaktad.

174 1320 76 22 Sedan
268 1328 95 14 numera
378 1320 108 28 samtliga
496 1320 74 22 Stånd
583 1320 112 22 förklarat
703 1321 34 19 att
745 1319 114 22 inkomst-

104 1355 132 29 bevillning
258 1354 74 23 under
355 1354 156 22 instundande
533 1354 158 29 finansperiod
712 1354 52 21 icke
787 1356 26 18 är
835 1353 26 21 af

104 1389 112 22 behofvet
233 1389 109 29 påkallad
359 1388 43 23 och
418 1388 78 23 derför
510 1389 51 22 icke
576 1389 73 22 heller
664 1388 74 28 åtagit
753 1388 36 28 sig
804 1387 55 23 den-

106 1429 92 21 samma,
210 1422 36 22 får
258 1422 266 29 Bevillningsutskottet
533 1422 95 22 härmed
638 1421 118 22 vördsamt
763 1421 95 21 föreslå:

174 1490 79 24 Bihang
265 1490 29 19 till
306 1490 213 23 Bevillningsutskottets
532 1490 117 18 betänkande
661 1489 35 19 N:o
708 1489 17 18 2.
