1123 1775
563 149 28 11 =
607 123 134 42 Prop.'N:o'
750 137 33 23 16;

613 195 49 26 28

314 249 3 2 -
331 232 112 23 Förutom
458 234 200 28 postspärbanken
673 230 54 26 vare
738 233 51 22 icke
800 235 78 25 annat
887 233 127 28 penninge-

263 264 136 31 inrättning
413 270 30 18 än
462 267 80 28 sådan,
555 268 96 21 hvarom
670 267 8 22 i
695 269 10 20 1
723 269 12 25 &
751 267 115 28 förmäles,
882 262 132 33 berättigad

265 303 34 20 att
313 301 115 22 :använda
450 297 171 33 benämningen
645 301 122 30 sparbank.
798 301 58 22 Sker
878 301 39 22 det
934 301 81 28 likväl,

265 342 54 22 eger
333 339 116 24 guvernör
464 336 140 23 föreskrifva
618 335 101 22 rättelse.

478 136 73 37 U..B:

617 401 46 25 38
814 395 4 6 |

332 439 42 28 De,
394 446 49 15 som
465 439 57 29 vilja
544 439 65 22 stifta
632 439 123 29 sparbank,
774 439 57 22 böra
852 435 55 26 vara
921 438 96 29 välfrej-

264 473 60 22 dade
345 473 76 22 finske
442 473 157 29 medborgare,
623 474 72 21 minst
717 474 46 21 fem
776 467 47 39 till
841 471 103 30 antalet;
963 474 54 21 dock

264 515 52 15 vare
337 508 68 27 äfven
428 505 172 25 landskommun
622 508 122 28 berättigad
761 509 38 26 att,
815 508 36 21 till
865 507 152 28 befrämjande

265 543 29 28 af
304 543 138 27 sparsamhet
457 543 62 21 inom
534 543 142 26 kommunen,
691 543 64 27 stifta
769 543 118 27 sparbank.

319 590 2 4 .
335 575 97 23 Stiftare
447 577 27 28 af
487 571 112 35 sparbank
614 576 66 22 skola
694 576 42 23 hos
747 575 144 30 myndighet,
901 583 49 15 som
960 575 57 30 Kej-
1041 576 4 2 '

266 618 66 14 saren
351 610 45 22 och
415 604 146 28 Storfursten
581 610 77 22 dertill
677 611 104 27 bestämt,
798 610 56 22 söka
868 610 149 22 fastställelsö

266 645 29 21 af
313 645 28 21 de
365 645 36 21 för
422 645 147 28 sparbanken
588 641 103 33 antagna
709 628 100 45 stadgar,
826 644 98 22 hvarvid
939 644 79 22 tillika

252 678 56 31 bör
330 679 93 28 styrkas
445 680 35 20 att
498 679 132 29 grundfond
649 679 36 21 för
700 679 154 29 sparbanken,
869 678 38 22 till
924 679 39 21 det
979 678 38 22 be-

265 713 56 31 lopp
344 712 125 30 stadgarna
489 713 146 28 föreskrifva,
655 713 78 22 blifvit
755 713 101 24 tecknad
873 713 58 22 eller
944 713 73 22 redan
1036 710 56 23 +:

244 768 2 4 .
265 747 132 23 förefinnes.

335 782 88 21 Finnas
441 782 126 28 stadgarna
586 783 51 21 icke
652 789 57 15 vara
723 782 121 21 stridande
857 784 49 20 mot
919 782 40 29 lag
975 782 43 22 och

265 815 173 29 författningar,
454 816 59 21 skall
529 816 150 22 fastställelse
695 811 124 26 meddelas.

334 850 113 21 Beslutad
471 850 99 28 ändring
592 850 24 22 af
638 850 124 28 stadgarna
785 857 54 22 "eger
861 850 20 29 ej
900 849 123 30 giltighet,

266 884 74 22 innan
357 884 132 21 densamma
505 884 79 21 blifvit
599 885 8 21 i
622 884 121 21 enahanda
759 884 99 28 ordning
872 884 115 21 faststäld.

337 918 225 28 Tillkännagifvande
584 925 32 15 om
633 918 84 25 skedd
739 918 151 22 fastställelse
908 918 26 22 af
954 925 64 22 spar-

267 952 74 22 banks
361 951 94 29 stadgar
477 952 97 22 eller-af
592 953 99 28 ändring
706 953 7 20 i
729 953 116 23 desamma
859 953 60 21 skall
934 953 27 21 af
974 952 44 21 den

267 986 144 29 myndighet,
427 993 48 15 som
495 987 125 28 stadgarna
635 987 109 28 faststält,
759 987 32 33 på
805 987 158 29 sparbankens
980 987 39 22 be-

267 1021 100 22 kostnad
382 1021 88 22 införas
486 1021 8 21 i
509 1021 91 22 landets
617 1022 116 22 allmänna
748 1021 128 29 tidningar.
897 1025 2 2 '

619 1087 14 20 4
648 1087 33 25 8..

336 1117 133 34 Sparbanks
493 1123 134 29 grundfond
649 1125 38 21 må
705 1124 56 22 icke
774 1124 137 28 understiga
926 1126 92 19 ettusen

267 1157 72 29 mark,
358 1157 95 22 såframt
477 1157 19 30 ej
517 1159 45 22 den
577 1158 144 29 myndighet,
738 1159 13 21 å
765 1159 97 21 hvilken
877 1159 143 21 fastställan-

268 1192 39 22 det
330 1191 27 22 af
374 1192 159 29 sparbankens
557 1193 94 29 stadgar
669 1193 140 27 ankommer,
825 1194 8 21 i
852 1193 114 22 anseende
982 1193 37 21 till

268 1226 115 22 särskilda
411 1227 197 29 omständigheter
634 1228 129 28 medgifver
796 1230 35 19 att
854 1227 163 29 grundfonden

267 1262 76 20 sättés.
355 1260 37 22 till
406 1260 65 29 lägre
486 1261 92 29 belopp.
813 1278 2 2 «

341 1345 4 4 ;
619 1326 48 25 55.
997 1336 18 12 js

335 1356 23 28 Å
372 1362 113 29 Kejsaren
501 1363 43 21 och
560 1362 144 22 Storfursten
719 1363 135 22 ankommer
864 1365 35 19 att
909 1363 112 21 förordna
1036 1371 2 2 :

267 1402 38 16 om
320 1396 46 22 den
381 1396 88 29 tillsyn,
485 1404 52 15 som
549 1398 14 21 &
578 1397 40 22 det
633 1397 127 23 allmännas
775 1402 90 24 vägnar
879 1394 66 51 skall
955 1398 66 22 öfver

268 1430 116 30 sparbank
399 1432 99 21 utöfvas.

331 1476 60 34 Läg-
396 1470 37 29 "och
445 1481 181 19 Ekonomiutskottets
638 1483 114 18 betänkande
761 1482 41 19 N:o
816 1481 18 20 8.
