1120 1786
274 131 14 20 4
568 132 45 25 N:o
633 132 38 24 15.

246 188 72 32 komst
340 198 69 23 blifvit
428 199 36 22 vid
480 199 178 29 nästföregående
676 199 98 28 taxering
788 199 90 28 påförda
891 200 105 22 inkomst-

246 234 121 28 bevillning.

597 264 47 27 28.

316 302 107 23 Utländsk
444 302 121 23 handlande
588 303 51 22 eller
660 303 182 27 handelsexpedit,
858 309 45 16 som
919 305 25 20 är
958 305 38 20 nä-

246 337 174 28 ringsbevillning
442 337 153 28 underkastad,
619 337 79 28 åligger
718 339 40 25 att,
781 338 24 21 så
823 339 62 20 snart
903 338 42 21 den
959 338 36 22 be-

248 372 84 23 stämda
346 372 106 22 terminen
468 371 23 23 af
503 374 34 21 tre
553 373 66 27 dagar
635 372 53 24 efter
702 373 54 22 hans
770 373 100 22 ankomst
880 373 32 21 till
922 372 73 23 landet

247 407 97 28 förflutit,
367 406 33 23 till
421 407 230 28 kronouppbördsman
666 408 8 21 i
689 407 49 22 stad
762 407 85 28 erlägga
869 407 127 22 etthundra-

246 443 62 27 tjugu
331 442 61 22 mark
413 441 33 22 för
468 441 129 29 rättigheten
617 443 33 21 att
667 443 69 21 under
753 449 26 15 en
794 443 90 21 månads
899 441 32 23 tid
945 442 51 21 idka

246 477 88 27 handel;
350 477 39 22 och
404 477 54 22 skall
474 477 67 22 sådan
555 477 128 27 handlande,
700 477 70 22 derest
785 477 42 22 han
839 477 53 22 efter
903 477 92 22 nämnda

247 512 43 21 tids
304 511 84 28 förlopp
404 512 73 21 vidare
491 512 37 21 vill
542 518 81 16 samma
638 513 45 20 rätt
698 511 80 28 utöfva,
794 512 32 21 till
836 511 95 22 kronans
941 518 54 21 upp-

246 547 116 22 bördsman
378 546 7 22 i
400 547 49 21 stad
468 547 57 22 inom
545 547 36 22 det
595 547 42 27 län,
654 547 38 22 der
706 547 43 22 hån
764 547 36 22 vid
813 546 181 28 betalningstiden

247 581 33 27 sig
294 581 132 27 uppehåller,
442 581 124 27 ytterligare
581 581 136 22 förskottsvis
732 581 95 22 inbetala
842 581 113 21 enahanda
966 580 30 22 af-

246 616 40 28 gift
300 615 33 23 för
352 622 26 15 en
394 616 79 21 månad
486 616 8 22 i
509 616 83 22 sender.
622 616 60 22 Dock
697 622 50 16 vare
762 616 42 21 han
819 616 122 26 berättigad
957 617 37 25 att,

247 656 34 16 om
303 650 42 22 han
368 650 26 22 så
416 650 84 28 önskar,
523 650 86 28 erlägga
625 650 140 22 omförmälda
780 650 61 28 afgift
855 651 29 26 på
899 656 26 16 en
940 650 56 28 gång

241 681 147 41 förskottsvis
406 684 33 23 för
461 684 51 24 flere
530 685 109 27 månader,
654 685 65 22 likväl
734 685 61 22 alltid
809 685 34 22 för
857 684 40 23 full
911 685 84 22 månad.

314 719 64 23 Öfver
400 719 42 22 den
463 720 82 22 skedda
562 720 160 28 inbetalningen
737 720 41 22 bör
792 720 203 28 uppbördsmannen

245 755 71 22 lemna
336 754 119 28 qvittenser
473 755 12 21 å
499 756 86 26 tryckta
603 754 129 28 blanketter,
750 761 46 16 som
811 755 7 21 i
833 755 49 21 mån
898 754 24 22 af
933 754 65 23 behof

246 790 23 22 af
280 789 230 28 Finansexpeditionen
525 790 8 21 i
547 790 93 22 Senaten
656 790 112 22 tillsändas
782 790 170 27 Guvernörerne,
963 789 33 22 för

246 825 34 21 att
301 825 96 21 kronans
418 824 161 28 uppbördsmän
601 825 7 21 i
630 824 102 22 städerna
754 824 180 27 tillhandahällas,
957 824 39 22 och

245 858 72 23 hvilka
338 858 123 23 blanketter
481 858 56 23 böra
554 858 108 23 innehålla
677 859 86 22 erinran
778 864 35 16 om
827 858 98 28 behörigt
939 858 56 22 iakt-

246 893 93 29 tagande
362 893 23 22 af
404 893 56 22 hvad
482 893 78 22 allmän
582 893 36 28 lag
640 892 40 23 och
698 892 106 23 särskilda
821 892 175 29 författningar
985 888 15 38 i

248 927 98 24 afseende
362 929 13 20 å
390 928 102 22 utländsk
506 934 61 16 mans
582 927 78 23 handel
674 927 131 23 föreskrifva.

314 962 119 23 Enahanda
454 963 134 27 stadganden
610 962 55 28 gälle
682 962 78 28 jemväl
776 961 126 29 uppbörden
918 962 23 21 af
954 961 41 24 den

246 997 61 28 afgift
328 997 145 28 utländingar,
495 1003 47 16 som
563 997 113 23 härstädes
699 997 51 22 idka
772 1003 72 16 annan
866 997 78 28 näring
968 998 27 21 än

245 1032 84 28 handel,
346 1034 38 20 äro
399 1032 166 28 underkastade,
580 1032 55 22 dock
649 1034 33 20 att
692 1031 89 29 afgiften
791 1031 33 23 för
834 1031 74 28 hvarje
917 1032 78 23 månad

245 1067 33 22 får
300 1067 129 22 inlevereras
452 1067 60 22 äfven
535 1067 32 22 till
589 1067 161 23 vederbörande
764 1066 231 29 kronouppbördsman

245 1103 29 28 på
288 1102 80 23 landet.

313 1137 105 22 Beträdes
435 1137 68 22 sådan
521 1137 114 28 utländing
652 1137 50 23 med
716 1138 34 22 att
764 1137 58 22 inom
836 1136 75 23 landet
925 1137 70 22 under

244 1172 76 27 längre
333 1171 33 23 tid
381 1174 27 19 än
423 1173 34 20 tre
468 1172 67 26 dagar
545 1171 53 22 efter
607 1172 34 21 sin
651 1171 104 22 hitkomst
764 1171 66 28 bjuda
840 1172 25 21 ut
875 1171 52 22 eller
937 1171 57 23 sluta

244 1206 78 23 handel
340 1212 35 16 om
392 1206 118 22 utländska
527 1212 70 21 varor,
613 1205 57 29 gifva
684 1205 246 28 cirkusföreställningar
945 1206 51 22 eller

245 1242 119 25 konserter,
379 1241 94 27 uppföra
487 1240 113 28 skådespel
614 1240 51 22 eller
680 1240 130 22 föranstalta
825 1239 68 28 öfriga
909 1240 6 22 i
925 1240 71 22 denna

244 1275 126 27 förordning
388 1275 129 22 omnämnda
531 1275 161 27 förevisningar,
708 1276 54 20 utan
778 1275 33 21 att
824 1274 65 23 hafva
903 1274 92 28 stadgad

246 1309 61 27 afgift
320 1309 116 28 behörigen
455 1309 74 27 erlagt,
544 1309 51 23 böte
610 1308 99 28 afgiftens
723 1309 77 27 belopp
817 1309 39 22 och
871 1309 71 22 betale
957 1311 37 20 än-

246 1343 54 23 dock
321 1343 71 23 såsom
413 1342 97 22 ofvanför
527 1343 64 26 sagdt
606 1344 31 20 är.
665 1342 148 28 Förbrytelser
827 1342 98 23 häremot
939 1349 55 21 upp-

245 1378 63 26 tagas
323 1376 23 22 af
358 1376 173 27 Poliskammare,
548 1376 37 25 der
599 1377 68 22 sådan
682 1376 76 27 finneg,
772 1376 40 22 och
825 1376 50 29 eljes
885 1376 24 23 af
917 1377 77 23 allmän

245 1411 102 27 domstol;
364 1411 26 22 de
405 1411 91 24 ådömda
510 1411 91 24 böterna
615 1411 85 25 tillfalla
712 1411 91 24 kronan.
