1123 1789
346 164 29 22 U.
391 164 27 22 B.
434 176 27 4 —
476 165 73 27 Prop.
565 163 44 23 N:o
625 164 36 22 19.
857 163 24 20 11

459 246 48 39 1895.
600 254 50 18 1896.
744 253 49 18 1897.
839 246 6 41 |
874 252 77 17 Summa.

464 289 39 47 Fr
612 289 36 47 ir
754 305 34 20 m
839 293 6 35 |
896 305 38 19 Fw

295 377 109 26 Transport
414 371 9 36 |
445 377 108 24 5,717,343!
586 375 110 25 5,717,343
729 362 116 43 5,882,843|
858 374 123 24 17,317,529]

44 428 161 20 Resekostnader
227 443 4 4 .
331 444 3 4 i
365 444 4 4 0
478 428 75 23 40,000
621 426 74 24 40,000
763 420 82 35 40,00]
893 425 88 24 120,000

43 462 188 26 Byggnadsremont
260 463 36 19 och
326 468 77 20 repara-

65 496 163 20 tionskostnader
464 496 89 25 295,200
607 494 90 24 270,200
750 494 96 25 270,200
867 489 15 34 —
893 493 89 25 835,600

44 530 62 20 Extra
120 531 70 25 anslag
331 546 4 4 .
479 531 74 24 44400]
586 516 22 43 ==
621 528 81 25 44,400
733 516 15 43 =
763 520 83 33 44400
894 528 89 24 —133,200]

44 564 159 21 Gratifikationer
206 566 31 19 för
243 566 98 25 oförvitlig
346 542 61 54 onst
841 556 6 34 i

64 600 38 20 och
124 600 181 26 begrafningshjelp
326 600 30 20 till
377 600 28 19 af
841 591 6 21 i

65 634 54 20 lidne
133 635 131 25 tjenstemäns
279 635 94 20 sterbhus
481 630 74 35 20,000]
623 635 74 21 20,000
765 624 82 34 20,00]
909 632 74 24 60,000]

44 668 74 26 Bidrag
124 668 29 20 till
159 669 64 19 finska
231 669 109 20 militärens
346 669 60 20 enke-
846 668 1 4 ;

66 704 37 19 och
118 704 124 25 pupillkassa
265 720 4 3 .
403 719 3 3 a
416 719 1 6 |
481 700 79 28 15,000j
624 704 74 24 15,000
767 702 76 24 15,000;
908 701 75 24 45,000

44 738 120 25 Ersättning
180 738 31 19 för
226 715 180 53 vakanstoapariig
842 752 1 7 i

66 773 29 19 för
116 772 65 26 lediga
196 773 211 25 underbefälstjenster
847 776 1 4 J

67 807 33 19 vid
110 808 98 19 militären
211 803 34 33 till
261 803 77 33 bemälda
348 807 59 20 kassa
482 808 74 24 28,000
624 807 75 24 28,000
766 806 77 24 28,000;
908 805 76 24 84,000

46 841 118 26 Ersättning
178 842 30 19 för
223 842 24 19 de
259 842 60 25 högre
329 842 78 25 pensio-

67 882 37 13 ner
113 876 116 20 änbemälda
241 876 59 20 kassa
310 876 98 20 utbetalar

68 910 30 20 till
110 911 91 19 sterbhus
212 911 77 19 utöfver
301 911 54 19 hvad
363 912 44 19 dem
843 921 1 8 i

68 945 120 19 tillkommer
203 945 63 25 enligt
285 946 78 24 Nädiga
377 952 31 13 re-
843 933 2 33 |

68 979 108 25 glementet
188 980 19 18 af
218 980 38 18 den
268 980 11 19 3
291 985 52 14 mars
354 980 53 19 1846
496 980 61 24 2,000
639 978 61 25 2,000
782 973 67 46 2,000;
925 978 60 23 6,000)

46 1014 38 19 För
98 1014 128 19 oförutsedda
238 1014 59 19 behof
309 1014 29 19 till
349 1013 59 20 Sena-
843 1025 2 17 i

69 1050 44 18 tens
134 1047 286 28 och*Militieexpeditionens
410 1043 12 36 |
703 1047 2 27 |

69 1078 103 35 förfogande
187 1089 13 14 .
482 1083 75 22 20,000
626 1075 80 30 20,000)
769 1079 74 25 20,000
911 1079 76 25 60,000]

48 1117 164 20 Boställsvärden
233 1133 4 4 .
337 1133 3 3 ;
470 1117 87 25 100,000
613 1111 88 35 100,000]
755 1107 95 39 100,000
898 1113 89 25 300,000

48 1152 112 20 Kostnader
180 1153 30 18 för
229 1152 24 19 de
267 1152 66 19 aktiva
347 1133 61 38 patal-
704 1157 2 19 i
845 1146 5 28 [

69 1187 91 24 jonernas
176 1187 122 24 lägermöten
483 1186 75 24 67,000
627 1184 74 23 67,000
756 1183 91 24 127,000;
898 1182 89 23 261,000

120 1227 81 20 Summa
217 1227 96 19 ordinarie
328 1227 83 25 utgifter]
451 1226 108 24 6,348,943]
593 1225 110 25 6,323,943
737 1219 114 29 6,549,443'
865 1222 123 25 19,222,329

109 1511 139 18 Statsutskottets
261 1510 109 18 betänkande
381 1510 37 18 N:o
431 1510 12 16 4
