1125 1778
276 142 26 20 28
580 142 45 24 N:o
645 143 22 23 9.

247 209 91 21 skrides.
369 210 29 21 Sä
422 211 60 19 snart
504 209 158 28 handlingarna
685 209 119 27 inkommit,
824 210 44 20 låte
882 206 138 30 Magistrat,
1016 202 7 39 '

246 243 152 28 Ordningsrätt
422 244 52 21 eller
495 244 128 22 ordförande
637 244 7 20 i
660 243 210 27 kommunalnämnd,
886 243 23 21 så
925 243 77 27 skynd-

246 280 55 18 samt
324 278 38 21 ske
376 278 51 26 kan,
443 278 97 27 kungöra
555 280 33 19 att
604 278 26 21 de
644 278 228 27 bevillningsskyldige
888 277 28 27 på
931 278 71 20 tillika

245 312 112 27 uppgifvet
372 313 64 21 ställe
450 312 72 22 kunna
538 313 96 21 inhemta
648 312 120 22 kännedom
784 319 33 15 om
829 312 61 22 deras
902 312 101 27 innehåll,

245 346 56 21 intill
324 346 40 21 den
381 347 47 26 dag,
445 346 28 21 då
488 346 156 27 handlingarna
660 346 60 21 skola
736 346 24 21 af
773 347 67 26 sagda
854 346 149 27 myndigheter

245 379 34 22 till
303 380 138 21 Guvernören
456 381 8 20 i
479 380 59 21 länet
553 381 106 26 insändas,
675 380 87 21 hvilken
778 381 77 21 termin
869 380 79 27 jemväl
963 381 40 20 bör

245 414 8 21 i
267 414 143 27 kungörelsen
426 415 175 27 tillkännagifvas
618 415 41 21 och
669 417 93 19 utsättas
772 415 24 21 så
806 415 64 27 tidigt
880 417 33 19 att
923 414 80 27 ifråga-

245 449 94 22 varande
361 449 128 28 handlingar
510 449 67 22 hinna
600 450 141 21 framkomma
760 449 46 22 före
822 450 40 21 den
878 450 41 27 dag
934 449 69 22 länets

247 483 194 28 pröfningsnämnd
456 485 177 21 sammanträder.

593 548 27 21 55
635 547 19 27 8.

313 587 77 21 Finner
412 587 95 22 kronans
530 587 79 21 ombud
631 587 234 28 bevillningsnämnden
880 587 8 21 i
904 588 30 20 ett
950 587 53 21 eller

245 623 66 20 annat
333 621 99 22 afseende
454 623 47 20 icke
516 622 63 21 hafva
595 622 101 27 iakttagit
712 623 70 20 denna
798 621 133 28 förordnings
946 621 56 22 före-

244 656 95 26 skrifter,
363 657 52 20 eller
438 659 32 19 att
493 657 41 22 den
558 657 104 21 verkstält
684 657 153 27 uppskattning
852 657 7 20 i
874 656 54 21 strid
944 658 57 19 emot

243 690 73 22 kända
331 690 155 28 förhållanden,
502 691 40 21 bör
557 691 76 22 sådant
649 691 23 21 af
685 691 78 22 honom
777 690 45 23 före
833 691 170 27 förrättningens

244 724 120 22 afslutande
388 725 120 27 anmärkas,
532 725 48 21 med
603 725 117 21 anförande
743 726 23 20 af
788 724 25 22 de
836 724 54 27 skäl,
907 730 45 16 som
967 724 34 22 till

243 759 170 26 anmärkningen
434 760 113 21 föranledt.
577 760 65 27 Dylik
664 760 148 27 anmärkning,
836 759 109 21 äfvensom
964 759 38 21 det

243 794 100 25 yttrande
352 794 106 21 nämnden
469 794 6 21 i
486 794 113 28 anledning
610 794 61 21 deraf
680 794 96 28 afgifver,
787 793 54 22 skall
852 793 7 21 i
869 793 132 28 protokollet

243 827 91 28 intagas.

316 863 222 27 Bevillningsskyldig,
554 870 46 15 som
623 863 102 27 antingen
741 863 37 22 vill
795 863 53 22 söka
863 863 91 26 ändring
969 863 32 21 uti

242 897 246 27 bevillningsnämndens
512 898 155 27 uppskattning
689 898 52 21 eller
765 899 39 20 ock
828 897 76 22 önskar
926 898 74 21 veder-

243 931 63 26 lägga
329 931 26 22 de
379 932 23 21 af
423 931 171 23 kronoombudet
609 934 45 19 mot
670 933 124 20 densamma
809 932 75 27 gjorda
900 932 100 21 anmärk-

241 965 84 27 ningar,
336 967 36 20 må
390 966 7 21 i
412 966 78 21 sådant
500 967 101 21 afseende
611 967 37 21 sitt
658 967 33 20 till
702 967 215 26 pröfningsnämnden
929 966 70 21 stälda

242 999 108 28 skriftliga
365 1001 139 26 andragande
519 1002 50 21 med
584 1001 70 22 dertill
670 1001 94 21 hörande
780 1001 126 27 handlingar
920 1001 34 21 till
966 1007 34 15 ve-

243 1033 132 23 derbörande
399 1035 111 21 Guvernör
532 1036 101 27 antingen
648 1036 100 27 inlemna,
766 1036 52 21 eller
833 1036 69 21 under
917 1035 83 27 omslag

241 1068 91 22 insända
347 1068 46 22 före
410 1070 38 21 den
465 1069 41 27 dag
522 1070 215 27 pröfningsnämnden
754 1070 176 26 sammanträder,
947 1070 52 20 eller

243 1102 40 22 ock
297 1102 91 22 aflemna
404 1104 90 22 skriften
508 1104 66 26 jemte
589 1104 163 27 handlingarna,
764 1104 6 21 i
782 1104 48 22 stad
842 1104 33 21 till
885 1103 113 27 Magistra-

241 1139 36 19 ten
300 1137 52 21 eller
376 1138 179 27 Ordningsrätten
577 1141 56 19 samt
651 1138 28 28 på
695 1138 75 22 landet
785 1138 33 22 till
835 1138 142 22 ordföranden
991 1138 7 21 i

241 1172 238 28 kommunalnämnden,
495 1172 45 22 före
557 1174 40 20 den
608 1174 47 26 dag,
667 1173 28 21 då
705 1173 247 27 bevillningslängderna
962 1179 36 14 en-

240 1206 40 26 ligt
295 1206 28 21 54
338 1206 11 27 &
365 1206 24 21 af
403 1207 47 21 dem
466 1207 34 21 till
516 1207 138 22 Guvernören
668 1208 102 21 insändas
780 1208 33 20 för
824 1210 32 18 att
866 1207 63 21 dessa
939 1208 60 26 läng-

241 1240 37 21 der
293 1240 91 26 bifogas.
404 1240 98 22 Börande
518 1242 31 20 uti
565 1242 41 21 den
621 1242 7 20 i
643 1242 28 20 54
687 1242 11 27 8
715 1242 140 21 omförmälda
870 1241 129 27 kungörelse

240 1274 71 21 tillika
326 1275 112 25 uppgifvas
454 1276 74 26 dagen,
548 1276 27 20 dä
591 1276 260 26 bevillningslängdernas
866 1275 131 21 insändande

240 1308 96 20 kommer
352 1310 33 18 att
400 1308 44 21 ske.

435 1360 41 20 3:0.
506 1359 295 27 Pröfningsnämnd.

589 1400 27 21 56
632 1400 18 27 &.

310 1434 43 21 För
369 1435 33 20 att
417 1433 75 27 pröfva
506 1435 38 21 och
555 1434 75 27 afgöra
641 1435 23 21 af
672 1435 223 28 bevillningsskyldige
905 1436 92 22 anförda

239 1468 78 22 besvär
340 1468 53 22 eller
415 1468 23 22 af
461 1469 94 22 kronans
571 1469 79 22 ombud
664 1470 75 27 gjorda
754 1470 167 28 anmärkningar
936 1471 8 21 i
959 1477 37 15 an-
