1120 1778
32 710 39 14 ENO

232 462 13 9 A
309 442 63 29 Lag-
395 443 45 22 och
463 441 276 24 Ekonomiutskottets
764 441 88 23 betän-

240 477 86 28 kande
356 476 44 23 N:o
421 477 13 22 8
455 477 9 22 i
485 477 118 28 anledning
618 476 25 23 af
656 476 58 23 Hans
729 476 123 29 Kejserliga

241 502 111 39 Majestäts
380 511 80 46 nådigå
492 511 136 29 proposition
658 509 128 30 angående
794 515 59 24 spar-

227 543 108 24 "banker.

77 714 71 19 so
169 698 88 46 Denna
285 697 97 43 nådiga
392 690 148 54 proposition.
559 712 42 21 har
624 712 26 22 af
662 705 109 35 samtliga
786 711 67 22 stånd

106 738 164 35 öfverlemnats
292 746 38 23 till
351 746 61 29 Lag-
433 746 44 22 och
500 746 236 28 Ekonomiutskottet,
751 753 48 15 som
815 748 39 26 ge-

106 788 54 14 nom
181 778 214 32 protokollsutdrag
416 780 76 23 tillika
511 781 93 22 erhållit
620 781 37 22 del
672 781 26 21 af
710 780 28 22 de
753 780 98 22 uttalan-

107 814 51 28 den,
173 815 82 22 hvilka
263 814 46 26 vid
324 815 106 22 ärendets
445 816 80 21 remiss
536 815 79 22 blifvit
625 815 81 29 gjorda
714 815 36 21 uti
757 815 96 27 Preste-,

106 849 115 29 Borgare-
237 849 43 22 och
294 849 186 23 Bondestånden.
510 850 77 22 Jemte
602 849 174 30 propositionen
784 849 70 22 hafva

106 883 38 22 till
175 883 130 23 Ständerna'
326 884 102 22 utdelats
450 884 93 29 tryckta
565 884 117 29 exemplar
702 884 26 22 af
741 884 40 22 det
795 884 62 22 utlä-

107 918 70 22 tande
202 918 44 22 och
269 918 89 29 förslag
380 919 8 21 i
408 921 83 26 ämnet,
507 926 49 14 som
572 918 105 30 afgifvits
693 918 26 22 af
733 927 29 13 en
777 919 78 21 derför

107 952 86 22 tillsatt
208 952 93 30 komité,
317 953 99 22 hvarhos
430 953 128 28 Utskottet,
573 954 30 28 på
612 953 117 29 anhållan,
741 954 52 21 från
799 953 57 29 Kej-

107 986 88 30 serliga
210 987 101 22 Senaten
322 987 48 22 fått
386 989 116 27 emottaga
518 988 108 28 samtliga
641 991 151 25 guvernörers
811 988 44 21 och

108 1022 116 22 särskilda
238 1017 282 33 sparbanksdirektioners
535 1023 9 20 i
558 1022 81 22 landet
653 1022 125 28 yttranden
792 1022 9 21 i
816 1029 39 19 an-

85 1070 2 2 *
107 1055 100 30 ledning
222 1056 26 31 af
259 1056 98 27 berörda
371 1056 87 29 förslag
475 1056 118 22 äfvensom
608 1056 85 29 utdrag
702 1064 29 13 ur
743 1056 120 31 Senatens

108 1089 41 23 vid
171 1082 106 30 ärendets
299 1090 167 29 föredragning
487 1090 67 22 förda
568 1090 122 55 protokoll,
706 1091 149 29 upptagande

107 1123 44 23 den
169 1123 83 48 Kää
266 1124 122 23 förefallna
403 1125 149 28 omröstning.

175 1232 80 26 I-den
276 1233 27 22 af
322 1233 134 30 Ständerna
475 1233 41 22 vid
538 1234 90 21 senaste
643 1232 113 29 landtdag
770 1233 87 22 aflätna

107 1267 162 33 tnderdäniga
293 1267 100 29 petition
418 1267 9 22 i
450 1259 77 30 ämnet
548 1267 120 22 framhölls
692 1267 70 22 bland
784 1268 72 23 annat

109 1298 118 26 hurusom
233 1301 194 30 sparbankerna
420 1294 14 42 i
444 1300 102 23 Finland
561 1300 109 23 särskildt
685 1301 73 22 under
773 1299 28 25 de
816 1302 45 27 två

109 1338 79 20 senast
201 1335 110 24 förflutna
326 1336 137 24 årtiondena
478 1337 64 21 såväl
557 1336 37 21 till
605 1336 64 21 antal
680 1343 49 14 som
737 1330 119 35 betydelse

109 1371 9 22 i
147 1371 48 28 hög
223 1370 58 30 grad
301 1371 139 22 utvecklats.
469 1371 60 21 Före
552 1371 25 21 år
603 1371 54 22 1830
671 1370 60 22 hade
746 1371 83 22 endast
843 1373 14 20 2

111 1405 152 27 sparbanker
274 1404 62 21 trädt
358 1406 9 19 i
389 1405 147 20 verksamhet
560 1405 51 26 och,
626 1405 73 19 ehuru
713 1405 74 20 under
802 1406 54 19 åren

112 1439 141 31 1830—1840
275 1438 71 28 ingen
361 1437 59 22 enda
435 1445 33 21 ny
483 1438 72 21 sådan
570 1438 129 27 inrättning
714 1437 152 27 tillkommit;

178 1489 49 24 Lag-
239 1490 32 18 och
282 1488 185 22 Ekonomiutskottets'
476 1488 109 25 betänkande
597 1488 37 19 N:o
647 1489 21 21 8.
709 1478 3 28 ;
726 1487 45 25 VIE
