1123 1764
466 132 44 23 N:o
527 133 37 22 18.
841 131 21 20 11

142 204 50 15 mun
209 197 52 22 eller
277 198 134 21 skoldistrikt
427 198 72 22 älades
515 200 38 23 att,
577 197 83 22 utöfver
683 197 26 22 de
725 198 66 27 enligt
807 198 11 27 $
837 199 38 20 117
888 198 7 20 i

140 225 260 28 folkskoleförordningen
425 227 146 21 föreständare
594 227 33 20 för
648 227 67 25 högre
737 226 107 21 folkskola
867 226 28 27 pä

141 254 73 21 landet
237 255 152 21 tilkommande
411 255 217 27 aflöningsförmäner,
652 255 23 20 ät
698 255 41 20 den
761 255 108 21 lärarinna
888 255 7 20 i

141 283 91 26 gvinligt
254 283 139 26 handarbete,
409 289 51 20 som,
481 283 66 26 enligt
563 283 10 27 8
591 283 38 21 127
646 283 23 21 af
683 283 67 26 sagda
765 283 129 26 förordning,

142 311 69 21 såsom
235 311 67 21 denna
317 311 12 27 $
344 311 61 28 lyder
425 312 66 26 enligt
507 311 78 27 nådiga
599 311 143 27 kungörelsen
758 311 41 21 den
815 312 24 20 11
856 311 40 21 Fe-

141 339 73 22 bruari
239 341 62 25 1886,
324 340 39 21 bör
385 339 67 22 finnas
476 340 84 21 anstäld
579 340 35 21 vid
635 340 67 21 sädan
717 339 34 22 för
765 345 76 22 gossar
855 339 40 22 och

141 368 74 22 flickor
237 375 121 20 gemensam
381 369 66 26 skola,
464 375 44 15 som
525 368 90 22 förestäs
631 368 23 21 af
668 368 79 27 manlig
762 369 70 20 lärare
856 368 40 21 och

142 397 35 21 vid
192 397 87 21 hvilken
294 404 68 15 annan
378 397 23 22 af
414 399 71 20 staten
501 397 179 22 subventionerad
696 397 127 21 biträdande
838 397 56 21 lära-

141 426 62 21 rinna
225 426 18 27 ej
266 426 67 21 finnes
356 427 89 24 anstäld,
463 426 80 27 utgifva
565 432 25 15 en
613 425 54 28 årlig
688 425 92 28 aflöning
795 425 23 21 af
831 425 65 22 minst

143 455 40 20 150
198 454 67 26 mark,
281 457 55 19 samt
354 455 141 22 tillförsäkras
510 457 32 19 att
557 455 127 21 statsverket
700 454 30 21 uti
741 454 93 21 nämnda
844 453 51 22 aflö-

141 483 48 26 ning
205 483 96 28 deltager
315 484 49 21 med
379 484 28 21 50
422 483 67 22 mark.

209 579 219 28 Folkskolebudgeten
451 580 33 22 för
499 580 177 22 nästkommande
692 579 204 28 bevillningsperiod

141 610 51 20 ären
210 609 60 27 1895,
287 610 54 20 1896
357 609 40 21 och
415 610 52 20 1897
484 610 74 20 ställer
573 609 32 27 sig
619 609 66 27 enligt
697 608 151 22 ofvanstäende
858 609 37 21 be-

142 637 115 27 räkningar
273 638 98 21 sälunda:

142 696 2 43 |
466 714 27 16 Är
507 714 48 16 1895.
566 702 9 45 |
575 706 26 24 År
615 712 48 18 1896.
675 713 1 30 |
683 712 27 17 År
723 711 59 19 1897.
780 702 12 45 |
796 712 81 17 Summa.

143 740 1 3 |
455 737 2 8 !

455 750 33 13 i
564 756 2 14 |
673 752 29 9 le
775 760 5 1 N

142 744 2 50 |
494 773 39 30 Ting
603 776 38 20 Img
673 758 2 51 |
711 771 39 30 Fy:
822 775 37 19 Fm

892 733 1 8 i

892 763 1 12 |

892 776 2 21 |

142 823 47 34 [Till
201 826 101 22 junderh&ll
320 826 21 18 af
352 826 96 19 städernas
566 843 1 7 |
675 825 1 21 |
892 812 2 79 |

143 846 1 26 |
180 850 123 18 folkskolor
295 837 11 40 .
328 863 4 4 .
489 850 79 22 349,00]
598 849 79 37 —399,000|
707 849 78 25 —449,000,
801 848 93 35 1,197,000

143 873 2 32 |
156 872 32 18 Till
201 864 102 26 aflönande
311 872 20 18 af
342 862 61 28 lärare
414 864 35 26 och
566 887 1 3 |
784 869 2 17 i

181 896 105 17 lärarinnor
302 895 30 18 vid
345 895 104 18 folkskolor
566 897 2 4 |
785 915 1 4 |

143 928 2 9 |
164 908 7 38 —
181 919 24 22 pä
217 918 64 18 landet
302 932 3 3 .
331 932 4 4 .
491 919 74 20 957,000|
584 919 93 21 1,028,000;
693 918 90 20 1,099,000
800 895 94 48 3,084,000

143 938 2 23 |
157 942 32 17 Till
201 928 174 40 löneförhöjningar
387 932 20 26 åt
416 932 33 27 be:
894 942 1 24 |

143 967 2 10 i
181 964 61 18 mälda
258 964 145 18 folkskollärare
415 964 35 18 och
567 971 2 14 i
785 961 1 12 !
894 984 1 4 i

144 981 1 27 |
181 988 105 17 Järarinnor
305 1001 2 3 .
332 1000 3 4 .
390 1000 59 4 0.0.0.
502 986 67 21 86,000|
588 981 14 31 —
611 986 67 22 96,000:
710 986 73 21 103,000;
818 985 77 23 285,000)

143 1009 47 44 a
203 1010 118 22 pensionering
349 1010 20 18 af
380 1010 29 17 d:o
421 1010 29 17 d:o
503 1010 62 21 20,000|
586 1004 15 34 —
611 1010 63 21 26,000
697 1004 12 34 —
720 1009 66 23 32,000
805 1004 12 34 —
829 1008 67 26 78,000)

153 1033 68 27 Bidrag
239 1032 29 18 till
286 1032 68 18 fonden
367 1032 29 18 för
407 1038 44 17 pen-

144 1055 2 27 |
164 1050 6 36 —
178 1056 94 22 sionering
280 1056 20 17 af
305 1055 97 18 städernas
409 1055 46 18 folk-
568 1057 1 6 |
785 1054 2 19 i

144 1091 2 3 i
179 1078 214 23 skollärarepersonal
385 1074 11 31 .
418 1092 3 4 .
503 1074 66 30 20,800]
612 1073 66 30 22,100
721 1073 62 30 23,400
829 1077 67 21 66,300;

144 1097 2 26 |
153 1102 37 17 Till
199 1101 160 23 Öfverstyrelsens
366 1092 29 26 för
402 1087 48 41 skol:
459 1104 2 15 ;
568 1109 2 11 |

144 1143 2 15 I

144 1169 2 13 i

182 1124 89 18 väsendet
291 1124 110 22 förfogande
421 1120 40 25 för!
786 1127 1 23 |
894 1127 1 14 |

183 1147 102 19 understöd
298 1146 19 19 åt
326 1147 55 23 sjuka
389 1142 71 27 lärare
455 1138 9 36 |

182 1171 35 18 och
230 1170 105 18 lärarinnor
362 1183 3 4 .
505 1168 65 22 10,000;
591 1154 12 45 —
614 1165 65 28 10,00;
703 1154 12 45 —
723 1158 64 37 10,000|
808 1154 12 45 —
830 1168 66 20 30,000;

143 1183 3 33 |
160 1194 63 22 Bidrag
245 1193 29 18 till
295 1179 116 41 uppförande
432 1183 29 34 af,
677 1195 2 2 i
786 1196 1 3 i

677 1198 2 3 j
786 1200 1 13 |

144 1218 2 25 |
182 1216 131 19 folkskolehus
333 1230 4 4 .
362 1230 3 4 .
504 1213 66 21 30,000|
591 1198 11 42 —
613 1202 66 34 30,0001
699 1198 15 42 —
721 1214 67 22 30,00
808 1198 14 42 —
830 1214 63 20 90,000

144 1244 2 11 |
153 1239 37 18 Till
208 1238 106 19 inrättande
330 1238 21 18 af
361 1229 87 27 bibliotek
457 1228 4 14 '
677 1237 2 20 I
786 1251 1 12 |

183 1262 29 18 för
224 1261 145 19 folkskollärare
382 1261 35 18 och
425 1261 36 20 lä-;
786 1267 2 12 i

183 1285 97 18 rarinnor.
307 1298 3 3 .
507 1280 64 29 17,000
615 1280 60 29 17,000
724 1278 63 30 17,000;
831 1282 65 20 51,000;

144 1310 2 23 |
158 1308 32 18 Till
209 1294 198 40 fortsättningskurser
419 1297 43 34 vid;
677 1295 2 43 |
786 1316 2 4 i

145 1328 1 22 |
184 1331 106 18 folkskolor
318 1333 49 15 samt
391 1330 60 18 landt-
895 1345 1 14 |

145 1352 2 19 +
186 1359 68 13 manna
274 1353 36 18 och
334 1353 118 18 husmoders-
569 1365 2 2 |
678 1339 2 39 |
787 1351 2 14 |
895 1360 1 13 |

144 1379 2 23 |
184 1377 64 17 skolor
277 1390 4 3 .
504 1372 66 30 15,000
615 1372 65 29 15,000!
723 1370 66 30 15,000!
831 1369 65 29 45.000;

145 1409 2 4 |
158 1399 36 18 Till
201 1398 98 19 aflönande
306 1389 20 28 af
332 1389 129 26 handarbets-
456 1385 8 41 |
570 1406 2 25 |
679 1409 2 13 i
895 1396 2 25 |

183 1421 106 18 lärarinnor
306 1421 31 17 vid
348 1420 105 18 folkskolor

184 1445 24 22 på
219 1444 149 19 landet...
393 1457 4 4 .
517 1443 52 18 8.000|
616 1429 65 35 14,000]
704 1425 13 46 —
723 1441 62 20 20000]
808 1425 16 46 —
831 1441 63 20 42000

145 1475 1 27 |
384 1456 80 45 Summa!
479 1475 94 25 1,512,800!
587 1474 94 25 1,657,100]
696 1476 90 21 1,798,400|
803 1476 95 21 4,968,300|
