1120 1773
360 133 24 23 U.
400 133 25 23 B.
442 147 21 3 —
481 134 64 29 Prop.
561 134 36 23 N:o
613 133 20 23 9.
817 135 26 21 13

122 199 55 22 böra
198 199 65 29 tjena
283 199 38 22 till
342 199 97 30 ledning
465 199 40 22 vid
527 199 83 22 sakens
639 199 148 28 bedömande,
809 199 62 29 pröf-

122 233 107 28 ningsvis
251 232 127 23 bestämma
401 233 39 22 det
462 233 91 30 belopp,
574 233 38 22 för
630 233 91 22 hvilket
743 233 128 26 bevillning

121 266 43 22 bör
178 269 102 26 utgöras.

189 301 108 22 Kronans
312 301 85 22 ombud
411 301 89 29 äligger
515 301 69 28 tillse,
598 303 34 20 att
645 301 28 22 de
689 301 182 29 skattskyldiges

120 335 167 22 ärsinkomster
302 335 70 22 varda
386 335 154 30 uppskattade
553 336 86 28 jemväl
654 335 8 22 i
674 334 145 23 förhållande
834 335 37 22 till

120 370 99 21 enhvars
235 369 135 29 skyldighet
385 372 35 19 att
434 370 35 21 uti
487 370 152 21 kommunens
654 377 169 20 gemensamma
837 372 34 19 ut-

120 404 71 28 gifter
206 404 93 29 deltaga
316 407 59 19 samt
390 406 40 25 att,
444 405 10 20 i
466 404 109 22 händelse
590 403 170 29 väsendtligare
776 403 95 29 skiljak-

120 439 101 28 tigheter
243 438 141 23 härutinnan
409 439 147 28 förekomma,
582 438 54 23 derä
661 437 62 23 fästa
746 440 125 26 taxerings-

120 472 128 23 nämndens
278 473 210 30 uppmärksamhet.
529 473 81 22 Skulle
636 472 235 29 taxeringsnämnden

119 515 56 15 anse
190 508 67 22 dessa
272 507 187 30 skiljaktigheter
473 515 55 15 vara
543 508 25 23 af
580 507 89 23 mindre
685 507 118 29 betydelse
815 507 56 22 eller

119 550 85 15 annars
217 543 51 22 icke
281 542 101 30 förtjena
396 543 114 28 afseende,
526 546 54 25 äger
595 541 183 24 kronoombudet
793 541 78 22 derom

119 581 58 25 göra
191 577 154 29 anmärkning
360 577 37 22 till
412 577 147 30 protokollet.

472 654 12 25 8
501 655 19 20 7.

191 692 75 22 Sedan
281 693 106 28 taxering
402 692 80 22 blifvit
496 692 133 28 verkställd,
640 691 60 23 skall
710 691 45 22 den
765 691 107 22 deröfver

120 726 139 30 upprättade
274 726 78 29 längd,
368 726 95 22 hvilken
478 727 35 22 uti
532 726 75 22 skilda
622 726 121 22 kolumner
757 726 42 22 bör
813 732 58 22 upp-

120 764 55 26 taga
190 761 29 22 de
234 761 184 29 skattskyldiges
434 762 127 22 inkomster

191 802 21 28 a)
227 802 52 21 från
294 801 120 29 fastighet,

191 842 20 28 d)
226 842 52 22 från
293 843 84 28 näring
391 842 42 22 och
448 842 64 29 yrke,

190 885 18 24 6)
223 882 54 22 från
291 882 46 28 lön,
353 883 99 28 pension
467 882 55 23 eller
538 882 70 23 andra
624 882 131 29 tillgångar,

193 922 26 22 af
243 923 234 28 taxeringsnämnden
499 923 168 22 undertecknas
690 922 42 22 och
755 921 116 22 tillställas

122 957 262 28 kommunalstyrelsens
410 957 143 28 ordförande,
576 964 48 15 som
647 963 54 22 eger
730 958 34 19 att
788 963 83 21 genom

122 991 139 28 kungörelse
277 992 8 21 i
300 991 152 22 kommunens
475 991 75 29 kyrka
572 991 56 22 eller
643 990 87 29 kyrkor
749 990 123 22 tillkänna-

120 1025 73 28 gifva,
210 1028 34 19 att
260 1025 100 28 längden
383 1025 45 22 kan
450 1025 25 22 af
495 1026 28 21 de
545 1025 152 22 kommunens
719 1025 153 26 medlemmar,

122 1059 80 22 hvilka
217 1059 83 22 sådant
315 1060 78 27 önska,
408 1059 102 23 öfverses
527 1060 43 21 och
584 1059 112 29 granskas
712 1059 72 22 under
797 1066 30 15 en
838 1059 35 21 tid

121 1094 28 22 af
163 1097 26 19 14
204 1094 77 28 dagar,
297 1094 87 22 räknad
406 1094 53 22 från
481 1095 44 21 den
541 1095 50 28 dag,
608 1094 29 22 då
651 1094 155 28 kungörelsen
822 1093 52 22 blif-

123 1129 35 21 vit
173 1127 130 27 afkunnad,
318 1131 59 19 samt
399 1131 34 20 att
455 1128 179 29 anmärkningar
654 1130 61 20 emot
737 1128 136 28 taxeringen

123 1163 60 28 böra,
207 1163 41 22 vid
269 1163 109 29 äfventyr
395 1163 25 22 af
435 1163 84 22 förlust
541 1163 25 22 af
585 1163 112 28 rättighet
719 1163 38 21 till
779 1162 94 22 besvärs

121 1197 134 28 anförande,
272 1201 68 24 göras
358 1197 40 22 vid
412 1197 45 22 den
473 1197 236 28 kommunalstämma,
725 1197 95 22 hvilken
837 1196 37 22 för

121 1231 65 26 detta
206 1231 106 22 ändamål
336 1231 60 22 skall
408 1233 109 25 utsättas
533 1234 33 19 att
588 1231 73 22 hållas
684 1231 142 22 oförtöfvadt
841 1230 33 22 ef-

122 1269 36 19 ter
173 1265 171 29 anslagstidens
359 1267 96 28 utgång.

193 1296 71 26 Öfver
279 1300 28 22 de
322 1300 40 22 vid
384 1301 75 21 denna
481 1301 230 21 kommunalstämma
730 1299 145 23 framställda

122 1334 213 29 anmärkningarna
350 1335 89 29 åligger
461 1334 39 22 det
522 1337 112 19 stämman
656 1335 43 21 och
722 1334 151 22 kronoombu-

122 1370 41 21 det
185 1372 35 19 att
234 1371 83 27 genast
332 1369 90 29 afgifva
440 1369 108 29 yttrande
570 1369 37 22 till
622 1369 146 29 protokollet,
784 1368 91 22 hvilket

124 1404 41 20 bör
187 1404 118 21 innehålla
326 1404 127 28 anvisning
474 1404 36 21 för
525 1404 45 20 den
585 1403 51 21 med
658 1404 136 26 taxeringen
808 1403 66 21 miss-

122 1437 71 29 nöjde
213 1440 34 19 att
266 1438 63 22 inom
352 1438 80 22 trettio
455 1438 70 28 dagar
547 1437 59 22 efter
628 1437 246 22 kommunalstämman

193 1478 212 23 Bevillningsutskottets
417 1478 115 18 betänkande
544 1478 36 18 N:o
591 1479 17 17 5.
