<?xml version="1.0" encoding="UTF-8"?>
<alto xmlns="http://www.loc.gov/standards/alto/ns-v3#" xmlns:xlink="http://www.w3.org/1999/xlink" xmlns:xsi="http://www.w3.org/2001/XMLSchema-instance" xsi:schemaLocation="http://www.loc.gov/standards/alto/ns-v3# http://www.loc.gov/alto/v3/alto-3-0.xsd">
	<Description>
		<MeasurementUnit>pixel</MeasurementUnit>
		<sourceImageInformation>
			<fileName>/tmp/tess_jnklfd8b_input.PNG</fileName>
		</sourceImageInformation>
		<OCRProcessing ID="OCR_0">
			<ocrProcessingStep>
				<processingSoftware>
					<softwareName>tesseract 5.3.4</softwareName>
				</processingSoftware>
			</ocrProcessingStep>
		</OCRProcessing>
	</Description>
	<Layout>
		<Page WIDTH="1081" HEIGHT="1784" PHYSICAL_IMG_NR="0" ID="page_0">
			<PrintSpace HPOS="0" VPOS="0" WIDTH="1081" HEIGHT="1784">
				<ComposedBlock ID="cblock_0" HPOS="283" VPOS="348" WIDTH="512" HEIGHT="87">
					<TextBlock ID="block_0" HPOS="283" VPOS="348" WIDTH="512" HEIGHT="87">
						<TextLine ID="line_0" HPOS="451" VPOS="348" WIDTH="343" HEIGHT="22">
							<String ID="string_0" HPOS="451" VPOS="348" WIDTH="133" HEIGHT="22" WC="0.89" CONTENT="sammanlagdt"/><SP WIDTH="23" VPOS="348" HPOS="584"/>
							<String ID="string_1" HPOS="607" VPOS="361" WIDTH="4" HEIGHT="5" WC="0.81" CONTENT="."/><SP WIDTH="65" VPOS="361" HPOS="611"/>
							<String ID="string_2" HPOS="676" VPOS="360" WIDTH="118" HEIGHT="6" WC="0.7" CONTENT="sen"/>
						</TextLine>
						<TextLine ID="line_1" HPOS="283" VPOS="382" WIDTH="511" HEIGHT="23">
							<String ID="string_3" HPOS="283" VPOS="384" WIDTH="45" HEIGHT="17" WC="0.96" CONTENT="1894"/><SP WIDTH="16" VPOS="384" HPOS="328"/>
							<String ID="string_4" HPOS="344" VPOS="383" WIDTH="51" HEIGHT="18" WC="0.96" CONTENT="Mars"/><SP WIDTH="13" VPOS="383" HPOS="395"/>
							<String ID="string_5" HPOS="408" VPOS="384" WIDTH="27" HEIGHT="17" WC="0.90" CONTENT="12."/><SP WIDTH="18" VPOS="384" HPOS="435"/>
							<String ID="string_6" HPOS="453" VPOS="383" WIDTH="98" HEIGHT="22" WC="0.95" CONTENT="Angående"/><SP WIDTH="20" VPOS="383" HPOS="551"/>
							<String ID="string_7" HPOS="571" VPOS="384" WIDTH="65" HEIGHT="21" WC="0.96" CONTENT="anslag"/><SP WIDTH="20" VPOS="384" HPOS="636"/>
							<String ID="string_8" HPOS="656" VPOS="388" WIDTH="22" HEIGHT="12" WC="0.96" CONTENT="ur"/><SP WIDTH="23" VPOS="388" HPOS="678"/>
							<String ID="string_9" HPOS="701" VPOS="382" WIDTH="93" HEIGHT="18" WC="0.93" CONTENT="allmänna"/>
						</TextLine>
						<TextLine ID="line_2" HPOS="451" VPOS="416" WIDTH="344" HEIGHT="19">
							<String ID="string_10" HPOS="451" VPOS="416" WIDTH="106" HEIGHT="19" WC="0.91" CONTENT="statsmedel"/><SP WIDTH="21" VPOS="416" HPOS="557"/>
							<String ID="string_11" HPOS="578" VPOS="417" WIDTH="6" HEIGHT="17" WC="0.96" CONTENT="i"/><SP WIDTH="15" VPOS="417" HPOS="584"/>
							<String ID="string_12" HPOS="599" VPOS="416" WIDTH="86" HEIGHT="18" WC="0.92" CONTENT="afseende"/><SP WIDTH="11" VPOS="416" HPOS="685"/>
							<String ID="string_13" HPOS="696" VPOS="416" WIDTH="10" HEIGHT="17" WC="0.91" CONTENT="å"/><SP WIDTH="13" VPOS="416" HPOS="706"/>
							<String ID="string_14" HPOS="719" VPOS="416" WIDTH="76" HEIGHT="18" WC="0.93" CONTENT="förstär-"/>
						</TextLine>
					</TextBlock>
				</ComposedBlock>
				<ComposedBlock ID="cblock_1" HPOS="246" VPOS="485" WIDTH="549" HEIGHT="91">
					<TextBlock ID="block_1" HPOS="246" VPOS="485" WIDTH="549" HEIGHT="91">
						<TextLine ID="line_3" HPOS="452" VPOS="485" WIDTH="343" HEIGHT="22">
							<String ID="string_15" HPOS="452" VPOS="485" WIDTH="72" HEIGHT="22" WC="0.92" CONTENT="fintliga"/><SP WIDTH="18" VPOS="485" HPOS="524"/>
							<String ID="string_16" HPOS="542" VPOS="485" WIDTH="67" HEIGHT="18" WC="0.96" CONTENT="fonden"/><SP WIDTH="18" VPOS="485" HPOS="609"/>
							<String ID="string_17" HPOS="627" VPOS="485" WIDTH="30" HEIGHT="17" WC="0.96" CONTENT="för"/><SP WIDTH="19" VPOS="485" HPOS="657"/>
							<String ID="string_18" HPOS="676" VPOS="485" WIDTH="33" HEIGHT="18" WC="0.92" CONTENT="den"/><SP WIDTH="19" VPOS="485" HPOS="709"/>
							<String ID="string_19" HPOS="728" VPOS="485" WIDTH="67" HEIGHT="17" WC="0.92" CONTENT="ekono-"/>
						</TextLine>
						<TextLine ID="line_4" HPOS="453" VPOS="519" WIDTH="341" HEIGHT="23">
							<String ID="string_20" HPOS="453" VPOS="519" WIDTH="59" HEIGHT="18" WC="0.96" CONTENT="miska"/><SP WIDTH="12" VPOS="519" HPOS="512"/>
							<String ID="string_21" HPOS="524" VPOS="519" WIDTH="71" HEIGHT="23" WC="0.93" CONTENT="slöjden"/><SP WIDTH="13" VPOS="519" HPOS="595"/>
							<String ID="string_22" HPOS="608" VPOS="532" WIDTH="4" HEIGHT="5" WC="0.85" CONTENT="."/><SP WIDTH="18" VPOS="532" HPOS="612"/>
							<String ID="string_23" HPOS="630" VPOS="533" WIDTH="4" HEIGHT="4" WC="0.78" CONTENT="."/><SP WIDTH="19" VPOS="533" HPOS="634"/>
							<String ID="string_24" HPOS="653" VPOS="533" WIDTH="4" HEIGHT="4" WC="0.87" CONTENT="."/><SP WIDTH="22" VPOS="533" HPOS="657"/>
							<String ID="string_25" HPOS="679" VPOS="515" WIDTH="23" HEIGHT="31" WC="0.39" CONTENT="«+."/><SP WIDTH="20" VPOS="515" HPOS="702"/>
							<String ID="string_26" HPOS="722" VPOS="532" WIDTH="4" HEIGHT="4" WC="0.0" CONTENT="»"/><SP WIDTH="19" VPOS="532" HPOS="726"/>
							<String ID="string_27" HPOS="745" VPOS="531" WIDTH="49" HEIGHT="4" WC="0.31" CONTENT="&lt;."/>
						</TextLine>
						<TextLine ID="line_5" HPOS="246" VPOS="552" WIDTH="549" HEIGHT="24">
							<String ID="string_28" HPOS="246" VPOS="553" WIDTH="43" HEIGHT="19" WC="0.95" CONTENT="Med"/><SP WIDTH="20" VPOS="553" HPOS="289"/>
							<String ID="string_29" HPOS="309" VPOS="553" WIDTH="73" HEIGHT="23" WC="0.95" CONTENT="ledning"/><SP WIDTH="18" VPOS="553" HPOS="382"/>
							<String ID="string_30" HPOS="400" VPOS="553" WIDTH="20" HEIGHT="18" WC="0.96" CONTENT="af"/><SP WIDTH="17" VPOS="553" HPOS="420"/>
							<String ID="string_31" HPOS="437" VPOS="559" WIDTH="71" HEIGHT="13" WC="0.95" CONTENT="vunnen"/><SP WIDTH="18" VPOS="559" HPOS="508"/>
							<String ID="string_32" HPOS="526" VPOS="554" WIDTH="106" HEIGHT="18" WC="0.96" CONTENT="erfarenhet"/><SP WIDTH="11" VPOS="554" HPOS="632"/>
							<String ID="string_33" HPOS="643" VPOS="553" WIDTH="57" HEIGHT="18" WC="0.96" CONTENT="borde"/><SP WIDTH="12" VPOS="553" HPOS="700"/>
							<String ID="string_34" HPOS="712" VPOS="553" WIDTH="29" HEIGHT="17" WC="0.93" CONTENT="för"/><SP WIDTH="11" VPOS="553" HPOS="741"/>
							<String ID="string_35" HPOS="752" VPOS="552" WIDTH="43" HEIGHT="23" WC="0.91" CONTENT="opå-"/>
						</TextLine>
					</TextBlock>
				</ComposedBlock>
				<ComposedBlock ID="cblock_2" HPOS="248" VPOS="622" WIDTH="546" HEIGHT="88">
					<TextBlock ID="block_2" HPOS="248" VPOS="622" WIDTH="546" HEIGHT="88">
						<TextLine ID="line_6" HPOS="270" VPOS="622" WIDTH="524" HEIGHT="22">
							<String ID="string_36" HPOS="270" VPOS="623" WIDTH="10" HEIGHT="17" WC="0.88" CONTENT="å"/><SP WIDTH="11" VPOS="623" HPOS="280"/>
							<String ID="string_37" HPOS="291" VPOS="618" WIDTH="84" HEIGHT="31" WC="0.92" CONTENT="500,000"/><SP WIDTH="12" VPOS="618" HPOS="375"/>
							<String ID="string_38" HPOS="387" VPOS="618" WIDTH="27" HEIGHT="31" WC="0.96" CONTENT="mk"/><SP WIDTH="9" VPOS="618" HPOS="414"/>
							<String ID="string_39" HPOS="423" VPOS="627" WIDTH="24" HEIGHT="13" WC="0.96" CONTENT="om"/><SP WIDTH="17" VPOS="627" HPOS="447"/>
							<String ID="string_40" HPOS="464" VPOS="623" WIDTH="55" HEIGHT="18" WC="0.44" CONTENT="året."/><SP WIDTH="22" VPOS="623" HPOS="519"/>
							<String ID="string_41" HPOS="541" VPOS="636" WIDTH="24" HEIGHT="4" WC="0.25" CONTENT=".."/><SP WIDTH="31" VPOS="636" HPOS="565"/>
							<String ID="string_42" HPOS="596" VPOS="635" WIDTH="15" HEIGHT="5" WC="0.0" CONTENT="s"/><SP WIDTH="21" VPOS="635" HPOS="611"/>
							<String ID="string_43" HPOS="632" VPOS="635" WIDTH="162" HEIGHT="5" WC="0.10" CONTENT="sen"/>
						</TextLine>
						<TextLine ID="line_7" HPOS="248" VPOS="656" WIDTH="546" HEIGHT="23">
							<String ID="string_44" HPOS="248" VPOS="657" WIDTH="94" HEIGHT="18" WC="0.96" CONTENT="äfvensom"/><SP WIDTH="12" VPOS="657" HPOS="342"/>
							<String ID="string_45" HPOS="354" VPOS="657" WIDTH="30" HEIGHT="17" WC="0.96" CONTENT="för"/><SP WIDTH="11" VPOS="657" HPOS="384"/>
							<String ID="string_46" HPOS="395" VPOS="657" WIDTH="117" HEIGHT="18" WC="0.96" CONTENT="bestridande"/><SP WIDTH="12" VPOS="657" HPOS="512"/>
							<String ID="string_47" HPOS="524" VPOS="657" WIDTH="21" HEIGHT="18" WC="0.95" CONTENT="af"/><SP WIDTH="12" VPOS="657" HPOS="545"/>
							<String ID="string_48" HPOS="557" VPOS="657" WIDTH="100" HEIGHT="22" WC="0.96" CONTENT="utgifterna"/><SP WIDTH="13" VPOS="657" HPOS="657"/>
							<String ID="string_49" HPOS="670" VPOS="657" WIDTH="58" HEIGHT="17" WC="0.96" CONTENT="under"/><SP WIDTH="8" VPOS="657" HPOS="728"/>
							<String ID="string_50" HPOS="736" VPOS="656" WIDTH="22" HEIGHT="18" WC="0.96" CONTENT="de"/><SP WIDTH="8" VPOS="656" HPOS="758"/>
							<String ID="string_51" HPOS="766" VPOS="658" WIDTH="28" HEIGHT="16" WC="0.96" CONTENT="tre"/>
						</TextLine>
						<TextLine ID="line_8" HPOS="269" VPOS="691" WIDTH="525" HEIGHT="19">
							<String ID="string_52" HPOS="269" VPOS="691" WIDTH="60" HEIGHT="18" WC="0.96" CONTENT="första"/><SP WIDTH="12" VPOS="691" HPOS="329"/>
							<String ID="string_53" HPOS="341" VPOS="691" WIDTH="110" HEIGHT="18" WC="0.96" CONTENT="månaderna"/><SP WIDTH="12" VPOS="691" HPOS="451"/>
							<String ID="string_54" HPOS="463" VPOS="692" WIDTH="21" HEIGHT="17" WC="0.96" CONTENT="af"/><SP WIDTH="10" VPOS="692" HPOS="484"/>
							<String ID="string_55" HPOS="494" VPOS="692" WIDTH="21" HEIGHT="17" WC="0.96" CONTENT="år"/><SP WIDTH="13" VPOS="692" HPOS="515"/>
							<String ID="string_56" HPOS="528" VPOS="692" WIDTH="45" HEIGHT="18" WC="0.68" CONTENT="18988."/><SP WIDTH="36" VPOS="692" HPOS="573"/>
							<String ID="string_57" HPOS="609" VPOS="704" WIDTH="2" HEIGHT="5" WC="0.59" CONTENT="."/><SP WIDTH="46" VPOS="704" HPOS="611"/>
							<String ID="string_58" HPOS="657" VPOS="687" WIDTH="23" HEIGHT="32" WC="0.3" CONTENT="so."/><SP WIDTH="19" VPOS="687" HPOS="680"/>
							<String ID="string_59" HPOS="699" VPOS="704" WIDTH="26" HEIGHT="5" WC="0.40" CONTENT="cc"/><SP WIDTH="19" VPOS="704" HPOS="725"/>
							<String ID="string_60" HPOS="744" VPOS="704" WIDTH="27" HEIGHT="4" WC="0.42" CONTENT="cc"/><SP WIDTH="19" VPOS="704" HPOS="771"/>
							<String ID="string_61" HPOS="790" VPOS="703" WIDTH="4" HEIGHT="5" WC="0.37" CONTENT="a"/>
						</TextLine>
					</TextBlock>
				</ComposedBlock>
				<ComposedBlock ID="cblock_3" HPOS="723" VPOS="731" WIDTH="73" HEIGHT="18">
					<TextBlock ID="block_3" HPOS="723" VPOS="731" WIDTH="73" HEIGHT="18">
						<TextLine ID="line_9" HPOS="723" VPOS="731" WIDTH="73" HEIGHT="18">
							<String ID="string_62" HPOS="723" VPOS="731" WIDTH="73" HEIGHT="18" WC="0.96" CONTENT="Summa"/>
						</TextLine>
					</TextBlock>
				</ComposedBlock>
				<ComposedBlock ID="cblock_4" HPOS="246" VPOS="800" WIDTH="550" HEIGHT="166">
					<TextBlock ID="block_4" HPOS="246" VPOS="800" WIDTH="550" HEIGHT="109">
						<TextLine ID="line_10" HPOS="269" VPOS="800" WIDTH="526" HEIGHT="23">
							<String ID="string_63" HPOS="269" VPOS="800" WIDTH="55" HEIGHT="18" WC="0.93" CONTENT="Efter"/><SP WIDTH="12" VPOS="800" HPOS="324"/>
							<String ID="string_64" HPOS="336" VPOS="801" WIDTH="66" HEIGHT="21" WC="0.92" CONTENT="afdrag"/><SP WIDTH="11" VPOS="801" HPOS="402"/>
							<String ID="string_65" HPOS="413" VPOS="801" WIDTH="20" HEIGHT="17" WC="0.93" CONTENT="af"/><SP WIDTH="12" VPOS="801" HPOS="433"/>
							<String ID="string_66" HPOS="445" VPOS="801" WIDTH="197" HEIGHT="22" WC="0.92" CONTENT="totalutgiftssumman"/><SP WIDTH="13" VPOS="801" HPOS="642"/>
							<String ID="string_67" HPOS="655" VPOS="801" WIDTH="103" HEIGHT="21" WC="0.90" CONTENT="16,133,780"/><SP WIDTH="7" VPOS="801" HPOS="758"/>
							<String ID="string_68" HPOS="765" VPOS="801" WIDTH="30" HEIGHT="17" WC="0.96" CONTENT="mk"/>
						</TextLine>
						<TextLine ID="line_11" HPOS="248" VPOS="829" WIDTH="546" HEIGHT="23">
							<String ID="string_69" HPOS="248" VPOS="830" WIDTH="21" HEIGHT="16" WC="0.88" CONTENT="14"/><SP WIDTH="12" VPOS="830" HPOS="269"/>
							<String ID="string_70" HPOS="281" VPOS="834" WIDTH="17" HEIGHT="17" WC="0.88" CONTENT="p."/><SP WIDTH="12" VPOS="834" HPOS="298"/>
							<String ID="string_71" HPOS="310" VPOS="829" WIDTH="41" HEIGHT="18" WC="0.96" CONTENT="från"/><SP WIDTH="12" VPOS="829" HPOS="351"/>
							<String ID="string_72" HPOS="363" VPOS="829" WIDTH="35" HEIGHT="18" WC="0.96" CONTENT="här"/><SP WIDTH="11" VPOS="829" HPOS="398"/>
							<String ID="string_73" HPOS="409" VPOS="829" WIDTH="54" HEIGHT="18" WC="0.96" CONTENT="ofvan"/><SP WIDTH="13" VPOS="829" HPOS="463"/>
							<String ID="string_74" HPOS="476" VPOS="832" WIDTH="94" HEIGHT="20" WC="0.95" CONTENT="upptagna"/><SP WIDTH="13" VPOS="832" HPOS="570"/>
							<String ID="string_75" HPOS="583" VPOS="829" WIDTH="99" HEIGHT="22" WC="0.91" CONTENT="tillgångar"/><SP WIDTH="12" VPOS="829" HPOS="682"/>
							<String ID="string_76" HPOS="694" VPOS="829" WIDTH="100" HEIGHT="22" WC="0.89" CONTENT="22,815,691"/>
						</TextLine>
						<TextLine ID="line_12" HPOS="246" VPOS="857" WIDTH="550" HEIGHT="24">
							<String ID="string_77" HPOS="246" VPOS="857" WIDTH="32" HEIGHT="18" WC="0.96" CONTENT="mk"/><SP WIDTH="12" VPOS="857" HPOS="278"/>
							<String ID="string_78" HPOS="290" VPOS="858" WIDTH="22" HEIGHT="17" WC="0.93" CONTENT="45"/><SP WIDTH="11" VPOS="858" HPOS="312"/>
							<String ID="string_79" HPOS="323" VPOS="863" WIDTH="23" HEIGHT="17" WC="0.89" CONTENT="p.,"/><SP WIDTH="18" VPOS="863" HPOS="346"/>
							<String ID="string_80" HPOS="364" VPOS="858" WIDTH="80" HEIGHT="17" WC="0.96" CONTENT="återstår"/><SP WIDTH="18" VPOS="858" HPOS="444"/>
							<String ID="string_81" HPOS="462" VPOS="858" WIDTH="29" HEIGHT="17" WC="0.93" CONTENT="till"/><SP WIDTH="18" VPOS="858" HPOS="491"/>
							<String ID="string_82" HPOS="509" VPOS="858" WIDTH="81" HEIGHT="23" WC="0.92" CONTENT="fyllande"/><SP WIDTH="18" VPOS="858" HPOS="590"/>
							<String ID="string_83" HPOS="608" VPOS="858" WIDTH="20" HEIGHT="17" WC="0.97" CONTENT="af"/><SP WIDTH="17" VPOS="858" HPOS="628"/>
							<String ID="string_84" HPOS="645" VPOS="863" WIDTH="35" HEIGHT="18" WC="0.93" CONTENT="nya"/><SP WIDTH="16" VPOS="863" HPOS="680"/>
							<String ID="string_85" HPOS="696" VPOS="857" WIDTH="56" HEIGHT="19" WC="0.89" CONTENT="behof"/><SP WIDTH="17" VPOS="857" HPOS="752"/>
							<String ID="string_86" HPOS="769" VPOS="859" WIDTH="27" HEIGHT="16" WC="0.97" CONTENT="ett"/>
						</TextLine>
						<TextLine ID="line_13" HPOS="247" VPOS="885" WIDTH="307" HEIGHT="24">
							<String ID="string_87" HPOS="247" VPOS="886" WIDTH="66" HEIGHT="23" WC="0.95" CONTENT="belopp"/><SP WIDTH="13" VPOS="886" HPOS="313"/>
							<String ID="string_88" HPOS="326" VPOS="885" WIDTH="21" HEIGHT="19" WC="0.93" CONTENT="af"/><SP WIDTH="10" VPOS="885" HPOS="347"/>
							<String ID="string_89" HPOS="357" VPOS="886" WIDTH="89" HEIGHT="22" WC="0.92" CONTENT="6,681,911"/><SP WIDTH="14" VPOS="886" HPOS="446"/>
							<String ID="string_90" HPOS="460" VPOS="886" WIDTH="30" HEIGHT="18" WC="0.95" CONTENT="mk"/><SP WIDTH="13" VPOS="886" HPOS="490"/>
							<String ID="string_91" HPOS="503" VPOS="888" WIDTH="20" HEIGHT="16" WC="0.95" CONTENT="31"/><SP WIDTH="13" VPOS="888" HPOS="523"/>
							<String ID="string_92" HPOS="536" VPOS="892" WIDTH="18" HEIGHT="17" WC="0.95" CONTENT="p."/>
						</TextLine>
					</TextBlock>
					<TextBlock ID="block_5" HPOS="250" VPOS="914" WIDTH="546" HEIGHT="52">
						<TextLine ID="line_14" HPOS="271" VPOS="914" WIDTH="525" HEIGHT="24">
							<String ID="string_93" HPOS="271" VPOS="914" WIDTH="60" HEIGHT="19" WC="0.96" CONTENT="Bland"/><SP WIDTH="18" VPOS="914" HPOS="331"/>
							<String ID="string_94" HPOS="349" VPOS="915" WIDTH="54" HEIGHT="18" WC="0.95" CONTENT="dessa"/><SP WIDTH="14" VPOS="915" HPOS="403"/>
							<String ID="string_95" HPOS="417" VPOS="916" WIDTH="30" HEIGHT="17" WC="0.93" CONTENT="mä"/><SP WIDTH="13" VPOS="916" HPOS="447"/>
							<String ID="string_96" HPOS="460" VPOS="918" WIDTH="104" HEIGHT="16" WC="0.93" CONTENT="omnämnas"/><SP WIDTH="12" VPOS="918" HPOS="564"/>
							<String ID="string_97" HPOS="576" VPOS="916" WIDTH="81" HEIGHT="18" WC="0.77" CONTENT="eventue!"/><SP WIDTH="13" VPOS="916" HPOS="657"/>
							<String ID="string_98" HPOS="670" VPOS="915" WIDTH="126" HEIGHT="23" WC="0.96" CONTENT="förstärkning"/>
						</TextLine>
						<TextLine ID="line_15" HPOS="250" VPOS="944" WIDTH="546" HEIGHT="22">
							<String ID="string_99" HPOS="250" VPOS="944" WIDTH="21" HEIGHT="18" WC="0.93" CONTENT="af"/><SP WIDTH="11" VPOS="944" HPOS="271"/>
							<String ID="string_100" HPOS="282" VPOS="944" WIDTH="203" HEIGHT="22" WC="0.92" CONTENT="undsättningsfonden,"/><SP WIDTH="13" VPOS="944" HPOS="485"/>
							<String ID="string_101" HPOS="498" VPOS="950" WIDTH="38" HEIGHT="12" WC="0.96" CONTENT="som"/><SP WIDTH="12" VPOS="950" HPOS="536"/>
							<String ID="string_102" HPOS="548" VPOS="945" WIDTH="47" HEIGHT="17" WC="0.96" CONTENT="skall"/><SP WIDTH="14" VPOS="945" HPOS="595"/>
							<String ID="string_103" HPOS="609" VPOS="944" WIDTH="101" HEIGHT="18" WC="0.96" CONTENT="bibehållas"/><SP WIDTH="12" VPOS="944" HPOS="710"/>
							<String ID="string_104" HPOS="722" VPOS="944" WIDTH="31" HEIGHT="18" WC="0.96" CONTENT="vid"/><SP WIDTH="12" VPOS="944" HPOS="753"/>
							<String ID="string_105" HPOS="765" VPOS="944" WIDTH="31" HEIGHT="18" WC="0.96" CONTENT="det"/>
						</TextLine>
					</TextBlock>
				</ComposedBlock>
				<ComposedBlock ID="cblock_5" HPOS="246" VPOS="1030" WIDTH="552" HEIGHT="108">
					<TextBlock ID="block_6" HPOS="246" VPOS="1030" WIDTH="552" HEIGHT="108">
						<TextLine ID="line_16" HPOS="250" VPOS="1030" WIDTH="546" HEIGHT="23">
							<String ID="string_106" HPOS="250" VPOS="1030" WIDTH="57" HEIGHT="18" WC="0.96" CONTENT="borde"/><SP WIDTH="12" VPOS="1030" HPOS="307"/>
							<String ID="string_107" HPOS="319" VPOS="1035" WIDTH="43" HEIGHT="13" WC="0.93" CONTENT="vara"/><SP WIDTH="12" VPOS="1035" HPOS="362"/>
							<String ID="string_108" HPOS="374" VPOS="1030" WIDTH="86" HEIGHT="22" WC="0.92" CONTENT="placerad"/><SP WIDTH="12" VPOS="1030" HPOS="460"/>
							<String ID="string_109" HPOS="472" VPOS="1030" WIDTH="162" HEIGHT="23" WC="0.92" CONTENT="hufvudsakligast"/><SP WIDTH="12" VPOS="1030" HPOS="634"/>
							<String ID="string_110" HPOS="646" VPOS="1031" WIDTH="5" HEIGHT="17" WC="0.96" CONTENT="i"/><SP WIDTH="13" VPOS="1031" HPOS="651"/>
							<String ID="string_111" HPOS="664" VPOS="1031" WIDTH="36" HEIGHT="18" WC="0.93" CONTENT="lätt"/><SP WIDTH="11" VPOS="1031" HPOS="700"/>
							<String ID="string_112" HPOS="711" VPOS="1031" WIDTH="85" HEIGHT="18" WC="0.93" CONTENT="realiser-"/>
						</TextLine>
						<TextLine ID="line_17" HPOS="249" VPOS="1058" WIDTH="548" HEIGHT="24">
							<String ID="string_113" HPOS="249" VPOS="1059" WIDTH="47" HEIGHT="17" WC="0.90" CONTENT="bara"/><SP WIDTH="17" VPOS="1059" HPOS="296"/>
							<String ID="string_114" HPOS="313" VPOS="1058" WIDTH="77" HEIGHT="22" WC="0.90" CONTENT="valutor,"/><SP WIDTH="19" VPOS="1058" HPOS="390"/>
							<String ID="string_115" HPOS="409" VPOS="1064" WIDTH="39" HEIGHT="12" WC="0.96" CONTENT="men"/><SP WIDTH="19" VPOS="1064" HPOS="448"/>
							<String ID="string_116" HPOS="467" VPOS="1059" WIDTH="20" HEIGHT="18" WC="0.93" CONTENT="af"/><SP WIDTH="16" VPOS="1059" HPOS="487"/>
							<String ID="string_117" HPOS="503" VPOS="1059" WIDTH="71" HEIGHT="18" WC="0.92" CONTENT="hvilket"/><SP WIDTH="11" VPOS="1059" HPOS="574"/>
							<String ID="string_118" HPOS="585" VPOS="1059" WIDTH="66" HEIGHT="23" WC="0.93" CONTENT="belopp"/><SP WIDTH="14" VPOS="1059" HPOS="651"/>
							<String ID="string_119" HPOS="665" VPOS="1060" WIDTH="89" HEIGHT="21" WC="0.88" CONTENT="1,300,000"/><SP WIDTH="12" VPOS="1060" HPOS="754"/>
							<String ID="string_120" HPOS="766" VPOS="1059" WIDTH="31" HEIGHT="18" WC="0.96" CONTENT="mk"/>
						</TextLine>
						<TextLine ID="line_18" HPOS="247" VPOS="1086" WIDTH="551" HEIGHT="24">
							<String ID="string_121" HPOS="247" VPOS="1086" WIDTH="29" HEIGHT="18" WC="0.93" CONTENT="vid"/><SP WIDTH="18" VPOS="1086" HPOS="276"/>
							<String ID="string_122" HPOS="294" VPOS="1088" WIDTH="93" HEIGHT="22" WC="0.95" CONTENT="utgången"/><SP WIDTH="18" VPOS="1088" HPOS="387"/>
							<String ID="string_123" HPOS="405" VPOS="1087" WIDTH="21" HEIGHT="18" WC="0.93" CONTENT="af"/><SP WIDTH="11" VPOS="1087" HPOS="426"/>
							<String ID="string_124" HPOS="437" VPOS="1088" WIDTH="79" HEIGHT="17" WC="0.92" CONTENT="sistlidet"/><SP WIDTH="12" VPOS="1088" HPOS="516"/>
							<String ID="string_125" HPOS="528" VPOS="1088" WIDTH="20" HEIGHT="18" WC="0.93" CONTENT="år"/><SP WIDTH="13" VPOS="1088" HPOS="548"/>
							<String ID="string_126" HPOS="561" VPOS="1088" WIDTH="86" HEIGHT="18" WC="0.92" CONTENT="utestodo"/><SP WIDTH="13" VPOS="1088" HPOS="647"/>
							<String ID="string_127" HPOS="660" VPOS="1088" WIDTH="60" HEIGHT="18" WC="0.96" CONTENT="såsom"/><SP WIDTH="12" VPOS="1088" HPOS="720"/>
							<String ID="string_128" HPOS="732" VPOS="1088" WIDTH="31" HEIGHT="18" WC="0.96" CONTENT="län"/><SP WIDTH="15" VPOS="1088" HPOS="763"/>
							<String ID="string_129" HPOS="778" VPOS="1088" WIDTH="20" HEIGHT="18" WC="0.96" CONTENT="ät"/>
						</TextLine>
						<TextLine ID="line_19" HPOS="246" VPOS="1115" WIDTH="371" HEIGHT="23">
							<String ID="string_130" HPOS="246" VPOS="1115" WIDTH="108" HEIGHT="18" WC="0.94" CONTENT="kommuner"/><SP WIDTH="12" VPOS="1115" HPOS="354"/>
							<String ID="string_131" HPOS="366" VPOS="1116" WIDTH="48" HEIGHT="17" WC="0.96" CONTENT="inom"/><SP WIDTH="12" VPOS="1116" HPOS="414"/>
							<String ID="string_132" HPOS="426" VPOS="1115" WIDTH="23" HEIGHT="19" WC="0.96" CONTENT="de"/><SP WIDTH="11" VPOS="1115" HPOS="449"/>
							<String ID="string_133" HPOS="460" VPOS="1116" WIDTH="84" HEIGHT="22" WC="0.93" CONTENT="nordliga"/><SP WIDTH="14" VPOS="1116" HPOS="544"/>
							<String ID="string_134" HPOS="558" VPOS="1116" WIDTH="59" HEIGHT="18" WC="0.89" CONTENT="länen."/>
						</TextLine>
					</TextBlock>
				</ComposedBlock>
				<ComposedBlock ID="cblock_6" HPOS="225" VPOS="1172" WIDTH="571" HEIGHT="250">
					<TextBlock ID="block_7" HPOS="225" VPOS="1172" WIDTH="571" HEIGHT="250">
						<TextLine ID="line_20" HPOS="246" VPOS="1172" WIDTH="549" HEIGHT="23">
							<String ID="string_135" HPOS="246" VPOS="1172" WIDTH="60" HEIGHT="18" WC="0.96" CONTENT="kande"/><SP WIDTH="18" VPOS="1172" HPOS="306"/>
							<String ID="string_136" HPOS="324" VPOS="1172" WIDTH="20" HEIGHT="18" WC="0.96" CONTENT="af"/><SP WIDTH="18" VPOS="1172" HPOS="344"/>
							<String ID="string_137" HPOS="362" VPOS="1172" WIDTH="22" HEIGHT="18" WC="0.95" CONTENT="de"/><SP WIDTH="17" VPOS="1172" HPOS="384"/>
							<String ID="string_138" HPOS="401" VPOS="1172" WIDTH="83" HEIGHT="23" WC="0.95" CONTENT="utgifter,"/><SP WIDTH="18" VPOS="1172" HPOS="484"/>
							<String ID="string_139" HPOS="502" VPOS="1178" WIDTH="39" HEIGHT="12" WC="0.96" CONTENT="som"/><SP WIDTH="17" VPOS="1178" HPOS="541"/>
							<String ID="string_140" HPOS="558" VPOS="1173" WIDTH="62" HEIGHT="18" WC="0.93" CONTENT="kunna"/><SP WIDTH="18" VPOS="1173" HPOS="620"/>
							<String ID="string_141" HPOS="638" VPOS="1172" WIDTH="84" HEIGHT="18" WC="0.90" CONTENT="äsamkas"/><SP WIDTH="13" VPOS="1172" HPOS="722"/>
							<String ID="string_142" HPOS="735" VPOS="1173" WIDTH="60" HEIGHT="17" WC="0.96" CONTENT="finska"/>
						</TextLine>
						<TextLine ID="line_21" HPOS="246" VPOS="1200" WIDTH="546" HEIGHT="24">
							<String ID="string_143" HPOS="246" VPOS="1200" WIDTH="118" HEIGHT="20" WC="0.92" CONTENT="statsverket,"/><SP WIDTH="18" VPOS="1200" HPOS="364"/>
							<String ID="string_144" HPOS="382" VPOS="1202" WIDTH="23" HEIGHT="21" WC="0.96" CONTENT="pä"/><SP WIDTH="17" VPOS="1202" HPOS="405"/>
							<String ID="string_145" HPOS="422" VPOS="1202" WIDTH="60" HEIGHT="21" WC="0.96" CONTENT="grund"/><SP WIDTH="12" VPOS="1202" HPOS="482"/>
							<String ID="string_146" HPOS="494" VPOS="1201" WIDTH="20" HEIGHT="17" WC="0.93" CONTENT="af"/><SP WIDTH="11" VPOS="1201" HPOS="514"/>
							<String ID="string_147" HPOS="525" VPOS="1201" WIDTH="67" HEIGHT="23" WC="0.92" CONTENT="nädiga"/><SP WIDTH="11" VPOS="1201" HPOS="592"/>
							<String ID="string_148" HPOS="603" VPOS="1202" WIDTH="143" HEIGHT="22" WC="0.89" CONTENT="propositionen,"/><SP WIDTH="13" VPOS="1202" HPOS="746"/>
							<String ID="string_149" HPOS="759" VPOS="1206" WIDTH="33" HEIGHT="13" WC="0.92" CONTENT="an-"/>
						</TextLine>
						<TextLine ID="line_22" HPOS="246" VPOS="1229" WIDTH="549" HEIGHT="23">
							<String ID="string_150" HPOS="246" VPOS="1229" WIDTH="70" HEIGHT="22" WC="0.92" CONTENT="gäende"/><SP WIDTH="18" VPOS="1229" HPOS="316"/>
							<String ID="string_151" HPOS="334" VPOS="1229" WIDTH="156" HEIGHT="23" WC="0.91" CONTENT="inskränkningar"/><SP WIDTH="14" VPOS="1229" HPOS="490"/>
							<String ID="string_152" HPOS="504" VPOS="1230" WIDTH="5" HEIGHT="17" WC="0.92" CONTENT="i"/><SP WIDTH="13" VPOS="1230" HPOS="509"/>
							<String ID="string_153" HPOS="522" VPOS="1230" WIDTH="77" HEIGHT="22" WC="0.90" CONTENT="egande-"/><SP WIDTH="13" VPOS="1230" HPOS="599"/>
							<String ID="string_154" HPOS="612" VPOS="1229" WIDTH="34" HEIGHT="19" WC="0.92" CONTENT="och"/><SP WIDTH="12" VPOS="1229" HPOS="646"/>
							<String ID="string_155" HPOS="658" VPOS="1230" WIDTH="137" HEIGHT="22" WC="0.92" CONTENT="nyttjanderät-"/>
						</TextLine>
						<TextLine ID="line_23" HPOS="246" VPOS="1258" WIDTH="549" HEIGHT="22">
							<String ID="string_156" HPOS="246" VPOS="1259" WIDTH="31" HEIGHT="16" WC="0.96" CONTENT="ten"/><SP WIDTH="18" VPOS="1259" HPOS="277"/>
							<String ID="string_157" HPOS="295" VPOS="1258" WIDTH="30" HEIGHT="17" WC="0.96" CONTENT="till"/><SP WIDTH="17" VPOS="1258" HPOS="325"/>
							<String ID="string_158" HPOS="342" VPOS="1258" WIDTH="39" HEIGHT="17" WC="0.96" CONTENT="fast"/><SP WIDTH="18" VPOS="1258" HPOS="381"/>
							<String ID="string_159" HPOS="399" VPOS="1258" WIDTH="87" HEIGHT="22" WC="0.96" CONTENT="egendom"/><SP WIDTH="18" VPOS="1258" HPOS="486"/>
							<String ID="string_160" HPOS="504" VPOS="1259" WIDTH="48" HEIGHT="17" WC="0.93" CONTENT="inom"/><SP WIDTH="14" VPOS="1259" HPOS="552"/>
							<String ID="string_161" HPOS="566" VPOS="1258" WIDTH="186" HEIGHT="22" WC="0.91" CONTENT="fästningsesplanad,"/><SP WIDTH="16" VPOS="1258" HPOS="752"/>
							<String ID="string_162" HPOS="768" VPOS="1259" WIDTH="27" HEIGHT="16" WC="0.92" CONTENT="äf-"/>
						</TextLine>
						<TextLine ID="line_24" HPOS="246" VPOS="1286" WIDTH="549" HEIGHT="22">
							<String ID="string_163" HPOS="246" VPOS="1291" WIDTH="74" HEIGHT="13" WC="0.92" CONTENT="vensom"/><SP WIDTH="18" VPOS="1291" HPOS="320"/>
							<String ID="string_164" HPOS="338" VPOS="1286" WIDTH="29" HEIGHT="18" WC="0.93" CONTENT="för"/><SP WIDTH="12" VPOS="1286" HPOS="367"/>
							<String ID="string_165" HPOS="379" VPOS="1286" WIDTH="113" HEIGHT="18" WC="0.91" CONTENT="bekostande"/><SP WIDTH="12" VPOS="1286" HPOS="492"/>
							<String ID="string_166" HPOS="504" VPOS="1287" WIDTH="19" HEIGHT="17" WC="0.93" CONTENT="af"/><SP WIDTH="12" VPOS="1287" HPOS="523"/>
							<String ID="string_167" HPOS="535" VPOS="1287" WIDTH="210" HEIGHT="21" WC="0.92" CONTENT="kanaliseringsarbeten"/><SP WIDTH="13" VPOS="1287" HPOS="745"/>
							<String ID="string_168" HPOS="758" VPOS="1287" WIDTH="37" HEIGHT="17" WC="0.96" CONTENT="och"/>
						</TextLine>
						<TextLine ID="line_25" HPOS="246" VPOS="1314" WIDTH="549" HEIGHT="22">
							<String ID="string_169" HPOS="246" VPOS="1314" WIDTH="128" HEIGHT="22" WC="0.91" CONTENT="torrläggning"/><SP WIDTH="12" VPOS="1314" HPOS="374"/>
							<String ID="string_170" HPOS="386" VPOS="1314" WIDTH="6" HEIGHT="18" WC="0.96" CONTENT="i"/><SP WIDTH="12" VPOS="1314" HPOS="392"/>
							<String ID="string_171" HPOS="404" VPOS="1316" WIDTH="60" HEIGHT="16" WC="0.93" CONTENT="större"/><SP WIDTH="11" VPOS="1316" HPOS="464"/>
							<String ID="string_172" HPOS="475" VPOS="1315" WIDTH="75" HEIGHT="21" WC="0.92" CONTENT="omfäng"/><SP WIDTH="8" VPOS="1315" HPOS="550"/>
							<String ID="string_173" HPOS="558" VPOS="1315" WIDTH="21" HEIGHT="18" WC="0.93" CONTENT="af"/><SP WIDTH="7" VPOS="1315" HPOS="579"/>
							<String ID="string_174" HPOS="586" VPOS="1314" WIDTH="118" HEIGHT="21" WC="0.92" CONTENT="vattensjuka"/><SP WIDTH="11" VPOS="1314" HPOS="704"/>
							<String ID="string_175" HPOS="715" VPOS="1315" WIDTH="80" HEIGHT="17" WC="0.92" CONTENT="marker."/>
						</TextLine>
						<TextLine ID="line_26" HPOS="225" VPOS="1341" WIDTH="571" HEIGHT="24">
							<String ID="string_176" HPOS="225" VPOS="1348" WIDTH="2" HEIGHT="9" WC="0.57" CONTENT="i"/><SP WIDTH="26" VPOS="1348" HPOS="227"/>
							<String ID="string_177" HPOS="253" VPOS="1337" WIDTH="11" HEIGHT="32" WC="0.68" CONTENT="—"/><SP WIDTH="5" VPOS="1337" HPOS="264"/>
							<String ID="string_178" HPOS="269" VPOS="1341" WIDTH="94" HEIGHT="22" WC="0.77" CONTENT="Derjemte"/><SP WIDTH="12" VPOS="1341" HPOS="363"/>
							<String ID="string_179" HPOS="375" VPOS="1342" WIDTH="57" HEIGHT="18" WC="0.93" CONTENT="borde"/><SP WIDTH="11" VPOS="1342" HPOS="432"/>
							<String ID="string_180" HPOS="443" VPOS="1342" WIDTH="100" HEIGHT="23" WC="0.96" CONTENT="tillgångar"/><SP WIDTH="8" VPOS="1342" HPOS="543"/>
							<String ID="string_181" HPOS="551" VPOS="1343" WIDTH="40" HEIGHT="17" WC="0.96" CONTENT="icke"/><SP WIDTH="8" VPOS="1343" HPOS="591"/>
							<String ID="string_182" HPOS="599" VPOS="1343" WIDTH="67" HEIGHT="17" WC="0.96" CONTENT="saknas"/><SP WIDTH="8" VPOS="1343" HPOS="666"/>
							<String ID="string_183" HPOS="674" VPOS="1342" WIDTH="29" HEIGHT="17" WC="0.93" CONTENT="för"/><SP WIDTH="8" VPOS="1342" HPOS="703"/>
							<String ID="string_184" HPOS="711" VPOS="1342" WIDTH="85" HEIGHT="23" WC="0.91" CONTENT="fyllande"/>
						</TextLine>
						<TextLine ID="line_27" HPOS="225" VPOS="1368" WIDTH="571" HEIGHT="25">
							<String ID="string_185" HPOS="225" VPOS="1368" WIDTH="2" HEIGHT="14" WC="0.96" CONTENT="|"/><SP WIDTH="19" VPOS="1368" HPOS="227"/>
							<String ID="string_186" HPOS="246" VPOS="1370" WIDTH="21" HEIGHT="17" WC="0.96" CONTENT="af"/><SP WIDTH="11" VPOS="1370" HPOS="267"/>
							<String ID="string_187" HPOS="278" VPOS="1370" WIDTH="58" HEIGHT="17" WC="0.96" CONTENT="andra"/><SP WIDTH="12" VPOS="1370" HPOS="336"/>
							<String ID="string_188" HPOS="348" VPOS="1371" WIDTH="5" HEIGHT="16" WC="0.93" CONTENT="i"/><SP WIDTH="12" VPOS="1371" HPOS="353"/>
							<String ID="string_189" HPOS="365" VPOS="1370" WIDTH="87" HEIGHT="23" WC="0.93" CONTENT="kalkylen"/><SP WIDTH="13" VPOS="1370" HPOS="452"/>
							<String ID="string_190" HPOS="465" VPOS="1371" WIDTH="40" HEIGHT="18" WC="0.90" CONTENT="icke"/><SP WIDTH="12" VPOS="1371" HPOS="505"/>
							<String ID="string_191" HPOS="517" VPOS="1371" WIDTH="107" HEIGHT="18" WC="0.92" CONTENT="förutsedda"/><SP WIDTH="12" VPOS="1371" HPOS="624"/>
							<String ID="string_192" HPOS="636" VPOS="1371" WIDTH="62" HEIGHT="21" WC="0.92" CONTENT="behof,"/><SP WIDTH="13" VPOS="1371" HPOS="698"/>
							<String ID="string_193" HPOS="711" VPOS="1376" WIDTH="38" HEIGHT="12" WC="0.91" CONTENT="som"/><SP WIDTH="16" VPOS="1376" HPOS="749"/>
							<String ID="string_194" HPOS="765" VPOS="1376" WIDTH="31" HEIGHT="13" WC="0.91" CONTENT="un-"/>
						</TextLine>
						<TextLine ID="line_28" HPOS="246" VPOS="1398" WIDTH="405" HEIGHT="24">
							<String ID="string_195" HPOS="246" VPOS="1398" WIDTH="32" HEIGHT="18" WC="0.93" CONTENT="der"/><SP WIDTH="12" VPOS="1398" HPOS="278"/>
							<String ID="string_196" HPOS="290" VPOS="1399" WIDTH="88" HEIGHT="22" WC="0.92" CONTENT="perioden"/><SP WIDTH="13" VPOS="1399" HPOS="378"/>
							<String ID="string_197" HPOS="391" VPOS="1399" WIDTH="61" HEIGHT="18" WC="0.96" CONTENT="kunna"/><SP WIDTH="12" VPOS="1399" HPOS="452"/>
							<String ID="string_198" HPOS="464" VPOS="1401" WIDTH="44" HEIGHT="20" WC="0.96" CONTENT="göra"/><SP WIDTH="13" VPOS="1401" HPOS="508"/>
							<String ID="string_199" HPOS="521" VPOS="1399" WIDTH="27" HEIGHT="22" WC="0.97" CONTENT="sig"/><SP WIDTH="12" VPOS="1399" HPOS="548"/>
							<String ID="string_200" HPOS="560" VPOS="1399" WIDTH="91" HEIGHT="23" WC="0.96" CONTENT="gällande."/>
						</TextLine>
					</TextBlock>
				</ComposedBlock>
				<GraphicalElement ID="cblock_7" HPOS="224" VPOS="243" WIDTH="5" HEIGHT="1174"></GraphicalElement >
				<ComposedBlock ID="cblock_8" HPOS="450" VPOS="278" WIDTH="359" HEIGHT="58">
					<TextBlock ID="block_8" HPOS="450" VPOS="278" WIDTH="359" HEIGHT="58">
						<TextLine ID="line_29" HPOS="690" VPOS="278" WIDTH="118" HEIGHT="23">
							<String ID="string_201" HPOS="690" VPOS="278" WIDTH="103" HEIGHT="23" WC="0.96" CONTENT="Transport"/><SP WIDTH="14" VPOS="278" HPOS="793"/>
							<String ID="string_202" HPOS="807" VPOS="278" WIDTH="1" HEIGHT="11" WC="0.96" CONTENT="|"/>
						</TextLine>
						<TextLine ID="line_30" HPOS="450" VPOS="313" WIDTH="359" HEIGHT="23">
							<String ID="string_203" HPOS="450" VPOS="314" WIDTH="60" HEIGHT="18" WC="0.93" CONTENT="finska"/><SP WIDTH="8" VPOS="314" HPOS="510"/>
							<String ID="string_204" HPOS="518" VPOS="314" WIDTH="160" HEIGHT="22" WC="0.89" CONTENT="öfversättningar,"/><SP WIDTH="8" VPOS="314" HPOS="678"/>
							<String ID="string_205" HPOS="686" VPOS="313" WIDTH="29" HEIGHT="17" WC="0.94" CONTENT="för"/><SP WIDTH="6" VPOS="313" HPOS="715"/>
							<String ID="string_206" HPOS="721" VPOS="313" WIDTH="21" HEIGHT="17" WC="0.94" CONTENT="är"/><SP WIDTH="7" VPOS="313" HPOS="742"/>
							<String ID="string_207" HPOS="749" VPOS="313" WIDTH="45" HEIGHT="17" WC="0.94" CONTENT="1894"/><SP WIDTH="13" VPOS="313" HPOS="794"/>
							<String ID="string_208" HPOS="807" VPOS="317" WIDTH="2" HEIGHT="13" WC="0.96" CONTENT="|"/>
						</TextLine>
					</TextBlock>
				</ComposedBlock>
				<ComposedBlock ID="cblock_9" HPOS="452" VPOS="450" WIDTH="358" HEIGHT="24">
					<TextBlock ID="block_9" HPOS="452" VPOS="450" WIDTH="358" HEIGHT="24">
						<TextLine ID="line_31" HPOS="452" VPOS="450" WIDTH="358" HEIGHT="24">
							<String ID="string_209" HPOS="452" VPOS="451" WIDTH="59" HEIGHT="18" WC="0.96" CONTENT="kande"/><SP WIDTH="12" VPOS="451" HPOS="511"/>
							<String ID="string_210" HPOS="523" VPOS="451" WIDTH="20" HEIGHT="18" WC="0.96" CONTENT="af"/><SP WIDTH="11" VPOS="451" HPOS="543"/>
							<String ID="string_211" HPOS="554" VPOS="451" WIDTH="35" HEIGHT="17" WC="0.96" CONTENT="den"/><SP WIDTH="12" VPOS="451" HPOS="589"/>
							<String ID="string_212" HPOS="601" VPOS="451" WIDTH="6" HEIGHT="17" WC="0.96" CONTENT="i"/><SP WIDTH="12" VPOS="451" HPOS="607"/>
							<String ID="string_213" HPOS="619" VPOS="450" WIDTH="138" HEIGHT="18" WC="0.93" CONTENT="Statskontoret"/><SP WIDTH="8" VPOS="450" HPOS="757"/>
							<String ID="string_214" HPOS="765" VPOS="450" WIDTH="29" HEIGHT="17" WC="0.89" CONTENT="be-"/><SP WIDTH="15" VPOS="450" HPOS="794"/>
							<String ID="string_215" HPOS="809" VPOS="464" WIDTH="1" HEIGHT="10" WC="0.89" CONTENT=";"/>
						</TextLine>
					</TextBlock>
				</ComposedBlock>
				<ComposedBlock ID="cblock_10" HPOS="270" VPOS="588" WIDTH="541" HEIGHT="22">
					<TextBlock ID="block_10" HPOS="270" VPOS="588" WIDTH="541" HEIGHT="22">
						<TextLine ID="line_32" HPOS="270" VPOS="588" WIDTH="541" HEIGHT="22">
							<String ID="string_216" HPOS="270" VPOS="588" WIDTH="82" HEIGHT="18" WC="0.96" CONTENT="räknade"/><SP WIDTH="13" VPOS="588" HPOS="352"/>
							<String ID="string_217" HPOS="365" VPOS="588" WIDTH="77" HEIGHT="22" WC="0.96" CONTENT="utgifter"/><SP WIDTH="13" VPOS="588" HPOS="442"/>
							<String ID="string_218" HPOS="455" VPOS="588" WIDTH="57" HEIGHT="18" WC="0.93" CONTENT="under"/><SP WIDTH="8" VPOS="588" HPOS="512"/>
							<String ID="string_219" HPOS="520" VPOS="588" WIDTH="43" HEIGHT="18" WC="0.93" CONTENT="åren"/><SP WIDTH="9" VPOS="588" HPOS="563"/>
							<String ID="string_220" HPOS="572" VPOS="588" WIDTH="114" HEIGHT="17" WC="0.91" CONTENT="1894—1897"/><SP WIDTH="8" VPOS="588" HPOS="686"/>
							<String ID="string_221" HPOS="694" VPOS="592" WIDTH="101" HEIGHT="13" WC="0.93" CONTENT="reserveras"/><SP WIDTH="14" VPOS="592" HPOS="795"/>
							<String ID="string_222" HPOS="809" VPOS="598" WIDTH="2" HEIGHT="2" WC="0.71" CONTENT=";"/>
						</TextLine>
					</TextBlock>
				</ComposedBlock>
				<ComposedBlock ID="cblock_11" HPOS="246" VPOS="972" WIDTH="566" HEIGHT="51">
					<TextBlock ID="block_11" HPOS="246" VPOS="972" WIDTH="566" HEIGHT="51">
						<TextLine ID="line_33" HPOS="246" VPOS="972" WIDTH="566" HEIGHT="25">
							<String ID="string_223" HPOS="246" VPOS="973" WIDTH="33" HEIGHT="18" WC="0.93" CONTENT="för"/><SP WIDTH="17" VPOS="973" HPOS="279"/>
							<String ID="string_224" HPOS="296" VPOS="972" WIDTH="67" HEIGHT="18" WC="0.93" CONTENT="fonden"/><SP WIDTH="19" VPOS="972" HPOS="363"/>
							<String ID="string_225" HPOS="382" VPOS="973" WIDTH="100" HEIGHT="18" WC="0.92" CONTENT="faststälda"/><SP WIDTH="17" VPOS="973" HPOS="482"/>
							<String ID="string_226" HPOS="499" VPOS="974" WIDTH="87" HEIGHT="23" WC="0.95" CONTENT="beloppet"/><SP WIDTH="17" VPOS="974" HPOS="586"/>
							<String ID="string_227" HPOS="603" VPOS="974" WIDTH="21" HEIGHT="17" WC="0.96" CONTENT="af"/><SP WIDTH="17" VPOS="974" HPOS="624"/>
							<String ID="string_228" HPOS="641" VPOS="974" WIDTH="10" HEIGHT="17" WC="0.96" CONTENT="3"/><SP WIDTH="12" VPOS="974" HPOS="651"/>
							<String ID="string_229" HPOS="663" VPOS="973" WIDTH="85" HEIGHT="23" WC="0.96" CONTENT="miljoner"/><SP WIDTH="12" VPOS="973" HPOS="748"/>
							<String ID="string_230" HPOS="760" VPOS="974" WIDTH="31" HEIGHT="17" WC="0.97" CONTENT="mk"/><SP WIDTH="20" VPOS="974" HPOS="791"/>
							<String ID="string_231" HPOS="811" VPOS="984" WIDTH="1" HEIGHT="4" WC="0.72" CONTENT="|"/>
						</TextLine>
						<TextLine ID="line_34" HPOS="248" VPOS="1002" WIDTH="564" HEIGHT="21">
							<String ID="string_232" HPOS="248" VPOS="1002" WIDTH="76" HEIGHT="18" WC="0.91" CONTENT="hvilken"/><SP WIDTH="19" VPOS="1002" HPOS="324"/>
							<String ID="string_233" HPOS="343" VPOS="1006" WIDTH="73" HEIGHT="17" WC="0.96" CONTENT="summa,"/><SP WIDTH="18" VPOS="1006" HPOS="416"/>
							<String ID="string_234" HPOS="434" VPOS="1002" WIDTH="30" HEIGHT="18" WC="0.96" CONTENT="för"/><SP WIDTH="15" VPOS="1002" HPOS="464"/>
							<String ID="string_235" HPOS="479" VPOS="1004" WIDTH="28" HEIGHT="16" WC="0.96" CONTENT="att"/><SP WIDTH="12" VPOS="1004" HPOS="507"/>
							<String ID="string_236" HPOS="519" VPOS="1004" WIDTH="91" HEIGHT="16" WC="0.93" CONTENT="motsvara"/><SP WIDTH="11" VPOS="1004" HPOS="610"/>
							<String ID="string_237" HPOS="621" VPOS="1002" WIDTH="77" HEIGHT="18" WC="0.92" CONTENT="fondens"/><SP WIDTH="14" VPOS="1002" HPOS="698"/>
							<String ID="string_238" HPOS="712" VPOS="1002" WIDTH="84" HEIGHT="18" WC="0.92" CONTENT="ändamä!"/><SP WIDTH="15" VPOS="1002" HPOS="796"/>
							<String ID="string_239" HPOS="811" VPOS="1008" WIDTH="1" HEIGHT="3" WC="0.95" CONTENT="|"/>
						</TextLine>
					</TextBlock>
				</ComposedBlock>
				<ComposedBlock ID="cblock_12" HPOS="270" VPOS="1143" WIDTH="542" HEIGHT="24">
					<TextBlock ID="block_12" HPOS="270" VPOS="1143" WIDTH="542" HEIGHT="24">
						<TextLine ID="line_35" HPOS="270" VPOS="1143" WIDTH="542" HEIGHT="24">
							<String ID="string_240" HPOS="270" VPOS="1143" WIDTH="68" HEIGHT="19" WC="0.96" CONTENT="Vidare"/><SP WIDTH="12" VPOS="1143" HPOS="338"/>
							<String ID="string_241" HPOS="350" VPOS="1144" WIDTH="55" HEIGHT="18" WC="0.96" CONTENT="borde"/><SP WIDTH="12" VPOS="1144" HPOS="405"/>
							<String ID="string_242" HPOS="417" VPOS="1144" WIDTH="58" HEIGHT="18" WC="0.89" CONTENT="medel"/><SP WIDTH="13" VPOS="1144" HPOS="475"/>
							<String ID="string_243" HPOS="488" VPOS="1144" WIDTH="60" HEIGHT="18" WC="0.96" CONTENT="hållas"/><SP WIDTH="12" VPOS="1144" HPOS="548"/>
							<String ID="string_244" HPOS="560" VPOS="1145" WIDTH="5" HEIGHT="17" WC="0.93" CONTENT="i"/><SP WIDTH="13" VPOS="1145" HPOS="565"/>
							<String ID="string_245" HPOS="578" VPOS="1144" WIDTH="102" HEIGHT="23" WC="0.96" CONTENT="beredskap"/><SP WIDTH="13" VPOS="1144" HPOS="680"/>
							<String ID="string_246" HPOS="693" VPOS="1145" WIDTH="29" HEIGHT="17" WC="0.89" CONTENT="tör"/><SP WIDTH="12" VPOS="1145" HPOS="722"/>
							<String ID="string_247" HPOS="734" VPOS="1144" WIDTH="62" HEIGHT="18" WC="0.87" CONTENT="betäc-"/><SP WIDTH="15" VPOS="1144" HPOS="796"/>
							<String ID="string_248" HPOS="811" VPOS="1143" WIDTH="1" HEIGHT="10" WC="0.80" CONTENT="|"/>
						</TextLine>
					</TextBlock>
				</ComposedBlock>
				<GraphicalElement ID="cblock_13" HPOS="808" VPOS="233" WIDTH="4" HEIGHT="709"></GraphicalElement >
				<ComposedBlock ID="cblock_14" HPOS="809" VPOS="1304" WIDTH="4" HEIGHT="112">
					<TextBlock ID="block_13" HPOS="809" VPOS="1304" WIDTH="4" HEIGHT="112">
						<TextLine ID="line_36" HPOS="810" VPOS="1304" WIDTH="3" HEIGHT="42">
							<String ID="string_249" HPOS="810" VPOS="1304" WIDTH="3" HEIGHT="42" WC="0.87" CONTENT="|"/>
						</TextLine>
						<TextLine ID="line_37" HPOS="810" VPOS="1352" WIDTH="2" HEIGHT="32">
							<String ID="string_250" HPOS="810" VPOS="1352" WIDTH="2" HEIGHT="32" WC="0.88" CONTENT="|"/>
						</TextLine>
						<TextLine ID="line_38" HPOS="809" VPOS="1385" WIDTH="3" HEIGHT="31">
							<String ID="string_251" HPOS="809" VPOS="1385" WIDTH="3" HEIGHT="31" WC="0.84" CONTENT="|"/>
						</TextLine>
					</TextBlock>
				</ComposedBlock>
				<ComposedBlock ID="cblock_15" HPOS="840" VPOS="278" WIDTH="94" HEIGHT="27">
					<TextBlock ID="block_14" HPOS="840" VPOS="278" WIDTH="94" HEIGHT="27">
						<TextLine ID="line_39" HPOS="840" VPOS="278" WIDTH="94" HEIGHT="27">
							<String ID="string_252" HPOS="840" VPOS="278" WIDTH="94" HEIGHT="27" WC="0.27" CONTENT="9,998,080)"/>
						</TextLine>
					</TextBlock>
				</ComposedBlock>
				<ComposedBlock ID="cblock_16" HPOS="870" VPOS="341" WIDTH="66" HEIGHT="33">
					<TextBlock ID="block_15" HPOS="870" VPOS="341" WIDTH="66" HEIGHT="33">
						<TextLine ID="line_40" HPOS="870" VPOS="341" WIDTH="66" HEIGHT="33">
							<String ID="string_253" HPOS="870" VPOS="341" WIDTH="66" HEIGHT="33" WC="0.34" CONTENT="15,000;"/>
						</TextLine>
					</TextBlock>
				</ComposedBlock>
				<ComposedBlock ID="cblock_17" HPOS="860" VPOS="518" WIDTH="108" HEIGHT="21">
					<TextBlock ID="block_16" HPOS="860" VPOS="518" WIDTH="108" HEIGHT="21">
						<TextLine ID="line_41" HPOS="860" VPOS="518" WIDTH="108" HEIGHT="21">
							<String ID="string_254" HPOS="860" VPOS="518" WIDTH="74" HEIGHT="21" WC="0.82" CONTENT="120,750|"/><SP WIDTH="11" VPOS="518" HPOS="934"/>
							<String ID="string_255" HPOS="945" VPOS="527" WIDTH="23" HEIGHT="4" WC="0.81" CONTENT="—"/>
						</TextLine>
					</TextBlock>
				</ComposedBlock>
				<ComposedBlock ID="cblock_18" HPOS="842" VPOS="621" WIDTH="92" HEIGHT="22">
					<TextBlock ID="block_17" HPOS="842" VPOS="621" WIDTH="92" HEIGHT="22">
						<TextLine ID="line_42" HPOS="842" VPOS="621" WIDTH="92" HEIGHT="22">
							<String ID="string_256" HPOS="842" VPOS="621" WIDTH="92" HEIGHT="22" WC="0.0" CONTENT="2,000,000)"/>
						</TextLine>
					</TextBlock>
				</ComposedBlock>
				<ComposedBlock ID="cblock_19" HPOS="832" VPOS="689" WIDTH="102" HEIGHT="63">
					<TextBlock ID="block_18" HPOS="832" VPOS="689" WIDTH="102" HEIGHT="63">
						<TextLine ID="line_43" HPOS="841" VPOS="689" WIDTH="93" HEIGHT="21">
							<String ID="string_257" HPOS="841" VPOS="689" WIDTH="93" HEIGHT="21" WC="0.60" CONTENT="4,000,000]"/>
						</TextLine>
						<TextLine ID="line_44" HPOS="832" VPOS="730" WIDTH="102" HEIGHT="22">
							<String ID="string_258" HPOS="832" VPOS="730" WIDTH="102" HEIGHT="22" WC="0.48" CONTENT="16,133,780]"/>
						</TextLine>
					</TextBlock>
				</ComposedBlock>
				<GraphicalElement ID="cblock_20" HPOS="935" VPOS="232" WIDTH="6" HEIGHT="1172"></GraphicalElement >
				<ComposedBlock ID="cblock_21" HPOS="937" VPOS="1410" WIDTH="3" HEIGHT="12">
					<TextBlock ID="block_19" HPOS="937" VPOS="1410" WIDTH="3" HEIGHT="12">
						<TextLine ID="line_45" HPOS="937" VPOS="1410" WIDTH="3" HEIGHT="12">
							<String ID="string_259" HPOS="937" VPOS="1410" WIDTH="3" HEIGHT="12" WC="0.88" CONTENT="1"/>
						</TextLine>
					</TextBlock>
				</ComposedBlock>
				<ComposedBlock ID="cblock_22" HPOS="223" VPOS="224" WIDTH="754" HEIGHT="35">
					<TextBlock ID="block_20" HPOS="223" VPOS="224" WIDTH="754" HEIGHT="35">
						<TextLine ID="line_46" HPOS="223" VPOS="224" WIDTH="754" HEIGHT="35">
							<String ID="string_260" HPOS="223" VPOS="224" WIDTH="754" HEIGHT="35" WC="0.32" CONTENT="11111"/>
						</TextLine>
					</TextBlock>
				</ComposedBlock>
				<GraphicalElement ID="cblock_23" HPOS="974" VPOS="232" WIDTH="7" HEIGHT="1186"></GraphicalElement >
				<ComposedBlock ID="cblock_24" HPOS="295" VPOS="1444" WIDTH="685" HEIGHT="30">
					<TextBlock ID="block_21" HPOS="295" VPOS="1444" WIDTH="685" HEIGHT="30">
						<TextLine ID="line_47" HPOS="295" VPOS="1444" WIDTH="685" HEIGHT="30">
							<String ID="string_261" HPOS="295" VPOS="1444" WIDTH="141" HEIGHT="28" WC="0.93" CONTENT="Helsingfors,"/><SP WIDTH="16" VPOS="1444" HPOS="436"/>
							<String ID="string_262" HPOS="452" VPOS="1445" WIDTH="13" HEIGHT="21" WC="0.85" CONTENT="ä"/><SP WIDTH="14" VPOS="1445" HPOS="465"/>
							<String ID="string_263" HPOS="479" VPOS="1445" WIDTH="229" HEIGHT="28" WC="0.92" CONTENT="Finansexpeditionen"/><SP WIDTH="15" VPOS="1445" HPOS="708"/>
							<String ID="string_264" HPOS="723" VPOS="1445" WIDTH="8" HEIGHT="22" WC="0.93" CONTENT="i"/><SP WIDTH="19" VPOS="1445" HPOS="731"/>
							<String ID="string_265" HPOS="750" VPOS="1445" WIDTH="118" HEIGHT="29" WC="0.96" CONTENT="Kejserliga"/><SP WIDTH="18" VPOS="1445" HPOS="868"/>
							<String ID="string_266" HPOS="886" VPOS="1445" WIDTH="94" HEIGHT="23" WC="0.96" CONTENT="Senaten"/>
						</TextLine>
					</TextBlock>
				</ComposedBlock>
				<ComposedBlock ID="cblock_25" HPOS="224" VPOS="1485" WIDTH="400" HEIGHT="27">
					<TextBlock ID="block_22" HPOS="224" VPOS="1485" WIDTH="400" HEIGHT="27">
						<TextLine ID="line_48" HPOS="224" VPOS="1485" WIDTH="400" HEIGHT="27">
							<String ID="string_267" HPOS="224" VPOS="1485" WIDTH="34" HEIGHT="22" WC="0.96" CONTENT="för"/><SP WIDTH="18" VPOS="1485" HPOS="258"/>
							<String ID="string_268" HPOS="276" VPOS="1485" WIDTH="98" HEIGHT="27" WC="0.96" CONTENT="Finland,"/><SP WIDTH="17" VPOS="1485" HPOS="374"/>
							<String ID="string_269" HPOS="391" VPOS="1485" WIDTH="40" HEIGHT="22" WC="0.96" CONTENT="den"/><SP WIDTH="16" VPOS="1485" HPOS="431"/>
							<String ID="string_270" HPOS="447" VPOS="1486" WIDTH="27" HEIGHT="21" WC="0.96" CONTENT="30"/><SP WIDTH="16" VPOS="1486" HPOS="474"/>
							<String ID="string_271" HPOS="490" VPOS="1485" WIDTH="58" HEIGHT="23" WC="0.96" CONTENT="Mars"/><SP WIDTH="17" VPOS="1485" HPOS="548"/>
							<String ID="string_272" HPOS="565" VPOS="1487" WIDTH="59" HEIGHT="20" WC="0.96" CONTENT="1894."/>
						</TextLine>
					</TextBlock>
				</ComposedBlock>
				<GraphicalElement ID="cblock_26" HPOS="1076" VPOS="0" WIDTH="5" HEIGHT="515"></GraphicalElement >
			</PrintSpace>
		</Page>
	</Layout>
</alto>
