1098 1725
823 112 13 21 5

183 180 47 22 Den
245 180 80 28 ökning
340 180 23 22 af
378 181 59 26 109,4
455 181 99 27 miljoner
568 180 62 22 mark
646 180 53 22 eller
713 181 80 21 inemot
806 182 26 20 10
840 181 27 26 ?/,

115 215 7 21 i
136 214 132 22 totalvärdet
283 215 33 21 för
331 214 85 22 landets
433 214 248 27 jordbruksfastigheter,
696 214 85 21 hvilken
797 214 20 21 vi
833 215 33 20 så-

113 248 66 23 lunda
194 248 85 22 erbållit
289 249 7 20 i
306 247 134 22 förhållande
455 248 33 22 till
504 248 35 22 det
555 248 24 21 af
591 248 97 27 Ignatius
704 248 65 27 enligt
785 254 82 15 samma

112 282 74 27 kalkyl
209 282 98 22 erhållna
328 282 193 27 fastighetsvärdet,
545 282 73 27 måste,
635 282 28 21 då
677 282 188 26 mantalssumman

113 317 33 21 för
170 316 89 22 kortare
275 316 143 27 tidsperioder
435 316 71 22 håller
521 316 33 27 sig
566 316 149 27 jemförelsevi:
735 316 131 21 oförändrad

113 351 52 22 bero
188 351 27 26 af,
238 353 33 20 att
292 351 20 21 vi
327 351 86 21 erhållit
427 357 26 16 ur
467 350 250 28 Hypoteksföreningens
732 350 134 27 värderings-

112 386 128 21 instrument
261 387 32 20 ett
311 385 66 28 högre
392 385 135 22 medelvärde
543 385 33 21 för
590 385 112 26 mantalet,
718 386 27 20 än
760 385 105 27 Ignatius.

112 419 153 23 Förhållandet
289 419 78 22 mellan
390 420 59 21 detta
470 419 136 22 medelvärde
628 419 40 22 och
684 419 35 22 det
735 418 22 22 af
770 419 95 27 Ignatius

112 454 66 22 funna
193 454 94 28 framgår
301 454 24 21 af
337 455 95 26 följande
446 455 208 26 sammanställning:

521 517 37 18 Det
570 517 21 18 af
601 516 84 23 Ignatius
711 512 12 32 =
731 517 37 18 Det
780 516 20 18 af
811 521 30 13 oss

521 545 85 18 erhållna
618 545 68 18 medel-
705 544 85 19 erhållna
796 544 68 19 medel-

521 573 65 19 värdet
598 574 30 18 för
639 579 50 13 man-
707 574 65 18 värdet
778 574 29 18 för
814 579 50 13 man-

577 603 47 18 talet
760 602 47 18 talet

574 628 58 31 mark.
759 631 58 18 mark.

154 672 96 35 Nylands
265 672 34 22 län
335 689 4 5 .
371 688 4 5 .
478 689 4 5 2
513 688 5 6 .
563 673 77 21 45.782
743 672 77 22 52.583

152 701 48 27 Äbo
216 707 39 22 och
269 689 142 45 Björneborgs
426 688 35 40 län
477 723 6 5 <
513 723 5 5 .
563 708 76 20 52.806
743 707 77 21 56.274

154 741 131 22 Tavastehus
301 742 36 21 län
370 758 5 5 .
406 758 5 5 .
441 758 6 5 .
479 758 4 5 .
513 758 5 5 .
563 742 76 21 49.464
743 742 77 20 59.620

153 776 90 27 Viborgs
259 776 34 21 län
335 793 4 4 .
371 793 4 4 .
407 793 4 4 .
441 793 5 4 .
477 793 5 5 .
514 793 4 4 .
563 777 76 21 76.817
743 776 78 21 93.430

154 811 31 22 S:t
201 811 87 21 Michels
304 811 35 21 län
370 827 5 5 .
406 827 4 5 .
441 827 4 5 .
477 828 4 4 .
513 827 4 5 .
562 813 76 20 69.619
743 811 76 21 72.936

154 845 83 28 Kuopio
253 845 50 22 län.
335 862 4 5 .
371 862 4 5 .
405 862 5 5 .
441 862 4 5 .
477 863 4 4 .
513 862 4 5 .
563 847 75 20 77.924
742 845 77 21 64.810

152 881 58 21 Vasa
225 880 35 21 län
297 897 4 4 .
334 897 4 4 .
369 897 4 4 .
405 897 4 4 .
440 897 4 4 .
475 897 5 5 .
511 896 5 5 .
560 881 78 21 59.030
743 881 76 20 76.413

151 915 120 27 Uleåborgs
286 915 52 21 län.
369 931 5 6 .
405 931 4 5 .
441 932 4 5 .
476 931 6 5 .
513 931 4 5 .
562 916 76 20 47.538
742 915 75 20 38.051

560 956 76 21 54.927
741 955 77 21 60.910

177 1017 158 27 Förhållandet,
359 1020 32 19 att
413 1020 79 20 största
514 1018 92 22 flertalet
625 1018 23 21 af
662 1018 26 21 de
705 1016 157 28 värderingsin-

109 1054 112 24 strument,
238 1053 19 21 vi
273 1053 99 26 användt,
388 1053 125 22 tillkommit
527 1053 55 21 efter
598 1053 62 26 1880,
676 1054 55 19 samt
741 1054 32 19 att
785 1052 19 20 vi
815 1051 46 21 icke

109 1087 77 22 anlitat
201 1087 66 26 något
281 1087 48 21 från
343 1087 59 21 tiden
417 1088 46 20 före
480 1088 131 26 1870,synes
626 1093 34 14 oss
676 1086 119 21 emellertid
810 1091 51 21 gan-

109 1121 38 22 ska
162 1122 34 21 väl
211 1121 94 22 förklara
321 1127 25 16 en
361 1121 94 28 stigning
470 1121 7 21 i
493 1121 113 22 mantalets
622 1120 142 22 medelvärde.

176 1156 135 22 Beträffande
334 1156 198 28 öfverhufvudtaget
554 1156 49 22 hela
625 1156 136 26 möjligheten
785 1156 32 20 att
832 1154 30 27 på

109 1190 71 22 denna
195 1192 40 25 väg
250 1191 82 21 erhålla
346 1193 32 19 ett
393 1190 128 28 ungefärligt
536 1190 181 28 fastighetsvärde
731 1189 34 22 för
775 1189 86 22 landets

105 1224 240 28 jordbrukslägenheter
366 1231 50 15 anse
431 1225 20 21 vi
467 1231 35 15 oss
517 1224 119 22 emellertid
651 1224 47 22 icke
713 1224 53 21 böra
780 1223 81 21 under-

108 1259 44 21 låta
168 1261 32 19 att
215 1259 38 21 här
269 1259 120 27 framhålla,
405 1260 55 20 hvad
476 1259 96 27 Ignatius
588 1261 68 25 yttrar
667 1258 134 22 beträffande
812 1264 49 15 san-

108 1294 124 21 nolikheten
254 1294 23 21 af
291 1294 36 22 det
344 1294 95 26 resultat,
455 1294 43 21 han
513 1294 86 22 erhållit
614 1293 66 28 enligt
696 1293 68 21 denna
779 1292 81 27 kalkyl,

108 1331 52 19 enär
175 1329 59 21 detta
249 1329 101 26 yttrande
364 1328 29 27 på
408 1331 43 20 sätt
467 1329 39 22 och
522 1329 31 21 vis
570 1329 61 21 äfven
646 1328 68 27 gäller
729 1329 48 20 vårt
793 1327 66 20 resul-

108 1363 39 20 tat.
176 1362 115 21 Yttrandet
306 1363 99 26 lyder:*)

176 1424 17 23 +)
205 1424 43 18 Anf.
260 1423 119 20 betänkande
391 1424 34 19 sid.
438 1425 28 18 87.
