1120 1773
458 161 44 24 N:o
523 162 38 22 12.
844 160 13 20 5

137 227 90 22 medelst
250 227 78 28 oriktig
350 227 83 28 uppgift
456 229 51 20 eller
521 229 30 26 på
565 230 64 19 annat
644 230 43 19 sätt
701 228 140 25 undandraga
855 227 33 27 sig

135 261 67 22 sådan
224 261 142 28 beskattning,
383 261 57 22 skall
456 263 85 26 erlägga
557 262 76 21 dubbel
648 262 118 21 hundskatt
782 261 38 21 och
836 261 52 22 böta

135 294 48 22 från
199 295 31 21 tio
246 295 33 21 till
294 295 60 27 tjugu
369 295 67 26 mark,
453 296 71 21 hvilka
540 295 60 22 böter
615 295 86 22 tillfalla
716 296 87 21 kronan.

486 358 12 27 8
516 359 19 20 7.

206 397 42 21 Vid
268 397 110 22 bristande
394 397 87 28 tillgäng
497 400 33 19 att
545 398 33 21 till
592 397 52 22 fullo
660 397 63 27 gälda
739 397 65 27 enligt
819 397 69 21 denna

135 431 127 28 förordning
285 432 92 21 ädömda
397 431 67 27 böter,
479 432 56 21 skall
551 432 39 21 den
605 431 103 27 sakfälde,
724 431 6 21 i
746 431 79 26 stället,
841 431 47 21 häl-

135 466 31 21 las
189 466 7 21 i
220 465 95 28 fängelse
338 465 34 22 för
394 465 48 22 hela
460 466 169 27 bötesbeloppet,
644 466 88 21 hvarvid
747 465 49 27 fyra
811 465 77 27 dagars

134 500 98 27 fängelse
249 506 73 16 svarar
338 502 44 20 mot
397 501 62 21 böter
474 501 33 20 till
523 501 39 21 och
577 501 48 21 med
641 500 60 27 tjugu
716 500 69 21 mark.

487 563 48 28 88.

206 603 70 27 Hund,
300 609 45 15 som
369 603 7 21 i
396 603 48 22 stad
460 603 52 21 eller
526 603 79 27 köping
620 602 54 22 efter
690 603 107 26 utgängen
814 602 24 21 af
851 601 37 22 Ja-

134 637 62 22 nuari
221 637 39 22 och
281 638 27 26 pä
323 637 73 22 landet
411 637 53 22 efter
479 637 108 28 utgången
602 637 23 21 af
639 637 102 22 Februari
757 637 77 22 månad
849 637 38 27 pä-

134 671 82 27 träffas,
239 673 52 20 utan
314 673 32 20 att
366 679 52 14 vara
433 671 86 22 försedd
535 672 47 21 med
598 671 33 22 för
646 672 46 21 äret
706 672 72 27 giltigt
792 671 96 22 beskatt-

134 706 146 27 ningstecken,
304 707 34 20 mä
361 707 23 21 af
404 707 81 27 polisen
505 707 176 27 omhändertagas
697 706 45 27 och,
759 712 33 16 om
808 712 79 21 egaren

135 740 47 22 icke
206 740 131 22 äterfordrar
360 741 129 28 densamma,
513 741 6 21 i
543 741 48 21 stad
613 742 51 21 eller
686 741 79 27 köping
780 741 56 21 inom
851 741 37 21 tvä

135 776 56 20 samt
206 775 27 27 pä
249 775 72 22 landet
337 776 56 21 inom
410 776 47 26 fyra
473 776 54 27 dygn
544 775 98 27 derefter,
658 774 166 27 undanskaffas;
839 780 48 16 men

135 815 72 21 egare,
230 815 46 15 som
302 810 169 21 äterbekommer
486 810 32 21 sin
533 809 64 26 hund,
613 816 50 14 vare
678 808 63 22 alltid
757 809 84 27 skyldig
856 810 33 20 att

134 843 83 27 utgifva
233 844 69 26 skälig
318 844 118 27 ersättning
450 844 33 21 för
500 844 47 22 dess
562 843 174 22 underhällande.

487 907 11 27 $
515 908 19 20 9.

207 947 76 21 Denna
306 947 125 27 förordning
454 947 56 22 skall
533 953 40 20 ega
595 946 99 28 gällande
712 945 59 23 kraft
786 945 47 22 från
849 946 39 21 och

135 981 47 22 med
207 982 25 20 år
258 982 53 21 1895
335 981 39 22 och
388 987 76 21 genom
481 982 122 21 densamma
618 980 119 28 upphäfvas
752 980 79 27 nådiga
845 980 44 21 för-

135 1015 116 28 ordningen
275 1016 40 21 den
338 1017 27 20 20
387 1015 43 28 Maj
455 1017 61 26 1878,
535 1016 108 27 angående
659 1015 119 27 utgörande
793 1014 24 21 af
830 1015 58 20 skatt

135 1049 33 23 för
183 1049 90 28 hundar,
290 1052 56 19 samt
361 1049 77 29 nådiga
450 1050 143 27 kungörelsen
605 1050 40 21 den
656 1050 28 21 20
694 1049 119 22 November
826 1049 61 25 1882,

135 1084 109 28 angående
260 1085 162 27 tillämpningen
438 1084 23 22 af
479 1085 132 21 sistnämnda
626 1083 80 28 nådiga
720 1083 132 27 förordning.

408 1181 11 22 I
433 1181 72 22 Nåder
519 1181 101 28 godkänd
634 1180 8 22 i
656 1179 33 23 S:t
702 1180 131 28 Petersburg
847 1180 41 22 den

340 1218 13 20 4
368 1217 104 22 Februari
488 1217 61 22 1894.

312 1348 291 23 Ministerstatssekreterare
619 1348 26 22 W.
662 1354 37 16 von
715 1348 102 22 DAE:HN.
