1123 1792
354 163 28 23 U.
398 164 28 22 B.
443 177 24 3 —
484 164 74 30 Prop.
573 165 43 23 N:o
631 165 36 23 18.
829 166 27 21 23

409 237 33 17 att
456 234 124 21 Ständerna
595 235 50 20 ville
653 235 45 27 för
711 235 176 27 budgetperioden

339 268 145 28 1895—1897
506 270 66 20 ställa
594 269 36 21 till
651 269 143 27 Regeringens
812 270 72 26 förfo

336 302 73 27 gande
429 308 92 21 150,000
541 303 63 21 mark
613 304 44 26 för
669 306 34 17 att
716 304 55 26 efter
780 304 110 26 pröfning

341 336 9 20 i
362 336 78 28 hvarje
460 337 105 21 särskildt
580 338 51 26 fall
643 337 114 21 användas
771 338 72 20 såsom
857 337 27 21 bi-

340 371 61 27 drag
417 372 36 20 till
473 372 134 27 uppförande
629 372 30 27 af
671 372 146 27 folkskolehus
832 372 53 26 isyn-

340 406 72 20 nerhet
426 406 9 20 i
449 406 83 21 landets
547 407 108 27 ostligaste
670 406 67 22 delar.

608 502 79 24 Frith.
703 503 114 23 Neovius.

495 734 35 21 III.

204 820 34 21 Af
250 820 132 28 handlingar,
398 827 48 14 som
460 822 54 19 varit
529 820 132 28 tillgängliga
669 820 33 21 för
712 820 120 26 Utskottet,
845 821 44 21 kan

135 854 126 28 visserligen
276 855 78 27 dragas
375 855 42 20 den
432 854 92 26 slutsats,
544 858 31 18 att
590 854 298 28 Ecklesiastikexpeditionen

136 889 36 21 vid
192 889 128 27 pröfningen
340 889 24 21 af
378 889 198 21 landskommuners
592 889 144 27 ansökningar
751 896 36 14 om
801 890 87 21 statsbi-

136 924 55 27 drag
206 923 32 22 för
253 925 46 20 sina
314 923 118 22 folkskolor
446 923 100 28 möjligen
556 924 71 27 nägon
638 925 57 26 gäng
703 923 105 22 utsträckt
817 924 70 21 denna

136 958 100 28 pröfning
251 958 73 27 längre
340 958 27 21 än
382 958 57 21 hvad
455 958 258 27 folkskoleförordningen
728 959 24 20 af
761 958 54 21 1866
823 965 66 20 synes

136 993 115 26 medgifva.
280 993 29 20 Vi
332 999 51 14 anse
405 999 36 14 oss
460 993 117 20 emellertid
592 993 19 26 ej
626 992 71 21 kunna
711 993 74 20 förena
801 1000 36 13 oss
853 999 36 14 om

136 1027 38 21 det
196 1027 116 26 uttalande,
335 1034 48 13 som
398 1027 114 21 Utskottet
532 1029 6 19 i
553 1028 37 20 sitt
605 1027 136 21 betänkande
757 1028 12 20 &
785 1028 60 20 sidan
864 1033 26 20 14.

136 1061 94 22 föreslår.
260 1062 44 21 Det
326 1061 39 22 bör
385 1061 107 27 nemligen
513 1061 154 28 ihägkommas,
683 1065 32 18 att
731 1062 42 21 den
787 1062 104 21 kommun

136 1096 51 21 eller
202 1096 96 22 enskilde
313 1103 85 21 person,
416 1103 46 14 som
478 1103 61 14 anser
554 1098 32 19 sin
596 1097 43 20 rätt
649 1097 29 26 pä
685 1097 60 20 detta
753 1097 44 21 sätt
804 1096 84 26 kränkt,

135 1131 49 25 kan,
200 1132 72 20 säsom
288 1131 67 21 ocksä
369 1131 110 27 verkligen
494 1131 141 25 förekommit,
649 1131 72 21 anföra
731 1131 108 28 klagomäl
848 1131 40 21 hos

136 1165 149 28 prokuratorn,
308 1165 85 22 hvilken
416 1166 140 25 embetsman,
572 1173 35 14 om
623 1166 42 21 han
680 1173 62 14 anser
757 1165 46 22 skäl
818 1166 70 21 dertill

137 1201 139 25 förekomma,
298 1200 124 27 hänskjuter
443 1201 87 21 ärendet
551 1200 31 22 till
603 1200 106 21 Senatens
729 1200 159 21 Ekonomiede-

136 1239 133 24 partements
285 1235 105 28 pröfning.
413 1235 109 26 Derjemte
537 1242 52 14 anse
603 1237 21 19 vi
640 1235 36 22 det
691 1235 48 21 icke
749 1235 99 27 önskligt,
858 1239 32 17 att

137 1276 27 14 en
185 1269 191 28 kompetensfräga
394 1270 112 27 angäende
527 1270 148 27 Regeringens
698 1269 42 20 och
758 1269 132 21 Ständernas

136 1304 44 21 rätt
201 1305 6 20 i
229 1305 123 20 nuvarande
367 1304 64 21 stund
446 1307 50 18 utan
511 1304 117 27 tvingande
642 1304 47 21 skäl
703 1303 128 25 framkallas,
847 1304 42 25 och

136 1339 81 20 sädana
239 1339 118 26 tvingande
372 1338 46 21 skäl
432 1338 114 21 förefinnas
560 1345 28 14 nu
603 1338 54 21 icke.
687 1337 104 28 Slutligen
805 1337 84 28 nödgas

136 1373 22 20 vi
172 1372 104 21 motsätta
292 1380 36 13 oss
344 1373 61 20 detta
420 1373 110 20 uttalande
545 1373 64 20 äfven
625 1373 78 24 derför,
719 1376 32 17 att
763 1373 125 24 detsamma,

136 1407 74 20 säsom
225 1407 24 20 af
261 1407 42 20 den
317 1408 58 19 inom
390 1407 114 20 Utskottet
512 1407 151 26 försiggängna
672 1406 147 21 diskussionen
827 1406 63 21 fram-

136 1439 56 27 gick,
208 1440 111 26 grundade
334 1441 34 26 sig
382 1440 29 27 pä
426 1447 27 13 en
468 1440 157 26 förutsättning,
642 1443 32 17 att
684 1439 106 27 nemligen
799 1441 92 18 motivet

137 1473 33 22 för
191 1473 297 28 Eklesiastikexpeditionens
509 1473 158 27 handlingssätt
687 1473 67 20 skulle
773 1474 54 19 varit
842 1479 49 21 par-

208 1514 130 17 Statsutshottets
351 1514 103 16 betänkande
465 1514 35 16 N:o
512 1513 16 17 6.
