1081 1786
695 281 103 21 Transport

274 315 43 22 lopp
329 314 20 18 af
361 315 11 17 2
383 315 85 22 miljoner
479 315 30 17 mk
521 317 29 16 att
562 315 57 18 under
631 315 86 22 perioden
730 315 68 18 1895—

275 350 43 17 1897
331 349 70 22 årligen
413 349 101 18 öfverföras
526 350 29 17 till
568 349 182 23 bevillningsmedlen
771 363 4 4 .
794 363 3 3 .

250 383 38 18 För
299 384 124 22 restaurering
435 383 21 18 af
466 379 40 22 Åbo
515 384 45 17 slott
568 383 92 18 erfordras
668 383 58 23 enligt
734 383 65 18 beräk-

274 423 44 17 ADS
339 432 3 3 -
361 431 3 3 <
384 431 413 4 KERS.
523 415 76 29 lig
614 431 140 4 SKEDE
770 415 32 29 KR

296 464 25 17 Af
339 465 22 16 de
373 464 105 18 beräknade
490 465 121 22 tillgångarne
623 465 33 18 bör
668 465 61 18 vidare
740 470 58 13 reser-

319 504 59 13 veras:

249 533 37 19 Det
305 533 94 18 oanvända
413 534 86 23 beloppet
515 534 20 18 af
548 534 87 23 beviljadt
647 535 65 21 anslag
724 535 74 22 120,000

272 568 32 18 mk
321 569 30 17 för
369 568 106 22 utgifvande
493 569 21 17 af
531 568 30 18 län
579 568 20 18 åt
615 568 84 18 enskilda
710 574 87 16 personer

273 602 46 19 eller
330 603 55 21 bolag
397 602 29 17 för
441 602 114 23 uppförande
567 603 21 17 af
598 603 85 21 bonings-
695 603 34 17 och
741 603 56 17 uthus

274 637 45 18 eller
331 637 82 22 magasin
425 637 6 17 i
443 637 77 18 Nurmes
533 637 68 22 köping
610 651 4 4 .
636 650 1 3 .
656 650 4 5 .
679 650 2 3 .
702 650 25 3 «+
747 633 26 31 «=»
793 651 3 4 a

250 682 93 18 äfvensom
355 682 23 18 de
389 682 148 23 anslagsbelopp,
549 682 75 18 hvarom
631 682 103 23 Kejserliga
743 682 54 18 Sena-

271 718 32 17 ten
316 717 138 18 nedannämnda
467 716 57 23 dagar
536 717 6 18 i
551 717 144 22 underdånighet
703 717 93 22 hemstält,

272 751 101 22 nemligen:

290 799 44 17 1893
352 798 39 18 Juli
404 799 26 17 13.
454 798 98 21 Angående
570 797 100 18 understöd
687 797 29 18 för
731 797 65 23 uppfö-

454 832 56 19 rande
528 833 20 17 af
559 832 120 23 erforderliga
691 833 106 22 byggnader

454 867 30 18 för
501 873 22 12 en
541 868 57 22 högre
609 867 94 18 folkskola
714 867 6 17 i
732 867 63 23 Lappo

455 902 33 17 och
506 901 116 19 Asterholma
638 901 54 23 byars
705 902 5 17 i
722 901 73 18 Brändö

455 936 66 18 socken
537 937 46 17 samt
597 936 70 22 Björkö
679 936 32 22 bys
723 936 6 17 i
741 936 55 18 Kum-

454 970 49 23 linge
521 971 66 17 socken
605 976 132 16 gemensamma
749 970 47 18 folk-

454 1005 129 18 skoledistrikt
609 1018 4 4 .
632 1018 3 3 .
655 1018 3 4 .
677 1019 4 3 .
701 1018 71 5 ...
765 1001 11 31 «
792 1019 4 5 .

307 1053 8 8 »
351 1039 44 17 Nov.
407 1040 16 17 6.
454 1039 98 22 Angående
564 1039 65 22 anslag
636 1039 30 17 för
674 1039 21 18 är
703 1040 44 17 1894
755 1040 41 17 med

454 1074 62 21 15,000
534 1073 31 18 mk
583 1073 30 18 för
630 1073 95 18 aflönande
737 1074 21 17 af
769 1078 26 13 er-

453 1108 98 22 forderligt
564 1108 51 18 antal
627 1107 59 19 finska
698 1109 98 17 translato-

453 1148 30 12 rer
497 1143 5 17 i
515 1142 56 18 Wasa
589 1142 76 18 Hofrätt
683 1143 33 18 och
734 1143 62 18 tillök-

453 1177 43 21 ning
508 1177 40 17 med
560 1177 51 21 2,880
623 1177 52 17 mark
686 1177 30 17 för
728 1183 68 12 samma

452 1211 29 17 tid
496 1212 5 16 i
514 1211 108 18 Hofrättens
640 1212 155 22 expensemedels-

453 1246 73 22 anslag;
538 1246 79 22 tillbopa
632 1259 3 3 .
653 1259 4 4 .
677 1259 3 3 .
699 1259 4 4 .
721 1259 4 4 .
744 1259 27 5 da

306 1292 8 8 »
351 1278 42 18 Dec.
406 1280 27 16 20.
453 1279 100 22 Angående
565 1280 65 22 anslag
641 1279 30 18 för
679 1280 116 22 upprätthål-

453 1312 54 18 lande
520 1312 57 18 under
589 1313 21 17 år
623 1313 44 17 1894
675 1314 20 16 af
703 1314 91 18 särskilda

453 1345 112 21 slöjdskolor
577 1346 32 17 och
629 1346 58 18 andra
704 1347 91 17 anstalter

452 1379 30 17 för
493 1379 90 23 hemslöjd
607 1393 4 4 .
630 1392 4 5 .
653 1393 141 5 L.

289 1414 44 17 1894
350 1414 41 18 Jan.
403 1415 28 17 20.
453 1414 99 22 Angående
564 1414 81 18 tillskott
657 1415 5 17 i
674 1415 120 18 härförinnan

452 1448 74 24 nådigst
542 1449 91 23 beviljade
648 1450 65 22 anslag
724 1450 30 17 för
767 1452 27 16 ut-

693 1491 100 22 Transport

844 281 92 21 3,456,167

844 349 92 22 6,000,000]

863 418 72 21 154,783]

872 637 64 21 72,100

884 1007 51 21 2,500;

872 1247 62 21 17,880]

870 1382 62 21 42,800!

840 1492 92 23 9,746,230]
