1120 1784
261 162 26 20 12
453 161 28 22 U.
496 162 28 20 B.
542 174 24 2 —
583 160 74 28 Prop.
672 160 45 22 N:o
733 161 33 21 17.

299 229 65 21 Hvad
384 230 12 25 8
414 234 39 15 102
469 229 107 25 beträffar,
592 229 87 20 innebär
695 229 50 20 dess
760 228 123 21 nuvarande
898 228 84 28 ordaly-

231 263 65 26 delse,
305 267 31 18 att
344 263 13 28 8&
368 269 37 15 101
416 263 40 22 bör
463 263 86 21 komma
556 263 32 21 till
596 263 137 26 användning
740 263 56 21 blott
804 269 35 14 om
848 263 41 20 den
897 263 85 20 felande

231 297 48 22 icke
293 298 47 21 låtit
355 299 34 26 sig
404 304 78 21 genom
498 297 157 27 förmaningens
671 297 39 20 ord
726 297 66 26 rätta;
812 304 49 14 men
877 297 28 21 då
920 297 63 20 äfven

230 331 13 30 &
261 338 35 15 101
315 332 115 21 innehåller
444 332 160 27 bestämningar
619 338 35 14 om
669 333 118 26 varningar,
803 331 42 21 och
861 331 42 21 den
918 338 65 20 egen-

231 367 93 26 domliga
346 367 140 26 affattningen
507 366 25 20 af
549 366 13 27 $
580 371 38 16 102
634 366 84 20 således
734 366 63 20 beror
812 366 28 27 på
855 369 32 18 ett
902 372 81 21 uppen-

230 401 48 21 bart
299 401 141 25 förbiseende,
463 407 48 14 som
532 404 37 23 egt
590 407 45 14 rum
657 400 38 21 vid
709 400 185 27 omredigeringen
909 400 25 21 af
945 400 38 21 det

229 435 149 28 ursprungliga
393 434 103 27 förslaget
511 434 31 21 till
557 435 53 26 $:en,
626 435 37 20 har
679 434 42 21 den
736 434 122 27 obehöfliga
868 435 43 20 och
920 434 63 21 vilse-

229 470 92 21 ledande
336 473 73 17 satsen
424 469 24 21 af
459 469 139 26 kyrkomötet
613 469 113 20 uteslutits.

297 503 98 22 Emedan
409 503 27 22 K.
452 503 25 21 L.
493 503 47 21 icke
555 502 115 22 innehåller
685 503 66 26 några
767 503 165 26 bestämningar,
941 503 41 21 rik-

229 538 54 21 tade
299 541 45 18 mot
359 538 81 21 sådana
455 537 130 28 handlingar,
602 544 47 14 som
664 537 100 21 innebära
780 537 121 28 uppenbart
911 537 71 22 förakt

229 573 33 20 för
284 573 94 27 kyrkans
400 572 79 27 lagliga
502 573 96 26 ordning,
618 572 37 20 har
670 571 138 27 kyrkomötet
823 573 7 19 i
845 571 12 29 &
873 577 39 21 103
927 579 55 20 upp-

229 609 55 26 tagit
307 607 135 27 bestämning
463 613 36 14 om
521 607 134 27 tillämpning
678 606 23 21 af
721 607 148 26 stadgandena
891 607 7 20 i
914 606 11 28 &
943 612 35 15 101

227 642 80 26 jemväl
328 642 29 26 på
379 641 80 21 sådana
482 641 131 27 handlingar.
628 653 28 3 -—
671 641 42 20 För
729 640 65 27 öfrigt
808 641 38 20 har
861 648 24 13 ur
900 641 46 26 $&en
960 641 26 20 af

229 682 82 14 samma
326 675 120 27 anledning,
462 682 46 14 som
528 683 23 13 ur
567 675 12 27 &
597 680 44 20 102,
658 682 26 13 en
699 674 145 22 vilseledande
859 674 123 22 mellansats

229 710 112 20 uteslutits.

298 744 73 27 Enligt
386 744 11 27 $
415 749 40 20 104
469 744 59 24 skall,
547 746 3 18 i
566 744 102 20 händelse
684 744 235 26 församlingsmedlem,
935 750 47 14 som

229 778 68 26 hyllar
319 778 125 20 villfarande
467 780 91 25 mening,
582 777 63 21 söker
664 781 32 18 att
711 778 66 20 andra
792 778 71 21 dertill
877 777 105 22 öfvertala

229 813 42 20 och
286 813 88 20 sålunda
389 812 66 21 vållar
471 820 37 13 oro
524 813 42 20 och
581 812 116 27 förargelse
713 814 6 19 i
735 812 157 28 församlingen,
903 812 79 26 kyrko-

229 847 61 21 rådet
313 847 74 21 derom
410 847 82 26 (såsom
513 847 43 21 ock
577 848 7 20 i
605 846 103 22 händelse
729 848 70 26 någon
815 846 120 22 underlåter
950 850 32 18 att

230 881 62 21 ställa
312 882 33 26 sig
364 881 32 22 till
411 881 142 22 efterrättelse
568 881 119 27 kyrkoråds
703 881 66 28 enligt
784 881 12 28 $
814 887 25 21 33
854 881 128 22 meddelade

229 915 78 22 förbud
328 919 32 18 att
376 916 55 20 hålla
447 916 153 27 läroföredrag)
615 916 84 21 anmäla
714 915 40 22 hos
769 916 149 27 domkapitlet,
934 922 48 14 som

229 950 65 27 enligt
315 951 11 26 $
343 956 41 21 394
399 950 38 21 bör
452 950 56 21 kalla
523 951 43 20 den
580 950 85 27 angifne
680 950 55 21 inför
750 952 38 25 sig,
805 950 89 21 anställa
909 950 73 21 förhör

229 985 50 20 med
301 985 79 20 honom
402 987 55 18 samt
479 985 123 27 allvarligen
625 984 96 21 förmana
741 985 43 20 och
803 991 66 14 varna
889 985 91 24 honom;

230 1018 117 29 »Sfverlåte
362 1019 42 20 ock
418 1019 86 24 sedan,"
514 1031 28 4 —
557 1019 61 21 heter
633 1019 37 21 det
685 1019 74 21 vidare
776 1031 24 3 —
813 1026 48 21 ,om
875 1019 48 21 skäl
934 1019 47 20 der-

227 1052 32 21 till
274 1053 139 26 förekomma,
427 1053 64 21 målet
506 1053 32 21 till
551 1053 164 21 vederbörande
729 1053 101 22 hofrätt.*

297 1087 50 21 Men
362 1087 91 20 emedan
468 1088 130 26 stadgandet
614 1088 113 26 angående
741 1088 42 20 den
797 1089 7 20 i
815 1090 46 23 $:en
872 1087 53 22 först
936 1095 44 14 om-

227 1120 93 22 nämnda
342 1121 117 21 förseelsen
481 1122 66 26 gäller
563 1122 75 20 endast
653 1122 93 20 medlem
760 1122 25 20 af
796 1128 82 14 samma
892 1122 89 20 försam-

226 1155 50 27 ling,
299 1156 38 20 der
360 1155 117 21 förseelsen
498 1156 131 25 framträder,
653 1156 41 20 och
714 1156 91 21 medlem
820 1156 24 21 af
855 1163 70 14 annan
939 1156 42 21 för-

227 1190 90 26 samling
331 1189 45 25 bör,
392 1190 87 20 såframt
495 1190 42 20 han
546 1190 71 20 tillhör
630 1190 42 20 den
683 1190 238 27 evangelisk-lutherska
931 1190 50 27 kyr-

227 1223 43 21 kan
289 1226 7 18 i
319 1224 73 21 landet
409 1224 42 20 och
470 1224 46 21 icke
532 1225 23 20 är
570 1228 60 24 prest
644 1226 7 19 i
666 1225 131 25 densamma,
812 1232 51 14 vara
878 1224 104 22 underka-

227 1258 50 21 stad
299 1264 81 14 samma
402 1258 165 27 bestämningar,
590 1259 38 21 har
643 1260 63 20 ordet
724 1259 256 27 ,församlingsmedlem*

227 1295 77 17 ersatts
326 1292 50 21 med
398 1292 66 21 orden
479 1292 105 26 ,lekman,
600 1300 47 14 som
662 1293 71 21 tillhör
748 1293 83 21 landets
847 1293 133 27 evangelisk-

226 1326 108 20 lutherska
349 1326 88 25 kyrka”.
467 1326 49 20 Och
536 1334 47 12 som
599 1327 37 19 det
651 1326 127 25 förfarande,
794 1327 82 21 hvilket
891 1327 89 20 domka-

225 1358 64 26 pitlet
311 1359 65 27 enligt
396 1359 13 26 $
431 1365 40 20 394
489 1360 37 19 har
542 1363 32 17 att
588 1359 103 27 iakttaga,
708 1360 65 26 enligt
788 1362 31 19 sin
834 1364 61 18 natur
910 1362 70 20 måste

225 1399 63 14 anses
296 1393 72 21 såsom
380 1396 32 18 ett
422 1392 118 22 utöfvande
550 1394 25 20 af
582 1393 125 28 kyrkotukt,
719 1394 63 22 hafva
793 1395 186 27 bestämningarne

225 1427 76 21 härom
316 1427 144 27 öfverflyttats
475 1428 46 21 från
536 1428 12 28 &
566 1434 40 21 394
620 1428 31 21 till
670 1428 5 28 8
688 1434 45 21 104.
758 1430 81 21 Vidare
851 1430 38 21 har
899 1430 79 27 kyrko-

225 1462 75 25 mötet,
323 1463 6 19 i
352 1462 95 28 enlighet
469 1463 49 21 med
541 1463 41 21 den
602 1463 67 21 redan
684 1464 89 21 anförda
789 1465 142 27 grundsatsen
946 1468 32 18 att

293 1503 122 21 Lagutskottets
427 1503 102 16 betänkande
540 1504 35 16 N:o
587 1509 16 16 9.
