1100 1786
266 161 28 20 22
436 159 77 23 Ständ.
529 160 33 23 Sv.
578 173 28 2 —
621 161 64 27 Prop.
700 160 37 21 N:o
752 159 35 22 23.

239 224 84 21 stäldes
340 224 80 22 skälen
436 224 93 22 hvarför
540 224 105 29 skadliga
655 224 140 28 verkningar
805 224 37 21 för
852 225 83 20 nästan
944 224 44 21 alla

238 258 178 29 näringsgrenar
438 259 8 21 i
468 259 79 22 landet
568 266 54 15 vore
637 260 34 21 att
686 258 83 29 befara,
785 258 77 22 derest
876 257 112 23 Finlands

238 293 111 21 tulltariff
360 293 77 21 blefve
452 293 93 29 stegrad
560 293 36 22 till
610 293 120 29 jomnhöjd
745 292 53 22 med
807 293 180 29 Kejsardömets.

238 327 140 29 Sorgfälligt
404 327 168 29 öfvervägande
595 327 99 29 egnades
716 327 110 29 derjemte
848 328 25 21 ät
894 326 94 30 frågans

237 362 108 28 rättsliga
361 361 69 29 sidor,
445 362 43 22 och
502 361 134 23 framhöllos
652 361 28 22 de
695 362 193 28 betänkligheter,
902 369 50 15 som
960 368 29 16 ur

238 396 171 22 administrativ
424 396 43 22 och
482 396 106 22 finansiel
604 396 121 29 synpunkt
739 397 73 21 mäste
828 400 56 24 göra
894 396 37 29 sig
941 396 48 28 gäl-

238 431 69 22 lande
329 433 49 19 mot
392 438 29 14 en
436 430 78 22 fusion
530 430 25 22 af
568 430 38 23 det
620 431 76 21 finska
711 430 157 22 tullväsendet
884 431 52 21 med
950 430 39 22 det

237 466 75 28 ryska.
342 464 68 22 Efter
426 466 34 20 att
474 464 78 23 vidare
562 465 70 23 hafva
642 465 122 22 motiverat
775 465 43 22 den
830 465 158 29 uppfattning,

238 502 34 20 att
294 499 125 29 gagneliga
441 500 43 21 och
506 500 142 22 verksamma
666 499 113 29 åtgärder,
798 500 7 21 i
825 500 61 28 syfte
902 502 35 19 att
951 500 39 21 be-

237 534 79 22 fordra
330 534 94 28 utbytet
438 534 25 21 af
476 534 122 22 inhemska
608 534 70 22 alster
688 534 42 22 och
741 534 179 29 tillverkningar
930 536 60 20 samt

238 568 143 23 obehindrad
396 568 118 29 personlig
529 568 133 23 samfärdsel
678 568 85 22 mellan
773 568 163 29 Kejsardömet
946 569 43 22 och

237 603 107 27 Finland,
361 603 79 21 kunna
455 603 165 28 ävägabringas
636 605 56 20 utan
708 603 183 28 ompgestaltning
901 603 26 22 af
934 603 55 22 Fin-

237 638 66 22 lands
325 637 133 23 nuvarande
480 638 112 22 tulltariff
607 638 55 22 eller
680 637 141 29 frängäende
840 637 26 23 af
878 638 28 22 de
922 646 68 21 grun-

237 673 47 28 der,
300 672 76 30 enligt
390 673 81 22 hvilka
486 672 28 23 de
530 674 138 28 ömsesidiga
683 673 252 23 handelsrelationerna
945 674 44 22 hit-

237 708 49 22 tills
306 708 61 22 varit
386 708 106 28 ordnade,
507 708 91 22 riktade
614 708 128 23 Ständerna
757 708 37 22 till
809 708 72 22 Eders
897 708 93 30 Kejser-

237 743 48 28 liga
306 743 110 28 Majestät
434 744 44 21 den
492 743 158 29 underdäniga
665 743 114 27 anhällan,
796 745 35 20 att
846 743 72 22 Eders
934 744 55 28 Kej-

238 777 85 29 serliga
337 776 115 30 Majestät,
468 777 40 22 vid
523 776 166 24 förordnandet
704 784 37 15 om
756 777 86 29 nödiga
856 778 133 22 lättnader
977 772 14 40 i

238 812 151 22 samfärdseln
412 812 85 22 mellan
519 812 161 29 Kejsardömet
703 812 42 22 och
768 812 106 28 Finland,
894 812 96 26 täcktes,

237 846 52 22 med
304 846 162 22 bibehällande
481 846 25 23 af
519 846 44 22 den
579 854 83 21 genom
673 846 116 30 grundlag
798 846 122 23 faststälda
930 854 60 22 egna

237 880 175 29 förvaltningen
437 880 25 22 af
486 880 234 23 Storfurstendömets
747 881 122 28 tullväsen,
889 881 8 22 i
920 881 70 22 näder

237 915 100 22 förunna
356 915 113 22 Finlands
488 915 50 22 folk
554 917 35 20 att
603 915 144 22 fortfarande
762 923 54 15 vara
831 916 9 22 i
854 915 136 29 ätnjutande

237 950 26 22 af
283 957 28 14 en
330 949 59 22 efter
407 949 51 22 dess
474 950 74 22 behof
560 951 43 22 och
619 950 180 29 skatteförmäga
815 950 107 30 afpassad
936 951 54 22 tull-

237 984 69 22 tariff.

305 1019 36 21 Dä
365 1019 72 28 nägot
458 1018 150 23 meddelande
631 1019 51 22 icke
704 1019 77 29 ingätt
802 1019 38 22 till
861 1019 129 22 Ständerna

237 1053 84 26 derom,
337 1055 35 20 att
387 1052 39 23 det
440 1053 8 21 i
458 1053 70 22 ofvan
539 1053 97 22 berörda
645 1053 99 29 petition
753 1053 143 22 behandlade
906 1053 84 22 ärende

238 1087 75 22 skulle
335 1087 80 22 blifvit
437 1087 111 28 slutligen
570 1087 108 30 afgjordt,
694 1095 69 21 synes
779 1088 44 21 den
839 1088 152 29 uppfattning

240 1121 137 28 berättigad,
394 1123 34 20 att
438 1121 69 22 ofvan
518 1121 96 23 anförda
624 1121 136 22 uttalanden
771 1123 8 20 i
789 1124 72 20 noten
872 1123 118 28 angående

236 1155 113 22 Finlands
373 1156 113 28 ställning
509 1157 36 20 till
568 1156 215 29 handelsfördraget
800 1156 53 22 med
870 1156 120 29 Tyskland

237 1190 51 22 haft
303 1190 36 22 till
355 1190 42 21 sitt
412 1191 116 27 egentliga
544 1191 104 21 ändamål
663 1192 41 25 att,
720 1190 36 22 för
771 1191 45 21 den
831 1190 110 22 händelse
952 1191 38 21 det

237 1225 84 21 väckta
342 1224 112 29 förslaget
476 1225 96 22 rörande
596 1225 104 29 stegring
715 1225 26 22 af
754 1225 113 22 Finlands
882 1226 111 22 tulltariff

236 1259 39 22 till
289 1259 77 22 likhet
380 1259 52 22 med
447 1260 173 28 Kejsardömets
634 1267 78 15 vunne
722 1260 82 28 nådigt
814 1260 176 28 godkännande,

236 1294 129 29 förebygga
381 1294 151 29 möjligheten
548 1294 66 22 deraf
627 1297 34 19 att
676 1294 123 29 förslagets
811 1295 179 27 genomförande

237 1329 76 20 skulle
334 1328 52 21 från
408 1328 131 28 Tysklands
562 1330 50 20 sida
636 1328 117 22 betraktas
774 1330 76 20 såsom
864 1328 127 28 oförenligt

236 1362 53 21 med
303 1361 227 22 handelstraktatens
546 1362 171 22 bestämmelser
732 1362 8 21 i
755 1362 78 28 öfrigt.

305 1396 36 22 Då
355 1396 82 29 frågan
453 1403 37 15 om
505 1396 201 29 åvägabringande
717 1396 26 22 af
751 1396 239 23 öfverensstämmelse

237 1431 85 22 mellan
344 1430 113 23 Finlands
480 1431 43 22 och
544 1431 170 29 Kejsardömets
737 1431 134 23 tulltariffer
893 1432 97 23 sålunda

237 1469 64 19 ännu
316 1469 24 19 är
356 1473 29 15 en
401 1465 104 29 oafgjord
520 1465 71 30 fråga,
608 1465 43 24 och
662 1465 28 23 då
700 1465 28 23 de
739 1467 94 28 åsigter,
849 1475 49 14 som
909 1467 7 22 i
927 1467 64 23 detta
