1123 1786
292 149 25 20 18
484 147 27 22 U.
528 146 26 22 B.
570 159 21 2 —
612 146 72 26 Prop.
700 145 43 22 N:o
762 144 31 22 10.

262 211 29 28 pä
306 209 76 29 grund
397 209 26 21 af
435 209 66 22 deras
525 208 67 21 säkra
614 207 152 22 ekonomiska
787 207 118 27 ställning,
922 205 92 29 möjligt

263 246 34 20 att
312 244 69 22 äfven
397 243 51 22 med
463 243 67 28 ringa
545 243 56 21 eller
616 242 71 28 ingen
704 241 129 22 nettovinst
843 240 124 29 uppehälla
977 240 37 21 sin

262 278 147 22 verksamhet
423 277 74 22 under
513 285 28 14 en
555 276 169 29 jemförelsevis
739 275 81 29 längre
836 275 33 22 tid
885 275 56 22 eller
951 275 63 21 intill

262 312 52 22 dess
331 312 64 22 deras
415 312 48 21 smä
485 311 177 27 konkurrenter,
678 310 7 21 i
701 310 112 22 afsaknad
829 310 25 21 af
867 309 148 28 erforderligt

263 347 93 29 kapital,
373 345 180 29 nödvändigtvis
570 346 73 21 mäste
658 344 61 22 duka
734 345 79 21 under.
839 344 43 22 Att
896 344 28 22 de
940 343 75 23 seder-

262 388 62 16 mera
345 381 66 21 skola
432 382 54 27 taga
507 380 87 22 skadan
617 380 54 28 igen
693 380 30 28 pä
746 380 207 21 konsumenternas
976 378 38 22 be-

263 416 105 28 kostnad,
384 416 75 28 ligger
474 415 8 22 i
498 415 84 21 sakens
604 417 74 19 natur.
708 414 54 22 Men
777 414 78 22 förrän
876 414 63 22 detta
954 414 59 28 sker,

262 451 42 22 har
326 450 177 28 otvifvelaktigt
525 457 28 14 en
576 448 139 30 vidtgäende
738 448 136 22 ekonomisk
897 448 118 29 rubbning

262 486 110 22 inträffat.
395 484 80 23 Redan
491 484 40 22 vid
547 484 44 22 den
606 484 136 28 förhöjning
758 483 25 22 af
795 484 158 28 maltskatten,
965 490 49 15 som

263 528 83 21 genom
369 520 54 22 1882
446 520 36 21 års
505 519 152 28 beskattning
679 518 57 29 egde
759 526 56 20 rum,
839 520 101 26 tvungos
963 518 51 22 icke

262 555 89 22 mindre
367 558 29 18 än
411 556 28 21 25
454 554 159 29 ölbryggerier
635 556 35 19 att
692 554 93 22 inställa
808 554 37 21 sin
867 553 148 23 verksamhet

263 590 42 21 och
327 590 30 21 dä
379 588 231 29 nettobehällningen
626 589 14 21 &
655 588 207 28 öltillverkningen
882 588 37 22 för
934 592 81 17 närva-

261 623 71 23 rande
347 627 25 18 är
387 623 25 22 sä
426 623 74 28 ringa,
516 624 35 20 att
565 623 138 28 välbelägna
725 623 134 29 bryggerier
875 623 89 21 kunnat
979 624 35 19 ut-

263 658 50 22 dela
328 658 9 22 i
352 657 111 23 dividend
485 657 131 29 obetydligt
639 657 92 22 utöfver
745 658 81 28 vanlig
841 658 110 27 ärsränta,
968 658 46 22 kan

262 700 53 14 man
330 692 52 22 med
397 692 84 22 lätthet
495 692 90 22 förutse
599 692 116 29 följderna
726 692 25 22 af
765 699 27 15 en
804 692 137 29 ytterligare
953 694 60 26 steg-

261 728 42 21 rad
317 726 127 23 maltskatt.
475 727 89 21 Genom
579 729 35 19 att
637 728 84 27 antaga
743 726 44 22 den
807 728 36 20 uti
863 727 84 28 nådiga
963 734 50 22 pro-

261 762 132 30 positionen
408 762 132 28 föreslagna
555 761 44 23 och
614 762 25 21 af
652 761 270 29 bevillningsutskottets
939 762 74 28 plura-

261 797 53 21 litet
329 796 121 22 förordade
466 796 249 29 skatteförhöjningen,
732 796 75 22 skulle
824 796 135 27 Ständerna,
976 804 37 14 en-

261 831 44 29 ligt
320 832 51 20 vårt
393 830 156 29 förmenande,
566 831 95 29 bidraga
683 831 37 21 till
742 830 54 22 flere
819 831 146 22 industriella
979 832 35 21 in-

261 866 143 28 rättningars
426 865 152 29 fullständiga
601 866 142 28 undergång,
759 866 43 22 och
821 868 35 20 ett
871 866 82 22 sådant
968 866 45 22 för-

261 900 95 23 farande
378 901 52 27 kan,
452 907 27 15 ur
502 899 242 24 nationalekonomisk
767 901 126 28 synpunkt,
910 901 52 22 icke
977 901 37 22 be-

262 935 95 22 tecknas
379 934 144 23 annorlunda
545 938 30 18 än
591 935 75 22 såsom
681 934 8 21 i
705 934 83 29 högsta
803 935 57 28 grad
876 935 137 29 betänkligt.

329 969 54 22 Men
399 976 36 15 om
458 977 53 14 man
527 969 69 22 äfven
611 976 55 15 vore
682 969 131 29 berättigad
828 972 90 27 antaga,
935 972 34 20 att
985 978 28 14 en

261 1004 136 30 förhöjning
419 1004 25 22 af
464 1004 96 29 ölpriset
583 1005 90 22 komme
696 1006 34 20 att
752 1004 97 29 inträda,
869 1005 78 22 blefve
969 1005 44 22 den

261 1039 144 23 omedelbara
427 1039 89 30 följden
539 1039 25 22 af
578 1047 28 14 en
629 1039 71 22 sådan
724 1039 161 30 prisstegring,
902 1042 34 20 att
952 1040 61 22 hem-

261 1074 93 29 bryggd
375 1074 130 29 maltdryck
527 1076 62 27 finge
612 1082 28 14 en
663 1079 61 18 ännu
744 1077 73 20 större
833 1074 123 30 spridning
971 1075 43 22 och

261 1109 157 29 användning,
441 1113 30 18 än
496 1109 45 22 den
568 1109 70 22 redan
665 1109 116 22 härintills
803 1110 90 22 vunnit.
931 1111 82 22 Denna

261 1144 130 29 maltdryck
413 1143 40 22 har
468 1145 9 21 i
492 1145 45 21 alla
559 1144 60 22 tider
635 1145 60 21 varit
710 1144 42 22 och
768 1145 65 21 torde
856 1145 69 22 äfven
945 1145 68 22 fram-

261 1178 62 22 deles
346 1178 92 22 komma
460 1180 35 20 att
515 1179 112 21 förblifva
649 1179 92 21 tillåten
763 1179 63 21 såväl
849 1179 8 21 i
877 1179 108 22 afseende
1000 1181 13 20 å

261 1212 154 28 tillverkning
429 1219 50 15 som
494 1212 140 29 försäljning
649 1213 43 21 och
707 1212 104 22 häremot
825 1220 55 15 vore
895 1214 8 21 i
919 1214 95 22 allmän-

261 1246 39 22 het
315 1247 61 21 intet
391 1248 34 20 att
439 1247 108 28 invända,
564 1247 77 21 derest
655 1247 52 21 icke
727 1255 28 14 en
777 1248 71 22 täflan
871 1248 97 22 emellan
984 1256 28 14 en

261 1283 70 27 tungt
345 1281 122 22 beskattad
483 1282 42 21 och
541 1289 28 15 en
584 1282 145 28 fullkomligt
740 1282 109 22 skattefri
859 1282 154 30 tillverkning

261 1316 7 20 i
284 1320 62 17 ännu
362 1315 71 29 högre
449 1316 56 28 grad
521 1320 28 17 än
566 1324 32 14 nu
616 1316 115 28 uppstode
745 1317 42 21 och
803 1317 147 27 ifrågasättas
966 1318 46 20 kan

262 1356 36 14 om
313 1349 76 22 denna
404 1349 45 21 fria
464 1350 71 20 täflan
551 1353 24 18 är
590 1350 102 28 förenlig
706 1350 53 22 med
773 1351 98 21 rättvisa
882 1351 43 21 och
936 1351 76 28 billig-

260 1382 45 22 het.
336 1383 88 21 Härtill
446 1383 109 29 kommer,
572 1385 34 20 att
628 1384 99 22 nämnda
742 1384 73 29 dryck
830 1385 46 21 kan
891 1384 120 23 tillverkas

261 1418 25 21 så
301 1419 34 20 att
350 1417 45 22 den
410 1418 8 21 i
433 1417 108 23 afseende
557 1419 13 21 å
585 1417 104 30 förmåga
704 1420 34 21 att
761 1419 82 22 berusa
858 1423 25 18 är
897 1419 56 22 fullt
968 1420 44 22 lik-

260 1452 70 22 ställd
345 1452 52 22 med
413 1453 56 21 eller
483 1453 39 21 till
537 1453 43 21 och
602 1452 53 23 med
670 1453 46 22 kan
732 1454 78 22 ställas
826 1454 97 22 framom
939 1455 44 21 den
999 1455 13 21 å

329 1498 212 23 Bevillningsutskottets
555 1498 116 18 betänkande
685 1499 35 18 N:o
732 1500 17 17 3.
