1123 1781
433 145 82 22 Ständ.
531 146 38 22 Sv.
589 159 21 2 —
627 146 71 28 Prop.
714 147 42 22 N:o
773 147 35 23 12.

521 209 63 27 Efter
601 209 93 22 sälunda
712 210 63 28 gjord
794 211 104 22 unmälan
911 211 86 28 påföres

451 243 82 22 skatten
549 244 71 21 under
634 244 126 22 kommande
772 245 26 22 år
809 245 41 22 den
860 246 136 27 anmälande,

452 277 105 22 intilldess
571 278 45 22 han
631 278 37 22 hos
682 285 82 16 samma
777 280 124 28 myndighet
912 280 85 22 tillkän-

452 312 105 28 nagifver,
578 315 32 20 att
628 313 89 22 hunden
732 313 44 22 icke
790 314 75 22 vidare
879 317 26 19 är
920 315 8 21 i
943 315 55 21 hans

453 353 43 21 ego.

522 380 136 23 Förkommer
688 382 233 29 beskattningstecknet,
949 391 50 14 vare

453 423 78 20 egaren
547 417 119 28 berättigad
682 419 30 20 att
726 417 80 22 erhälla
816 419 49 26 nytt
876 418 72 21 tecken
958 421 41 19 mot

453 451 131 28 erläggande
594 451 26 28 af
628 452 40 21 den
680 452 70 28 afgift,
761 459 43 15 som
817 454 118 21 motsvarar
946 453 54 22 kost-

453 485 73 22 naden
541 485 35 28 för
591 487 121 21 detsamma.

702 556 14 21 3
728 556 26 25 8.

528 607 105 23 Utländsk
648 608 90 22 resande
753 608 37 22 och
805 608 47 28 den,
868 616 42 14 som
926 610 9 20 i
948 609 53 21 Fin-

455 642 53 22 land
523 643 43 21 icke
576 645 26 20 är
612 643 194 28 mantalsskrifven,
820 644 86 27 åligger,
919 644 28 21 dä
956 643 46 22 han

455 677 122 28 uppehåller
598 679 33 27 sig
653 685 27 14 en
705 678 81 22 mänad
809 678 49 21 eller
882 678 120 27 derutöfver

455 712 58 21 inom
531 719 81 15 samma
629 713 100 22 kommun
746 713 40 21 här
802 713 8 21 i
825 713 78 27 landet,
920 714 31 20 att
966 713 36 21 hos

456 747 155 23 vederbörande
626 748 124 28 myndighet
766 747 32 22 till
812 747 135 29 beskattning
962 755 40 14 an-

455 783 57 21 mäla
527 783 42 21 den
576 783 49 22 eller
636 783 25 21 de
670 782 94 27 hundar,
772 783 46 22 han
830 783 100 27 innehar,
940 784 61 26 samt,

456 819 52 20 emot
523 817 103 28 utfaende
641 817 27 28 af
680 815 223 30 beskattningstecken,
920 818 34 21 det
968 817 34 28 för

455 852 128 22 kommunen
597 852 115 28 faststälda
725 851 140 28 skattebelopp
880 852 93 28 erlägga.

704 915 14 21 4
730 911 26 37 $.

528 962 135 33 Öfverftyttas
683 967 61 22 hund
764 967 32 22 till
811 973 77 16 annan
904 967 99 22 kommun

454 1002 35 27 för
505 1009 26 14 en
549 1002 81 21 mänad
645 1001 49 22 eller
712 1002 75 27 längre
802 1002 38 27 tid,
855 1002 53 21 skall
924 1009 77 20 egaren

457 1036 107 23 derstädes
578 1039 52 25 göra
646 1036 40 21 den
702 1036 8 21 i
724 1037 16 20 2
755 1035 37 22 och
806 1036 15 21 3
836 1038 32 24 $$
883 1035 40 22 här
938 1035 65 28 ofvan

455 1071 133 27 föreskrifna
606 1070 105 22 anmälan
729 1072 61 26 samt,
806 1071 36 21 vid
857 1070 101 28 äfventyr
973 1072 32 20 att

457 1105 82 28 nödgas
552 1105 35 27 för
601 1105 89 22 hunden
706 1106 56 26 ånyo
777 1107 77 26 utgöra
868 1105 63 26 skatt,
946 1105 58 21 behö-

456 1140 62 28 rigen
533 1140 74 27 styrka
622 1141 32 20 att
669 1140 123 21 densamma
807 1140 67 21 redan
891 1139 70 28 blifvit
972 1139 32 22 till

457 1175 135 28 beskattning
613 1174 94 22 anmäld.
744 1174 103 27 Befinnes
870 1174 73 22 dervid
964 1174 40 22 den

456 1209 35 27 för
505 1209 129 22 kommunen
648 1209 114 27 faststälda
776 1209 84 22 skatten
876 1215 52 16 vara
942 1208 63 29 högre

457 1245 30 21 än
501 1244 83 22 skatten
600 1245 8 20 i
624 1244 41 21 den
680 1243 106 27 kommun,
800 1244 36 21 der
846 1243 89 22 hunden
946 1243 59 28 förut

458 1279 92 21 anmälts
566 1278 32 22 till
613 1278 143 28 beskattning,
772 1278 54 22 skall
842 1278 33 21 det
890 1278 115 28 öfverskju-

459 1313 64 21 tande
539 1313 91 26 beloppet
645 1312 27 26 af
684 1320 78 19 egaren
777 1314 77 25 genast
868 1312 105 27 erläggas.

704 1374 12 20 5
730 1359 26 46 $.

527 1425 154 23 Hundskatten
701 1425 104 29 wppbäres
822 1426 37 22 och
877 1426 103 28 förvaltas
998 1426 9 22 i

459 1460 158 29 sammanhang
632 1460 46 22 med
693 1460 71 29 öfriga
779 1460 136 23 kommunala
930 1460 76 23 skatte-
