1123 1778
347 157 29 22 U.
391 157 28 22 B.

476 158 74 29 Prop.
566 159 45 22 N:o
626 159 37 22 13.
836 161 12 20 3

128 225 109 28 ningsrätt,
245 226 134 21 oförändradt
386 227 112 27 godkänna
506 227 34 21 det
548 227 121 22 framstälda
677 228 104 27 förslaget,
790 230 51 19 utan
848 230 30 19 att

127 259 51 21 söka
188 260 8 20 i
203 260 117 27 möjligaste
328 260 50 21 män
386 260 115 22 förminska
509 261 26 21 de
543 261 115 21 anomalier
666 268 25 15 en
700 262 128 27 författning,
837 263 41 20 till-

127 294 100 20 kommen
249 294 26 27 pä
290 294 94 27 antydda
406 295 98 27 grunder,
527 295 138 27 ovilkorligen
688 295 78 22 företer
779 296 8 20 i
801 296 77 21 förhäl-

127 327 63 22 lande
219 328 32 21 till
280 328 98 27 gällande
408 330 117 20 rättssatser
553 329 7 20 i
590 329 67 27 öfrigt.
687 329 33 21 En
749 330 130 27 granskning

128 361 21 21 af
163 361 99 28 förslaget
283 362 8 20 i
306 362 48 21 dess
376 362 87 28 detaljer
478 364 22 19 är
522 363 23 21 sä
558 363 87 27 mycket
665 370 58 14 mera
737 364 22 20 af
780 364 99 20 behofvet

127 395 103 28 päkallad,
245 402 46 14 som
306 396 57 21 detta
378 396 82 28 förslag,
476 397 98 21 särskildt
588 397 54 21 hvad
658 397 97 21 beträffar
767 404 27 14 en
809 398 34 20 del
858 398 22 20 af

128 429 44 21 deri
186 429 104 28 ingäende
306 429 221 28 straffbestämningar,
542 431 43 20 stär
599 431 7 20 i
617 431 120 26 päfallande
749 431 130 21 disharmoni

126 463 47 22 icke
189 463 88 22 allenast
292 464 48 21 med
356 463 95 28 gällande
462 465 189 27 strafflagstiftning
662 465 58 21 öfver
729 465 88 25 hufvud,
828 467 50 19 utan

127 498 63 21 äfven
205 499 48 20 med
269 498 35 21 det
319 498 106 21 allmänna
440 499 200 21 rättsmedvetandet
655 499 7 20 i
676 499 78 21 landet.
778 499 101 21 Försöket

128 534 29 19 att
172 532 58 21 finna
252 535 29 18 ett
296 534 130 25 gemensamt
449 533 52 21 mätt
515 533 33 21 för
566 533 130 27 jemförande
711 534 22 20 af
755 534 41 21 den
811 533 69 22 finska

127 567 172 26 kriminallagens
314 566 114 21 straffarter
442 567 39 20 och
492 567 124 21 straffsatser
625 567 49 21 med
685 567 40 22 den
736 568 64 26 ryska
813 568 67 21 strafi-

127 602 79 19 rättens
224 601 43 26 har,
282 601 48 20 med
346 601 98 20 afseende
460 601 12 20 ä
488 601 40 21 den
544 601 186 28 grundväsentliga
748 602 131 21 ätskilnaden

128 634 77 21 mellan
216 635 26 20 de
251 635 49 20 bäda
312 630 100 37 ländernas
433 635 143 28 straffsystem,
586 635 47 21 icke
645 635 81 22 kunnat
736 636 74 21 utfalla
820 636 59 27 lyck-

128 669 43 28 ligt.
202 669 113 21 Grundade
338 669 27 27 pä
380 675 26 15 en
428 669 70 25 sådan,
514 676 45 14 mer
581 669 52 22 eller
647 670 82 21 mindre
749 670 132 27 godtyckligt

128 703 104 28 uppgjord
246 703 87 27 parallel
348 703 78 21 mellan
442 703 26 21 de
483 703 7 21 i
505 703 106 27 Ryssland
626 704 39 20 och
675 703 89 21 Finland
775 704 105 21 förekom-

128 737 77 21 mande
220 737 90 27 straffen,
326 737 96 21 utmärka
436 738 32 26 sig
481 737 25 21 de
514 738 56 20 iden
579 737 76 27 nådiga
663 738 155 28 propositionen
826 739 54 20 före-

128 772 74 28 slagna
214 772 271 27 ansvarsbestämningarna
498 772 6 20 i
518 772 75 27 sjelfva
604 772 72 21 verket
683 772 113 22 mestadels
803 779 76 21 genom

128 814 27 14 en
164 806 112 22 drakonisk
283 807 81 27 skärpa,
372 813 45 15 som
425 806 49 28 föga
482 806 197 22 öfverensstämmer
687 807 47 21 med
744 807 41 21 den
793 814 26 14 ur
825 807 55 21 finsk

128 841 181 27 kriminalrättslig
332 841 108 27 synpunkt
461 841 154 27 jemförelsevis
638 841 161 22 underordnade
821 842 59 26 bety-

130 876 56 21 delse
202 882 28 15 en
244 876 34 20 del
294 876 20 20 af
329 876 26 20 de
374 875 159 27 ifrägavarande
556 875 170 28 förbrytelserna,
741 876 98 21 särskildt
854 876 26 21 de

129 910 64 21 bland
213 910 54 27 dem,
291 917 45 13 som
357 910 61 20 hafva
430 910 125 20 karaktären
565 910 21 20 af
595 910 225 27 politiöfverträdelser,
836 917 44 21 ega.

130 944 68 21 Också
214 946 22 18 är
251 944 34 21 det
299 944 65 27 enligt
374 944 116 21 Utskottets
498 944 62 21 tanke
569 944 118 27 uppenbart
696 946 29 18 att
734 944 35 21 det
777 944 104 28 ändamål,

130 985 44 14 som
189 978 6 20 i
210 978 40 21 den
262 978 76 27 nådiga
346 978 156 27 propositionen
512 978 85 27 åsyftas,
604 978 47 20 icke
659 978 41 20 kan
711 978 7 20 i
729 978 92 28 ringaste
831 978 49 21 män

130 1013 120 27 äfventyras
266 1019 76 21 genom
357 1012 78 20 sådana
450 1012 82 21 mindre
548 1012 145 28 förändringar
707 1012 22 21 af
743 1012 26 22 de
784 1013 98 21 iförfatt-

130 1047 162 27 ningsförslaget
306 1046 104 27 ingäende
426 1046 223 28 straffbestämningar,
664 1053 45 15 som
725 1047 48 21 med
788 1048 94 20 nödvän-

130 1081 72 28 dighet
221 1081 93 28 päkallas
334 1081 22 21 af
370 1081 40 21 den
426 1087 51 20 nyss
492 1081 109 21 anmärkta
616 1081 106 21 olikheten
737 1081 8 20 i
756 1081 126 28 Kejsaredö-

130 1118 54 19 mets
199 1116 39 20 och
254 1115 210 21 Storfurstendömets
480 1115 105 21 allmänna
601 1115 235 28 kriminallagstiftning.

198 1149 34 22 Dä
238 1149 152 28 Lagutskottet,
400 1151 51 19 trots
460 1149 25 21 de
494 1149 62 21 ofvan
565 1149 93 27 antydda
666 1149 121 28 principiela
795 1150 87 21 betänk-

130 1185 123 26 ligheterna,
259 1185 50 20 trott
317 1184 32 27 sig
357 1183 50 21 böra
414 1183 84 21 förorda
506 1183 128 28 antagandet
642 1183 21 21 af
671 1190 26 15 en
705 1184 123 27 förordning
834 1184 8 21 i
848 1184 34 21 det

131 1219 55 26 syfte
202 1218 41 21 den
258 1218 76 27 nädiga
344 1217 156 28 propositionen
510 1218 61 27 afser,
583 1218 38 21 har
632 1218 35 21 det
675 1217 70 22 derför
752 1218 55 21 skett
815 1218 68 21 under

131 1253 155 26 förutsättning,
302 1254 29 19 att
346 1251 116 22 Ständerna
470 1252 58 20 skola
539 1252 79 21 skänka
631 1252 186 27 uppmärksamhet
828 1253 21 20 ät
856 1253 26 20 de

132 1286 179 27 ändringsförslag
326 1285 106 22 Utskottet
448 1285 85 21 beslutit
547 1286 121 27 framställa,
684 1286 38 21 och
732 1286 33 20 fär
774 1286 109 21 Utskottet

131 1321 39 20 här
189 1320 69 21 nedan
274 1322 95 18 närmare
384 1319 102 27 redogöra
501 1319 32 21 för
548 1319 25 22 de
588 1319 52 28 skäl,
655 1319 70 22 hvilka
739 1320 74 21 härvid
829 1320 54 21 varit

132 1355 33 20 för
179 1355 107 20 Utskottet
301 1353 95 22 ledande.

202 1427 14 27 $
231 1428 17 19 1
277 1426 76 21 Denna
376 1426 12 27 $
410 1427 117 19 motsvarar
547 1426 93 20 närmast
662 1426 11 20 7
697 1425 13 27 $
731 1426 8 20 i
759 1426 26 20 12
800 1426 46 27 kap.
863 1426 21 20 af

133 1460 127 29 strafflagen,
282 1460 54 22 dock
350 1460 49 21 med
422 1460 40 20 den
478 1459 82 21 skilnad
580 1460 35 26 att,
629 1458 77 22 medan
721 1459 102 28 sistsagda
839 1460 45 28 lag-

202 1500 130 24 Lagutskottets
344 1499 109 19 betänkande
465 1499 37 17 N:o
514 1500 18 16 4.
