1123 1778
471 143 44 24 N:o
535 144 39 23 21.
858 142 13 21 5

146 211 91 21 stannar
256 210 39 21 hos
313 210 216 27 lokalmyndigheten,
547 211 85 21 hvilken
648 210 37 22 det
700 210 80 28 åligger
793 210 49 21 föra
856 209 44 22 för-

146 245 101 26 teckning
271 244 59 21 öfver
353 245 146 26 anmälningar
521 245 23 21 af
561 244 164 27 ifrågavarande
744 245 48 26 slag
807 244 40 21 och
863 243 36 21 de-

145 285 84 15 samma
251 278 164 22 tillhandahålla
437 279 54 25 dem,
509 279 73 21 hvilka
600 278 24 22 af
641 279 175 26 anmälningarna
831 277 68 22 önska

145 315 51 25 taga
211 312 42 22 del.

213 347 108 21 Aflemnas
335 347 139 21 förenämnda
489 347 98 21 anmälan
602 353 76 21 genom
694 347 85 26 ombud,
794 346 55 21 skall
865 347 34 20 sö-

144 380 97 22 kandens
259 380 135 22 underskrift
412 387 51 16 vara
478 381 33 22 till
527 382 129 27 riktigheten
670 381 103 27 bestyrkt,
789 381 7 21 i
811 380 49 22 stad
876 380 25 22 af

144 416 97 21 notarius
256 415 97 28 publicus
369 415 38 22 och
423 415 28 28 på
465 415 72 22 landet
552 416 23 21 af
588 415 157 27 kronobetjent.

497 491 13 20 3
526 490 18 27 8.

212 529 46 22 Har
273 529 108 22 sökanden
395 529 46 22 icke
456 529 100 28 iakttagit
572 529 26 22 de
613 529 140 28 föreskrifter,
769 535 46 16 som
828 529 70 22 finnas

143 564 34 22 för
191 564 74 27 hvarje
287 564 103 22 särskildt
409 563 38 22 fall
463 564 110 27 stadgade,
588 564 55 21 skall
660 563 137 28 registrering
811 565 86 25 vägras.

211 599 85 27 Vägras
306 598 145 27 registrering,
462 598 55 22 skall
528 597 301 28 registreringsmyndigheten
841 597 57 22 oför-

143 633 104 28 dröjligen
269 633 126 22 öfversända
412 633 33 21 till
461 633 40 22 den
517 633 188 27 lokalmyndighet,
720 639 75 21 genom
812 632 85 22 hvilken

143 667 99 22 anmälan
262 667 118 27 inkommit,
403 668 116 21 resolution
543 669 12 20 &
578 667 151 27 ansökningen,
746 667 152 21 innehållande

140 702 79 26 jemväl
242 702 74 21 skälen
339 701 33 21 för
390 701 311 27 registreringsmyndighetens
723 701 78 27 beslut,
816 701 35 21 för
865 703 33 19 att

142 736 111 22 sökanden
268 736 116 22 tillställas.

210 766 33 26 Är
258 770 109 22 sökanden
383 770 48 22 med
446 770 94 22 beslutet
555 770 110 28 missnöjd,
681 776 38 21 ege
735 770 42 21 han
788 770 46 21 deri
844 770 53 21 söka

142 805 90 27 ändring
247 805 38 21 hos
301 804 104 23 Senatens
418 804 268 28 Ekonomiedepartement
702 804 56 22 inom
774 804 75 22 trettio
860 804 37 21 da-

142 845 40 21 gar
197 839 55 21 efter
267 839 24 21 af
303 839 95 21 beslutet
414 839 93 21 erhällen
524 838 41 22 del.

498 916 13 19 4
527 914 19 28 8.

211 953 310 28 Registreringsmyndigheten
536 954 55 22 skall
607 954 46 23 låta
668 955 96 27 kungöra
779 955 118 22 innehållet

142 986 24 22 af
179 988 105 26 anmälan,
303 994 46 16 som
368 989 7 21 i
395 989 99 26 registret
513 988 90 28 intages,
622 990 7 21 i
649 989 84 22 landets
749 989 92 22 officiela
856 990 41 21 tid-

141 1022 82 27 ningar.
252 1022 75 27 Bilaga
342 1022 34 22 till
391 1023 98 21 anmälan
504 1023 108 28 kungöres
627 1023 54 22 icke.

497 1092 13 20 5
526 1091 18 28 &.

210 1130 32 21 De
252 1130 93 27 afgifter,
360 1136 45 16 som
420 1131 34 21 för
469 1131 166 27 registreringen
650 1131 38 22 och
699 1131 48 22 dess
757 1131 138 28 kungörande

141 1163 61 22 skola
216 1165 104 26 erläggas,
336 1164 119 22 fastställas
469 1165 24 22 af
506 1165 60 22 Hans
580 1165 121 28 Kejserliga
715 1166 108 27 Majestät.

209 1192 20 27 Ä
245 1198 105 22 Senatens
370 1199 265 28 Ekonomiedepartement
650 1200 123 21 ankommer
789 1203 32 18 att
837 1202 58 20 med-

142 1233 50 22 dela
206 1235 99 20 närmare
320 1233 135 22 föreskrifter
469 1239 34 16 om
519 1234 198 27 handelsregistrets
733 1234 94 22 förande.

495 1304 12 20 6
525 1303 18 27 5.

208 1342 119 22 Förmenar
349 1343 78 26 någon,
450 1345 32 20 att
504 1349 26 16 en
549 1343 6 22 i
576 1343 190 28 handelsregistret
785 1343 110 22 verkstäld

139 1376 128 28 inskrifning
289 1377 74 22 länder
384 1377 77 23 honom
484 1378 32 21 till
539 1377 91 28 förfång,
653 1378 69 23 utföre
739 1379 40 23 vid
802 1378 92 22 domstol

139 1411 59 21 talan
215 1416 34 15 om
267 1411 176 26 registreringens
457 1411 157 27 upphäfvande.
