<?xml version="1.0" encoding="UTF-8"?>
<alto xmlns="http://www.loc.gov/standards/alto/ns-v3#" xmlns:xlink="http://www.w3.org/1999/xlink" xmlns:xsi="http://www.w3.org/2001/XMLSchema-instance" xsi:schemaLocation="http://www.loc.gov/standards/alto/ns-v3# http://www.loc.gov/alto/v3/alto-3-0.xsd">
	<Description>
		<MeasurementUnit>pixel</MeasurementUnit>
		<sourceImageInformation>
			<fileName>/tmp/tess_ka_r2vn9_input.PNG</fileName>
		</sourceImageInformation>
		<OCRProcessing ID="OCR_0">
			<ocrProcessingStep>
				<processingSoftware>
					<softwareName>tesseract 5.3.4</softwareName>
				</processingSoftware>
			</ocrProcessingStep>
		</OCRProcessing>
	</Description>
	<Layout>
		<Page WIDTH="1123" HEIGHT="1792" PHYSICAL_IMG_NR="0" ID="page_0">
			<PrintSpace HPOS="0" VPOS="0" WIDTH="1123" HEIGHT="1792">
				<ComposedBlock ID="cblock_0" HPOS="274" VPOS="154" WIDTH="256" HEIGHT="22">
					<TextBlock ID="block_0" HPOS="274" VPOS="154" WIDTH="256" HEIGHT="22">
						<TextLine ID="line_0" HPOS="274" VPOS="154" WIDTH="256" HEIGHT="22">
							<String ID="string_0" HPOS="274" VPOS="156" WIDTH="12" HEIGHT="20" WC="0.96" CONTENT="2"/><SP WIDTH="173" VPOS="156" HPOS="286"/>
							<String ID="string_1" HPOS="459" VPOS="154" WIDTH="29" HEIGHT="22" WC="0.90" CONTENT="U."/><SP WIDTH="15" VPOS="154" HPOS="488"/>
							<String ID="string_2" HPOS="503" VPOS="154" WIDTH="27" HEIGHT="22" WC="0.88" CONTENT="B."/>
						</TextLine>
					</TextBlock>
				</ComposedBlock>
				<GraphicalElement ID="cblock_1" HPOS="546" VPOS="168" WIDTH="28" HEIGHT="2"></GraphicalElement >
				<ComposedBlock ID="cblock_2" HPOS="588" VPOS="153" WIDTH="188" HEIGHT="29">
					<TextBlock ID="block_1" HPOS="588" VPOS="153" WIDTH="188" HEIGHT="29">
						<TextLine ID="line_1" HPOS="588" VPOS="153" WIDTH="188" HEIGHT="29">
							<String ID="string_3" HPOS="588" VPOS="154" WIDTH="75" HEIGHT="28" WC="0.94" CONTENT="Prop."/><SP WIDTH="16" VPOS="154" HPOS="663"/>
							<String ID="string_4" HPOS="679" VPOS="154" WIDTH="46" HEIGHT="22" WC="0.88" CONTENT="N:o"/><SP WIDTH="14" VPOS="154" HPOS="725"/>
							<String ID="string_5" HPOS="739" VPOS="153" WIDTH="37" HEIGHT="23" WC="0.96" CONTENT="16."/>
						</TextLine>
					</TextBlock>
				</ComposedBlock>
				<ComposedBlock ID="cblock_3" HPOS="244" VPOS="222" WIDTH="753" HEIGHT="133">
					<TextBlock ID="block_2" HPOS="244" VPOS="222" WIDTH="753" HEIGHT="133">
						<TextLine ID="line_2" HPOS="244" VPOS="222" WIDTH="753" HEIGHT="28">
							<String ID="string_6" HPOS="244" VPOS="223" WIDTH="76" HEIGHT="21" WC="0.96" CONTENT="uttalat"/><SP WIDTH="22" VPOS="223" HPOS="320"/>
							<String ID="string_7" HPOS="342" VPOS="223" WIDTH="33" HEIGHT="27" WC="0.96" CONTENT="sig"/><SP WIDTH="23" VPOS="223" HPOS="375"/>
							<String ID="string_8" HPOS="398" VPOS="225" WIDTH="56" HEIGHT="19" WC="0.93" CONTENT="emot"/><SP WIDTH="22" VPOS="225" HPOS="454"/>
							<String ID="string_9" HPOS="476" VPOS="222" WIDTH="157" HEIGHT="22" WC="0.93" CONTENT="inskränkande"/><SP WIDTH="23" VPOS="222" HPOS="633"/>
							<String ID="string_10" HPOS="656" VPOS="222" WIDTH="157" HEIGHT="28" WC="0.95" CONTENT="bestämningar"/><SP WIDTH="22" VPOS="222" HPOS="813"/>
							<String ID="string_11" HPOS="835" VPOS="223" WIDTH="7" HEIGHT="20" WC="0.96" CONTENT="i"/><SP WIDTH="22" VPOS="223" HPOS="842"/>
							<String ID="string_12" HPOS="864" VPOS="224" WIDTH="76" HEIGHT="24" WC="0.96" CONTENT="ämnet,"/><SP WIDTH="20" VPOS="224" HPOS="940"/>
							<String ID="string_13" HPOS="960" VPOS="222" WIDTH="37" HEIGHT="21" WC="0.95" CONTENT="har"/>
						</TextLine>
						<TextLine ID="line_3" HPOS="245" VPOS="256" WIDTH="752" HEIGHT="30">
							<String ID="string_14" HPOS="245" VPOS="256" WIDTH="193" HEIGHT="29" WC="0.89" CONTENT="Borgareståndets"/><SP WIDTH="16" VPOS="256" HPOS="438"/>
							<String ID="string_15" HPOS="454" VPOS="257" WIDTH="70" HEIGHT="21" WC="0.96" CONTENT="beslut"/><SP WIDTH="14" VPOS="257" HPOS="524"/>
							<String ID="string_16" HPOS="538" VPOS="257" WIDTH="55" HEIGHT="29" WC="0.96" CONTENT="lagts"/><SP WIDTH="16" VPOS="257" HPOS="593"/>
							<String ID="string_17" HPOS="609" VPOS="257" WIDTH="32" HEIGHT="21" WC="0.96" CONTENT="till"/><SP WIDTH="14" VPOS="257" HPOS="641"/>
							<String ID="string_18" HPOS="655" VPOS="256" WIDTH="69" HEIGHT="29" WC="0.96" CONTENT="grund"/><SP WIDTH="19" VPOS="256" HPOS="724"/>
							<String ID="string_19" HPOS="743" VPOS="257" WIDTH="34" HEIGHT="21" WC="0.93" CONTENT="för"/><SP WIDTH="22" VPOS="257" HPOS="777"/>
							<String ID="string_20" HPOS="799" VPOS="256" WIDTH="198" HEIGHT="29" WC="0.92" CONTENT="sammanjemknin-"/>
						</TextLine>
						<TextLine ID="line_4" HPOS="245" VPOS="291" WIDTH="752" HEIGHT="31">
							<String ID="string_21" HPOS="245" VPOS="300" WIDTH="47" HEIGHT="20" WC="0.96" CONTENT="gen,"/><SP WIDTH="15" VPOS="300" HPOS="292"/>
							<String ID="string_22" HPOS="307" VPOS="292" WIDTH="88" HEIGHT="22" WC="0.96" CONTENT="hvarför"/><SP WIDTH="15" VPOS="292" HPOS="395"/>
							<String ID="string_23" HPOS="410" VPOS="292" WIDTH="41" HEIGHT="21" WC="0.96" CONTENT="och"/><SP WIDTH="13" VPOS="292" HPOS="451"/>
							<String ID="string_24" HPOS="464" VPOS="291" WIDTH="28" HEIGHT="21" WC="0.96" CONTENT="då"/><SP WIDTH="15" VPOS="291" HPOS="492"/>
							<String ID="string_25" HPOS="507" VPOS="292" WIDTH="41" HEIGHT="21" WC="0.96" CONTENT="den"/><SP WIDTH="15" VPOS="292" HPOS="548"/>
							<String ID="string_26" HPOS="563" VPOS="292" WIDTH="23" HEIGHT="21" WC="0.93" CONTENT="af"/><SP WIDTH="11" VPOS="292" HPOS="586"/>
							<String ID="string_27" HPOS="597" VPOS="291" WIDTH="162" HEIGHT="31" WC="0.91" CONTENT="Presteståndet"/><SP WIDTH="12" VPOS="291" HPOS="759"/>
							<String ID="string_28" HPOS="771" VPOS="291" WIDTH="98" HEIGHT="21" WC="0.96" CONTENT="beslutna"/><SP WIDTH="10" VPOS="291" HPOS="869"/>
							<String ID="string_29" HPOS="879" VPOS="291" WIDTH="118" HEIGHT="29" WC="0.96" CONTENT="ändringen"/>
						</TextLine>
						<TextLine ID="line_5" HPOS="244" VPOS="326" WIDTH="682" HEIGHT="29">
							<String ID="string_30" HPOS="244" VPOS="327" WIDTH="47" HEIGHT="21" WC="0.93" CONTENT="icke"/><SP WIDTH="16" VPOS="327" HPOS="291"/>
							<String ID="string_31" HPOS="307" VPOS="327" WIDTH="109" HEIGHT="21" WC="0.92" CONTENT="omfattats"/><SP WIDTH="16" VPOS="327" HPOS="416"/>
							<String ID="string_32" HPOS="432" VPOS="326" WIDTH="22" HEIGHT="22" WC="0.96" CONTENT="af"/><SP WIDTH="15" VPOS="326" HPOS="454"/>
							<String ID="string_33" HPOS="469" VPOS="326" WIDTH="26" HEIGHT="22" WC="0.96" CONTENT="de"/><SP WIDTH="16" VPOS="326" HPOS="495"/>
							<String ID="string_34" HPOS="511" VPOS="327" WIDTH="69" HEIGHT="28" WC="0.96" CONTENT="öfriga"/><SP WIDTH="15" VPOS="327" HPOS="580"/>
							<String ID="string_35" HPOS="595" VPOS="326" WIDTH="96" HEIGHT="27" WC="0.96" CONTENT="stånden,"/><SP WIDTH="14" VPOS="326" HPOS="691"/>
							<String ID="string_36" HPOS="705" VPOS="326" WIDTH="113" HEIGHT="22" WC="0.96" CONTENT="Utskottet"/><SP WIDTH="17" VPOS="326" HPOS="818"/>
							<String ID="string_37" HPOS="835" VPOS="326" WIDTH="91" HEIGHT="22" WC="0.96" CONTENT="föreslår"/>
						</TextLine>
					</TextBlock>
				</ComposedBlock>
				<ComposedBlock ID="cblock_4" HPOS="446" VPOS="390" WIDTH="556" HEIGHT="201">
					<TextBlock ID="block_3" HPOS="446" VPOS="390" WIDTH="556" HEIGHT="201">
						<TextLine ID="line_6" HPOS="519" VPOS="390" WIDTH="483" HEIGHT="28">
							<String ID="string_38" HPOS="519" VPOS="393" WIDTH="31" HEIGHT="18" WC="0.90" CONTENT="att"/><SP WIDTH="24" VPOS="393" HPOS="550"/>
							<String ID="string_39" HPOS="574" VPOS="390" WIDTH="131" HEIGHT="28" WC="0.89" CONTENT="Ständerna,"/><SP WIDTH="15" VPOS="390" HPOS="705"/>
							<String ID="string_40" HPOS="720" VPOS="391" WIDTH="49" HEIGHT="20" WC="0.96" CONTENT="med"/><SP WIDTH="19" VPOS="391" HPOS="769"/>
							<String ID="string_41" HPOS="788" VPOS="390" WIDTH="160" HEIGHT="28" WC="0.96" CONTENT="godkännande"/><SP WIDTH="24" VPOS="390" HPOS="948"/>
							<String ID="string_42" HPOS="972" VPOS="391" WIDTH="30" HEIGHT="27" WC="0.94" CONTENT="af"/>
						</TextLine>
						<TextLine ID="line_7" HPOS="447" VPOS="425" WIDTH="551" HEIGHT="28">
							<String ID="string_43" HPOS="447" VPOS="426" WIDTH="141" HEIGHT="27" WC="0.93" CONTENT="paragrafen"/><SP WIDTH="15" VPOS="426" HPOS="588"/>
							<String ID="string_44" HPOS="603" VPOS="426" WIDTH="8" HEIGHT="20" WC="0.96" CONTENT="i"/><SP WIDTH="14" VPOS="426" HPOS="611"/>
							<String ID="string_45" HPOS="625" VPOS="425" WIDTH="76" HEIGHT="27" WC="0.95" CONTENT="öfrigt,"/><SP WIDTH="17" VPOS="425" HPOS="701"/>
							<String ID="string_46" HPOS="718" VPOS="426" WIDTH="49" HEIGHT="20" WC="0.96" CONTENT="ville"/><SP WIDTH="16" VPOS="426" HPOS="767"/>
							<String ID="string_47" HPOS="783" VPOS="425" WIDTH="39" HEIGHT="27" WC="0.93" CONTENT="för"/><SP WIDTH="19" VPOS="425" HPOS="822"/>
							<String ID="string_48" HPOS="841" VPOS="425" WIDTH="157" HEIGHT="27" WC="0.91" CONTENT="slutmeningen"/>
						</TextLine>
						<TextLine ID="line_8" HPOS="450" VPOS="460" WIDTH="547" HEIGHT="28">
							<String ID="string_49" HPOS="450" VPOS="460" WIDTH="9" HEIGHT="20" WC="0.93" CONTENT="i"/><SP WIDTH="15" VPOS="460" HPOS="459"/>
							<String ID="string_50" HPOS="474" VPOS="461" WIDTH="54" HEIGHT="19" WC="0.88" CONTENT="1:sta"/><SP WIDTH="16" VPOS="461" HPOS="528"/>
							<String ID="string_51" HPOS="544" VPOS="462" WIDTH="111" HEIGHT="19" WC="0.96" CONTENT="momentet"/><SP WIDTH="15" VPOS="462" HPOS="655"/>
							<String ID="string_52" HPOS="670" VPOS="460" WIDTH="29" HEIGHT="27" WC="0.95" CONTENT="af"/><SP WIDTH="12" VPOS="460" HPOS="699"/>
							<String ID="string_53" HPOS="711" VPOS="460" WIDTH="71" HEIGHT="21" WC="0.96" CONTENT="denna"/><SP WIDTH="13" VPOS="460" HPOS="782"/>
							<String ID="string_54" HPOS="795" VPOS="460" WIDTH="116" HEIGHT="28" WC="0.94" CONTENT="paragraf"/><SP WIDTH="6" VPOS="460" HPOS="911"/>
							<String ID="string_55" HPOS="917" VPOS="462" WIDTH="80" HEIGHT="26" WC="0.95" CONTENT="antaga"/>
						</TextLine>
						<TextLine ID="line_9" HPOS="446" VPOS="494" WIDTH="552" HEIGHT="28">
							<String ID="string_56" HPOS="446" VPOS="494" WIDTH="106" HEIGHT="28" WC="0.96" CONTENT="följande"/><SP WIDTH="15" VPOS="494" HPOS="552"/>
							<String ID="string_57" HPOS="567" VPOS="494" WIDTH="90" HEIGHT="28" WC="0.93" CONTENT="lydelse:"/><SP WIDTH="16" VPOS="494" HPOS="657"/>
							<String ID="string_58" HPOS="673" VPOS="494" WIDTH="64" HEIGHT="26" WC="0.89" CONTENT=",dock"/><SP WIDTH="15" VPOS="494" HPOS="737"/>
							<String ID="string_59" HPOS="752" VPOS="501" WIDTH="50" HEIGHT="14" WC="0.96" CONTENT="vare"/><SP WIDTH="15" VPOS="501" HPOS="802"/>
							<String ID="string_60" HPOS="817" VPOS="494" WIDTH="65" HEIGHT="28" WC="0.96" CONTENT="äfven"/><SP WIDTH="15" VPOS="494" HPOS="882"/>
							<String ID="string_61" HPOS="897" VPOS="494" WIDTH="101" HEIGHT="22" WC="0.96" CONTENT="kommun"/>
						</TextLine>
						<TextLine ID="line_10" HPOS="451" VPOS="528" WIDTH="547" HEIGHT="29">
							<String ID="string_62" HPOS="451" VPOS="528" WIDTH="120" HEIGHT="29" WC="0.96" CONTENT="berättigad"/><SP WIDTH="16" VPOS="528" HPOS="571"/>
							<String ID="string_63" HPOS="587" VPOS="532" WIDTH="37" HEIGHT="24" WC="0.96" CONTENT="att,"/><SP WIDTH="17" VPOS="532" HPOS="624"/>
							<String ID="string_64" HPOS="641" VPOS="529" WIDTH="34" HEIGHT="21" WC="0.96" CONTENT="till"/><SP WIDTH="15" VPOS="529" HPOS="675"/>
							<String ID="string_65" HPOS="690" VPOS="528" WIDTH="152" HEIGHT="28" WC="0.96" CONTENT="befrämjande"/><SP WIDTH="10" VPOS="528" HPOS="842"/>
							<String ID="string_66" HPOS="852" VPOS="529" WIDTH="30" HEIGHT="27" WC="0.93" CONTENT="af"/><SP WIDTH="6" VPOS="529" HPOS="882"/>
							<String ID="string_67" HPOS="888" VPOS="536" WIDTH="110" HEIGHT="20" WC="0.92" CONTENT="sparsam-"/>
						</TextLine>
						<TextLine ID="line_11" HPOS="450" VPOS="563" WIDTH="469" HEIGHT="28">
							<String ID="string_68" HPOS="450" VPOS="563" WIDTH="34" HEIGHT="21" WC="0.96" CONTENT="het"/><SP WIDTH="15" VPOS="563" HPOS="484"/>
							<String ID="string_69" HPOS="499" VPOS="563" WIDTH="58" HEIGHT="21" WC="0.96" CONTENT="inom"/><SP WIDTH="15" VPOS="563" HPOS="557"/>
							<String ID="string_70" HPOS="572" VPOS="563" WIDTH="134" HEIGHT="27" WC="0.96" CONTENT="kommunen,"/><SP WIDTH="15" VPOS="563" HPOS="706"/>
							<String ID="string_71" HPOS="721" VPOS="563" WIDTH="66" HEIGHT="28" WC="0.96" CONTENT="stifta"/><SP WIDTH="15" VPOS="563" HPOS="787"/>
							<String ID="string_72" HPOS="802" VPOS="563" WIDTH="117" HEIGHT="27" WC="0.96" CONTENT="sparbank."/>
						</TextLine>
					</TextBlock>
				</ComposedBlock>
				<ComposedBlock ID="cblock_5" HPOS="598" VPOS="650" WIDTH="46" HEIGHT="27">
					<TextBlock ID="block_4" HPOS="598" VPOS="650" WIDTH="46" HEIGHT="27">
						<TextLine ID="line_12" HPOS="598" VPOS="650" WIDTH="46" HEIGHT="27">
							<String ID="string_73" HPOS="598" VPOS="650" WIDTH="12" HEIGHT="21" WC="0.93" CONTENT="6"/><SP WIDTH="12" VPOS="650" HPOS="610"/>
							<String ID="string_74" HPOS="622" VPOS="634" WIDTH="22" HEIGHT="49" WC="0.57" CONTENT="8."/>
						</TextLine>
					</TextBlock>
				</ComposedBlock>
				<ComposedBlock ID="cblock_6" HPOS="246" VPOS="706" WIDTH="752" HEIGHT="335">
					<TextBlock ID="block_5" HPOS="246" VPOS="706" WIDTH="752" HEIGHT="133">
						<TextLine ID="line_13" HPOS="313" VPOS="706" WIDTH="685" HEIGHT="29">
							<String ID="string_75" HPOS="313" VPOS="707" WIDTH="158" HEIGHT="28" WC="0.92" CONTENT="Ridderskapet"/><SP WIDTH="21" VPOS="707" HPOS="471"/>
							<String ID="string_76" HPOS="492" VPOS="707" WIDTH="38" HEIGHT="21" WC="0.93" CONTENT="och"/><SP WIDTH="22" VPOS="707" HPOS="530"/>
							<String ID="string_77" HPOS="552" VPOS="708" WIDTH="71" HEIGHT="20" WC="0.92" CONTENT="Adeln"/><SP WIDTH="18" VPOS="708" HPOS="623"/>
							<String ID="string_78" HPOS="641" VPOS="706" WIDTH="38" HEIGHT="22" WC="0.93" CONTENT="har"/><SP WIDTH="15" VPOS="706" HPOS="679"/>
							<String ID="string_79" HPOS="694" VPOS="706" WIDTH="87" HEIGHT="22" WC="0.92" CONTENT="beslutit"/><SP WIDTH="14" VPOS="706" HPOS="781"/>
							<String ID="string_80" HPOS="795" VPOS="709" WIDTH="32" HEIGHT="19" WC="0.96" CONTENT="att"/><SP WIDTH="14" VPOS="709" HPOS="827"/>
							<String ID="string_81" HPOS="841" VPOS="714" WIDTH="25" HEIGHT="14" WC="0.93" CONTENT="ur"/><SP WIDTH="15" VPOS="714" HPOS="866"/>
							<String ID="string_82" HPOS="881" VPOS="706" WIDTH="59" HEIGHT="22" WC="0.91" CONTENT="2:dra"/><SP WIDTH="14" VPOS="706" HPOS="940"/>
							<String ID="string_83" HPOS="954" VPOS="714" WIDTH="44" HEIGHT="14" WC="0.91" CONTENT="mo-"/>
						</TextLine>
						<TextLine ID="line_14" HPOS="246" VPOS="741" WIDTH="752" HEIGHT="29">
							<String ID="string_84" HPOS="246" VPOS="744" WIDTH="80" HEIGHT="19" WC="0.96" CONTENT="mentet"/><SP WIDTH="15" VPOS="744" HPOS="326"/>
							<String ID="string_85" HPOS="341" VPOS="742" WIDTH="92" HEIGHT="21" WC="0.96" CONTENT="utesluta"/><SP WIDTH="15" VPOS="742" HPOS="433"/>
							<String ID="string_86" HPOS="448" VPOS="741" WIDTH="67" HEIGHT="22" WC="0.93" CONTENT="orden"/><SP WIDTH="16" VPOS="741" HPOS="515"/>
							<String ID="string_87" HPOS="531" VPOS="742" WIDTH="32" HEIGHT="28" WC="0.89" CONTENT="»ej"/><SP WIDTH="16" VPOS="742" HPOS="563"/>
							<String ID="string_88" HPOS="579" VPOS="741" WIDTH="66" HEIGHT="22" WC="0.93" CONTENT="heller"/><SP WIDTH="14" VPOS="741" HPOS="645"/>
							<String ID="string_89" HPOS="659" VPOS="741" WIDTH="118" HEIGHT="28" WC="0.91" CONTENT="öfverstiga"/><SP WIDTH="10" VPOS="741" HPOS="777"/>
							<String ID="string_90" HPOS="787" VPOS="741" WIDTH="87" HEIGHT="21" WC="0.95" CONTENT="femtio»"/><SP WIDTH="12" VPOS="741" HPOS="874"/>
							<String ID="string_91" HPOS="886" VPOS="741" WIDTH="112" HEIGHT="22" WC="0.96" CONTENT="äfvensom"/>
						</TextLine>
						<TextLine ID="line_15" HPOS="246" VPOS="775" WIDTH="752" HEIGHT="29">
							<String ID="string_92" HPOS="246" VPOS="776" WIDTH="7" HEIGHT="21" WC="0.95" CONTENT="i"/><SP WIDTH="22" VPOS="776" HPOS="253"/>
							<String ID="string_93" HPOS="275" VPOS="776" WIDTH="71" HEIGHT="22" WC="0.95" CONTENT="stället"/><SP WIDTH="22" VPOS="776" HPOS="346"/>
							<String ID="string_94" HPOS="368" VPOS="776" WIDTH="35" HEIGHT="21" WC="0.96" CONTENT="för"/><SP WIDTH="20" VPOS="776" HPOS="403"/>
							<String ID="string_95" HPOS="423" VPOS="776" WIDTH="52" HEIGHT="21" WC="0.95" CONTENT="sista"/><SP WIDTH="22" VPOS="776" HPOS="475"/>
							<String ID="string_96" HPOS="497" VPOS="778" WIDTH="116" HEIGHT="20" WC="0.96" CONTENT="momentet"/><SP WIDTH="14" VPOS="778" HPOS="613"/>
							<String ID="string_97" HPOS="627" VPOS="776" WIDTH="7" HEIGHT="20" WC="0.96" CONTENT="i"/><SP WIDTH="15" VPOS="776" HPOS="634"/>
							<String ID="string_98" HPOS="649" VPOS="775" WIDTH="70" HEIGHT="22" WC="0.96" CONTENT="denna"/><SP WIDTH="15" VPOS="775" HPOS="719"/>
							<String ID="string_99" HPOS="734" VPOS="776" WIDTH="100" HEIGHT="28" WC="0.96" CONTENT="paragraf"/><SP WIDTH="15" VPOS="776" HPOS="834"/>
							<String ID="string_100" HPOS="849" VPOS="776" WIDTH="81" HEIGHT="28" WC="0.93" CONTENT="antagit"/><SP WIDTH="15" VPOS="776" HPOS="930"/>
							<String ID="string_101" HPOS="945" VPOS="778" WIDTH="53" HEIGHT="19" WC="0.91" CONTENT="mot-"/>
						</TextLine>
						<TextLine ID="line_16" HPOS="247" VPOS="810" WIDTH="561" HEIGHT="29">
							<String ID="string_102" HPOS="247" VPOS="810" WIDTH="104" HEIGHT="22" WC="0.96" CONTENT="svarande"/><SP WIDTH="15" VPOS="810" HPOS="351"/>
							<String ID="string_103" HPOS="366" VPOS="811" WIDTH="112" HEIGHT="21" WC="0.95" CONTENT="moment"/><SP WIDTH="-9" VPOS="811" HPOS="478"/>
							<String ID="string_104" HPOS="469" VPOS="806" WIDTH="13" HEIGHT="37" WC="0.96" CONTENT="i"/><SP WIDTH="12" VPOS="806" HPOS="482"/>
							<String ID="string_105" HPOS="494" VPOS="810" WIDTH="40" HEIGHT="22" WC="0.96" CONTENT="den"/><SP WIDTH="16" VPOS="810" HPOS="534"/>
							<String ID="string_106" HPOS="550" VPOS="810" WIDTH="78" HEIGHT="29" WC="0.96" CONTENT="nådiga"/><SP WIDTH="15" VPOS="810" HPOS="628"/>
							<String ID="string_107" HPOS="643" VPOS="811" WIDTH="165" HEIGHT="28" WC="0.96" CONTENT="propositionen."/>
						</TextLine>
					</TextBlock>
					<TextBlock ID="block_6" HPOS="314" VPOS="845" WIDTH="468" HEIGHT="29">
						<TextLine ID="line_17" HPOS="314" VPOS="845" WIDTH="468" HEIGHT="29">
							<String ID="string_108" HPOS="314" VPOS="845" WIDTH="161" HEIGHT="21" WC="0.89" CONTENT="Presteståndet"/><SP WIDTH="15" VPOS="845" HPOS="475"/>
							<String ID="string_109" HPOS="490" VPOS="845" WIDTH="37" HEIGHT="21" WC="0.96" CONTENT="har"/><SP WIDTH="14" VPOS="845" HPOS="527"/>
							<String ID="string_110" HPOS="541" VPOS="845" WIDTH="96" HEIGHT="29" WC="0.96" CONTENT="godkänt"/><SP WIDTH="14" VPOS="845" HPOS="637"/>
							<String ID="string_111" HPOS="651" VPOS="845" WIDTH="131" HEIGHT="29" WC="0.96" CONTENT="paragrafen."/>
						</TextLine>
					</TextBlock>
					<TextBlock ID="block_7" HPOS="246" VPOS="880" WIDTH="751" HEIGHT="57">
						<TextLine ID="line_18" HPOS="316" VPOS="880" WIDTH="681" HEIGHT="29">
							<String ID="string_112" HPOS="316" VPOS="880" WIDTH="181" HEIGHT="29" WC="0.92" CONTENT="Borgareståndet"/><SP WIDTH="21" VPOS="880" HPOS="497"/>
							<String ID="string_113" HPOS="518" VPOS="880" WIDTH="39" HEIGHT="21" WC="0.96" CONTENT="har"/><SP WIDTH="22" VPOS="880" HPOS="557"/>
							<String ID="string_114" HPOS="579" VPOS="880" WIDTH="64" HEIGHT="21" WC="0.96" CONTENT="fattat"/><SP WIDTH="22" VPOS="880" HPOS="643"/>
							<String ID="string_115" HPOS="665" VPOS="882" WIDTH="30" HEIGHT="19" WC="0.96" CONTENT="ett"/><SP WIDTH="21" VPOS="882" HPOS="695"/>
							<String ID="string_116" HPOS="716" VPOS="880" WIDTH="49" HEIGHT="21" WC="0.93" CONTENT="med"/><SP WIDTH="19" VPOS="880" HPOS="765"/>
							<String ID="string_117" HPOS="784" VPOS="880" WIDTH="159" HEIGHT="29" WC="0.90" CONTENT="Ridderskapet"/><SP WIDTH="15" VPOS="880" HPOS="943"/>
							<String ID="string_118" HPOS="958" VPOS="880" WIDTH="39" HEIGHT="22" WC="0.95" CONTENT="och"/>
						</TextLine>
						<TextLine ID="line_19" HPOS="246" VPOS="915" WIDTH="422" HEIGHT="22">
							<String ID="string_119" HPOS="246" VPOS="915" WIDTH="81" HEIGHT="22" WC="0.91" CONTENT="Adelns"/><SP WIDTH="16" VPOS="915" HPOS="327"/>
							<String ID="string_120" HPOS="343" VPOS="915" WIDTH="232" HEIGHT="22" WC="0.91" CONTENT="öfverensstämmande"/><SP WIDTH="18" VPOS="915" HPOS="575"/>
							<String ID="string_121" HPOS="593" VPOS="915" WIDTH="75" HEIGHT="21" WC="0.96" CONTENT="beslut."/>
						</TextLine>
					</TextBlock>
					<TextBlock ID="block_8" HPOS="246" VPOS="949" WIDTH="752" HEIGHT="92">
						<TextLine ID="line_20" HPOS="315" VPOS="949" WIDTH="683" HEIGHT="29">
							<String ID="string_122" HPOS="315" VPOS="949" WIDTH="31" HEIGHT="22" WC="0.95" CONTENT="Af"/><SP WIDTH="15" VPOS="949" HPOS="346"/>
							<String ID="string_123" HPOS="361" VPOS="957" WIDTH="79" HEIGHT="14" WC="0.96" CONTENT="samma"/><SP WIDTH="16" VPOS="957" HPOS="440"/>
							<String ID="string_124" HPOS="456" VPOS="949" WIDTH="46" HEIGHT="22" WC="0.96" CONTENT="skäl"/><SP WIDTH="18" VPOS="949" HPOS="502"/>
							<String ID="string_125" HPOS="520" VPOS="957" WIDTH="45" HEIGHT="14" WC="0.96" CONTENT="som"/><SP WIDTH="22" VPOS="957" HPOS="565"/>
							<String ID="string_126" HPOS="587" VPOS="949" WIDTH="81" HEIGHT="22" WC="0.93" CONTENT="anförts"/><SP WIDTH="23" VPOS="949" HPOS="668"/>
							<String ID="string_127" HPOS="691" VPOS="949" WIDTH="131" HEIGHT="22" WC="0.96" CONTENT="beträffande"/><SP WIDTH="23" VPOS="949" HPOS="822"/>
							<String ID="string_128" HPOS="845" VPOS="949" WIDTH="97" HEIGHT="29" WC="0.96" CONTENT="grunden"/><SP WIDTH="22" VPOS="949" HPOS="942"/>
							<String ID="string_129" HPOS="964" VPOS="949" WIDTH="34" HEIGHT="21" WC="0.94" CONTENT="för"/>
						</TextLine>
						<TextLine ID="line_21" HPOS="246" VPOS="983" WIDTH="750" HEIGHT="30">
							<String ID="string_130" HPOS="246" VPOS="984" WIDTH="230" HEIGHT="29" WC="0.91" CONTENT="sammanjemkningen"/><SP WIDTH="16" VPOS="984" HPOS="476"/>
							<String ID="string_131" HPOS="492" VPOS="984" WIDTH="22" HEIGHT="21" WC="0.93" CONTENT="af"/><SP WIDTH="14" VPOS="984" HPOS="514"/>
							<String ID="string_132" HPOS="528" VPOS="983" WIDTH="101" HEIGHT="22" WC="0.93" CONTENT="ständens"/><SP WIDTH="16" VPOS="983" HPOS="629"/>
							<String ID="string_133" HPOS="645" VPOS="983" WIDTH="70" HEIGHT="22" WC="0.96" CONTENT="beslut"/><SP WIDTH="14" VPOS="983" HPOS="715"/>
							<String ID="string_134" HPOS="729" VPOS="985" WIDTH="7" HEIGHT="20" WC="0.96" CONTENT="i"/><SP WIDTH="15" VPOS="985" HPOS="736"/>
							<String ID="string_135" HPOS="751" VPOS="984" WIDTH="61" HEIGHT="29" WC="0.96" CONTENT="fråga"/><SP WIDTH="15" VPOS="984" HPOS="812"/>
							<String ID="string_136" HPOS="827" VPOS="992" WIDTH="34" HEIGHT="13" WC="0.96" CONTENT="om"/><SP WIDTH="16" VPOS="992" HPOS="861"/>
							<String ID="string_137" HPOS="877" VPOS="986" WIDTH="12" HEIGHT="20" WC="0.92" CONTENT="3"/><SP WIDTH="17" VPOS="986" HPOS="889"/>
							<String ID="string_138" HPOS="906" VPOS="985" WIDTH="11" HEIGHT="27" WC="0.90" CONTENT="$"/><SP WIDTH="22" VPOS="985" HPOS="917"/>
							<String ID="string_139" HPOS="939" VPOS="984" WIDTH="57" HEIGHT="21" WC="0.92" CONTENT="hem-"/>
						</TextLine>
						<TextLine ID="line_22" HPOS="246" VPOS="1019" WIDTH="198" HEIGHT="22">
							<String ID="string_140" HPOS="246" VPOS="1019" WIDTH="72" HEIGHT="22" WC="0.96" CONTENT="ställer"/><SP WIDTH="14" VPOS="1019" HPOS="318"/>
							<String ID="string_141" HPOS="332" VPOS="1019" WIDTH="112" HEIGHT="22" WC="0.96" CONTENT="Utskottet"/>
						</TextLine>
					</TextBlock>
				</ComposedBlock>
				<ComposedBlock ID="cblock_7" HPOS="449" VPOS="1082" WIDTH="549" HEIGHT="165">
					<TextBlock ID="block_9" HPOS="449" VPOS="1082" WIDTH="549" HEIGHT="165">
						<TextLine ID="line_23" HPOS="520" VPOS="1082" WIDTH="475" HEIGHT="28">
							<String ID="string_142" HPOS="520" VPOS="1085" WIDTH="32" HEIGHT="18" WC="0.93" CONTENT="att"/><SP WIDTH="17" VPOS="1085" HPOS="552"/>
							<String ID="string_143" HPOS="569" VPOS="1082" WIDTH="122" HEIGHT="21" WC="0.92" CONTENT="Ständerna"/><SP WIDTH="16" VPOS="1082" HPOS="691"/>
							<String ID="string_144" HPOS="707" VPOS="1083" WIDTH="48" HEIGHT="20" WC="0.95" CONTENT="ville"/><SP WIDTH="16" VPOS="1083" HPOS="755"/>
							<String ID="string_145" HPOS="771" VPOS="1085" WIDTH="81" HEIGHT="25" WC="0.93" CONTENT="antaga"/><SP WIDTH="15" VPOS="1085" HPOS="852"/>
							<String ID="string_146" HPOS="867" VPOS="1083" WIDTH="64" HEIGHT="21" WC="0.88" CONTENT="2:dra"/><SP WIDTH="23" VPOS="1083" HPOS="931"/>
							<String ID="string_147" HPOS="954" VPOS="1089" WIDTH="41" HEIGHT="14" WC="0.90" CONTENT="mo-"/>
						</TextLine>
						<TextLine ID="line_24" HPOS="450" VPOS="1116" WIDTH="548" HEIGHT="29">
							<String ID="string_148" HPOS="450" VPOS="1119" WIDTH="77" HEIGHT="18" WC="0.96" CONTENT="mentet"/><SP WIDTH="15" VPOS="1119" HPOS="527"/>
							<String ID="string_149" HPOS="542" VPOS="1117" WIDTH="47" HEIGHT="20" WC="0.95" CONTENT="med"/><SP WIDTH="16" VPOS="1117" HPOS="589"/>
							<String ID="string_150" HPOS="605" VPOS="1117" WIDTH="133" HEIGHT="28" WC="0.96" CONTENT="uteslutning"/><SP WIDTH="16" VPOS="1117" HPOS="738"/>
							<String ID="string_151" HPOS="754" VPOS="1117" WIDTH="29" HEIGHT="27" WC="0.95" CONTENT="af"/><SP WIDTH="12" VPOS="1117" HPOS="783"/>
							<String ID="string_152" HPOS="795" VPOS="1117" WIDTH="65" HEIGHT="21" WC="0.93" CONTENT="orden"/><SP WIDTH="17" VPOS="1117" HPOS="860"/>
							<String ID="string_153" HPOS="877" VPOS="1117" WIDTH="35" HEIGHT="27" WC="0.86" CONTENT=",,ej"/><SP WIDTH="21" VPOS="1117" HPOS="912"/>
							<String ID="string_154" HPOS="933" VPOS="1116" WIDTH="65" HEIGHT="22" WC="0.96" CONTENT="heller"/>
						</TextLine>
						<TextLine ID="line_25" HPOS="450" VPOS="1151" WIDTH="548" HEIGHT="28">
							<String ID="string_155" HPOS="450" VPOS="1151" WIDTH="37" HEIGHT="21" WC="0.92" CONTENT="mä"/><SP WIDTH="21" VPOS="1151" HPOS="487"/>
							<String ID="string_156" HPOS="508" VPOS="1151" WIDTH="119" HEIGHT="28" WC="0.90" CONTENT="öfverstiga"/><SP WIDTH="12" VPOS="1151" HPOS="627"/>
							<String ID="string_157" HPOS="639" VPOS="1151" WIDTH="100" HEIGHT="28" WC="0.72" CONTENT="femtio&quot;,"/><SP WIDTH="16" VPOS="1151" HPOS="739"/>
							<String ID="string_158" HPOS="755" VPOS="1152" WIDTH="112" HEIGHT="27" WC="0.96" CONTENT="äfvensom"/><SP WIDTH="13" VPOS="1152" HPOS="867"/>
							<String ID="string_159" HPOS="880" VPOS="1151" WIDTH="118" HEIGHT="28" WC="0.96" CONTENT="godkänna"/>
						</TextLine>
						<TextLine ID="line_26" HPOS="450" VPOS="1186" WIDTH="547" HEIGHT="28">
							<String ID="string_160" HPOS="450" VPOS="1186" WIDTH="53" HEIGHT="20" WC="0.96" CONTENT="sista"/><SP WIDTH="16" VPOS="1186" HPOS="503"/>
							<String ID="string_161" HPOS="519" VPOS="1189" WIDTH="110" HEIGHT="18" WC="0.96" CONTENT="momentet"/><SP WIDTH="15" VPOS="1189" HPOS="629"/>
							<String ID="string_162" HPOS="644" VPOS="1186" WIDTH="79" HEIGHT="21" WC="0.96" CONTENT="sådant"/><SP WIDTH="18" VPOS="1186" HPOS="723"/>
							<String ID="string_163" HPOS="741" VPOS="1186" WIDTH="34" HEIGHT="20" WC="0.95" CONTENT="det"/><SP WIDTH="22" VPOS="1186" HPOS="775"/>
							<String ID="string_164" HPOS="797" VPOS="1187" WIDTH="61" HEIGHT="27" WC="0.95" CONTENT="lyder"/><SP WIDTH="14" VPOS="1187" HPOS="858"/>
							<String ID="string_165" HPOS="872" VPOS="1187" WIDTH="9" HEIGHT="20" WC="0.96" CONTENT="i"/><SP WIDTH="15" VPOS="1187" HPOS="881"/>
							<String ID="string_166" HPOS="896" VPOS="1187" WIDTH="40" HEIGHT="20" WC="0.91" CONTENT="den"/><SP WIDTH="23" VPOS="1187" HPOS="936"/>
							<String ID="string_167" HPOS="959" VPOS="1187" WIDTH="38" HEIGHT="20" WC="0.89" CONTENT="nå-"/>
						</TextLine>
						<TextLine ID="line_27" HPOS="449" VPOS="1220" WIDTH="235" HEIGHT="27">
							<String ID="string_168" HPOS="449" VPOS="1220" WIDTH="52" HEIGHT="27" WC="0.92" CONTENT="diga"/><SP WIDTH="12" VPOS="1220" HPOS="501"/>
							<String ID="string_169" HPOS="513" VPOS="1221" WIDTH="171" HEIGHT="26" WC="0.96" CONTENT="propositionen."/>
						</TextLine>
					</TextBlock>
				</ComposedBlock>
				<ComposedBlock ID="cblock_8" HPOS="591" VPOS="1307" WIDTH="60" HEIGHT="26">
					<TextBlock ID="block_10" HPOS="591" VPOS="1307" WIDTH="60" HEIGHT="26">
						<TextLine ID="line_28" HPOS="591" VPOS="1307" WIDTH="60" HEIGHT="26">
							<String ID="string_170" HPOS="591" VPOS="1307" WIDTH="26" HEIGHT="20" WC="0.96" CONTENT="10"/><SP WIDTH="16" VPOS="1307" HPOS="617"/>
							<String ID="string_171" HPOS="633" VPOS="1307" WIDTH="18" HEIGHT="26" WC="0.85" CONTENT="8."/>
						</TextLine>
					</TextBlock>
				</ComposedBlock>
				<ComposedBlock ID="cblock_9" HPOS="244" VPOS="1361" WIDTH="753" HEIGHT="166">
					<TextBlock ID="block_11" HPOS="245" VPOS="1361" WIDTH="752" HEIGHT="63">
						<TextLine ID="line_29" HPOS="312" VPOS="1361" WIDTH="685" HEIGHT="27">
							<String ID="string_172" HPOS="312" VPOS="1362" WIDTH="160" HEIGHT="26" WC="0.91" CONTENT="Ridderskapet"/><SP WIDTH="16" VPOS="1362" HPOS="472"/>
							<String ID="string_173" HPOS="488" VPOS="1362" WIDTH="37" HEIGHT="19" WC="0.93" CONTENT="och"/><SP WIDTH="16" VPOS="1362" HPOS="525"/>
							<String ID="string_174" HPOS="541" VPOS="1362" WIDTH="70" HEIGHT="21" WC="0.91" CONTENT="Adeln"/><SP WIDTH="15" VPOS="1362" HPOS="611"/>
							<String ID="string_175" HPOS="626" VPOS="1361" WIDTH="38" HEIGHT="21" WC="0.95" CONTENT="har"/><SP WIDTH="15" VPOS="1361" HPOS="664"/>
							<String ID="string_176" HPOS="679" VPOS="1369" WIDTH="24" HEIGHT="13" WC="0.93" CONTENT="ur"/><SP WIDTH="16" VPOS="1369" HPOS="703"/>
							<String ID="string_177" HPOS="719" VPOS="1363" WIDTH="52" HEIGHT="20" WC="0.91" CONTENT="1:sta"/><SP WIDTH="17" VPOS="1363" HPOS="771"/>
							<String ID="string_178" HPOS="788" VPOS="1365" WIDTH="114" HEIGHT="18" WC="0.91" CONTENT="momentet"/><SP WIDTH="15" VPOS="1365" HPOS="902"/>
							<String ID="string_179" HPOS="917" VPOS="1363" WIDTH="80" HEIGHT="20" WC="0.92" CONTENT="uteslu-"/>
						</TextLine>
						<TextLine ID="line_30" HPOS="245" VPOS="1395" WIDTH="546" HEIGHT="29">
							<String ID="string_180" HPOS="245" VPOS="1397" WIDTH="27" HEIGHT="20" WC="0.93" CONTENT="tit"/><SP WIDTH="14" VPOS="1397" HPOS="272"/>
							<String ID="string_181" HPOS="286" VPOS="1395" WIDTH="62" HEIGHT="22" WC="0.93" CONTENT="ordet"/><SP WIDTH="16" VPOS="1395" HPOS="348"/>
							<String ID="string_182" HPOS="364" VPOS="1395" WIDTH="102" HEIGHT="22" WC="0.77" CONTENT="»allmän»"/><SP WIDTH="18" VPOS="1395" HPOS="466"/>
							<String ID="string_183" HPOS="484" VPOS="1395" WIDTH="90" HEIGHT="21" WC="0.93" CONTENT="framför"/><SP WIDTH="11" VPOS="1395" HPOS="574"/>
							<String ID="string_184" HPOS="585" VPOS="1395" WIDTH="206" HEIGHT="29" WC="0.78" CONTENT="»bankinrättning»."/>
						</TextLine>
					</TextBlock>
					<TextBlock ID="block_12" HPOS="244" VPOS="1429" WIDTH="751" HEIGHT="64">
						<TextLine ID="line_31" HPOS="312" VPOS="1429" WIDTH="683" HEIGHT="30">
							<String ID="string_185" HPOS="312" VPOS="1429" WIDTH="161" HEIGHT="22" WC="0.92" CONTENT="Presteständet"/><SP WIDTH="22" VPOS="1429" HPOS="473"/>
							<String ID="string_186" HPOS="495" VPOS="1429" WIDTH="37" HEIGHT="21" WC="0.92" CONTENT="har"/><SP WIDTH="21" VPOS="1429" HPOS="532"/>
							<String ID="string_187" HPOS="553" VPOS="1429" WIDTH="96" HEIGHT="28" WC="0.91" CONTENT="godkänt"/><SP WIDTH="20" VPOS="1429" HPOS="649"/>
							<String ID="string_188" HPOS="669" VPOS="1432" WIDTH="115" HEIGHT="19" WC="0.91" CONTENT="momentet"/><SP WIDTH="15" VPOS="1432" HPOS="784"/>
							<String ID="string_189" HPOS="799" VPOS="1431" WIDTH="65" HEIGHT="28" WC="0.93" CONTENT="enligt"/><SP WIDTH="16" VPOS="1431" HPOS="864"/>
							<String ID="string_190" HPOS="880" VPOS="1431" WIDTH="115" HEIGHT="22" WC="0.91" CONTENT="utskottets"/>
						</TextLine>
						<TextLine ID="line_32" HPOS="244" VPOS="1465" WIDTH="86" HEIGHT="28">
							<String ID="string_191" HPOS="244" VPOS="1465" WIDTH="86" HEIGHT="28" WC="0.86" CONTENT="förslag."/>
						</TextLine>
					</TextBlock>
					<TextBlock ID="block_13" HPOS="312" VPOS="1503" WIDTH="487" HEIGHT="24">
						<TextLine ID="line_33" HPOS="312" VPOS="1503" WIDTH="487" HEIGHT="24">
							<String ID="string_192" HPOS="312" VPOS="1505" WIDTH="47" HEIGHT="22" WC="0.88" CONTENT="Lag-"/><SP WIDTH="13" VPOS="1505" HPOS="359"/>
							<String ID="string_193" HPOS="372" VPOS="1504" WIDTH="32" HEIGHT="17" WC="0.93" CONTENT="och"/><SP WIDTH="12" VPOS="1504" HPOS="404"/>
							<String ID="string_194" HPOS="416" VPOS="1503" WIDTH="183" HEIGHT="18" WC="0.74" CONTENT="Ekonomiutskottets"/><SP WIDTH="12" VPOS="1503" HPOS="599"/>
							<String ID="string_195" HPOS="611" VPOS="1504" WIDTH="109" HEIGHT="18" WC="0.96" CONTENT="betänkande"/><SP WIDTH="14" VPOS="1504" HPOS="720"/>
							<String ID="string_196" HPOS="734" VPOS="1507" WIDTH="34" HEIGHT="15" WC="0.96" CONTENT="N:o"/><SP WIDTH="13" VPOS="1507" HPOS="768"/>
							<String ID="string_197" HPOS="781" VPOS="1505" WIDTH="18" HEIGHT="18" WC="0.96" CONTENT="8."/>
						</TextLine>
					</TextBlock>
				</ComposedBlock>
			</PrintSpace>
		</Page>
	</Layout>
</alto>
