1120 1775
280 148 24 20 10
581 148 44 24 N:o
644 149 22 23 9.

317 215 45 21 Har
372 215 70 21 under
452 215 67 27 sagda
528 215 75 27 period
613 214 279 28 brandförsäkringsvärdet
903 215 13 20 å
925 214 74 27 fastig-

248 249 68 27 heter,
338 249 72 22 hvilka
432 249 48 22 med
501 249 87 28 ledning
609 248 64 23 häraf
686 249 147 28 uppskattats,
848 248 70 23 blifvit
933 248 66 22 ökadt

249 284 51 21 eller
322 283 108 22 minskadt
454 283 51 22 eller
523 284 40 21 har
577 284 44 21 fast
636 283 113 28 egendoms
765 284 65 21 värde
846 283 102 27 antingen
963 289 36 21 ge-

248 324 50 16 nom
320 324 38 21 ny-
381 318 51 21 eller
454 317 163 28 tillbyggnader,
633 324 42 21 nya
694 317 239 28 fabriksanläggningar
948 317 51 22 eller

247 353 70 22 andra
339 353 145 27 inrättningar
506 353 69 21 blifvit
589 353 7 21 i
611 352 94 27 betydlig
724 353 50 20 män
788 352 95 27 förhöjdt
898 351 51 22 eller
963 355 36 24 ge-

246 394 52 15 nom
320 387 102 22 inträffad
444 387 107 27 eldsvåda,
566 386 131 23 vattenflöde
720 387 51 21 eller
793 393 71 15 annan
884 386 115 27 anledning

248 422 117 27 märkligen
388 421 138 22 förminskats
545 422 7 21 i
570 421 134 22 förhållande
725 421 33 21 till
782 421 48 22 dess
853 421 146 27 uppskattade

247 457 72 27 värde,
336 457 54 22 skall
406 457 61 21 detta
480 457 66 21 värde
561 457 144 27 nästföljande
720 457 25 20 år
757 456 84 28 jemkas
856 456 54 22 efter
921 456 26 21 de
957 455 42 22 för-

249 491 123 28 ändringar,
396 491 130 28 egendomen
549 491 122 28 undergått.
702 491 112 22 Likaledes
837 491 61 27 skall,
914 491 29 22 då
956 490 43 23 fast

248 526 102 27 egendom
366 526 100 21 söndrats
481 526 7 21 i
503 526 82 21 sådana
601 526 65 26 delar,
678 527 32 20 att
720 525 230 28 fastighetsbevillning
959 525 40 22 bör

247 560 67 21 skildt
328 560 34 21 för
377 560 47 21 dem
440 562 95 25 utgöras,
551 561 80 21 enhvar
646 560 92 21 sålunda
753 560 131 21 tillkommen
896 560 33 21 del
940 561 59 20 näst-

247 594 95 28 följande
356 596 25 20 år
396 596 84 20 åsättas
495 595 102 21 särskildt
612 595 71 21 värde.

596 659 25 20 10
637 658 18 27 8.

315 698 42 22 För
372 698 229 28 fastighetsbevillning
611 698 128 21 tillkommer
749 699 72 21 staten
832 697 113 22 enahanda
955 697 42 23 för-

246 733 108 21 mänsrätt
369 738 46 16 som
430 732 33 22 för
478 732 135 28 grundskatt.

596 797 23 20 11
637 796 17 27 $.

314 835 52 22 Fast
376 836 103 27 egendom
490 838 85 19 taxeras
586 836 38 21 och
635 835 115 28 bevillning
760 835 33 22 för
804 836 124 21 densamma
938 835 58 22 debi-

247 872 59 20 teras
322 870 38 22 och
375 870 108 27 uppbäres
498 871 58 21 inom
574 871 41 21 den
626 872 40 25 ort,
678 871 37 20 der
726 871 130 26 egendomen
867 872 24 19 är
901 870 96 27 belägen.

493 973 106 27 Bevillning
615 973 31 21 för
661 973 94 21 inkomst.

596 1037 25 20 12
636 1036 18 27 8.

314 1075 100 28 Skyldige
430 1077 33 20 att
478 1077 78 26 utgöra
571 1075 210 28 inkomstbevillning
797 1078 48 19 äro:

315 1111 23 26 a)
361 1109 55 22 finsk
439 1110 144 27 medborgare,
600 1116 45 15 som
664 1112 24 19 är
703 1111 7 20 i
725 1110 74 21 landet
813 1110 84 22 bosatt:
920 1111 34 22 för
969 1111 28 22 all

246 1145 41 20 den
302 1144 94 21 inkomst
414 1144 42 21 han
476 1145 95 26 ätnjuter
586 1151 51 14 vare
652 1145 31 26 sig
698 1145 58 21 inom
771 1145 51 21 eller
837 1147 59 20 utom
913 1145 82 27 landet;

315 1177 22 28 bd)
352 1177 56 23 finsk
423 1178 145 28 medborgare,
585 1185 45 15 som
645 1179 47 21 icke
707 1180 24 20 är
746 1179 7 21 i
768 1179 74 21 landet
856 1179 84 22 bosatt:
963 1180 33 21 för

246 1213 41 21 den
303 1212 93 22 inkomst
411 1212 42 22 han
469 1212 94 22 härifrän
580 1213 105 27 ätnjuter;

315 1248 21 26 c)
351 1247 47 21 icke
413 1246 56 22 finsk
483 1247 146 27 medborgare,
646 1253 45 15 som
706 1249 25 19 är
746 1248 7 20 i
768 1247 73 22 landet
856 1248 73 22 bosatt
945 1249 51 21 eller

244 1281 41 21 här
306 1281 120 27 uppehällit
448 1282 32 27 sig
503 1282 102 27 antingen
623 1281 133 22 fortfarande
775 1282 69 22 under
858 1284 33 20 ett
906 1284 25 20 är
946 1283 51 21 eller

245 1316 70 20 uhder
329 1318 71 18 större
415 1316 61 20 delen
492 1316 23 20 af
528 1318 33 18 tre
576 1318 29 25 pä
619 1317 123 19 hvarandra
757 1317 93 26 följande
861 1318 34 20 är:
911 1318 33 21 för
956 1319 40 20 den

244 1349 101 27 inkomst,
361 1355 45 16 som
430 1350 22 21 af
468 1350 78 21 honom
561 1350 40 21 här
615 1350 118 21 förvärfvas
749 1351 51 20 eller
815 1351 95 22 härifrän
926 1353 69 26 ätnju-

245 1385 34 20 tes
294 1383 51 22 eller
360 1384 45 27 ock,
421 1384 81 21 utifrän
517 1384 78 27 införd,
610 1384 40 22 här
666 1385 115 22 användes.

312 1418 63 22 Hvad
397 1418 39 21 här
459 1418 63 22 ofvan
545 1421 49 25 sägs
617 1425 33 15 om
674 1419 83 22 enskild
771 1426 78 21 person
865 1420 55 28 gälle
936 1421 60 22 ock
982 1414 17 38 i

244 1453 130 28 tillämpliga
396 1453 59 22 delar
475 1460 33 15 om
523 1454 137 27 menigheter,
676 1454 106 28 samfund,
797 1455 53 22 verk
864 1456 39 21 och
918 1456 78 22 inrätt-
