1106 1789
276 169 12 20 2
446 167 75 22 Ständ.
537 167 34 22 Sv.
586 179 27 4 —
628 168 65 27 Prop.
708 168 38 22 N:o
762 167 35 23 23.

247 235 65 19 terna
329 232 37 22 för
380 232 142 29 landtdagen
536 232 25 21 år
578 234 60 26 1897,
654 232 229 23 folkskoleväsendet
897 233 42 22 och
955 233 42 22 mi-

246 267 89 28 litären,
358 267 118 28 angående
497 266 80 23 hvilka
599 267 97 29 utgifter
718 267 114 22 särskilda
847 266 84 30 nådiga
946 275 50 21 pro-

246 302 127 28 positioner
388 301 80 22 blifvit
482 301 37 22 till
534 301 128 22 Ständerna
678 301 90 22 aflåtna.

314 336 46 22 Vid
382 336 44 21 den
448 336 165 22 förberedande
635 336 173 29 behandlingen
827 336 27 22 af
866 343 32 15 nu
913 336 84 29 ifråga-

246 370 99 23 varande
360 370 85 29 nådiga
459 370 143 29 proposition
618 371 41 21 har
674 370 143 23 Ständernas
833 371 163 28 Statsutskott,

245 406 30 28 pä
292 405 76 28 grund
383 405 26 21 af
421 407 26 20 36
463 407 13 25 &
491 405 8 21 i
514 404 272 29 Landtdagsordningen,
802 405 8 21 i
825 404 97 23 främsta
936 412 61 15 rum-

245 442 47 20 met
306 439 113 23 beräknat
434 440 150 21 statsverkets
600 439 125 29 tillgångar
740 439 43 23 och
798 439 98 29 utgifter
910 439 37 23 för
962 440 34 22 in-

245 474 89 29 gående
348 474 162 29 finansperiod,
526 474 86 22 sådana
626 474 28 22 de
670 474 175 22 sammanfattas
861 474 35 22 uti

456 591 130 27 Allmänna
604 591 174 27 statsfonden.

312 648 74 21 Dessa
399 647 160 29 beräkningar,
575 648 81 22 hvilka
670 647 80 22 blifvit
765 647 26 22 af
799 647 129 22 Ständerna
939 647 54 29 god-

244 682 80 28 kända,
344 681 71 23 hafva
434 682 121 29 uppgjorts
570 682 53 22 med
637 682 97 28 ledning
749 682 49 22 dels
814 682 26 21 af
853 681 140 22 statsförsla-

243 719 40 25 get
297 716 37 22 för
348 717 25 21 år
391 719 59 24 1894,
466 716 49 22 dels
530 716 26 22 af
566 716 103 30 följande
679 716 52 22 från
741 716 253 28 Finansexpeditionen

244 751 132 21 meddelade
401 751 143 29 handlingar,
570 752 126 28 nämligen:
723 751 169 29 approximativ
914 751 81 29 kalkyl

243 785 65 23 öfver
328 785 157 22 statsfondens
506 788 64 20 extra
586 786 114 22 ordinarie
716 786 86 29 budget
817 786 36 22 för
868 786 55 22 åren
939 789 56 19 1894

243 824 93 24 —1897;
352 821 169 28 approximativ
535 821 81 28 kalkyl
630 821 66 22 öfver
711 820 157 23 statsfondens
879 820 116 22 ordinarie

242 854 88 29 budget
347 854 37 23 för
399 855 54 21 ären
471 858 147 24 1895—1897;
642 857 59 20 samt
715 855 150 29 förteckning
880 855 65 22 öfver
960 856 35 21 sä-

242 888 59 22 dana
325 889 73 21 under
422 889 54 21 ären
505 892 137 20 1894—1897
667 889 189 22 förekommande
878 890 117 22 allmänna

242 923 218 29 byggnadsföretag,
483 923 37 21 för
541 923 79 22 hvilka
636 924 154 21 kostnaderna
805 924 56 28 utgä
877 924 56 21 eller
947 924 47 22 för-

242 957 89 29 skjutas
346 964 28 14 ur
388 957 116 22 allmänna
519 958 152 21 statsfonden.

309 992 47 21 Vid
377 992 158 28 beräkningen
558 992 25 22 af
599 992 156 22 statsfondens
778 992 127 28 tillgängar
919 992 74 22 under

241 1027 25 21 är
290 1029 53 19 1894
365 1026 42 22 har
428 1026 20 28 ej
469 1034 76 14 annan
560 1026 136 29 förändring
711 1027 25 21 af
750 1026 107 22 siffrorna
872 1028 8 20 i
895 1027 97 21 Finans-

241 1060 175 30 expeditionens
438 1061 82 28 kalkyl
539 1063 39 26 egt
592 1068 57 21 rum,
666 1065 28 17 än
710 1063 34 19 att
759 1061 109 29 beloppet
884 1060 26 22 af
923 1063 70 20 stats-

240 1094 98 22 fondens
358 1095 132 29 disponibla
509 1095 217 22 öfverskottsmedel
744 1096 8 21 i
768 1096 167 21 statskontoret
950 1096 40 22 vid

240 1130 118 28 utgängen
377 1129 25 21 af
415 1130 24 20 är
456 1132 60 25 1893,
532 1130 29 28 pä
576 1130 74 28 grund
665 1129 26 22 af
704 1137 80 15 senare
799 1130 120 22 meddelad
935 1138 58 21 upp-

240 1164 52 28 gift,
314 1164 119 28 upptagits
456 1164 36 22 till
510 1164 60 22 Fmk
586 1167 118 25 6,438,628:
722 1168 25 19 33
764 1164 8 22 i
787 1164 79 22 stället
880 1165 37 22 för
931 1165 60 21 Fmk

240 1200 119 26 6,222,380:
375 1200 33 20 27.
431 1198 46 22 Till
492 1198 132 22 emotsedda
638 1198 102 22 intrader
756 1198 73 22 under
844 1200 24 20 är
885 1202 54 19 1894
951 1200 41 21 har

239 1232 89 28 tillagts
346 1232 73 22 första
434 1232 247 30 afbetalningsposten,
698 1236 76 25 10,000
790 1233 71 28 mark,
877 1234 14 21 &
906 1233 44 22 den
966 1234 25 22 är

241 1270 52 19 1879
309 1267 113 21 Finlands
437 1267 231 29 Hypoteksförening
683 1267 115 29 beviljade
814 1267 148 23 subvention.

306 1301 77 21 Jemte
406 1302 38 21 det
466 1302 107 28 samtliga
595 1302 9 22 i
622 1302 265 29 Finansexpeditionens
908 1302 81 29 kalkyl

238 1337 119 26 upptagna
372 1338 64 18 extra
449 1336 114 20 ordinarie
573 1336 98 27 utgifter
684 1338 138 19 1894—1897
835 1338 87 19 ansetts
936 1336 54 22 böra

238 1368 8 21 i
256 1368 246 28 budgetberäkningen
512 1368 135 28 bibehällas,
658 1369 42 21 har
710 1376 28 14 en
749 1369 134 29 fördelning
891 1370 26 21 af
923 1370 67 22 dessa

238 1402 97 30 utgifter
357 1403 84 22 mellan
463 1404 25 21 år
512 1406 54 20 1894
589 1404 43 22 och
646 1404 186 28 finansperioden
849 1407 139 21 1895—1897

237 1437 118 23 befunnits
370 1438 136 29 erforderlig
520 1438 36 23 för
569 1440 35 21 att
617 1439 103 29 sålunda,
732 1440 141 22 åtminstone
883 1441 106 28 approxi-

237 1473 87 27 mativt,
340 1472 80 22 kunna
434 1473 101 22 beräkna
550 1474 164 28 behållningen
729 1474 9 21 i
752 1474 116 22 allmänna
879 1474 110 23 statsfon-
