1120 1784
282 175 27 20 30
474 174 28 22 U.
517 174 28 22 B.
562 186 25 3 —
603 174 73 27 Prop.
691 174 43 21 N:o
749 173 39 22 22.

328 240 170 22 Vidkommande
519 241 99 28 slutligen
641 240 133 22 äterstäende
796 240 57 21 delar
869 240 22 21 af
906 240 96 28 proposi-

254 276 82 20 tionens
360 275 79 28 förslag
460 276 32 20 till
514 275 154 21 administrativ
689 274 131 28 förordning,
835 274 83 21 hvilkas
932 274 68 21 utfär-

254 310 69 21 dande
346 309 68 22 skulle
436 310 112 21 ankomma
566 310 28 28 pä
609 310 123 27 regeringen
748 310 73 25 allena,
836 309 37 21 har
887 308 113 22 Utskottet

254 344 70 21 funnit
339 344 107 21 desamma
460 344 109 21 föranleda
585 343 75 22 endast
679 344 33 20 till
723 343 94 29 följande
828 342 171 29 anmärkningar:

324 378 110 22 Rubriken
455 378 60 21 torde
536 378 33 21 till
586 378 53 29 följd
654 378 23 20 af
691 378 165 28 författningens
872 377 127 21 förändrade

254 412 92 22 innehåll
370 412 50 21 böra
442 412 57 28 lyda:
524 412 146 28 »Kungörelse
693 412 108 28 angående
823 411 104 22 särskilda
950 411 48 21 med

255 446 177 28 patentväsendet
446 446 204 28 sammanhängande
666 446 200 28 omständigheter».

324 480 74 28 Enligt
413 488 64 20 nyare
490 482 116 27 patenträtt
617 481 55 26 böra,
684 480 70 21 såsom
764 480 64 21 redan
839 480 59 21 förut
908 479 91 29 antydts,

255 515 113 28 afgifterna
390 515 34 20 för
444 515 120 21 erhållande
585 515 41 21 och
640 514 124 29 åtnjutande
780 515 21 20 af
817 517 73 25 patent
904 515 7 20 i
927 514 73 29 början

254 549 72 21 ställas
342 549 24 22 så
381 549 47 28 låga
443 557 45 14 som
502 549 87 28 möjligt.
614 549 10 21 I
640 549 93 28 enlighet
747 549 86 21 härmed
849 549 94 27 föreslog
964 556 38 21 pa-

254 583 139 22 tentkomitén
408 587 36 22 att,
459 585 62 27 jemte
537 583 37 22 det
588 587 73 25 patent
676 585 18 26 ej
710 583 68 22 skulle
794 583 63 28 draga
873 583 69 28 någon
956 591 45 13 som

255 617 55 22 helst
332 617 211 29 stämpelbevillning,
565 617 221 28 ansökningsafgiften
801 617 68 22 skulle
884 619 76 26 utgöra
974 618 27 21 40

255 652 64 26 mark,
333 652 83 21 hvilket
430 651 77 29 belopp
521 652 77 29 jemväl
614 654 22 19 är
651 655 102 25 upptaget
767 653 6 20 i
790 653 11 20 6
818 653 12 26 3
845 653 21 20 af
876 653 126 27 propositio-

255 693 46 14 nen.
330 686 34 21 Då
387 686 116 21 emellertid
525 687 66 28 enligt
605 686 248 28 Bevillningsutskottets
873 686 82 27 förslag
969 685 33 22 till

254 720 125 27 förordning
389 720 108 28 angående
510 720 211 29 stämpelbevillning,
731 721 82 21 hvilket
823 720 80 27 förslag
913 721 8 20 i
931 720 71 21 denna

255 753 33 22 del
301 754 23 21 af
338 754 118 21 Ständerna
471 755 97 26 antagits,
583 754 121 29 patentbref
719 755 67 20 skulle
801 755 79 20 åsättas
896 762 26 13 en
938 756 63 19 stäm-

254 788 152 28 pelbevillning
421 788 23 21 af
458 789 26 20 20
500 789 59 20 mark
574 788 40 22 och
629 788 283 28 ansökningshandlingarna
923 788 78 28 jemväl

254 821 100 28 beläggas
376 822 47 20 med
448 823 94 27 stämpel,
565 830 61 14 anser
649 822 110 21 Utskottet
781 822 220 28 ansökningsafgiften

255 857 19 26 (2
290 857 19 26 &)
325 855 51 22 böra
391 856 107 21 nedsättas
513 857 32 20 till
562 858 25 20 30
603 856 64 21 mark.

325 890 35 21 Då
382 890 66 28 enligt
462 890 56 22 hvad
530 890 58 22 förut
602 890 72 22 blifvit
688 891 88 21 nämndt
791 890 130 29 uppfinning,
936 891 66 21 hvarä

254 927 73 26 patent
344 925 68 25 sökes,
427 925 83 21 komme
525 928 31 18 att
571 925 80 29 åtnjuta
667 924 69 29 skydd
751 925 64 21 redan
830 924 48 22 från
894 925 42 21 den
954 925 47 28 dag,

255 958 27 22 då
297 959 144 28 ansökningen
460 959 71 21 blifvit
546 960 6 20 i
567 960 91 22 officiela
669 959 135 29 tidningarna
815 960 110 28 kungjord,
937 960 64 21 ehuru

254 994 87 20 ärendet
356 995 56 19 ännu
426 993 48 22 icke
489 996 23 18 är
526 994 100 28 afgjordt,
640 1001 62 21 synes
717 993 37 22 det
769 1001 50 14 vara
835 994 45 21 skäl
896 996 31 19 att
942 995 6 19 i
964 995 13 19 4
989 995 11 27 $

254 1027 134 28 föreskrifva,
408 1028 51 21 att
455 1023 15 37 i
479 1028 141 28 kungörelsen
642 1028 76 28 jemväl
741 1028 39 21 bör
797 1029 79 20 erinras
891 1036 34 13 om
941 1028 59 22 detta

254 1062 144 28 provisoriska
412 1062 75 28 skydd.

324 1097 26 20 29
366 1097 12 27 $
394 1097 6 20 i
416 1104 58 20 prop.
489 1096 77 22 admin.
580 1096 81 28 förslag
670 1097 35 27 (14
713 1098 18 26 8)
749 1096 42 27 bör,
805 1097 32 21 till
852 1096 54 29 följd
921 1097 23 21 af
958 1096 41 22 den

254 1130 46 21 utaf
321 1130 112 22 Utskottet
455 1130 100 28 vidtagna
577 1130 186 29 öfverflyttningen
786 1131 22 21 at
823 1131 104 21 särskilda
943 1131 57 21 stad-

253 1164 84 28 ganden
352 1164 64 21 derur
429 1164 32 22 till
476 1164 154 29 ständerlagen,
645 1164 94 29 undergä
754 1165 177 28 omformulering.

324 1198 58 22 Enär
404 1198 65 28 enligt
488 1200 158 27 propositionen
661 1198 206 30 industristyrelsens
883 1200 117 28 expeditio-

253 1240 38 14 ner
305 1234 7 20 i
327 1233 166 28 patentärenden
513 1233 47 21 icke
576 1233 71 22 blifvit
662 1232 94 22 befriade
771 1233 48 21 frän
835 1234 58 22 lösen
909 1234 41 22 och
964 1234 34 22 sä-

253 1267 58 21 ledes
333 1267 91 21 nämnda
445 1263 134 38 myndighets
595 1263 80 38 utslag
692 1268 7 20 i
721 1268 151 27 patentärende
895 1268 47 22 icke
957 1269 43 21 kan

253 1301 69 22 såsom
338 1302 25 21 31
380 1302 12 26 $
408 1301 116 22 innehåller
533 1302 109 22 tillsändas
653 1302 115 26 sakegaren
780 1303 7 19 i
797 1302 53 26 bref,
860 1310 63 20 synes
934 1302 66 28 sagde

253 1335 26 20 31
295 1335 12 26 &
320 1335 34 26 (18
370 1335 19 26 &)
404 1335 52 20 böra
469 1334 96 27 undergå
579 1334 41 21 den
635 1334 129 28 förändring,
780 1338 31 18 att
825 1335 110 21 sökanden
952 1336 51 20 alle-

253 1371 48 17 nast
315 1367 108 21 meddelas
439 1367 151 22 underrättelse
606 1375 34 14 om
655 1367 99 22 beslutet.

323 1435 51 22 Med
390 1435 114 30 anledning
518 1436 61 21 häraf
593 1436 34 22 fär
641 1436 112 23 Utskottet
769 1438 109 22 vördsamt
894 1438 79 22 föreslä

320 1513 47 21 Lag-
380 1511 33 18 och
426 1511 184 19 Ekonomtutskottets
623 1512 110 19 betänkande
746 1515 33 16 N:o
791 1513 26 18 11.
