1123 1789
319 151 82 24 Ständ.
417 152 36 23 Sv.
471 167 25 2 —
513 153 71 27 Prop.
600 153 40 22 N:o
657 153 35 22 19.
839 155 13 20 3

132 219 71 20 meter
225 217 51 22 från
300 218 44 21 den
359 220 41 24 ort,
418 218 33 21 dit
466 217 46 22 han
527 218 78 22 blifvit
621 219 106 21 anbefald
742 221 33 19 att
790 218 94 29 begifva

132 251 36 29 sig
182 252 37 21 till
235 252 64 21 aktiv
312 252 160 29 tjenstgöring,
489 253 26 20 af
527 253 88 21 kronan
629 253 72 22 förses
716 253 52 22 med
778 253 106 28 färdpen-

131 285 84 30 ningar
237 287 57 20 efter
316 286 127 29 beräkning
462 287 26 22 af
500 289 13 20 8
528 287 70 29 penni
612 287 36 22 för
663 287 79 28 hvarje
756 287 126 28 kilometer,

131 320 110 22 hvarmed
256 321 80 22 färden
352 321 152 22 öfverskrider
513 321 101 22 nämnda
623 321 122 29 väglängd.
765 321 34 22 På
808 321 76 29 grund

132 355 26 22 af
178 355 62 22 detta
262 355 126 29 stadgande
408 355 69 22 hafva
493 356 116 22 härintills
624 355 181 30 färdpenningar
819 355 65 22 utbe-

131 390 69 22 talats
219 390 80 22 endast
313 390 37 22 för
364 390 51 22 färd
429 390 37 22 till
481 391 238 29 tjenstgöringsorten.
749 389 135 23 Emellertid

132 424 68 23 hafva
216 425 115 28 klagomål
346 425 109 29 försports
471 425 110 29 deröfver,
598 427 34 20 att
647 425 169 29 värnepligtige
826 424 59 23 efter

132 459 99 23 afslutad
246 460 119 29 tjenstetid
380 460 48 22 ofta
443 460 80 22 saknat
537 460 75 22 medel
627 462 34 20 att
670 460 95 22 bekosta
776 459 36 23 sin
822 459 62 23 hem-

131 502 55 21 resa,
203 495 95 22 hvilken
313 495 122 29 olägenhet
450 495 108 22 särskildt
573 494 121 23 framträdt
708 494 40 22 vid
764 494 120 30 gardesba-

132 530 103 29 taljonen
250 530 43 22 och
308 530 235 28 dragonregementet,
560 530 35 22 dit
606 530 170 28 värnepligtige
786 529 98 23 inkallas

132 564 52 22 från
199 564 45 22 alla
258 564 63 22 delar
336 564 25 22 af
373 564 84 22 landet.
479 564 133 28 Ständerna,
628 572 49 14 som
692 564 52 22 med
759 564 126 28 anledning

132 598 69 22 häraf
213 600 107 28 upptagit
335 599 75 22 denna
424 599 66 29 fråga
504 600 37 21 till
553 599 115 30 pröfning,
679 599 69 22 hafva
758 599 78 22 funnit
846 599 39 21 det

134 633 52 22 med
200 633 108 29 billighet
319 634 251 29 öfverensstämmande,
582 636 34 20 att
626 634 87 22 kronan
721 634 87 29 jemväl
816 633 69 23 beko-

134 670 46 20 star
195 668 103 22 hemresa
313 668 37 23 för
364 669 160 29 värnepligtig,
536 677 48 15 som
595 668 105 30 fullgjort
710 669 36 21 sin
756 668 130 30 värnepligt

133 703 39 22 vid
188 702 64 23 aktiv
267 706 73 27 trupp,
356 705 60 21 samt
429 703 24 23 få
467 704 9 21 i
491 704 184 29 underdånighet
690 703 99 23 anmäla:

408 765 29 19 alt
457 762 120 23 Ständerna
593 764 83 21 anvisat
690 762 65 22 medel
768 763 35 26 för
818 764 30 20 att
863 763 23 20 åt

338 797 143 28 värnepligtig,
503 805 45 15 som
571 798 89 27 afslutat
682 797 34 22 sin
732 797 105 28 tjenstetid
850 797 36 21 vid

340 832 54 22 aktiv
417 835 70 24 trupp,
509 834 36 20 må
567 833 69 21 kunna
652 832 78 22 betalas
745 832 33 26 för
793 832 93 21 hemresa

340 868 168 27 färdpenningar
530 868 51 27 efter
603 874 79 15 samma
706 867 113 27 beräkning
842 874 44 14 som

339 902 33 27 för
387 902 75 27 färden
478 902 32 22 till
526 902 212 28 tjenstgöringsorten.

202 959 62 21 Enär
278 958 182 30 räkenskaperna
475 959 81 28 utvisa,
573 961 34 20 att
621 958 209 30 färdpenningarna
845 965 41 15 un-

134 994 40 21 der
192 994 25 21 år
237 995 54 21 1892
306 994 89 29 utgjort
410 993 39 22 vid
463 994 215 28 gardesbataljonen
693 994 59 21 Fmk
766 994 70 28 2,389:
852 994 33 27 39,

134 1028 40 22 vid
196 1028 365 30 arméskarpskyttebataljonerna
583 1028 81 22 inalles
686 1028 59 22 Fmk
761 1029 83 27 11,091:
859 1028 28 22 53

134 1062 43 23 och
191 1063 37 21 för
243 1064 230 28 dragonregementet
485 1064 60 21 Fmk
555 1064 69 28 5,768:
636 1065 33 26 92,
680 1063 69 22 hafva
759 1062 129 22 Ständerna

134 1098 35 22 uti
184 1098 75 21 nedan
273 1098 102 28 följande
390 1098 263 28 kostnadsberäkningar
669 1098 53 21 ökat
732 1098 110 28 anslagen
852 1098 36 21 för

134 1132 214 29 gardesbataljonen
371 1132 52 22 med
445 1134 64 26 2,500
530 1133 70 28 mark,
621 1132 35 22 för
672 1132 215 29 arméskarpskytte-

134 1167 158 28 bataljonerna
307 1167 52 21 med
376 1168 75 27 12,000
466 1168 64 21 mark
545 1169 59 20 samt
612 1167 36 22 för
658 1166 230 29 dragonregementet

135 1202 53 21 med
202 1202 64 27 6,000
281 1201 70 21 mark.

204 1259 45 21 För
263 1258 131 29 Lifgardets
409 1258 72 22 finska
496 1258 249 30 skarpskyttebataljon
758 1258 130 22 beräknas
879 1254 14 39 i

136 1293 44 23 den
195 1293 85 28 nädiga
298 1292 172 30 propositionen
485 1295 33 20 ett
533 1294 80 28 anslag
628 1292 25 23 af
666 1294 93 27 400,000
774 1292 64 22 mark
852 1292 36 22 för

135 1328 80 28 hvarje
238 1327 25 22 af
284 1328 54 21 ären
362 1328 60 28 1895,
448 1328 55 22 1896
526 1328 43 22 och
592 1329 62 21 1897.
684 1328 46 21 Det
745 1327 39 22 vid
799 1329 90 20 senaste

136 1362 111 29 landtdag
266 1362 122 29 godkända
408 1362 103 28 anslaget
525 1362 37 22 för
577 1362 75 22 denna
665 1362 103 29 bataljon
782 1361 106 30 utgjorde

136 1399 94 25 355,000
250 1397 64 22 mark
338 1397 87 28 årligen
447 1397 72 22 under
539 1397 185 29 finansperioden
741 1398 147 22 1892—1894.

137 1431 35 21 De
186 1430 100 22 faktiska
301 1430 126 29 utgifterna
443 1430 36 22 för
493 1431 133 29 bataljonen
641 1430 70 22 hafva
720 1430 72 23 under
802 1430 87 22 sistför-

136 1465 73 23 flutna
230 1466 35 21 tre
287 1466 24 22 är
334 1465 8 22 i
364 1464 108 23 medeltal
489 1464 89 30 utgjort
592 1464 8 23 i
616 1465 38 21 det
668 1466 114 21 närmaste
798 1466 91 27 373,000
