1120 1773
476 143 26 22 U.
518 119 38 46 BR
560 155 27 3 —
603 120 80 56 Prop:
687 125 51 41 Nw
746 142 34 25 16.

247 198 35 21 af
302 200 34 19 ett
354 169 191 72 fordringsbevis,
559 199 74 28 enligt
652 197 136 31 vedertaget
805 199 66 27 bruk,
887 199 60 21 skall
962 186 40 34 ske

254 238 85 23 genom
366 233 138 28 kungörelse
525 233 10 21 i
555 233 92 22 landets
670 233 100 22 officiela
796 233 120 29 tidningar
944 229 60 26 samt

257 267 53 23 med
327 267 120 28 uttrycket
462 283 11 11 ,,
477 269 75 25 ortens
568 267 99 29 kyrkor"
684 268 51 21 icke
750 268 46 21 kan
812 268 60 21 afses
888 269 72 20 annat
974 270 29 18 än

257 301 44 21 den
320 303 42 24 ort,
379 301 41 22 der
435 301 43 22 den
494 309 83 22 person
592 309 47 15 som
655 302 97 33 förlorat
766 302 125 22 motboken
907 302 42 22 har
964 302 40 21 sitt

259 335 107 28 hemvist,
388 335 42 22 har
454 336 132 22 Utskottets
611 337 116 28 majoritet
758 336 79 23 funnit
867 336 138 30 stadgandet

257 377 56 14 vara
335 369 107 29 tillfylles
463 371 36 21 för
522 373 34 19 att
577 371 124 29 tillgodose
724 371 39 22 det
786 371 93 22 dermed
908 367 97 26 afsedda

257 404 110 22 behofvet
392 405 44 22 och
461 405 63 29 förty
549 406 63 21 velat
638 406 120 28 tillstyrka
780 406 138 21 detsammas
941 402 63 50 antar

257 439 82 28 gande,

324 473 13 21 I
356 474 27 21 23
404 475 44 26 (26)
467 475 9 26 5
491 469 161 51 föreskrifves,
668 473 71 22 bland
754 477 78 25 ännät,
849 477 34 19 att
897 474 108 22 motboks

257 507 158 28 innehafvare,
438 505 48 24 som
511 509 135 21 uraktlätit
655 509 34 21 att
711 505 74 25 under
808 509 143 21 de:senaste
972 508 33 21 tio

258 541 55 22 åren
337 542 48 21 låta
406 542 114 22 inskrifva
535 545 90 23 räntan
640 537 13 38 &
679 543 42 21 sitt
739 542 216 29 tillgodohafvande
970 543 35 21 uti

257 576 125 23 motboken
406 577 55 21 eller
483 577 74 21 under
579 577 71 29 sagda
669 577 35 21 tid
723 577 101 22 hvarken
844 577 87 29 uttagit
951 577 55 21 eller

258 611 72 21 insatt
348 611 75 22 medel
441 612 9 20 i
468 611 152 29 sparbanken,
635 611 137 22 förverkade
792 612 30 21 all
841 614 48 19 rätt
904 611 35 22 till
956 611 50 22 sina

259 645 150 22 innestäende
435 646 85 21 medel.
546 645 68 23 Emot
639 641 76 26 denna
737 646 204 29 preskriptionstid
965 645 42 22 har

260 680 117 30 anmärkts
400 682 35 20 att
457 681 131 21 densamma
607 688 54 14 vore
681 681 78 21 alltför
774 681 59 22 kort.
863 681 46 21 Det
925 680 82 30 inträf-

260 714 53 22 fade
324 714 58 22 icke
402 715 79 28 sällan,
497 715 135 29 isynnerhet
647 716 13 21 &
675 716 83 28 sjöfart
772 715 107 23 idkande
889 718 68 25 orter,
974 717 60 19 att--.
1049 702 27 26 in

257 751 71 26 egare
342 749 25 22 af
376 750 96 21 motbok
474 745 11 38 i
502 750 32 22 tio
548 750 55 21 eller
614 750 55 22 flera
681 751 36 20 års
729 750 36 21 tid
777 749 101 23 vistades
891 751 14 20 &
919 749 88 22 utrikes

261 786 41 24 ort,
319 784 131 21 hvarunder
464 784 125 22 motboken
604 784 52 22 icke
671 784 80 22 blifvit
765 784 8 21 i
788 784 147 28 sparbanken
950 783 58 22 före-

260 818 63 28 tedd,
347 818 73 21 ehuru
443 826 84 20 egaren
549 818 63 23 lefde
631 818 53 25 och,
689 818 202 22 sedermera
829 814 72 37 efter
906 818 102 21 nämnda

261 852 48 22 tids
327 852 91 29 förlopp
434 852 76 22 kunde
526 853 141 21 äterkomma
682 853 38 21 till
735 852 138 22 hemlandet.
904 853 44 21 Att
962 851 47 21 han

247 903 1 3 »
263 887 83 21 endast
367 886 79 23 härför
467 887 74 22 skulle
559 888 30 27 gå
607 887 110 29 förlustig
734 888 41 21 sitt
790 888 8 21 i
813 887 147 29 sparbanken
974 886 35 21 in-

262 923 60 20 satta
345 921 96 29 kapital,
463 922 78 21 kunde
563 922 51 21 icke
634 929 65 14 anses
717 929 55 14 vara
787 921 52 22 med
853 921 98 22 rättvisa
966 921 43 21 och

263 955 109 30 billighet
389 956 257 23 öfrerensstämmande.
671 951 38 27 Än
724 956 90 22 mindre
825 963 54 14 vore
889 955 40 22 det
939 955 71 28 lämp-

262 990 45 33 ligt
319 991 41 20 att
377 990 76 22 medel
473 991 86 21 insatta
577 991 35 21 för
632 991 123 29 omyndigs
773 990 100 28 räkning
889 990 7 20 i
912 989 60 33 följd
988 989 28 21 af

263 1020 75 31 denna
354 1024 203 29 preskriptionstid
574 1025 76 22 blefve
665 1025 143 21 förverkade.
831 1025 36 20 Då
882 1019 129 26 emellertid

257 1044 184 47 "ifrågavarande
464 1059 127 28 stadgande
614 1060 47 21 står
680 1059 7 21 i
707 1058 237 23 öfverensstämmelse
959 1057 53 22 med

237 1110 1 3 »
263 1093 119 22 allmänna
404 1093 80 28 lagens
506 1093 119 22 föreskrift
648 1101 36 14 om
708 1095 32 20 tio
756 1095 36 20 års
807 1092 203 30 preskriptionstid

264 1129 59 29 samt
337 1128 9 21 i
361 1129 13 21 2
389 1135 67 15 mom.
473 1128 25 21 af
510 1129 13 26 &
538 1128 67 28 ingår
622 1128 43 21 den
681 1127 147 28 bestämning
838 1129 35 19 att
882 1126 128 22 vidsträck-

264 1155 53 28 tare
334 1164 47 19 rätt
403 1162 37 21 till
463 1162 215 22 återbekommande
701 1163 25 20 af
745 1162 86 21 insatta
853 1161 76 22 medel
945 1160 35 22 får
1002 1161 8 20 i

264 1196 126 30 stadgarna
408 1197 134 28 medgifvas,
558 1197 42 22 har
618 1197 121 22 Utskottet
756 1197 52 21 icke
823 1196 81 21 tvekat
917 1195 95 42 förorda

264 1231 174 27 bibehållandet
456 1232 26 21 af
498 1231 176 29 ifrågavarande
693 1231 123 22 föreskrift.

333 1266 178 29 Förändringen
526 1267 8 21 i
550 1268 13 21 2
577 1274 67 15 mom.
661 1266 26 22 af
699 1268 28 21 24
743 1267 43 27 (27)
803 1267 12 27 &
831 1269 25 18 är
866 1264 111 30 betingad
988 1265 26 21 af

265 1300 45 22 den
324 1299 54 23 utaf
390 1301 121 21 Utskottet
526 1301 113 28 vidtagna
654 1300 99 28 ändring
768 1301 8 21 i
793 1302 26 20 14
835 1301 44 26 (16)
895 1302 20 25 $.

333 1334 41 22 Uti
393 1336 13 20 5
425 1335 43 21 och
488 1336 12 20 9
515 1340 67 16 nom.
600 1335 25 21 af
638 1336 27 20 25
679 1336 48 27 (28)
743 1336 13 25 8
770 1334 42 21 har
827 1333 122 22 Utskottet
964 1332 53 22 vid-.

267 1366 61 30 tagit
342 1368 73 28 några
430 1368 89 22 mindre
534 1364 305 32 redaktionsförändringar.

333 1402 43 23 Uti
398 1404 27 21 27
449 1404 80 27 (380).8
553 1403 41 21 har
611 1403 120 22 Utskottet
746 1403 74 21 infört
835 1406 104 18 närmare
954 1401 60 22 före-

265 1436 95 23 skrifter
376 1438 120 28 angående
512 1438 43 22 den
572 1438 155 28 ansvarighet,
739 1445 48 14 som
803 1437 45 22 den
863 1436 56 22 eller
935 1436 28 22 de
974 1440 39 18 äro

317 1507 1 3 .
336 1488 48 24 Lag-
397 1488 32 18 och
441 1488 177 20 Ekonomiutskottets
631 1483 111 32 betänkande
755 1488 36 18 N:o
805 1488 18 20 8;
