1123 1784
341 146 28 24 U.
384 147 28 23 B.
431 161 20 2 —
470 148 72 28 Prop.
557 149 43 23 N:o
617 149 34 23 15.

392 469 283 28 Bevillningsutskottets
709 470 94 28 förslag
832 470 39 22 till

323 503 229 29 sammanjemkning
575 504 28 22 af
623 504 28 22 de
674 505 73 22 delvis
771 504 100 29 skiljak-

323 538 52 28 tiga
397 538 87 28 beslut,
499 538 68 22 hvari
585 538 106 24 Ständen
713 539 97 22 stannat
831 539 40 22 vid

322 573 177 27 behandlingen
522 573 28 22 af
568 574 132 22 utskottets
722 574 148 22 betänkande

322 607 43 23 N:o
386 608 20 28 2,
425 608 9 21 i
453 608 128 28 anledning
604 608 27 22 af
651 608 65 22 Hans
735 607 135 29 Kejserliga

322 642 124 28 Majestäts
466 642 87 28 nådiga
574 644 153 27 proposition
749 643 121 28 angående

323 677 45 22 den
389 678 240 27 näringsbevillning,
645 684 51 16 som
715 678 63 22 skall
793 678 77 28 erläg-

322 718 43 21 gas
379 712 27 21 af
419 712 161 28 utländingar,
591 712 80 22 hvilka
682 712 9 22 i
701 712 103 22 Finland
814 712 56 22 idka

322 746 88 22 handel
425 746 59 23 eller
500 753 78 16 annan
592 747 93 27 näring.

184 832 83 29 Enligt
282 832 28 21 de
326 832 122 22 Utskottet
463 832 8 22 i
487 832 95 22 ärendet
602 832 200 23 tillhandakomna
817 840 52 22 pro-

117 866 202 29 tokollsutdragen
340 867 70 22 hafva
424 867 104 22 Stånden
543 868 8 21 i
567 867 108 23 afseende
690 868 13 20 å
718 867 150 22 förevarande

118 901 147 23 betänkande
281 904 93 20 stannat
389 902 41 22 vid
444 902 104 29 följande
563 903 86 22 beslut:

185 936 172 29 Ridderskapet
372 936 43 23 och
430 936 77 23 Adeln
523 937 47 28 har,
586 936 52 23 med
661 936 169 29 godkännande
845 936 27 23 af

117 970 158 23 betänkandet
294 972 8 21 i
318 971 78 28 öfrigt,
420 972 180 21 äterremitterat
621 971 128 22 detsamma
769 971 38 22 till
829 971 41 22 Ut-

116 1006 88 21 skottet
219 1005 37 22 för
270 1007 35 20 att
319 1005 25 22 ät
358 1006 11 28 8
386 1007 18 26 1,
421 1013 69 14 mom.
500 1007 14 20 3
528 1007 72 20 måtte
615 1005 77 28 gifvas
707 1005 103 28 följande
824 1005 46 22 for-

115 1039 126 28 mulering:
258 1039 75 28 ,Frän
348 1039 140 29 erläggande
504 1040 25 21 af
537 1039 146 23 förestäende
694 1039 70 28 afgift
775 1043 24 18 är
809 1039 60 22 dock

114 1073 110 23 frikallad
244 1073 124 22 undersäte
390 1074 8 21 i
414 1074 52 27 stat,
490 1074 51 21 med
563 1073 98 23 hvilken
685 1073 185 22 handelstraktat

115 1107 80 22 blifvit
210 1108 101 21 afslutad
327 1115 37 14 om
386 1107 156 29 likställighet
556 1108 53 22 med
627 1108 121 21 inhemske
763 1109 105 27 närings-

115 1142 80 22 idkare
210 1142 9 21 i
234 1141 108 23 afseende
357 1142 14 21 &
385 1142 107 21 vilkoren
515 1142 37 22 för
573 1141 151 23 bedrifvande
746 1141 27 23 af
785 1141 84 23 handel

116 1177 42 21 och
174 1177 90 28 näring,
280 1177 78 21 derest
372 1176 46 22 han
441 1176 37 22 för
501 1184 58 21 egen
580 1177 37 22 del
640 1177 56 21 eller
711 1177 8 21 i
731 1173 75 26 sådan
822 1179 47 20 stat

115 1210 194 23 hemmahörande
324 1211 144 22 hufvudman
485 1211 56 22 eller
555 1213 66 20 firma
641 1211 41 22 här
696 1211 9 22 i
720 1211 79 22 landet
813 1211 57 22 drif-

114 1252 42 14 ver
172 1245 143 29 ofvansagda
336 1245 91 22 rörelse.
457 1241 105 26 Äfvensä
584 1245 106 23 frikallas
713 1245 102 22 derifrän
833 1248 35 19 ut-

114 1279 130 28 ländingar,
265 1279 87 29 hvilka,
373 1280 75 28 enligt
462 1281 12 26 $
490 1281 26 21 12
532 1280 8 21 i
555 1279 86 30 nådiga
662 1279 168 29 förordningen
845 1279 27 22 af

116 1313 44 22 den
176 1315 26 21 31
218 1314 62 22 Mars
297 1315 55 22 1879
368 1321 37 14 om
427 1314 146 29 näringarne,
589 1314 85 22 vunnit
689 1314 108 22 tillständ
813 1316 33 20 att
861 1314 8 21 i

115 1348 102 22 Finland
244 1348 55 23 idka
323 1348 161 29 näringsyrke,
508 1349 56 22 eller
586 1348 81 23 hvilka
689 1349 41 21 vid
756 1348 113 22 nästföre-

116 1383 88 28 gäende
220 1383 107 29 taxering
348 1383 89 29 päförts
460 1382 235 29 inkomstbevillning
709 1383 30 29 pä
753 1382 77 29 grund
845 1382 27 23 af

114 1417 10 20 i
139 1417 81 21 sädant
244 1417 107 21 afseende
373 1417 111 27 möjligen
507 1417 108 27 gällande
638 1417 231 27 bevillningsförord-

114 1450 76 28 ning”.
222 1450 77 22 Slutet
314 1449 26 22 af
353 1452 126 19 momentet
494 1449 53 22 från
571 1449 44 22 och
637 1449 52 22 med
704 1449 81 23 orden:
801 1450 68 26 eller

183 1497 76 22 Bihang
272 1496 30 18 till
314 1494 215 24 Bevillningsutskottets
542 1495 116 19 betänkande
670 1496 35 18 N:o
717 1497 16 17 2.
