<?xml version="1.0" encoding="UTF-8"?>
<alto xmlns="http://www.loc.gov/standards/alto/ns-v3#" xmlns:xlink="http://www.w3.org/1999/xlink" xmlns:xsi="http://www.w3.org/2001/XMLSchema-instance" xsi:schemaLocation="http://www.loc.gov/standards/alto/ns-v3# http://www.loc.gov/alto/v3/alto-3-0.xsd">
	<Description>
		<MeasurementUnit>pixel</MeasurementUnit>
		<sourceImageInformation>
			<fileName>/tmp/tess_ku57iciy_input.PNG</fileName>
		</sourceImageInformation>
		<OCRProcessing ID="OCR_0">
			<ocrProcessingStep>
				<processingSoftware>
					<softwareName>tesseract 5.3.4</softwareName>
				</processingSoftware>
			</ocrProcessingStep>
		</OCRProcessing>
	</Description>
	<Layout>
		<Page WIDTH="1109" HEIGHT="1753" PHYSICAL_IMG_NR="0" ID="page_0">
			<PrintSpace HPOS="0" VPOS="0" WIDTH="1109" HEIGHT="1753">
				<ComposedBlock ID="cblock_0" HPOS="269" VPOS="154" WIDTH="523" HEIGHT="29">
					<TextBlock ID="block_0" HPOS="269" VPOS="154" WIDTH="523" HEIGHT="29">
						<TextLine ID="line_0" HPOS="269" VPOS="154" WIDTH="523" HEIGHT="29">
							<String ID="string_0" HPOS="269" VPOS="158" WIDTH="11" HEIGHT="19" WC="0.96" CONTENT="6"/><SP WIDTH="162" VPOS="158" HPOS="280"/>
							<String ID="string_1" HPOS="442" VPOS="155" WIDTH="74" HEIGHT="23" WC="0.89" CONTENT="Ständ."/><SP WIDTH="16" VPOS="155" HPOS="516"/>
							<String ID="string_2" HPOS="532" VPOS="155" WIDTH="34" HEIGHT="22" WC="0.93" CONTENT="Sv."/><SP WIDTH="16" VPOS="155" HPOS="566"/>
							<String ID="string_3" HPOS="582" VPOS="168" WIDTH="27" HEIGHT="2" WC="0.92" CONTENT="—"/><SP WIDTH="15" VPOS="168" HPOS="609"/>
							<String ID="string_4" HPOS="624" VPOS="155" WIDTH="66" HEIGHT="28" WC="0.96" CONTENT="Prop."/><SP WIDTH="14" VPOS="155" HPOS="690"/>
							<String ID="string_5" HPOS="704" VPOS="155" WIDTH="38" HEIGHT="22" WC="0.96" CONTENT="N:o"/><SP WIDTH="15" VPOS="155" HPOS="742"/>
							<String ID="string_6" HPOS="757" VPOS="154" WIDTH="35" HEIGHT="23" WC="0.96" CONTENT="23."/>
						</TextLine>
					</TextBlock>
				</ComposedBlock>
				<ComposedBlock ID="cblock_1" HPOS="238" VPOS="219" WIDTH="758" HEIGHT="1167">
					<TextBlock ID="block_1" HPOS="238" VPOS="219" WIDTH="756" HEIGHT="505">
						<TextLine ID="line_1" HPOS="238" VPOS="219" WIDTH="752" HEIGHT="29">
							<String ID="string_7" HPOS="238" VPOS="220" WIDTH="100" HEIGHT="22" WC="0.92" CONTENT="nämnda"/><SP WIDTH="15" VPOS="220" HPOS="338"/>
							<String ID="string_8" HPOS="353" VPOS="220" WIDTH="144" HEIGHT="22" WC="0.90" CONTENT="hufvudtitel"/><SP WIDTH="15" VPOS="220" HPOS="497"/>
							<String ID="string_9" HPOS="512" VPOS="224" WIDTH="38" HEIGHT="18" WC="0.92" CONTENT="äro"/><SP WIDTH="15" VPOS="224" HPOS="550"/>
							<String ID="string_10" HPOS="565" VPOS="220" WIDTH="129" HEIGHT="22" WC="0.92" CONTENT="Ständerna"/><SP WIDTH="10" VPOS="220" HPOS="694"/>
							<String ID="string_11" HPOS="704" VPOS="220" WIDTH="38" HEIGHT="22" WC="0.93" CONTENT="för"/><SP WIDTH="9" VPOS="220" HPOS="742"/>
							<String ID="string_12" HPOS="751" VPOS="220" WIDTH="73" HEIGHT="28" WC="0.91" CONTENT="öfrigt"/><SP WIDTH="10" VPOS="220" HPOS="824"/>
							<String ID="string_13" HPOS="834" VPOS="219" WIDTH="26" HEIGHT="23" WC="0.97" CONTENT="af"/><SP WIDTH="7" VPOS="219" HPOS="860"/>
							<String ID="string_14" HPOS="867" VPOS="220" WIDTH="44" HEIGHT="21" WC="0.93" CONTENT="den"/><SP WIDTH="11" VPOS="220" HPOS="911"/>
							<String ID="string_15" HPOS="922" VPOS="220" WIDTH="68" HEIGHT="28" WC="0.92" CONTENT="äsigt,"/>
						</TextLine>
						<TextLine ID="line_2" HPOS="239" VPOS="253" WIDTH="752" HEIGHT="30">
							<String ID="string_16" HPOS="239" VPOS="256" WIDTH="35" HEIGHT="21" WC="0.93" CONTENT="att"/><SP WIDTH="22" VPOS="256" HPOS="274"/>
							<String ID="string_17" HPOS="296" VPOS="254" WIDTH="103" HEIGHT="22" WC="0.91" CONTENT="tillskott"/><SP WIDTH="20" VPOS="254" HPOS="399"/>
							<String ID="string_18" HPOS="419" VPOS="254" WIDTH="9" HEIGHT="21" WC="0.93" CONTENT="i"/><SP WIDTH="22" VPOS="254" HPOS="428"/>
							<String ID="string_19" HPOS="450" VPOS="254" WIDTH="181" HEIGHT="23" WC="0.91" CONTENT="Universitetets"/><SP WIDTH="21" VPOS="254" HPOS="631"/>
							<String ID="string_20" HPOS="652" VPOS="256" WIDTH="46" HEIGHT="20" WC="0.93" CONTENT="stat"/><SP WIDTH="14" VPOS="256" HPOS="698"/>
							<String ID="string_21" HPOS="712" VPOS="254" WIDTH="114" HEIGHT="22" WC="0.92" CONTENT="erfordras"/><SP WIDTH="16" VPOS="254" HPOS="826"/>
							<String ID="string_22" HPOS="842" VPOS="254" WIDTH="21" HEIGHT="29" WC="0.93" CONTENT="ej"/><SP WIDTH="17" VPOS="254" HPOS="863"/>
							<String ID="string_23" HPOS="880" VPOS="254" WIDTH="60" HEIGHT="22" WC="0.90" CONTENT="blott"/><SP WIDTH="15" VPOS="254" HPOS="940"/>
							<String ID="string_24" HPOS="955" VPOS="253" WIDTH="36" HEIGHT="22" WC="0.96" CONTENT="för"/>
						</TextLine>
						<TextLine ID="line_3" HPOS="240" VPOS="288" WIDTH="751" HEIGHT="30">
							<String ID="string_25" HPOS="240" VPOS="289" WIDTH="28" HEIGHT="22" WC="0.96" CONTENT="de"/><SP WIDTH="22" VPOS="289" HPOS="268"/>
							<String ID="string_26" HPOS="290" VPOS="288" WIDTH="8" HEIGHT="22" WC="0.93" CONTENT="i"/><SP WIDTH="20" VPOS="288" HPOS="298"/>
							<String ID="string_27" HPOS="318" VPOS="288" WIDTH="264" HEIGHT="30" WC="0.92" CONTENT="Finansexpeditionens"/><SP WIDTH="16" VPOS="288" HPOS="582"/>
							<String ID="string_28" HPOS="598" VPOS="289" WIDTH="82" HEIGHT="29" WC="0.96" CONTENT="kalkyl"/><SP WIDTH="14" VPOS="289" HPOS="680"/>
							<String ID="string_29" HPOS="694" VPOS="289" WIDTH="100" HEIGHT="22" WC="0.93" CONTENT="nämnda"/><SP WIDTH="13" VPOS="289" HPOS="794"/>
							<String ID="string_30" HPOS="807" VPOS="289" WIDTH="111" HEIGHT="27" WC="0.96" CONTENT="ändamål,"/><SP WIDTH="17" VPOS="289" HPOS="918"/>
							<String ID="string_31" HPOS="935" VPOS="290" WIDTH="56" HEIGHT="20" WC="0.96" CONTENT="utan"/>
						</TextLine>
						<TextLine ID="line_4" HPOS="241" VPOS="322" WIDTH="750" HEIGHT="24">
							<String ID="string_32" HPOS="241" VPOS="324" WIDTH="43" HEIGHT="22" WC="0.92" CONTENT="ock"/><SP WIDTH="22" VPOS="324" HPOS="284"/>
							<String ID="string_33" HPOS="306" VPOS="324" WIDTH="37" HEIGHT="22" WC="0.93" CONTENT="för"/><SP WIDTH="19" VPOS="324" HPOS="343"/>
							<String ID="string_34" HPOS="362" VPOS="323" WIDTH="142" HEIGHT="23" WC="0.93" CONTENT="inrättandet"/><SP WIDTH="14" VPOS="323" HPOS="504"/>
							<String ID="string_35" HPOS="518" VPOS="324" WIDTH="26" HEIGHT="22" WC="0.96" CONTENT="af"/><SP WIDTH="12" VPOS="324" HPOS="544"/>
							<String ID="string_36" HPOS="556" VPOS="326" WIDTH="35" HEIGHT="20" WC="0.96" CONTENT="ett"/><SP WIDTH="15" VPOS="326" HPOS="591"/>
							<String ID="string_37" HPOS="606" VPOS="326" WIDTH="74" HEIGHT="20" WC="0.96" CONTENT="större"/><SP WIDTH="14" VPOS="326" HPOS="680"/>
							<String ID="string_38" HPOS="694" VPOS="324" WIDTH="64" HEIGHT="22" WC="0.93" CONTENT="antal"/><SP WIDTH="15" VPOS="324" HPOS="758"/>
							<String ID="string_39" HPOS="773" VPOS="322" WIDTH="218" HEIGHT="24" WC="0.92" CONTENT="docentunderstöd."/>
						</TextLine>
						<TextLine ID="line_5" HPOS="240" VPOS="357" WIDTH="752" HEIGHT="29">
							<String ID="string_40" HPOS="240" VPOS="358" WIDTH="83" HEIGHT="28" WC="0.93" CONTENT="Enligt"/><SP WIDTH="14" VPOS="358" HPOS="323"/>
							<String ID="string_41" HPOS="337" VPOS="357" WIDTH="62" HEIGHT="23" WC="0.93" CONTENT="hvad"/><SP WIDTH="15" VPOS="357" HPOS="399"/>
							<String ID="string_42" HPOS="414" VPOS="358" WIDTH="130" HEIGHT="22" WC="0.92" CONTENT="Ständerna"/><SP WIDTH="13" VPOS="358" HPOS="544"/>
							<String ID="string_43" HPOS="557" VPOS="359" WIDTH="115" HEIGHT="22" WC="0.90" CONTENT="inhemtat"/><SP WIDTH="15" VPOS="359" HPOS="672"/>
							<String ID="string_44" HPOS="687" VPOS="358" WIDTH="41" HEIGHT="22" WC="0.93" CONTENT="har"/><SP WIDTH="15" VPOS="358" HPOS="728"/>
							<String ID="string_45" HPOS="743" VPOS="358" WIDTH="181" HEIGHT="23" WC="0.93" CONTENT="Universitetets"/><SP WIDTH="11" VPOS="358" HPOS="924"/>
							<String ID="string_46" HPOS="935" VPOS="357" WIDTH="57" HEIGHT="22" WC="0.93" CONTENT="kon-"/>
						</TextLine>
						<TextLine ID="line_6" HPOS="240" VPOS="392" WIDTH="752" HEIGHT="30">
							<String ID="string_47" HPOS="240" VPOS="393" WIDTH="118" HEIGHT="21" WC="0.91" CONTENT="sistorium"/><SP WIDTH="19" VPOS="393" HPOS="358"/>
							<String ID="string_48" HPOS="377" VPOS="392" WIDTH="38" HEIGHT="22" WC="0.93" CONTENT="till"/><SP WIDTH="19" VPOS="392" HPOS="415"/>
							<String ID="string_49" HPOS="434" VPOS="392" WIDTH="73" HEIGHT="23" WC="0.92" CONTENT="Eders"/><SP WIDTH="15" VPOS="392" HPOS="507"/>
							<String ID="string_50" HPOS="522" VPOS="393" WIDTH="132" HEIGHT="29" WC="0.91" CONTENT="Kejserliga"/><SP WIDTH="15" VPOS="393" HPOS="654"/>
							<String ID="string_51" HPOS="669" VPOS="393" WIDTH="109" HEIGHT="29" WC="0.89" CONTENT="Majestät"/><SP WIDTH="14" VPOS="393" HPOS="778"/>
							<String ID="string_52" HPOS="792" VPOS="393" WIDTH="76" HEIGHT="28" WC="0.91" CONTENT="ingätt"/><SP WIDTH="15" VPOS="393" HPOS="868"/>
							<String ID="string_53" HPOS="883" VPOS="392" WIDTH="53" HEIGHT="22" WC="0.93" CONTENT="med"/><SP WIDTH="14" VPOS="392" HPOS="936"/>
							<String ID="string_54" HPOS="950" VPOS="399" WIDTH="42" HEIGHT="14" WC="0.92" CONTENT="un-"/>
						</TextLine>
						<TextLine ID="line_7" HPOS="240" VPOS="427" WIDTH="752" HEIGHT="29">
							<String ID="string_55" HPOS="240" VPOS="427" WIDTH="112" HEIGHT="29" WC="0.92" CONTENT="derdänig"/><SP WIDTH="9" VPOS="427" HPOS="352"/>
							<String ID="string_56" HPOS="361" VPOS="427" WIDTH="139" HEIGHT="22" WC="0.96" CONTENT="hemställan"/><SP WIDTH="9" VPOS="427" HPOS="500"/>
							<String ID="string_57" HPOS="509" VPOS="428" WIDTH="87" HEIGHT="28" WC="0.96" CONTENT="härom,"/><SP WIDTH="10" VPOS="428" HPOS="596"/>
							<String ID="string_58" HPOS="606" VPOS="427" WIDTH="74" HEIGHT="23" WC="0.93" CONTENT="under"/><SP WIDTH="9" VPOS="427" HPOS="680"/>
							<String ID="string_59" HPOS="689" VPOS="427" WIDTH="167" HEIGHT="23" WC="0.80" CONTENT="framhällande"/><SP WIDTH="10" VPOS="427" HPOS="856"/>
							<String ID="string_60" HPOS="866" VPOS="427" WIDTH="26" HEIGHT="22" WC="0.93" CONTENT="af"/><SP WIDTH="8" VPOS="427" HPOS="892"/>
							<String ID="string_61" HPOS="900" VPOS="427" WIDTH="92" HEIGHT="22" WC="0.91" CONTENT="docent-"/>
						</TextLine>
						<TextLine ID="line_8" HPOS="240" VPOS="461" WIDTH="753" HEIGHT="30">
							<String ID="string_62" HPOS="240" VPOS="462" WIDTH="176" HEIGHT="21" WC="0.93" CONTENT="institutionens"/><SP WIDTH="16" VPOS="462" HPOS="416"/>
							<String ID="string_63" HPOS="432" VPOS="461" WIDTH="119" HEIGHT="30" WC="0.93" CONTENT="betydelse"/><SP WIDTH="15" VPOS="461" HPOS="551"/>
							<String ID="string_64" HPOS="566" VPOS="463" WIDTH="65" HEIGHT="22" WC="0.90" CONTENT="säväl"/><SP WIDTH="14" VPOS="463" HPOS="631"/>
							<String ID="string_65" HPOS="645" VPOS="462" WIDTH="36" HEIGHT="23" WC="0.93" CONTENT="för"/><SP WIDTH="16" VPOS="462" HPOS="681"/>
							<String ID="string_66" HPOS="697" VPOS="462" WIDTH="115" HEIGHT="29" WC="0.93" CONTENT="fyllandet"/><SP WIDTH="10" VPOS="462" HPOS="812"/>
							<String ID="string_67" HPOS="822" VPOS="462" WIDTH="26" HEIGHT="22" WC="0.89" CONTENT="af"/><SP WIDTH="6" VPOS="462" HPOS="848"/>
							<String ID="string_68" HPOS="854" VPOS="462" WIDTH="78" HEIGHT="28" WC="0.89" CONTENT="lediga"/><SP WIDTH="10" VPOS="462" HPOS="932"/>
							<String ID="string_69" HPOS="942" VPOS="469" WIDTH="51" HEIGHT="22" WC="0.93" CONTENT="pro-"/>
						</TextLine>
						<TextLine ID="line_9" HPOS="240" VPOS="496" WIDTH="754" HEIGHT="31">
							<String ID="string_70" HPOS="240" VPOS="496" WIDTH="180" HEIGHT="29" WC="0.82" CONTENT="fessorsplatser,"/><SP WIDTH="23" VPOS="496" HPOS="420"/>
							<String ID="string_71" HPOS="443" VPOS="504" WIDTH="49" HEIGHT="14" WC="0.96" CONTENT="som"/><SP WIDTH="20" VPOS="504" HPOS="492"/>
							<String ID="string_72" HPOS="512" VPOS="496" WIDTH="37" HEIGHT="23" WC="0.93" CONTENT="för"/><SP WIDTH="15" VPOS="496" HPOS="549"/>
							<String ID="string_73" HPOS="564" VPOS="497" WIDTH="214" HEIGHT="30" WC="0.96" CONTENT="upprätthållandet"/><SP WIDTH="17" VPOS="497" HPOS="778"/>
							<String ID="string_74" HPOS="795" VPOS="497" WIDTH="25" HEIGHT="22" WC="0.96" CONTENT="af"/><SP WIDTH="16" VPOS="497" HPOS="820"/>
							<String ID="string_75" HPOS="836" VPOS="505" WIDTH="29" HEIGHT="14" WC="0.93" CONTENT="en"/><SP WIDTH="17" VPOS="505" HPOS="865"/>
							<String ID="string_76" HPOS="882" VPOS="496" WIDTH="112" HEIGHT="29" WC="0.95" CONTENT="tidsenlig"/>
						</TextLine>
						<TextLine ID="line_10" HPOS="241" VPOS="531" WIDTH="752" HEIGHT="28">
							<String ID="string_77" HPOS="241" VPOS="531" WIDTH="175" HEIGHT="28" WC="0.95" CONTENT="undervisning."/><SP WIDTH="30" VPOS="531" HPOS="416"/>
							<String ID="string_78" HPOS="446" VPOS="531" WIDTH="54" HEIGHT="22" WC="0.93" CONTENT="Med"/><SP WIDTH="19" VPOS="531" HPOS="500"/>
							<String ID="string_79" HPOS="519" VPOS="531" WIDTH="109" HEIGHT="23" WC="0.91" CONTENT="afseende"/><SP WIDTH="15" VPOS="531" HPOS="628"/>
							<String ID="string_80" HPOS="643" VPOS="533" WIDTH="13" HEIGHT="20" WC="0.91" CONTENT="ä"/><SP WIDTH="15" VPOS="533" HPOS="656"/>
							<String ID="string_81" HPOS="671" VPOS="532" WIDTH="64" HEIGHT="22" WC="0.93" CONTENT="detta"/><SP WIDTH="14" VPOS="532" HPOS="735"/>
							<String ID="string_82" HPOS="749" VPOS="531" WIDTH="185" HEIGHT="22" WC="0.91" CONTENT="beaktansvärda"/><SP WIDTH="14" VPOS="531" HPOS="934"/>
							<String ID="string_83" HPOS="948" VPOS="531" WIDTH="45" HEIGHT="22" WC="0.93" CONTENT="för-"/>
						</TextLine>
						<TextLine ID="line_11" HPOS="241" VPOS="565" WIDTH="753" HEIGHT="30">
							<String ID="string_84" HPOS="241" VPOS="565" WIDTH="51" HEIGHT="29" WC="0.96" CONTENT="slag"/><SP WIDTH="14" VPOS="565" HPOS="292"/>
							<String ID="string_85" HPOS="306" VPOS="565" WIDTH="44" HEIGHT="22" WC="0.96" CONTENT="och"/><SP WIDTH="14" VPOS="565" HPOS="350"/>
							<String ID="string_86" HPOS="364" VPOS="565" WIDTH="30" HEIGHT="21" WC="0.93" CONTENT="dä"/><SP WIDTH="15" VPOS="565" HPOS="394"/>
							<String ID="string_87" HPOS="409" VPOS="565" WIDTH="129" HEIGHT="23" WC="0.92" CONTENT="Ständerna"/><SP WIDTH="14" VPOS="565" HPOS="538"/>
							<String ID="string_88" HPOS="552" VPOS="566" WIDTH="98" HEIGHT="22" WC="0.92" CONTENT="beslutit"/><SP WIDTH="14" VPOS="566" HPOS="650"/>
							<String ID="string_89" HPOS="664" VPOS="573" WIDTH="84" HEIGHT="21" WC="0.96" CONTENT="genom"/><SP WIDTH="15" VPOS="573" HPOS="748"/>
							<String ID="string_90" HPOS="763" VPOS="574" WIDTH="29" HEIGHT="14" WC="0.93" CONTENT="en"/><SP WIDTH="16" VPOS="574" HPOS="792"/>
							<String ID="string_91" HPOS="808" VPOS="566" WIDTH="99" HEIGHT="29" WC="0.92" CONTENT="petition"/><SP WIDTH="13" VPOS="566" HPOS="907"/>
							<String ID="string_92" HPOS="920" VPOS="565" WIDTH="74" HEIGHT="22" WC="0.92" CONTENT="uttala"/>
						</TextLine>
						<TextLine ID="line_12" HPOS="241" VPOS="599" WIDTH="753" HEIGHT="29">
							<String ID="string_93" HPOS="241" VPOS="600" WIDTH="37" HEIGHT="28" WC="0.96" CONTENT="sig"/><SP WIDTH="21" VPOS="600" HPOS="278"/>
							<String ID="string_94" HPOS="299" VPOS="600" WIDTH="37" HEIGHT="21" WC="0.96" CONTENT="för"/><SP WIDTH="22" VPOS="600" HPOS="336"/>
							<String ID="string_95" HPOS="358" VPOS="599" WIDTH="150" HEIGHT="29" WC="0.96" CONTENT="användning"/><SP WIDTH="22" VPOS="599" HPOS="508"/>
							<String ID="string_96" HPOS="530" VPOS="600" WIDTH="27" HEIGHT="22" WC="0.92" CONTENT="af"/><SP WIDTH="17" VPOS="600" HPOS="557"/>
							<String ID="string_97" HPOS="574" VPOS="600" WIDTH="133" HEIGHT="22" WC="0.92" CONTENT="statsmedel"/><SP WIDTH="18" VPOS="600" HPOS="707"/>
							<String ID="string_98" HPOS="725" VPOS="600" WIDTH="37" HEIGHT="22" WC="0.93" CONTENT="till"/><SP WIDTH="15" VPOS="600" HPOS="762"/>
							<String ID="string_99" HPOS="777" VPOS="600" WIDTH="129" HEIGHT="22" WC="0.92" CONTENT="belönande"/><SP WIDTH="15" VPOS="600" HPOS="906"/>
							<String ID="string_100" HPOS="921" VPOS="600" WIDTH="26" HEIGHT="22" WC="0.93" CONTENT="af"/><SP WIDTH="12" VPOS="600" HPOS="947"/>
							<String ID="string_101" HPOS="959" VPOS="600" WIDTH="35" HEIGHT="22" WC="0.91" CONTENT="in-"/>
						</TextLine>
						<TextLine ID="line_13" HPOS="241" VPOS="634" WIDTH="753" HEIGHT="30">
							<String ID="string_102" HPOS="241" VPOS="634" WIDTH="96" HEIGHT="22" WC="0.92" CONTENT="hemska"/><SP WIDTH="22" VPOS="634" HPOS="337"/>
							<String ID="string_103" HPOS="359" VPOS="636" WIDTH="133" HEIGHT="24" WC="0.89" CONTENT="tonsättare,"/><SP WIDTH="22" VPOS="636" HPOS="492"/>
							<String ID="string_104" HPOS="514" VPOS="635" WIDTH="43" HEIGHT="22" WC="0.96" CONTENT="har"/><SP WIDTH="21" VPOS="635" HPOS="557"/>
							<String ID="string_105" HPOS="578" VPOS="635" WIDTH="40" HEIGHT="22" WC="0.93" CONTENT="det"/><SP WIDTH="22" VPOS="635" HPOS="618"/>
							<String ID="string_106" HPOS="640" VPOS="637" WIDTH="88" HEIGHT="20" WC="0.91" CONTENT="ansetts"/><SP WIDTH="18" VPOS="637" HPOS="728"/>
							<String ID="string_107" HPOS="746" VPOS="635" WIDTH="83" HEIGHT="29" WC="0.92" CONTENT="nödigt"/><SP WIDTH="15" VPOS="635" HPOS="829"/>
							<String ID="string_108" HPOS="844" VPOS="637" WIDTH="34" HEIGHT="20" WC="0.93" CONTENT="att"/><SP WIDTH="15" VPOS="637" HPOS="878"/>
							<String ID="string_109" HPOS="893" VPOS="635" WIDTH="101" HEIGHT="21" WC="0.92" CONTENT="beräkna"/>
						</TextLine>
						<TextLine ID="line_14" HPOS="241" VPOS="668" WIDTH="753" HEIGHT="29">
							<String ID="string_110" HPOS="241" VPOS="668" WIDTH="179" HEIGHT="29" WC="0.92" CONTENT="medelutgiften"/><SP WIDTH="28" VPOS="668" HPOS="420"/>
							<String ID="string_111" HPOS="448" VPOS="668" WIDTH="74" HEIGHT="22" WC="0.93" CONTENT="under"/><SP WIDTH="30" VPOS="668" HPOS="522"/>
							<String ID="string_112" HPOS="552" VPOS="669" WIDTH="48" HEIGHT="23" WC="0.91" CONTENT="7:de"/><SP WIDTH="27" VPOS="669" HPOS="600"/>
							<String ID="string_113" HPOS="627" VPOS="669" WIDTH="160" HEIGHT="22" WC="0.91" CONTENT="hufvudtiteln"/><SP WIDTH="26" VPOS="669" HPOS="787"/>
							<String ID="string_114" HPOS="813" VPOS="670" WIDTH="39" HEIGHT="21" WC="0.93" CONTENT="till"/><SP WIDTH="30" VPOS="670" HPOS="852"/>
							<String ID="string_115" HPOS="882" VPOS="672" WIDTH="112" HEIGHT="25" WC="0.73" CONTENT="5,200,000"/>
						</TextLine>
						<TextLine ID="line_15" HPOS="240" VPOS="703" WIDTH="71" HEIGHT="21">
							<String ID="string_116" HPOS="240" VPOS="703" WIDTH="71" HEIGHT="21" WC="0.93" CONTENT="mark."/>
						</TextLine>
					</TextBlock>
					<TextBlock ID="block_2" HPOS="241" VPOS="737" WIDTH="755" HEIGHT="265">
						<TextLine ID="line_16" HPOS="309" VPOS="737" WIDTH="685" HEIGHT="30">
							<String ID="string_117" HPOS="309" VPOS="737" WIDTH="63" HEIGHT="22" WC="0.89" CONTENT="Enär"/><SP WIDTH="23" VPOS="737" HPOS="372"/>
							<String ID="string_118" HPOS="395" VPOS="738" WIDTH="129" HEIGHT="22" WC="0.92" CONTENT="Ständerna"/><SP WIDTH="22" VPOS="738" HPOS="524"/>
							<String ID="string_119" HPOS="546" VPOS="739" WIDTH="40" HEIGHT="21" WC="0.96" CONTENT="vid"/><SP WIDTH="16" VPOS="739" HPOS="586"/>
							<String ID="string_120" HPOS="602" VPOS="739" WIDTH="75" HEIGHT="22" WC="0.93" CONTENT="denna"/><SP WIDTH="21" VPOS="739" HPOS="677"/>
							<String ID="string_121" HPOS="698" VPOS="739" WIDTH="112" HEIGHT="28" WC="0.90" CONTENT="landtdag"/><SP WIDTH="22" VPOS="739" HPOS="810"/>
							<String ID="string_122" HPOS="832" VPOS="738" WIDTH="98" HEIGHT="23" WC="0.89" CONTENT="beslutit"/><SP WIDTH="22" VPOS="738" HPOS="930"/>
							<String ID="string_123" HPOS="952" VPOS="739" WIDTH="42" HEIGHT="21" WC="0.96" CONTENT="hos"/>
						</TextLine>
						<TextLine ID="line_17" HPOS="241" VPOS="772" WIDTH="753" HEIGHT="29">
							<String ID="string_124" HPOS="241" VPOS="772" WIDTH="73" HEIGHT="22" WC="0.82" CONTENT="Eders"/><SP WIDTH="23" VPOS="772" HPOS="314"/>
							<String ID="string_125" HPOS="337" VPOS="772" WIDTH="109" HEIGHT="29" WC="0.96" CONTENT="Majestät"/><SP WIDTH="20" VPOS="772" HPOS="446"/>
							<String ID="string_126" HPOS="466" VPOS="773" WIDTH="8" HEIGHT="21" WC="0.93" CONTENT="i"/><SP WIDTH="18" VPOS="773" HPOS="474"/>
							<String ID="string_127" HPOS="492" VPOS="773" WIDTH="186" HEIGHT="28" WC="0.92" CONTENT="underdänighet"/><SP WIDTH="15" VPOS="773" HPOS="678"/>
							<String ID="string_128" HPOS="693" VPOS="773" WIDTH="92" HEIGHT="22" WC="0.96" CONTENT="anhålla"/><SP WIDTH="15" VPOS="773" HPOS="785"/>
							<String ID="string_129" HPOS="800" VPOS="780" WIDTH="37" HEIGHT="15" WC="0.93" CONTENT="om"/><SP WIDTH="15" VPOS="780" HPOS="837"/>
							<String ID="string_130" HPOS="852" VPOS="772" WIDTH="142" HEIGHT="23" WC="0.96" CONTENT="inrättandet"/>
						</TextLine>
						<TextLine ID="line_18" HPOS="242" VPOS="806" WIDTH="753" HEIGHT="29">
							<String ID="string_131" HPOS="242" VPOS="807" WIDTH="26" HEIGHT="22" WC="0.93" CONTENT="af"/><SP WIDTH="19" VPOS="807" HPOS="268"/>
							<String ID="string_132" HPOS="287" VPOS="806" WIDTH="55" HEIGHT="23" WC="0.96" CONTENT="flere"/><SP WIDTH="18" VPOS="806" HPOS="342"/>
							<String ID="string_133" HPOS="360" VPOS="814" WIDTH="46" HEIGHT="21" WC="0.92" CONTENT="nya"/><SP WIDTH="12" VPOS="814" HPOS="406"/>
							<String ID="string_134" HPOS="418" VPOS="806" WIDTH="212" HEIGHT="29" WC="0.92" CONTENT="jordbruksskolor,"/><SP WIDTH="16" VPOS="806" HPOS="630"/>
							<String ID="string_135" HPOS="646" VPOS="807" WIDTH="42" HEIGHT="22" WC="0.96" CONTENT="har"/><SP WIDTH="14" VPOS="807" HPOS="688"/>
							<String ID="string_136" HPOS="702" VPOS="807" WIDTH="37" HEIGHT="22" WC="0.96" CONTENT="för"/><SP WIDTH="15" VPOS="807" HPOS="739"/>
							<String ID="string_137" HPOS="754" VPOS="807" WIDTH="64" HEIGHT="22" WC="0.93" CONTENT="detta"/><SP WIDTH="15" VPOS="807" HPOS="818"/>
							<String ID="string_138" HPOS="833" VPOS="807" WIDTH="111" HEIGHT="28" WC="0.93" CONTENT="ändamål,"/><SP WIDTH="16" VPOS="807" HPOS="944"/>
							<String ID="string_139" HPOS="960" VPOS="810" WIDTH="35" HEIGHT="19" WC="0.92" CONTENT="ut-"/>
						</TextLine>
						<TextLine ID="line_19" HPOS="242" VPOS="841" WIDTH="753" HEIGHT="30">
							<String ID="string_140" HPOS="242" VPOS="841" WIDTH="66" HEIGHT="22" WC="0.96" CONTENT="öfver"/><SP WIDTH="22" VPOS="841" HPOS="308"/>
							<String ID="string_141" HPOS="330" VPOS="841" WIDTH="44" HEIGHT="22" WC="0.93" CONTENT="den"/><SP WIDTH="23" VPOS="841" HPOS="374"/>
							<String ID="string_142" HPOS="397" VPOS="842" WIDTH="105" HEIGHT="29" WC="0.96" CONTENT="stegring"/><SP WIDTH="22" VPOS="842" HPOS="502"/>
							<String ID="string_143" HPOS="524" VPOS="841" WIDTH="26" HEIGHT="22" WC="0.93" CONTENT="af"/><SP WIDTH="20" VPOS="841" HPOS="550"/>
							<String ID="string_144" HPOS="570" VPOS="842" WIDTH="49" HEIGHT="23" WC="0.92" CONTENT="8:de"/><SP WIDTH="19" VPOS="842" HPOS="619"/>
							<String ID="string_145" HPOS="638" VPOS="842" WIDTH="166" HEIGHT="27" WC="0.92" CONTENT="hufvudtiteln,"/><SP WIDTH="17" VPOS="842" HPOS="804"/>
							<String ID="string_146" HPOS="821" VPOS="849" WIDTH="49" HEIGHT="15" WC="0.96" CONTENT="som"/><SP WIDTH="15" VPOS="849" HPOS="870"/>
							<String ID="string_147" HPOS="885" VPOS="842" WIDTH="8" HEIGHT="21" WC="0.93" CONTENT="i"/><SP WIDTH="15" VPOS="842" HPOS="893"/>
							<String ID="string_148" HPOS="908" VPOS="842" WIDTH="87" HEIGHT="21" WC="0.83" CONTENT="merbe-"/>
						</TextLine>
						<TextLine ID="line_20" HPOS="241" VPOS="875" WIDTH="755" HEIGHT="29">
							<String ID="string_149" HPOS="241" VPOS="875" WIDTH="68" HEIGHT="23" WC="0.92" CONTENT="rörda"/><SP WIDTH="15" VPOS="875" HPOS="309"/>
							<String ID="string_150" HPOS="324" VPOS="876" WIDTH="82" HEIGHT="28" WC="0.95" CONTENT="kalkyl"/><SP WIDTH="14" VPOS="876" HPOS="406"/>
							<String ID="string_151" HPOS="420" VPOS="875" WIDTH="74" HEIGHT="23" WC="0.96" CONTENT="delvis"/><SP WIDTH="14" VPOS="875" HPOS="494"/>
							<String ID="string_152" HPOS="508" VPOS="875" WIDTH="37" HEIGHT="22" WC="0.93" CONTENT="för"/><SP WIDTH="15" VPOS="875" HPOS="545"/>
							<String ID="string_153" HPOS="560" VPOS="876" WIDTH="119" HEIGHT="22" WC="0.96" CONTENT="enahanda"/><SP WIDTH="13" VPOS="876" HPOS="679"/>
							<String ID="string_154" HPOS="692" VPOS="876" WIDTH="106" HEIGHT="22" WC="0.96" CONTENT="ändamål"/><SP WIDTH="10" VPOS="876" HPOS="798"/>
							<String ID="string_155" HPOS="808" VPOS="876" WIDTH="130" HEIGHT="28" WC="0.93" CONTENT="beräknats,"/><SP WIDTH="11" VPOS="876" HPOS="938"/>
							<String ID="string_156" HPOS="949" VPOS="876" WIDTH="47" HEIGHT="22" WC="0.92" CONTENT="för-"/>
						</TextLine>
						<TextLine ID="line_21" HPOS="242" VPOS="910" WIDTH="754" HEIGHT="30">
							<String ID="string_157" HPOS="242" VPOS="910" WIDTH="100" HEIGHT="29" WC="0.91" CONTENT="slagsvis"/><SP WIDTH="18" VPOS="910" HPOS="342"/>
							<String ID="string_158" HPOS="360" VPOS="910" WIDTH="90" HEIGHT="29" WC="0.91" CONTENT="tillagts"/><SP WIDTH="19" VPOS="910" HPOS="450"/>
							<String ID="string_159" HPOS="469" VPOS="913" WIDTH="34" HEIGHT="20" WC="0.93" CONTENT="ett"/><SP WIDTH="14" VPOS="913" HPOS="503"/>
							<String ID="string_160" HPOS="517" VPOS="911" WIDTH="71" HEIGHT="29" WC="0.90" CONTENT="ärligt"/><SP WIDTH="16" VPOS="911" HPOS="588"/>
							<String ID="string_161" HPOS="604" VPOS="911" WIDTH="82" HEIGHT="29" WC="0.93" CONTENT="belopp"/><SP WIDTH="16" VPOS="911" HPOS="686"/>
							<String ID="string_162" HPOS="702" VPOS="910" WIDTH="26" HEIGHT="23" WC="0.93" CONTENT="af"/><SP WIDTH="13" VPOS="910" HPOS="728"/>
							<String ID="string_163" HPOS="741" VPOS="913" WIDTH="77" HEIGHT="26" WC="0.93" CONTENT="50,000"/><SP WIDTH="14" VPOS="913" HPOS="818"/>
							<String ID="string_164" HPOS="832" VPOS="911" WIDTH="72" HEIGHT="28" WC="0.93" CONTENT="mark,"/><SP WIDTH="16" VPOS="911" HPOS="904"/>
							<String ID="string_165" HPOS="920" VPOS="911" WIDTH="76" HEIGHT="22" WC="0.92" CONTENT="hvari-"/>
						</TextLine>
						<TextLine ID="line_22" HPOS="242" VPOS="945" WIDTH="753" HEIGHT="30">
							<String ID="string_166" HPOS="242" VPOS="952" WIDTH="83" HEIGHT="22" WC="0.96" CONTENT="genom"/><SP WIDTH="16" VPOS="952" HPOS="325"/>
							<String ID="string_167" HPOS="341" VPOS="945" WIDTH="76" HEIGHT="22" WC="0.93" CONTENT="denna"/><SP WIDTH="14" VPOS="945" HPOS="417"/>
							<String ID="string_168" HPOS="431" VPOS="945" WIDTH="144" HEIGHT="22" WC="0.91" CONTENT="hufvudtitel"/><SP WIDTH="15" VPOS="945" HPOS="575"/>
							<String ID="string_169" HPOS="590" VPOS="946" WIDTH="91" HEIGHT="22" WC="0.92" CONTENT="komme"/><SP WIDTH="15" VPOS="946" HPOS="681"/>
							<String ID="string_170" HPOS="696" VPOS="948" WIDTH="35" HEIGHT="19" WC="0.93" CONTENT="att"/><SP WIDTH="14" VPOS="948" HPOS="731"/>
							<String ID="string_171" HPOS="745" VPOS="946" WIDTH="78" HEIGHT="29" WC="0.92" CONTENT="uppgä"/><SP WIDTH="13" VPOS="946" HPOS="823"/>
							<String ID="string_172" HPOS="836" VPOS="945" WIDTH="36" HEIGHT="22" WC="0.93" CONTENT="till"/><SP WIDTH="14" VPOS="945" HPOS="872"/>
							<String ID="string_173" HPOS="886" VPOS="948" WIDTH="109" HEIGHT="24" WC="0.92" CONTENT="1,850,000"/>
						</TextLine>
						<TextLine ID="line_23" HPOS="242" VPOS="979" WIDTH="71" HEIGHT="23">
							<String ID="string_174" HPOS="242" VPOS="979" WIDTH="71" HEIGHT="23" WC="0.96" CONTENT="mark."/>
						</TextLine>
					</TextBlock>
					<TextBlock ID="block_3" HPOS="242" VPOS="1013" WIDTH="754" HEIGHT="195">
						<TextLine ID="line_24" HPOS="310" VPOS="1013" WIDTH="686" HEIGHT="31">
							<String ID="string_175" HPOS="310" VPOS="1014" WIDTH="36" HEIGHT="22" WC="0.93" CONTENT="Dä"/><SP WIDTH="19" VPOS="1014" HPOS="346"/>
							<String ID="string_176" HPOS="365" VPOS="1013" WIDTH="44" HEIGHT="22" WC="0.96" CONTENT="den"/><SP WIDTH="20" VPOS="1013" HPOS="409"/>
							<String ID="string_177" HPOS="429" VPOS="1014" WIDTH="73" HEIGHT="29" WC="0.93" CONTENT="ärliga"/><SP WIDTH="16" VPOS="1014" HPOS="502"/>
							<String ID="string_178" HPOS="518" VPOS="1015" WIDTH="135" HEIGHT="29" WC="0.91" CONTENT="stegringen"/><SP WIDTH="15" VPOS="1015" HPOS="653"/>
							<String ID="string_179" HPOS="668" VPOS="1015" WIDTH="8" HEIGHT="21" WC="0.93" CONTENT="i"/><SP WIDTH="15" VPOS="1015" HPOS="676"/>
							<String ID="string_180" HPOS="691" VPOS="1015" WIDTH="147" HEIGHT="27" WC="0.92" CONTENT="postverkets"/><SP WIDTH="15" VPOS="1015" HPOS="838"/>
							<String ID="string_181" HPOS="853" VPOS="1014" WIDTH="99" HEIGHT="28" WC="0.96" CONTENT="utgifter"/><SP WIDTH="15" VPOS="1014" HPOS="952"/>
							<String ID="string_182" HPOS="967" VPOS="1014" WIDTH="29" HEIGHT="28" WC="0.97" CONTENT="pä"/>
						</TextLine>
						<TextLine ID="line_25" HPOS="244" VPOS="1048" WIDTH="751" HEIGHT="29">
							<String ID="string_183" HPOS="244" VPOS="1048" WIDTH="76" HEIGHT="29" WC="0.96" CONTENT="grund"/><SP WIDTH="20" VPOS="1048" HPOS="320"/>
							<String ID="string_184" HPOS="340" VPOS="1048" WIDTH="26" HEIGHT="21" WC="0.96" CONTENT="af"/><SP WIDTH="12" VPOS="1048" HPOS="366"/>
							<String ID="string_185" HPOS="378" VPOS="1048" WIDTH="28" HEIGHT="21" WC="0.93" CONTENT="de"/><SP WIDTH="16" VPOS="1048" HPOS="406"/>
							<String ID="string_186" HPOS="422" VPOS="1048" WIDTH="138" HEIGHT="29" WC="0.92" CONTENT="föregäende"/><SP WIDTH="15" VPOS="1048" HPOS="560"/>
							<String ID="string_187" HPOS="575" VPOS="1050" WIDTH="66" HEIGHT="21" WC="0.91" CONTENT="ärens"/><SP WIDTH="16" VPOS="1050" HPOS="641"/>
							<String ID="string_188" HPOS="657" VPOS="1048" WIDTH="132" HEIGHT="23" WC="0.92" CONTENT="erfarenhet"/><SP WIDTH="14" VPOS="1048" HPOS="789"/>
							<String ID="string_189" HPOS="803" VPOS="1049" WIDTH="52" HEIGHT="21" WC="0.92" CONTENT="icke"/><SP WIDTH="15" VPOS="1049" HPOS="855"/>
							<String ID="string_190" HPOS="870" VPOS="1048" WIDTH="46" HEIGHT="22" WC="0.93" CONTENT="kan"/><SP WIDTH="16" VPOS="1048" HPOS="916"/>
							<String ID="string_191" HPOS="932" VPOS="1051" WIDTH="63" HEIGHT="19" WC="0.92" CONTENT="anta-"/>
						</TextLine>
						<TextLine ID="line_26" HPOS="243" VPOS="1082" WIDTH="753" HEIGHT="30">
							<String ID="string_192" HPOS="243" VPOS="1089" WIDTH="41" HEIGHT="22" WC="0.91" CONTENT="gas"/><SP WIDTH="26" VPOS="1089" HPOS="284"/>
							<String ID="string_193" HPOS="310" VPOS="1082" WIDTH="75" HEIGHT="22" WC="0.90" CONTENT="blifva"/><SP WIDTH="25" VPOS="1082" HPOS="385"/>
							<String ID="string_194" HPOS="410" VPOS="1084" WIDTH="25" HEIGHT="21" WC="0.93" CONTENT="sä"/><SP WIDTH="21" VPOS="1084" HPOS="435"/>
							<String ID="string_195" HPOS="456" VPOS="1083" WIDTH="48" HEIGHT="29" WC="0.93" CONTENT="hög"/><SP WIDTH="22" VPOS="1083" HPOS="504"/>
							<String ID="string_196" HPOS="526" VPOS="1091" WIDTH="49" HEIGHT="14" WC="0.96" CONTENT="som"/><SP WIDTH="23" VPOS="1091" HPOS="575"/>
							<String ID="string_197" HPOS="598" VPOS="1083" WIDTH="8" HEIGHT="22" WC="0.93" CONTENT="i"/><SP WIDTH="22" VPOS="1083" HPOS="606"/>
							<String ID="string_198" HPOS="628" VPOS="1083" WIDTH="264" HEIGHT="28" WC="0.91" CONTENT="Finansexpeditionens"/><SP WIDTH="23" VPOS="1083" HPOS="892"/>
							<String ID="string_199" HPOS="915" VPOS="1082" WIDTH="81" HEIGHT="29" WC="0.92" CONTENT="kalkyl"/>
						</TextLine>
						<TextLine ID="line_27" HPOS="242" VPOS="1117" WIDTH="754" HEIGHT="29">
							<String ID="string_200" HPOS="242" VPOS="1117" WIDTH="143" HEIGHT="26" WC="0.92" CONTENT="förutsättes,"/><SP WIDTH="22" VPOS="1117" HPOS="385"/>
							<String ID="string_201" HPOS="407" VPOS="1117" WIDTH="41" HEIGHT="22" WC="0.93" CONTENT="har"/><SP WIDTH="15" VPOS="1117" HPOS="448"/>
							<String ID="string_202" HPOS="463" VPOS="1118" WIDTH="73" HEIGHT="22" WC="0.92" CONTENT="totala"/><SP WIDTH="15" VPOS="1118" HPOS="536"/>
							<String ID="string_203" HPOS="551" VPOS="1117" WIDTH="177" HEIGHT="29" WC="0.91" CONTENT="medelutgiften"/><SP WIDTH="16" VPOS="1117" HPOS="728"/>
							<String ID="string_204" HPOS="744" VPOS="1117" WIDTH="73" HEIGHT="22" WC="0.93" CONTENT="under"/><SP WIDTH="15" VPOS="1117" HPOS="817"/>
							<String ID="string_205" HPOS="832" VPOS="1117" WIDTH="49" HEIGHT="23" WC="0.92" CONTENT="9:de"/><SP WIDTH="15" VPOS="1117" HPOS="881"/>
							<String ID="string_206" HPOS="896" VPOS="1117" WIDTH="100" HEIGHT="22" WC="0.92" CONTENT="hufvud-"/>
						</TextLine>
						<TextLine ID="line_28" HPOS="243" VPOS="1151" WIDTH="752" HEIGHT="30">
							<String ID="string_207" HPOS="243" VPOS="1152" WIDTH="69" HEIGHT="21" WC="0.96" CONTENT="titeln"/><SP WIDTH="22" VPOS="1152" HPOS="312"/>
							<String ID="string_208" HPOS="334" VPOS="1152" WIDTH="36" HEIGHT="21" WC="0.93" CONTENT="för"/><SP WIDTH="20" VPOS="1152" HPOS="370"/>
							<String ID="string_209" HPOS="390" VPOS="1152" WIDTH="157" HEIGHT="22" WC="0.92" CONTENT="instundande"/><SP WIDTH="22" VPOS="1152" HPOS="547"/>
							<String ID="string_210" HPOS="569" VPOS="1152" WIDTH="80" HEIGHT="29" WC="0.93" CONTENT="period"/><SP WIDTH="15" VPOS="1152" HPOS="649"/>
							<String ID="string_211" HPOS="664" VPOS="1152" WIDTH="148" HEIGHT="29" WC="0.96" CONTENT="uppskattats"/><SP WIDTH="18" VPOS="1152" HPOS="812"/>
							<String ID="string_212" HPOS="830" VPOS="1151" WIDTH="38" HEIGHT="22" WC="0.93" CONTENT="till"/><SP WIDTH="16" VPOS="1151" HPOS="868"/>
							<String ID="string_213" HPOS="884" VPOS="1153" WIDTH="111" HEIGHT="24" WC="0.92" CONTENT="3,000,000"/>
						</TextLine>
						<TextLine ID="line_29" HPOS="242" VPOS="1187" WIDTH="71" HEIGHT="21">
							<String ID="string_214" HPOS="242" VPOS="1187" WIDTH="71" HEIGHT="21" WC="0.96" CONTENT="mark."/>
						</TextLine>
					</TextBlock>
					<TextBlock ID="block_4" HPOS="242" VPOS="1220" WIDTH="754" HEIGHT="97">
						<TextLine ID="line_30" HPOS="311" VPOS="1220" WIDTH="685" HEIGHT="31">
							<String ID="string_215" HPOS="311" VPOS="1221" WIDTH="54" HEIGHT="22" WC="0.96" CONTENT="Med"/><SP WIDTH="22" VPOS="1221" HPOS="365"/>
							<String ID="string_216" HPOS="387" VPOS="1221" WIDTH="67" HEIGHT="22" WC="0.95" CONTENT="dessa"/><SP WIDTH="21" VPOS="1221" HPOS="454"/>
							<String ID="string_217" HPOS="475" VPOS="1221" WIDTH="163" HEIGHT="30" WC="0.96" CONTENT="förändringar"/><SP WIDTH="22" VPOS="1221" HPOS="638"/>
							<String ID="string_218" HPOS="660" VPOS="1221" WIDTH="46" HEIGHT="22" WC="0.93" CONTENT="blir"/><SP WIDTH="19" VPOS="1221" HPOS="706"/>
							<String ID="string_219" HPOS="725" VPOS="1221" WIDTH="115" HEIGHT="22" WC="0.92" CONTENT="ordinarie"/><SP WIDTH="15" VPOS="1221" HPOS="840"/>
							<String ID="string_220" HPOS="855" VPOS="1220" WIDTH="141" HEIGHT="29" WC="0.93" CONTENT="utgifternas"/>
						</TextLine>
						<TextLine ID="line_31" HPOS="242" VPOS="1255" WIDTH="753" HEIGHT="30">
							<String ID="string_221" HPOS="242" VPOS="1256" WIDTH="149" HEIGHT="22" WC="0.92" CONTENT="totalsumma"/><SP WIDTH="21" VPOS="1256" HPOS="391"/>
							<String ID="string_222" HPOS="412" VPOS="1256" WIDTH="8" HEIGHT="21" WC="0.93" CONTENT="i"/><SP WIDTH="20" VPOS="1256" HPOS="420"/>
							<String ID="string_223" HPOS="440" VPOS="1256" WIDTH="71" HEIGHT="29" WC="0.92" CONTENT="ärligt"/><SP WIDTH="17" VPOS="1256" HPOS="511"/>
							<String ID="string_224" HPOS="528" VPOS="1256" WIDTH="109" HEIGHT="23" WC="0.89" CONTENT="medeltal"/><SP WIDTH="14" VPOS="1256" HPOS="637"/>
							<String ID="string_225" HPOS="651" VPOS="1256" WIDTH="73" HEIGHT="22" WC="0.93" CONTENT="under"/><SP WIDTH="14" VPOS="1256" HPOS="724"/>
							<String ID="string_226" HPOS="738" VPOS="1255" WIDTH="187" HEIGHT="30" WC="0.92" CONTENT="finansperioden"/><SP WIDTH="17" VPOS="1255" HPOS="925"/>
							<String ID="string_227" HPOS="942" VPOS="1258" WIDTH="53" HEIGHT="19" WC="0.96" CONTENT="1895"/>
						</TextLine>
						<TextLine ID="line_32" HPOS="242" VPOS="1291" WIDTH="315" HEIGHT="26">
							<String ID="string_228" HPOS="242" VPOS="1293" WIDTH="83" HEIGHT="19" WC="0.81" CONTENT="—1897"/><SP WIDTH="18" VPOS="1293" HPOS="325"/>
							<String ID="string_229" HPOS="343" VPOS="1293" WIDTH="127" HEIGHT="24" WC="0.90" CONTENT="29,355,000"/><SP WIDTH="16" VPOS="1293" HPOS="470"/>
							<String ID="string_230" HPOS="486" VPOS="1291" WIDTH="71" HEIGHT="20" WC="0.96" CONTENT="mark."/>
						</TextLine>
					</TextBlock>
					<TextBlock ID="block_5" HPOS="243" VPOS="1322" WIDTH="753" HEIGHT="64">
						<TextLine ID="line_33" HPOS="310" VPOS="1322" WIDTH="686" HEIGHT="30">
							<String ID="string_231" HPOS="310" VPOS="1323" WIDTH="113" HEIGHT="29" WC="0.93" CONTENT="Följande"/><SP WIDTH="21" VPOS="1323" HPOS="423"/>
							<String ID="string_232" HPOS="444" VPOS="1324" WIDTH="162" HEIGHT="28" WC="0.90" CONTENT="uppställning"/><SP WIDTH="14" VPOS="1324" HPOS="606"/>
							<String ID="string_233" HPOS="620" VPOS="1324" WIDTH="91" HEIGHT="27" WC="0.90" CONTENT="äterger"/><SP WIDTH="14" VPOS="1324" HPOS="711"/>
							<String ID="string_234" HPOS="725" VPOS="1322" WIDTH="176" HEIGHT="30" WC="0.91" CONTENT="ifrägavarande"/><SP WIDTH="15" VPOS="1322" HPOS="901"/>
							<String ID="string_235" HPOS="916" VPOS="1322" WIDTH="80" HEIGHT="22" WC="0.92" CONTENT="beräk-"/>
						</TextLine>
						<TextLine ID="line_34" HPOS="243" VPOS="1357" WIDTH="289" HEIGHT="29">
							<String ID="string_236" HPOS="243" VPOS="1358" WIDTH="83" HEIGHT="28" WC="0.92" CONTENT="ningar"/><SP WIDTH="15" VPOS="1358" HPOS="326"/>
							<String ID="string_237" HPOS="341" VPOS="1358" WIDTH="8" HEIGHT="22" WC="0.96" CONTENT="i"/><SP WIDTH="15" VPOS="1358" HPOS="349"/>
							<String ID="string_238" HPOS="364" VPOS="1357" WIDTH="65" HEIGHT="23" WC="0.93" CONTENT="deras"/><SP WIDTH="16" VPOS="1357" HPOS="429"/>
							<String ID="string_239" HPOS="445" VPOS="1358" WIDTH="87" HEIGHT="23" WC="0.91" CONTENT="helhet:"/>
						</TextLine>
					</TextBlock>
				</ComposedBlock>
				<GraphicalElement ID="cblock_2" HPOS="1099" VPOS="2" WIDTH="10" HEIGHT="617"></GraphicalElement >
			</PrintSpace>
		</Page>
	</Layout>
</alto>
