1120 1781
470 143 44 23 N:o
535 144 38 22 17.
828 142 36 35 9

146 209 38 21 och
207 210 26 20 de
252 209 58 22 bevis
326 210 38 21 och
379 210 129 26 handlingar
522 210 74 26 förete,
613 211 28 26 på
655 210 72 22 hvilka
741 210 25 21 de
782 210 32 22 sin
830 210 65 21 behö-

147 243 69 27 righet
231 244 32 21 till
278 244 91 27 förslags
384 244 122 22 erhållande
522 244 84 28 grunda
620 245 55 27 vilja.
699 244 53 26 Den,
768 250 45 16 som
825 244 70 22 denna

145 278 32 20 tid
191 278 135 27 försummar,
342 284 52 16 vare
410 278 31 22 sin
457 279 59 21 talan
533 279 40 21 den
588 279 83 27 gången
687 278 104 28 förlustig.

485 353 11 27 8
515 354 45 20 196.

214 392 41 21 Val
277 393 60 26 skall,
355 394 37 20 der
406 392 50 23 flere
472 395 27 19 än
516 400 25 14 en
558 394 37 20 äro
612 392 31 22 till
658 392 93 28 tjensten
766 392 129 28 föreslagne,

147 426 53 23 efter
222 427 100 28 vallängd
342 428 42 21 ske.
415 427 133 27 Vallängden
564 427 54 22 skall
633 426 22 22 af
669 426 101 22 särskildt
785 426 33 22 för
834 426 61 22 detta

147 462 98 21 ändamål
260 463 28 26 på
299 463 159 26 kyrkostämma
467 462 91 22 utsedde
567 461 133 27 fullmäktige
710 464 114 24 uppgöras.
848 461 47 21 Den

147 496 53 21 skall
215 498 98 25 upptaga
328 496 42 22 alla
385 496 25 22 de
424 496 124 27 lägenheter
564 496 39 22 och
619 496 22 21 af
655 502 83 15 annans
753 496 82 20 försvar
849 495 46 21 icke

145 530 106 22 beroende
273 531 84 22 hushåll
376 532 6 20 i
397 530 158 28 församlingen,
579 531 23 21 af
620 530 72 22 hvilka
713 529 181 29 prestaflöningen

146 568 97 26 utgöres;
260 567 35 21 det
310 566 84 28 belopp,
410 567 102 21 hvarmed
526 567 72 27 hvarje
613 566 100 27 lägenhet
729 566 51 21 eller
794 564 102 23 hushåll
887 560 14 39 i

146 601 92 21 nämnde
260 601 94 28 aflöning
372 601 101 27 deltager,
490 602 38 21 och
544 601 91 22 särskild
650 601 87 21 kolumn
753 600 33 22 för
801 606 26 16 en
843 600 53 21 hvar

147 635 22 22 af
183 636 25 21 de
227 636 120 28 föreslagne
363 636 39 22 och
417 636 25 22 de
457 638 71 20 röster
543 636 78 22 honom
637 635 89 22 tillfalla.

486 712 11 27 $
516 712 45 20 198.

215 752 32 20 På
262 752 40 21 den
319 752 41 27 dag
375 752 53 22 sista
447 752 153 27 profpredikan
615 752 73 26 hålles,
705 751 43 22 låte
763 751 40 21 den
819 751 78 27 kyrko-

146 786 158 28 herdetjensten
327 786 93 22 förestår
442 786 47 22 från
511 786 145 28 predikstolen
672 786 6 21 i
695 786 42 21 alla
759 785 31 21 till
805 785 91 22 försam-

146 820 71 27 lingen
233 820 96 22 hörande
344 821 86 26 kyrkor,
446 820 37 22 der
498 820 122 28 gudstjenst
636 821 27 21 då
679 820 107 26 anställes,
797 820 99 26 kungöra

147 856 32 20 att
195 854 160 28 vederbörligen
371 855 78 21 utsedd
463 855 192 27 förrättningsman
664 854 171 27 nästpåföljande
845 856 51 19 sön-

148 889 39 27 dag
210 889 32 27 sig
261 889 81 21 infinna
357 889 61 27 skall,
434 888 33 22 för
482 891 39 24 att,
537 889 87 22 biträdd
639 888 23 22 af
675 895 26 15 en
716 888 33 22 för
764 888 132 27 protokollet

147 924 77 21 utsedd
239 924 91 26 notarie,
346 924 32 21 uti
394 924 163 27 moderkyrkan,
574 923 56 27 eller,
647 924 28 20 dä
689 923 71 21 stads-
775 922 39 22 och
823 922 74 22 lands-

146 957 149 27 församlingar
310 958 103 22 förenade
432 960 44 24 äro,
492 958 32 21 uti
540 959 40 21 den
595 958 75 27 kyrka,
687 957 37 22 der
738 958 8 21 i
760 958 67 20 sådan
843 957 53 21 hän-

148 992 57 22 delse
226 992 34 21 val
283 992 103 23 anställas
409 993 60 26 skall,
485 992 79 22 bereda
584 993 36 21 det
634 992 136 22 förestående
785 992 57 21 valet
858 992 38 21 och

146 1026 95 22 inhemta
257 1026 163 28 församlingens
439 1027 113 21 utlåtande
566 1026 106 22 huruvida
687 1026 42 22 hon
745 1032 49 21 eger
809 1028 34 19 att
858 1032 39 16 an-

147 1060 47 22 föra
209 1062 72 26 något,
297 1068 46 15 som
357 1062 77 21 hinder
449 1062 96 21 deremot
559 1062 63 27 lägga
636 1062 78 26 kunde,
725 1062 71 20 såsom
807 1061 38 21 ock
856 1062 39 24 att,

149 1095 36 22 der
208 1096 82 21 sådana
312 1096 32 27 sig
366 1096 17 28 ej
406 1095 69 22 förete
494 1096 38 22 och
547 1095 57 27 flere,
620 1098 26 19 än
663 1102 32 20 en,
713 1098 37 18 äro
766 1096 12 20 å
793 1094 104 28 förslaget

148 1130 111 27 uppförde,
275 1130 127 28 vallängden
418 1130 92 28 uppläsa
526 1130 37 22 och
578 1130 101 27 granska.

487 1206 11 27 $
516 1207 46 20 205.

215 1246 32 21 På
269 1245 130 28 frågodagen
422 1252 37 21 ege
477 1246 157 28 församlingen,
651 1252 35 15 om
700 1245 43 22 hon
759 1245 37 21 det
811 1245 86 25 önskar,

148 1280 66 27 fjerde
229 1280 166 27 profpredikant
409 1280 89 28 begära:
518 1280 100 28 uppgifve
634 1280 39 21 ock
688 1280 27 20 då
731 1279 39 22 den
786 1280 110 26 prestman

147 1314 42 22 hon
212 1314 36 22 vill
271 1314 63 22 hafva
357 1315 70 21 dertill
450 1315 84 22 utsedd.
565 1314 45 22 Har
633 1314 67 22 sådan
721 1314 92 27 begäran
828 1313 69 22 blifvit

148 1349 118 27 framstäld,
283 1350 53 21 skall
352 1355 76 21 genom
443 1356 85 21 upprop
544 1350 66 26 enligt
624 1348 139 28 röstlängden
778 1348 33 21 för
819 1348 79 27 kyrko-

148 1385 91 20 stämma
253 1385 97 25 utrönas,
368 1384 6 20 i
389 1384 57 21 hvad
460 1390 50 15 mon
526 1384 123 21 densamma
664 1382 23 22 af
695 1382 151 27 församlingen
857 1388 40 15 un-

149 1417 117 21 derstödes.
296 1417 93 27 Afgifves
405 1417 74 21 dervid
493 1417 33 21 för
541 1418 40 20 den
592 1416 126 21 framstälda
728 1417 93 25 begäran
833 1416 65 20 minst

148 1458 25 14 en
189 1450 99 22 femtedel
304 1451 22 21 af
339 1450 48 22 hela
402 1450 163 27 församlingens
580 1450 91 21 röstetal
682 1449 38 21 och
730 1455 68 21 yppas
809 1449 18 27 ej
839 1448 60 26 skilj-
