1120 1778
345 170 29 23 U.
390 171 28 22 B.
434 184 26 2 —
475 171 74 29 Prop.
564 171 45 23 N:o
624 171 36 23 13.
836 173 12 20 5

127 239 7 20 i
149 239 35 21 det
199 241 129 25 exempelvis
343 240 92 20 nämnda
450 240 62 21 fallet.
535 240 49 21 Med
599 240 98 21 afseende
713 239 12 22 &
740 241 35 20 det
790 240 86 21 anförda

127 273 38 20 och
181 273 27 20 dä
222 273 108 22 Utskottet
344 273 47 22 icke
406 273 55 21 velat
471 273 75 22 föreslä
559 280 25 15 en
596 273 22 21 sä
628 273 118 27 betydande
754 273 122 28 förändring

127 313 43 14 som
186 307 120 21 införandet
321 307 21 21 af
356 313 27 15 en
398 307 114 27 lindrigare
527 307 95 26 straffart,
633 308 38 20 har
678 307 112 27 Utskottet,
799 313 76 22 genom

127 341 134 27 nedsättning
276 341 21 21 af
307 341 169 21 straffminimum
484 342 32 20 till
523 342 67 26 lägsta
598 341 151 25 tukthusstraff,
757 348 38 14 sex
803 341 72 21 mäna-

127 375 42 27 der,
185 376 54 20 samt
252 382 75 20 genom
342 382 26 14 en
379 375 121 28 förändring
507 376 78 20 derhän
593 377 31 19 att
631 375 74 21 förlust
713 375 22 21 af
742 375 133 27 medborger-

127 409 38 27 ligt
179 409 120 21 förtroende
313 409 69 21 skulle
397 409 50 27 följa
461 410 74 21 endast
547 410 37 20 der
593 409 135 28 synnerligen
740 409 135 21 försvärande

127 444 179 28 omständigheter
327 444 135 27 förekomma,
477 445 56 21 velat
547 444 77 21 bereda
646 444 109 28 möjlighet
769 444 32 20 för
816 444 54 20 dom-

127 478 90 21 stolarna
233 480 30 19 att
277 479 31 20 uti
323 478 26 22 de
364 478 37 21 fall
416 479 21 20 af
451 479 81 21 mindre
548 478 136 28 brottslighet,
695 478 31 22 till
736 478 71 21 hvilka
818 478 57 21 detta

126 515 94 19 moment
235 513 62 21 äfven
313 512 74 22 hänför
402 512 36 28 sig,
454 515 79 19 utmäta
553 514 29 20 ett
596 512 48 22 med
659 513 111 21 rättvisans
785 512 90 22 fordrin-

127 552 36 21 gar
177 552 57 15 mera
250 547 229 21 öfverensstämmande
494 547 63 21 straff.

194 580 116 22 Momentet
316 581 38 21 har
361 581 32 21 för
401 582 61 27 öfrigt
473 582 20 20 af
501 581 107 21 Utskottet
616 581 145 21 underkastats
768 587 26 15 en
801 581 21 20 af
827 580 48 22 dess

127 615 93 27 otydliga
233 615 109 28 affattning
355 615 97 28 päkallad
465 616 277 28 omredigering
622 611 13 37 i
644 616 98 28 spräkligt
749 616 125 20 hänseende.

196 649 106 27 Lydelsen
324 650 21 21 af
361 650 11 21 1
396 651 46 26 &:ns
457 650 145 22 slutmoment:
620 650 82 21 »försök
718 652 23 19 är
755 650 117 21 straffbart»

125 684 39 21 har
184 684 103 22 likaledes
308 684 123 23 förändrats,
454 684 26 28 pä
502 685 35 21 det
566 684 63 28 nägot
651 685 72 21 tvifvel
746 692 34 14 om
795 686 30 20 att
839 684 36 22 det

125 718 75 21 hänför
214 718 33 28 sig
261 719 31 20 till
305 719 54 21 bäda
369 719 26 21 de
405 719 125 28 föregäende
541 721 120 20 momenten
671 719 47 21 icke
727 719 65 20 mätte
802 719 72 20 kunna

126 749 79 36 uppstå.
543 759 4 4 ä

196 787 15 27 $
228 788 19 20 2.
273 787 148 28 Stadgandena
434 787 7 21 i
456 787 65 22 första
534 789 115 20 momentet
663 788 43 20 afse
722 789 29 19 att
759 787 116 28 förebygga

127 821 34 21 det
175 822 119 21 kännedom
318 829 34 14 om
369 822 63 27 ryska
447 822 63 21 rikets
525 822 155 27 fästningsverk
695 821 48 22 med
759 821 116 28 omgifning

126 856 108 21 äfvensom
250 856 65 21 andra
329 856 157 28 krigsanstalter
501 856 71 21 kunde
580 857 20 20 af
610 857 70 26 någon
691 856 99 27 obehörig
800 856 75 21 vinnas

125 897 76 21 genom
211 891 98 27 olofligen
317 891 59 28 gjord
385 891 117 27 afbildning
509 891 51 21 eller
567 891 136 26 beskrifning,
714 890 50 21 eller
772 891 39 20 ock
821 891 53 20 deri-

125 931 76 21 genom
217 927 30 19 att
262 925 95 21 enskilda
371 931 100 22 personer
485 925 124 21 förskaffade
620 925 31 27 sig
663 925 32 20 för
705 925 63 21 rikets
779 927 54 25 yttre
841 927 33 18 sä-

124 959 73 21 kerhet
212 959 79 28 viktiga
306 959 130 28 handlingar.
462 959 80 22 Härvid
558 959 113 22 betecknas
686 959 68 22 såsom
770 959 104 27 brottsligt

124 994 72 26 hvarje
212 993 79 28 olofligt
306 993 136 28 uppgörande
463 994 21 20 af
498 994 64 21 sådan
582 993 155 28 planteckning,
752 994 78 27 ritning
845 993 29 21 el-

125 1028 31 21 ler
169 1027 132 28 beskrifning
315 1035 27 14 m.
357 1035 34 20 m.,
408 1029 49 20 utan
473 1030 29 19 att
518 1027 169 22 beskaffenheten
706 1028 58 21 deraf
779 1029 95 19 närmare

125 1062 101 27 angifves,
248 1063 38 20 och
302 1062 70 21 kunde
396 1062 81 21 således
492 1063 40 20 den
556 1062 85 21 slutsats
656 1062 21 20 af
689 1062 124 27 stadgandet
827 1061 47 21 dra-

125 1102 42 21 gas,
183 1098 30 19 att
227 1097 77 27 hvarje,
319 1096 63 21 äfven
396 1096 32 20 för
444 1096 35 21 det
493 1098 53 19 mest
558 1096 95 21 enskilda
663 1096 136 21 ekonomiska
809 1095 66 21 behof

125 1131 52 20 eller
191 1130 36 22 det
242 1131 141 26 oskyldigaste
398 1131 48 26 nöje
461 1131 60 26 gjord
537 1130 116 27 afbildning
671 1131 51 20 eller
744 1130 131 27 beskrifning

125 1164 21 21 af
158 1166 54 19 t.ex.
223 1165 70 27 någon
306 1165 53 27 plats
370 1164 58 21 inom
436 1171 25 14 en
470 1165 102 27 fästnings
584 1164 123 28 omgifning,
718 1165 68 20 skulle
796 1164 78 27 ädraga

125 1199 32 20 sin
179 1199 140 28 upphofsman
341 1198 63 21 straff.
437 1198 122 21 Emellertid
582 1198 75 21 strider
679 1199 36 21 det
736 1201 44 18 mot
801 1199 72 26 hvarje

125 1233 64 21 sundt
203 1233 197 26 rättsmedvetande,
415 1235 30 19 att
460 1239 26 15 en
502 1233 106 27 handling,
623 1239 45 15 som
683 1233 46 21 icke
739 1233 88 20 innebär
838 1233 36 20 nä-

125 1273 41 22 gon
181 1267 109 27 möjlighet
305 1267 21 20 af
340 1266 66 21 skada
420 1266 52 22 eller
485 1267 45 20 fara
545 1267 33 20 för
592 1273 49 14 vare
656 1267 32 27 sig
703 1267 105 20 allmänna
823 1266 52 22 eller

125 1301 95 21 enskilda
241 1301 109 26 intressen,
372 1307 50 14 vore
444 1301 101 20 straffbar.
574 1301 10 20 I
600 1300 136 22 betraktande
759 1301 58 20 häraf
835 1301 38 21 och

125 1335 89 22 emedan
229 1335 145 27 Lagutskottet
388 1335 32 20 för
435 1335 32 20 sin
483 1335 34 20 del
524 1335 104 27 uppfattat
637 1335 158 27 bestämningen
805 1335 69 21 såsom

125 1369 110 28 åsyftande
251 1369 73 21 endast
340 1369 77 21 sådana
432 1369 140 28 afbildningar
587 1369 51 21 eller
653 1369 160 27 beskrifningar,
822 1375 52 21 som,

125 1405 7 18 i
146 1403 101 20 händelse
262 1403 26 20 de
304 1403 146 20 omhänderfås
466 1403 20 19 af
498 1403 80 25 fientlig
587 1403 63 25 makt,
661 1403 72 20 kunna
743 1409 49 14 vara
804 1403 69 20 denna

125 1437 31 20 till
171 1438 60 25 nytta
246 1436 34 20 vid
295 1436 68 26 någon
376 1436 172 26 krigsoperation,
558 1435 32 21 får
597 1436 112 26 Utskottet,
717 1442 45 14 som
770 1442 61 14 anser
839 1436 35 20 det

126 1470 72 28 nödigt
213 1472 30 19 att
257 1472 115 19 momentet
386 1470 8 20 i
408 1470 70 21 denna
494 1469 34 21 del
541 1469 106 27 redigeras
663 1469 28 27 så,
706 1471 29 19 att
747 1469 127 22 detsammas

193 1510 129 23 Lagutskottets
335 1509 109 19 betänkande
457 1511 35 15 N:o
505 1510 17 16 4.
