1120 1781
360 159 30 22 U.
405 159 28 22 B.
450 172 24 3 —
490 159 74 28 Prop.
579 159 43 23 N:o
637 159 39 22 20.
851 161 12 19 5

146 227 32 22 för
193 227 71 21 hvilka
280 227 37 22 det
332 227 25 21 af
370 229 50 25 1891
438 229 34 20 ärs
487 228 92 21 Ständer
592 227 101 21 anvisade
703 227 105 28 beloppet
821 232 75 20 12,000

146 261 59 22 mark
227 263 56 19 visat
305 263 33 26 sig
361 261 140 28 otillräckligt,
526 262 62 21 ökats
608 261 31 22 till
654 266 77 20 20,000
746 261 65 25 mark,
827 261 69 21 deruti

146 295 140 21 inberäknadt
308 295 120 22 kostnaden
444 296 31 20 för
490 295 131 21 underhället
636 295 24 21 af
677 295 219 21 ständerhusskvären

146 333 55 18 samt
217 330 41 21 den
272 329 248 28 gatubelysnings-afgift
536 330 25 20 af
574 334 37 22 525
629 329 59 21 mark
703 329 85 27 ärligen,
799 335 48 14 som
857 329 40 20 bör

146 364 31 21 till
196 363 139 22 stadskassan
351 364 105 27 erläggas.
486 364 199 27 Assuransafgiften
699 363 33 21 för
747 363 150 21 ständerhuset

145 398 39 21 har
204 398 24 21 af
243 398 114 21 Utskottet
372 399 111 26 upptagits
499 398 31 21 till
545 398 140 21 oförändradt
699 397 82 28 belopp
797 397 25 21 af
835 403 62 21 3,300

146 432 65 21 mark.
242 433 104 20 Deremot
361 432 95 27 päkallar
471 436 78 23 posten
559 435 92 18 remont-
663 432 40 20 och
715 432 84 20 diverse
809 431 88 28 utgifter

146 467 32 20 för
200 467 150 20 ständerhuset
372 473 27 14 en
420 466 98 27 betydlig
539 466 85 27 ökning.
653 467 9 19 1
678 466 71 26 hvarje
771 466 87 20 stenhus
873 465 24 20 är

146 501 65 27 några
227 501 23 20 år
265 501 54 20 efter
334 501 50 20 dess
399 501 136 27 uppförande
550 507 26 14 en
592 500 47 21 icke
655 499 112 28 obetydlig
781 503 84 17 remont
875 499 26 21 af

147 535 102 21 behofvet
264 535 107 27 päkallad,
388 535 41 21 och
445 534 62 22 äfven
522 536 6 20 i
544 535 151 21 ständerhuset
709 534 38 21 har
762 535 135 27 upptagning

148 569 41 21 och
215 569 138 27 omläggning
375 569 24 21 af
418 569 51 27 golf,
492 571 133 25 ommurning
643 568 25 22 af
677 570 220 26 ängpanne-murarna

148 604 111 20 äfvensom
280 604 83 27 tätning
386 603 24 21 af
421 603 171 21 mellanrummen
611 603 76 21 mellan
705 602 192 22 fönsterkarmarna

147 638 41 20 och
220 645 73 13 muren
322 638 66 26 jemte
416 638 63 20 deraf
504 637 109 21 beroende
642 637 195 27 mälningsarbeten
860 636 37 22 be-

147 672 78 21 funnits
240 672 52 20 böra
308 672 45 21 före
368 672 142 21 instundande
524 672 104 26 landtdag
643 671 132 21 verkställas.
805 671 92 21 Statsut-

147 706 82 21 skottet
252 706 38 20 har
311 706 58 26 förty
390 709 44 18 sett
456 707 32 26 sig
511 706 113 21 föranlåtet
643 708 32 18 att
689 706 72 20 såsom
776 705 74 27 anslag
865 705 32 21 för

146 740 173 21 remontarbeten
335 744 97 24 upptaga
447 744 32 17 ett
493 740 81 28 belopp
590 740 24 20 af
629 744 75 22 15,000
719 739 66 21 mark.

213 774 45 21 Det
280 774 80 21 arvode
383 774 24 20 af
429 779 60 19 1,000
511 774 60 20 mark
594 780 35 14 om
643 774 46 20 året
704 777 56 17 samt
775 773 122 21 derutöfver

150 814 39 15 100
203 808 60 21 mark
278 810 7 19 i
299 808 106 21 månaden
420 808 66 21 under
501 808 42 21 den
554 809 32 20 tid
596 808 131 26 landtdagen
738 814 67 18 varar,
816 807 82 21 hvilket

148 843 94 27 åtnjutits
265 843 24 20 af
307 842 131 22 Ständernas
461 843 147 20 bibliotekarie
630 842 33 21 för
683 842 81 21 vården
779 842 24 20 af
815 842 82 21 arkivet

148 878 41 20 och
205 877 131 26 biblioteket,
353 877 37 21 har
406 876 114 22 Utskottet
534 880 72 18 ansett
618 876 53 22 böra
681 879 108 25 upptagas
799 876 32 21 till
841 876 56 21 oför-

149 912 90 20 ändradt
255 911 81 28 belopp
353 916 61 22 3,500
429 911 59 21 mark
503 911 33 21 för
551 911 186 27 budgetperioden
753 911 144 27 1895—1897.

149 946 71 21 Sedan
241 946 130 21 Ständernas
393 946 103 21 bibliotek
519 946 41 20 och
580 945 59 21 arkiv
660 952 87 14 numera
760 945 68 21 blifvit
843 952 55 21 upp-

148 981 66 21 stäldt
236 981 41 20 och
299 981 91 20 ordnadt
408 982 6 19 i
436 981 42 20 den
493 980 70 21 derför
578 980 103 28 upplätna
696 979 84 22 lokalen
796 981 29 20 uti
840 980 58 21 stän-

149 1015 107 25 derhuset,
272 1015 38 21 har
324 1015 114 21 Utskottet
454 1018 52 18 trott
522 1016 32 25 sig
568 1015 53 20 böra
636 1015 66 26 nägot
717 1014 81 21 minska
813 1015 38 20 det
866 1013 33 21 för

149 1049 94 28 löpande
260 1049 144 28 finansperiod
418 1049 32 21 till
465 1053 62 22 5,500
542 1049 60 20 mark
616 1048 123 21 beräknade
754 1048 97 27 anslaget
866 1048 32 21 för

150 1083 90 28 uppköp
259 1083 24 20 af
294 1083 86 25 böcker,
400 1083 110 21 ordnande
525 1083 25 20 af
560 1083 60 20 arkiv
635 1083 42 20 och
691 1082 110 25 bibliotek,
817 1082 81 21 inbind-

150 1119 55 26 ning,
228 1125 106 20 expenser
350 1124 26 14 m.
392 1124 38 21 m.;
446 1117 41 21 och
502 1117 32 21 fär
548 1117 115 22 Utskottet
677 1117 32 20 för
725 1117 60 21 detta
800 1116 99 22 ändamäl

149 1151 106 28 tillstyrka
270 1155 32 18 ett
317 1152 75 27 anslag
406 1152 24 21 af
441 1156 65 22 4,500
520 1151 66 22 mark.

218 1187 73 27 Enligt
312 1186 126 21 Utskottets
459 1187 65 20 ofvan
544 1186 76 27 gjorda
634 1185 80 28 förslag
729 1185 67 22 skulle
811 1186 88 20 sälunda

151 1221 144 22 kostnaderna
317 1221 32 21 för
371 1221 131 27 landtdagen
524 1222 22 20 är
570 1221 52 27 1897
645 1220 112 21 äfvensom
772 1220 32 21 för
818 1220 81 21 värden

151 1256 41 21 och
207 1256 132 21 underhället
354 1255 65 21 under
434 1256 50 20 ären
502 1256 136 25 1895—1897
651 1255 26 20 af
683 1255 150 20 ständerhuset
843 1257 56 18 samt

151 1290 131 21 Ständernas
298 1290 59 21 arkiv
372 1290 42 20 och
428 1289 104 21 bibliotek
546 1289 93 28 gestalta
653 1290 34 27 sig
701 1289 29 27 pä
742 1289 93 26 följande
847 1289 52 20 sätt:

222 1502 130 16 Statsutskottets
365 1500 102 18 betänkande
478 1500 34 17 N:o
524 1504 18 18 7.
