1123 1775
465 166 29 23 U.
510 167 27 22 B.
554 179 25 3 —
595 166 74 28 Prop.
683 166 43 22 N:o
742 165 35 23 13.

544 504 158 28 Reservation.

315 572 94 22 Emedan
426 573 19 21 vi
460 573 47 21 icke
524 573 82 21 kunnat
620 573 73 21 förena
708 579 34 15 oss
752 579 34 15 om
799 572 41 21 alla
851 572 25 21 de
886 571 21 22 af
918 571 81 22 utskot-

246 609 40 19 tets
300 607 108 28 pluralitet
423 607 99 28 vidtagna
541 608 113 26 ändringar
668 607 7 20 i
690 607 144 27 lagförslagets
850 606 148 21 straffbestäm-

246 642 82 27 melser,
343 642 22 21 fä
379 642 171 21 reservationsvis
566 642 19 20 vi
601 642 32 20 för
643 641 37 21 vär
690 641 35 21 del
739 642 38 20 hos
787 641 118 21 Ständerna
915 640 83 22 förorda

247 676 117 28 antagande
388 677 21 20 af
422 677 167 27 propositionens
611 676 216 28 straffbestämningar
846 675 48 22 med
910 675 89 21 allenast

246 712 76 20 tvänne
338 710 144 28 obetydligare
497 711 114 27 ändringar
624 711 8 20 i
647 710 42 21 sak.

314 744 122 28 Lagförslag
451 746 109 26 angäende
577 745 96 28 ätgärder
683 747 56 19 emot
750 745 92 27 spioneri
853 745 38 21 och
902 744 96 28 yppande

247 780 21 20 af
282 780 190 27 statshemligheter
487 782 35 19 äro
538 780 59 21 öfver
611 779 80 21 hufvud
707 780 22 20 af
743 780 40 20 den
799 781 38 25 art,
848 781 29 19 att
892 781 107 26 strängare

246 814 246 21 ansvarsbestämmelser
506 815 32 20 för
554 815 72 26 dylika
640 816 44 19 mot
699 816 29 19 ett
742 814 55 21 rikes
811 814 97 21 säkerhet
917 814 81 21 riktade

246 849 136 27 förbrytelser
397 849 6 20 i
420 849 25 21 de
466 849 60 21 flesta
544 849 85 21 länders
649 849 189 27 strafflagstiftning
856 850 78 20 ansetts
949 849 50 20 böra

246 883 157 27 ifrägakomma.
432 883 33 21 Då
480 883 37 21 här
532 885 23 19 är
569 883 59 28 fråga
643 889 34 14 om
695 883 142 27 förbrytelser,
853 889 45 14 som
913 883 87 21 hänföra

246 918 33 27 sig
293 918 32 21 till
339 917 73 28 Ryska
429 917 73 22 Rikets
522 920 55 25 yttre
599 918 102 27 säkerhet,
717 918 64 20 borde
797 917 123 27 Ständerna,
935 917 67 27 enligt

247 952 37 21 vär
298 952 147 27 öfvertygelse,
460 953 68 21 ehuru
543 953 21 20 vi
579 952 112 27 medgifva,
707 953 29 20 att
750 952 168 27 propositionens
933 951 66 22 straff-

247 986 157 27 bestämningar
425 988 35 19 äro
479 987 7 20 i
508 987 103 21 särskilda
631 986 38 21 fall
690 988 89 25 stränga,
795 986 46 21 icke
857 988 49 25 göra
922 986 78 27 svärig-

246 1021 60 21 heter
314 1023 56 18 emot
380 1023 30 18 att
424 1021 25 21 de
458 1028 29 14 nu
498 1022 31 20 uti
541 1021 158 28 ifrägavarande
711 1021 54 26 syfte
775 1021 120 27 föreslagna
905 1027 96 14 ansvars-

247 1055 184 27 bestämningarna
446 1055 84 27 bringas
546 1056 31 20 till
592 1055 150 27 motsvarighet
752 1055 48 21 med
811 1055 26 21 de
851 1055 149 21 straffbestäm-

247 1089 82 28 melser,
344 1095 45 15 som
409 1090 33 20 för
460 1089 73 28 dylika
550 1089 137 28 förbrytelser
701 1089 57 22 inom
774 1089 147 28 Kejsardömet
935 1089 65 22 redan

248 1125 35 19 äro
298 1123 106 28 stadgade.

315 1157 49 22 Med
386 1158 83 27 hänsyn
492 1158 68 20 härtill
583 1158 38 21 och
642 1157 88 21 emedan
755 1158 112 21 ständerna
888 1158 62 21 äfven
966 1158 35 21 vid

247 1194 83 19 senaste
345 1192 101 27 landtdag
460 1192 80 27 antagit
555 1192 179 27 ändringsförslag
749 1192 82 26 gående
842 1192 8 20 i
861 1198 80 15 samma
951 1192 50 21 rikt-

247 1226 52 27 ning
314 1232 45 14 som
374 1233 30 13 nu
419 1226 165 27 ifrågavarande,
595 1226 106 26 nemligen
712 1226 113 28 ändringar
835 1226 32 21 till
877 1233 43 20 nya
930 1226 71 22 Straff-

247 1260 67 27 lagen,
330 1260 56 21 hälla
401 1260 21 20 vi
436 1261 51 26 före,
502 1262 30 19 att
547 1260 70 21 denna
632 1260 76 28 nädiga
722 1260 130 28 proposition
864 1261 7 20 i
881 1260 120 22 hufvudsak

247 1295 42 20 kan
304 1294 129 28 godkännas.
941 1310 2 3 i

316 1328 50 21 Men
382 1328 26 21 då
422 1329 62 20 äfven
500 1328 67 27 enligt
581 1328 49 27 rysk
646 1328 35 26 lag
697 1328 26 20 de
737 1328 8 20 i
760 1328 13 20 2
789 1328 46 27 &:ns
852 1328 10 20 1
874 1334 62 15 mom.
950 1335 52 21 upp-

247 1361 93 22 räknade
362 1361 137 26 förbrytelser
516 1362 81 21 straffas
615 1361 49 22 med
683 1362 94 27 fängelse
795 1361 47 22 från
863 1363 40 20 och
924 1362 50 21 med
989 1363 13 20 8

247 1395 101 22 månader
366 1395 32 21 till
418 1395 39 22 och
479 1395 49 22 med
549 1397 11 20 1
581 1396 23 21 år
615 1388 40 29 och
675 1397 14 20 4
707 1396 106 28 månader,
829 1396 51 22 eller
900 1397 47 21 från
962 1397 40 22 och

247 1430 48 21 med
311 1431 13 20 4
339 1430 32 21 till
392 1430 40 22 och
446 1430 48 21 med
510 1431 12 20 8
542 1430 105 28 månader,
663 1431 23 20 så
705 1431 62 21 hafva
783 1431 20 21 vi
819 1433 68 20 ansett
902 1438 34 15 oss
952 1431 50 22 böra

248 1465 76 21 föreslå
339 1465 165 21 straffminimets
520 1465 107 21 sänkande
643 1465 31 21 till
691 1466 12 20 2
719 1465 106 22 månader.

316 1503 129 24 Lagutskottets
458 1504 109 19 betänkande
579 1504 38 19 N:o
629 1505 17 17 4.
