1120 1723
254 140 12 19 8
548 140 45 24 N:o
614 141 38 23 16.

571 207 12 28 &
601 208 32 21 15.

292 247 43 22 För
354 247 110 27 sparbank
486 247 119 28 tillskjuten
624 247 123 28 grundfond
765 247 35 22 må
816 247 111 22 återbäras
944 253 36 16 en-

224 282 49 21 dast
289 281 7 22 i
312 281 36 22 det
362 281 38 22 fall
417 282 34 21 att
466 281 103 22 förbehåll
584 282 7 21 i
607 282 118 27 stadgarna
741 282 72 22 derom
828 282 76 27 gjorts,
915 281 64 22 likväl

224 317 19 27 ej
259 316 45 22 förr
319 318 27 20 än
362 316 36 21 det
413 316 135 22 förhållande
562 317 84 21 inträdt
661 317 77 21 mellan
754 315 124 23 reservfond
894 316 38 21 och
948 316 32 21 in-

224 352 122 21 sättarenes
369 350 201 28 tillgodohafvande,
590 357 47 16 som
654 351 8 21 i
681 351 11 28 $
711 352 25 21 14
752 353 68 26 säges.
850 351 80 21 Dervid
945 351 35 21 mä

224 386 58 21 vinst
297 386 13 21 å
324 385 255 28 grundfondstillskotten
594 386 47 21 icke
654 385 109 22 beräknas
777 387 56 20 samt
843 387 65 20 ränta
918 385 63 28 godt-

224 422 65 25 göras
304 419 76 22 endast
394 419 34 22 för
443 420 70 21 såvidt
537 420 119 27 stadgarna
678 420 73 22 derom
766 419 108 22 innehålla
883 419 98 28 uttryck-

224 455 30 27 lig
268 454 146 27 bestämning;
430 454 54 22 dock
499 455 34 21 att
548 461 76 20 genom
638 455 137 26 utbetalning
790 454 22 22 af
826 454 67 22 sådan
909 455 72 25 ränta,

224 488 86 22 hvilken
326 489 18 27 ej
360 488 34 22 får
409 488 116 28 öfverstiga
540 488 41 22 fem
591 489 34 21 för
635 489 85 21 hundra
731 495 34 15 om
776 489 53 26 året,
840 488 140 22 förenämnda

224 523 134 22 förhållande
380 523 78 22 mellan
481 523 124 22 reservfond
628 523 39 22 och
685 523 145 22 insättarenes
846 522 135 28 tillgodohaf-

225 557 70 22 vande
310 558 46 21 icke
372 557 86 23 rubbas.

575 640 11 27 8
603 641 33 20 16.

296 679 88 22 Utvisar
399 679 121 28 sparbanks
534 679 88 22 bokslut
637 680 33 21 att
685 679 96 21 bankens
796 678 123 28 grundfond
929 678 52 22 eller

226 713 37 22 der
285 713 124 22 reservfond
431 713 86 28 bildats,
539 714 56 22 både
611 714 70 21 denna
696 713 39 22 och
750 713 149 27 grundfonden
915 712 64 23 förlo-

225 750 53 25 rats,
295 748 51 22 eller
364 749 46 27 har,
431 749 54 21 efter
500 749 37 22 det
551 748 123 29 grundfond
690 748 122 28 äterburits,
828 747 152 23 reservfonden

226 784 49 26 gätt
289 782 102 26 förlorad,
412 783 28 21 dä
457 784 61 26 skall,
535 784 72 21 derest
622 783 46 21 icke
683 789 28 21 ny
726 782 123 28 grundfond
864 782 116 27 tillskjutes

226 817 39 21 och
287 817 99 28 möjligen
409 817 96 27 befintlig
522 818 55 22 brist
595 818 8 21 i
620 818 145 21 insättarenes
785 816 195 28 tillgodohafvande

222 851 80 28 jemväl
316 851 107 28 betäckes,
443 852 148 28 sparbankens
611 851 136 23 verksamhet
762 850 96 29 afbrytas
874 851 38 22 och
927 851 53 22 ban-

226 887 41 21 ken
283 886 75 23 ställas
374 887 69 22 under
458 887 122 28 utredning.

573 961 12 28 8
603 963 32 20 17.

293 1000 46 23 Har
361 1002 70 27 nägon
455 1001 33 22 del
511 1001 22 22 af
554 1002 120 27 sparbanks
696 1002 58 21 vinst
768 1001 68 23 blifvit
852 1001 85 23 använd
951 1002 29 27 pä

226 1036 68 21 annat
309 1037 45 20 sätt
370 1037 27 20 än
413 1036 11 27 $
443 1037 25 20 14
483 1036 122 27 medgifver,
623 1036 79 27 åligger
717 1036 54 27 dem,
787 1042 45 16 som
843 1036 33 22 till
886 1037 94 21 beslutet

226 1070 73 22 derom
321 1070 101 27 bidragit,
446 1072 40 25 att,
505 1077 27 15 en
551 1071 33 22 för
603 1071 42 22 alla
660 1071 39 22 och
714 1071 43 22 alla
773 1071 34 22 för
822 1077 33 21 en,
871 1071 32 22 till
918 1077 65 22 spar--

225 1105 86 21 banken
327 1105 112 27 ätergälda
456 1105 57 22 hvad
527 1105 94 22 sälunda
634 1105 70 22 blifvit
718 1105 129 28 obehörigen
863 1105 120 22 utbetaldt.

225 1139 129 22 Underlätes
377 1139 137 23 föreskriften
529 1141 8 21 i
552 1141 12 27 $
581 1142 33 26 16,
638 1143 37 20 äro
698 1141 33 26 de,
753 1141 72 22 hvilka
847 1141 49 22 lätit
912 1140 67 23 sädan

225 1174 166 22 underlätenhet
410 1175 85 22 komma
513 1175 32 28 sig
564 1175 32 22 till
611 1176 49 26 last,
675 1175 103 22 likaledes
794 1181 26 16 en
835 1175 33 22 för
883 1175 43 22 alla
941 1175 38 22 och

225 1208 43 22 alla
282 1208 33 23 för
330 1215 32 20 en,
379 1209 134 22 insättarene
528 1211 113 26 ansvarige
654 1209 35 22 för
705 1210 63 22 deras
782 1210 134 27 fordringars
927 1209 53 22 fulla

224 1243 113 27 gäldande,

294 1276 10 21 I
320 1275 64 28 öfrigt
406 1278 38 20 äro
467 1277 130 27 principaler
620 1277 39 22 och
677 1277 209 27 styrelseledamöter
900 1278 82 21 under-

224 1311 92 21 kastade
336 1311 138 27 ansvarighet
492 1311 33 22 för
544 1311 136 28 sparbanken
702 1311 140 23 anförtrodda
859 1311 69 22 medel
943 1318 37 16 en-

226 1345 49 22 dast
290 1344 54 23 efter
364 1345 26 22 de
405 1346 101 27 grunder,
526 1352 46 16 som
586 1345 34 23 för
635 1346 119 28 sysslomän
769 1346 67 28 enligt
851 1347 78 22 allmän
944 1347 39 28 lag:

225 1380 63 28 gälla,
309 1381 24 21 sä
352 1380 46 22 vidt
414 1380 26 22 de
454 1381 46 21 icke
516 1381 102 22 särskildt
633 1381 112 22 förbundit
759 1381 32 28 sig
806 1381 33 22 till
853 1381 129 29 ytterligare

225 1415 143 27 ansvarighet.

296 1450 39 22 Om
350 1450 116 22 utförande
481 1450 22 22 af
516 1450 66 28 talan,
598 1450 86 23 hvartill
699 1451 68 27 enligt
781 1451 71 22 denna
867 1452 8 28 $
889 1451 37 29 fog
935 1452 44 22 kan
