1123 1786
317 145 82 23 Ständ.
415 145 37 24 Sv.
468 159 26 3 —
509 147 74 28 Prop.
599 147 42 22 N:o
657 147 34 22 18.
839 148 14 22 5

194 212 12 21 I
228 212 65 29 fråga
316 219 37 15 om
376 211 121 24 aflönande
512 213 25 22 af
549 213 74 22 lärare
638 213 43 22 och
696 213 131 22 lärarinnor
841 213 41 22 vid

125 245 132 22 folkskolor
275 246 30 28 på
325 246 80 21 landet
421 246 70 22 hafva
506 246 131 23 Ständerna
651 247 104 28 godkänt
769 247 114 28 förslaget

126 280 80 21 härom
228 280 9 20 i
260 279 44 22 den
331 280 85 28 nådiga
441 281 176 28 propositionen
641 281 43 22 och
706 281 24 21 få
752 281 130 21 Ständerna

127 313 77 22 derför
219 313 168 29 underdånigst
402 314 101 22 anmäla:

402 408 31 21 att
453 407 125 23 Ständerna
594 407 33 22 till
642 408 115 27 aflönande
773 407 27 28 af
812 407 71 22 lärare

333 441 36 21 och
388 442 128 22 lärarinnor
530 442 36 21 vid
580 442 114 28 folkskolor
705 443 32 27 på
752 442 75 22 landet
841 449 41 15 un-

333 476 38 21 der
385 476 53 22 åren
453 476 146 22 1895—1897
614 476 96 29 anslagit
723 476 160 28 sammanlagdt

331 510 124 27 3,084,000
469 511 67 21 mark.

194 729 83 29 Enligt
301 731 40 21 134
364 730 13 26 &
399 730 9 20 i
430 729 287 29 folkskoleförordningen
732 730 45 21 den
793 731 25 21 11
834 729 46 29 Maj

127 764 55 22 1866
205 764 144 21 tillkommer
369 764 74 22 lärare
465 764 44 22 och
523 764 130 22 lärarinnor
667 764 41 22 vid
722 764 161 22 folkskolorna

126 799 30 28 på
177 798 80 22 landet
278 798 191 29 löneförhöjning
491 798 60 22 efter
573 798 33 22 tio
622 798 37 22 års
674 798 122 29 oförvitlig
811 798 73 30 tjenst

126 833 53 21 med
193 834 29 22 20
242 833 27 29 /,
285 835 60 20 samt
359 832 101 22 derefter
474 832 69 23 hvart
557 833 72 22 femte
646 833 25 21 år
685 833 53 21 med
754 834 27 22 10
795 833 35 27 %,
845 832 38 23 till

127 868 51 21 dess
202 868 45 21 den
269 867 97 22 sålunda
388 867 87 22 skedda
495 867 159 28 tillökningen
676 866 60 22 efter
751 866 40 22 det
805 868 78 28 tjugu-

126 903 72 21 femte
221 903 60 21 årets
304 903 90 28 utgång
416 901 67 30 stigit
506 902 37 22 till
566 903 28 22 50
608 902 35 28 %.
672 901 37 22 Då
723 901 136 28 Ständerna,
875 902 9 21 i

126 937 129 29 anledning
276 937 25 22 af
322 937 78 22 derom
422 937 70 22 väckt
506 937 72 29 fråga,
600 937 62 28 tagit
676 936 73 22 under
764 936 117 29 pröfning,

126 971 117 23 huruvida
263 979 28 14 en
306 972 143 29 förbättring
464 972 26 22 af
502 971 66 22 dessa
583 972 86 22 lärares
685 971 44 22 och
743 971 140 22 lärarinnors

126 1007 132 22 lönevilkor
280 1014 55 15 vore
357 1007 26 22 af
403 1007 110 22 behofvet
532 1006 115 29 påkallad,
670 1006 70 22 hafva
755 1005 129 23 Ständerna

126 1043 78 20 ansett
220 1041 51 22 skäl
286 1049 55 14 vara
356 1041 37 22 för
408 1042 92 22 handen
517 1044 40 25 att,
573 1043 57 20 utan
645 1041 106 29 stegring
765 1040 27 22 af
800 1040 84 29 sjelfva

128 1076 229 29 aflöningsbidragen
365 1077 56 21 eller
429 1076 27 22 af
463 1076 39 22 det
512 1076 84 30 belopp
608 1076 13 21 ä
631 1075 170 29 sammanlagdt
811 1076 28 21 50
848 1075 34 28 %/9,

128 1111 112 22 hvarmed
255 1111 67 22 dessa
337 1111 59 22 efter
411 1111 62 22 vissa
483 1111 112 28 tjensteär
605 1111 109 28 förhöjas,
729 1109 86 23 bereda
824 1109 60 22 folk-

128 1145 127 22 skollärare
278 1146 43 22 och
343 1146 129 22 lärarinnor
493 1147 30 27 pä
545 1145 79 22 landet
639 1145 46 22 den
699 1144 129 28 förmänen,
850 1145 35 20 att

127 1180 45 21 den
194 1179 73 22 första
289 1181 220 29 löneförhöjningen
528 1181 76 21 skulle
624 1179 193 29 tillgodokomma
833 1178 51 22 dem

127 1212 72 24 redan
215 1214 60 22 efter
289 1214 47 22 fem
352 1215 36 21 års
402 1215 73 29 tjenst
484 1214 54 22 med
550 1216 26 21 10
586 1214 34 28 9/,,
637 1213 118 22 hvarefter
765 1212 120 22 enahanda

128 1248 137 29 förhöjning
280 1249 76 22 skulle
371 1250 84 21 utfalla
469 1249 61 22 efter
544 1249 34 22 tio
593 1249 44 21 och
651 1248 90 22 femton
758 1248 37 21 års
805 1247 79 29 tjenst,

128 1285 60 20 samt
210 1285 35 19 att
261 1283 40 22 det
319 1283 96 29 slutliga
429 1283 128 22 tillskottet
572 1283 83 27 skulle,
677 1282 54 22 med
745 1283 29 21 20
788 1282 34 28 9/,,
837 1282 48 21 till-

128 1317 63 22 delas
213 1318 74 22 lärare
311 1318 43 22 och
376 1318 129 22 lärarinnor
527 1318 72 22 redan
619 1317 38 22 för
679 1317 68 29 tjugu
766 1316 118 30 tjensteär.

127 1352 47 22 Det
194 1352 9 21 i
222 1352 45 22 den
282 1352 86 29 nädiga
382 1352 177 29 propositionen
574 1352 37 22 för
625 1350 176 30 ifrägavarande
816 1350 69 21 ända-

127 1386 47 22 mä]
196 1388 121 28 upptagna
338 1387 82 29 anslag
442 1386 25 22 af
487 1388 94 27 285,000
595 1386 67 22 mark
677 1386 36 22 för
728 1384 157 23 instundande

128 1421 157 28 finansperiod
301 1421 115 21 erfordrar
431 1421 38 20 till
483 1421 60 27 följd
557 1421 69 21 häraf
640 1427 29 14 en
677 1419 134 28 tillökning,
826 1418 61 21 hvil-

129 1454 47 21 ken
192 1453 124 22 beräknats
332 1453 181 29 approximativt
527 1454 38 21 till
581 1454 78 27 79,400
673 1453 72 21 mark.
