1078 1784
111 218 751 11 mv

578 272 102 22 Transport
693 267 2 29 |
726 272 91 21 9,746,230/
829 273 22 17 14

338 304 75 18 förande
432 304 20 18 af
467 305 114 22 muddrings-
594 305 34 17 och
639 305 39 22 kaj-

337 338 169 23 byggnadsarbeten
520 339 5 17 i
536 338 75 24 Hangö.
630 352 3 4 .
652 352 4 4 .
674 352 4 4 .
754 340 62 21 66,000|
828 351 22 3 —

338 372 97 23 Angående
451 373 65 22 anslag
532 374 29 17 för
572 374 106 22 utvidgning
692 365 2 13 |

337 406 20 18 af
367 406 65 23 Hangö
444 407 55 18 hamn
516 422 3 3 .
538 421 4 4 .
561 421 3 3 .
583 420 50 5 ...
753 409 96 21 23,000|
836 405 17 31 —

337 442 98 22 Angäende
446 442 82 18 tillskott
540 442 5 18 i
558 442 83 22 anslaget
649 442 29 18 för

336 476 113 22 uppförande
472 476 21 18 af
511 479 27 15 ett
557 476 94 23 varuskjul
672 476 5 18 i

336 510 65 22 Hälfö:
423 523 49 5 jaa
491 524 4 4 s
514 524 3 4 x
537 524 139 5 RARE
644 506 14 31 «
667 506 12 31 0
692 510 1 17 |
754 512 95 20 11,000]
835 506 19 31 —

335 544 98 22 Angäende
445 544 82 18 tillskott
539 545 5 17 i
557 546 84 21 anslaget
648 545 30 17 för
691 557 1 3 |

335 578 92 18 farledens
445 579 78 18 emelian
536 579 86 23 Wiborgs
636 579 41 18 stad

335 613 34 17 och
381 613 108 22 Trångsund
501 613 121 23 fördjupande
650 626 26 4 ..
752 614 63 21 39,300]
826 624 22 3 —

335 647 99 23 Angäende
445 647 82 18 tillskott
538 648 6 16 i
556 648 85 20 auslaget
648 647 29 18 för

335 682 147 22 kanaliseringen
500 682 21 18 af
538 682 92 18 Wuoksen
645 682 31 18 flo-

335 716 34 18 den,
401 730 24 4 os
445 730 231 4 le.
690 716 2 22 i
753 717 61 20 10,000]
826 728 22 2 —

333 750 99 22 Angäende
444 751 64 22 anslag
516 751 30 17 för
554 750 122 23 fördjupande

334 785 21 17 af
365 784 83 18 farleden
460 785 6 17 i
479 790 67 13 samma
563 785 46 18 flods
621 790 55 13 norra

333 825 45 17 gren
419 832 4 5 sor
465 833 28 4 sr
512 834 26 3 rs
557 833 95 4 rer
621 816 35 30 ks
671 822 20 15 |
751 820 62 21 32,500]
825 830 22 3 —

164 854 44 18 1894
231 854 42 18 Jan,
285 854 28 18 29.
331 854 98 22 Angående
453 854 147 18 statsunderstöd
623 855 6 17 i
648 850 43 29 ett
682 846 13 37 |

333 888 30 19 för
374 888 35 18 allt
420 888 29 19 för
457 888 104 19 Nädendals
569 889 107 18 badanstalt
689 883 2 11 |

334 923 97 23 Angående
444 923 55 18 bland
511 926 56 15 annat
575 923 99 18 understöd
689 931 1 3 i

333 964 22 11 ur
367 958 92 18 allmänna
469 958 58 18 medel
535 959 21 17 ät
563 958 111 18 enkedokto-

333 993 65 17 rinnan
422 992 48 18 Sofia
489 993 66 18 Louise
575 993 73 22 Lybeck
669 992 5 17 i

333 1027 92 22 egenskap
442 1027 21 18 af
474 1027 160 18 föreständarinna
645 1027 29 17 för

333 1067 21 12 en
370 1062 21 17 af
401 1062 59 18 henne
472 1063 6 16 i
489 1062 116 22 Helsingfors
617 1062 56 17 inrät-

333 1097 32 17 tad
373 1097 42 17 kur-
423 1096 34 18 och
466 1097 115 17 värdanstalt
588 1096 29 17 för
624 1101 50 12 nerv-

332 1131 34 17 och
379 1130 121 23 sinnessjuka,
513 1131 5 16 i
531 1132 27 16 ett
570 1131 29 17 för
611 1131 35 17 allt
670 1143 4 4 .
749 1131 64 20 40,000|
824 1141 22 2 —

180 1179 8 8 n»
211 1161 8 30 =
230 1165 53 18 Febr.
295 1166 16 17 5.
329 1165 99 22 Angående
445 1167 67 16 tvänne
530 1165 65 22 anslag
606 1167 29 15 att
647 1165 27 17 ät-

333 1199 61 23 njutas
407 1199 21 18 af
439 1199 85 22 Wiborgs
531 1199 78 18 Hofrätt
617 1199 57 18 under

333 1235 27 16 ett
377 1233 30 18 ärs
419 1233 32 22 tid,
464 1234 31 17 det
506 1239 33 12 ena
551 1234 12 17 &
575 1235 62 20 12,000
644 1233 30 18 mk

333 1268 29 17 till
382 1267 96 18 aflönande
499 1268 18 17 af
540 1268 64 22 nödigt
623 1268 50 17 antal

331 1303 122 17 translatorer
471 1302 28 18 för
517 1302 59 18 finska
593 1302 81 22 spräket,

331 1337 80 17 räknadt
429 1337 41 17 frän
483 1337 34 17 den
534 1338 7 16 1
555 1337 50 17 Mars
623 1337 50 21 1894,

332 1371 33 17 och
378 1371 31 17 det
421 1370 62 22 andra,
492 1370 79 18 räknadt
579 1370 41 18 frän
628 1375 46 12 sam-

333 1410 29 12 ma
380 1405 29 16 års
428 1405 71 21 början,
517 1405 11 16 &
540 1405 51 20 5,000
601 1404 32 17 mk
645 1404 29 17 för

331 1438 113 17 bekostande
468 1439 20 16 af
511 1438 124 21 renskrifning
654 1437 21 18 af

570 1473 102 32 Transport
686 1467 2 33 i
718 1478 93 22 9,998,030|
825 1478 21 17 14
