1123 1778
321 138 80 23 Ständ.
418 138 37 23 Sv.
472 152 24 3 —
512 140 74 26 Prop.
601 140 44 22 N:o
661 140 35 22 16.
842 143 11 19 9

130 203 39 21 det
191 203 26 21 af
238 203 157 29 sparbankens
419 204 93 29 stadgar
534 205 140 28 ankommer,
694 205 8 22 i
717 205 114 22 anseende
846 206 37 21 till

130 237 115 23 särskilda
275 238 197 28 omständigheter
500 239 129 29 medgifver
660 241 34 20 att
718 240 164 28 grundfonden

130 274 72 19 sättes
217 272 38 22 till
271 272 64 29 lägre
349 272 92 29 belopp.

482 356 11 17 5
511 354 19 25 &.

197 395 22 28 Ä
233 401 114 29 Kejsaren
363 402 43 22 och
422 402 144 23 Storfursten
582 403 133 22 ankommer
730 405 35 20 att
775 403 109 22 förordna

130 443 36 14 om
185 436 44 21 den
244 436 89 29 tillsyn,
350 444 49 15 som
414 437 13 21 &
442 437 40 22 det
497 438 127 21 allmännas
639 441 88 25 vägnar
743 438 60 21 skall
818 437 65 22 öfver

129 471 115 28 sparbank
258 471 99 22 utöfvas.

485 538 11 19 6
507 537 24 26 8.

185 586 92 22 Vården
303 594 37 14 om
365 587 129 28 sparbanks
519 587 194 29 angelägenheter
738 587 144 22 handhafves

129 620 25 22 af
167 621 156 28 sparbankens
339 621 140 28 principaler
493 622 43 21 och
551 622 52 21 dess
619 622 104 28 styrelse.

195 655 178 29 Principalerne,
397 655 80 22 hvilka
500 657 75 20 såsom
597 658 184 27 representanter
796 656 37 21 för
847 657 35 20 in-

128 692 115 19 sättarene
267 689 124 23 öfvervaka
414 690 156 28 sparbankens
593 690 150 28 förvaltning,
767 693 64 19 utses
846 691 36 21 för

128 725 47 21 viss
198 724 35 22 tid
255 732 83 20 genom
353 724 44 28 val,
413 725 30 27 på
458 727 46 19 sätt
519 725 124 28 stadgarna
657 724 146 23 föreskrifva.
834 725 47 21 An-

128 759 56 21 talet
199 759 140 28 principaler
353 758 36 22 får
403 759 51 21 icke
469 758 135 29 understiga
619 758 53 23 fem.

195 793 180 28 Principalerne,
398 793 80 22 hvilka
501 793 65 22 skola
588 794 71 21 minst
681 801 30 14 en
725 794 63 28 gång
803 793 79 29 hvarje

128 828 24 22 år
167 828 74 21 kallas
256 828 37 21 till
309 827 116 22 ordinarie
441 828 172 28 sammanträde,
624 827 149 23 tillkommer:
785 830 35 19 att
830 830 52 19 utse

128 863 20 29 ej
167 863 90 22 mindre
275 863 126 22 ledamöter
416 864 8 21 i
439 863 113 28 styrelsen
567 863 36 22 för
618 863 48 22 viss
681 863 8 21 i
705 863 124 28 stadgarna
844 863 38 21 be-

128 898 75 21 stämd
225 897 41 28 tid,
289 901 30 18 än
341 897 44 22 ock
407 897 89 28 årligen
518 898 113 22 revisorer
645 897 38 22 för
698 897 145 29 granskning
858 897 26 22 af

126 932 185 29 förvaltningen;
327 934 35 19 att
376 932 91 21 besluta
482 939 36 14 om
534 931 167 23 ansvarsfrihet
715 931 37 22 för
767 932 114 28 styrelsen

128 967 54 22 eller
205 974 36 14 om
264 967 44 21 den
324 966 87 29 åtgärd,
428 973 49 14 som
493 966 58 22 skall
567 967 8 20 i
591 966 71 22 saken
677 967 113 28 vidtagas,
806 966 76 21 derest

128 1000 166 23 ansvarsfrihet
316 1001 82 26 nekas;
422 1003 60 18 samt
504 1003 34 19 att
559 1001 81 28 afgöra
663 1000 72 29 fråga,
761 1008 50 14 som
835 1001 46 21 kan

128 1035 83 22 väckas
235 1043 36 14 om
291 1035 150 28 användning
457 1035 26 22 af
495 1035 39 22 det
549 1035 7 21 i
573 1038 25 19 16
615 1035 11 27 $
641 1034 151 22 omförmälda
807 1034 75 22 öfver-

128 1070 64 22 skott
214 1070 13 20 å
249 1068 144 26 reservfond;
409 1069 44 21 och
467 1068 70 22 hafva
552 1069 169 29 principalerne
736 1069 8 21 i
761 1068 72 29 öfrigt
847 1071 35 19 att

127 1104 59 22 fatta
208 1104 77 22 beslut
308 1104 9 21 i
340 1103 106 27 ärenden,
465 1104 80 21 hvilka
560 1104 75 28 enligt
650 1103 122 29 stadgarna
787 1104 95 20 tillhöra

128 1139 65 21 deras
215 1138 182 28 handläggning.
427 1138 124 28 Principal,
574 1145 49 15 som
645 1137 78 22 tillika
736 1141 25 18 är
776 1137 106 29 styrelse-

127 1173 107 27 ledamot,
258 1174 36 20 må
317 1172 21 29 ej
360 1172 93 28 deltaga
469 1173 10 21 i
493 1173 38 21 val
546 1173 26 21 af
584 1173 113 21 revisorer
712 1172 56 22 eller
783 1172 8 22 i
804 1172 78 22 beslut

128 1208 119 28 angående
262 1206 167 22 ansvarsfrihet
443 1207 36 21 för
495 1207 120 28 styrelsen.

197 1241 119 29 Styrelsen
326 1240 104 22 handhar
440 1241 45 21 den
496 1240 144 23 omedelbara
649 1240 126 29 ledningen
786 1240 26 22 af
821 1248 61 21 spar-

128 1276 103 21 bankens
255 1275 146 21 verksamhet
423 1275 43 21 och
489 1282 53 21 eger
564 1276 35 20 att
620 1275 9 21 i
651 1274 45 22 alla
715 1275 45 21 mål
775 1275 48 21 tala
838 1274 43 22 och

128 1317 66 15 svara
208 1310 37 21 för
261 1309 151 29 sparbanken,
429 1310 25 20 så
469 1310 43 20 ock
527 1311 34 19 att
577 1309 89 21 besluta
677 1310 7 20 i
695 1308 84 29 frågor,
790 1308 91 22 hvilkas

128 1344 125 28 afgörande
267 1344 52 21 icke
334 1347 26 17 är
374 1343 169 29 principalerne
557 1343 144 22 förbehållet.

195 1378 29 29 Ej
241 1378 36 21 må
293 1378 126 28 sparbanks
434 1378 114 28 principal
563 1385 55 14 vara
627 1378 139 28 tjensteman
777 1378 9 21 i
797 1384 85 14 samma

128 1412 122 28 sparbank,
272 1412 40 20 der
333 1412 58 27 icke,
410 1411 52 21 med
477 1412 108 20 afseende
600 1412 13 20 å
629 1411 113 21 särskilda
756 1411 125 21 förhållan-

128 1445 51 28 den,
195 1445 82 21 sådant
292 1445 8 21 i
316 1444 124 29 stadgarna
455 1444 159 28 uttryckligen
629 1444 136 28 medgifves.
