1123 1786
323 155 82 23 Ständ.
422 156 38 22 Sv.
475 169 28 2 —
518 157 73 27 Prop.
606 157 43 21 N:o
664 157 36 21 18.
837 159 13 19 3

124 228 49 14 som
190 221 112 28 slutligen
317 221 152 29 hyresvärdet
479 222 26 20 af
513 222 121 21 skolornas
645 229 59 21 egna
713 222 95 27 lokaler,
825 225 54 18 enär

123 255 39 21 det
182 255 28 29 ju
232 256 73 21 måste
328 263 67 14 anses
416 256 65 28 ligga
503 256 8 21 i
534 256 40 22 det
588 256 127 22 allmännas
730 256 99 22 intresse
845 258 34 19 att

124 290 70 21 äfven
215 290 36 21 uti
273 290 108 21 städerna
403 290 108 22 befordra
533 290 155 29 uppförandet
705 290 26 21 af
744 291 84 21 enkom
842 290 37 21 för

123 324 225 23 folkskoleändamål
370 324 95 22 afsedda
487 325 95 22 lokaler.
612 325 112 21 Deremot
745 331 56 15 vore
816 324 63 25 kost-

123 358 102 24 naderna
247 359 36 22 för
305 359 122 21 underhåll
449 358 26 23 af
488 359 96 22 skolhus
600 359 43 22 och
659 359 118 28 skoltomt,
799 359 81 22 hvilka

123 394 125 28 rätteligen
271 394 56 29 ingå
349 394 8 22 i
375 393 156 30 hyresvärdet,
556 396 59 20 samt
630 394 29 21 de
674 394 26 22 af
713 394 167 21 stadskommu-

124 436 84 14 nernas
230 429 45 22 fria
298 429 59 22 skön
379 429 115 22 beroende
512 429 91 29 belopp,
626 429 111 22 hvarmed
752 428 128 29 stipendier

124 463 42 22 och
181 463 100 28 premier
296 464 63 27 utgå,
382 463 51 22 icke
449 465 34 20 att
500 463 108 22 hänföras
624 463 38 22 till
677 463 28 22 de
719 463 106 29 utgifter,
841 463 38 22 till

124 497 80 22 hvilka
215 498 141 22 statsverket
366 497 36 22 uti
412 497 147 22 förenämndt
574 497 109 22 afseende
693 498 88 21 lemnar
791 497 88 29 bidrag.

191 532 167 28 Beräkningen
380 532 27 21 af
426 532 28 22 de
475 532 74 21 under
570 532 192 22 nästkommande
784 531 97 29 budget-

124 566 81 29 period
227 566 152 29 erforderliga
403 567 172 28 anslagsposter
597 566 37 22 för
656 567 165 28 statsbidraget
843 567 38 21 till

124 600 120 22 städernas
266 600 131 22 folkskolor
419 601 68 28 utgår
510 601 9 21 i
540 600 46 22 den
606 601 85 29 nådiga
705 601 176 29 propositionen

124 635 52 22 från
199 636 40 21 det
260 635 25 22 af
303 635 129 22 Ständerna
447 635 40 22 vid
501 638 91 19 senaste
606 635 113 29 landtdag
733 636 38 21 för
785 636 25 20 år
827 636 54 22 1894

124 669 38 23 för
182 670 64 22 detta
261 670 106 22 ändamål
382 670 131 22 beräknade
527 670 110 29 beloppet
651 670 90 26 299,000
756 670 67 21 mark
838 670 43 21 och

124 707 121 27 upptager,
269 704 74 22 under
365 704 170 29 förutsättning
557 704 25 22 af
602 706 35 20 ett
656 704 70 28 årligt
740 704 103 22 tillskott
857 704 27 22 af

125 740 79 27 30,000
219 739 72 27 mark,
315 738 68 22 dessa
397 742 78 26 poster
489 739 37 21 för
541 739 25 21 år
582 740 55 22 1895
651 739 37 21 till
703 740 92 26 349,000
809 739 72 27 mark,

124 772 37 22 för
176 773 25 21 år
217 774 56 22 1896
288 773 37 21 till
341 775 93 26 399,000
448 773 66 22 mark
529 773 43 22 och
586 773 37 22 för
638 774 25 20 år
677 774 54 21 1897
743 773 38 21 till
789 774 93 26 449,000

124 807 73 22 mark.
227 807 34 22 På
283 809 46 20 sätt
351 808 8 21 i
377 808 176 28 propositionen
568 808 139 27 framhålles,
730 807 71 27 hafva
815 807 29 21 de
859 806 25 22 af

126 842 131 22 Ständerna
284 842 37 22 för
342 842 157 22 innevarande
521 841 226 29 bevillningsperiod
770 842 111 28 anslagna

125 876 93 22 medlen
232 876 74 22 under
322 878 25 20 år
364 878 54 21 1893
433 877 20 28 ej
469 876 126 29 medgifvit
614 876 132 29 beviljande
761 876 26 21 af
799 876 82 28 bidrag

125 911 38 22 till
186 911 39 22 det
247 911 91 29 belopp,
362 918 49 15 som
434 911 75 28 enligt
530 911 71 22 ofvan
616 911 101 28 antydda
731 910 78 29 grund
822 910 61 22 hade

126 946 54 21 bort
201 946 132 22 tillkomma
352 945 47 22 fem
421 946 84 28 städer,
527 946 81 22 hvilka
630 945 79 22 derom
724 946 91 26 ansökt,
838 945 43 22 och

128 980 25 22 af
166 988 87 14 samma
269 981 68 22 orsak
351 981 70 21 hafva
431 983 86 20 tvenne
527 981 89 22 städers
626 982 9 20 i
646 980 119 22 enahanda
775 980 108 22 afseende

127 1015 83 30 gjorda
232 1016 158 28 ansökningar
412 1015 50 22 helt
477 1016 43 22 och
535 1016 72 21 hållet
621 1015 113 28 afslagits.
763 1014 120 29 Synbarli-

127 1057 46 22 gen
195 1049 38 22 för
255 1052 34 20 att
310 1050 81 21 kunna
411 1050 124 28 tillgodose
550 1050 106 21 bemälda
671 1050 211 22 stadskommuners

127 1084 120 29 grundade
262 1084 99 29 anspråk
376 1085 30 28 på
420 1084 137 29 förhöjning
571 1085 9 21 i
595 1083 172 30 statsbidragen
782 1084 42 21 har
837 1083 45 22 Re-

128 1119 113 28 geringen
263 1119 37 21 för
321 1118 156 22 instundande
492 1118 157 29 finansperiod
664 1118 114 22 beräknat
792 1118 40 21 det
845 1117 37 22 för

126 1153 149 22 underhållet
297 1153 26 22 af
343 1153 119 22 städernas
484 1153 131 22 folkskolor
637 1153 151 28 erforderliga
810 1152 73 28 årliga

127 1188 128 22 tillskottet
269 1188 38 21 till
322 1189 79 25 50,000
415 1188 73 21 mark.

196 1222 47 22 För
265 1222 36 22 sin
322 1222 38 21 del
381 1222 71 22 hafva
471 1222 130 21 Ständerna
616 1224 77 19 ansett
707 1221 176 28 ifrågavarande

128 1257 89 33 anslag
231 1257 56 21 böra
308 1256 114 22 beräknas
444 1257 30 28 på
495 1256 104 29 följande
622 1258 52 20 sätt.
705 1256 80 21 Såsom
801 1255 26 22 af
839 1255 45 22 den

127 1291 54 22 utaf
202 1286 187 33 Öfverstyrelsen
412 1291 37 22 för
466 1290 166 22 skolväsendet
646 1290 93 29 utgifna
754 1289 131 22 statistiska

128 1326 145 28 öfversigten
295 1325 26 22 af
340 1325 232 22 folkskoleväsendet
593 1325 9 22 i
618 1324 102 23 Finland
734 1324 37 21 för
786 1324 99 21 läseåret

129 1361 142 22 1892—1893
284 1359 109 29 framgår,
408 1360 121 29 uppgingo
539 1359 120 22 städernas
669 1358 99 29 utgifter
777 1357 38 22 för
824 1358 61 21 folk-

129 1395 110 22 skolorna
254 1395 25 21 år
295 1395 55 21 1892
369 1394 39 22 till
424 1395 112 26 1,476,153
551 1394 71 21 mark.
652 1393 115 28 Afdragas
781 1392 104 22 härifrån

128 1429 79 26 60,000
227 1427 66 24 mark
316 1427 37 22 för
375 1428 28 21 de
425 1427 132 27 kostnader,
579 1427 38 21 till
639 1426 81 22 hvilka
737 1426 147 27 statsbidrag,

130 1462 74 28 enligt
226 1461 62 22 hvad
303 1461 70 22 ofvan
389 1461 96 27 anförts,
508 1461 51 21 icke
575 1467 56 15 vore
647 1462 34 20 att
695 1459 108 29 påräkna,
827 1460 58 20 åter-
