1117 1781
495 339 231 27 Reservation.
751 349 3 1 :

310 413 34 22 På
365 413 77 28 grund
457 413 26 21 af
496 413 63 22 mina
572 413 51 22 från
639 413 133 22 Utskottets
788 412 128 22 afvikande
931 411 63 25 äsik*

243 449 40 26 ter,
311 447 36 22 till
363 447 80 22 hvilka
455 447 42 30 jag
508 447 101 22 kommit
622 447 40 22 vid
678 447 173 28 behandlingen
868 447 26 21 af
905 442 87 33 nådiga

241 481 175 30 propositionen
439 481 119 29 angående
573 482 173 28 sparbankernä
761 481 8 21 i
785 481 86 28 landet,
888 481 105 21 anhåller

237 516 46 29 jag
296 517 36 21 att
346 511 24 27 få
385 516 121 23 framhålla
520 516 109 30 följande.
843 544 2 2 |

275 558 8 9 >
309 550 14 22 I
343 552 15 21 4
379 552 14 26 8
417 551 27 21 af
456 551 85 29 nådiga
556 550 174 30 propositionen
745 551 44 22 och
804 551 135 22 Utskottets
954 551 38 22 be-

239 584 121 27 tänkande
375 589 76 25 säges:
480 586 147 30 ,Sparbanks
642 585 134 29 grundfond
791 586 37 21 må
843 585 51 22 icke
909 585 83 22 under-

236 618 67 31 stiga
319 622 90 20 ettusen
425 620 70 28 mark,
511 620 98 22 såframt
623 620 20 30 ej
660 620 44 22 den
720 620 144 29 myndighet,
874 620 13 21 å
896 620 97 22 hvilken

239 654 177 25 fastställandet
438 655 25 21 af
483 655 157 29 sparbankens
663 655 94 28 stadgar
773 655 139 29 ankommer,
929 654 9 22 i
953 662 39 17 an-

242 688 84 23 seende
341 688 38 22 till
393 689 114 22 särskilda
517 689 199 29 omständigheter
726 685 130 35 medgifver
864 691 35 20 att
907 690 85 28 grund-

241 724 87 21 fonden
343 725 72 25 sättes
431 724 36 21 till
482 724 65 28 lägre
563 725 100 28 belopp”.
693 724 89 22 Fastän
797 724 42 22 här
855 724 142 29 medgifvits

242 758 152 29 möjligheten
417 760 36 20 att
475 758 164 29 grundfonden
654 758 37 22 får
706 766 57 14 vara
778 758 91 22 mindre
885 762 29 18 än
931 758 63 28 1,000
1010 759 2 4 '

241 794 73 26 mark,
337 792 72 29 borde
431 794 75 28 enligt
527 794 48 21 min
590 794 71 22 tanke
678 793 184 23 bestämmandet
878 788 26 28 af
917 794 76 21 denna

241 828 71 22 fonds
342 828 93 28 storlek,
458 828 144 29 isynnerhet'
617 828 62 22 hvad
693 829 169 25 kommunerna
876 828 118 28 beträffar,

241 862 89 22 lemnas
346 862 49 22 helt
410 862 43 22 och
468 863 73 22 hället
549 863 24 21 åt
583 863 211 29 grundläggarene,
804 863 96 22 emedan
909 863 84 28 ifråga-
1018 874 2 4 :

242 897 101 24 varande
366 898 149 28 bestämning
539 898 74 22 skulle
628 898 77 22 lemna
720 892 168 35 myndigheten
904 898 9 21 i
928 898 66 28 fråga

222 927 99 28 alltför.
350 934 49 20 stor
421 932 140 28 befogenhet
583 932 44 22 och
649 932 161 29 tvifvelaktigt
829 936 31 24 är,
878 932 116 22 huruvida

242 966 102 23 nämnda
357 966 138 29 myndighet
509 968 26 21 så
549 968 38 21 väl
603 968 45 21 kan
663 968 126 28 uppskatta
805 967 77 22 skilda
889 968 106 21 kommu-

217 1012 3 3 +
242 1008 52 15 ners
316 1001 162 22 förhållanden
501 1002 44 21 och
563 1002 72 22 behof
651 1009 50 15 som
719 1003 167 20 kommunerna
902 1002 92 29 själfva,

242 1036 137 29 isynnerhet
407 1043 37 14 om
476 1037 141 21 kommunen.
647 1040 25 17 är
699 1037 60 20 liten
783 1036 45 22 och
858 1036 52 22 dess
939 1043 57 22 pen-

242 1069 201 29 ningetillgängar
475 1070 89 29 ganska
597 1071 98 28 knappa.
732 1071 185 28 Bestämningen
946 1078 51 14 som

242 1105 71 29 sådan
340 1104 91 21 komme
457 1104 75 28 blott;
548 1105 75 28 enligt
644 1105 48 21 min
714 1105 77 28 tanke,
816 1107 35 19 att
872 1104 122 22 förhindra
1006 1117 24 9 --

242 1139 153 31 sparbankers
425 1139 193 28 grundläggande
641 1139 8 22 i
671 1139 142 28 kommuner,
837 1147 49 14 som
909 1147 84 14 annars

242 1174 71 22 också
335 1174 58 21 först
417 1173 58 22 efter
496 1174 67 28 långt
577 1173 147 22 betänkande
739 1173 117 29 nedlägga
872 1170 51 25 sina
938 1181 56 22 pen-

242 1203 85 34 ningar
355 1208 10 21 i
393 1215 47 22 nya
461 1207 98 30 företag.
588 1208 37 22 Dä
640 1208 117 22 dessutom
773 1208 78 22 säkert
866 1211 31 25 är,
914 1210 35 20 att
964 1209 30 28 pä

242 1242 181 29 landsbyggden
453 1243 51 21 icke
527 1243 104 22 enskilde
652 1245 56 20 utan
729 1243 83 22 endast
827 1243 168 22 kommunerna

242 1278 93 21 komma
350 1279 35 20 att
397 1277 147 29 grundlägga
551 1277 142 29 sparbanker
701 1277 44 22 och
753 1278 29 21 dä
790 1278 8 21 i
807 1277 28 22 de
843 1277 67 22 flesta
920 1277 74 22 stads-

242 1312 138 22 kommuner
392 1311 72 22 redan
476 1311 74 22 finnes
565 1312 142 27 sparbanker
722 1313 66 24 samt,
801 1312 42 21 där
850 1319 46 20 nya
908 1312 86 27 grund-

241 1345 90 28 läggas,
356 1344 66 22 deras
445 1345 134 28 grundfond
602 1345 78 21 säkert
702 1345 45 21 blir
770 1347 73 19 större
866 1349 30 17 än
914 1345 82 21 ofvan-

242 1378 102 23 nämnda
366 1385 95 21 summa,
482 1378 71 22 borde
568 1379 40 21 det
623 1386 56 15 vara
694 1379 121 28 naturligt,
831 1379 76 22 säsom
922 1379 74 22 redan

241 1413 147 28 framhällits,
405 1414 35 21 att
455 1413 24 22 ät
494 1413 201 29 grundläggarene
711 1413 185 23 öfverlemnades
913 1416 35 20 att
956 1414 39 22 be-

242 1451 98 19 stämma
354 1448 177 30 grundfondens
545 1448 85 30 belopp
647 1448 37 22 till
700 1449 89 22 mindre
804 1449 57 22 eller
876 1450 73 30 större
964 1447 30 24 än

285 1491 3 13 *
313 1501 48 22 Lag-
373 1501 33 18 och
415 1501 187 18 Ekonomiutskottets
615 1501 124 19 betänkanden
750 1502 35 18 N:o
798 1502 17 18 8.
