1123 1786
258 160 13 19 2
554 159 45 23 N:o
618 160 40 22 21.

229 225 136 28 fullständigt
384 225 188 27 handelsregister,
592 227 33 19 att
648 225 121 21 Ständerna
792 225 48 20 med
855 223 64 28 nådig
934 230 51 21 pro-

229 260 95 28 position
342 259 127 28 föreläggas,
485 260 40 21 har
540 259 60 22 Hans
615 259 119 28 Kejserliga
748 258 103 29 Majestät
865 259 49 21 låtit
929 265 56 21 upp-

230 297 53 25 göra
298 294 81 28 förslag
393 294 34 21 till
442 294 135 27 stadganden
592 295 33 20 uti
640 293 163 27 ifrågavarande
819 295 67 19 ämne.

298 328 29 22 Af
341 328 26 22 de
383 328 140 28 synpunkter,
539 335 47 15 som
601 328 75 22 härvid
691 328 65 28 följts,
773 328 34 21 må
817 327 93 28 följande
920 327 65 21 fram-

230 363 77 22 hållas:

299 397 63 22 Hvad
384 396 55 23 först
461 397 103 22 beträffar
586 396 147 28 skyldigheten
753 398 34 20 att
810 396 85 22 anmäla
916 396 69 27 firma,

230 431 89 28 stadgas
341 432 35 21 väl
401 432 66 21 redan
491 432 7 21 i
520 431 153 28 förordningen
697 438 34 15 om
753 431 131 27 näringarne
903 430 24 22 af
943 430 41 22 den

231 467 24 21 31
273 466 59 22 Mars
349 467 62 25 1879,
432 467 33 20 att
481 466 100 22 anmälan
598 472 33 16 om
648 466 87 27 närings
751 465 116 22 utöfvande
883 465 54 22 skall
953 466 33 20 åt-

230 500 63 28 följas
320 500 24 22 af
364 500 85 28 uppgift
473 507 34 15 om
529 501 42 21 den
593 500 68 26 firma,
685 500 69 22 under
780 500 85 22 hvilken
888 500 96 22 rörelsen

231 535 55 22 skall
309 535 113 21 bedrifvas.
452 535 77 22 Denna
552 535 195 27 näringsanmälan,
770 540 46 16 som
836 536 24 20 är
874 534 112 22 föranledd

232 570 22 21 af
267 570 112 27 ordnings-
400 570 38 20 och
453 569 265 27 beskattningsintressen,
733 569 70 21 måste
819 568 101 22 aflemnas
933 569 53 27 jem-

231 604 34 21 väl
281 603 22 22 af
317 609 26 16 en
358 604 79 26 mängd
448 603 82 22 mindre
540 603 165 25 handtverkare,
717 603 211 27 matvaruförsäljare
937 603 49 22 med

231 637 57 27 flere,
304 638 83 22 hvilkas
402 637 81 23 rörelse
499 638 86 22 alldeles
600 638 46 22 icke
662 639 24 20 är
701 637 23 22 af
738 637 35 22 det
789 637 91 28 omfång,
896 639 33 20 att
945 637 40 22 den

231 672 68 22 skulle
321 672 104 22 motivera
449 672 150 28 upptagandet
614 672 23 22 af
651 672 62 22 deras
728 672 189 27 firmabeteckning
932 672 7 21 i
954 674 33 19 ett

232 706 188 28 handelsregister.
450 707 43 21 För
508 709 33 20 att
557 708 41 21 den
614 707 96 21 enskilde
724 707 47 21 icke
786 708 35 20 må
837 707 98 21 åsamkas
950 707 36 21 be-

234 744 49 19 svär
306 741 38 22 och
365 742 123 27 omgångar,
505 741 71 22 hvilka
592 742 17 26 ej
625 741 96 21 medföra
736 742 152 21 motsvarande
902 741 84 22 förmån

231 775 33 22 för
280 775 41 22 den
341 775 108 22 allmänna
468 776 102 26 rörelsen,
586 776 39 21 och
640 776 29 26 på
685 776 36 21 det
735 775 192 27 handelsregistret
940 775 49 22 icke

231 810 68 21 måtte
314 810 82 21 förlora
411 810 65 26 nödig
491 809 186 27 öfverskådlighet,
693 810 39 20 har
745 809 148 27 skyldigheten
904 811 34 20 att
948 816 39 15 an-

232 844 56 22 mäla
304 844 34 22 sin
353 844 62 22 firma
430 844 33 22 till
478 844 192 27 handelsregistret
686 846 82 19 ansetts
784 844 53 22 böra
853 844 86 27 åläggas
950 850 38 16 en-

233 879 48 21 dast
297 878 25 22 de
338 878 169 27 näringsidkare,
523 885 47 15 som
585 878 69 22 drifva
669 878 33 21 sin
718 878 53 22 affär
781 879 7 20 i
799 878 40 21 den
851 878 135 27 omfattning,

232 913 33 21 att
287 913 26 21 de
333 912 84 27 jemlikt
439 914 38 20 109
497 913 10 28 $
523 913 7 21 i
545 913 100 26 gällande
667 912 176 27 konkursstadga
855 912 78 27 jemväl
949 914 38 19 äro

232 947 160 22 underkastade
406 947 251 27 bokföringsskyldighet.

301 981 175 27 Registreringen
496 981 39 21 har
550 981 34 22 för
599 981 108 22 vinnande
722 981 23 21 af
759 982 32 20 ett
806 981 95 22 effektivt
915 981 72 22 firma-

232 1015 68 27 skydd
315 1017 56 20 samt
386 1015 33 22 för
435 1015 108 22 ernående
559 1015 22 22 af
594 1015 167 28 planmessighet
780 1015 39 22 och
835 1015 153 28 öfverskådlig-

232 1050 37 21 het
291 1051 60 25 synts
373 1050 53 21 böra
445 1050 95 27 grundas
559 1051 30 26 på
603 1051 103 26 systemet
722 1050 23 21 af
759 1050 228 27 centralregistrering.

231 1085 61 21 Dock
309 1084 40 22 har
368 1084 34 22 för
417 1086 33 20 att
471 1084 78 22 bereda
565 1084 86 22 lättnad
665 1084 34 22 för
714 1085 27 20 de
756 1084 232 27 anmälningsskyldige

232 1119 39 21 och
293 1118 34 22 för
349 1118 168 28 möjliggörande
535 1118 23 22 af
571 1118 166 28 upplysningars
756 1118 123 22 erhållande
894 1119 94 21 rörande

233 1153 26 22 de
275 1152 188 28 omständigheter,
481 1159 46 15 som
541 1152 70 22 blifvit
627 1152 32 22 till
674 1153 191 27 handelsregistret
881 1152 106 27 anmälda,

229 1187 79 27 jemväl
323 1187 13 21 å
351 1187 41 21 den
417 1188 41 26 ort,
481 1187 38 21 der
541 1187 96 21 rörelsen
655 1187 112 26 bedrifves,
783 1187 68 21 sådan
867 1187 122 27 anordning

232 1221 36 22 vid
278 1221 124 27 anmälning
413 1221 32 21 till
455 1221 192 27 handelsregistret
658 1220 110 23 befunnits
777 1221 210 28 ändamålsenligast,

232 1257 34 20 att
281 1256 100 22 anmälan
397 1255 79 22 skedde
491 1255 38 22 hos
545 1256 27 22 de
586 1256 72 22 lokala
673 1256 154 27 myndigheter,
841 1262 53 20 som,
903 1256 84 27 jemlikt

231 1290 154 28 förordningen
402 1296 33 16 om
451 1290 138 28 näringarne,
605 1290 61 22 skola
681 1292 98 26 upptaga
795 1290 100 22 anmälan
906 1296 34 16 om
949 1292 39 20 nä-

231 1325 55 26 ring,
301 1324 109 21 hvarefter
425 1325 63 20 dessa
503 1325 148 26 myndigheter
662 1325 61 25 ålåge
732 1324 101 21 befordra
843 1324 101 21 anmälan
954 1324 32 21 till

232 1358 41 21 den
289 1358 95 21 centrala
405 1357 130 27 myndighet,
551 1359 23 20 åt
589 1358 85 21 hvilken
689 1358 100 21 förandet
805 1358 24 21 af
841 1360 32 19 ett
888 1358 99 21 handels-

233 1392 92 27 register
348 1391 33 22 för
403 1391 48 22 hela
473 1392 74 21 landet
570 1393 57 20 samt
650 1391 127 28 pröfningen
801 1392 23 21 af
840 1392 25 21 de
883 1392 33 21 till
931 1392 56 21 inta-

232 1426 70 27 gande
325 1426 7 22 i
354 1427 101 27 registret
470 1427 76 27 gjorda
562 1426 149 28 anmälningar
725 1427 130 28 uppdrages,
871 1426 39 22 och
925 1427 63 22 torde

231 1461 34 22 för
279 1461 136 22 närvarande
437 1461 210 27 Industristyrelsen,
671 1467 46 16 som
740 1461 67 22 redan
830 1461 157 23 omhänderhar
