1120 1784
331 159 72 25 U::B.
421 174 24 3 —
462 161 73 29 Prop.
552 162 41 23 N:o
608 162 36 23 13.
822 162 24 21 17

195 224 31 21 På
240 231 80 15 samma
335 225 68 27 grund
419 225 62 21 hafva
495 226 22 20 vi
531 226 62 20 äfven
608 228 69 18 ansett
691 232 34 14 oss
740 226 51 20 böra
800 225 76 21 föreslå

125 258 42 21 den
182 258 90 26 ändring
286 259 8 19 i
308 260 14 19 4
337 259 31 26 $:s
385 258 221 28 straffbestämmelser,
626 260 35 26 att,
676 259 83 21 utöfver
773 259 103 27 fängelse-

125 290 86 28 straffet,
226 292 164 27 straffpäföljden
409 292 62 22 äfven
489 293 35 20 mä
541 293 72 21 kunna
631 292 65 22 blifva
711 292 103 28 skiljande
829 293 46 21 från

125 326 103 27 tjenstens
242 326 103 28 utöfning.
374 326 80 28 Tillägg
473 326 72 22 härom
566 326 71 28 borde,
655 326 46 21 ifall
715 326 22 21 af
751 326 125 28 antagande,

125 360 87 22 insättas
227 360 7 20 i
250 360 34 27 8:n
304 360 87 22 framför
408 360 208 28 afsättningsstraffet.
645 360 148 22 Motsvarande
808 360 68 22 straff-

126 394 155 28 bestämningar
302 395 7 20 i
331 395 42 21 den
394 396 64 26 ryska
479 395 159 28 lagstiftningen
659 395 52 27 lyda
728 395 107 27 nemligen
849 395 27 27 pä

125 429 164 27 fästningsstraff
301 429 46 21 frän
361 430 40 20 och
417 429 48 22 med
480 430 12 20 2
508 430 23 20 är
546 430 39 21 och
594 430 14 21 8
617 429 102 22 mänader
733 429 31 21 till
778 430 38 20 och
827 430 49 21 med

125 464 14 20 4
154 463 28 27 är,
197 463 52 22 eller
266 463 46 21 frän
328 464 38 21 och
387 464 49 21 med
457 465 11 20 1
484 464 23 21 är
525 464 40 21 och
579 465 14 20 4
611 464 101 21 mänader
726 463 32 21 till
773 464 39 21 och
827 464 49 21 med

125 498 13 21 2
154 498 23 21 är
192 498 38 21 och
246 499 12 20 8
274 498 106 27 mänader,
392 499 61 21 »med
468 499 80 27 förlust,
563 498 27 29 pä
604 499 68 28 grund
688 499 21 20 af
721 498 89 21 artikeln
827 499 26 20 50
868 498 8 21 i

125 532 70 21 denna
210 532 99 28 strafflag,
319 533 22 21 af
355 533 65 28 nägra
435 533 101 21 särskilda
551 533 121 28 rättigheter
687 533 39 21 och
736 533 137 27 privilegier.»

194 567 107 22 Rubriken
318 568 39 21 och
367 568 108 27 ingressen
485 569 7 20 i
504 567 93 28 enlighet
607 567 47 22 med
666 567 117 22 Utskottets
793 567 83 28 förslag.

580 660 47 26 $1

399 722 69 28 Hvar,
488 731 47 13 som
556 723 137 28 offentliggör
707 723 51 21 eller
772 723 104 27 delgifver

329 757 146 32 främmande,
483 757 10 21 i
499 758 47 27 krig
553 757 50 22 med
608 757 113 28 Ryssland
727 757 44 22 icke
779 757 96 22 varande

329 792 72 21 makts
414 792 100 27 regering
524 793 51 20 eller
583 793 66 26 agent
655 792 165 27 planteckning,
831 791 42 21 rit-

329 825 62 29 ning,
413 826 106 28 handling
542 827 50 21 eller
612 826 65 28 kopia
691 826 29 27 af
737 826 71 21 sådan
826 826 51 21 eller

329 860 94 29 uppgift,
443 867 47 15 som
512 861 79 22 honom
613 861 116 27 veterligen
751 861 42 27 bör,
808 861 10 20 i
832 867 42 14 an-

329 896 76 21 seende
412 895 35 21 till
451 895 73 28 Ryska
530 895 76 23 Rikets
613 897 56 27 yttre
674 896 103 27 säkerhet,
783 896 92 27 hemlig-

329 930 72 22 hållas
410 930 37 28 för
456 930 139 28 främmande
604 932 50 24 stat,
665 930 86 28 straffes
759 931 48 20 med
817 930 58 21 tukt-

330 966 42 20 hus
387 964 54 28 frän
455 964 39 22 och
510 965 50 21 med
577 965 37 21 tvä
629 965 34 21 till
684 964 38 22 och
736 965 49 21 med
798 972 38 14 sex
850 964 28 21 är

330 1001 59 19 samt
409 998 81 29 förlust
511 999 29 27 af
557 999 164 28 medborgerligt
746 999 128 28 förtroende.

400 1064 13 20 2
428 1069 62 15 mom.
506 1063 66 27 enligt
586 1063 117 21 Utskottets
717 1062 84 28 förslag.

400 1098 12 20 3
428 1104 62 14 mom.
506 1097 64 27 enligt
586 1098 117 20 Utskottets
718 1097 82 27 förslag.

578 1178 15 28 $
608 1180 22 20 2.

400 1255 69 25 Hvar,
483 1261 53 20 som,
551 1256 56 19 utan
620 1252 141 28 vederbörligt
771 1252 106 26 tillstånd,

331 1290 50 21 med
395 1288 137 29 begagnande
553 1288 29 28 af
598 1288 79 21 hvilket
699 1286 127 29 hjelpmedel
844 1286 35 21 det

331 1330 54 15 vara
413 1324 44 26 mä,
486 1324 84 27 uppgör
598 1321 164 28 planteckning,
791 1320 87 27 ritning

331 1359 52 21 eller
401 1358 135 27 beskrifning
551 1356 61 28 öfver
629 1355 67 28 något
715 1355 75 28 Ryska
804 1354 74 21 Rikets

330 1393 164 28 fästningsverk
516 1392 52 21 eller
588 1389 218 29 fästningsesplanad
827 1389 51 20 eller

331 1425 146 28 örlogshamn,
496 1424 140 28 förskansadt
657 1423 64 26 läger,
745 1422 134 27 krigsfartyg

331 1460 52 21 eller
395 1465 80 15 annan
491 1457 148 28 krigsanstalt,
655 1456 76 27 afsedd
744 1456 37 27 för
795 1455 84 22 landets

195 1501 132 23 Lagutskottets
339 1499 109 20 betänkande
461 1499 37 17 N:o
511 1499 17 16 4.
