1123 1761
477 151 44 23 N:o
541 151 38 23 22.
865 149 14 20 5

274 263 125 26 Förslag
414 263 28 20 till
457 263 116 26 förordning
589 262 107 27 angående
712 262 77 27 patent.

222 324 52 21 Med
296 323 151 28 upphäfvande
462 324 23 21 af
501 324 153 27 förordningen
671 324 40 21 den
727 324 27 21 30
769 324 59 21 Mars
845 324 61 26 1876,

154 358 113 28 angående
289 359 123 27 patenträtt
426 358 7 22 i
448 358 98 28 Finland,
568 358 78 22 varder
666 358 124 27 härigenom
804 358 103 28 stadgadt

153 399 47 16 som
214 392 72 28 följer:

485 490 10 20 1
511 489 60 22 KAP.

176 553 37 20 Om
228 552 90 21 föremål
332 552 34 21 för
380 552 39 21 och
433 553 42 20 rätt
490 553 31 20 till
536 553 78 26 patent,
630 552 23 21 så
668 553 38 20 ock
722 559 34 14 om
772 552 110 27 patenttid.

507 620 45 27 18.

221 660 80 22 Patent
322 660 41 26 mä,
383 660 48 21 med
449 660 167 22 nedannämnda
635 660 119 28 undantag,
769 660 109 22 meddelas
894 660 13 21 ä

153 701 43 21 nya
218 694 158 28 uppfinningar,
397 701 45 15 som
464 695 75 21 kunna
557 694 153 28 tillgodogöras
728 695 8 21 i
754 694 152 28 näringsvärk-

154 729 116 23 samheten.

221 764 24 27 Ej
262 764 35 21 mä
315 764 77 27 patent
407 763 87 27 beviljas
511 764 13 21 ä
538 763 135 29 uppfinning,
688 764 64 21 hvars
768 763 138 28 användning

154 798 80 22 strider
248 799 46 20 mot
308 798 35 27 lag
358 797 52 22 eller
423 798 57 27 goda
495 798 68 22 seder.

221 832 62 22 Afser
305 831 127 29 uppfinning
454 832 44 22 lifs-
521 833 51 21 eller
594 832 124 26 läkemedel,
737 833 35 21 mä
793 834 78 25 patent
887 832 17 28 ej

154 867 108 22 meddelas
278 868 13 20 ä
306 866 74 28 sjelfva
402 872 67 15 varan
491 868 54 20 utan
568 867 77 21 endast
661 868 12 19 å
688 866 103 22 särskildt
810 868 45 20 sätt
873 866 33 21 för

153 901 49 22 dess
216 901 144 27 tillverkning.

220 936 32 21 På
266 936 82 22 kemisk
362 937 42 26 väg
418 935 123 22 framstäldt
556 938 63 19 ämne
634 937 126 26 patenteras
776 935 77 22 endast
864 935 42 22 till-

152 977 108 16 sammans
276 971 49 22 med
340 970 99 22 metoden
454 969 33 23 för
503 971 48 21 dess
566 970 165 27 framställning.

505 1034 46 28 28.

220 1073 132 28 Uppfinning
374 1079 62 16 anses
455 1074 18 27 ej
493 1074 70 21 säsom
578 1080 35 21 ny,
630 1080 34 15 om
681 1074 47 25 den,
745 1074 66 21 innan
828 1073 78 22 ansök-

152 1108 52 27 ning
219 1114 35 16 om
269 1110 77 25 patent
361 1108 52 21 derä
427 1108 119 27 inkommit,
562 1108 69 22 blifvit
645 1109 30 26 pä
686 1108 78 21 sådant
774 1109 46 20 sätt
830 1107 76 22 offent-

150 1143 56 27 ligen
231 1142 127 27 beskrifven,
382 1143 51 21 eller
451 1143 25 22 sä
494 1144 66 26 öppet
582 1143 97 26 utöfvad,
695 1143 33 21 att
750 1142 155 27 uppfinningen

151 1177 49 21 med
215 1176 87 28 ledning
317 1176 62 23 deraf
391 1178 44 20 kan
450 1177 23 21 af
486 1177 122 27 sakkunnig
623 1176 91 22 utöfvas.

219 1212 173 27 Uppfinningens
416 1210 190 29 offentliggörande
628 1211 34 21 till
683 1211 52 27 följd
754 1210 23 22 af
790 1212 115 26 patentan-

152 1246 92 27 sökning
259 1246 39 22 hos
314 1247 68 21 annat
396 1246 62 21 lands
473 1246 124 27 myndighet
611 1246 36 21 mä
662 1245 54 21 dock
732 1246 17 26 ej
766 1246 78 26 utgöra
858 1245 48 21 hin-

153 1281 37 21 der
205 1280 33 22 för
253 1282 88 26 patents
356 1280 139 22 meddelande
510 1280 7 21 i
532 1280 92 22 Finland
640 1280 22 21 ät
677 1286 79 15 samme
770 1280 96 21 sökande
877 1279 29 21 el-

152 1316 31 21 ler
198 1314 54 22 hans
271 1314 202 27 rättsinnehafvare,
489 1314 8 22 i
511 1314 37 22 fall
563 1314 120 27 ansökning
698 1314 73 22 derom
786 1314 120 21 inkommer

151 1350 59 21 inom
225 1356 37 14 sex
276 1349 104 21 månader
395 1348 53 22 efter
463 1348 207 28 offentliggörandet.

219 1384 27 26 Ej
261 1383 68 21 heller
344 1384 65 25 utgör
423 1382 167 27 uppfinningens
604 1382 134 22 förevisande
754 1383 12 19 &
782 1382 78 21 allmän
870 1383 35 19 ut-

152 1416 103 27 ställning
277 1417 58 21 inom
357 1416 92 21 Finland
466 1416 51 21 eller
535 1416 162 27 Kejsaredömet
715 1416 51 21 eller
781 1416 13 20 &
809 1416 97 20 interna-

154 1450 66 22 tionel
235 1450 129 27 utställning
382 1451 60 20 utom
459 1450 62 21 dessa
535 1450 76 21 länder
626 1450 76 21 hinder
717 1449 33 22 för
765 1449 141 22 meddelande
