1120 1786
330 139 82 26 Ständ.
425 141 40 35 Sv.
480 155 28 2 —
522 143 72 26 Prop.
609 142 42 22 N:o
666 141 35 24 20.
848 143 12 20 3

209 208 71 21 Dessa
302 207 153 29 beräkningar
467 207 69 22 hafva
550 207 128 22 Ständerna
692 207 102 29 godkänt
809 207 42 21 och
865 207 24 21 få

140 241 63 29 förty
224 242 41 21 hos
283 242 72 21 Eders
367 242 130 28 Kejserliga
511 242 106 28 Majestät
631 242 8 21 i
653 242 183 28 underdånighet
851 248 38 15 an-

140 275 71 22 mäla:

413 311 32 20 att
468 311 122 21 Ständerna
613 311 94 27 anslagit
728 317 27 14 en
769 317 82 14 summa
866 309 27 28 af

346 345 104 26 386,000
466 345 60 21 mark
542 345 32 22 till
589 345 134 22 bestridande
737 345 27 27 af
774 344 25 22 de
812 344 32 22 uti
861 344 30 21 82

345 378 15 29 $
382 378 26 29 af
427 379 249 28 Landtdagsordningen
699 378 130 23 omnämnda
851 378 38 22 all-

346 415 82 20 männä
457 413 89 28 utgifter
571 413 35 28 för
629 413 131 28 lamdtdagen
784 414 26 21 är
833 413 58 21 1897

346 447 108 28 äfvensom
475 448 34 27 för
527 449 80 20 värden
622 448 37 21 och
673 447 135 22 underhället
821 448 69 21 under

346 482 176 29 Vudgetperioden
544 482 143 22 1895—1897
705 483 27 28 af
743 483 148 22 ständerhuset

345 519 55 20 samt
416 517 134 22 Ständernas
564 517 62 23 arkiv
640 517 36 22 och
692 517 100 22 bibliotek.

209 626 77 21 Sedan
309 626 127 22 Ständerna
457 626 40 22 vid
520 628 52 21 1891
590 627 35 21 års
639 626 112 29 landtdag
764 626 36 22 för
814 626 76 29 tryck-

141 660 87 28 ningen
244 660 25 21 af
280 660 112 22 derintills
403 660 104 29 otryckta
516 661 115 29 protokoll
641 661 42 22 och
693 661 137 28 handlingar
839 660 51 22 från

141 694 165 29 landtdagarne
320 695 50 21 före
386 696 54 21 1885
456 696 98 28 anslagit
569 703 29 15 en
607 703 88 15 summa
705 696 23 21 af
738 697 78 26 30,000
826 696 65 21 mark

142 731 33 20 att
191 730 116 22 användas
320 730 73 22 under
407 730 195 29 budgetperioden
620 731 144 27 1892—1894,
774 730 70 22 hafva
853 738 36 14 en-

141 764 45 29 ligt
201 764 119 22 skrifvelse
335 765 52 22 från
402 764 138 23 Ständernas
549 765 219 29 Bankfullmäktige,
780 766 23 20 åt
812 764 79 22 hvilka

141 799 120 22 inseendet
281 799 63 22 öfver
358 800 153 28 tryckningen
525 800 61 22 varit
600 800 134 27 ombetrodt,
750 799 74 22 hittils
839 799 52 22 från

141 834 90 28 trycket
251 834 123 22 utkommit
396 834 88 22 Preste-
508 835 42 21 och
572 834 183 22 Bondeståndets
776 834 115 29 protokoll

141 869 39 21 vid
201 869 141 29 landtdagen
365 870 54 22 1867
442 872 58 19 samt
522 869 183 23 Bondeståndets
723 868 114 30 protokoll
850 868 41 22 vid

143 904 53 21 1809
212 903 35 22 års
262 904 116 28 landtdag,
394 903 120 22 hvarutom
527 904 86 29 jemväl
627 903 204 29 Borgareståndets
840 910 50 21 pro-

141 937 74 22 tokoll
229 937 52 22 från
296 938 140 28 landtdagen
453 939 59 27 1867,
523 939 181 21 Presteståndets
714 937 116 30 protokoll
839 937 52 22 från

142 973 54 21 1809
217 974 59 20 samt
292 972 141 22 sistnämnda
448 975 84 19 tvenne
546 972 79 23 stånds
639 972 115 29 protokoll
768 972 52 22 från
836 973 54 21 1872

141 1007 34 20 års
191 1006 111 29 landtdag
319 1010 37 19 äro
372 1007 93 22 afsedda
480 1009 34 20 att
527 1007 73 22 under
609 1006 154 23 innevarande
773 1007 24 21 år
806 1007 9 20 i
825 1007 66 28 tryck

141 1040 108 29 utgifvas.
279 1041 12 22 I
306 1041 102 29 enlighet
422 1041 52 22 med
489 1044 77 20 senast
578 1041 137 22 församlade
725 1041 108 22 Ständers
845 1041 45 22 för-

141 1075 130 29 utsättning
293 1077 34 20 att
349 1076 152 29 tryckningen
518 1076 25 22 af
555 1076 63 22 äldre
632 1075 259 30 landtdagshandlingar

142 1110 73 21 skulle
237 1110 91 22 komma
350 1113 34 19 att
404 1111 72 22 under
494 1111 54 22 flere
562 1110 191 29 budgetperioder
766 1111 123 26 fortsättas,

142 1144 23 21 få
180 1144 129 22 Ständerna
323 1145 165 28 underdånigst
503 1145 99 22 anmäla:

414 1210 32 20 att
471 1208 123 22 Ständerna
613 1208 34 28 för
661 1207 136 29 fullföljande
811 1208 26 27 af
849 1208 40 21 den

343 1242 122 28 påbegynta
479 1242 143 29 tryckningen
632 1242 27 27 af
662 1242 104 27 protokoll
776 1242 37 21 och
822 1242 69 21 hand-

346 1276 73 28 lingar
441 1276 50 28 från
507 1277 158 28 landtdagarne
680 1276 45 27 före
740 1277 26 21 år
779 1276 60 22 1885
852 1283 39 15 an-

344 1311 66 28 slagit
430 1318 26 15 en
478 1318 84 15 summa
584 1311 28 28 af
630 1311 90 26 30,000
738 1311 62 22 mark
817 1312 33 21 att
861 1311 29 27 på

344 1345 115 22 enahanda
482 1347 43 20 sätt
546 1353 42 14 som
611 1345 111 22 härintills
735 1345 68 22 under
817 1345 74 22 Bank-

347 1379 142 29 fullmäktiges
511 1380 100 22 inseende
628 1380 114 21 användas
757 1379 69 22 under
841 1379 50 22 bud-

346 1414 135 27 getperioden
496 1413 148 22 1895—1897.
