1123 1781
281 144 15 21 4
494 142 24 22 U.
533 143 24 21 B.
575 155 25 3 —
616 143 64 28 Prop.
695 143 38 22 N:o
749 142 20 22 9.

254 207 38 21 En
314 207 140 22 hemställan
478 207 38 22 till
539 207 115 29 styrelsen
678 209 35 19 att
727 215 60 21 egna
802 207 81 29 frågan
899 215 37 14 om
961 214 50 22 pro-

254 241 90 28 gressiv
362 241 65 22 skala
452 241 37 22 för
511 241 132 29 bevillning
667 241 13 22 å
702 241 155 30 maltdrycker
880 241 71 22 sådan
975 244 35 19 ut-

253 275 106 29 redning,
383 278 34 19 att
439 275 270 23 nästsammanträdande
732 276 100 22 Ständer
857 276 77 22 kunde
957 279 54 26 taga

255 309 132 23 densamma
409 310 73 22 under
497 311 117 28 pröfning,
630 310 42 22 har
686 310 109 22 beslutits
811 313 90 20 ensamt
917 310 26 23 af
955 311 56 21 Rid-

255 343 123 30 derskapet
401 345 44 22 och
467 345 84 23 Adeln.
581 345 36 22 Då
640 345 75 28 öfriga
731 345 74 22 Stånd
819 345 52 22 icke
886 345 81 22 funnit
981 353 30 14 en

254 379 71 22 sådan
348 379 139 23 hemställan
503 380 108 29 påkallad
627 380 43 22 och
685 380 28 21 då
729 380 122 29 styrelsen,
866 381 74 21 innan
955 387 55 22 upp-

254 414 113 28 görandet
389 414 26 22 af
430 414 73 29 nådig
517 415 147 28 proposition
680 415 37 21 till
732 416 67 21 nästa
813 415 113 28 landtdag
941 415 70 28 angå-

254 447 59 22 ende
329 448 130 29 bevillning
476 449 37 22 för
528 449 155 29 tillverkning
698 449 26 22 af
736 449 162 29 maltdrycker,
915 449 96 22 säkerli-

255 489 51 21 gen,
317 495 24 4 —
351 482 70 23 äfven
438 485 57 20 utan
513 485 34 20 ett
568 483 110 22 särskildt
693 483 214 22 ständeruttalande
923 483 87 27 derom,

256 529 25 3 —
297 517 60 22 skall
377 525 60 21 egna
451 517 103 29 berörda,
570 519 8 20 i
594 518 55 21 flere
663 517 148 22 hänseenden
827 517 184 22 beaktansvärda

254 550 66 29 fråga
337 551 73 30 nödig
425 553 212 28 uppmärksamhet,
657 552 88 22 tillåter
759 552 37 29 sig
811 552 117 22 utskottet
943 552 67 22 vörd-

255 588 60 20 samt
329 585 94 24 föreslå:

532 658 34 21 att
588 656 125 22 Ständerna
731 656 48 22 ville
796 655 79 28 affatta
892 655 36 23 sin
943 663 69 16 svars-

463 691 109 28 skrifvelse
594 692 13 21 å
626 691 41 22 den
685 691 83 28 nådiga
778 691 164 28 propositionen
957 693 54 20 utan

461 725 70 22 sådan
552 725 93 22 särskild
667 725 128 22 hemställan
815 725 134 28 beträffande
960 732 51 21 pro-

461 760 79 27 gressiv
563 759 115 27 maltskatt,
700 767 44 14 som
762 760 27 27 af
802 759 158 28 Ridderskapet
974 759 37 22 och

463 794 68 22 Adeln
545 794 111 28 påyrkats.

323 960 158 29 Helsingfors,
497 960 27 21 af
532 960 263 29 Bevillniugsutskottet
803 960 44 22 den
857 963 24 20 31
891 960 46 29 Maj
950 963 61 20 1894.

341 1497 122 23 Helsingfors,
476 1497 69 19 Finska
558 1497 213 23 Litteratursällskapets
783 1498 84 23 tryckeri,
880 1498 49 18 1894.
