1128 1784
448 139 54 23 N:o
518 138 51 23 16.

333 481 76 25 Hans
435 481 170 32 Kejserliga
632 481 152 32 Majestäts
803 481 81 32 nådiga

266 527 139 34 proposition
423 527 34 26 till
469 527 102 26 Finlands
584 527 95 25 Ständer
690 526 116 33 angående
820 534 64 26 spar-

266 573 115 26 bankerna
399 574 8 24 i
424 573 83 26 landet.

198 653 38 21 Uti
258 653 134 27 underdånig
414 653 91 27 petition
529 653 23 21 af
572 654 41 21 den
636 654 27 20 25
685 653 41 27 Maj
752 653 53 21 1891
821 653 64 21 hafva

126 688 106 22 Finlands
252 687 98 27 Ständer,
370 688 48 21 med
433 687 154 23 framhållande
603 687 23 21 af
637 687 100 22 behofvet
752 687 49 21 utaf
814 694 26 15 en
850 688 35 26 lag

125 722 115 28 angående
260 722 162 28 sparbankerna
440 722 8 22 i
464 722 81 27 landet,
560 722 94 22 anhållit
673 724 33 19 att
720 722 75 27 frågan
810 722 75 22 härom

129 758 68 21 måtte
213 757 144 22 underkastas
376 763 26 15 en
418 757 122 27 sakkunnig
554 757 117 27 beredning
686 758 56 20 samt
757 756 65 28 nådig
836 763 49 21 pro-

127 792 97 27 position
244 792 7 21 i
267 793 72 20 ämnet
358 791 92 22 derefter
465 792 32 21 till
513 798 29 15 nu
557 792 112 27 pågående
682 792 105 26 landtdag
802 791 83 22 aflätas.

198 827 47 21 Den
267 826 69 22 första
358 826 137 27 sparbanken
514 826 8 21 i
540 826 93 22 Finland
648 826 50 21 eller
714 826 41 22 den
770 826 7 21 i
792 820 46 28 Åbo
853 827 32 20 in-

133 862 97 21 rättades
246 862 24 20 år
291 862 61 20 1822.
381 860 74 28 Några
475 861 24 21 år
515 860 92 22 derefter
623 861 110 27 öppnades
748 860 136 28 sparbanken

129 896 8 21 i
152 895 143 28 Helsingfors.
324 895 61 22 Dock
407 895 135 22 erfordrades
565 895 36 22 det
624 902 25 15 en
664 895 153 28 jemförelsevis
836 895 49 28 lång

129 931 40 26 tid,
185 931 66 21 innan
270 930 150 27 befolkningen
440 931 60 21 lärde
515 931 32 26 sig
561 931 47 20 inse
623 931 26 20 de
664 931 60 20 stora
738 930 100 27 fördelar,
849 931 37 26 dy-

130 965 45 21 lika
193 965 147 27 inrättningar
360 965 95 26 erbjuda.
485 960 63 27 Ända
566 965 33 21 till
619 965 54 21 1840
692 964 55 22 hade
762 966 68 26 några
844 971 43 21 nya

130 999 135 27 sparbanker
280 999 46 22 icke
342 999 122 22 tillkommit
481 1000 37 21 och
533 999 101 28 utgjorde
649 999 192 22 sammanräknade
851 999 36 22 be-

130 1034 77 27 loppet
222 1033 22 22 af
257 1033 146 23 insättarenes
418 1034 195 27 tillgodohafvande
623 1034 36 21 vid
669 1034 109 27 utgången
789 1033 23 22 af
819 1034 68 27 sagda

132 1069 25 20 år
172 1069 77 21 endast
272 1069 91 26 763,017
386 1069 68 21 mark.
484 1069 105 22 Intresset
608 1069 33 21 för
656 1069 62 21 dessa
734 1069 105 21 anstalter
853 1075 34 21 sy-

132 1109 38 15 nes
192 1103 65 21 likväl
280 1103 93 21 derefter
394 1103 57 21 varit
471 1103 7 21 i
497 1103 104 27 stigande.
631 1103 43 21 Vid
696 1103 108 27 utgången
828 1103 22 20 af
863 1103 24 21 år

134 1137 54 21 1850
203 1136 79 22 funnos
300 1136 66 22 redan
382 1138 84 20 tretton
481 1137 138 27 sparbanker,
635 1137 7 21 i
657 1136 71 22 hvilka
742 1137 145 21 insättarenes

127 1170 201 27 tillgodohafvande
346 1171 93 27 uppgick
459 1171 32 21 till
513 1172 110 26 1,954,375
642 1172 67 20 mark.
743 1170 75 22 Under
836 1171 51 21 åren

133 1206 141 20 1851—1860
294 1205 79 22 ökades
396 1205 173 28 sparbankernas
589 1206 60 21 antal
663 1206 32 21 till
711 1206 99 26 tjugusex
822 1206 66 27 jemte

132 1240 37 21 det
184 1240 145 21 insättarenes
342 1240 195 28 tillgodohafvande
547 1240 37 22 vid
593 1241 109 27 utgången
713 1240 23 21 af
745 1240 143 22 nästnämnda

131 1274 76 27 period
222 1274 55 21 hade
292 1274 61 27 stigit
368 1274 33 22 till
416 1275 111 26 3,396,131
544 1275 68 21 mark.

201 1301 59 28 Åren
284 1310 140 20 1861—1870
447 1308 117 23 tillkommo
587 1309 125 27 ytterligare
733 1308 80 28 fjorton
829 1315 59 21 spar-

131 1342 84 22 banker
238 1342 39 21 och
300 1343 68 21 under
392 1343 111 21 decenniet
527 1344 140 20 1871—1880
689 1343 46 21 icke
756 1343 84 21 mindre
862 1344 27 20 än

131 1377 112 27 sjuttiotre
268 1377 38 21 och
331 1378 100 26 utgjorde
464 1377 146 22 insättarenes
636 1377 195 27 tillgodohafvande
855 1376 35 22 vid

132 1412 110 25 utgången
262 1411 23 21 af
302 1412 24 20 år
349 1412 55 20 1870
427 1413 113 24 6,383,036
567 1412 39 21 och
634 1412 34 20 vid
688 1412 54 20 1880
758 1412 35 19 års
807 1412 83 26 utgång

135 1446 127 24 14,446,218
284 1445 68 21 mark.
382 1444 74 22 Under
479 1444 160 28 derpäföljande
662 1445 124 21 decennium
809 1444 81 21 ökades
