1120 1784
352 174 30 22 U.
398 175 27 21 B.
442 188 27 2 —
484 175 72 28 Prop.
574 175 45 22 N:o
634 175 38 22 22.
835 176 26 20 15

141 245 31 17 att
193 242 117 21 framställa
332 242 116 22 detsamma
471 242 28 28 på
517 246 31 18 ett
561 243 97 27 billigare
674 244 46 20 sätt.
750 242 84 22 Jemväl
848 242 43 21 Ut-

139 276 81 21 skottet
241 278 23 18 är
286 276 23 21 af
330 276 41 21 den
390 276 60 28 åsigt,
468 279 31 18 att
514 279 31 18 ett
559 276 69 28 dylikt
642 276 76 22 endast
732 276 159 27 tillverknings-

140 311 64 20 sättet
226 309 131 22 omfattande
380 310 144 28 patentskydd
548 310 46 21 bäst
616 313 118 19 motsvarar
753 310 26 21 de
795 310 96 21 kemiska

139 344 187 28 uppfinningarnas
341 347 68 23 natur,
423 344 56 21 helst
493 344 150 22 meddelandet
658 344 23 21 af
696 346 74 27 patent
784 344 13 21 å
812 344 78 28 sjelfva

139 380 71 19 ämnet
225 378 7 21 i
248 377 26 22 de
295 378 79 26 länder,
389 378 38 21 der
441 378 77 22 sådant
533 380 22 19 är
569 378 83 27 tillåtet,
668 378 44 22 ledt
726 378 32 21 till
774 381 30 19 ett
819 378 72 28 kring-

139 412 83 28 gående
238 412 22 21 af
274 412 35 28 lag
323 420 76 20 genom
415 412 143 22 förändrande
573 412 22 22 af
609 413 154 27 benämningen
776 412 28 29 på
813 414 78 20 ämnet.

140 446 48 22 Den
198 445 78 30 nådiga
286 447 160 28 propositionen
458 454 61 20 synes
531 446 63 22 äfven
603 446 51 29 utgå
662 446 48 22 från
718 446 110 21 enahanda
836 454 55 21 upp-

139 480 99 28 fattning,
249 489 48 13 men
308 480 126 28 stadgandet
445 484 30 17 att
485 481 36 21 det
531 481 96 22 kemiska
639 482 71 20 ämnet
720 484 121 25 patenteras
853 489 37 13 en-

140 514 48 23 dast
198 515 138 21 tillsammans
348 515 48 21 med
407 514 98 22 metoden
515 515 34 21 för
559 515 49 21 dess
618 515 156 28 framställning
783 515 55 28 röjer
848 515 43 21 till-

139 549 43 21 lika
198 549 95 22 sträfvan
306 552 30 18 att
346 549 79 21 bereda
436 552 31 18 ett
479 549 65 28 något
553 548 154 23 vidsträcktare
721 549 69 28 skydd
803 549 22 20 åt
837 557 53 20 upp-

139 583 113 28 finningen.
285 583 109 22 Utskottet
409 583 41 21 kan
466 583 65 21 likväl
545 583 48 22 icke
608 583 62 26 finna,
685 586 31 18 att
730 591 76 20 genom
820 583 70 21 denna

139 617 134 29 bestämning
293 621 65 18 annat
371 617 69 29 skydd
457 617 67 22 skulle
540 617 61 22 ernås
617 619 26 19 än
658 617 55 22 hvad
730 625 45 14 som
790 617 62 30 följer
867 617 24 22 af

140 652 41 21 den
197 653 7 20 i
224 654 25 19 17
270 653 12 27 8
297 651 113 30 uppstälda
426 652 105 21 allmänna
545 652 72 28 regeln
634 659 33 14 om
682 655 106 25 patentets
804 653 87 26 verkan,

139 687 106 27 nemligen
268 689 36 23 att,
322 687 28 20 då
371 686 70 29 någon
460 686 83 21 erhållit
565 689 74 26 patent
654 686 12 21 å
682 689 30 18 ett
733 687 55 20 visst
802 688 42 19 sätt
859 689 32 18 att

140 720 99 22 tillverka
254 721 92 21 kemiskt
361 723 67 24 ämne,
444 720 76 21 sådant
533 722 60 20 ämne
603 721 48 21 icke
662 720 34 21 får
706 720 23 21 af
739 721 70 27 någon
820 728 70 13 annan

140 755 28 29 på
192 755 44 22 lika
260 757 42 20 sätt
323 755 109 22 tillverkas
456 755 39 22 och
518 756 17 27 ej
559 755 66 22 heller
647 755 98 28 olofligen
768 755 125 21 tillverkadt

141 792 60 19 ämne
216 789 67 22 hållas
298 790 32 21 till
346 789 51 22 salu.
426 789 32 21 Af
473 789 69 22 denna
560 789 105 22 allmänna
679 789 58 28 regel
752 788 62 29 följer
831 797 60 13 nem-

141 824 55 28 ligen
213 827 36 23 att,
265 831 33 14 om
314 824 68 28 dylikt
397 825 60 20 ämne
472 823 100 29 påträffas
588 823 124 22 tillverkadt
726 824 39 21 hos
780 831 70 14 annan
863 825 28 20 än

141 858 177 29 patenthafvaren
338 858 40 21 och
393 858 65 27 något
474 861 64 18 annat
551 858 194 28 tillverkningssätt
760 860 26 19 än
801 858 37 21 det
853 865 38 21 pa-

141 892 109 22 tenterade
266 893 47 21 icke
329 894 22 20 är
365 893 35 21 för
415 892 132 28 sakkunnige
562 892 68 22 kändt
645 892 40 22 och
700 893 18 28 ej
734 892 67 22 heller
815 893 42 20 kan
868 892 24 22 af

141 928 137 21 tillverkaren
300 928 90 28 påvisas,
411 926 69 22 denne
502 927 39 21 bör
560 934 62 14 anses
638 926 84 29 skyldig
738 927 32 21 till
785 926 84 28 intrång
884 928 7 20 i

141 963 149 27 patenträtten.
319 961 112 21 Utskottet
453 961 66 21 håller
533 961 133 21 fördenskull
680 960 52 27 före,
748 964 31 18 att
797 962 14 20 4
829 968 62 14 mom.

142 997 7 19 i
172 997 10 20 1
208 997 11 26 &
243 996 37 21 bör
301 995 51 29 utgå
372 996 40 20 och
435 996 26 20 de
484 996 95 20 kemiska
597 995 176 29 uppfinningarna
788 995 103 21 likställas

142 1030 48 21 med
206 1030 124 28 uppfinning
350 1030 24 21 af
388 1030 46 21 lifs-
450 1030 50 21 eller
515 1029 123 27 läkemedel,
652 1030 7 20 i
675 1029 101 21 afseende
791 1030 12 20 å
818 1029 73 21 hvilka

143 1064 66 29 enligt
232 1066 12 20 3
265 1072 60 14 mom.
347 1064 77 29 jemväl
440 1064 36 21 det
491 1064 132 21 förhållande
639 1070 49 21 eger
702 1071 53 19 rum,
770 1066 31 19 att
815 1063 77 21 endast

141 1098 214 29 tillverkningssättet
368 1101 127 25 patenteras.

209 1133 166 28 Bestämningen
395 1133 7 20 i
425 1134 11 20 3
460 1133 12 27 &
495 1134 12 19 3
529 1140 62 13 mom.
609 1131 22 22 af
644 1139 60 21 prop.
719 1131 77 21 admin.
811 1131 81 28 förslag

142 1168 19 27 (3
178 1168 11 27 8
205 1168 7 20 i
228 1167 120 22 Utskottets
370 1167 88 28 förslag)
481 1166 71 22 derom
571 1168 36 25 att,
622 1166 89 21 såframt
726 1166 18 28 ej
760 1165 132 22 annorlunda

141 1202 92 25 aftalats,
253 1201 169 29 arbetsgifvaren
444 1208 70 14 ensam
531 1208 48 21 eger
593 1202 42 20 rätt
650 1202 32 19 att
696 1200 79 21 erhålla
790 1203 73 25 patent
878 1200 13 21 å

141 1236 131 28 uppfinning,
294 1243 44 15 som
362 1235 36 21 vid
420 1235 53 21 hans
493 1235 79 21 rörelse
595 1234 82 22 anstäld
699 1242 77 20 person
793 1234 56 28 gjort
863 1234 30 28 på

141 1270 53 22 hans
216 1270 98 29 uppdrag
330 1270 64 21 »eller
409 1270 51 28 eljes
475 1269 34 22 för
523 1270 52 20 hans
591 1269 111 27 räkning»,
716 1268 39 21 har
768 1268 48 21 icke
832 1271 60 25 synts

141 1306 6 20 i
159 1304 125 28 erforderlig
294 1304 52 28 grad
356 1306 109 26 gentemot
476 1303 170 28 arbetsgifvaren
655 1306 76 24 trygga
740 1302 152 28 uppfinnarens

141 1341 48 24 rätt,
210 1338 88 21 hvarför
319 1337 66 28 sagda
407 1345 61 13 mom.
491 1337 22 21 af
534 1337 113 21 Utskottet
667 1335 169 22 omformulerats
862 1335 31 26 så,

141 1375 31 19 att
184 1372 64 21 derur
260 1372 92 28 framgår
360 1374 36 23 att,
404 1371 28 21 då
440 1371 61 28 fråga
509 1371 88 28 uppstår
605 1378 34 13 om
648 1372 42 19 rätt
697 1370 33 20 till
737 1372 74 26 patent
838 1377 55 21 upp-

141 1407 86 26 finning,
240 1413 44 14 som
296 1406 40 20 den
347 1405 96 20 anstälda
453 1406 56 27 gjort
519 1408 50 17 utan
581 1404 101 21 särskildt
692 1405 6 19 i
708 1403 78 21 sådant
793 1404 56 27 syfte
860 1411 32 12 er-

142 1440 65 21 hållet
218 1439 102 28 uppdrag,
327 1438 101 21 afseende
436 1438 76 21 främst
520 1438 39 21 bör
565 1438 68 20 fästas
641 1437 37 21 vid
688 1436 173 21 beskaffenheten
869 1435 24 22 af

142 1474 37 22 det
188 1472 217 30 tjensteförhållande,
412 1472 61 22 hvari
480 1472 138 29 uppfinnaren
627 1471 43 22 står
677 1471 32 20 till
716 1470 177 29 arbetsgifvaren.

210 1514 47 23 Lag-
270 1515 32 17 och
315 1513 178 18 Ekonomiutskottets
505 1512 109 18 betänkande
626 1511 37 18 N:o
674 1511 27 18 11.
