1123 1781
380 142 28 24 U.
424 143 26 22 B.
466 156 27 3 —
509 143 71 27 Prop.
596 143 41 23 N:o
652 143 35 22 21.
854 144 14 22 5

146 200 119 22 bestrider.
295 200 34 22 På
350 200 81 22 landet
453 201 49 21 åter
524 200 65 22 torde
611 200 39 22 det
665 200 108 22 stundom
788 207 56 15 vara
860 200 36 22 för

146 234 44 22 den
220 234 244 28 anmälningskyldige
486 235 63 21 svårt
571 236 34 19 att
627 235 9 21 i
660 242 55 20 nyss
731 234 94 21 anfördt
840 234 56 21 hän-

144 268 84 22 seende
252 268 68 21 alltid
335 268 79 21 kunna
430 268 99 21 anträffa
544 268 173 22 vederbörande
732 268 164 28 kronobetjent

146 314 22 3 —
181 302 111 21 hvarmed
302 302 7 20 i
318 302 174 28 propositionen
501 302 185 28 uppenbarligen
694 302 59 21 afses
761 302 135 21 kronoläns-

143 342 100 15 mannen
273 336 8 21 i
304 338 65 19 orten
394 349 27 3 —
444 336 30 21 då
485 336 28 28 ju
529 336 74 21 denne
619 336 46 22 kan
680 343 56 14 vara
751 336 78 21 bosatt
843 336 8 20 i
867 343 29 14 en

144 369 102 29 aflägsen
270 370 37 21 del
327 370 25 21 af
366 370 118 22 distriktet
500 370 43 21 och
560 370 47 22 ofta
623 374 25 18 är
662 372 119 27 upptagen
797 370 26 21 af
837 370 59 28 tjen-

144 407 104 19 steresor.
278 404 122 22 Utskottet
415 404 41 22 har
471 404 77 22 derför
559 407 58 19 trott
625 404 100 22 nämnda
733 404 163 28 vidimerings-

142 438 108 29 uppdrag
268 438 79 21 kunna
364 438 116 22 ombetros
493 438 87 28 jemväl
596 438 233 22 kommunalnämnds
845 438 51 22 ord-

142 472 104 28 förande,
264 475 58 19 samt
341 473 9 21 i
366 472 105 29 enlighet
485 473 96 21 härmed
597 472 154 29 omredigerat
767 472 76 22 denna
858 472 37 22 del

144 507 26 21 af
183 508 133 20 momentet.

211 542 66 21 Inom
293 542 122 21 Utskottet
430 542 42 21 har
487 542 40 20 det
541 541 104 29 yrkande
661 541 134 27 framstälts,
811 543 34 19 att
869 554 26 2 —

144 576 74 21 såsom
239 576 8 20 i
271 576 44 20 den
335 576 99 21 svenska
448 576 169 28 registerlagen
633 576 93 28 stadgas
742 576 43 21 och
801 576 71 20 äfven
887 576 8 20 i

142 610 42 21 vår
206 610 108 27 gällande
336 610 191 27 varumärkeslag
543 614 25 17 är
583 610 149 22 föreskrifvet
747 623 27 2 —
789 609 38 22 till
842 610 53 20 lätt-

142 643 47 22 nad
204 645 37 20 för
257 643 172 22 vederbörande
440 644 111 28 sakegare
564 644 94 21 tillfälle
671 644 71 21 måtte
757 643 76 28 gifvas
843 643 52 21 dem

143 680 35 19 att
192 685 84 21 genom
291 680 83 26 posten
389 678 99 21 insända
503 678 50 21 sina
569 678 167 27 anmälningar.
756 678 63 21 Enär
827 677 68 21 emel-

142 712 70 21 lertid
231 712 152 28 lagförslaget
397 713 73 21 redan
485 712 96 21 bereder
597 713 110 27 sakegare
724 712 120 21 förmånen
860 713 35 19 att

143 746 23 21 få
188 746 103 21 inlemna
313 747 51 20 sina
384 747 243 28 anmälningsskrifter
642 746 42 21 hos
701 745 193 29 ortsmyndighet,

143 781 91 21 hvilket
263 781 52 21 icke
338 785 24 17 är
384 781 66 21 fallet
465 781 75 28 enligt
556 781 225 27 varumärkeslagen,
797 780 42 21 har
855 779 45 22 Ut-

143 815 88 22 skottet
245 815 25 21 så
284 815 94 28 mycket
393 816 89 21 mindre
498 816 89 21 kunnat
603 815 97 22 omfatta
709 815 64 21 detta
781 814 111 29 yrkande,

142 857 50 14 som
216 849 122 22 osäkerhet
353 849 43 22 och
412 849 172 28 förvecklingar
599 857 55 14 vore
670 849 26 22 af
709 849 39 21 det
763 848 132 28 föreslagna

143 884 141 28 stadgandet
299 886 34 19 att
348 883 86 22 befara.
458 884 122 22 Sökanden
597 884 90 21 komme
696 883 118 28 nämligen
823 885 34 19 att
866 890 28 13 en

142 919 82 28 längre
254 919 57 20 eller
334 919 91 21 kortare
448 918 35 21 tid
505 918 110 22 förblifva
630 919 8 20 i
654 918 147 27 okunnighet
817 917 78 22 derom

143 953 115 21 huruvida
274 952 170 29 handlingarna
458 953 157 21 framkommit
631 953 57 20 eller
696 952 27 28 ej,
733 951 44 22 och
785 951 111 22 särskildt

142 987 54 21 med
216 987 94 28 hänsigt
326 986 78 23 dertill
419 989 35 19 att
469 995 32 13 nu
517 991 25 17 är
556 988 67 27 fråga
638 994 37 14 om
690 985 122 22 införande
828 985 25 22 af
866 993 28 14 en

143 1021 95 22 alldeles
253 1029 33 21 ny
301 1021 159 29 lagstiftning,
476 1029 54 14 vore
547 1021 39 22 det
601 1022 8 21 i
623 1022 86 27 många
723 1021 42 21 fall
773 1020 122 29 gagneligt

143 1055 37 22 för
201 1056 119 22 sökanden
344 1063 36 15 om
403 1056 47 21 han
472 1056 56 29 sjelf
542 1056 56 22 eller
613 1063 83 21 genom
713 1055 85 22 ombud
813 1054 82 22 inlem-

143 1091 59 21 nade
219 1091 177 28 handlingarna,
413 1091 29 21 då
457 1090 46 22 han
519 1091 78 21 kunde
615 1091 104 28 afhjelpa
735 1091 7 20 i
759 1089 52 22 dem
819 1089 75 29 möjli-

143 1133 45 21 gen
204 1125 187 22 förekommande
408 1126 88 21 brister.

212 1160 12 21 I
246 1162 14 21 5
282 1161 12 26 8
311 1160 26 21 af
354 1160 175 29 propositionen
545 1160 104 27 föreslås,
666 1162 34 19 att
716 1159 125 28 afgitterna
858 1159 37 20 för

143 1195 182 28 registreringen
356 1195 42 21 och
422 1195 51 21 dess
496 1194 151 29 kungörande
664 1194 65 21 skola
743 1193 151 22 fastställas
879 1189 17 38 i

144 1229 172 21 administrativ
337 1233 52 24 väg.
419 1229 47 21 Vid
489 1229 170 28 öfvervägande
683 1228 67 21 deraf
771 1230 34 19 att
819 1227 75 21 firma-

143 1263 107 21 anmälan
275 1263 75 28 enligt
372 1265 12 20 9
407 1265 13 24 &
444 1267 25 17 är
492 1263 152 28 obligatorisk
674 1263 43 20 och
747 1265 34 18 att
811 1268 84 21 genom

144 1299 12 20 7
172 1299 14 25 S
201 1298 8 20 i
225 1297 45 21 den
288 1297 52 21 med
350 1297 141 21 Ständernas
504 1297 140 22 medverkan
658 1297 123 21 tillkomna
789 1296 105 27 närings-

143 1331 69 28 lagen
235 1332 47 21 alla
305 1331 96 29 afgifter
423 1332 35 20 för
474 1331 117 22 vinnande
607 1332 26 20 af
647 1333 47 19 rätt
709 1334 34 18 att
757 1331 82 21 utöfva
855 1333 39 18 nä-

143 1366 53 28 ring
218 1366 8 20 i
249 1365 50 22 stad
316 1365 126 28 afskaffats,
462 1366 42 20 har
519 1366 122 21 Utskottet
656 1368 76 18 ansett
747 1365 109 28 beloppet
871 1364 23 21 af

143 1400 178 27 ifrågavarande
336 1399 95 27 afgifter
446 1399 56 21 böra
518 1400 8 20 i
541 1400 150 20 förevarande
706 1399 39 27 lag
761 1398 132 26 fastställas,

144 1432 152 28 hvarigenom
319 1432 173 22 vederbörande
509 1432 175 28 näringsidkare
699 1432 88 21 lemnas
802 1432 93 27 garanti

212 1490 48 23 Lag-
272 1490 33 18 och
316 1490 184 18 Ekonomiutskottets
512 1489 110 19 betänkande
634 1489 37 18 N:o
683 1490 12 16 3
