<?xml version="1.0" encoding="UTF-8"?>
<alto xmlns="http://www.loc.gov/standards/alto/ns-v3#" xmlns:xlink="http://www.w3.org/1999/xlink" xmlns:xsi="http://www.w3.org/2001/XMLSchema-instance" xsi:schemaLocation="http://www.loc.gov/standards/alto/ns-v3# http://www.loc.gov/alto/v3/alto-3-0.xsd">
	<Description>
		<MeasurementUnit>pixel</MeasurementUnit>
		<sourceImageInformation>
			<fileName>/tmp/tess_oz_wurof_input.PNG</fileName>
		</sourceImageInformation>
		<OCRProcessing ID="OCR_0">
			<ocrProcessingStep>
				<processingSoftware>
					<softwareName>tesseract 5.3.4</softwareName>
				</processingSoftware>
			</ocrProcessingStep>
		</OCRProcessing>
	</Description>
	<Layout>
		<Page WIDTH="1117" HEIGHT="1761" PHYSICAL_IMG_NR="0" ID="page_0">
			<PrintSpace HPOS="0" VPOS="0" WIDTH="1117" HEIGHT="1761">
				<ComposedBlock ID="cblock_0" HPOS="275" VPOS="152" WIDTH="26" HEIGHT="21">
					<TextBlock ID="block_0" HPOS="275" VPOS="152" WIDTH="26" HEIGHT="21">
						<TextLine ID="line_0" HPOS="275" VPOS="152" WIDTH="26" HEIGHT="21">
							<String ID="string_0" HPOS="275" VPOS="152" WIDTH="26" HEIGHT="21" WC="0.95" CONTENT="10"/>
						</TextLine>
					</TextBlock>
				</ComposedBlock>
				<ComposedBlock ID="cblock_1" HPOS="471" VPOS="152" WIDTH="319" HEIGHT="28">
					<TextBlock ID="block_1" HPOS="471" VPOS="152" WIDTH="319" HEIGHT="28">
						<TextLine ID="line_1" HPOS="471" VPOS="152" WIDTH="319" HEIGHT="28">
							<String ID="string_1" HPOS="471" VPOS="152" WIDTH="30" HEIGHT="23" WC="0.91" CONTENT="U."/><SP WIDTH="16" VPOS="152" HPOS="501"/>
							<String ID="string_2" HPOS="517" VPOS="152" WIDTH="28" HEIGHT="22" WC="0.88" CONTENT="B."/><SP WIDTH="16" VPOS="152" HPOS="545"/>
							<String ID="string_3" HPOS="561" VPOS="165" WIDTH="27" HEIGHT="2" WC="0.91" CONTENT="—"/><SP WIDTH="16" VPOS="165" HPOS="588"/>
							<String ID="string_4" HPOS="604" VPOS="152" WIDTH="74" HEIGHT="28" WC="0.95" CONTENT="Prop."/><SP WIDTH="17" VPOS="152" HPOS="678"/>
							<String ID="string_5" HPOS="695" VPOS="152" WIDTH="44" HEIGHT="23" WC="0.92" CONTENT="N:o"/><SP WIDTH="14" VPOS="152" HPOS="739"/>
							<String ID="string_6" HPOS="753" VPOS="152" WIDTH="37" HEIGHT="23" WC="0.95" CONTENT="12."/>
						</TextLine>
					</TextBlock>
				</ComposedBlock>
				<ComposedBlock ID="cblock_2" HPOS="696" VPOS="237" WIDTH="50" HEIGHT="28">
					<TextBlock ID="block_2" HPOS="696" VPOS="237" WIDTH="50" HEIGHT="28">
						<TextLine ID="line_2" HPOS="696" VPOS="237" WIDTH="50" HEIGHT="28">
							<String ID="string_7" HPOS="696" VPOS="237" WIDTH="12" HEIGHT="28" WC="0.78" CONTENT="$"/><SP WIDTH="12" VPOS="237" HPOS="708"/>
							<String ID="string_8" HPOS="720" VPOS="237" WIDTH="26" HEIGHT="28" WC="0.96" CONTENT="6."/>
						</TextLine>
					</TextBlock>
				</ComposedBlock>
				<ComposedBlock ID="cblock_3" HPOS="451" VPOS="289" WIDTH="547" HEIGHT="235">
					<TextBlock ID="block_3" HPOS="451" VPOS="289" WIDTH="547" HEIGHT="235">
						<TextLine ID="line_3" HPOS="519" VPOS="289" WIDTH="477" HEIGHT="29">
							<String ID="string_9" HPOS="519" VPOS="289" WIDTH="49" HEIGHT="21" WC="0.96" CONTENT="Den"/><SP WIDTH="14" VPOS="289" HPOS="568"/>
							<String ID="string_10" HPOS="582" VPOS="296" WIDTH="45" HEIGHT="14" WC="0.93" CONTENT="som"/><SP WIDTH="10" VPOS="296" HPOS="627"/>
							<String ID="string_11" HPOS="637" VPOS="290" WIDTH="137" HEIGHT="28" WC="0.90" CONTENT="försummar"/><SP WIDTH="15" VPOS="290" HPOS="774"/>
							<String ID="string_12" HPOS="789" VPOS="291" WIDTH="32" HEIGHT="19" WC="0.96" CONTENT="att"/><SP WIDTH="11" VPOS="291" HPOS="821"/>
							<String ID="string_13" HPOS="832" VPOS="290" WIDTH="32" HEIGHT="26" WC="0.93" CONTENT="på"/><SP WIDTH="10" VPOS="290" HPOS="864"/>
							<String ID="string_14" HPOS="874" VPOS="289" WIDTH="122" HEIGHT="28" WC="0.92" CONTENT="föreskrif-"/>
						</TextLine>
						<TextLine ID="line_4" HPOS="451" VPOS="324" WIDTH="545" HEIGHT="28">
							<String ID="string_15" HPOS="451" VPOS="326" WIDTH="32" HEIGHT="18" WC="0.96" CONTENT="vet"/><SP WIDTH="20" VPOS="326" HPOS="483"/>
							<String ID="string_16" HPOS="503" VPOS="326" WIDTH="43" HEIGHT="18" WC="0.90" CONTENT="sätt"/><SP WIDTH="18" VPOS="326" HPOS="546"/>
							<String ID="string_17" HPOS="564" VPOS="324" WIDTH="34" HEIGHT="20" WC="0.96" CONTENT="till"/><SP WIDTH="16" VPOS="324" HPOS="598"/>
							<String ID="string_18" HPOS="614" VPOS="324" WIDTH="134" HEIGHT="28" WC="0.90" CONTENT="beskattning"/><SP WIDTH="17" VPOS="324" HPOS="748"/>
							<String ID="string_19" HPOS="765" VPOS="324" WIDTH="89" HEIGHT="21" WC="0.96" CONTENT="anmäla"/><SP WIDTH="14" VPOS="324" HPOS="854"/>
							<String ID="string_20" HPOS="868" VPOS="324" WIDTH="68" HEIGHT="26" WC="0.96" CONTENT="hund,"/><SP WIDTH="15" VPOS="324" HPOS="936"/>
							<String ID="string_21" HPOS="951" VPOS="330" WIDTH="45" HEIGHT="14" WC="0.96" CONTENT="som"/>
						</TextLine>
						<TextLine ID="line_5" HPOS="451" VPOS="358" WIDTH="545" HEIGHT="28">
							<String ID="string_22" HPOS="451" VPOS="358" WIDTH="45" HEIGHT="21" WC="0.96" CONTENT="han"/><SP WIDTH="15" VPOS="358" HPOS="496"/>
							<String ID="string_23" HPOS="511" VPOS="358" WIDTH="98" HEIGHT="26" WC="0.96" CONTENT="innehar,"/><SP WIDTH="16" VPOS="358" HPOS="609"/>
							<String ID="string_24" HPOS="625" VPOS="359" WIDTH="52" HEIGHT="21" WC="0.96" CONTENT="eller"/><SP WIDTH="14" VPOS="359" HPOS="677"/>
							<String ID="string_25" HPOS="691" VPOS="358" WIDTH="62" HEIGHT="21" WC="0.96" CONTENT="söker"/><SP WIDTH="14" VPOS="358" HPOS="753"/>
							<String ID="string_26" HPOS="767" VPOS="361" WIDTH="32" HEIGHT="19" WC="0.96" CONTENT="att"/><SP WIDTH="15" VPOS="361" HPOS="799"/>
							<String ID="string_27" HPOS="814" VPOS="358" WIDTH="88" HEIGHT="21" WC="0.96" CONTENT="medelst"/><SP WIDTH="15" VPOS="358" HPOS="902"/>
							<String ID="string_28" HPOS="917" VPOS="358" WIDTH="79" HEIGHT="28" WC="0.96" CONTENT="oriktig"/>
						</TextLine>
						<TextLine ID="line_6" HPOS="451" VPOS="392" WIDTH="546" HEIGHT="29">
							<String ID="string_29" HPOS="451" VPOS="392" WIDTH="89" HEIGHT="28" WC="0.96" CONTENT="uppgift"/><SP WIDTH="15" VPOS="392" HPOS="540"/>
							<String ID="string_30" HPOS="555" VPOS="393" WIDTH="50" HEIGHT="21" WC="0.96" CONTENT="eller"/><SP WIDTH="12" VPOS="393" HPOS="605"/>
							<String ID="string_31" HPOS="617" VPOS="394" WIDTH="32" HEIGHT="27" WC="0.95" CONTENT="på"/><SP WIDTH="16" VPOS="394" HPOS="649"/>
							<String ID="string_32" HPOS="665" VPOS="395" WIDTH="68" HEIGHT="19" WC="0.96" CONTENT="annat"/><SP WIDTH="15" VPOS="395" HPOS="733"/>
							<String ID="string_33" HPOS="748" VPOS="395" WIDTH="43" HEIGHT="19" WC="0.93" CONTENT="sätt"/><SP WIDTH="10" VPOS="395" HPOS="791"/>
							<String ID="string_34" HPOS="801" VPOS="392" WIDTH="148" HEIGHT="28" WC="0.92" CONTENT="undandraga"/><SP WIDTH="15" VPOS="392" HPOS="949"/>
							<String ID="string_35" HPOS="964" VPOS="392" WIDTH="33" HEIGHT="28" WC="0.96" CONTENT="sig"/>
						</TextLine>
						<TextLine ID="line_7" HPOS="451" VPOS="426" WIDTH="547" HEIGHT="29">
							<String ID="string_36" HPOS="451" VPOS="427" WIDTH="70" HEIGHT="20" WC="0.96" CONTENT="sådan"/><SP WIDTH="31" VPOS="427" HPOS="521"/>
							<String ID="string_37" HPOS="552" VPOS="426" WIDTH="141" HEIGHT="29" WC="0.91" CONTENT="beskattning,"/><SP WIDTH="29" VPOS="426" HPOS="693"/>
							<String ID="string_38" HPOS="722" VPOS="427" WIDTH="57" HEIGHT="21" WC="0.95" CONTENT="skall"/><SP WIDTH="24" VPOS="427" HPOS="779"/>
							<String ID="string_39" HPOS="803" VPOS="427" WIDTH="89" HEIGHT="28" WC="0.96" CONTENT="erlägga"/><SP WIDTH="29" VPOS="427" HPOS="892"/>
							<String ID="string_40" HPOS="921" VPOS="426" WIDTH="77" HEIGHT="22" WC="0.95" CONTENT="dubbel"/>
						</TextLine>
						<TextLine ID="line_8" HPOS="451" VPOS="461" WIDTH="546" HEIGHT="29">
							<String ID="string_41" HPOS="451" VPOS="461" WIDTH="118" HEIGHT="22" WC="0.83" CONTENT="hundskatt"/><SP WIDTH="15" VPOS="461" HPOS="569"/>
							<String ID="string_42" HPOS="584" VPOS="461" WIDTH="38" HEIGHT="22" WC="0.96" CONTENT="och"/><SP WIDTH="13" VPOS="461" HPOS="622"/>
							<String ID="string_43" HPOS="635" VPOS="461" WIDTH="48" HEIGHT="21" WC="0.96" CONTENT="böta"/><SP WIDTH="10" VPOS="461" HPOS="683"/>
							<String ID="string_44" HPOS="693" VPOS="462" WIDTH="53" HEIGHT="25" WC="0.93" CONTENT="från"/><SP WIDTH="11" VPOS="462" HPOS="746"/>
							<String ID="string_45" HPOS="757" VPOS="464" WIDTH="40" HEIGHT="19" WC="0.96" CONTENT="tre"/><SP WIDTH="10" VPOS="464" HPOS="797"/>
							<String ID="string_46" HPOS="807" VPOS="461" WIDTH="35" HEIGHT="22" WC="0.92" CONTENT="till"/><SP WIDTH="10" VPOS="461" HPOS="842"/>
							<String ID="string_47" HPOS="852" VPOS="462" WIDTH="63" HEIGHT="28" WC="0.91" CONTENT="tjugu"/><SP WIDTH="13" VPOS="462" HPOS="915"/>
							<String ID="string_48" HPOS="928" VPOS="461" WIDTH="69" HEIGHT="26" WC="0.96" CONTENT="mark,"/>
						</TextLine>
						<TextLine ID="line_9" HPOS="451" VPOS="495" WIDTH="362" HEIGHT="29">
							<String ID="string_49" HPOS="451" VPOS="495" WIDTH="74" HEIGHT="22" WC="0.94" CONTENT="hvilka"/><SP WIDTH="15" VPOS="495" HPOS="525"/>
							<String ID="string_50" HPOS="540" VPOS="495" WIDTH="57" HEIGHT="22" WC="0.96" CONTENT="böter"/><SP WIDTH="15" VPOS="495" HPOS="597"/>
							<String ID="string_51" HPOS="612" VPOS="497" WIDTH="94" HEIGHT="27" WC="0.95" CONTENT="tillfalla"/><SP WIDTH="15" VPOS="497" HPOS="706"/>
							<String ID="string_52" HPOS="721" VPOS="496" WIDTH="92" HEIGHT="21" WC="0.95" CONTENT="kronan."/>
						</TextLine>
					</TextBlock>
				</ComposedBlock>
				<ComposedBlock ID="cblock_4" HPOS="649" VPOS="559" WIDTH="151" HEIGHT="73">
					<TextBlock ID="block_4" HPOS="649" VPOS="559" WIDTH="151" HEIGHT="73">
						<TextLine ID="line_10" HPOS="697" VPOS="559" WIDTH="50" HEIGHT="28">
							<String ID="string_53" HPOS="697" VPOS="559" WIDTH="15" HEIGHT="28" WC="0.89" CONTENT="$"/><SP WIDTH="15" VPOS="559" HPOS="712"/>
							<String ID="string_54" HPOS="727" VPOS="560" WIDTH="20" HEIGHT="20" WC="0.93" CONTENT="7."/>
						</TextLine>
						<TextLine ID="line_11" HPOS="649" VPOS="610" WIDTH="151" HEIGHT="22">
							<String ID="string_55" HPOS="649" VPOS="610" WIDTH="151" HEIGHT="22" WC="0.75" CONTENT="Oförändrad."/>
						</TextLine>
					</TextBlock>
				</ComposedBlock>
				<ComposedBlock ID="cblock_5" HPOS="700" VPOS="680" WIDTH="49" HEIGHT="27">
					<TextBlock ID="block_5" HPOS="700" VPOS="680" WIDTH="49" HEIGHT="27">
						<TextLine ID="line_12" HPOS="700" VPOS="680" WIDTH="49" HEIGHT="27">
							<String ID="string_56" HPOS="700" VPOS="680" WIDTH="14" HEIGHT="27" WC="0.92" CONTENT="$"/><SP WIDTH="15" VPOS="680" HPOS="714"/>
							<String ID="string_57" HPOS="729" VPOS="681" WIDTH="20" HEIGHT="20" WC="0.93" CONTENT="8."/>
						</TextLine>
					</TextBlock>
				</ComposedBlock>
				<ComposedBlock ID="cblock_6" HPOS="452" VPOS="736" WIDTH="549" HEIGHT="331">
					<TextBlock ID="block_6" HPOS="452" VPOS="736" WIDTH="549" HEIGHT="331">
						<TextLine ID="line_13" HPOS="522" VPOS="736" WIDTH="476" HEIGHT="28">
							<String ID="string_58" HPOS="522" VPOS="736" WIDTH="75" HEIGHT="26" WC="0.95" CONTENT="Hund,"/><SP WIDTH="16" VPOS="736" HPOS="597"/>
							<String ID="string_59" HPOS="613" VPOS="743" WIDTH="44" HEIGHT="15" WC="0.96" CONTENT="som"/><SP WIDTH="16" VPOS="743" HPOS="657"/>
							<String ID="string_60" HPOS="673" VPOS="736" WIDTH="67" HEIGHT="27" WC="0.96" CONTENT="efter"/><SP WIDTH="15" VPOS="736" HPOS="740"/>
							<String ID="string_61" HPOS="755" VPOS="737" WIDTH="135" HEIGHT="27" WC="0.96" CONTENT="utgången"/><SP WIDTH="18" VPOS="737" HPOS="890"/>
							<String ID="string_62" HPOS="908" VPOS="736" WIDTH="34" HEIGHT="26" WC="0.89" CONTENT="af"/><SP WIDTH="12" VPOS="736" HPOS="942"/>
							<String ID="string_63" HPOS="954" VPOS="736" WIDTH="44" HEIGHT="21" WC="0.89" CONTENT="Ja-"/>
						</TextLine>
						<TextLine ID="line_14" HPOS="453" VPOS="771" WIDTH="545" HEIGHT="28">
							<String ID="string_64" HPOS="453" VPOS="771" WIDTH="80" HEIGHT="21" WC="0.90" CONTENT="nuari"/><SP WIDTH="10" VPOS="771" HPOS="533"/>
							<String ID="string_65" HPOS="543" VPOS="771" WIDTH="98" HEIGHT="21" WC="0.96" CONTENT="månad"/><SP WIDTH="12" VPOS="771" HPOS="641"/>
							<String ID="string_66" HPOS="653" VPOS="771" WIDTH="120" HEIGHT="27" WC="0.91" CONTENT="påträffas,"/><SP WIDTH="9" VPOS="771" HPOS="773"/>
							<String ID="string_67" HPOS="782" VPOS="773" WIDTH="54" HEIGHT="19" WC="0.96" CONTENT="utan"/><SP WIDTH="9" VPOS="773" HPOS="836"/>
							<String ID="string_68" HPOS="845" VPOS="774" WIDTH="31" HEIGHT="18" WC="0.96" CONTENT="att"/><SP WIDTH="10" VPOS="774" HPOS="876"/>
							<String ID="string_69" HPOS="886" VPOS="778" WIDTH="53" HEIGHT="14" WC="0.92" CONTENT="vara"/><SP WIDTH="7" VPOS="778" HPOS="939"/>
							<String ID="string_70" HPOS="946" VPOS="772" WIDTH="52" HEIGHT="27" WC="0.92" CONTENT="för-"/>
						</TextLine>
						<TextLine ID="line_15" HPOS="453" VPOS="805" WIDTH="545" HEIGHT="28">
							<String ID="string_71" HPOS="453" VPOS="805" WIDTH="52" HEIGHT="21" WC="0.96" CONTENT="sedd"/><SP WIDTH="11" VPOS="805" HPOS="505"/>
							<String ID="string_72" HPOS="516" VPOS="805" WIDTH="47" HEIGHT="21" WC="0.96" CONTENT="med"/><SP WIDTH="12" VPOS="805" HPOS="563"/>
							<String ID="string_73" HPOS="575" VPOS="806" WIDTH="41" HEIGHT="27" WC="0.96" CONTENT="för"/><SP WIDTH="13" VPOS="806" HPOS="616"/>
							<String ID="string_74" HPOS="629" VPOS="806" WIDTH="46" HEIGHT="20" WC="0.96" CONTENT="året"/><SP WIDTH="12" VPOS="806" HPOS="675"/>
							<String ID="string_75" HPOS="687" VPOS="806" WIDTH="73" HEIGHT="27" WC="0.93" CONTENT="giltigt"/><SP WIDTH="12" VPOS="806" HPOS="760"/>
							<String ID="string_76" HPOS="772" VPOS="805" WIDTH="226" HEIGHT="28" WC="0.92" CONTENT="beskattningstecken,"/>
						</TextLine>
						<TextLine ID="line_16" HPOS="453" VPOS="839" WIDTH="546" HEIGHT="29">
							<String ID="string_77" HPOS="453" VPOS="840" WIDTH="36" HEIGHT="20" WC="0.96" CONTENT="må"/><SP WIDTH="12" VPOS="840" HPOS="489"/>
							<String ID="string_78" HPOS="501" VPOS="840" WIDTH="30" HEIGHT="26" WC="0.96" CONTENT="af"/><SP WIDTH="3" VPOS="840" HPOS="531"/>
							<String ID="string_79" HPOS="534" VPOS="840" WIDTH="86" HEIGHT="27" WC="0.93" CONTENT="polisen"/><SP WIDTH="11" VPOS="840" HPOS="620"/>
							<String ID="string_80" HPOS="631" VPOS="839" WIDTH="180" HEIGHT="29" WC="0.91" CONTENT="omhändertagas"/><SP WIDTH="10" VPOS="839" HPOS="811"/>
							<String ID="string_81" HPOS="821" VPOS="839" WIDTH="46" HEIGHT="26" WC="0.96" CONTENT="och,"/><SP WIDTH="11" VPOS="839" HPOS="867"/>
							<String ID="string_82" HPOS="878" VPOS="846" WIDTH="34" HEIGHT="15" WC="0.93" CONTENT="om"/><SP WIDTH="10" VPOS="846" HPOS="912"/>
							<String ID="string_83" HPOS="922" VPOS="846" WIDTH="77" HEIGHT="21" WC="0.92" CONTENT="egaren"/>
						</TextLine>
						<TextLine ID="line_17" HPOS="455" VPOS="874" WIDTH="545" HEIGHT="27">
							<String ID="string_84" HPOS="455" VPOS="874" WIDTH="46" HEIGHT="20" WC="0.93" CONTENT="icke"/><SP WIDTH="16" VPOS="874" HPOS="501"/>
							<String ID="string_85" HPOS="517" VPOS="874" WIDTH="139" HEIGHT="27" WC="0.91" CONTENT="återfordrar"/><SP WIDTH="14" VPOS="874" HPOS="656"/>
							<String ID="string_86" HPOS="670" VPOS="874" WIDTH="131" HEIGHT="26" WC="0.95" CONTENT="densamma,"/><SP WIDTH="17" VPOS="874" HPOS="801"/>
							<String ID="string_87" HPOS="818" VPOS="874" WIDTH="9" HEIGHT="20" WC="0.96" CONTENT="i"/><SP WIDTH="13" VPOS="874" HPOS="827"/>
							<String ID="string_88" HPOS="840" VPOS="874" WIDTH="50" HEIGHT="20" WC="0.96" CONTENT="stad"/><SP WIDTH="12" VPOS="874" HPOS="890"/>
							<String ID="string_89" HPOS="902" VPOS="874" WIDTH="52" HEIGHT="21" WC="0.93" CONTENT="eller"/><SP WIDTH="10" VPOS="874" HPOS="954"/>
							<String ID="string_90" HPOS="964" VPOS="874" WIDTH="36" HEIGHT="21" WC="0.92" CONTENT="kö-"/>
						</TextLine>
						<TextLine ID="line_18" HPOS="452" VPOS="907" WIDTH="548" HEIGHT="28">
							<String ID="string_91" HPOS="452" VPOS="908" WIDTH="57" HEIGHT="27" WC="0.94" CONTENT="ping"/><SP WIDTH="24" VPOS="908" HPOS="509"/>
							<String ID="string_92" HPOS="533" VPOS="907" WIDTH="57" HEIGHT="22" WC="0.94" CONTENT="inom"/><SP WIDTH="26" VPOS="907" HPOS="590"/>
							<String ID="string_93" HPOS="616" VPOS="911" WIDTH="36" HEIGHT="18" WC="0.95" CONTENT="tre"/><SP WIDTH="20" VPOS="911" HPOS="652"/>
							<String ID="string_94" HPOS="672" VPOS="910" WIDTH="56" HEIGHT="18" WC="0.96" CONTENT="samt"/><SP WIDTH="19" VPOS="910" HPOS="728"/>
							<String ID="string_95" HPOS="747" VPOS="909" WIDTH="32" HEIGHT="25" WC="0.95" CONTENT="på"/><SP WIDTH="16" VPOS="909" HPOS="779"/>
							<String ID="string_96" HPOS="795" VPOS="907" WIDTH="73" HEIGHT="22" WC="0.96" CONTENT="landet"/><SP WIDTH="15" VPOS="907" HPOS="868"/>
							<String ID="string_97" HPOS="883" VPOS="908" WIDTH="59" HEIGHT="21" WC="0.96" CONTENT="inom"/><SP WIDTH="14" VPOS="908" HPOS="942"/>
							<String ID="string_98" HPOS="956" VPOS="915" WIDTH="44" HEIGHT="14" WC="0.94" CONTENT="sex"/>
						</TextLine>
						<TextLine ID="line_19" HPOS="455" VPOS="941" WIDTH="545" HEIGHT="29">
							<String ID="string_99" HPOS="455" VPOS="942" WIDTH="56" HEIGHT="27" WC="0.95" CONTENT="dygn"/><SP WIDTH="27" VPOS="942" HPOS="511"/>
							<String ID="string_100" HPOS="538" VPOS="941" WIDTH="99" HEIGHT="28" WC="0.90" CONTENT="derefter,"/><SP WIDTH="26" VPOS="941" HPOS="637"/>
							<String ID="string_101" HPOS="663" VPOS="942" WIDTH="174" HEIGHT="28" WC="0.89" CONTENT="undanskaffas;"/><SP WIDTH="24" VPOS="942" HPOS="837"/>
							<String ID="string_102" HPOS="861" VPOS="949" WIDTH="48" HEIGHT="14" WC="0.93" CONTENT="men"/><SP WIDTH="22" VPOS="949" HPOS="909"/>
							<String ID="string_103" HPOS="931" VPOS="949" WIDTH="69" HEIGHT="21" WC="0.91" CONTENT="egare,"/>
						</TextLine>
						<TextLine ID="line_20" HPOS="455" VPOS="976" WIDTH="546" HEIGHT="26">
							<String ID="string_104" HPOS="455" VPOS="983" WIDTH="46" HEIGHT="14" WC="0.93" CONTENT="som"/><SP WIDTH="22" VPOS="983" HPOS="501"/>
							<String ID="string_105" HPOS="523" VPOS="976" WIDTH="164" HEIGHT="22" WC="0.61" CONTENT="återbekommer"/><SP WIDTH="21" VPOS="976" HPOS="687"/>
							<String ID="string_106" HPOS="708" VPOS="977" WIDTH="35" HEIGHT="20" WC="0.96" CONTENT="sin"/><SP WIDTH="24" VPOS="977" HPOS="743"/>
							<String ID="string_107" HPOS="767" VPOS="977" WIDTH="68" HEIGHT="25" WC="0.95" CONTENT="hund,"/><SP WIDTH="25" VPOS="977" HPOS="835"/>
							<String ID="string_108" HPOS="860" VPOS="984" WIDTH="50" HEIGHT="14" WC="0.89" CONTENT="vare"/><SP WIDTH="26" VPOS="984" HPOS="910"/>
							<String ID="string_109" HPOS="936" VPOS="977" WIDTH="65" HEIGHT="21" WC="0.96" CONTENT="alltid"/>
						</TextLine>
						<TextLine ID="line_21" HPOS="454" VPOS="1011" WIDTH="547" HEIGHT="29">
							<String ID="string_110" HPOS="454" VPOS="1011" WIDTH="87" HEIGHT="28" WC="0.95" CONTENT="skyldig"/><SP WIDTH="22" VPOS="1011" HPOS="541"/>
							<String ID="string_111" HPOS="563" VPOS="1013" WIDTH="32" HEIGHT="19" WC="0.93" CONTENT="att"/><SP WIDTH="21" VPOS="1013" HPOS="595"/>
							<String ID="string_112" HPOS="616" VPOS="1012" WIDTH="85" HEIGHT="27" WC="0.88" CONTENT="utgifva"/><SP WIDTH="22" VPOS="1012" HPOS="701"/>
							<String ID="string_113" HPOS="723" VPOS="1011" WIDTH="72" HEIGHT="28" WC="0.96" CONTENT="skälig"/><SP WIDTH="22" VPOS="1011" HPOS="795"/>
							<String ID="string_114" HPOS="817" VPOS="1012" WIDTH="120" HEIGHT="28" WC="0.93" CONTENT="ersättning"/><SP WIDTH="21" VPOS="1012" HPOS="937"/>
							<String ID="string_115" HPOS="958" VPOS="1011" WIDTH="43" HEIGHT="28" WC="0.93" CONTENT="för"/>
						</TextLine>
						<TextLine ID="line_22" HPOS="454" VPOS="1045" WIDTH="243" HEIGHT="22">
							<String ID="string_116" HPOS="454" VPOS="1045" WIDTH="48" HEIGHT="22" WC="0.96" CONTENT="dess"/><SP WIDTH="17" VPOS="1045" HPOS="502"/>
							<String ID="string_117" HPOS="519" VPOS="1045" WIDTH="178" HEIGHT="22" WC="0.96" CONTENT="underhållande."/>
						</TextLine>
					</TextBlock>
				</ComposedBlock>
				<ComposedBlock ID="cblock_7" HPOS="701" VPOS="1121" WIDTH="50" HEIGHT="26">
					<TextBlock ID="block_7" HPOS="701" VPOS="1121" WIDTH="50" HEIGHT="26">
						<TextLine ID="line_23" HPOS="701" VPOS="1121" WIDTH="50" HEIGHT="26">
							<String ID="string_118" HPOS="701" VPOS="1121" WIDTH="13" HEIGHT="26" WC="0.92" CONTENT="$"/><SP WIDTH="11" VPOS="1121" HPOS="714"/>
							<String ID="string_119" HPOS="725" VPOS="1121" WIDTH="26" HEIGHT="26" WC="0.80" CONTENT="9."/>
						</TextLine>
					</TextBlock>
				</ComposedBlock>
				<ComposedBlock ID="cblock_8" HPOS="455" VPOS="1176" WIDTH="546" HEIGHT="98">
					<TextBlock ID="block_8" HPOS="455" VPOS="1176" WIDTH="546" HEIGHT="98">
						<TextLine ID="line_24" HPOS="523" VPOS="1176" WIDTH="477" HEIGHT="29">
							<String ID="string_120" HPOS="523" VPOS="1176" WIDTH="94" HEIGHT="21" WC="0.93" CONTENT="Denna"/><SP WIDTH="11" VPOS="1176" HPOS="617"/>
							<String ID="string_121" HPOS="628" VPOS="1176" WIDTH="238" HEIGHT="29" WC="0.90" CONTENT="förordningeger"/><SP WIDTH="12" VPOS="1176" HPOS="866"/>
							<String ID="string_122" HPOS="878" VPOS="1176" WIDTH="58" HEIGHT="21" WC="0.74" CONTENT="icke"/><SP WIDTH="10" VPOS="1176" HPOS="936"/>
							<String ID="string_123" HPOS="946" VPOS="1176" WIDTH="54" HEIGHT="22" WC="0.90" CONTENT="till-"/>
						</TextLine>
						<TextLine ID="line_25" HPOS="455" VPOS="1210" WIDTH="546" HEIGHT="29">
							<String ID="string_124" HPOS="455" VPOS="1211" WIDTH="136" HEIGHT="28" WC="0.92" CONTENT="lämpning"/><SP WIDTH="25" VPOS="1211" HPOS="591"/>
							<String ID="string_125" HPOS="616" VPOS="1211" WIDTH="177" HEIGHT="28" WC="0.96" CONTENT="beträffande"/><SP WIDTH="22" VPOS="1211" HPOS="793"/>
							<String ID="string_126" HPOS="815" VPOS="1211" WIDTH="77" HEIGHT="25" WC="0.95" CONTENT="hund,"/><SP WIDTH="15" VPOS="1211" HPOS="892"/>
							<String ID="string_127" HPOS="907" VPOS="1218" WIDTH="54" HEIGHT="14" WC="0.96" CONTENT="som"/><SP WIDTH="15" VPOS="1218" HPOS="961"/>
							<String ID="string_128" HPOS="976" VPOS="1210" WIDTH="25" HEIGHT="28" WC="0.95" CONTENT="ej"/>
						</TextLine>
						<TextLine ID="line_26" HPOS="455" VPOS="1245" WIDTH="441" HEIGHT="29">
							<String ID="string_129" HPOS="455" VPOS="1246" WIDTH="113" HEIGHT="27" WC="0.96" CONTENT="uppnått"/><SP WIDTH="11" VPOS="1246" HPOS="568"/>
							<String ID="string_130" HPOS="579" VPOS="1246" WIDTH="64" HEIGHT="28" WC="0.96" CONTENT="fyra"/><SP WIDTH="15" VPOS="1246" HPOS="643"/>
							<String ID="string_131" HPOS="658" VPOS="1245" WIDTH="141" HEIGHT="22" WC="0.95" CONTENT="månaders"/><SP WIDTH="16" VPOS="1245" HPOS="799"/>
							<String ID="string_132" HPOS="815" VPOS="1245" WIDTH="81" HEIGHT="22" WC="0.95" CONTENT="ålder."/>
						</TextLine>
					</TextBlock>
				</ComposedBlock>
				<ComposedBlock ID="cblock_9" HPOS="495" VPOS="1314" WIDTH="471" HEIGHT="80">
					<TextBlock ID="block_9" HPOS="495" VPOS="1314" WIDTH="471" HEIGHT="80">
						<TextLine ID="line_27" HPOS="699" VPOS="1314" WIDTH="61" HEIGHT="28">
							<String ID="string_133" HPOS="699" VPOS="1314" WIDTH="12" HEIGHT="28" WC="0.92" CONTENT="8"/><SP WIDTH="18" VPOS="1314" HPOS="711"/>
							<String ID="string_134" HPOS="729" VPOS="1314" WIDTH="31" HEIGHT="22" WC="0.93" CONTENT="10."/>
						</TextLine>
						<TextLine ID="line_28" HPOS="495" VPOS="1364" WIDTH="471" HEIGHT="30">
							<String ID="string_135" HPOS="495" VPOS="1365" WIDTH="61" HEIGHT="22" WC="0.96" CONTENT="Lika"/><SP WIDTH="14" VPOS="1365" HPOS="556"/>
							<String ID="string_136" HPOS="570" VPOS="1364" WIDTH="53" HEIGHT="23" WC="0.93" CONTENT="med"/><SP WIDTH="14" VPOS="1364" HPOS="623"/>
							<String ID="string_137" HPOS="637" VPOS="1366" WIDTH="15" HEIGHT="28" WC="0.80" CONTENT="&amp;"/><SP WIDTH="16" VPOS="1366" HPOS="652"/>
							<String ID="string_138" HPOS="668" VPOS="1366" WIDTH="12" HEIGHT="21" WC="0.95" CONTENT="9"/><SP WIDTH="15" VPOS="1366" HPOS="680"/>
							<String ID="string_139" HPOS="695" VPOS="1365" WIDTH="9" HEIGHT="21" WC="0.94" CONTENT="i"/><SP WIDTH="14" VPOS="1365" HPOS="704"/>
							<String ID="string_140" HPOS="718" VPOS="1364" WIDTH="53" HEIGHT="23" WC="0.96" CONTENT="nåd."/><SP WIDTH="15" VPOS="1364" HPOS="771"/>
							<String ID="string_141" HPOS="786" VPOS="1364" WIDTH="180" HEIGHT="30" WC="0.96" CONTENT="propositionen."/>
						</TextLine>
					</TextBlock>
				</ComposedBlock>
				<ComposedBlock ID="cblock_10" HPOS="321" VPOS="1491" WIDTH="385" HEIGHT="20">
					<TextBlock ID="block_10" HPOS="321" VPOS="1491" WIDTH="385" HEIGHT="20">
						<TextLine ID="line_29" HPOS="321" VPOS="1491" WIDTH="385" HEIGHT="20">
							<String ID="string_142" HPOS="321" VPOS="1492" WIDTH="181" HEIGHT="19" WC="0.79" CONTENT="Ekonomiuiskottets"/><SP WIDTH="11" VPOS="1492" HPOS="502"/>
							<String ID="string_143" HPOS="513" VPOS="1491" WIDTH="111" HEIGHT="18" WC="0.96" CONTENT="betänkande"/><SP WIDTH="13" VPOS="1491" HPOS="624"/>
							<String ID="string_144" HPOS="637" VPOS="1493" WIDTH="36" HEIGHT="16" WC="0.95" CONTENT="N:o"/><SP WIDTH="16" VPOS="1493" HPOS="673"/>
							<String ID="string_145" HPOS="689" VPOS="1492" WIDTH="17" HEIGHT="17" WC="0.96" CONTENT="4."/>
						</TextLine>
					</TextBlock>
				</ComposedBlock>
				<GraphicalElement ID="cblock_11" HPOS="1114" VPOS="2" WIDTH="3" HEIGHT="309"></GraphicalElement >
			</PrintSpace>
		</Page>
	</Layout>
</alto>
