1095 1786
245 176 27 20 24
443 176 29 22 U.
488 176 28 22 B.
530 189 27 3 —
573 176 73 28 Prop.
662 176 42 22 N:o
719 176 39 22 23.

490 241 33 18 att
538 238 122 22 Ständerna
675 239 49 21 ville
739 240 80 20 besluta
835 239 71 21 sådan
915 240 49 26 för-

421 273 89 27 höjning
522 274 30 26 af
562 273 233 27 stämpelbevilluingen,
804 276 33 18 att
846 273 119 27 derigenom

422 307 90 20 erhålles
526 309 29 18 ett
570 307 67 26 årligt
651 307 88 20 tillskott
754 308 30 26 af
793 313 95 21 400,000
900 307 63 20 mark

423 341 35 20 till
472 341 40 20 den
527 341 91 20 inkomst
631 341 69 20 denna
715 341 115 26 bevillning
841 341 44 20 här
898 342 67 26 ofvan

422 375 114 21 beräknats
550 375 103 27 inbringa.

288 438 42 21 För
345 439 42 20 den
401 438 103 21 händelse
519 439 51 24 äter,
587 442 31 17 att
628 439 47 21 icke
687 446 36 13 ens
735 439 37 20 det
782 438 83 21 utöfver
875 438 91 21 berörda

219 478 113 20 1,200,000
353 473 60 20 mark
429 473 137 27 erforderliga
580 473 111 28 beloppet,
707 474 6 20 i
728 473 62 21 rundt
805 473 30 21 tal
852 477 114 22 1,500,000

217 507 67 25 mark,
300 507 71 21 blefve
386 507 45 21 frän
446 507 134 21 statsfonden
600 507 124 25 öfverfördt,
741 507 39 21 bör
794 507 67 28 enligt
875 507 91 21 Utskot-

217 545 43 17 tets
274 542 71 25 tanke,
368 541 100 22 Finlands
488 541 70 22 Banks
572 543 57 20 vinst
644 541 32 21 för
691 542 50 20 åren
758 541 110 27 1894—06
883 542 82 21 anlitas.

217 576 121 27 Angående
354 576 156 27 dispositionen
525 576 24 20 af
562 576 62 21 dessa
639 576 128 20 vinstmedel
781 576 63 20 hafva
859 576 35 20 väl
909 577 57 19 inom

218 617 57 20 resp.
291 609 62 22 ständ
369 609 56 21 olika
441 611 79 26 äsigter
534 610 56 27 gjort
605 611 33 26 sig
652 609 99 28 gällande
764 609 36 21 vid
810 609 156 27 behandlingen

217 644 25 20 af
253 643 179 22 Bankutskottets
448 644 134 21 betänkande
598 644 40 20 N:o
655 649 18 21 3.
704 644 51 20 Men
770 644 27 20 dä
809 650 86 14 numera
907 643 59 27 fräga

216 678 48 21 icke
286 678 24 20 är
331 685 36 13 om
382 681 31 18 ett
427 678 67 27 högre
508 678 82 27 belopp
606 678 26 20 än
648 683 93 21 500,000
757 677 59 21 mark
831 677 80 28 ärligen
926 677 42 21 och

217 712 28 21 dä
260 713 37 20 det
311 712 64 21 torde
390 712 21 21 fä
426 712 124 21 förutsättas
565 714 70 19 säsom
650 712 79 25 säkert,
753 715 31 18 att
800 712 37 21 det
859 712 109 21 eventuelt

217 746 102 21 anvisade
343 746 105 27 beloppet
472 746 18 27 ej
515 747 103 21 behöfver
644 750 92 23 uttagas,
761 747 37 20 har
818 746 115 21 Utskottet
948 746 18 26 ej

218 780 74 22 tvekat
308 784 32 17 att
354 781 116 20 framställa
486 781 37 21 det
538 781 79 27 förslag

490 846 34 18 att
552 843 122 21 Siänderna
696 844 49 20 ville
767 844 103 21 eventuelt
891 843 77 21 anvisa

423 878 14 19 å
459 878 104 20 Finlands
582 879 75 19 Banks
678 878 56 20 vinst
750 879 44 25 för
813 879 52 19 åren
880 878 87 27 1894—

422 912 60 28 1896
496 912 59 20 ända
578 912 35 20 till
622 918 96 20 500,000
733 912 62 20 mark
810 912 8 20 i
832 912 52 20 året.

285 974 46 21 Ifall
346 975 64 20 dessa
425 974 79 27 förslag
519 974 23 21 af
555 974 119 22 Ständerna
689 974 132 28 godkännas,
836 974 30 22 fär
877 974 90 22 Utskot-

217 1012 34 17 tet
266 1008 98 28 slutligen
380 1008 110 22 vördsamt
504 1008 88 22 föreslä
582 1004 12 36 :

490 1069 34 17 att
532 1067 43 26 för
588 1066 132 21 bestridande
735 1067 30 26 af
775 1067 66 27 ofvan
857 1069 110 25 upptagna

422 1101 94 26 utgifter,
530 1101 74 20 sävidt
614 1101 109 20 desamma
731 1101 22 27 ej
759 1101 52 27 utgå
819 1101 30 27 af
851 1101 117 26 militiejon-

423 1135 51 20 dens
489 1135 123 27 tillgångar,
628 1135 114 20 användas
757 1135 22 27 ej
795 1135 82 20 mindre
892 1135 76 26 behåll-

422 1169 76 26 ningen
512 1169 10 20 i
538 1169 205 26 bevillningsmedlen
760 1169 39 20 vid
811 1169 58 28 1894
885 1169 37 20 års
937 1172 31 18 ut-

420 1202 64 27 gång
506 1202 37 21 och
568 1203 25 20 de
618 1202 117 26 6,000,000
759 1203 68 24 mark,
851 1210 45 13 som
921 1203 51 20 med

422 1243 116 18 2,000,000
554 1236 62 21 mark
630 1237 82 26 årligen
721 1236 61 21 skola
790 1236 55 27 från
857 1237 112 20 allmänna

422 1270 132 28 statsfonden
570 1271 35 20 till
623 1271 202 27 bevillningsfonden
846 1272 123 26 öfverföras

423 1305 28 20 än
471 1305 37 20 och
524 1304 39 21 den
575 1304 134 21 sistnämnda
716 1305 62 26 fond
790 1304 100 27 tilllagda
905 1305 67 20 andel

422 1338 9 20 i
443 1338 195 24 bränvinsskatten;

491 1375 33 17 att
545 1372 34 20 till
599 1378 84 14 samma
698 1372 108 21 ändamål
817 1372 75 21 vidare
907 1372 61 22 anvi-

421 1414 37 12 sas
472 1407 115 20 inkomsten
602 1408 29 26 af
635 1407 103 27 följande
752 1407 145 27 bevillningar,
908 1408 60 20 näm-

422 1441 54 27 ligen
491 1441 210 27 stämpelbevillning,
723 1442 207 27 näringsbevillning
942 1443 31 27 af

423 1476 145 26 utländingar,
591 1476 116 27 bevillning
716 1477 45 26 för
773 1476 146 27 maltdrycker
931 1476 37 21 och

286 1516 130 16 Statsutskottets
429 1515 101 17 betänkande
542 1516 34 16 N:o
591 1521 24 11 12.
