1120 1786
318 157 82 23 Ständ.
417 158 52 23 Skr.
486 172 25 2 —
526 159 74 28 Prop.
616 159 41 22 N:o
673 159 36 23 20.

409 497 131 23 Finlands
568 498 138 23 Ständers
735 499 152 22 skrifvelse

342 531 47 22 till
400 532 259 28 Bankfullmäktige
675 532 119 28 angående
806 533 80 27 tryck-

341 566 89 27 ningen
448 566 27 22 af
486 567 121 27 protokoll
622 567 45 21 och
682 567 80 27 öfriga
777 567 109 22 handlin-

341 607 44 20 gar
399 600 55 22 från
468 601 172 28 landtdagarne
656 601 53 22 före
725 601 27 22 år
767 601 63 22 1885.

204 835 52 38 Till
281 835 121 38 Finlands
426 835 124 39 Ständers
575 835 248 49 Bankfullmäktige.

204 986 47 21 Vid
273 986 52 22 1891
347 986 35 21 års
402 986 111 28 landtdag
536 986 86 22 beslöto
642 986 133 28 Ständerna,
792 988 34 20 att
841 987 44 21 alla

135 1020 115 21 härintills
272 1020 104 28 otryckta
397 1020 115 28 protokoll
534 1021 42 21 och
592 1020 75 28 öfriga
681 1020 138 29 handlingar
834 1020 51 22 från

135 1053 166 29 landtdagarne
315 1053 49 22 före
380 1055 24 20 år
420 1055 54 22 1885
489 1055 73 21 skulle
576 1055 37 21 till
628 1055 66 28 tryck
708 1055 123 26 befordras,
843 1056 42 21 och

136 1089 94 28 anslogo
248 1096 29 14 en
292 1096 88 14 summa
394 1088 26 22 af
433 1090 78 27 30,000
524 1089 64 22 mark
602 1091 34 19 att
651 1089 36 21 för
702 1089 129 22 ändamålet
846 1097 39 14 an-

136 1123 85 21 vändas
236 1123 73 22 under
323 1123 195 28 budgetperioden
535 1125 146 20 1892—1894.
712 1124 84 21 Tillika
812 1124 73 22 öfver-

135 1157 116 22 lemnades
274 1158 23 21 åt
319 1157 139 22 Ständernas
480 1158 212 28 Bankfullmäktige
713 1160 40 26 att,
776 1159 58 20 efter
851 1159 34 21 in-

135 1191 104 22 hemtadt
260 1191 118 21 utlåtande
401 1191 25 22 af
446 1192 138 21 Ständernas
599 1192 165 28 bibliotekarie,
780 1192 105 22 meddela

135 1229 104 18 närmare
261 1226 172 28 bestämningar
455 1233 37 15 om
513 1226 128 29 ordningen
655 1226 36 22 för
705 1226 180 29 handlingarnas

135 1260 125 29 tryckning
275 1260 42 22 och
332 1260 74 28 öfriga
421 1260 95 29 detaljer
531 1261 25 21 af
568 1261 99 21 arbetets
677 1261 121 21 utförande
808 1262 77 20 äfven-

137 1302 49 14 som
201 1296 34 20 att
250 1302 83 21 genom
348 1295 175 21 bibliotekarien
538 1296 55 21 eller
608 1303 76 13 annan
698 1296 96 28 lämplig
803 1303 82 21 person

137 1329 122 22 öfvervaka
274 1329 131 22 detsamma.

204 1363 75 21 Sedan
294 1364 212 28 Bankfullmäktige
521 1364 35 21 uti
570 1364 120 21 skrifvelse
703 1364 37 21 till
750 1372 32 13 nu
791 1364 94 21 försam-

135 1397 52 22 lade
209 1397 98 21 Ständer
328 1398 117 28 redogjort
466 1398 36 21 för
523 1398 155 28 fullgörandet
698 1398 25 21 af
736 1398 150 22 omförmälda

135 1431 110 27 uppdrag,
261 1430 69 21 hafva
345 1430 134 28 Ständerna,
496 1432 8 19 i
519 1431 164 27 sammanhang
694 1431 51 21 med
755 1431 64 21 Hans
829 1432 56 28 Kej-

136 1464 83 28 serliga
239 1464 117 28 Majestäts
374 1464 85 28 nådiga
473 1465 141 27 proposition
629 1465 117 27 angående
761 1465 124 21 anvisande
