<?xml version="1.0" encoding="UTF-8"?>
<alto xmlns="http://www.loc.gov/standards/alto/ns-v3#" xmlns:xlink="http://www.w3.org/1999/xlink" xmlns:xsi="http://www.w3.org/2001/XMLSchema-instance" xsi:schemaLocation="http://www.loc.gov/standards/alto/ns-v3# http://www.loc.gov/alto/v3/alto-3-0.xsd">
	<Description>
		<MeasurementUnit>pixel</MeasurementUnit>
		<sourceImageInformation>
			<fileName>/tmp/tess_sy1zaoa9_input.PNG</fileName>
		</sourceImageInformation>
		<OCRProcessing ID="OCR_0">
			<ocrProcessingStep>
				<processingSoftware>
					<softwareName>tesseract 5.3.4</softwareName>
				</processingSoftware>
			</ocrProcessingStep>
		</OCRProcessing>
	</Description>
	<Layout>
		<Page WIDTH="1123" HEIGHT="1775" PHYSICAL_IMG_NR="0" ID="page_0">
			<PrintSpace HPOS="0" VPOS="0" WIDTH="1123" HEIGHT="1775">
				<ComposedBlock ID="cblock_0" HPOS="455" VPOS="139" WIDTH="400" HEIGHT="25">
					<TextBlock ID="block_0" HPOS="455" VPOS="139" WIDTH="400" HEIGHT="25">
						<TextLine ID="line_0" HPOS="455" VPOS="139" WIDTH="400" HEIGHT="25">
							<String ID="string_0" HPOS="455" VPOS="140" WIDTH="44" HEIGHT="24" WC="0.96" CONTENT="N:o"/><SP WIDTH="22" VPOS="140" HPOS="499"/>
							<String ID="string_1" HPOS="521" VPOS="142" WIDTH="37" HEIGHT="22" WC="0.95" CONTENT="18."/><SP WIDTH="272" VPOS="142" HPOS="558"/>
							<String ID="string_2" HPOS="830" VPOS="139" WIDTH="25" HEIGHT="20" WC="0.96" CONTENT="13"/>
						</TextLine>
					</TextBlock>
				</ComposedBlock>
				<ComposedBlock ID="cblock_1" HPOS="130" VPOS="206" WIDTH="754" HEIGHT="680">
					<TextBlock ID="block_1" HPOS="132" VPOS="206" WIDTH="752" HEIGHT="164">
						<TextLine ID="line_1" HPOS="132" VPOS="206" WIDTH="751" HEIGHT="28">
							<String ID="string_3" HPOS="132" VPOS="208" WIDTH="88" HEIGHT="25" WC="0.96" CONTENT="procent"/><SP WIDTH="16" VPOS="208" HPOS="220"/>
							<String ID="string_4" HPOS="236" VPOS="212" WIDTH="26" HEIGHT="16" WC="0.96" CONTENT="en"/><SP WIDTH="15" VPOS="212" HPOS="262"/>
							<String ID="string_5" HPOS="277" VPOS="206" WIDTH="55" HEIGHT="28" WC="0.95" CONTENT="årlig"/><SP WIDTH="16" VPOS="206" HPOS="332"/>
							<String ID="string_6" HPOS="348" VPOS="206" WIDTH="65" HEIGHT="27" WC="0.96" CONTENT="utgift"/><SP WIDTH="15" VPOS="206" HPOS="413"/>
							<String ID="string_7" HPOS="428" VPOS="207" WIDTH="23" HEIGHT="21" WC="0.93" CONTENT="af"/><SP WIDTH="15" VPOS="207" HPOS="451"/>
							<String ID="string_8" HPOS="466" VPOS="208" WIDTH="90" HEIGHT="26" WC="0.91" CONTENT="116,550"/><SP WIDTH="9" VPOS="208" HPOS="556"/>
							<String ID="string_9" HPOS="565" VPOS="207" WIDTH="67" HEIGHT="25" WC="0.96" CONTENT="mark,"/><SP WIDTH="16" VPOS="207" HPOS="632"/>
							<String ID="string_10" HPOS="648" VPOS="208" WIDTH="62" HEIGHT="25" WC="0.96" CONTENT="utgör"/><SP WIDTH="16" VPOS="208" HPOS="710"/>
							<String ID="string_11" HPOS="726" VPOS="207" WIDTH="74" HEIGHT="21" WC="0.96" CONTENT="värdet"/><SP WIDTH="10" VPOS="207" HPOS="800"/>
							<String ID="string_12" HPOS="810" VPOS="206" WIDTH="23" HEIGHT="22" WC="0.96" CONTENT="af"/><SP WIDTH="9" VPOS="206" HPOS="833"/>
							<String ID="string_13" HPOS="842" VPOS="206" WIDTH="41" HEIGHT="21" WC="0.95" CONTENT="den"/>
						</TextLine>
						<TextLine ID="line_2" HPOS="132" VPOS="240" WIDTH="751" HEIGHT="28">
							<String ID="string_14" HPOS="132" VPOS="240" WIDTH="156" HEIGHT="28" WC="0.96" CONTENT="pensionering,"/><SP WIDTH="8" VPOS="240" HPOS="288"/>
							<String ID="string_15" HPOS="296" VPOS="247" WIDTH="45" HEIGHT="15" WC="0.96" CONTENT="som"/><SP WIDTH="10" VPOS="247" HPOS="341"/>
							<String ID="string_16" HPOS="351" VPOS="241" WIDTH="67" HEIGHT="27" WC="0.96" CONTENT="enligt"/><SP WIDTH="9" VPOS="241" HPOS="418"/>
							<String ID="string_17" HPOS="427" VPOS="248" WIDTH="28" HEIGHT="14" WC="0.96" CONTENT="nu"/><SP WIDTH="10" VPOS="248" HPOS="455"/>
							<String ID="string_18" HPOS="465" VPOS="242" WIDTH="101" HEIGHT="26" WC="0.96" CONTENT="gällande"/><SP WIDTH="10" VPOS="242" HPOS="566"/>
							<String ID="string_19" HPOS="576" VPOS="241" WIDTH="131" HEIGHT="27" WC="0.96" CONTENT="stadganden"/><SP WIDTH="11" VPOS="241" HPOS="707"/>
							<String ID="string_20" HPOS="718" VPOS="241" WIDTH="39" HEIGHT="21" WC="0.96" CONTENT="bör"/><SP WIDTH="10" VPOS="241" HPOS="757"/>
							<String ID="string_21" HPOS="767" VPOS="240" WIDTH="59" HEIGHT="27" WC="0.96" CONTENT="utgå."/><SP WIDTH="18" VPOS="240" HPOS="826"/>
							<String ID="string_22" HPOS="844" VPOS="240" WIDTH="39" HEIGHT="21" WC="0.96" CONTENT="Om"/>
						</TextLine>
						<TextLine ID="line_3" HPOS="132" VPOS="274" WIDTH="752" HEIGHT="28">
							<String ID="string_23" HPOS="132" VPOS="274" WIDTH="96" HEIGHT="21" WC="0.92" CONTENT="deremot"/><SP WIDTH="24" VPOS="274" HPOS="228"/>
							<String ID="string_24" HPOS="252" VPOS="275" WIDTH="39" HEIGHT="21" WC="0.96" CONTENT="den"/><SP WIDTH="15" VPOS="275" HPOS="291"/>
							<String ID="string_25" HPOS="306" VPOS="274" WIDTH="34" HEIGHT="22" WC="0.96" CONTENT="för"/><SP WIDTH="16" VPOS="274" HPOS="340"/>
							<String ID="string_26" HPOS="356" VPOS="276" WIDTH="172" HEIGHT="26" WC="0.93" CONTENT="pensioneringen"/><SP WIDTH="22" VPOS="276" HPOS="528"/>
							<String ID="string_27" HPOS="550" VPOS="275" WIDTH="115" HEIGHT="21" WC="0.92" CONTENT="faststälda"/><SP WIDTH="15" VPOS="275" HPOS="665"/>
							<String ID="string_28" HPOS="680" VPOS="274" WIDTH="138" HEIGHT="27" WC="0.92" CONTENT="tjenstetiden"/><SP WIDTH="16" VPOS="274" HPOS="818"/>
							<String ID="string_29" HPOS="834" VPOS="274" WIDTH="50" HEIGHT="21" WC="0.90" CONTENT="ned-"/>
						</TextLine>
						<TextLine ID="line_4" HPOS="132" VPOS="308" WIDTH="752" HEIGHT="28">
							<String ID="string_30" HPOS="132" VPOS="310" WIDTH="67" HEIGHT="20" WC="0.91" CONTENT="sättes"/><SP WIDTH="22" VPOS="310" HPOS="199"/>
							<String ID="string_31" HPOS="221" VPOS="308" WIDTH="33" HEIGHT="22" WC="0.96" CONTENT="till"/><SP WIDTH="20" VPOS="308" HPOS="254"/>
							<String ID="string_32" HPOS="274" VPOS="310" WIDTH="34" HEIGHT="25" WC="0.95" CONTENT="29,"/><SP WIDTH="16" VPOS="310" HPOS="308"/>
							<String ID="string_33" HPOS="324" VPOS="310" WIDTH="34" HEIGHT="26" WC="0.95" CONTENT="28,"/><SP WIDTH="20" VPOS="310" HPOS="358"/>
							<String ID="string_34" HPOS="378" VPOS="310" WIDTH="35" HEIGHT="26" WC="0.96" CONTENT="27,"/><SP WIDTH="15" VPOS="310" HPOS="413"/>
							<String ID="string_35" HPOS="428" VPOS="310" WIDTH="27" HEIGHT="20" WC="0.96" CONTENT="26"/><SP WIDTH="16" VPOS="310" HPOS="455"/>
							<String ID="string_36" HPOS="471" VPOS="310" WIDTH="52" HEIGHT="21" WC="0.96" CONTENT="eller"/><SP WIDTH="15" VPOS="310" HPOS="523"/>
							<String ID="string_37" HPOS="538" VPOS="310" WIDTH="28" HEIGHT="21" WC="0.95" CONTENT="25"/><SP WIDTH="16" VPOS="310" HPOS="566"/>
							<String ID="string_38" HPOS="582" VPOS="310" WIDTH="30" HEIGHT="25" WC="0.96" CONTENT="år,"/><SP WIDTH="16" VPOS="310" HPOS="612"/>
							<String ID="string_39" HPOS="628" VPOS="309" WIDTH="68" HEIGHT="21" WC="0.96" CONTENT="skulle"/><SP WIDTH="15" VPOS="309" HPOS="696"/>
							<String ID="string_40" HPOS="711" VPOS="308" WIDTH="105" HEIGHT="28" WC="0.96" CONTENT="beloppen"/><SP WIDTH="15" VPOS="308" HPOS="816"/>
							<String ID="string_41" HPOS="831" VPOS="308" WIDTH="53" HEIGHT="21" WC="0.96" CONTENT="ökas"/>
						</TextLine>
						<TextLine ID="line_5" HPOS="132" VPOS="343" WIDTH="566" HEIGHT="27">
							<String ID="string_42" HPOS="132" VPOS="343" WIDTH="48" HEIGHT="21" WC="0.96" CONTENT="med"/><SP WIDTH="16" VPOS="343" HPOS="180"/>
							<String ID="string_43" HPOS="196" VPOS="343" WIDTH="119" HEIGHT="27" WC="0.96" CONTENT="respektive"/><SP WIDTH="15" VPOS="343" HPOS="315"/>
							<String ID="string_44" HPOS="330" VPOS="344" WIDTH="20" HEIGHT="26" WC="0.96" CONTENT="8,"/><SP WIDTH="18" VPOS="344" HPOS="350"/>
							<String ID="string_45" HPOS="368" VPOS="344" WIDTH="32" HEIGHT="25" WC="0.96" CONTENT="17,"/><SP WIDTH="16" VPOS="344" HPOS="400"/>
							<String ID="string_46" HPOS="416" VPOS="344" WIDTH="33" HEIGHT="26" WC="0.96" CONTENT="27,"/><SP WIDTH="16" VPOS="344" HPOS="449"/>
							<String ID="string_47" HPOS="465" VPOS="344" WIDTH="26" HEIGHT="21" WC="0.96" CONTENT="37"/><SP WIDTH="17" VPOS="344" HPOS="491"/>
							<String ID="string_48" HPOS="508" VPOS="344" WIDTH="38" HEIGHT="21" WC="0.96" CONTENT="och"/><SP WIDTH="15" VPOS="344" HPOS="546"/>
							<String ID="string_49" HPOS="561" VPOS="344" WIDTH="27" HEIGHT="21" WC="0.95" CONTENT="48"/><SP WIDTH="16" VPOS="344" HPOS="588"/>
							<String ID="string_50" HPOS="604" VPOS="345" WIDTH="94" HEIGHT="25" WC="0.96" CONTENT="procent."/>
						</TextLine>
					</TextBlock>
					<TextBlock ID="block_2" HPOS="130" VPOS="377" WIDTH="754" HEIGHT="509">
						<TextLine ID="line_6" HPOS="200" VPOS="377" WIDTH="684" HEIGHT="27">
							<String ID="string_51" HPOS="200" VPOS="378" WIDTH="32" HEIGHT="20" WC="0.96" CONTENT="På"/><SP WIDTH="22" VPOS="378" HPOS="232"/>
							<String ID="string_52" HPOS="254" VPOS="377" WIDTH="67" HEIGHT="27" WC="0.96" CONTENT="grund"/><SP WIDTH="22" VPOS="377" HPOS="321"/>
							<String ID="string_53" HPOS="343" VPOS="377" WIDTH="23" HEIGHT="21" WC="0.96" CONTENT="af"/><SP WIDTH="20" VPOS="377" HPOS="366"/>
							<String ID="string_54" HPOS="386" VPOS="378" WIDTH="39" HEIGHT="21" WC="0.96" CONTENT="den"/><SP WIDTH="15" VPOS="378" HPOS="425"/>
							<String ID="string_55" HPOS="440" VPOS="378" WIDTH="114" HEIGHT="26" WC="0.96" CONTENT="utredning"/><SP WIDTH="16" VPOS="378" HPOS="554"/>
							<String ID="string_56" HPOS="570" VPOS="378" WIDTH="89" HEIGHT="21" WC="0.96" CONTENT="sålunda"/><SP WIDTH="15" VPOS="378" HPOS="659"/>
							<String ID="string_57" HPOS="674" VPOS="377" WIDTH="97" HEIGHT="21" WC="0.96" CONTENT="erhållits"/><SP WIDTH="15" VPOS="377" HPOS="771"/>
							<String ID="string_58" HPOS="786" VPOS="377" WIDTH="39" HEIGHT="21" WC="0.93" CONTENT="och"/><SP WIDTH="15" VPOS="377" HPOS="825"/>
							<String ID="string_59" HPOS="840" VPOS="378" WIDTH="44" HEIGHT="20" WC="0.93" CONTENT="sär-"/>
						</TextLine>
						<TextLine ID="line_7" HPOS="131" VPOS="410" WIDTH="753" HEIGHT="29">
							<String ID="string_60" HPOS="131" VPOS="411" WIDTH="67" HEIGHT="22" WC="0.91" CONTENT="skildt"/><SP WIDTH="22" VPOS="411" HPOS="198"/>
							<String ID="string_61" HPOS="220" VPOS="412" WIDTH="49" HEIGHT="21" WC="0.96" CONTENT="med"/><SP WIDTH="23" VPOS="412" HPOS="269"/>
							<String ID="string_62" HPOS="292" VPOS="411" WIDTH="101" HEIGHT="22" WC="0.93" CONTENT="afseende"/><SP WIDTH="19" VPOS="411" HPOS="393"/>
							<String ID="string_63" HPOS="412" VPOS="412" WIDTH="56" HEIGHT="26" WC="0.88" CONTENT="derå,"/><SP WIDTH="16" VPOS="412" HPOS="468"/>
							<String ID="string_64" HPOS="484" VPOS="414" WIDTH="32" HEIGHT="20" WC="0.96" CONTENT="att"/><SP WIDTH="14" VPOS="414" HPOS="516"/>
							<String ID="string_65" HPOS="530" VPOS="412" WIDTH="62" HEIGHT="27" WC="0.96" CONTENT="ingen"/><SP WIDTH="15" VPOS="412" HPOS="592"/>
							<String ID="string_66" HPOS="607" VPOS="411" WIDTH="65" HEIGHT="23" WC="0.93" CONTENT="bland"/><SP WIDTH="14" VPOS="411" HPOS="672"/>
							<String ID="string_67" HPOS="686" VPOS="410" WIDTH="198" HEIGHT="28" WC="0.91" CONTENT="lärarepersonalen"/>
						</TextLine>
						<TextLine ID="line_8" HPOS="132" VPOS="445" WIDTH="752" HEIGHT="28">
							<String ID="string_68" HPOS="132" VPOS="445" WIDTH="35" HEIGHT="21" WC="0.96" CONTENT="vid"/><SP WIDTH="15" VPOS="445" HPOS="167"/>
							<String ID="string_69" HPOS="182" VPOS="445" WIDTH="124" HEIGHT="27" WC="0.96" CONTENT="folkskolor,"/><SP WIDTH="23" VPOS="445" HPOS="306"/>
							<String ID="string_70" HPOS="329" VPOS="452" WIDTH="51" HEIGHT="15" WC="0.96" CONTENT="vare"/><SP WIDTH="15" VPOS="452" HPOS="380"/>
							<String ID="string_71" HPOS="395" VPOS="446" WIDTH="32" HEIGHT="27" WC="0.95" CONTENT="sig"/><SP WIDTH="14" VPOS="446" HPOS="427"/>
							<String ID="string_72" HPOS="441" VPOS="446" WIDTH="7" HEIGHT="21" WC="0.95" CONTENT="i"/><SP WIDTH="15" VPOS="446" HPOS="448"/>
							<String ID="string_73" HPOS="463" VPOS="446" WIDTH="49" HEIGHT="22" WC="0.96" CONTENT="stad"/><SP WIDTH="16" VPOS="446" HPOS="512"/>
							<String ID="string_74" HPOS="528" VPOS="447" WIDTH="52" HEIGHT="21" WC="0.96" CONTENT="eller"/><SP WIDTH="15" VPOS="447" HPOS="580"/>
							<String ID="string_75" HPOS="595" VPOS="447" WIDTH="27" HEIGHT="26" WC="0.96" CONTENT="på"/><SP WIDTH="16" VPOS="447" HPOS="622"/>
							<String ID="string_76" HPOS="638" VPOS="446" WIDTH="78" HEIGHT="25" WC="0.95" CONTENT="landet,"/><SP WIDTH="17" VPOS="446" HPOS="716"/>
							<String ID="string_77" HPOS="733" VPOS="447" WIDTH="57" HEIGHT="20" WC="0.93" CONTENT="ännu"/><SP WIDTH="15" VPOS="447" HPOS="790"/>
							<String ID="string_78" HPOS="805" VPOS="446" WIDTH="79" HEIGHT="26" WC="0.92" CONTENT="uttjent"/>
						</TextLine>
						<TextLine ID="line_9" HPOS="131" VPOS="479" WIDTH="752" HEIGHT="28">
							<String ID="string_79" HPOS="131" VPOS="479" WIDTH="157" HEIGHT="22" WC="0.90" CONTENT="ofvannämnda"/><SP WIDTH="22" VPOS="479" HPOS="288"/>
							<String ID="string_80" HPOS="310" VPOS="480" WIDTH="34" HEIGHT="22" WC="0.96" CONTENT="för"/><SP WIDTH="23" VPOS="480" HPOS="344"/>
							<String ID="string_81" HPOS="367" VPOS="480" WIDTH="124" HEIGHT="22" WC="0.96" CONTENT="erhållande"/><SP WIDTH="22" VPOS="480" HPOS="491"/>
							<String ID="string_82" HPOS="513" VPOS="481" WIDTH="23" HEIGHT="21" WC="0.96" CONTENT="af"/><SP WIDTH="17" VPOS="481" HPOS="536"/>
							<String ID="string_83" HPOS="553" VPOS="480" WIDTH="39" HEIGHT="22" WC="0.96" CONTENT="full"/><SP WIDTH="15" VPOS="480" HPOS="592"/>
							<String ID="string_84" HPOS="607" VPOS="480" WIDTH="87" HEIGHT="27" WC="0.93" CONTENT="pension"/><SP WIDTH="15" VPOS="480" HPOS="694"/>
							<String ID="string_85" HPOS="709" VPOS="480" WIDTH="129" HEIGHT="22" WC="0.92" CONTENT="föreskrifna"/><SP WIDTH="15" VPOS="480" HPOS="838"/>
							<String ID="string_86" HPOS="853" VPOS="480" WIDTH="30" HEIGHT="21" WC="0.96" CONTENT="tid"/>
						</TextLine>
						<TextLine ID="line_10" HPOS="132" VPOS="514" WIDTH="752" HEIGHT="22">
							<String ID="string_87" HPOS="132" VPOS="514" WIDTH="23" HEIGHT="21" WC="0.95" CONTENT="af"/><SP WIDTH="13" VPOS="514" HPOS="155"/>
							<String ID="string_88" HPOS="168" VPOS="516" WIDTH="28" HEIGHT="20" WC="0.95" CONTENT="30"/><SP WIDTH="16" VPOS="516" HPOS="196"/>
							<String ID="string_89" HPOS="212" VPOS="514" WIDTH="24" HEIGHT="22" WC="0.95" CONTENT="år"/><SP WIDTH="15" VPOS="514" HPOS="236"/>
							<String ID="string_90" HPOS="251" VPOS="516" WIDTH="57" HEIGHT="20" WC="0.96" CONTENT="samt"/><SP WIDTH="22" VPOS="516" HPOS="308"/>
							<String ID="string_91" HPOS="330" VPOS="515" WIDTH="56" HEIGHT="21" WC="0.93" CONTENT="färre"/><SP WIDTH="20" VPOS="515" HPOS="386"/>
							<String ID="string_92" HPOS="406" VPOS="514" WIDTH="212" HEIGHT="22" WC="0.92" CONTENT="folkskollärarinnor"/><SP WIDTH="22" VPOS="514" HPOS="618"/>
							<String ID="string_93" HPOS="640" VPOS="516" WIDTH="27" HEIGHT="20" WC="0.96" CONTENT="än"/><SP WIDTH="15" VPOS="516" HPOS="667"/>
							<String ID="string_94" HPOS="682" VPOS="515" WIDTH="71" HEIGHT="21" WC="0.93" CONTENT="lärare"/><SP WIDTH="23" VPOS="515" HPOS="753"/>
							<String ID="string_95" HPOS="776" VPOS="514" WIDTH="108" HEIGHT="22" WC="0.91" CONTENT="härintills"/>
						</TextLine>
						<TextLine ID="line_11" HPOS="131" VPOS="548" WIDTH="753" HEIGHT="29">
							<String ID="string_96" HPOS="131" VPOS="549" WIDTH="92" HEIGHT="26" WC="0.91" CONTENT="nödgats"/><SP WIDTH="22" VPOS="549" HPOS="223"/>
							<String ID="string_97" HPOS="245" VPOS="548" WIDTH="33" HEIGHT="22" WC="0.96" CONTENT="för"/><SP WIDTH="20" VPOS="548" HPOS="278"/>
							<String ID="string_98" HPOS="298" VPOS="549" WIDTH="82" HEIGHT="27" WC="0.96" CONTENT="obotlig"/><SP WIDTH="15" VPOS="549" HPOS="380"/>
							<String ID="string_99" HPOS="395" VPOS="549" WIDTH="97" HEIGHT="27" WC="0.95" CONTENT="sjukdom"/><SP WIDTH="16" VPOS="549" HPOS="492"/>
							<String ID="string_100" HPOS="508" VPOS="549" WIDTH="91" HEIGHT="28" WC="0.93" CONTENT="tidigare"/><SP WIDTH="16" VPOS="549" HPOS="599"/>
							<String ID="string_101" HPOS="615" VPOS="548" WIDTH="49" HEIGHT="28" WC="0.91" CONTENT="afgå"/><SP WIDTH="16" VPOS="548" HPOS="664"/>
							<String ID="string_102" HPOS="680" VPOS="548" WIDTH="39" HEIGHT="22" WC="0.96" CONTENT="och"/><SP WIDTH="15" VPOS="548" HPOS="719"/>
							<String ID="string_103" HPOS="734" VPOS="548" WIDTH="83" HEIGHT="22" WC="0.93" CONTENT="erhålla"/><SP WIDTH="15" VPOS="548" HPOS="817"/>
							<String ID="string_104" HPOS="832" VPOS="555" WIDTH="52" HEIGHT="20" WC="0.92" CONTENT="pen-"/>
						</TextLine>
						<TextLine ID="line_12" HPOS="132" VPOS="583" WIDTH="751" HEIGHT="28">
							<String ID="string_105" HPOS="132" VPOS="584" WIDTH="52" HEIGHT="27" WC="0.96" CONTENT="sion,"/><SP WIDTH="17" VPOS="584" HPOS="184"/>
							<String ID="string_106" HPOS="201" VPOS="584" WIDTH="67" HEIGHT="21" WC="0.96" CONTENT="ehuru"/><SP WIDTH="16" VPOS="584" HPOS="268"/>
							<String ID="string_107" HPOS="284" VPOS="584" WIDTH="80" HEIGHT="21" WC="0.96" CONTENT="antalet"/><SP WIDTH="17" VPOS="584" HPOS="364"/>
							<String ID="string_108" HPOS="381" VPOS="584" WIDTH="6" HEIGHT="22" WC="0.93" CONTENT="i"/><SP WIDTH="15" VPOS="584" HPOS="387"/>
							<String ID="string_109" HPOS="402" VPOS="585" WIDTH="66" HEIGHT="24" WC="0.91" CONTENT="tjenst"/><SP WIDTH="14" VPOS="585" HPOS="468"/>
							<String ID="string_110" HPOS="482" VPOS="584" WIDTH="96" HEIGHT="22" WC="0.95" CONTENT="varande"/><SP WIDTH="14" VPOS="584" HPOS="578"/>
							<String ID="string_111" HPOS="592" VPOS="584" WIDTH="120" HEIGHT="21" WC="0.95" CONTENT="lärarinnor"/><SP WIDTH="16" VPOS="584" HPOS="712"/>
							<String ID="string_112" HPOS="728" VPOS="585" WIDTH="23" HEIGHT="20" WC="0.93" CONTENT="är"/><SP WIDTH="10" VPOS="585" HPOS="751"/>
							<String ID="string_113" HPOS="761" VPOS="583" WIDTH="85" HEIGHT="28" WC="0.92" CONTENT="vidpass"/><SP WIDTH="12" VPOS="583" HPOS="846"/>
							<String ID="string_114" HPOS="858" VPOS="584" WIDTH="25" HEIGHT="20" WC="0.96" CONTENT="15"/>
						</TextLine>
						<TextLine ID="line_13" HPOS="131" VPOS="617" WIDTH="753" HEIGHT="29">
							<String ID="string_115" HPOS="131" VPOS="621" WIDTH="89" HEIGHT="25" WC="0.96" CONTENT="procent"/><SP WIDTH="15" VPOS="621" HPOS="220"/>
							<String ID="string_116" HPOS="235" VPOS="620" WIDTH="68" HEIGHT="20" WC="0.96" CONTENT="större"/><SP WIDTH="16" VPOS="620" HPOS="303"/>
							<String ID="string_117" HPOS="319" VPOS="620" WIDTH="27" HEIGHT="20" WC="0.96" CONTENT="än"/><SP WIDTH="16" VPOS="620" HPOS="346"/>
							<String ID="string_118" HPOS="362" VPOS="619" WIDTH="148" HEIGHT="22" WC="0.96" CONTENT="motsvarande"/><SP WIDTH="16" VPOS="619" HPOS="510"/>
							<String ID="string_119" HPOS="526" VPOS="619" WIDTH="60" HEIGHT="22" WC="0.96" CONTENT="antal"/><SP WIDTH="15" VPOS="619" HPOS="586"/>
							<String ID="string_120" HPOS="601" VPOS="619" WIDTH="76" HEIGHT="26" WC="0.96" CONTENT="lärare,"/><SP WIDTH="15" VPOS="619" HPOS="677"/>
							<String ID="string_121" HPOS="692" VPOS="618" WIDTH="41" HEIGHT="21" WC="0.96" CONTENT="har"/><SP WIDTH="15" VPOS="618" HPOS="733"/>
							<String ID="string_122" HPOS="748" VPOS="617" WIDTH="36" HEIGHT="22" WC="0.96" CONTENT="det"/><SP WIDTH="14" VPOS="617" HPOS="784"/>
							<String ID="string_123" HPOS="798" VPOS="618" WIDTH="7" HEIGHT="21" WC="0.93" CONTENT="i"/><SP WIDTH="16" VPOS="618" HPOS="805"/>
							<String ID="string_124" HPOS="821" VPOS="617" WIDTH="63" HEIGHT="22" WC="0.92" CONTENT="Stän-"/>
						</TextLine>
						<TextLine ID="line_14" HPOS="131" VPOS="652" WIDTH="752" HEIGHT="28">
							<String ID="string_125" HPOS="131" VPOS="653" WIDTH="79" HEIGHT="21" WC="0.92" CONTENT="dernas"/><SP WIDTH="22" VPOS="653" HPOS="210"/>
							<String ID="string_126" HPOS="232" VPOS="653" WIDTH="125" HEIGHT="22" WC="0.92" CONTENT="förberörda"/><SP WIDTH="24" VPOS="653" HPOS="357"/>
							<String ID="string_127" HPOS="381" VPOS="653" WIDTH="171" HEIGHT="22" WC="0.92" CONTENT="svarsskrifvelse"/><SP WIDTH="24" VPOS="653" HPOS="552"/>
							<String ID="string_128" HPOS="576" VPOS="653" WIDTH="119" HEIGHT="27" WC="0.96" CONTENT="åberopade"/><SP WIDTH="22" VPOS="653" HPOS="695"/>
							<String ID="string_129" HPOS="717" VPOS="652" WIDTH="47" HEIGHT="21" WC="0.96" CONTENT="skäl"/><SP WIDTH="23" VPOS="652" HPOS="764"/>
							<String ID="string_130" HPOS="787" VPOS="652" WIDTH="33" HEIGHT="21" WC="0.96" CONTENT="för"/><SP WIDTH="23" VPOS="652" HPOS="820"/>
							<String ID="string_131" HPOS="843" VPOS="652" WIDTH="40" HEIGHT="21" WC="0.96" CONTENT="den"/>
						</TextLine>
						<TextLine ID="line_15" HPOS="130" VPOS="686" WIDTH="754" HEIGHT="28">
							<String ID="string_132" HPOS="130" VPOS="687" WIDTH="127" HEIGHT="27" WC="0.96" CONTENT="ifrågasatta"/><SP WIDTH="22" VPOS="687" HPOS="257"/>
							<String ID="string_133" HPOS="279" VPOS="687" WIDTH="160" HEIGHT="27" WC="0.96" CONTENT="förkortningen"/><SP WIDTH="23" VPOS="687" HPOS="439"/>
							<String ID="string_134" HPOS="462" VPOS="687" WIDTH="24" HEIGHT="22" WC="0.96" CONTENT="af"/><SP WIDTH="17" VPOS="687" HPOS="486"/>
							<String ID="string_135" HPOS="503" VPOS="688" WIDTH="93" HEIGHT="21" WC="0.93" CONTENT="nämnda"/><SP WIDTH="14" VPOS="688" HPOS="596"/>
							<String ID="string_136" HPOS="610" VPOS="686" WIDTH="109" HEIGHT="28" WC="0.92" CONTENT="tjenstetid"/><SP WIDTH="15" VPOS="686" HPOS="719"/>
							<String ID="string_137" HPOS="734" VPOS="686" WIDTH="33" HEIGHT="21" WC="0.93" CONTENT="för"/><SP WIDTH="16" VPOS="686" HPOS="767"/>
							<String ID="string_138" HPOS="783" VPOS="686" WIDTH="101" HEIGHT="21" WC="0.90" CONTENT="folkskol-"/>
						</TextLine>
						<TextLine ID="line_16" HPOS="130" VPOS="720" WIDTH="754" HEIGHT="29">
							<String ID="string_139" HPOS="130" VPOS="721" WIDTH="120" HEIGHT="22" WC="0.95" CONTENT="lärarinnor"/><SP WIDTH="22" VPOS="721" HPOS="250"/>
							<String ID="string_140" HPOS="272" VPOS="721" WIDTH="46" HEIGHT="22" WC="0.96" CONTENT="icke"/><SP WIDTH="23" VPOS="721" HPOS="318"/>
							<String ID="string_141" HPOS="341" VPOS="724" WIDTH="59" HEIGHT="24" WC="0.91" CONTENT="synts"/><SP WIDTH="19" VPOS="724" HPOS="400"/>
							<String ID="string_142" HPOS="419" VPOS="728" WIDTH="39" HEIGHT="21" WC="0.91" CONTENT="ega"/><SP WIDTH="18" VPOS="728" HPOS="458"/>
							<String ID="string_143" HPOS="476" VPOS="721" WIDTH="39" HEIGHT="22" WC="0.95" CONTENT="full"/><SP WIDTH="14" VPOS="721" HPOS="515"/>
							<String ID="string_144" HPOS="529" VPOS="721" WIDTH="109" HEIGHT="28" WC="0.96" CONTENT="giltighet;"/><SP WIDTH="16" VPOS="721" HPOS="638"/>
							<String ID="string_145" HPOS="654" VPOS="721" WIDTH="6" HEIGHT="21" WC="0.96" CONTENT="i"/><SP WIDTH="17" VPOS="721" HPOS="660"/>
							<String ID="string_146" HPOS="677" VPOS="721" WIDTH="105" HEIGHT="21" WC="0.93" CONTENT="anseende"/><SP WIDTH="16" VPOS="721" HPOS="782"/>
							<String ID="string_147" HPOS="798" VPOS="720" WIDTH="86" HEIGHT="21" WC="0.92" CONTENT="hvartill"/>
						</TextLine>
						<TextLine ID="line_17" HPOS="130" VPOS="754" WIDTH="753" HEIGHT="29">
							<String ID="string_148" HPOS="130" VPOS="756" WIDTH="40" HEIGHT="21" WC="0.96" CONTENT="och"/><SP WIDTH="24" VPOS="756" HPOS="170"/>
							<String ID="string_149" HPOS="194" VPOS="757" WIDTH="51" HEIGHT="20" WC="0.96" CONTENT="enär"/><SP WIDTH="23" VPOS="757" HPOS="245"/>
							<String ID="string_150" HPOS="268" VPOS="755" WIDTH="57" HEIGHT="28" WC="0.96" CONTENT="dylik"/><SP WIDTH="16" VPOS="755" HPOS="325"/>
							<String ID="string_151" HPOS="341" VPOS="756" WIDTH="134" HEIGHT="27" WC="0.96" CONTENT="förkortning"/><SP WIDTH="14" VPOS="756" HPOS="475"/>
							<String ID="string_152" HPOS="489" VPOS="755" WIDTH="69" HEIGHT="22" WC="0.96" CONTENT="skulle"/><SP WIDTH="17" VPOS="755" HPOS="558"/>
							<String ID="string_153" HPOS="575" VPOS="755" WIDTH="85" HEIGHT="27" WC="0.96" CONTENT="påkalla"/><SP WIDTH="16" VPOS="755" HPOS="660"/>
							<String ID="string_154" HPOS="676" VPOS="761" WIDTH="25" HEIGHT="15" WC="0.96" CONTENT="en"/><SP WIDTH="15" VPOS="761" HPOS="701"/>
							<String ID="string_155" HPOS="716" VPOS="754" WIDTH="95" HEIGHT="27" WC="0.93" CONTENT="betydlig"/><SP WIDTH="15" VPOS="754" HPOS="811"/>
							<String ID="string_156" HPOS="826" VPOS="757" WIDTH="57" HEIGHT="24" WC="0.90" CONTENT="steg-"/>
						</TextLine>
						<TextLine ID="line_18" HPOS="130" VPOS="788" WIDTH="754" HEIGHT="29">
							<String ID="string_157" HPOS="130" VPOS="791" WIDTH="47" HEIGHT="26" WC="0.96" CONTENT="ring"/><SP WIDTH="16" VPOS="791" HPOS="177"/>
							<String ID="string_158" HPOS="193" VPOS="790" WIDTH="23" HEIGHT="21" WC="0.93" CONTENT="af"/><SP WIDTH="21" VPOS="790" HPOS="216"/>
							<String ID="string_159" HPOS="237" VPOS="789" WIDTH="147" HEIGHT="28" WC="0.91" CONTENT="statsutgiften"/><SP WIDTH="23" VPOS="789" HPOS="384"/>
							<String ID="string_160" HPOS="407" VPOS="790" WIDTH="32" HEIGHT="21" WC="0.97" CONTENT="för"/><SP WIDTH="22" VPOS="790" HPOS="439"/>
							<String ID="string_161" HPOS="461" VPOS="790" WIDTH="129" HEIGHT="25" WC="0.96" CONTENT="ändamålet,"/><SP WIDTH="18" VPOS="790" HPOS="590"/>
							<String ID="string_162" HPOS="608" VPOS="789" WIDTH="60" HEIGHT="21" WC="0.95" CONTENT="Hans"/><SP WIDTH="16" VPOS="789" HPOS="668"/>
							<String ID="string_163" HPOS="684" VPOS="789" WIDTH="120" HEIGHT="27" WC="0.93" CONTENT="Kejserliga"/><SP WIDTH="14" VPOS="789" HPOS="804"/>
							<String ID="string_164" HPOS="818" VPOS="788" WIDTH="66" HEIGHT="27" WC="0.92" CONTENT="Maje-"/>
						</TextLine>
						<TextLine ID="line_19" HPOS="131" VPOS="823" WIDTH="751" HEIGHT="28">
							<String ID="string_165" HPOS="131" VPOS="827" WIDTH="43" HEIGHT="19" WC="0.92" CONTENT="stät"/><SP WIDTH="22" VPOS="827" HPOS="174"/>
							<String ID="string_166" HPOS="196" VPOS="825" WIDTH="19" HEIGHT="26" WC="0.96" CONTENT="ej"/><SP WIDTH="22" VPOS="825" HPOS="215"/>
							<String ID="string_167" HPOS="237" VPOS="825" WIDTH="57" HEIGHT="21" WC="0.96" CONTENT="velat"/><SP WIDTH="22" VPOS="825" HPOS="294"/>
							<String ID="string_168" HPOS="316" VPOS="824" WIDTH="34" HEIGHT="22" WC="0.96" CONTENT="för"/><SP WIDTH="22" VPOS="824" HPOS="350"/>
							<String ID="string_169" HPOS="372" VPOS="824" WIDTH="133" HEIGHT="22" WC="0.94" CONTENT="närvarande"/><SP WIDTH="22" VPOS="824" HPOS="505"/>
							<String ID="string_170" HPOS="527" VPOS="823" WIDTH="79" HEIGHT="22" WC="0.96" CONTENT="föreslå"/><SP WIDTH="22" VPOS="823" HPOS="606"/>
							<String ID="string_171" HPOS="628" VPOS="824" WIDTH="70" HEIGHT="26" WC="0.95" CONTENT="någon"/><SP WIDTH="23" VPOS="824" HPOS="698"/>
							<String ID="string_172" HPOS="721" VPOS="823" WIDTH="77" HEIGHT="27" WC="0.96" CONTENT="åtgärd"/><SP WIDTH="23" VPOS="823" HPOS="798"/>
							<String ID="string_173" HPOS="821" VPOS="823" WIDTH="7" HEIGHT="21" WC="0.93" CONTENT="i"/><SP WIDTH="18" VPOS="823" HPOS="828"/>
							<String ID="string_174" HPOS="846" VPOS="829" WIDTH="36" HEIGHT="14" WC="0.92" CONTENT="an-"/>
						</TextLine>
						<TextLine ID="line_20" HPOS="130" VPOS="859" WIDTH="125" HEIGHT="27">
							<String ID="string_175" HPOS="130" VPOS="859" WIDTH="47" HEIGHT="27" WC="0.93" CONTENT="tydt"/><SP WIDTH="16" VPOS="859" HPOS="177"/>
							<String ID="string_176" HPOS="193" VPOS="859" WIDTH="62" HEIGHT="27" WC="0.96" CONTENT="syfte."/>
						</TextLine>
					</TextBlock>
				</ComposedBlock>
				<ComposedBlock ID="cblock_2" HPOS="340" VPOS="925" WIDTH="542" HEIGHT="64">
					<TextBlock ID="block_3" HPOS="340" VPOS="925" WIDTH="542" HEIGHT="64">
						<TextLine ID="line_21" HPOS="406" VPOS="925" WIDTH="476" HEIGHT="29">
							<String ID="string_177" HPOS="406" VPOS="928" WIDTH="10" HEIGHT="21" WC="0.93" CONTENT="I"/><SP WIDTH="13" VPOS="928" HPOS="416"/>
							<String ID="string_178" HPOS="429" VPOS="927" WIDTH="73" HEIGHT="22" WC="0.92" CONTENT="Nåder"/><SP WIDTH="15" VPOS="927" HPOS="502"/>
							<String ID="string_179" HPOS="517" VPOS="927" WIDTH="101" HEIGHT="27" WC="0.96" CONTENT="godkänd"/><SP WIDTH="14" VPOS="927" HPOS="618"/>
							<String ID="string_180" HPOS="632" VPOS="927" WIDTH="8" HEIGHT="21" WC="0.96" CONTENT="i"/><SP WIDTH="14" VPOS="927" HPOS="640"/>
							<String ID="string_181" HPOS="654" VPOS="926" WIDTH="32" HEIGHT="22" WC="0.95" CONTENT="S:t"/><SP WIDTH="14" VPOS="926" HPOS="686"/>
							<String ID="string_182" HPOS="700" VPOS="926" WIDTH="133" HEIGHT="27" WC="0.96" CONTENT="Petersburg"/><SP WIDTH="9" VPOS="926" HPOS="833"/>
							<String ID="string_183" HPOS="842" VPOS="925" WIDTH="40" HEIGHT="21" WC="0.96" CONTENT="den"/>
						</TextLine>
						<TextLine ID="line_22" HPOS="340" VPOS="968" WIDTH="222" HEIGHT="21">
							<String ID="string_184" HPOS="340" VPOS="969" WIDTH="24" HEIGHT="20" WC="0.96" CONTENT="12"/><SP WIDTH="17" VPOS="969" HPOS="364"/>
							<String ID="string_185" HPOS="381" VPOS="968" WIDTH="103" HEIGHT="21" WC="0.96" CONTENT="Februari"/><SP WIDTH="18" VPOS="968" HPOS="484"/>
							<String ID="string_186" HPOS="502" VPOS="968" WIDTH="60" HEIGHT="21" WC="0.96" CONTENT="1894."/>
						</TextLine>
					</TextBlock>
				</ComposedBlock>
				<ComposedBlock ID="cblock_3" HPOS="311" VPOS="1097" WIDTH="499" HEIGHT="22">
					<TextBlock ID="block_4" HPOS="311" VPOS="1097" WIDTH="499" HEIGHT="22">
						<TextLine ID="line_23" HPOS="311" VPOS="1097" WIDTH="499" HEIGHT="22">
							<String ID="string_187" HPOS="311" VPOS="1098" WIDTH="289" HEIGHT="21" WC="0.92" CONTENT="Ministerstatssekreterare"/><SP WIDTH="15" VPOS="1098" HPOS="600"/>
							<String ID="string_188" HPOS="615" VPOS="1098" WIDTH="27" HEIGHT="21" WC="0.92" CONTENT="W."/><SP WIDTH="15" VPOS="1098" HPOS="642"/>
							<String ID="string_189" HPOS="657" VPOS="1102" WIDTH="37" HEIGHT="16" WC="0.92" CONTENT="von"/><SP WIDTH="36" VPOS="1102" HPOS="694"/>
							<String ID="string_190" HPOS="730" VPOS="1097" WIDTH="80" HEIGHT="21" WC="0.89" CONTENT="DAEHN."/>
						</TextLine>
					</TextBlock>
				</ComposedBlock>
				<GraphicalElement ID="cblock_4" HPOS="1118" VPOS="1016" WIDTH="5" HEIGHT="454"></GraphicalElement >
				<GraphicalElement ID="cblock_5" HPOS="1114" VPOS="1016" WIDTH="9" HEIGHT="759"></GraphicalElement >
			</PrintSpace>
		</Page>
	</Layout>
</alto>
