1111 1792
325 160 75 22 Ständ.
415 160 34 22 Sv.
477 158 13 18 —
509 161 63 28 Prop.
586 161 38 23 N:o
639 160 34 22 23.
820 163 24 19 15

125 224 66 28 mäla,
207 226 35 20 att
252 224 129 22 Ständerna
395 224 96 30 uppfört
501 225 151 22 omförmälda
661 225 81 28 anslag
752 232 37 14 om
799 228 75 24 10,000

124 258 64 21 mark
204 258 14 21 å
232 258 265 30 bevillningsbudgeten.

193 293 81 21 Säsom
293 293 130 28 disponibel
439 294 99 28 tillgäng
553 294 35 22 för
602 293 159 22 bestridandet
775 293 27 21 af
814 293 58 21 före-

125 326 93 22 stäende
233 327 98 29 utgifter
346 328 41 22 har
401 327 82 23 främst
498 327 143 23 observerats
656 327 42 22 här
712 326 71 23 ofvan
793 328 80 20 beräk-

123 361 59 21 nade
197 361 136 29 behållning
347 362 9 21 i
370 362 233 28 bevillningsmedlen
618 362 40 22 vid
670 361 156 22 innevarande
836 362 38 21 års

123 396 89 28 utgång
231 399 59 19 samt
310 396 79 22 vidare
410 397 182 22 militiefondens
608 397 115 21 ordinarie
738 396 134 28 inkomster,

123 430 148 29 kalkylerade
286 431 36 22 för
337 431 52 22 hela
403 431 109 29 perioden
528 432 36 22 till
580 432 115 27 6,135,000
705 431 70 25 mark,
786 431 39 21 det
835 430 37 22 be-

122 465 55 29 lopp
188 465 25 22 af
221 467 113 27 2,000,000
344 466 64 22 mark
418 466 89 29 årligen
518 466 55 22 eller
583 465 169 29 sammanlagdt
759 466 115 27 6,000,000

122 500 71 28 mark,
209 507 49 15 som
274 501 75 28 enligt
362 500 73 22 Eders
450 501 131 29 Kejserliga
595 501 121 28 Majestäts
731 500 85 28 nådiga
826 500 45 22 för-

123 534 116 23 ordnande
266 535 59 22 skall
352 536 51 22 från
429 536 116 22 allmänna
568 535 146 23 statsfonden
738 534 134 28 öfverföras,

122 568 119 24 äfvensom
259 570 44 22 den
319 570 67 22 andel
400 571 9 21 i
424 570 203 23 bränvinsskatten
643 570 26 22 af
681 570 93 26 660,000
788 570 83 21 mark
856 564 18 38 i

121 604 48 22 året
187 604 57 22 eller
258 606 112 27 1,980,000
385 605 65 22 mark
464 605 37 22 för
515 608 35 19 tre
565 606 31 26 år,
613 612 49 14 som
678 604 116 22 härintills
811 604 61 21 varit

121 639 140 21 statsverket
282 639 143 22 förbehållen
446 640 73 22 såsom
541 640 129 27 ersättning
692 638 36 23 för
750 638 39 22 det
809 638 63 22 förra

120 672 351 30 bränvinsbränningsarrendet,
494 682 53 14 men
570 681 49 15 som
642 673 74 22 Eders
737 673 133 29 Kejserliga

119 708 109 28 Majestät
249 709 76 21 täckts
344 709 75 22 tillåta
433 709 56 29 ingå
503 709 9 21 i
528 708 235 29 bevillningsfonden.
793 707 77 22 Bland

120 742 76 22 denna
210 742 68 22 fonds
293 743 128 22 inkomster
433 746 114 26 upptagas
557 742 79 23 vidare
646 742 128 28 inflytande
784 744 86 25 räntor,

119 777 93 23 hvilkas
232 777 83 30 belopp
334 778 73 22 under
426 778 52 22 hela
492 777 186 30 finansperioden
693 777 124 21 beräknats
832 776 37 22 till

121 813 91 27 100,000
226 813 72 21 mark.

186 847 148 22 Beträffande
350 848 27 21 de
393 847 113 23 särskilda
519 848 87 21 skatter
617 846 25 22 af
650 846 219 28 bevillningsnatur,

119 888 49 15 som
189 882 37 21 för
248 882 141 22 närvarande
411 882 119 29 uppbäras,
555 882 69 21 hafva
646 880 129 23 Ständerna
789 880 81 21 funnit

119 915 115 23 desamma
256 916 74 22 under
351 917 53 22 åren
426 917 139 22 1895—1897
581 916 52 21 icke
648 916 80 21 kunna
742 914 125 25 undvaras;

119 951 42 21 och
184 951 41 22 har
246 951 132 22 inkomsten
398 951 25 22 af
439 951 161 28 bevillningen
616 951 13 20 å
644 949 161 28 maltdrycker,
828 952 39 17 nä-

117 985 226 29 ringsbevillningen
366 986 42 22 och
430 986 159 28 bevillningen
614 985 14 22 &
645 985 104 28 spelkort
764 983 25 22 af
803 983 66 22 Stän-

117 1019 71 22 derna
210 1020 122 22 beräknats
355 1021 37 21 till
412 1028 58 21 resp.
493 1021 123 28 2,280,000,
640 1021 78 25 20,000
732 1018 43 23 och
790 1019 79 26 45,000

117 1055 71 22 mark,
228 1055 267 29 Stämpelbevillningen,
522 1063 48 14 som
596 1054 75 28 enligt
700 1061 32 14 nu
761 1052 106 29 gällande

117 1089 101 28 grunder
232 1089 123 22 beräknats
370 1090 74 21 under
457 1089 158 22 instundande
625 1087 156 29 finansperiod
792 1087 76 21 lemna

117 1131 28 14 en
161 1124 103 21 inkomst
279 1124 25 21 af
318 1125 112 27 3,495,000
439 1124 71 27 mark,
527 1125 46 26 har,
589 1124 29 28 på
629 1125 47 19 sätt
685 1125 104 18 närmare
799 1121 69 21 fram-

117 1159 41 27 går
179 1158 26 22 af
223 1159 140 22 Ständernas
378 1159 158 28 underdåniga
551 1166 53 14 svar
619 1158 13 21 å
647 1157 72 22 Eders
735 1155 133 29 Kejserliga

116 1193 120 28 Majestäts
251 1193 85 29 nådiga
350 1193 143 29 proposition
509 1193 119 29 angående
645 1192 75 21 denna
729 1190 137 27 bevillning,

115 1227 100 29 förhöjts
237 1228 25 21 så
284 1230 34 19 att
332 1228 133 29 derigenom
479 1228 93 22 utöfver
588 1227 39 22 det
642 1224 171 23 ofvannämnda
828 1224 38 21 be-

115 1261 80 30 loppet
210 1262 97 22 erhålles
329 1264 34 20 ett
383 1263 70 28 årligt
467 1263 102 21 tillskott
584 1261 26 22 af
623 1262 92 26 400,000
730 1259 64 22 mark
810 1259 57 21 eller

117 1298 113 26 1,200,000
252 1297 64 22 mark
338 1297 37 22 för
396 1297 183 29 finansperioden
600 1296 146 22 1895—1897.
777 1294 89 21 Genom

116 1330 75 22 denna
214 1331 136 29 förhöjning
374 1332 90 21 komme
488 1330 259 30 stämpelbevillningen
771 1327 95 22 sålunda

116 1367 34 20 att
165 1365 73 22 under
253 1365 71 30 sagda
338 1366 79 29 period
430 1366 109 29 inbringa
553 1366 113 27 4,695,000
681 1363 72 22 mark,

183 1401 11 20 I
210 1400 103 27 enlighet
328 1400 93 22 härmed
435 1401 42 21 har
491 1400 103 29 följande
604 1399 129 27 beräkning
743 1397 121 28 uppgjorts

116 1432 65 23 öfver
