1123 1781
325 175 98 55 niele
439 199 26 20 af
478 198 114 22 revisorer
607 178 60 46 sata
681 198 65 21 tiden
761 197 36 22 för
812 192 133 54 bokslutets
957 202 57 38 upp:

266 229 102 32 görande
384 232 43 23 och
441 232 144 22 revisionens
600 232 181 26 verkställande;

335 267 40 21 det
396 266 76 29 lägsta
495 266 90 30 belopp,
610 274 49 15 som
674 266 9 21 i
698 262 146 33 sparbanken
859 265 37 21 mä
910 235 105 61 fast,

265 301 43 22 och
338 301 40 21 det.
406 301 84 29 högsta
512 300 230 30 'tillgodohafvande,
758 300 73 22 hvarä
853 301 66 19 ränta
935 299 39 27 för
987 305 28 26 en

245 341 1 3 *
265 336 111 21 insättäre
392 336 135 28 godtgöres;

335 372 72 20 sättet
425 370 36 22 för
477 370 87 23 besluts
578 369 107 23 fattande
701 370 43 22 och
759 350 148 52 kungörande
929 368 4 4 i
927 376 9 13 i
946 343 71 59 fråga
1042 385 3 2 a

266 408 37 18 omi
318 405 35 22 in-
368 405 43 22 och
426 401 187 47 utläningsräntan
629 413 11 31 ;
1022 429 12 6 a

335 439 44 22 den
394 439 36 22 tid
445 440 59 21 efter
515 440 151 29 uppsägning
681 439 30 21 då
725 438 146 30 sparbanken
887 440 25 18 är
922 424 95 42 skyldig

250 472 4 4 *
267 473 138 27 återbetala.
417 474 88 22 insatta.
526 474 82 28 medel,
624 473 101 23 börande
741 474 72 21 sådan
828 473 34 21 tid
879 472 137 22 bestämmas

265 508 9 21 i
290 508 147 29 förhållande
458 509 37 21 till
510 492 118 38 stofleken
644 509 25 21 af
683 508 39 22 det
737 508 90 28 belopp,
843 514 48 15 som
907 506 59 22 skall
981 507 36 21 ut-

265 544 74 28 tagas,
369 543 60 22 dock
451 546 32 19 att
505 544 215 28 uppsägningstiden
741 542 52 22 icke
811 542 8 21 i
835 542 72 28 något
921 540 42 22 fall
978 540 37 22 må

265 578 130 28 understiga
410 585 29 14 en
455 573 82 32 vecka;

335 614 70 19 sättet
420 612 36 21 för
471 613 150 28 uppsägning
636 613 50 20 från
703 612 158 28 sparbankens
877 610 50 22 sida
943 610 26 21 af
980 610 34 29 in-

265 647 62 20 satta
341 646 86 29 medel;

333 673 80 29 förvar
436 681 43 21 och
498 681 150 34 inventering
677 681 23 21 af
722 680 70 22 kassa
815 679 42 22 och
872 678 144 41 värdehand-

265 715 85 29 lingar;
367 715 118 22 äfvensom
989 725 10 11 A,
1032 731 8 14 E

335 751 71 21 sättet
427 751 38 20 för
486 750 105 22 fattande
614 750 26 21 af
661 749 76 22 beslut
763 756 36 15 om
815 743 100 34 ändring
930 748 8 21 i
954 735 65 34 städ!

265 791 73 22 garna
353 784 44 21 och
413 792 36 15 om
465 785 157 28 sparbankens
638 785 149 28 upplösning.

578 865 3 1 -
606 850 63 26 298.

336 894 122 29 Sparbank
480 891 142 32 underlyder
643 895 9 22 i
673 895 54 28 mål,
750 894 36 22 för
801 894 80 23 hvilka
897 894 20 29 ej
933 900 82 15 annor-

244 959 2 2 *
265 928 71 22 lunda
350 930 8 21 i
374 929 39 28 lag
428 929 100 29 stadgas,
545 930 85 21 allmän
645 929 121 22 underrätt
781 929 8 21 i
800 929 44 21 den
853 931 44 25 ort,
906 928 38 22 der
954 928 60 28 spar-

265 963 104 23 bankens
385 964 97 29 styrelse
497 964 42 22 har
554 965 42 21 sitt
611 966 55 20 säte.

386 1056 4 1 |
604 1029 30 22 30
649 1029 20 27 8.

319 1070 2 4 *
335 1073 113 28 Vidtager
477 1074 256 31 penningeinrättning,
763 1074 96 25 hvilken
886 1077 25 18 är
932 1073 83 24 under-

265 1107 83 22 kastad
363 1105 206 32 bestämningarna
584 1109 7 21 i
602 1108 77 23 denna
688 1109 146 28 förordning;
843 1108 53 22 med
904 1108 36 21 sin
948 1107 65 23 verk-

246 1143 5 3 *
265 1142 96 28 samhet,
383 1143 73 20 innan
478 1143 150 22 fastställelse
647 1144 13 20 å
675 1143 125 29 stadgarna
808 1143 98 29 jemlikt
921 1144 14 21 3
950 1145 13 25 &
978 1144 35 19 ut-

264 1173 99 31 verkats,
387 1177 81 21 stånde
482 1178 49 27 den,
546 1181 49 18 som
611 1177 129 22 emellertid
756 1179 13 20 å
784 1177 72 22 sådan
870 1177 143 28 inrättnings

264 1213 89 26 vägnar
367 1211 68 28 ingår
449 1211 150 29 förbindelse,
616 1211 79 22 derför
710 1212 8 21 i
733 1212 150 27 ansvarighet
897 1212 74 21 såsom
977 1212 37 27 för

265 1252 53 25 egen
341 1246 74 26 skuld;
437 1248 40 19 äro
500 1247 25 21 de
533 1242 65 55 Here,
612 1254 64 15 svare
691 1248 26 21 de
731 1247 75 28 derför
821 1254 28 15 en
863 1247 37 28 för
914 1247 46 21 alla
975 1245 39 22 och

264 1275 61 50 alla
315 1279 47 39 för
375 1287 34 14 en.

605 1327 64 26 31
645 1310 27 47 8.

318 1349 97 49 "Denna
429 1369 137 30 förordning
580 1371 99 21 träder
668 1365 16 39 i
696 1371 109 42 gällande
821 1371 72 22 kraft.
897 1353 46 40 den

367 1406 61 19 samt
449 1411 54 21 eger
527 1404 151 35 tillämpning
689 1405 92 32 jemväl
792 1406 14 21 å
820 1404 71 24 redan
907 1406 108 29 befintlig

264 1431 135 36 inrättning,
421 1438 97 23 hvilken
543 1436 92 38 drifver
651 1440 86 23 rörelse
753 1435 28 27 af
791 1442 44 22 den
851 1442 8 21 i
876 1444 9 20 1
903 1443 14 27 8
932 1442 83 22 omför-

328 1488 59 24 "Lag-
400 1489 33 18 och
445 1489 181 25 Ekonomimtskottets
640 1488 112 21 betänkande
765 1492 36 19 No
815 1491 22 21 8.
