1084 1750
434 124 28 22 U.
477 124 28 22 B.
522 136 25 3 —
563 124 73 26 Prop.
652 124 43 21 N:o
710 123 35 22 15.

419 186 64 22 mark
498 186 8 21 i
521 186 120 26 mänaden,
663 185 96 22 hvilken
781 185 70 29 afgift
871 187 93 27 utgöres

418 220 37 21 för
469 219 45 22 full
529 220 88 26 mänad,
632 219 101 22 änskönt
742 219 47 22 han
799 219 82 22 endast
891 219 73 21 under

418 254 78 28 nägon
518 253 37 22 del
578 253 67 22 deraf
662 253 52 22 med
728 253 237 29 handelsangelägen-

418 288 66 22 heter
498 288 37 29 sig
550 287 118 23 härstädes
684 289 153 27 sysselsätter.

486 323 123 21 Likaledes
643 323 60 21 skall
737 323 228 28 näringsbevillning

419 357 105 28 erläggas
539 357 26 22 af
577 357 130 28 utländing,
717 365 49 14 som
776 357 52 22 med
843 357 121 22 vederbör-

418 391 46 29 ligt
485 392 113 27 tillständ,
622 394 48 19 mot
689 392 76 29 afgift,
783 392 37 22 för
835 400 59 21 egen
909 392 56 22 eller

419 434 87 14 annans
522 427 100 28 räkning
637 427 111 28 antingen
764 435 79 14 ensam
851 427 56 22 eller
914 427 52 21 med

418 461 82 22 andras
516 461 89 22 biträde
620 465 67 18 ärnar
697 461 65 29 gifva
773 461 192 23 cirkusföreställ-

418 496 90 29 ningar,
524 496 98 29 uppföra
633 496 127 29 skådespel,
769 497 62 22 hålla
841 497 122 28 offentliga

418 531 114 28 föredrag,
541 531 100 22 anställa
655 531 95 22 konsert
765 531 56 22 eller
828 539 76 14 annan
916 539 49 14 mu-

419 565 97 22 sikalisk
531 565 158 29 tillställning,
709 566 128 30 ombesörja
851 566 114 22 karusell-

419 600 94 28 åkning,
535 600 101 22 förevisa
656 600 157 30 lindansning,
830 601 135 22 mekaniska

419 635 56 20 eller
490 635 71 21 andra
575 635 101 28 konster,
693 635 162 27 kosmoramor,
869 643 96 21 panora-

419 676 49 15 mor
483 669 42 22 och
541 669 71 22 andra
622 669 92 28 optiska
725 670 174 29 konststycken,
910 678 55 14 vax-

419 703 112 28 kabinett,
554 704 125 28 samlingar
699 704 26 22 af
742 704 53 29 djur
810 712 28 15 m.
856 713 27 14 m.
908 706 57 22 eller

417 738 55 22 idka
489 739 202 28 positivspelning,
715 739 43 22 och
779 742 94 27 utgöres
889 740 75 22 denna

416 773 140 28 bevillning:
573 773 26 22 af
611 773 236 23 cirkusföreständare
858 775 53 21 med
921 777 43 19 tre-

417 807 90 22 hundra
529 808 71 27 mark,
623 807 26 22 af
669 809 176 28 positivspelare
864 809 52 22 med
931 809 33 21 tio

417 841 145 22 markochaf
568 841 75 29 öfriga
651 843 8 20 i
667 843 64 22 detta
738 847 102 18 moment
848 847 117 18 omnämn-

417 875 29 22 da
461 883 110 21 personer
585 877 52 21 med
652 877 85 28 fyratio
753 878 64 21 mark
829 879 7 20 i
844 879 120 27 mänaden,

417 911 81 21 hvilka
508 911 95 28 afgifter
611 911 65 22 skola
686 912 37 21 till
733 912 56 21 fullt
799 912 83 29 belopp
897 915 68 26 utgö-

416 953 44 19 ras,
476 945 69 22 äfven
561 953 37 14 om
613 946 112 21 vistelsen
740 947 8 21 i
763 947 79 21 landet
857 947 51 22 icke
917 954 46 15 om-

417 979 71 22 fattar
503 980 37 21 hel
556 980 89 23 mänad.

485 1015 62 21 Frän
569 1015 140 28 erläggande
728 1015 26 22 af
769 1015 146 22 förestäende
931 1016 33 22 af-

416 1049 72 30 gifter
503 1053 38 18 äro
558 1049 59 22 dock
633 1049 122 22 frikallade
770 1051 136 21 undersätar
916 1051 8 21 i
936 1051 28 22 de

417 1086 77 26 stater,
510 1084 52 21 med
573 1084 80 22 hvilka
663 1085 210 21 handelstraktater
885 1085 79 22 blifvit

417 1118 114 22 afslutade
547 1126 37 14 om
599 1118 156 29 likställighet
774 1119 51 21 med
841 1120 122 22 inhemska

416 1152 176 29 näringsidkare
610 1152 9 22 i
637 1152 108 23 afseende
764 1154 13 21 ä
798 1154 107 21 vilkoren
927 1154 36 22 för

417 1187 151 21 bedrifvande
583 1187 26 21 af
622 1187 84 22 handel
721 1187 44 22 och
779 1189 90 28 näring,
885 1188 78 22 äfven-

417 1228 48 15 som
480 1221 156 28 utländingar,
648 1221 85 28 hvilka,
742 1222 74 28 enligt
831 1224 12 26 $
859 1225 25 20 12
901 1224 7 20 i
924 1223 39 22 nä-

416 1255 55 29 diga
492 1255 167 29 förordningen
679 1256 26 21 af
724 1257 45 21 den
787 1260 23 19 31
827 1257 62 22 Mars
908 1261 53 19 1879

417 1297 37 13 om
468 1291 145 27 näringarne,
629 1291 85 20 vunnit
728 1291 106 21 tillständ
845 1292 53 20 atti
909 1292 54 21 Fin-

415 1323 54 21 land
484 1323 56 21 idka
555 1323 153 28 näringsyrke
723 1324 56 21 eller
799 1325 29 28 pä
847 1325 77 28 grund
939 1325 26 22 af

415 1357 107 29 gällande
545 1357 280 31 bevillningsförordning
851 1360 112 29 möjligen

415 1392 80 22 blifvit
503 1393 40 21 vid
551 1393 192 29 nästföregäende
751 1395 107 28 taxering
867 1395 95 29 päförda

414 1427 242 29 inkomstbevillning.

279 1467 216 23 Bevillningsutskottets
508 1468 115 19 betänkande
636 1470 35 17 N:o
683 1470 17 17 2.
