1120 1781
433 152 81 22 Ständ.
530 152 38 22 Sv.
587 166 25 2 —
628 152 71 27 Prop.
715 152 42 22 N:o
774 152 36 22 10.

520 212 80 34 Öfriga
608 217 137 23 hithörande
753 217 107 29 ärenden,
872 225 37 14 om
917 217 80 23 hvilka

451 252 52 22 icke
520 253 69 21 ofvan
604 256 25 18 är
643 252 144 22 annorlunda
803 252 113 29 stadgadt,
935 252 63 29 afgö-

452 294 36 14 ras
504 287 26 21 af
542 287 171 22 vederbörande
729 286 126 29 Guvernör,
879 287 69 22 hvars
963 289 36 19 ut-

452 322 50 28 slag
524 321 81 22 länder
627 322 37 21 till
686 321 154 22 efterrättelse
862 322 65 21 intill
946 322 51 21 dess

452 356 99 29 ändring
566 356 49 22 deri
629 356 95 22 vunnits
739 362 85 22 genom
838 356 88 28 besvär,
950 363 49 15 som

452 391 79 22 kunna
552 391 8 22 i
582 390 79 29 vanlig
681 390 100 30 ordning
796 391 91 22 anföras
902 391 42 22 hos
960 390 39 22 Se-

452 428 82 20 natens
549 425 294 29 Ekonomiedepartement.

701 502 25 21 13
741 502 20 27 8.

521 559 90 29 Utdrag
633 560 26 21 af
679 560 75 21 denna
769 559 143 29 förordning,
936 560 64 21 inne-

453 594 105 22 fattande
582 594 28 22 de
634 594 126 28 vigtigaste
787 594 133 29 paragrafer
944 594 55 28 deri,

454 629 65 22 skola
534 628 104 29 ständigt
652 628 82 28 finnas,
753 628 9 22 i
777 628 92 29 tryckta
884 629 116 28 exemplar

453 663 30 29 på
496 663 76 22 finska
587 663 43 22 och
645 663 100 22 svenska
759 663 105 29 språken,
884 664 31 28 på
928 663 73 29 lämp-

453 699 49 28 liga
516 698 84 22 ställen
614 698 63 22 inom
692 698 134 29 bryggeriet
841 698 117 29 anslagna.

700 774 27 21 14
741 775 20 26 8.

522 824 22 29 Å
572 831 111 22 Senatens
712 831 290 29 Ekonomiedepartement

455 867 134 20 ankommer
612 867 33 20 att
660 865 104 22 meddela
779 865 28 22 de
822 869 106 18 närmare
942 865 59 22 före-

455 900 102 28 skrifter,
581 907 49 15 som
651 901 9 20 i
679 900 107 22 afseende
801 901 14 20 å
828 900 173 29 bevillningens

455 934 107 29 uppbörd
577 935 43 21 och
635 935 136 28 debitering,
788 935 132 22 kontrollen
936 934 65 22 öfver

455 969 184 29 tillverkningen
661 969 25 22 af
707 969 156 29 maltdrycker
886 972 59 19 samt
965 969 37 22 för

456 1003 178 30 tillämpningen
656 1003 26 22 af
701 1004 75 21 denna
793 1003 138 30 förordning
945 1005 9 21 i
969 1004 34 21 öf-

455 1039 48 28 rigt
518 1039 104 21 befinnas
638 1038 156 29 erforderliga.

702 1114 26 21 15
743 1115 20 26 8.

524 1171 82 22 Denna
635 1171 136 29 förordning
800 1171 60 22 skall
886 1171 116 29 tillämpas

456 1206 52 21 från
530 1206 45 21 den
599 1208 10 19 1
633 1205 97 22 Januari
751 1207 54 22 1895
821 1206 43 22 och
878 1205 73 30 gäller
966 1205 37 23 till

457 1241 119 28 utgången
591 1241 25 21 af
628 1241 25 21 år
669 1241 60 22 1897.

320 1317 111 22 Finlands
447 1317 97 20 Ständer
558 1317 130 20 framhärda
703 1319 41 18 etc.

321 1379 154 29 Helsingfors,
492 1379 45 21 den
553 1380 11 20 1
580 1378 58 22 Juni
653 1379 62 22 1894.

382 1479 100 16 Helsingfors,
493 1478 56 14 Finska
559 1478 83 14 Litteratur
651 1478 93 18 Sällskapets
754 1478 71 18 tryckeri,
835 1478 39 15 1894,
