<?xml version="1.0" encoding="UTF-8"?>
<alto xmlns="http://www.loc.gov/standards/alto/ns-v3#" xmlns:xlink="http://www.w3.org/1999/xlink" xmlns:xsi="http://www.w3.org/2001/XMLSchema-instance" xsi:schemaLocation="http://www.loc.gov/standards/alto/ns-v3# http://www.loc.gov/alto/v3/alto-3-0.xsd">
	<Description>
		<MeasurementUnit>pixel</MeasurementUnit>
		<sourceImageInformation>
			<fileName>/tmp/tess_9trxz3rp_input.PNG</fileName>
		</sourceImageInformation>
		<OCRProcessing ID="OCR_0">
			<ocrProcessingStep>
				<processingSoftware>
					<softwareName>tesseract 5.3.4</softwareName>
				</processingSoftware>
			</ocrProcessingStep>
		</OCRProcessing>
	</Description>
	<Layout>
		<Page WIDTH="1123" HEIGHT="1781" PHYSICAL_IMG_NR="0" ID="page_0">
			<PrintSpace HPOS="0" VPOS="0" WIDTH="1123" HEIGHT="1781">
				<ComposedBlock ID="cblock_0" HPOS="355" VPOS="150" WIDTH="316" HEIGHT="29">
					<TextBlock ID="block_0" HPOS="355" VPOS="150" WIDTH="316" HEIGHT="29">
						<TextLine ID="line_0" HPOS="355" VPOS="150" WIDTH="316" HEIGHT="29">
							<String ID="string_0" HPOS="355" VPOS="150" WIDTH="28" HEIGHT="22" WC="0.90" CONTENT="U."/><SP WIDTH="16" VPOS="150" HPOS="383"/>
							<String ID="string_1" HPOS="399" VPOS="150" WIDTH="28" HEIGHT="23" WC="0.90" CONTENT="B."/><SP WIDTH="16" VPOS="150" HPOS="427"/>
							<String ID="string_2" HPOS="443" VPOS="164" WIDTH="26" HEIGHT="3" WC="0.90" CONTENT="—"/><SP WIDTH="16" VPOS="164" HPOS="469"/>
							<String ID="string_3" HPOS="485" VPOS="150" WIDTH="74" HEIGHT="29" WC="0.96" CONTENT="Prop."/><SP WIDTH="16" VPOS="150" HPOS="559"/>
							<String ID="string_4" HPOS="575" VPOS="151" WIDTH="45" HEIGHT="23" WC="0.96" CONTENT="N:o"/><SP WIDTH="15" VPOS="151" HPOS="620"/>
							<String ID="string_5" HPOS="635" VPOS="151" WIDTH="36" HEIGHT="22" WC="0.95" CONTENT="14."/>
						</TextLine>
					</TextBlock>
				</ComposedBlock>
				<ComposedBlock ID="cblock_1" HPOS="449" VPOS="453" WIDTH="133" HEIGHT="29">
					<TextBlock ID="block_1" HPOS="449" VPOS="453" WIDTH="133" HEIGHT="29">
						<TextLine ID="line_1" HPOS="449" VPOS="453" WIDTH="133" HEIGHT="29">
							<String ID="string_6" HPOS="449" VPOS="453" WIDTH="133" HEIGHT="29" WC="0.95" CONTENT="Rättelse."/>
						</TextLine>
					</TextBlock>
				</ComposedBlock>
				<ComposedBlock ID="cblock_2" HPOS="136" VPOS="533" WIDTH="753" HEIGHT="201">
					<TextBlock ID="block_2" HPOS="136" VPOS="533" WIDTH="753" HEIGHT="201">
						<TextLine ID="line_2" HPOS="207" VPOS="533" WIDTH="681" HEIGHT="29">
							<String ID="string_7" HPOS="207" VPOS="533" WIDTH="13" HEIGHT="22" WC="0.92" CONTENT="I"/><SP WIDTH="30" VPOS="533" HPOS="220"/>
							<String ID="string_8" HPOS="250" VPOS="533" WIDTH="260" HEIGHT="28" WC="0.91" CONTENT="Lagutskottets"/><SP WIDTH="30" VPOS="533" HPOS="510"/>
							<String ID="string_9" HPOS="540" VPOS="534" WIDTH="129" HEIGHT="28" WC="0.95" CONTENT="förslag"/><SP WIDTH="32" VPOS="534" HPOS="669"/>
							<String ID="string_10" HPOS="701" VPOS="534" WIDTH="41" HEIGHT="23" WC="0.92" CONTENT="till"/><SP WIDTH="30" VPOS="534" HPOS="742"/>
							<String ID="string_11" HPOS="772" VPOS="539" WIDTH="116" HEIGHT="17" WC="0.91" CONTENT="samman-"/>
						</TextLine>
						<TextLine ID="line_3" HPOS="136" VPOS="567" WIDTH="753" HEIGHT="30">
							<String ID="string_12" HPOS="136" VPOS="567" WIDTH="131" HEIGHT="29" WC="0.91" CONTENT="jemkning"/><SP WIDTH="22" VPOS="567" HPOS="267"/>
							<String ID="string_13" HPOS="289" VPOS="567" WIDTH="27" HEIGHT="23" WC="0.96" CONTENT="af"/><SP WIDTH="20" VPOS="567" HPOS="316"/>
							<String ID="string_14" HPOS="336" VPOS="568" WIDTH="29" HEIGHT="22" WC="0.96" CONTENT="de"/><SP WIDTH="23" VPOS="568" HPOS="365"/>
							<String ID="string_15" HPOS="388" VPOS="568" WIDTH="142" HEIGHT="29" WC="0.96" CONTENT="skiljaktiga"/><SP WIDTH="21" VPOS="568" HPOS="530"/>
							<String ID="string_16" HPOS="551" VPOS="568" WIDTH="90" HEIGHT="27" WC="0.96" CONTENT="beslut,"/><SP WIDTH="23" VPOS="568" HPOS="641"/>
							<String ID="string_17" HPOS="664" VPOS="568" WIDTH="9" HEIGHT="22" WC="0.96" CONTENT="i"/><SP WIDTH="15" VPOS="568" HPOS="673"/>
							<String ID="string_18" HPOS="688" VPOS="568" WIDTH="83" HEIGHT="22" WC="0.96" CONTENT="hvilka"/><SP WIDTH="16" VPOS="568" HPOS="771"/>
							<String ID="string_19" HPOS="787" VPOS="567" WIDTH="102" HEIGHT="23" WC="0.96" CONTENT="stånden"/>
						</TextLine>
						<TextLine ID="line_4" HPOS="139" VPOS="602" WIDTH="750" HEIGHT="29">
							<String ID="string_20" HPOS="139" VPOS="603" WIDTH="98" HEIGHT="21" WC="0.95" CONTENT="stannat"/><SP WIDTH="15" VPOS="603" HPOS="237"/>
							<String ID="string_21" HPOS="252" VPOS="602" WIDTH="42" HEIGHT="22" WC="0.96" CONTENT="vid"/><SP WIDTH="15" VPOS="602" HPOS="294"/>
							<String ID="string_22" HPOS="309" VPOS="602" WIDTH="182" HEIGHT="29" WC="0.95" CONTENT="behandlingen"/><SP WIDTH="15" VPOS="602" HPOS="491"/>
							<String ID="string_23" HPOS="506" VPOS="603" WIDTH="28" HEIGHT="22" WC="0.96" CONTENT="af"/><SP WIDTH="12" VPOS="603" HPOS="534"/>
							<String ID="string_24" HPOS="546" VPOS="603" WIDTH="47" HEIGHT="22" WC="0.96" CONTENT="den"/><SP WIDTH="10" VPOS="603" HPOS="593"/>
							<String ID="string_25" HPOS="603" VPOS="602" WIDTH="90" HEIGHT="28" WC="0.96" CONTENT="nådiga"/><SP WIDTH="10" VPOS="602" HPOS="693"/>
							<String ID="string_26" HPOS="703" VPOS="602" WIDTH="186" HEIGHT="29" WC="0.96" CONTENT="propositionen"/>
						</TextLine>
						<TextLine ID="line_5" HPOS="140" VPOS="635" WIDTH="749" HEIGHT="30">
							<String ID="string_27" HPOS="140" VPOS="642" WIDTH="39" HEIGHT="17" WC="0.96" CONTENT="om"/><SP WIDTH="21" VPOS="642" HPOS="179"/>
							<String ID="string_28" HPOS="200" VPOS="636" WIDTH="93" HEIGHT="23" WC="0.96" CONTENT="ändrad"/><SP WIDTH="22" VPOS="636" HPOS="293"/>
							<String ID="string_29" HPOS="315" VPOS="636" WIDTH="94" HEIGHT="28" WC="0.96" CONTENT="lydelse"/><SP WIDTH="21" VPOS="636" HPOS="409"/>
							<String ID="string_30" HPOS="430" VPOS="636" WIDTH="27" HEIGHT="23" WC="0.96" CONTENT="af"/><SP WIDTH="20" VPOS="636" HPOS="457"/>
							<String ID="string_31" HPOS="477" VPOS="637" WIDTH="34" HEIGHT="28" WC="0.82" CONTENT="$$"/><SP WIDTH="23" VPOS="637" HPOS="511"/>
							<String ID="string_32" HPOS="534" VPOS="637" WIDTH="14" HEIGHT="22" WC="0.96" CONTENT="2"/><SP WIDTH="19" VPOS="637" HPOS="548"/>
							<String ID="string_33" HPOS="567" VPOS="636" WIDTH="45" HEIGHT="23" WC="0.96" CONTENT="och"/><SP WIDTH="15" VPOS="636" HPOS="612"/>
							<String ID="string_34" HPOS="627" VPOS="636" WIDTH="26" HEIGHT="22" WC="0.94" CONTENT="11"/><SP WIDTH="14" VPOS="636" HPOS="653"/>
							<String ID="string_35" HPOS="667" VPOS="637" WIDTH="10" HEIGHT="22" WC="0.96" CONTENT="i"/><SP WIDTH="15" VPOS="637" HPOS="677"/>
							<String ID="string_36" HPOS="692" VPOS="636" WIDTH="88" HEIGHT="28" WC="0.93" CONTENT="nådiga"/><SP WIDTH="15" VPOS="636" HPOS="780"/>
							<String ID="string_37" HPOS="795" VPOS="635" WIDTH="94" HEIGHT="24" WC="0.92" CONTENT="förord-"/>
						</TextLine>
						<TextLine ID="line_6" HPOS="140" VPOS="671" WIDTH="749" HEIGHT="29">
							<String ID="string_38" HPOS="140" VPOS="671" WIDTH="99" HEIGHT="28" WC="0.96" CONTENT="ningen,"/><SP WIDTH="15" VPOS="671" HPOS="239"/>
							<String ID="string_39" HPOS="254" VPOS="671" WIDTH="125" HEIGHT="28" WC="0.96" CONTENT="angående"/><SP WIDTH="16" VPOS="671" HPOS="379"/>
							<String ID="string_40" HPOS="395" VPOS="671" WIDTH="111" HEIGHT="22" WC="0.93" CONTENT="enskilda"/><SP WIDTH="12" VPOS="671" HPOS="506"/>
							<String ID="string_41" HPOS="518" VPOS="672" WIDTH="132" HEIGHT="28" WC="0.92" CONTENT="jernvägar"/><SP WIDTH="14" VPOS="672" HPOS="650"/>
							<String ID="string_42" HPOS="664" VPOS="671" WIDTH="40" HEIGHT="23" WC="0.96" CONTENT="för"/><SP WIDTH="16" VPOS="671" HPOS="704"/>
							<String ID="string_43" HPOS="720" VPOS="671" WIDTH="91" HEIGHT="23" WC="0.93" CONTENT="allmän"/><SP WIDTH="19" VPOS="671" HPOS="811"/>
							<String ID="string_44" HPOS="830" VPOS="677" WIDTH="59" HEIGHT="16" WC="0.92" CONTENT="sam-"/>
						</TextLine>
						<TextLine ID="line_7" HPOS="139" VPOS="705" WIDTH="415" HEIGHT="29">
							<String ID="string_45" HPOS="139" VPOS="705" WIDTH="102" HEIGHT="28" WC="0.91" CONTENT="färdsel,"/><SP WIDTH="14" VPOS="705" HPOS="241"/>
							<String ID="string_46" HPOS="255" VPOS="705" WIDTH="28" HEIGHT="22" WC="0.96" CONTENT="af"/><SP WIDTH="12" VPOS="705" HPOS="283"/>
							<String ID="string_47" HPOS="295" VPOS="705" WIDTH="48" HEIGHT="23" WC="0.96" CONTENT="den"/><SP WIDTH="15" VPOS="705" HPOS="343"/>
							<String ID="string_48" HPOS="358" VPOS="705" WIDTH="27" HEIGHT="22" WC="0.96" CONTENT="15"/><SP WIDTH="15" VPOS="705" HPOS="385"/>
							<String ID="string_49" HPOS="400" VPOS="706" WIDTH="71" HEIGHT="28" WC="0.95" CONTENT="April"/><SP WIDTH="14" VPOS="706" HPOS="471"/>
							<String ID="string_50" HPOS="485" VPOS="706" WIDTH="69" HEIGHT="28" WC="0.96" CONTENT="1889,"/>
						</TextLine>
					</TextBlock>
				</ComposedBlock>
				<ComposedBlock ID="cblock_3" HPOS="140" VPOS="777" WIDTH="750" HEIGHT="64">
					<TextBlock ID="block_3" HPOS="140" VPOS="777" WIDTH="750" HEIGHT="64">
						<TextLine ID="line_8" HPOS="207" VPOS="777" WIDTH="683" HEIGHT="30">
							<String ID="string_51" HPOS="207" VPOS="777" WIDTH="48" HEIGHT="23" WC="0.95" CONTENT="bör"/><SP WIDTH="26" VPOS="777" HPOS="255"/>
							<String ID="string_52" HPOS="281" VPOS="778" WIDTH="64" HEIGHT="22" WC="0.95" CONTENT="sista"/><SP WIDTH="24" VPOS="778" HPOS="345"/>
							<String ID="string_53" HPOS="369" VPOS="779" WIDTH="133" HEIGHT="22" WC="0.96" CONTENT="momentet"/><SP WIDTH="22" VPOS="779" HPOS="502"/>
							<String ID="string_54" HPOS="524" VPOS="778" WIDTH="10" HEIGHT="22" WC="0.95" CONTENT="i"/><SP WIDTH="20" VPOS="778" HPOS="534"/>
							<String ID="string_55" HPOS="554" VPOS="779" WIDTH="29" HEIGHT="22" WC="0.90" CONTENT="11"/><SP WIDTH="17" VPOS="779" HPOS="583"/>
							<String ID="string_56" HPOS="600" VPOS="779" WIDTH="44" HEIGHT="28" WC="0.87" CONTENT="$:n"/><SP WIDTH="17" VPOS="779" HPOS="644"/>
							<String ID="string_57" HPOS="661" VPOS="778" WIDTH="133" HEIGHT="29" WC="0.96" CONTENT="rätteligen"/><SP WIDTH="17" VPOS="778" HPOS="794"/>
							<String ID="string_58" HPOS="811" VPOS="777" WIDTH="79" HEIGHT="23" WC="0.96" CONTENT="hafva"/>
						</TextLine>
						<TextLine ID="line_9" HPOS="140" VPOS="812" WIDTH="235" HEIGHT="29">
							<String ID="string_59" HPOS="140" VPOS="812" WIDTH="112" HEIGHT="29" WC="0.96" CONTENT="följande"/><SP WIDTH="17" VPOS="812" HPOS="252"/>
							<String ID="string_60" HPOS="269" VPOS="812" WIDTH="106" HEIGHT="29" WC="0.96" CONTENT="lydelse:"/>
						</TextLine>
					</TextBlock>
				</ComposedBlock>
				<ComposedBlock ID="cblock_4" HPOS="342" VPOS="886" WIDTH="550" HEIGHT="238">
					<TextBlock ID="block_4" HPOS="342" VPOS="886" WIDTH="550" HEIGHT="238">
						<TextLine ID="line_10" HPOS="415" VPOS="886" WIDTH="476" HEIGHT="30">
							<String ID="string_61" HPOS="415" VPOS="887" WIDTH="84" HEIGHT="29" WC="0.91" CONTENT="Egare"/><SP WIDTH="35" VPOS="887" HPOS="499"/>
							<String ID="string_62" HPOS="534" VPOS="887" WIDTH="32" HEIGHT="22" WC="0.92" CONTENT="af"/><SP WIDTH="18" VPOS="887" HPOS="566"/>
							<String ID="string_63" HPOS="584" VPOS="887" WIDTH="111" HEIGHT="28" WC="0.91" CONTENT="jernväg"/><SP WIDTH="26" VPOS="887" HPOS="695"/>
							<String ID="string_64" HPOS="721" VPOS="893" WIDTH="60" HEIGHT="16" WC="0.95" CONTENT="vare"/><SP WIDTH="34" VPOS="893" HPOS="781"/>
							<String ID="string_65" HPOS="815" VPOS="886" WIDTH="76" HEIGHT="23" WC="0.95" CONTENT="äfven"/>
						</TextLine>
						<TextLine ID="line_11" HPOS="342" VPOS="921" WIDTH="550" HEIGHT="30">
							<String ID="string_66" HPOS="342" VPOS="921" WIDTH="97" HEIGHT="30" WC="0.91" CONTENT="pligtig"/><SP WIDTH="18" VPOS="921" HPOS="439"/>
							<String ID="string_67" HPOS="457" VPOS="923" WIDTH="44" HEIGHT="25" WC="0.93" CONTENT="att,"/><SP WIDTH="20" VPOS="923" HPOS="501"/>
							<String ID="string_68" HPOS="521" VPOS="922" WIDTH="81" HEIGHT="22" WC="0.91" CONTENT="derest"/><SP WIDTH="17" VPOS="922" HPOS="602"/>
							<String ID="string_69" HPOS="619" VPOS="922" WIDTH="24" HEIGHT="29" WC="0.96" CONTENT="ej"/><SP WIDTH="18" VPOS="922" HPOS="643"/>
							<String ID="string_70" HPOS="661" VPOS="921" WIDTH="64" HEIGHT="22" WC="0.96" CONTENT="hans"/><SP WIDTH="22" VPOS="921" HPOS="725"/>
							<String ID="string_71" HPOS="747" VPOS="921" WIDTH="145" HEIGHT="29" WC="0.96" CONTENT="skyldighet"/>
						</TextLine>
						<TextLine ID="line_12" HPOS="347" VPOS="955" WIDTH="545" HEIGHT="30">
							<String ID="string_72" HPOS="347" VPOS="956" WIDTH="159" HEIGHT="23" WC="0.90" CONTENT="härutinnan"/><SP WIDTH="28" VPOS="956" HPOS="506"/>
							<String ID="string_73" HPOS="534" VPOS="956" WIDTH="86" HEIGHT="22" WC="0.94" CONTENT="blifvit"/><SP WIDTH="21" VPOS="956" HPOS="620"/>
							<String ID="string_74" HPOS="641" VPOS="956" WIDTH="44" HEIGHT="23" WC="0.96" CONTENT="vid"/><SP WIDTH="19" VPOS="956" HPOS="685"/>
							<String ID="string_75" HPOS="704" VPOS="955" WIDTH="188" HEIGHT="30" WC="0.95" CONTENT="expropriation"/>
						</TextLine>
						<TextLine ID="line_13" HPOS="347" VPOS="990" WIDTH="544" HEIGHT="29">
							<String ID="string_76" HPOS="347" VPOS="991" WIDTH="74" HEIGHT="22" WC="0.96" CONTENT="emot"/><SP WIDTH="25" VPOS="991" HPOS="421"/>
							<String ID="string_77" HPOS="446" VPOS="991" WIDTH="57" HEIGHT="22" WC="0.96" CONTENT="full"/><SP WIDTH="28" VPOS="991" HPOS="503"/>
							<String ID="string_78" HPOS="531" VPOS="991" WIDTH="168" HEIGHT="28" WC="0.95" CONTENT="ersättning"/><SP WIDTH="17" VPOS="991" HPOS="699"/>
							<String ID="string_79" HPOS="716" VPOS="990" WIDTH="39" HEIGHT="29" WC="0.93" CONTENT="på"/><SP WIDTH="17" VPOS="990" HPOS="755"/>
							<String ID="string_80" HPOS="772" VPOS="990" WIDTH="119" HEIGHT="29" WC="0.91" CONTENT="jordega-"/>
						</TextLine>
						<TextLine ID="line_14" HPOS="347" VPOS="1025" WIDTH="544" HEIGHT="30">
							<String ID="string_81" HPOS="347" VPOS="1032" WIDTH="44" HEIGHT="16" WC="0.91" CONTENT="ren"/><SP WIDTH="36" VPOS="1032" HPOS="391"/>
							<String ID="string_82" HPOS="427" VPOS="1025" WIDTH="166" HEIGHT="30" WC="0.64" CONTENT="öfverflyttad"/><SP WIDTH="38" VPOS="1025" HPOS="593"/>
							<String ID="string_83" HPOS="631" VPOS="1025" WIDTH="60" HEIGHT="23" WC="0.91" CONTENT="eller"/><SP WIDTH="35" VPOS="1025" HPOS="691"/>
							<String ID="string_84" HPOS="726" VPOS="1025" WIDTH="165" HEIGHT="23" WC="0.84" CONTENT="annorlunda"/>
						</TextLine>
						<TextLine ID="line_15" HPOS="347" VPOS="1060" WIDTH="545" HEIGHT="29">
							<String ID="string_85" HPOS="347" VPOS="1060" WIDTH="240" HEIGHT="26" WC="0.91" CONTENT="öfverenskommits,"/><SP WIDTH="45" VPOS="1060" HPOS="587"/>
							<String ID="string_86" HPOS="632" VPOS="1060" WIDTH="75" HEIGHT="29" WC="0.87" CONTENT="kring"/><SP WIDTH="30" VPOS="1060" HPOS="707"/>
							<String ID="string_87" HPOS="737" VPOS="1060" WIDTH="155" HEIGHT="28" WC="0.90" CONTENT="jernvägens"/>
						</TextLine>
						<TextLine ID="line_16" HPOS="348" VPOS="1094" WIDTH="473" HEIGHT="30">
							<String ID="string_88" HPOS="348" VPOS="1094" WIDTH="105" HEIGHT="24" WC="0.91" CONTENT="omräde"/><SP WIDTH="18" VPOS="1094" HPOS="453"/>
							<String ID="string_89" HPOS="471" VPOS="1101" WIDTH="22" HEIGHT="16" WC="0.88" CONTENT="o."/><SP WIDTH="21" VPOS="1101" HPOS="493"/>
							<String ID="string_90" HPOS="514" VPOS="1102" WIDTH="18" HEIGHT="15" WC="0.95" CONTENT="s."/><SP WIDTH="20" VPOS="1102" HPOS="532"/>
							<String ID="string_91" HPOS="552" VPOS="1102" WIDTH="24" HEIGHT="15" WC="0.96" CONTENT="v."/><SP WIDTH="21" VPOS="1102" HPOS="576"/>
							<String ID="string_92" HPOS="597" VPOS="1095" WIDTH="78" HEIGHT="29" WC="0.93" CONTENT="enligt"/><SP WIDTH="18" VPOS="1095" HPOS="675"/>
							<String ID="string_93" HPOS="693" VPOS="1094" WIDTH="128" HEIGHT="30" WC="0.92" CONTENT="förslaget."/>
						</TextLine>
					</TextBlock>
				</ComposedBlock>
				<ComposedBlock ID="cblock_5" HPOS="211" VPOS="1175" WIDTH="434" HEIGHT="29">
					<TextBlock ID="block_5" HPOS="211" VPOS="1175" WIDTH="434" HEIGHT="29">
						<TextLine ID="line_17" HPOS="211" VPOS="1175" WIDTH="434" HEIGHT="29">
							<String ID="string_94" HPOS="211" VPOS="1175" WIDTH="167" HEIGHT="29" WC="0.95" CONTENT="Helsingfors,"/><SP WIDTH="20" VPOS="1175" HPOS="378"/>
							<String ID="string_95" HPOS="398" VPOS="1176" WIDTH="48" HEIGHT="22" WC="0.96" CONTENT="den"/><SP WIDTH="21" VPOS="1176" HPOS="446"/>
							<String ID="string_96" HPOS="467" VPOS="1176" WIDTH="12" HEIGHT="21" WC="0.96" CONTENT="1"/><SP WIDTH="20" VPOS="1176" HPOS="479"/>
							<String ID="string_97" HPOS="499" VPOS="1176" WIDTH="49" HEIGHT="28" WC="0.96" CONTENT="Maj"/><SP WIDTH="22" VPOS="1176" HPOS="548"/>
							<String ID="string_98" HPOS="570" VPOS="1175" WIDTH="75" HEIGHT="22" WC="0.96" CONTENT="1894."/>
						</TextLine>
					</TextBlock>
				</ComposedBlock>
				<ComposedBlock ID="cblock_6" HPOS="213" VPOS="1490" WIDTH="331" HEIGHT="24">
					<TextBlock ID="block_6" HPOS="213" VPOS="1490" WIDTH="331" HEIGHT="24">
						<TextLine ID="line_18" HPOS="213" VPOS="1490" WIDTH="331" HEIGHT="24">
							<String ID="string_99" HPOS="213" VPOS="1491" WIDTH="130" HEIGHT="23" WC="0.87" CONTENT="Lagutskottets"/><SP WIDTH="12" VPOS="1491" HPOS="343"/>
							<String ID="string_100" HPOS="355" VPOS="1491" WIDTH="110" HEIGHT="17" WC="0.96" CONTENT="betänkande"/><SP WIDTH="12" VPOS="1491" HPOS="465"/>
							<String ID="string_101" HPOS="477" VPOS="1490" WIDTH="37" HEIGHT="18" WC="0.96" CONTENT="N:o"/><SP WIDTH="12" VPOS="1490" HPOS="514"/>
							<String ID="string_102" HPOS="526" VPOS="1491" WIDTH="18" HEIGHT="17" WC="0.96" CONTENT="2."/>
						</TextLine>
					</TextBlock>
				</ComposedBlock>
				<GraphicalElement ID="cblock_7" HPOS="1116" VPOS="0" WIDTH="7" HEIGHT="330"></GraphicalElement >
			</PrintSpace>
		</Page>
	</Layout>
</alto>
