<?xml version="1.0" encoding="UTF-8"?>
<alto xmlns="http://www.loc.gov/standards/alto/ns-v3#" xmlns:xlink="http://www.w3.org/1999/xlink" xmlns:xsi="http://www.w3.org/2001/XMLSchema-instance" xsi:schemaLocation="http://www.loc.gov/standards/alto/ns-v3# http://www.loc.gov/alto/v3/alto-3-0.xsd">
	<Description>
		<MeasurementUnit>pixel</MeasurementUnit>
		<sourceImageInformation>
			<fileName>/tmp/tess_ia9neuj7_input.PNG</fileName>
		</sourceImageInformation>
		<OCRProcessing ID="OCR_0">
			<ocrProcessingStep>
				<processingSoftware>
					<softwareName>tesseract 5.3.4</softwareName>
				</processingSoftware>
			</ocrProcessingStep>
		</OCRProcessing>
	</Description>
	<Layout>
		<Page WIDTH="1123" HEIGHT="1786" PHYSICAL_IMG_NR="0" ID="page_0">
			<PrintSpace HPOS="0" VPOS="0" WIDTH="1123" HEIGHT="1786">
				<ComposedBlock ID="cblock_0" HPOS="337" VPOS="165" WIDTH="538" HEIGHT="29">
					<TextBlock ID="block_0" HPOS="337" VPOS="165" WIDTH="538" HEIGHT="29">
						<TextLine ID="line_0" HPOS="337" VPOS="165" WIDTH="538" HEIGHT="29">
							<String ID="string_0" HPOS="337" VPOS="165" WIDTH="81" HEIGHT="24" WC="0.89" CONTENT="Ständ."/><SP WIDTH="15" VPOS="165" HPOS="418"/>
							<String ID="string_1" HPOS="433" VPOS="166" WIDTH="37" HEIGHT="23" WC="0.92" CONTENT="Sv."/><SP WIDTH="15" VPOS="166" HPOS="470"/>
							<String ID="string_2" HPOS="485" VPOS="179" WIDTH="29" HEIGHT="4" WC="0.92" CONTENT="—"/><SP WIDTH="16" VPOS="179" HPOS="514"/>
							<String ID="string_3" HPOS="530" VPOS="167" WIDTH="72" HEIGHT="27" WC="0.95" CONTENT="Prop."/><SP WIDTH="16" VPOS="167" HPOS="602"/>
							<String ID="string_4" HPOS="618" VPOS="167" WIDTH="41" HEIGHT="22" WC="0.95" CONTENT="N:o"/><SP WIDTH="15" VPOS="167" HPOS="659"/>
							<String ID="string_5" HPOS="674" VPOS="167" WIDTH="34" HEIGHT="22" WC="0.95" CONTENT="21."/><SP WIDTH="141" VPOS="167" HPOS="708"/>
							<String ID="string_6" HPOS="849" VPOS="167" WIDTH="26" HEIGHT="22" WC="0.96" CONTENT="13"/>
						</TextLine>
					</TextBlock>
				</ComposedBlock>
				<ComposedBlock ID="cblock_1" HPOS="151" VPOS="230" WIDTH="753" HEIGHT="201">
					<TextBlock ID="block_1" HPOS="151" VPOS="230" WIDTH="753" HEIGHT="64">
						<TextLine ID="line_1" HPOS="153" VPOS="230" WIDTH="751" HEIGHT="30">
							<String ID="string_7" HPOS="153" VPOS="230" WIDTH="190" HEIGHT="29" WC="0.92" CONTENT="ständigheterna"/><SP WIDTH="15" VPOS="230" HPOS="343"/>
							<String ID="string_8" HPOS="358" VPOS="231" WIDTH="106" HEIGHT="29" WC="0.95" CONTENT="framgår,"/><SP WIDTH="23" VPOS="231" HPOS="464"/>
							<String ID="string_9" HPOS="487" VPOS="235" WIDTH="35" HEIGHT="19" WC="0.96" CONTENT="att"/><SP WIDTH="14" VPOS="235" HPOS="522"/>
							<String ID="string_10" HPOS="536" VPOS="233" WIDTH="47" HEIGHT="21" WC="0.92" CONTENT="han"/><SP WIDTH="15" VPOS="233" HPOS="583"/>
							<String ID="string_11" HPOS="598" VPOS="233" WIDTH="103" HEIGHT="21" WC="0.92" CONTENT="hvarken"/><SP WIDTH="15" VPOS="233" HPOS="701"/>
							<String ID="string_12" HPOS="716" VPOS="233" WIDTH="50" HEIGHT="21" WC="0.96" CONTENT="haft"/><SP WIDTH="15" VPOS="233" HPOS="766"/>
							<String ID="string_13" HPOS="781" VPOS="233" WIDTH="57" HEIGHT="20" WC="0.96" CONTENT="eller"/><SP WIDTH="14" VPOS="233" HPOS="838"/>
							<String ID="string_14" HPOS="852" VPOS="232" WIDTH="52" HEIGHT="22" WC="0.96" CONTENT="bort"/>
						</TextLine>
						<TextLine ID="line_2" HPOS="151" VPOS="265" WIDTH="293" HEIGHT="29">
							<String ID="string_15" HPOS="151" VPOS="265" WIDTH="71" HEIGHT="22" WC="0.96" CONTENT="hafva"/><SP WIDTH="15" VPOS="265" HPOS="222"/>
							<String ID="string_16" HPOS="237" VPOS="265" WIDTH="106" HEIGHT="29" WC="0.96" CONTENT="kunskap"/><SP WIDTH="16" VPOS="265" HPOS="343"/>
							<String ID="string_17" HPOS="359" VPOS="265" WIDTH="85" HEIGHT="23" WC="0.95" CONTENT="derom."/>
						</TextLine>
					</TextBlock>
					<TextBlock ID="block_2" HPOS="152" VPOS="299" WIDTH="752" HEIGHT="132">
						<TextLine ID="line_3" HPOS="220" VPOS="299" WIDTH="682" HEIGHT="29">
							<String ID="string_18" HPOS="220" VPOS="299" WIDTH="75" HEIGHT="21" WC="0.95" CONTENT="Innan"/><SP WIDTH="15" VPOS="299" HPOS="295"/>
							<String ID="string_19" HPOS="310" VPOS="300" WIDTH="83" HEIGHT="21" WC="0.93" CONTENT="sådant"/><SP WIDTH="10" VPOS="300" HPOS="393"/>
							<String ID="string_20" HPOS="403" VPOS="300" WIDTH="149" HEIGHT="28" WC="0.90" CONTENT="kungörande"/><SP WIDTH="12" VPOS="300" HPOS="552"/>
							<String ID="string_21" HPOS="564" VPOS="301" WIDTH="68" HEIGHT="27" WC="0.96" CONTENT="skett,"/><SP WIDTH="16" VPOS="301" HPOS="632"/>
							<String ID="string_22" HPOS="648" VPOS="300" WIDTH="46" HEIGHT="22" WC="0.96" CONTENT="kan"/><SP WIDTH="10" VPOS="300" HPOS="694"/>
							<String ID="string_23" HPOS="704" VPOS="300" WIDTH="39" HEIGHT="21" WC="0.96" CONTENT="det"/><SP WIDTH="9" VPOS="300" HPOS="743"/>
							<String ID="string_24" HPOS="752" VPOS="300" WIDTH="150" HEIGHT="28" WC="0.96" CONTENT="förhållande,"/>
						</TextLine>
						<TextLine ID="line_4" HPOS="153" VPOS="333" WIDTH="751" HEIGHT="29">
							<String ID="string_25" HPOS="153" VPOS="340" WIDTH="50" HEIGHT="14" WC="0.95" CONTENT="som"/><SP WIDTH="15" VPOS="340" HPOS="203"/>
							<String ID="string_26" HPOS="218" VPOS="333" WIDTH="80" HEIGHT="21" WC="0.95" CONTENT="blifvit"/><SP WIDTH="15" VPOS="333" HPOS="298"/>
							<String ID="string_27" HPOS="313" VPOS="334" WIDTH="56" HEIGHT="21" WC="0.96" CONTENT="eller"/><SP WIDTH="14" VPOS="334" HPOS="369"/>
							<String ID="string_28" HPOS="383" VPOS="334" WIDTH="52" HEIGHT="22" WC="0.96" CONTENT="bort"/><SP WIDTH="14" VPOS="334" HPOS="435"/>
							<String ID="string_29" HPOS="449" VPOS="334" WIDTH="74" HEIGHT="22" WC="0.93" CONTENT="blifva"/><SP WIDTH="15" VPOS="334" HPOS="523"/>
							<String ID="string_30" HPOS="538" VPOS="334" WIDTH="108" HEIGHT="27" WC="0.90" CONTENT="anmäldt,"/><SP WIDTH="16" VPOS="334" HPOS="646"/>
							<String ID="string_31" HPOS="662" VPOS="334" WIDTH="52" HEIGHT="22" WC="0.96" CONTENT="icke"/><SP WIDTH="14" VPOS="334" HPOS="714"/>
							<String ID="string_32" HPOS="728" VPOS="334" WIDTH="54" HEIGHT="22" WC="0.96" CONTENT="med"/><SP WIDTH="9" VPOS="334" HPOS="782"/>
							<String ID="string_33" HPOS="791" VPOS="334" WIDTH="53" HEIGHT="28" WC="0.93" CONTENT="laga"/><SP WIDTH="10" VPOS="334" HPOS="844"/>
							<String ID="string_34" HPOS="854" VPOS="341" WIDTH="50" HEIGHT="14" WC="0.90" CONTENT="ver-"/>
						</TextLine>
						<TextLine ID="line_5" HPOS="152" VPOS="368" WIDTH="752" HEIGHT="29">
							<String ID="string_35" HPOS="152" VPOS="368" WIDTH="46" HEIGHT="21" WC="0.96" CONTENT="kan"/><SP WIDTH="15" VPOS="368" HPOS="198"/>
							<String ID="string_36" HPOS="213" VPOS="368" WIDTH="110" HEIGHT="29" WC="0.96" CONTENT="åberopas"/><SP WIDTH="15" VPOS="368" HPOS="323"/>
							<String ID="string_37" HPOS="338" VPOS="371" WIDTH="48" HEIGHT="19" WC="0.97" CONTENT="mot"/><SP WIDTH="16" VPOS="371" HPOS="386"/>
							<String ID="string_38" HPOS="402" VPOS="376" WIDTH="74" HEIGHT="14" WC="0.96" CONTENT="annan"/><SP WIDTH="16" VPOS="376" HPOS="476"/>
							<String ID="string_39" HPOS="492" VPOS="373" WIDTH="29" HEIGHT="17" WC="0.96" CONTENT="än"/><SP WIDTH="16" VPOS="373" HPOS="521"/>
							<String ID="string_40" HPOS="537" VPOS="369" WIDTH="50" HEIGHT="27" WC="0.96" CONTENT="den,"/><SP WIDTH="16" VPOS="369" HPOS="587"/>
							<String ID="string_41" HPOS="603" VPOS="376" WIDTH="49" HEIGHT="14" WC="0.96" CONTENT="som"/><SP WIDTH="16" VPOS="376" HPOS="652"/>
							<String ID="string_42" HPOS="668" VPOS="369" WIDTH="61" HEIGHT="21" WC="0.96" CONTENT="visas"/><SP WIDTH="15" VPOS="369" HPOS="729"/>
							<String ID="string_43" HPOS="744" VPOS="368" WIDTH="71" HEIGHT="22" WC="0.96" CONTENT="hafva"/><SP WIDTH="10" VPOS="368" HPOS="815"/>
							<String ID="string_44" HPOS="825" VPOS="368" WIDTH="79" HEIGHT="22" WC="0.96" CONTENT="derom"/>
						</TextLine>
						<TextLine ID="line_6" HPOS="152" VPOS="402" WIDTH="172" HEIGHT="29">
							<String ID="string_45" HPOS="152" VPOS="402" WIDTH="52" HEIGHT="22" WC="0.96" CONTENT="haft"/><SP WIDTH="15" VPOS="402" HPOS="204"/>
							<String ID="string_46" HPOS="219" VPOS="402" WIDTH="105" HEIGHT="29" WC="0.95" CONTENT="vetskap."/>
						</TextLine>
					</TextBlock>
				</ComposedBlock>
				<ComposedBlock ID="cblock_2" HPOS="461" VPOS="530" WIDTH="137" HEIGHT="83">
					<TextBlock ID="block_3" HPOS="461" VPOS="530" WIDTH="137" HEIGHT="83">
						<TextLine ID="line_7" HPOS="487" VPOS="530" WIDTH="80" HEIGHT="22">
							<String ID="string_47" HPOS="487" VPOS="530" WIDTH="13" HEIGHT="21" WC="0.94" CONTENT="2"/><SP WIDTH="15" VPOS="530" HPOS="500"/>
							<String ID="string_48" HPOS="515" VPOS="530" WIDTH="52" HEIGHT="22" WC="0.94" CONTENT="Kar."/>
						</TextLine>
						<TextLine ID="line_8" HPOS="461" VPOS="594" WIDTH="137" HEIGHT="19">
							<String ID="string_49" HPOS="461" VPOS="594" WIDTH="45" HEIGHT="19" WC="0.96" CONTENT="Om"/><SP WIDTH="15" VPOS="594" HPOS="506"/>
							<String ID="string_50" HPOS="521" VPOS="594" WIDTH="77" HEIGHT="19" WC="0.95" CONTENT="firma."/>
						</TextLine>
					</TextBlock>
				</ComposedBlock>
				<ComposedBlock ID="cblock_3" HPOS="506" VPOS="656" WIDTH="47" HEIGHT="26">
					<TextBlock ID="block_4" HPOS="506" VPOS="656" WIDTH="47" HEIGHT="26">
						<TextLine ID="line_9" HPOS="506" VPOS="656" WIDTH="47" HEIGHT="26">
							<String ID="string_51" HPOS="506" VPOS="656" WIDTH="47" HEIGHT="26" WC="0.89" CONTENT="98."/>
						</TextLine>
					</TextBlock>
				</ComposedBlock>
				<ComposedBlock ID="cblock_4" HPOS="144" VPOS="712" WIDTH="760" HEIGHT="785">
					<TextBlock ID="block_5" HPOS="151" VPOS="712" WIDTH="753" HEIGHT="196">
						<TextLine ID="line_10" HPOS="220" VPOS="712" WIDTH="684" HEIGHT="30">
							<String ID="string_52" HPOS="220" VPOS="712" WIDTH="69" HEIGHT="28" WC="0.92" CONTENT="Hvar,"/><SP WIDTH="17" VPOS="712" HPOS="289"/>
							<String ID="string_53" HPOS="306" VPOS="720" WIDTH="49" HEIGHT="14" WC="0.96" CONTENT="som"/><SP WIDTH="16" VPOS="720" HPOS="355"/>
							<String ID="string_54" HPOS="371" VPOS="713" WIDTH="42" HEIGHT="21" WC="0.93" CONTENT="vill"/><SP WIDTH="14" VPOS="713" HPOS="413"/>
							<String ID="string_55" HPOS="427" VPOS="712" WIDTH="55" HEIGHT="23" WC="0.93" CONTENT="idka"/><SP WIDTH="9" VPOS="712" HPOS="482"/>
							<String ID="string_56" HPOS="491" VPOS="712" WIDTH="155" HEIGHT="30" WC="0.92" CONTENT="näringsyrke"/><SP WIDTH="11" VPOS="712" HPOS="646"/>
							<String ID="string_57" HPOS="657" VPOS="712" WIDTH="25" HEIGHT="22" WC="0.93" CONTENT="af"/><SP WIDTH="8" VPOS="712" HPOS="682"/>
							<String ID="string_58" HPOS="690" VPOS="712" WIDTH="214" HEIGHT="22" WC="0.91" CONTENT="nedanomförmäld"/>
						</TextLine>
						<TextLine ID="line_11" HPOS="151" VPOS="746" WIDTH="752" HEIGHT="31">
							<String ID="string_59" HPOS="151" VPOS="747" WIDTH="167" HEIGHT="28" WC="0.96" CONTENT="beskaffenhet,"/><SP WIDTH="16" VPOS="747" HPOS="318"/>
							<String ID="string_60" HPOS="334" VPOS="754" WIDTH="53" HEIGHT="15" WC="0.93" CONTENT="vare"/><SP WIDTH="15" VPOS="754" HPOS="387"/>
							<String ID="string_61" HPOS="402" VPOS="747" WIDTH="85" HEIGHT="30" WC="0.91" CONTENT="pligtig"/><SP WIDTH="16" VPOS="747" HPOS="487"/>
							<String ID="string_62" HPOS="503" VPOS="750" WIDTH="40" HEIGHT="25" WC="0.93" CONTENT="att,"/><SP WIDTH="16" VPOS="750" HPOS="543"/>
							<String ID="string_63" HPOS="559" VPOS="748" WIDTH="72" HEIGHT="21" WC="0.96" CONTENT="innan"/><SP WIDTH="9" VPOS="748" HPOS="631"/>
							<String ID="string_64" HPOS="640" VPOS="747" WIDTH="126" HEIGHT="29" WC="0.93" CONTENT="näringens"/><SP WIDTH="10" VPOS="747" HPOS="766"/>
							<String ID="string_65" HPOS="776" VPOS="746" WIDTH="127" HEIGHT="23" WC="0.92" CONTENT="utöfvande"/>
						</TextLine>
						<TextLine ID="line_12" HPOS="151" VPOS="781" WIDTH="751" HEIGHT="30">
							<String ID="string_66" HPOS="151" VPOS="782" WIDTH="83" HEIGHT="29" WC="0.96" CONTENT="börjas,"/><SP WIDTH="17" VPOS="782" HPOS="234"/>
							<String ID="string_67" HPOS="251" VPOS="782" WIDTH="36" HEIGHT="22" WC="0.96" CONTENT="till"/><SP WIDTH="15" VPOS="782" HPOS="287"/>
							<String ID="string_68" HPOS="302" VPOS="782" WIDTH="121" HEIGHT="22" WC="0.96" CONTENT="införande"/><SP WIDTH="14" VPOS="782" HPOS="423"/>
							<String ID="string_69" HPOS="437" VPOS="782" WIDTH="9" HEIGHT="22" WC="0.93" CONTENT="i"/><SP WIDTH="14" VPOS="782" HPOS="446"/>
							<String ID="string_70" HPOS="460" VPOS="782" WIDTH="206" HEIGHT="29" WC="0.92" CONTENT="handelsregistret"/><SP WIDTH="11" VPOS="782" HPOS="666"/>
							<String ID="string_71" HPOS="677" VPOS="782" WIDTH="90" HEIGHT="21" WC="0.96" CONTENT="anmäla"/><SP WIDTH="9" VPOS="782" HPOS="767"/>
							<String ID="string_72" HPOS="776" VPOS="781" WIDTH="40" HEIGHT="22" WC="0.96" CONTENT="det"/><SP WIDTH="9" VPOS="781" HPOS="816"/>
							<String ID="string_73" HPOS="825" VPOS="789" WIDTH="77" HEIGHT="20" WC="0.96" CONTENT="namn,"/>
						</TextLine>
						<TextLine ID="line_13" HPOS="151" VPOS="816" WIDTH="752" HEIGHT="22">
							<String ID="string_74" HPOS="151" VPOS="816" WIDTH="133" HEIGHT="22" WC="0.91" CONTENT="hvarunder"/><SP WIDTH="21" VPOS="816" HPOS="284"/>
							<String ID="string_75" HPOS="305" VPOS="817" WIDTH="46" HEIGHT="21" WC="0.96" CONTENT="han"/><SP WIDTH="15" VPOS="817" HPOS="351"/>
							<String ID="string_76" HPOS="366" VPOS="820" WIDTH="79" HEIGHT="18" WC="0.92" CONTENT="ämnar"/><SP WIDTH="14" VPOS="820" HPOS="445"/>
							<String ID="string_77" HPOS="459" VPOS="816" WIDTH="107" HEIGHT="22" WC="0.92" CONTENT="bedrifva"/><SP WIDTH="15" VPOS="816" HPOS="566"/>
							<String ID="string_78" HPOS="581" VPOS="817" WIDTH="37" HEIGHT="21" WC="0.96" CONTENT="sin"/><SP WIDTH="14" VPOS="817" HPOS="618"/>
							<String ID="string_79" HPOS="632" VPOS="816" WIDTH="86" HEIGHT="22" WC="0.96" CONTENT="rörelse"/><SP WIDTH="16" VPOS="816" HPOS="718"/>
							<String ID="string_80" HPOS="734" VPOS="816" WIDTH="43" HEIGHT="22" WC="0.97" CONTENT="och"/><SP WIDTH="15" VPOS="816" HPOS="777"/>
							<String ID="string_81" HPOS="792" VPOS="823" WIDTH="49" HEIGHT="15" WC="0.96" CONTENT="som"/><SP WIDTH="15" VPOS="823" HPOS="841"/>
							<String ID="string_82" HPOS="856" VPOS="816" WIDTH="47" HEIGHT="22" WC="0.96" CONTENT="han"/>
						</TextLine>
						<TextLine ID="line_14" HPOS="151" VPOS="850" WIDTH="751" HEIGHT="24">
							<String ID="string_83" HPOS="151" VPOS="852" WIDTH="40" HEIGHT="22" WC="0.93" CONTENT="vid"/><SP WIDTH="23" VPOS="852" HPOS="191"/>
							<String ID="string_84" HPOS="214" VPOS="852" WIDTH="80" HEIGHT="22" WC="0.92" CONTENT="dervid"/><SP WIDTH="22" VPOS="852" HPOS="294"/>
							<String ID="string_85" HPOS="316" VPOS="851" WIDTH="188" HEIGHT="23" WC="0.96" CONTENT="förekommande"/><SP WIDTH="21" VPOS="851" HPOS="504"/>
							<String ID="string_86" HPOS="525" VPOS="851" WIDTH="172" HEIGHT="23" WC="0.96" CONTENT="underskrifter"/><SP WIDTH="21" VPOS="851" HPOS="697"/>
							<String ID="string_87" HPOS="718" VPOS="855" WIDTH="80" HEIGHT="18" WC="0.96" CONTENT="ämnar"/><SP WIDTH="14" VPOS="855" HPOS="798"/>
							<String ID="string_88" HPOS="812" VPOS="850" WIDTH="90" HEIGHT="24" WC="0.83" CONTENT="teckna,"/>
						</TextLine>
						<TextLine ID="line_15" HPOS="152" VPOS="886" WIDTH="345" HEIGHT="22">
							<String ID="string_89" HPOS="152" VPOS="886" WIDTH="88" HEIGHT="22" WC="0.96" CONTENT="Sådant"/><SP WIDTH="14" VPOS="886" HPOS="240"/>
							<String ID="string_90" HPOS="254" VPOS="893" WIDTH="69" HEIGHT="15" WC="0.94" CONTENT="namn"/><SP WIDTH="15" VPOS="893" HPOS="323"/>
							<String ID="string_91" HPOS="338" VPOS="886" WIDTH="73" HEIGHT="22" WC="0.96" CONTENT="kallas"/><SP WIDTH="14" VPOS="886" HPOS="411"/>
							<String ID="string_92" HPOS="425" VPOS="886" WIDTH="72" HEIGHT="22" WC="0.91" CONTENT="firma."/>
						</TextLine>
					</TextBlock>
					<TextBlock ID="block_6" HPOS="144" VPOS="920" WIDTH="760" HEIGHT="577">
						<TextLine ID="line_16" HPOS="219" VPOS="920" WIDTH="684" HEIGHT="29">
							<String ID="string_93" HPOS="219" VPOS="920" WIDTH="38" HEIGHT="21" WC="0.96" CONTENT="Nu"/><SP WIDTH="14" VPOS="920" HPOS="257"/>
							<String ID="string_94" HPOS="271" VPOS="920" WIDTH="101" HEIGHT="21" WC="0.91" CONTENT="nämnda"/><SP WIDTH="14" VPOS="920" HPOS="372"/>
							<String ID="string_95" HPOS="386" VPOS="921" WIDTH="284" HEIGHT="28" WC="0.91" CONTENT="anmälningsskyldighet"/><SP WIDTH="14" VPOS="921" HPOS="670"/>
							<String ID="string_96" HPOS="684" VPOS="920" WIDTH="89" HEIGHT="29" WC="0.96" CONTENT="åligger"/><SP WIDTH="15" VPOS="920" HPOS="773"/>
							<String ID="string_97" HPOS="788" VPOS="920" WIDTH="57" HEIGHT="22" WC="0.95" CONTENT="hvar"/><SP WIDTH="15" VPOS="920" HPOS="845"/>
							<String ID="string_98" HPOS="860" VPOS="920" WIDTH="43" HEIGHT="22" WC="0.96" CONTENT="och"/>
						</TextLine>
						<TextLine ID="line_17" HPOS="152" VPOS="955" WIDTH="752" HEIGHT="29">
							<String ID="string_99" HPOS="152" VPOS="962" WIDTH="35" HEIGHT="21" WC="0.96" CONTENT="en,"/><SP WIDTH="24" VPOS="962" HPOS="187"/>
							<String ID="string_100" HPOS="211" VPOS="962" WIDTH="49" HEIGHT="14" WC="0.95" CONTENT="som"/><SP WIDTH="22" VPOS="962" HPOS="260"/>
							<String ID="string_101" HPOS="282" VPOS="955" WIDTH="9" HEIGHT="21" WC="0.95" CONTENT="i"/><SP WIDTH="23" VPOS="955" HPOS="291"/>
							<String ID="string_102" HPOS="314" VPOS="955" WIDTH="51" HEIGHT="21" WC="0.96" CONTENT="stad"/><SP WIDTH="22" VPOS="955" HPOS="365"/>
							<String ID="string_103" HPOS="387" VPOS="955" WIDTH="56" HEIGHT="22" WC="0.95" CONTENT="eller"/><SP WIDTH="22" VPOS="955" HPOS="443"/>
							<String ID="string_104" HPOS="465" VPOS="955" WIDTH="30" HEIGHT="29" WC="0.96" CONTENT="på"/><SP WIDTH="14" VPOS="955" HPOS="495"/>
							<String ID="string_105" HPOS="509" VPOS="955" WIDTH="79" HEIGHT="22" WC="0.96" CONTENT="landet"/><SP WIDTH="15" VPOS="955" HPOS="588"/>
							<String ID="string_106" HPOS="603" VPOS="955" WIDTH="43" HEIGHT="22" WC="0.93" CONTENT="vill"/><SP WIDTH="15" VPOS="955" HPOS="646"/>
							<String ID="string_107" HPOS="661" VPOS="955" WIDTH="76" HEIGHT="22" WC="0.92" CONTENT="drifva"/><SP WIDTH="14" VPOS="955" HPOS="737"/>
							<String ID="string_108" HPOS="751" VPOS="955" WIDTH="85" HEIGHT="22" WC="0.96" CONTENT="handel"/><SP WIDTH="14" VPOS="955" HPOS="836"/>
							<String ID="string_109" HPOS="850" VPOS="955" WIDTH="54" HEIGHT="22" WC="0.96" CONTENT="med"/>
						</TextLine>
						<TextLine ID="line_18" HPOS="149" VPOS="989" WIDTH="754" HEIGHT="29">
							<String ID="string_110" HPOS="149" VPOS="989" WIDTH="125" HEIGHT="22" WC="0.96" CONTENT="utländska"/><SP WIDTH="15" VPOS="989" HPOS="274"/>
							<String ID="string_111" HPOS="289" VPOS="989" WIDTH="57" HEIGHT="22" WC="0.93" CONTENT="eller"/><SP WIDTH="14" VPOS="989" HPOS="346"/>
							<String ID="string_112" HPOS="360" VPOS="989" WIDTH="123" HEIGHT="22" WC="0.91" CONTENT="inländska"/><SP WIDTH="14" VPOS="989" HPOS="483"/>
							<String ID="string_113" HPOS="497" VPOS="997" WIDTH="68" HEIGHT="14" WC="0.96" CONTENT="varor"/><SP WIDTH="15" VPOS="997" HPOS="565"/>
							<String ID="string_114" HPOS="580" VPOS="990" WIDTH="24" HEIGHT="21" WC="0.96" CONTENT="af"/><SP WIDTH="14" VPOS="990" HPOS="604"/>
							<String ID="string_115" HPOS="618" VPOS="997" WIDTH="58" HEIGHT="21" WC="0.96" CONTENT="egen"/><SP WIDTH="16" VPOS="997" HPOS="676"/>
							<String ID="string_116" HPOS="692" VPOS="989" WIDTH="56" HEIGHT="22" WC="0.96" CONTENT="eller"/><SP WIDTH="10" VPOS="989" HPOS="748"/>
							<String ID="string_117" HPOS="758" VPOS="996" WIDTH="87" HEIGHT="15" WC="0.93" CONTENT="annans"/><SP WIDTH="11" VPOS="996" HPOS="845"/>
							<String ID="string_118" HPOS="856" VPOS="989" WIDTH="47" HEIGHT="22" WC="0.92" CONTENT="till-"/>
						</TextLine>
						<TextLine ID="line_19" HPOS="150" VPOS="1023" WIDTH="753" HEIGHT="30">
							<String ID="string_119" HPOS="150" VPOS="1023" WIDTH="118" HEIGHT="29" WC="0.95" CONTENT="verkning"/><SP WIDTH="14" VPOS="1023" HPOS="268"/>
							<String ID="string_120" HPOS="282" VPOS="1024" WIDTH="56" HEIGHT="21" WC="0.95" CONTENT="eller"/><SP WIDTH="15" VPOS="1024" HPOS="338"/>
							<String ID="string_121" HPOS="353" VPOS="1024" WIDTH="53" HEIGHT="21" WC="0.96" CONTENT="med"/><SP WIDTH="13" VPOS="1024" HPOS="406"/>
							<String ID="string_122" HPOS="419" VPOS="1025" WIDTH="85" HEIGHT="21" WC="0.96" CONTENT="böcker"/><SP WIDTH="15" VPOS="1025" HPOS="504"/>
							<String ID="string_123" HPOS="519" VPOS="1025" WIDTH="56" HEIGHT="21" WC="0.96" CONTENT="eller"/><SP WIDTH="15" VPOS="1025" HPOS="575"/>
							<String ID="string_124" HPOS="590" VPOS="1024" WIDTH="53" HEIGHT="22" WC="0.93" CONTENT="med"/><SP WIDTH="15" VPOS="1024" HPOS="643"/>
							<String ID="string_125" HPOS="658" VPOS="1024" WIDTH="80" HEIGHT="21" WC="0.92" CONTENT="vexlar"/><SP WIDTH="14" VPOS="1024" HPOS="738"/>
							<String ID="string_126" HPOS="752" VPOS="1024" WIDTH="44" HEIGHT="21" WC="0.93" CONTENT="och"/><SP WIDTH="9" VPOS="1024" HPOS="796"/>
							<String ID="string_127" HPOS="805" VPOS="1024" WIDTH="98" HEIGHT="29" WC="0.91" CONTENT="pennin-"/>
						</TextLine>
						<TextLine ID="line_20" HPOS="150" VPOS="1058" WIDTH="752" HEIGHT="29">
							<String ID="string_128" HPOS="150" VPOS="1065" WIDTH="52" HEIGHT="22" WC="0.93" CONTENT="gar;"/><SP WIDTH="16" VPOS="1065" HPOS="202"/>
							<String ID="string_129" HPOS="218" VPOS="1058" WIDTH="120" HEIGHT="29" WC="0.92" CONTENT="öfvertaga"/><SP WIDTH="10" VPOS="1058" HPOS="338"/>
							<String ID="string_130" HPOS="348" VPOS="1058" WIDTH="132" HEIGHT="29" WC="0.96" CONTENT="försäkring"/><SP WIDTH="14" VPOS="1058" HPOS="480"/>
							<String ID="string_131" HPOS="494" VPOS="1061" WIDTH="49" HEIGHT="19" WC="0.93" CONTENT="mot"/><SP WIDTH="10" VPOS="1061" HPOS="543"/>
							<String ID="string_132" HPOS="553" VPOS="1059" WIDTH="53" HEIGHT="27" WC="0.92" CONTENT="eld-,"/><SP WIDTH="12" VPOS="1059" HPOS="606"/>
							<String ID="string_133" HPOS="618" VPOS="1058" WIDTH="45" HEIGHT="29" WC="0.92" CONTENT="sjö-"/><SP WIDTH="10" VPOS="1058" HPOS="663"/>
							<String ID="string_134" HPOS="673" VPOS="1058" WIDTH="56" HEIGHT="21" WC="0.96" CONTENT="eller"/><SP WIDTH="9" VPOS="1058" HPOS="729"/>
							<String ID="string_135" HPOS="738" VPOS="1065" WIDTH="76" HEIGHT="14" WC="0.96" CONTENT="annan"/><SP WIDTH="8" VPOS="1065" HPOS="814"/>
							<String ID="string_136" HPOS="822" VPOS="1058" WIDTH="80" HEIGHT="27" WC="0.96" CONTENT="skada;"/>
						</TextLine>
						<TextLine ID="line_21" HPOS="150" VPOS="1092" WIDTH="753" HEIGHT="30">
							<String ID="string_137" HPOS="150" VPOS="1093" WIDTH="55" HEIGHT="22" WC="0.93" CONTENT="idka"/><SP WIDTH="9" VPOS="1093" HPOS="205"/>
							<String ID="string_138" HPOS="214" VPOS="1093" WIDTH="164" HEIGHT="28" WC="0.92" CONTENT="boktryckeri-,"/><SP WIDTH="16" VPOS="1093" HPOS="378"/>
							<String ID="string_139" HPOS="394" VPOS="1093" WIDTH="111" HEIGHT="29" WC="0.92" CONTENT="apoteks-,"/><SP WIDTH="14" VPOS="1093" HPOS="505"/>
							<String ID="string_140" HPOS="519" VPOS="1093" WIDTH="88" HEIGHT="28" WC="0.90" CONTENT="bruks-,"/><SP WIDTH="16" VPOS="1093" HPOS="607"/>
							<String ID="string_141" HPOS="623" VPOS="1093" WIDTH="105" HEIGHT="28" WC="0.92" CONTENT="fabriks-,"/><SP WIDTH="16" VPOS="1093" HPOS="728"/>
							<String ID="string_142" HPOS="744" VPOS="1092" WIDTH="159" HEIGHT="22" WC="0.91" CONTENT="manufaktur-"/>
						</TextLine>
						<TextLine ID="line_22" HPOS="152" VPOS="1126" WIDTH="751" HEIGHT="30">
							<String ID="string_143" HPOS="152" VPOS="1127" WIDTH="56" HEIGHT="22" WC="0.93" CONTENT="eller"/><SP WIDTH="15" VPOS="1127" HPOS="208"/>
							<String ID="string_144" HPOS="223" VPOS="1127" WIDTH="127" HEIGHT="29" WC="0.91" CONTENT="sågrörelse"/><SP WIDTH="16" VPOS="1127" HPOS="350"/>
							<String ID="string_145" HPOS="366" VPOS="1127" WIDTH="55" HEIGHT="22" WC="0.96" CONTENT="eller"/><SP WIDTH="17" VPOS="1127" HPOS="421"/>
							<String ID="string_146" HPOS="438" VPOS="1127" WIDTH="82" HEIGHT="22" WC="0.96" CONTENT="sådant"/><SP WIDTH="13" VPOS="1127" HPOS="520"/>
							<String ID="string_147" HPOS="533" VPOS="1127" WIDTH="64" HEIGHT="28" WC="0.96" CONTENT="yrke,"/><SP WIDTH="24" VPOS="1127" HPOS="597"/>
							<String ID="string_148" HPOS="621" VPOS="1133" WIDTH="49" HEIGHT="15" WC="0.96" CONTENT="som"/><SP WIDTH="15" VPOS="1133" HPOS="670"/>
							<String ID="string_149" HPOS="685" VPOS="1127" WIDTH="42" HEIGHT="21" WC="0.94" CONTENT="har"/><SP WIDTH="15" VPOS="1127" HPOS="727"/>
							<String ID="string_150" HPOS="742" VPOS="1126" WIDTH="38" HEIGHT="23" WC="0.93" CONTENT="till"/><SP WIDTH="14" VPOS="1126" HPOS="780"/>
							<String ID="string_151" HPOS="794" VPOS="1127" WIDTH="109" HEIGHT="28" WC="0.91" CONTENT="syftemål"/>
						</TextLine>
						<TextLine ID="line_23" HPOS="151" VPOS="1161" WIDTH="752" HEIGHT="30">
							<String ID="string_152" HPOS="151" VPOS="1164" WIDTH="35" HEIGHT="19" WC="0.96" CONTENT="att"/><SP WIDTH="14" VPOS="1164" HPOS="186"/>
							<String ID="string_153" HPOS="200" VPOS="1161" WIDTH="38" HEIGHT="22" WC="0.96" CONTENT="till"/><SP WIDTH="13" VPOS="1161" HPOS="238"/>
							<String ID="string_154" HPOS="251" VPOS="1161" WIDTH="140" HEIGHT="30" WC="0.96" CONTENT="försäljning"/><SP WIDTH="15" VPOS="1161" HPOS="391"/>
							<String ID="string_155" HPOS="406" VPOS="1161" WIDTH="83" HEIGHT="23" WC="0.96" CONTENT="bereda"/><SP WIDTH="15" VPOS="1161" HPOS="489"/>
							<String ID="string_156" HPOS="504" VPOS="1163" WIDTH="115" HEIGHT="20" WC="0.96" CONTENT="matvaror"/><SP WIDTH="11" VPOS="1163" HPOS="619"/>
							<String ID="string_157" HPOS="630" VPOS="1161" WIDTH="56" HEIGHT="22" WC="0.96" CONTENT="eller"/><SP WIDTH="10" VPOS="1161" HPOS="686"/>
							<String ID="string_158" HPOS="696" VPOS="1161" WIDTH="108" HEIGHT="29" WC="0.93" CONTENT="drycker;"/><SP WIDTH="15" VPOS="1161" HPOS="804"/>
							<String ID="string_159" HPOS="819" VPOS="1161" WIDTH="84" HEIGHT="28" WC="0.92" CONTENT="syssel-"/>
						</TextLine>
						<TextLine ID="line_24" HPOS="152" VPOS="1194" WIDTH="750" HEIGHT="30">
							<String ID="string_160" HPOS="152" VPOS="1197" WIDTH="60" HEIGHT="20" WC="0.96" CONTENT="sätta"/><SP WIDTH="22" VPOS="1197" HPOS="212"/>
							<String ID="string_161" HPOS="234" VPOS="1196" WIDTH="37" HEIGHT="28" WC="0.96" CONTENT="sig"/><SP WIDTH="21" VPOS="1196" HPOS="271"/>
							<String ID="string_162" HPOS="292" VPOS="1195" WIDTH="54" HEIGHT="22" WC="0.96" CONTENT="med"/><SP WIDTH="18" VPOS="1195" HPOS="346"/>
							<String ID="string_163" HPOS="364" VPOS="1198" WIDTH="34" HEIGHT="19" WC="0.96" CONTENT="att"/><SP WIDTH="15" VPOS="1198" HPOS="398"/>
							<String ID="string_164" HPOS="413" VPOS="1196" WIDTH="29" HEIGHT="28" WC="0.93" CONTENT="på"/><SP WIDTH="14" VPOS="1196" HPOS="442"/>
							<String ID="string_165" HPOS="456" VPOS="1196" WIDTH="83" HEIGHT="28" WC="0.91" CONTENT="beting"/><SP WIDTH="14" VPOS="1196" HPOS="539"/>
							<String ID="string_166" HPOS="553" VPOS="1196" WIDTH="99" HEIGHT="28" WC="0.96" CONTENT="uppföra"/><SP WIDTH="13" VPOS="1196" HPOS="652"/>
							<String ID="string_167" HPOS="665" VPOS="1194" WIDTH="43" HEIGHT="22" WC="0.96" CONTENT="och"/><SP WIDTH="14" VPOS="1194" HPOS="708"/>
							<String ID="string_168" HPOS="722" VPOS="1195" WIDTH="114" HEIGHT="21" WC="0.96" CONTENT="förbättra"/><SP WIDTH="15" VPOS="1195" HPOS="836"/>
							<String ID="string_169" HPOS="851" VPOS="1195" WIDTH="51" HEIGHT="27" WC="0.96" CONTENT="hus,"/>
						</TextLine>
						<TextLine ID="line_25" HPOS="150" VPOS="1230" WIDTH="753" HEIGHT="29">
							<String ID="string_170" HPOS="150" VPOS="1230" WIDTH="136" HEIGHT="29" WC="0.96" CONTENT="byggnader"/><SP WIDTH="13" VPOS="1230" HPOS="286"/>
							<String ID="string_171" HPOS="299" VPOS="1230" WIDTH="43" HEIGHT="22" WC="0.96" CONTENT="och"/><SP WIDTH="15" VPOS="1230" HPOS="342"/>
							<String ID="string_172" HPOS="357" VPOS="1230" WIDTH="136" HEIGHT="22" WC="0.96" CONTENT="mekaniska"/><SP WIDTH="14" VPOS="1230" HPOS="493"/>
							<String ID="string_173" HPOS="507" VPOS="1230" WIDTH="165" HEIGHT="28" WC="0.96" CONTENT="inrättningar;"/><SP WIDTH="24" VPOS="1230" HPOS="672"/>
							<String ID="string_174" HPOS="696" VPOS="1230" WIDTH="56" HEIGHT="21" WC="0.96" CONTENT="eller"/><SP WIDTH="14" VPOS="1230" HPOS="752"/>
							<String ID="string_175" HPOS="766" VPOS="1230" WIDTH="79" HEIGHT="28" WC="0.95" CONTENT="bygga"/><SP WIDTH="14" VPOS="1230" HPOS="845"/>
							<String ID="string_176" HPOS="859" VPOS="1230" WIDTH="44" HEIGHT="21" WC="0.96" CONTENT="och"/>
						</TextLine>
						<TextLine ID="line_26" HPOS="150" VPOS="1263" WIDTH="753" HEIGHT="29">
							<String ID="string_177" HPOS="150" VPOS="1266" WIDTH="92" HEIGHT="20" WC="0.96" CONTENT="utrusta"/><SP WIDTH="14" VPOS="1266" HPOS="242"/>
							<String ID="string_178" HPOS="256" VPOS="1264" WIDTH="79" HEIGHT="28" WC="0.96" CONTENT="fartyg"/><SP WIDTH="15" VPOS="1264" HPOS="335"/>
							<String ID="string_179" HPOS="350" VPOS="1264" WIDTH="37" HEIGHT="22" WC="0.96" CONTENT="till"/><SP WIDTH="15" VPOS="1264" HPOS="387"/>
							<String ID="string_180" HPOS="402" VPOS="1264" WIDTH="139" HEIGHT="28" WC="0.96" CONTENT="försäljning"/><SP WIDTH="14" VPOS="1264" HPOS="541"/>
							<String ID="string_181" HPOS="555" VPOS="1264" WIDTH="57" HEIGHT="21" WC="0.96" CONTENT="eller"/><SP WIDTH="12" VPOS="1264" HPOS="612"/>
							<String ID="string_182" HPOS="624" VPOS="1263" WIDTH="150" HEIGHT="22" WC="0.96" CONTENT="användande"/><SP WIDTH="10" VPOS="1263" HPOS="774"/>
							<String ID="string_183" HPOS="784" VPOS="1263" WIDTH="36" HEIGHT="22" WC="0.93" CONTENT="för"/><SP WIDTH="10" VPOS="1263" HPOS="820"/>
							<String ID="string_184" HPOS="830" VPOS="1263" WIDTH="73" HEIGHT="22" WC="0.92" CONTENT="frakt-"/>
						</TextLine>
						<TextLine ID="line_27" HPOS="150" VPOS="1298" WIDTH="752" HEIGHT="29">
							<String ID="string_185" HPOS="150" VPOS="1299" WIDTH="47" HEIGHT="21" WC="0.96" CONTENT="fart"/><SP WIDTH="14" VPOS="1299" HPOS="197"/>
							<String ID="string_186" HPOS="211" VPOS="1301" WIDTH="65" HEIGHT="19" WC="0.96" CONTENT="utom"/><SP WIDTH="14" VPOS="1301" HPOS="276"/>
							<String ID="string_187" HPOS="290" VPOS="1298" WIDTH="113" HEIGHT="22" WC="0.95" CONTENT="Finlands"/><SP WIDTH="15" VPOS="1298" HPOS="403"/>
							<String ID="string_188" HPOS="418" VPOS="1302" WIDTH="101" HEIGHT="25" WC="0.95" CONTENT="gränser."/><SP WIDTH="30" VPOS="1302" HPOS="519"/>
							<String ID="string_189" HPOS="549" VPOS="1298" WIDTH="67" HEIGHT="22" WC="0.96" CONTENT="Dock"/><SP WIDTH="15" VPOS="1298" HPOS="616"/>
							<String ID="string_190" HPOS="631" VPOS="1302" WIDTH="39" HEIGHT="18" WC="0.93" CONTENT="äro"/><SP WIDTH="16" VPOS="1302" HPOS="670"/>
							<String ID="string_191" HPOS="686" VPOS="1298" WIDTH="158" HEIGHT="28" WC="0.91" CONTENT="undantagne:"/><SP WIDTH="24" VPOS="1298" HPOS="844"/>
							<String ID="string_192" HPOS="868" VPOS="1298" WIDTH="34" HEIGHT="27" WC="0.95" CONTENT="de,"/>
						</TextLine>
						<TextLine ID="line_28" HPOS="144" VPOS="1332" WIDTH="760" HEIGHT="29">
							<String ID="string_193" HPOS="144" VPOS="1333" WIDTH="58" HEIGHT="21" WC="0.64" CONTENT="&quot;som"/><SP WIDTH="22" VPOS="1333" HPOS="202"/>
							<String ID="string_194" HPOS="224" VPOS="1332" WIDTH="74" HEIGHT="29" WC="0.96" CONTENT="enligt"/><SP WIDTH="23" VPOS="1332" HPOS="298"/>
							<String ID="string_195" HPOS="321" VPOS="1332" WIDTH="106" HEIGHT="29" WC="0.96" CONTENT="gällande"/><SP WIDTH="22" VPOS="1332" HPOS="427"/>
							<String ID="string_196" HPOS="449" VPOS="1332" WIDTH="139" HEIGHT="28" WC="0.96" CONTENT="förordning"/><SP WIDTH="15" VPOS="1332" HPOS="588"/>
							<String ID="string_197" HPOS="603" VPOS="1340" WIDTH="37" HEIGHT="14" WC="0.95" CONTENT="om"/><SP WIDTH="16" VPOS="1340" HPOS="640"/>
							<String ID="string_198" HPOS="656" VPOS="1332" WIDTH="140" HEIGHT="28" WC="0.93" CONTENT="näringarna"/><SP WIDTH="14" VPOS="1332" HPOS="796"/>
							<String ID="string_199" HPOS="810" VPOS="1339" WIDTH="42" HEIGHT="21" WC="0.91" CONTENT="ega"/><SP WIDTH="15" VPOS="1339" HPOS="852"/>
							<String ID="string_200" HPOS="867" VPOS="1334" WIDTH="37" HEIGHT="19" WC="0.92" CONTENT="ut-"/>
						</TextLine>
						<TextLine ID="line_29" HPOS="151" VPOS="1366" WIDTH="752" HEIGHT="30">
							<String ID="string_201" HPOS="151" VPOS="1367" WIDTH="54" HEIGHT="22" WC="0.91" CONTENT="öfva"/><SP WIDTH="14" VPOS="1367" HPOS="205"/>
							<String ID="string_202" HPOS="219" VPOS="1367" WIDTH="153" HEIGHT="29" WC="0.91" CONTENT="näringsyrke"/><SP WIDTH="15" VPOS="1367" HPOS="372"/>
							<String ID="string_203" HPOS="387" VPOS="1369" WIDTH="56" HEIGHT="20" WC="0.96" CONTENT="utan"/><SP WIDTH="14" VPOS="1369" HPOS="443"/>
							<String ID="string_204" HPOS="457" VPOS="1367" WIDTH="100" HEIGHT="21" WC="0.96" CONTENT="särskild"/><SP WIDTH="11" VPOS="1367" HPOS="557"/>
							<String ID="string_205" HPOS="568" VPOS="1367" WIDTH="116" HEIGHT="26" WC="0.96" CONTENT="anmälan;"/><SP WIDTH="12" VPOS="1367" HPOS="684"/>
							<String ID="string_206" HPOS="696" VPOS="1366" WIDTH="153" HEIGHT="28" WC="0.96" CONTENT="jordbrukare"/><SP WIDTH="11" VPOS="1366" HPOS="849"/>
							<String ID="string_207" HPOS="860" VPOS="1366" WIDTH="43" HEIGHT="22" WC="0.96" CONTENT="och"/>
						</TextLine>
						<TextLine ID="line_30" HPOS="152" VPOS="1400" WIDTH="751" HEIGHT="29">
							<String ID="string_208" HPOS="152" VPOS="1402" WIDTH="79" HEIGHT="21" WC="0.91" CONTENT="idkare"/><SP WIDTH="23" VPOS="1402" HPOS="231"/>
							<String ID="string_209" HPOS="254" VPOS="1402" WIDTH="24" HEIGHT="21" WC="0.96" CONTENT="af"/><SP WIDTH="17" VPOS="1402" HPOS="278"/>
							<String ID="string_210" HPOS="295" VPOS="1402" WIDTH="27" HEIGHT="21" WC="0.96" CONTENT="de"/><SP WIDTH="16" VPOS="1402" HPOS="322"/>
							<String ID="string_211" HPOS="338" VPOS="1402" WIDTH="115" HEIGHT="27" WC="0.96" CONTENT="näringar,"/><SP WIDTH="22" VPOS="1402" HPOS="453"/>
							<String ID="string_212" HPOS="475" VPOS="1401" WIDTH="81" HEIGHT="22" WC="0.96" CONTENT="hvilka"/><SP WIDTH="16" VPOS="1401" HPOS="556"/>
							<String ID="string_213" HPOS="572" VPOS="1401" WIDTH="53" HEIGHT="21" WC="0.96" CONTENT="med"/><SP WIDTH="12" VPOS="1401" HPOS="625"/>
							<String ID="string_214" HPOS="637" VPOS="1400" WIDTH="139" HEIGHT="29" WC="0.93" CONTENT="jordbruket"/><SP WIDTH="14" VPOS="1400" HPOS="776"/>
							<String ID="string_215" HPOS="790" VPOS="1408" WIDTH="113" HEIGHT="14" WC="0.92" CONTENT="samman-"/>
						</TextLine>
						<TextLine ID="line_31" HPOS="150" VPOS="1434" WIDTH="752" HEIGHT="29">
							<String ID="string_216" HPOS="150" VPOS="1435" WIDTH="77" HEIGHT="28" WC="0.95" CONTENT="hänga"/><SP WIDTH="22" VPOS="1435" HPOS="227"/>
							<String ID="string_217" HPOS="249" VPOS="1435" WIDTH="55" HEIGHT="22" WC="0.96" CONTENT="eller"/><SP WIDTH="23" VPOS="1435" HPOS="304"/>
							<String ID="string_218" HPOS="327" VPOS="1436" WIDTH="75" HEIGHT="20" WC="0.96" CONTENT="såsom"/><SP WIDTH="21" VPOS="1436" HPOS="402"/>
							<String ID="string_219" HPOS="423" VPOS="1435" WIDTH="98" HEIGHT="21" WC="0.96" CONTENT="föremål"/><SP WIDTH="14" VPOS="1435" HPOS="521"/>
							<String ID="string_220" HPOS="535" VPOS="1435" WIDTH="37" HEIGHT="21" WC="0.93" CONTENT="för"/><SP WIDTH="14" VPOS="1435" HPOS="572"/>
							<String ID="string_221" HPOS="586" VPOS="1434" WIDTH="81" HEIGHT="22" WC="0.91" CONTENT="husflit"/><SP WIDTH="15" VPOS="1434" HPOS="667"/>
							<String ID="string_222" HPOS="682" VPOS="1437" WIDTH="38" HEIGHT="18" WC="0.96" CONTENT="äro"/><SP WIDTH="16" VPOS="1437" HPOS="720"/>
							<String ID="string_223" HPOS="736" VPOS="1436" WIDTH="34" HEIGHT="19" WC="0.96" CONTENT="att"/><SP WIDTH="14" VPOS="1436" HPOS="770"/>
							<String ID="string_224" HPOS="784" VPOS="1434" WIDTH="118" HEIGHT="26" WC="0.96" CONTENT="betrakta;"/>
						</TextLine>
						<TextLine ID="line_32" HPOS="151" VPOS="1468" WIDTH="753" HEIGHT="29">
							<String ID="string_225" HPOS="151" VPOS="1469" WIDTH="175" HEIGHT="28" WC="0.89" CONTENT="handtverkare,"/><SP WIDTH="24" VPOS="1469" HPOS="326"/>
							<String ID="string_226" HPOS="350" VPOS="1476" WIDTH="50" HEIGHT="15" WC="0.96" CONTENT="som"/><SP WIDTH="22" VPOS="1476" HPOS="400"/>
							<String ID="string_227" HPOS="422" VPOS="1468" WIDTH="197" HEIGHT="29" WC="0.96" CONTENT="hufvudsakligen"/><SP WIDTH="15" VPOS="1468" HPOS="619"/>
							<String ID="string_228" HPOS="634" VPOS="1468" WIDTH="30" HEIGHT="29" WC="0.97" CONTENT="på"/><SP WIDTH="14" VPOS="1468" HPOS="664"/>
							<String ID="string_229" HPOS="678" VPOS="1468" WIDTH="142" HEIGHT="28" WC="0.96" CONTENT="beställning"/><SP WIDTH="15" VPOS="1468" HPOS="820"/>
							<String ID="string_230" HPOS="835" VPOS="1475" WIDTH="69" HEIGHT="14" WC="0.96" CONTENT="varor"/>
						</TextLine>
					</TextBlock>
				</ComposedBlock>
				<GraphicalElement ID="cblock_5" HPOS="1112" VPOS="1010" WIDTH="11" HEIGHT="680"></GraphicalElement >
			</PrintSpace>
		</Page>
	</Layout>
</alto>
