1120 1770
266 145 28 20 24
445 144 29 21 U.
488 145 27 20 B.
533 155 24 4 —
573 144 71 27 Prop.
660 144 40 21 N:o
714 144 36 21 21.

239 200 117 27 delegares
380 199 51 27 död,
448 200 78 28 äligge
541 198 320 28 anmälningsskyldigheten,
877 200 64 19 utom
958 198 28 20 de

238 233 74 28 Ofrige
328 233 121 28 ansvarige
460 233 186 29 bolagsmännen,
655 232 87 29 jemväl
753 232 44 22 den
806 232 98 22 aflidnes
913 232 73 21 sterb-

238 262 156 33 husdelegare.

305 301 12 21 I
346 301 66 28 fråga
434 308 37 14 om
493 308 75 14 annan
592 300 99 28 ändring
714 304 29 18 än
768 301 114 21 rörelsens
897 300 89 29 upphö-

237 335 72 21 rande
327 335 77 28 äligge
424 334 313 29 anmälningsskyldigheten
752 335 94 27 enhvar,
862 341 49 15 som
927 335 60 21 efter

238 370 129 28 ändringen
382 369 94 21 utöfvar
491 370 56 20 eller
561 372 25 18 är
601 369 108 28 ansvarig
728 370 107 27 delegare
860 370 6 20 i
878 370 109 25 rörelsen,

238 404 61 27 eller,
319 403 29 21 dä
372 403 66 28 fräga
453 407 25 17 är
493 410 36 14 om
545 403 139 28 aktiebolag,
701 407 25 17 är
741 403 101 21 ledamot
856 404 8 20 i
881 404 106 27 bolagets

238 438 103 28 styrelse.
372 437 58 21 Sker
456 438 99 28 ändring
577 437 8 21 i
607 437 85 29 sjelfva
713 438 89 25 firman,
828 437 60 22 skall
909 437 78 21 tillika

238 471 138 28 fullständig
391 471 174 22 firmaanmälan
580 475 74 24 göras.

579 547 27 22 19
621 547 20 27 8.

307 593 49 21 Har
378 599 83 22 genom
483 593 53 28 laga
550 592 63 22 kraft
628 599 95 15 vunnen
739 593 53 22 dom
807 592 80 22 blifvit
902 592 85 21 förkla-

238 627 58 27 radt,
319 629 35 19 att
370 626 107 22 anmälan
492 627 51 21 icke
559 627 52 22 bort
626 627 91 28 intagas
733 627 8 21 i
757 627 108 28 registret
880 627 57 21 eller
953 629 34 18 att

239 662 72 27 nägot
325 661 151 28 förhällande,
492 662 95 21 hvarom
598 661 142 29 inskrifning
751 662 69 27 skett,
830 661 93 22 ändrats
932 662 55 21 eller

238 696 108 28 upphört,
369 695 61 22 skall
452 695 83 22 sädant
557 696 34 21 för
611 695 77 22 derom
705 696 99 21 skeende
821 695 165 29 anteckning
970 691 20 37 i

238 730 109 28 registret
362 729 103 22 anmälas
481 731 25 20 af
519 729 133 29 nägondera
666 733 83 25 parten
765 731 41 21 hos
822 730 44 21 den
880 730 106 29 myndig-

238 763 45 28 het,
299 763 39 22 till
352 763 96 22 hvilken
464 764 106 21 anmälan
585 763 97 22 rörande
693 764 151 29 registrering
854 764 132 28 inlemnats,

238 798 96 21 hvilken
363 797 139 29 myndighet
524 798 39 21 det
585 798 89 29 äligger
689 799 46 21 slik
751 799 106 21 anmälan
873 798 113 29 ofördröj-

238 832 63 28 ligen
323 832 39 21 till
384 832 331 29 registreringsmyndigheten
738 833 104 28 insämda,
856 833 72 29 jemte
948 832 39 22 det

238 867 143 27 anteckning
403 873 36 15 om
462 867 155 21 förhällandet
640 867 42 22 bör
704 868 7 20 i
728 868 45 21 den
787 868 78 21 lokala
880 867 107 29 myndig-

239 901 81 21 hetens
335 900 149 28 förteckning
499 902 63 20 öfver
572 902 260 28 registeranmälningar
842 896 143 28 verkställas.

238 934 174 22 Underrättelse
428 942 37 14 om
481 936 72 20 sådan
563 936 142 28 anteckning
716 936 60 22 skall
786 936 116 28 kungöras
912 936 74 21 såsom

237 969 9 21 i
262 970 12 19 4
290 970 13 26 8
319 972 73 25 säges.

578 1011 28 21 20
621 1011 19 25 8.

306 1054 110 21 Inträffar
430 1054 101 22 konkurs
547 1055 56 21 eller
618 1055 67 21 sökes
700 1056 155 28 årsstämning
866 1055 37 21 för
914 1055 72 21 aktie-

238 1088 76 28 bolag,
330 1088 59 21 skall
405 1088 168 22 underrättelse
589 1096 36 14 om
641 1090 45 21 den
702 1090 121 28 offentliga
838 1089 147 29 stämningen

238 1122 120 28 samtidigt
387 1122 52 21 med
461 1122 154 28 kungörelsen
638 1124 78 21 derom
738 1131 84 21 genom
845 1123 140 22 domstolens

238 1156 90 28 försorg
350 1156 117 22 meddelas
489 1158 330 28 registreringsmyndigheten
840 1158 37 22 för
893 1157 92 22 anteck-

237 1192 58 27 ning
310 1190 26 22 af
347 1190 155 22 förhållandet
517 1192 34 20 uti
567 1191 210 30 handelsregistret.
806 1192 76 22 Sådan
894 1192 91 22 anteck-

238 1226 58 27 ning
317 1232 36 14 om
369 1225 102 21 konkurs
487 1226 59 21 skall
563 1226 89 27 afföras,
668 1227 29 21 då
712 1228 141 27 gäldenären
868 1228 68 25 visar,
952 1228 34 19 att

238 1259 47 21 han
307 1266 53 21 eger
382 1259 26 21 få
425 1259 44 21 den
485 1260 106 21 afträdda
606 1261 142 28 egendomen
764 1261 37 21 till
816 1262 36 27 sig
868 1260 117 26 återstäld,

238 1293 56 21 eller
317 1295 34 19 att
374 1293 131 21 konkursen
529 1295 56 27 eljes
608 1299 25 16 är
655 1297 35 18 att
705 1303 66 13 anses
787 1297 75 20 såsom
878 1295 106 21 afslutad.

239 1327 129 26 Angående
391 1326 99 21 nämnda
513 1327 197 28 omständigheter
731 1328 60 21 skall
812 1327 173 29 registrerings-

238 1359 168 29 myndigheten
428 1359 135 23 underrätta
585 1360 44 22 den
650 1360 77 22 lokala
742 1362 144 28 myndighet,
902 1369 83 21 genom

238 1394 95 21 hvilken
350 1394 106 21 anmälan
472 1401 37 14 om
524 1394 176 30 inregistrering
715 1396 26 21 af
753 1396 65 22 firma
834 1397 68 28 skett,
918 1396 8 22 i
942 1396 43 22 och

239 1428 35 22 för
296 1428 154 29 anmärkning
468 1429 8 21 i
492 1429 44 21 den
551 1429 154 30 förteckning,
721 1430 95 23 hvarom
832 1432 7 21 i
856 1433 10 20 1
883 1433 13 26 &
912 1434 71 26 säges.

306 1486 48 23 Lag-
366 1486 32 18 och
410 1486 181 20 Ekonomiutskottets
603 1488 111 19 betänkande
725 1489 37 18 N:o
774 1490 17 18 3.
