1123 1784
450 136 43 24 N:o
511 138 21 22 9.
826 136 13 20 3

117 204 63 21 dessa
202 204 158 26 arrendelotter
381 204 45 21 ofta
441 204 64 22 hafva
519 205 7 21 i
541 204 134 22 förhållande
691 204 31 21 till
739 205 129 26 stomlägen-

117 237 70 23 heten.
217 237 113 22 Likaledes
352 238 40 21 har
415 238 36 21 det
467 241 81 19 ansetts
563 239 70 26 billigt
648 240 32 19 att
695 238 136 22 innehafvare
847 238 23 22 af

116 271 6 21 i
139 271 48 22 stad
209 271 114 28 befintliga,
347 273 23 22 så
393 273 86 22 kallade
496 273 54 22 ofria
565 275 84 24 tomter,
665 272 32 21 för
713 273 107 21 desamma
835 279 32 16 er-

117 307 62 27 lägga
194 306 235 29 fastighetsbevillning.

184 341 212 28 Inkomstbevillning
410 341 84 22 erlades
510 342 91 27 tidigare
614 342 78 27 jemväl
708 341 33 22 för
756 342 112 27 tillökning

117 375 22 22 af
152 375 173 27 förmögenheten
340 383 75 20 genom
431 375 40 27 arf,
487 379 126 19 testamente
628 383 27 14 m.
672 382 26 15 m.
723 376 50 21 Men
789 376 27 21 då
831 376 37 21 ök-

116 410 50 27 ning
189 410 23 21 af
233 409 256 28 kapitalförmögenheten
513 411 18 26 ej
554 411 43 21 kan
616 411 106 21 likställas
737 411 49 21 med
801 411 66 21 årsin-

116 445 76 26 komst,
216 445 90 21 likasom
329 445 19 27 ej
372 445 66 22 heller
460 445 77 22 förlust
556 445 23 21 af
599 445 83 27 kapital
704 445 115 27 berättigat
835 445 33 21 till

116 479 74 27 afdrag
213 479 47 22 från
282 480 126 26 inkomsten,
424 481 40 20 har
479 480 6 21 i
503 481 25 20 14
543 480 12 28 $
570 480 76 22 införts
661 480 118 27 stadgande
795 481 71 20 derom

116 515 32 20 att
170 514 210 27 inkomstbevillning
394 515 27 26 ej
438 515 54 21 skall
508 517 87 25 utgöras
610 515 33 21 för
659 515 79 26 ökning
753 515 24 20 af
789 514 78 22 förmö-

116 549 104 26 genheten
244 555 75 21 genom
336 549 39 26 arf,
392 549 68 27 gåfva,
476 549 146 28 lifförsäkring
636 549 53 22 eller
703 555 74 22 genom
794 549 74 28 fastig-

115 583 182 28 hetsförsäljning,
320 583 85 22 hvilken
420 584 18 27 ej
458 583 105 22 bedrifves
578 584 68 21 såsom
663 584 81 27 näring,
760 586 55 19 samt
831 591 37 14 an-

116 619 36 20 nat
174 617 102 22 likartadt
295 618 85 21 förvärf.
410 618 81 21 Endast
506 618 149 27 afkastningen
672 618 23 21 af
708 619 66 21 sådan
790 618 78 21 förmö-

117 652 169 27 genhetsökning
303 653 37 21 bör
355 653 119 26 principielt
489 655 76 25 utgöra
581 653 90 21 föremål
690 653 33 21 för
738 653 130 21 inkomstbe-

118 686 94 28 villning.
252 687 110 27 Kapitalet
387 687 109 21 beskattas
522 688 95 21 deremot
641 687 124 27 lämpligare
790 693 77 21 genom

117 721 241 28 stämpelbevillningen;
374 722 40 20 och
429 722 7 20 i
452 722 36 21 det
503 722 32 21 till
551 721 129 23 Ständernas
695 721 128 27 behandling
835 721 30 21 öf-

115 756 134 21 verlemnade
272 756 103 28 förslaget
396 756 33 21 till
451 756 123 28 förordning
599 756 109 27 angående
731 756 134 22 sistnämnda

116 790 116 28 bevillning
248 791 39 21 har
300 791 78 27 jemväl
394 791 76 21 införts
486 791 83 27 förhöjd
585 791 150 27 stämpelskatt
752 791 27 27 på
789 790 34 22 arf
831 797 36 21 ge-

116 831 48 21 gom
180 826 94 26 stegring
285 826 23 21 af
316 825 180 27 stämpelafgiften
506 826 33 21 för
549 825 318 28 bouppteckningsinstrument.

184 860 95 21 Emedan
298 860 67 22 aktie-
380 860 39 21 och
435 860 119 28 bankbolag
569 860 72 22 erlade
658 860 210 27 inkomstbevillning

115 895 33 21 för
170 894 57 22 årets
246 902 50 15 rena
312 896 62 26 vinst,
391 895 64 22 borde
472 896 64 27 enligt
551 895 91 28 tidigare
657 895 97 27 gällande
769 896 98 27 stadgan-

116 930 40 21 den
171 930 33 21 vid
221 931 96 26 taxering
331 931 134 26 undantagas
480 930 55 21 hvad
546 929 211 28 bevillningsskyldig
767 930 101 27 uppburit

116 964 70 21 såsom
209 964 100 22 dividend
324 965 48 21 från
388 965 92 21 nämnda
495 965 70 26 bolag.
595 965 73 21 Denna
683 964 117 27 anordning
816 965 52 26 möj-

116 998 102 28 liggjorde
234 999 120 22 emellertid
370 999 168 27 undandöljande
554 999 24 21 af
591 998 108 23 enskildes
714 999 95 27 verkliga
825 999 42 21 till-

115 1033 88 28 gångar,
226 1033 39 22 och
288 1034 40 21 har
344 1034 72 21 derför
431 1033 140 22 omförmälda
586 1034 109 26 undantag
709 1033 33 21 för
758 1033 110 22 dividend-

116 1068 136 27 utdelningar
268 1068 5 21 i
290 1068 102 27 förslaget
415 1068 107 22 uteslutits
545 1069 39 21 och
603 1067 108 22 föreskrift
727 1067 7 21 i
749 1068 72 21 stället
835 1069 34 20 in-

116 1103 65 26 tagits
196 1103 72 21 derom
284 1105 32 19 att
331 1103 23 21 af
368 1103 66 21 aktie-
451 1102 39 22 och
498 1103 131 27 bankbolags
639 1103 93 21 inkomst
743 1104 31 19 ett
784 1102 83 27 belopp,

116 1136 148 22 motsvarande
279 1136 41 22 fem
336 1140 86 24 procent
438 1137 12 21 å
464 1137 106 21 inbetaldt
586 1136 145 28 aktiekapital,
747 1136 35 22 må
797 1136 70 22 såsom

115 1172 175 27 bevillningsfritt
305 1172 105 26 afdragas.

183 1207 43 21 För
248 1208 32 20 att
302 1206 99 22 befordra
423 1207 79 21 allmän
525 1206 132 27 sparsamhet
675 1206 39 21 har
730 1206 64 21 bland
809 1206 58 21 med-

115 1241 58 28 gifna
189 1241 75 28 afdrag
279 1240 47 22 från
342 1240 100 23 behällna
457 1241 119 21 inkomsten
592 1241 7 21 i
616 1242 25 20 16
657 1240 9 28 $
679 1240 117 28 upptagits:
813 1240 55 27 årlig

116 1276 212 27 premieinbetalning
350 1275 33 21 till
405 1275 95 22 lifränte-
520 1275 39 21 och
574 1274 294 28 kapitalförsäkringsanstalt

116 1311 52 21 eller
183 1310 33 22 till
232 1310 34 22 lif-
281 1310 53 22 eller
350 1309 326 28 olycksfallsförsäkringsbolag,
692 1309 55 21 dock
762 1308 63 28 högst
835 1309 33 21 till

116 1347 31 20 ett
169 1345 77 27 belopp
266 1345 22 21 af
302 1344 116 23 trehundra
434 1345 68 21 mark.
531 1344 10 22 I
557 1344 86 27 analogi
659 1344 88 21 härmed
762 1343 40 22 bar
815 1343 53 29 jem-

116 1380 33 21 väl
164 1379 96 28 stadgats
276 1382 32 19 att
324 1379 74 27 afdrag
413 1380 35 20 må
462 1380 38 21 ske
515 1380 33 21 för
563 1379 92 27 afgifter,
671 1384 45 16 som
729 1378 28 28 på
766 1378 70 28 grund
846 1378 22 21 af

116 1415 34 25 lag
172 1415 53 20 eller.
246 1415 102 19 kontrakt
370 1414 98 26 erläggas
490 1414 32 20 till
538 1414 114 26 pensions-,
668 1413 69 24 enke-
747 1413 38 20 och
800 1412 68 26 pupill

115 1448 53 22 eller
190 1454 71 15 annan
284 1447 198 23 understödskassa.
511 1447 113 22 Likaledes
639 1446 45 27 har,
700 1446 31 21 till
747 1445 123 22 beredande
