1120 1781
256 177 26 20 32

442 177 29 22 U.
486 177 27 22 B.
528 190 26 3 —
570 178 73 29 Prop.
659 179 42 22 N:o
717 178 38 23 22.

489 247 8 20 i
508 246 48 27 fall
571 247 109 20 sökanden
696 247 46 21 icke
756 247 117 28 uppgifver
882 248 33 27 sig
925 248 57 26 sjelf

432 286 53 14 vara
500 280 136 27 uppfinnare,
651 281 51 21 eller
720 281 106 28 åberopar
843 282 69 21 sådan
925 284 51 23 rätt,

432 321 43 14 som
487 316 88 19 nämnes
590 316 9 19 i
614 316 14 20 3
642 315 15 27 $
677 317 8 19 3
695 322 60 15 mom.
778 317 9 20 i
796 316 181 27 förordnin-

430 355 52 21 gen
497 349 147 27 angående
657 350 246 28 patentajfdenna
915 350 61 28 dag,

433 383 114 28 utredning
567 384 71 21 derom
660 386 32 19 att
707 385 44 20 han
774 387 26 18 är
820 385 157 27 uppfinnarens

432 418 209 28 rättsinnehafvare;
656 421 56 18 samt

488 452 8 20 i
506 452 47 28 fall
568 452 109 21 sökanden
693 455 26 18 är
735 452 77 21 boende
827 456 57 17 utom
897 453 79 24 landet,

428 486 108 27 fullmakt
554 487 42 27 för
612 489 27 18 ett
654 487 57 20 inom
727 487 74 21 landet
816 487 67 20 bosatt
899 487 77 21 ombud

432 523 31 18 att
479 521 7 20 i
501 521 40 21 allt
556 521 56 21 hvad
624 524 96 25 patentet
736 522 70 27 angär
815 521 42 27 för
867 521 109 21 sökanden

432 556 45 19 tala
494 554 37 22 och
546 562 73 18 svara;
635 555 38 21 och
689 555 51 21 böra
755 555 108 21 ombudets
875 556 52 27 yrke
939 556 36 20 och

432 590 122 26 postadress
569 589 72 21 tillika
657 590 125 27 uppgifvas.

488 624 169 28 Beskrijningen
673 624 58 20 skall
747 631 52 13 vara
814 624 25 20 så
855 624 68 28 tydlig
939 624 37 20 och

428 658 143 26 fullständig,
594 661 31 18 att
643 658 122 28 sakkunnig
775 664 78 21 person
871 658 42 20 kan
929 658 47 20 med

432 692 87 27 ledning
534 692 70 27 deraf
614 693 79 24 utöfva
707 692 156 28 uppfinningen.
895 692 36 21 Uti
943 692 33 21 be-

432 726 140 28 skrifningen
593 727 57 20 skall
671 726 103 22 bestämdt
790 727 37 21 och
843 727 78 27 tydligt
936 734 41 14 an-

431 760 73 28 gifvas
525 762 56 20 hvad
604 762 110 20 sökanden
736 768 64 14 anser
821 768 53 14 vara
890 762 34 20 det
939 764 37 18 vä-

432 796 92 27 sentliga
540 796 37 20 och
593 803 43 21 nya
651 796 8 21 i
675 796 163 27 uppfinningen.

489 830 65 21 Sökes
563 832 77 26 patent
652 830 12 20 å
669 830 60 26 flera
740 830 162 28 uppfinningar,
911 830 65 21 varde

430 864 111 21 särskilda
559 864 268 28 ansökningshandlingar
837 865 44 26 för
897 864 79 21 enhvar

432 898 95 28 ingifna.

678 1009 13 18 3
706 1008 19 26 $.

488 1075 50 21 Har
552 1075 109 22 sökanden
677 1076 20 27 e&
712 1075 69 28 bilagt
796 1076 40 20 den
853 1077 6 18 i
874 1078 15 19 2
904 1077 12 26 $
933 1083 42 14 om-

426 1109 116 27 Jörmälda
566 1110 73 27 afgift
653 1111 51 20 eller
715 1111 42 26 för
773 1111 38 20 der
825 1111 90 20 nämndt
927 1110 47 27 fall

430 1144 104 27 stadgade
554 1143 114 28 fullmakt,
691 1145 35 20 må
741 1143 148 29 ansökningen
905 1145 22 27 ej
941 1145 34 20 till

426 1178 110 27 pröfning
551 1181 114 26 upptagas.
696 1178 84 22 Finner
795 1178 177 27 Industristyrel-

429 1219 44 18 sen,
484 1215 31 18 att
523 1215 75 24 patent
613 1213 14 20 &
643 1213 168 28 uppfinningens
819 1213 98 27 föremål
930 1213 44 21 icke

426 1247 43 26 får
483 1247 115 25 meddelas,
614 1247 51 22 eller
681 1249 31 18 att
725 1247 156 28 uppfinningen
892 1254 83 21 uppen-

430 1281 96 26 barligen
541 1281 46 21 icke
602 1283 26 19 är
643 1288 34 21 ny,
694 1282 65 21 varde
774 1282 148 27 ansökningen
937 1282 36 27 af-

428 1316 80 26 slagen.

484 1348 142 21 Förekomma
641 1349 72 20 andra
729 1344 76 25 brister
817 1350 28 19 än
857 1349 68 27 ofvan
935 1350 38 19 äro

427 1382 105 26 nämnda,
548 1382 115 29 förelägge
677 1383 204 26 Industristyrelsen
897 1382 76 21 sökan-

429 1416 40 22 den
484 1417 91 27 lämplig
590 1418 33 20 tid
638 1420 31 18 att
685 1418 46 20 dem
747 1417 108 29 afhjelpa.
882 1417 92 28 Fullgör

428 1452 110 22 sökanden
554 1452 57 21 inom
626 1452 71 21 denna
713 1452 32 20 tid
759 1452 56 21 hvad
830 1459 43 14 som
889 1452 83 26 brister,

428 1487 64 21 varde
507 1488 25 20 sä
547 1486 83 27 ansedt,
645 1493 44 15 som
705 1487 55 21 hade
770 1487 202 28 ansökningshand-

292 1530 47 20 1.ag-
352 1527 33 19 och
396 1527 180 19 Ekonomiutskotteis
588 1527 110 18 betänkande
711 1528 36 16 N:o
759 1527 26 18 11.
