1120 1786
286 157 27 21 12

478 156 29 22 U.
522 156 27 21 B.
565 169 26 2 —
606 155 73 27 Prop.
695 155 42 22 N:o
752 155 36 22 10.

463 225 63 20 gram
549 218 63 27 malt,
629 224 48 14 som
700 217 37 21 till
756 216 128 22 beredande
900 217 26 21 af
938 216 69 22 sädan

463 251 73 30 dryck
551 251 124 23 användes.

708 304 13 21 2
737 305 18 25 8.

530 344 49 22 Har
594 344 8 22 i
618 344 115 28 bryggeri,
749 344 41 21 der
811 343 131 29 maltdryck
963 344 45 22 till-

464 379 88 28 verkas,
568 379 73 21 under
656 380 34 20 ett
712 378 25 22 är
759 378 51 22 icke
832 378 133 22 förbrukats
981 379 25 21 sä

463 416 48 19 stor
534 414 115 28 gvantitet
672 413 63 28 malt,
751 415 34 20 att
800 413 209 29 bevillningsafgif-

463 451 39 19 ten
524 449 30 28 pä
576 448 76 30 grund
674 448 26 22 af
719 448 39 30 18
780 449 89 29 uppgär
891 448 37 22 till
951 449 57 21 ätta-

463 484 89 21 hundra
574 484 71 27 mark,
661 483 60 21 skall
743 483 73 22 likväl
838 484 63 22 detta
924 483 83 29 belopp

465 518 111 28 erläggas.
600 518 114 28 Lindring
724 518 7 20 i
743 517 63 22 detta
820 518 132 22 hänseende
962 518 46 21 kan

464 552 59 22 dock
539 552 25 22 af
577 552 170 22 vederbörande
762 552 141 29 Expedition
918 553 10 22 i
938 553 67 22 Sena-

464 590 52 19 tens
526 587 286 29 Ekonomiedepartement
822 588 104 28 beviljas,
935 588 8 21 i
954 588 54 21 hän-

465 622 63 22 delse
543 622 134 22 tillverkare
692 622 73 22 under
780 622 49 22 äret
844 622 100 29 upphört
954 622 52 22 med

465 657 35 21 sin
516 657 85 21 rörelse
617 657 56 21 eller
691 656 109 30 bryggeri
817 657 63 29 eljes,
896 657 38 22 till
948 656 60 30 följd

465 691 25 21 af
510 691 84 22 vådeld
624 692 55 21 eller
708 699 76 14 annan
809 692 198 28 olyckshändelse,

465 726 80 28 längre
560 725 34 22 tid
610 725 26 22 af
649 726 48 21 året
713 726 60 21 varit
787 726 8 22 i
810 726 169 22 overksamhet.

717 790 44 27 38

533 829 110 28 Fritagen
662 828 51 22 från
736 828 130 29 bevillning
881 836 54 14 vare
950 829 59 22 hem-

465 863 75 29 brygd
554 863 136 28 maltdryck,
707 863 74 21 ehvad
796 863 132 22 densamma
938 867 25 18 är
973 864 37 21 till

465 897 141 29 försäljning
621 897 132 28 medgifven
769 897 55 22 eller
838 897 58 22 icke.

533 932 144 22 Restitution
688 931 26 22 af
726 932 79 29 erlagd
814 932 132 29 bevillning
956 940 53 21 eger

465 974 51 14 rum
531 967 36 22 för
582 966 135 29 maltdryck,
735 974 48 14 som

534 1003 21 26 a)
570 1001 52 22 från
637 1001 79 22 landet
731 1001 98 28 utföres;

534 1037 20 28 b)
570 1037 72 21 under
658 1036 83 29 sjelfva
756 1037 183 28 tillverkningen
955 1037 56 22 eller

466 1070 99 22 derefter
587 1071 37 22 till
646 1071 45 21 den
713 1071 58 28 grad
793 1071 99 28 skadats,
909 1073 35 20 att
958 1071 51 28 den,

466 1105 74 28 enligt
555 1105 137 28 tillförlitlig
707 1105 131 29 utredning,
849 1105 51 22 icke
916 1105 45 22 kan
977 1106 34 21 sä-

466 1147 48 14 som
530 1139 130 30 maltdryck
675 1139 124 22 användas.

714 1204 14 21 4
743 1204 19 26 8.

534 1243 146 22 Beträffande
696 1243 43 22 tull
758 1243 37 22 för
809 1244 136 29 maltdryck,
962 1251 49 14 som

465 1277 37 22 till
517 1277 100 22 Finland
639 1277 93 28 införes,
749 1278 80 21 länder
848 1279 37 21 till
905 1278 105 22 efterrät-

465 1312 57 21 telse
545 1312 61 22 hvad
628 1312 78 21 derom
728 1317 25 17 är
775 1313 56 20 eller
853 1313 81 21 varder
950 1313 60 22 stad-

465 1345 63 28 gadt.

715 1387 13 20 5
744 1387 19 26 8.

534 1421 91 26 Önskar
646 1426 77 28 nägon
746 1426 57 22 atti
818 1425 37 23 för
870 1427 82 22 sädant
974 1431 37 18 än-

466 1459 75 22 damäl
556 1459 76 23 afsedt
647 1460 109 29 bryggeri
767 1461 37 22 till
813 1461 142 29 försäljning
965 1462 46 22 till

329 1505 213 23 Bevillningsutskotteis
556 1506 115 18 betänkande
683 1508 36 17 N:o
731 1508 16 17 3.
