1123 1786
265 162 27 20 10
429 160 83 23 Ständ.
528 161 38 22 Sv.
581 173 27 4 —
624 161 74 27 Prop.
713 161 42 22 N:o
770 161 35 22 21.

233 225 55 28 ingå
311 225 57 21 aftal
387 225 13 20 å
416 225 155 29 principalens
587 229 93 25 vägnar,
703 228 56 19 utan
774 225 88 29 åsyftar
876 226 60 21 blott
951 227 34 20 att

233 259 83 22 hindra
337 259 151 29 möjligheten
511 260 66 21 deraf
597 262 34 19 att
653 267 76 14 annan
752 264 29 17 än
797 260 44 21 den
856 260 79 22 dertill
950 262 35 19 ut-

233 293 133 29 tryckligen
381 294 170 28 bemyndigade
567 294 92 29 gjordes
674 295 37 21 till
721 295 203 21 hufvudmannens
934 302 52 21 pro-

233 328 81 21 kurist.

301 362 35 22 De
358 362 162 30 förändringar
542 363 26 21 af
587 363 165 22 företrädesvis
777 363 145 22 redaktionel
944 365 40 25 art,

234 404 49 14 som
300 396 129 22 Ständerna
444 397 8 21 i
468 405 28 13 en
512 398 37 21 del
564 398 132 28 paragrafer
711 398 106 28 vidtagit,
833 398 67 22 torde
916 398 19 28 ej
947 398 39 28 på-

234 431 62 22 kalla
312 431 100 22 särskild
426 432 147 28 motivering.

301 466 33 21 På
356 466 76 28 grund
452 466 26 22 af
490 466 40 22 det
544 467 70 21 ofvan
630 466 95 22 anförda
738 467 24 21 få
777 467 129 21 Ständerna
921 468 9 20 i
944 474 42 14 un-

233 499 153 30 derdånighet
401 501 96 28 anmäla,

508 585 32 19 att
554 584 42 21 den
611 583 82 28 nådiga
705 584 163 27 propositionen
884 583 69 27 blifvit
963 583 27 26 af

439 617 125 22 Ständerna
583 620 94 26 antagen
691 618 47 21 med
753 618 55 21 vissa
823 617 163 29 nödigansedda

438 653 129 27 ändringar,
591 654 8 21 i
620 652 54 28 följd
694 652 26 28 af
731 653 72 21 hvilka
817 653 69 28 sagda
900 652 86 28 förfati-

439 687 147 29 ningsförslag
615 688 80 21 komme
724 689 32 20 att
785 687 81 22 erhålla
890 687 97 28 följande

440 722 87 28 lydelse:

508 848 153 27 Förordning
683 848 120 27 angående
824 848 162 28 handelsregi-

440 883 50 21 ster
506 883 61 21 samt
583 888 38 16 om
636 883 67 21 firma
717 883 44 21 och
776 882 112 27 prokura.

572 970 11 20 1
599 971 52 20 Kar.

480 1033 45 20 Om
540 1033 206 26 handelsregister.

591 1097 48 26 18.

303 1152 204 29 Handelsregister
530 1153 60 21 skall
612 1153 37 22 för
665 1152 53 22 hela
733 1152 79 22 landet
826 1151 63 23 föras
904 1152 26 21 af
943 1152 44 22 den

238 1187 138 28 myndighet
391 1187 8 21 i
414 1187 154 27 Helsingfors,
593 1194 49 14 som
656 1186 114 28 Kejsaren
785 1187 43 21 och
843 1186 145 22 Storfursten

236 1220 78 22 dertill
336 1220 127 22 förordnar.
493 1220 42 22 Uti
556 1220 207 29 handelsregistret
781 1220 66 22 skola
861 1220 127 22 inskrifvas

234 1254 29 22 de
279 1255 159 27 anmälanden,
459 1262 37 14 om
510 1255 82 22 hvilka
606 1256 9 20 i
631 1256 75 21 denna
720 1255 138 28 förordning
872 1255 115 27 förmäles,

235 1289 56 22 eller
314 1296 37 15 om
374 1289 91 22 hvilkas
488 1289 126 29 intagande
636 1290 9 21 i
659 1289 110 29 registret
783 1290 47 21 kan
845 1289 71 22 varda
931 1289 56 29 eljes

234 1324 114 27 stadgadt.

302 1357 12 21 I
329 1357 52 21 stad
397 1356 60 22 skall
472 1357 42 21 hos
529 1358 123 27 magistrat
666 1357 56 21 eller
737 1357 159 29 ordningsrätt
906 1357 43 21 och
959 1358 29 27 på

235 1391 79 22 landet
337 1391 42 22 hos
402 1391 145 30 kronofogde
568 1392 75 21 finnas
667 1398 29 15 en
718 1391 9 22 i
748 1391 240 23 öfverensstämmelse

235 1426 53 22 med
310 1426 206 29 handelsregistret
542 1427 126 29 upprättad
694 1427 150 29 förteckning
866 1427 66 22 öfver
954 1427 34 22 in-

236 1461 90 22 skrifna
341 1461 161 29 anmälningar
516 1461 53 22 från
584 1461 81 23 staden
680 1462 56 22 eller
751 1461 102 24 häradet.
