1123 1775
448 136 44 24 N:o
512 138 22 22 9.
810 136 25 20 21

114 203 57 27 ligen
187 202 89 28 afgjord,
293 203 140 22 omförmälda
447 204 84 27 uppgift
546 204 33 22 till
594 204 78 22 honom
683 204 121 22 återställas
814 204 52 22 eller

114 237 117 27 bevisligen
247 237 110 22 förstöras.

113 311 27 22 B.
166 311 306 28 Taxeringsmyndigheternas
482 313 195 28 sammansättning
687 313 38 21 och
735 313 129 28 befogenhet.

144 381 19 20 1.
192 380 309 29 Värderingsnämnd
525 382 47 21 för
595 381 64 23 fast
681 383 153 26 egendom.

461 440 27 21 33
504 440 18 27 &.

180 479 164 22 Förberedande
368 480 154 27 uppskattning
548 481 23 21 af
593 480 42 22 fast
661 481 114 27 egendoms
800 481 64 21 värde

112 513 127 22 verkställes
255 513 24 22 af
293 514 234 27 värderingsnämnder,
543 515 74 21 hvilka
632 517 59 19 utses
707 522 26 14 en
748 515 33 21 för
791 515 73 27 hvarje

112 547 107 22 kommun.
244 548 60 22 Dock
320 548 41 21 kan
377 549 108 26 kommun,
498 549 71 21 derest
581 549 146 26 Guvernören,
739 549 54 22 efter
803 549 61 21 kom-

112 583 87 21 munala
221 583 189 27 myndigheternas
432 583 101 27 hörande,
556 583 88 28 pröfvar
663 584 80 27 nödigt,
759 583 105 23 indelas
852 579 15 37 i

112 616 37 22 två
171 616 100 23 områden
287 617 7 21 i
309 618 39 21 och
368 618 33 21 för
416 618 268 28 fastighetsvärderingens
699 618 165 22 verkställande.

461 694 27 20 34
503 693 18 27 8.

180 732 31 22 På
233 732 72 22 landet
328 734 86 26 utgöres
436 733 204 27 värderingsnämnd
663 733 22 22 af
699 734 36 21 två
750 734 53 21 eller
818 733 46 27 fyra

112 766 125 28 ledamöter,
257 767 63 21 valde
336 766 23 22 af
372 767 140 22 kommunens
527 768 7 20 i
550 768 47 21 dess
613 768 107 21 allmänna
735 768 128 27 angelägen-

112 801 61 22 heter
195 802 182 27 röstberättigade
399 802 145 26 medlemmar,
568 805 55 19 samt
647 802 23 22 af
683 809 26 15 en
726 802 137 27 ordförande,

112 835 84 22 hvilken
219 838 24 19 är
262 842 120 21 gemensam
398 837 33 21 för
446 837 100 27 samtliga
560 837 231 27 värderingsnämnder
805 838 57 21 inom

111 870 91 22 häradet
224 870 39 22 och
287 873 60 19 utses
366 871 23 20 af
403 871 137 22 Guvernören
556 871 64 22 bland
636 872 38 21 der
691 872 86 21 bosatta
791 877 72 21 perso-

112 911 45 20 ner,
181 911 44 15 som
249 911 39 21 ega
310 905 125 27 tillförlitlig
450 906 121 21 kännedom
587 912 34 15 om
638 909 70 18 ortens
724 906 140 21 ekonomiska

112 939 155 22 förhållanden.

457 982 26 21 35
499 981 19 28 $.

179 1021 11 21 I
205 1020 48 22 stad
267 1023 86 25 utgöres
368 1021 204 27 värderingsnämnd
587 1021 24 22 af
624 1021 37 22 två
676 1021 52 22 eller
743 1021 47 28 fyra
805 1021 59 21 leda-

112 1057 75 24 möter,
202 1055 73 22 hvilka
290 1058 58 19 utses
363 1055 24 22 af
400 1055 195 28 stadsfullmäktige
606 1056 59 26 eller,
677 1057 38 20 der
726 1057 80 20 sädana
817 1056 47 21 icke

111 1089 73 27 finnas,
207 1089 24 22 af
251 1089 173 23 rädhusstämma
447 1093 55 19 samt
525 1090 23 21 af
561 1097 26 15 en
603 1090 48 22 utaf
666 1090 138 22 Guvernören
820 1091 43 21 till-

112 1125 42 20 satt
173 1123 135 28 ordförande,
325 1131 45 14 som
387 1125 38 20 bör
441 1131 38 21 ega
494 1125 122 21 kännedom
633 1131 34 14 om
683 1125 87 21 stadens
785 1125 79 21 ekono-

111 1158 70 22 miska
195 1158 156 22 förhällanden.

179 1188 31 27 Är
232 1194 48 21 stad
302 1194 86 21 indelad
403 1194 7 20 i
424 1194 37 21 två
482 1194 233 27 värderingsomräden,
731 1194 62 28 [skall
810 1194 54 21 dock

112 1228 142 22 ordföranden
268 1234 53 16 vara
335 1234 124 22 gemensam
473 1228 33 22 för
522 1228 57 22 bäda
594 1229 139 21 nämnderna.

457 1299 26 21 36
499 1298 18 28 8.

179 1339 41 20 Vid
244 1345 81 15 samma
347 1339 91 26 tilifälle,
462 1339 28 21 dä
504 1339 121 22 ledamöter
640 1339 7 21 i
662 1338 201 27 värderingsnämnd

111 1375 66 24 utses,
199 1373 68 27 väljes
289 1373 28 27 pä
339 1373 112 22 enahanda
474 1375 43 20 sätt
540 1376 31 19 ett
586 1373 44 22 lika
645 1373 58 22 anta!
719 1373 144 27 suppleanter,

110 1407 74 20 hvilka
199 1407 7 20 i
221 1407 100 21 händelse
338 1407 23 20 af
375 1407 72 21 förfall
463 1408 52 20 eller
529 1408 34 25 jäf
575 1407 33 21 för
623 1408 146 20 ledamöterne
779 1407 85 20 inträda

111 1441 7 20 i
134 1441 61 21 deras
211 1441 69 21 ställe.
