1123 1778
271 168 13 20 8
460 167 28 22 U.
504 167 28 22 B.
547 179 28 4 —
590 166 73 29 Prop.
679 167 45 22 N:o
739 167 36 22 13.

241 234 34 21 väl
290 234 103 28 knappast
408 234 68 22 skulle
492 235 69 28 någon
576 235 112 28 förvägras.
703 235 76 21 Härtill
795 235 101 27 kommer,
906 237 30 19 att
950 235 45 28 lag-

241 269 123 28 stiftningen
370 269 8 21 i
384 269 102 22 särskilda
495 269 74 22 länder
577 269 76 27 (såsom
660 269 114 27 Tyskland,
782 266 106 25 Österrike
896 269 39 21 och
942 269 52 21 Hol-

240 303 64 27 land),
312 303 38 22 der
356 303 108 28 synnerlig
476 304 83 27 hänsyn
573 304 62 27 tagits
645 303 32 21 till
686 303 25 22 de
721 303 90 22 militära
817 303 123 28 intressena,
948 303 47 21 räk-

241 344 39 14 nar
294 337 60 21 dessa
370 337 135 27 förbrytelser
520 337 32 22 till
567 344 95 22 gruppen
679 337 21 21 af
710 337 165 28 öfverträdelser,
883 337 33 21 för
923 337 72 21 hvilka

242 371 80 22 straffet
335 372 47 21 icke
398 372 138 27 ovilkorligen
543 374 62 25 utgör
611 372 100 28 fängelse.
726 372 93 21 Nämnas
827 372 43 21 kan
879 372 63 21 äfven
950 372 45 21 att
984 367 15 37 i

243 406 41 22 den
292 406 63 27 ryska
362 406 165 29 förordningen
524 402 10 38 i
537 413 81 15 samma
629 408 62 20 ämne
703 406 22 21 af
734 406 42 22 den
787 407 26 21 20
822 406 60 28 April
889 406 54 22 1892
951 413 43 14 ma-

240 441 133 22 ximistraffet
380 441 32 22 för
419 441 124 22 hithörande
552 441 137 28 förbrytelser
696 443 61 26 utgör
764 441 94 28 fängelse
866 442 6 20 i
886 443 29 20 ett
924 441 22 22 är
954 442 40 21 och

240 477 47 26 fyra
295 476 101 21 mänader
404 476 39 21 och
451 476 81 21 säledes
540 479 23 18 är
572 477 57 27 lägre
638 478 26 19 än
673 477 7 20 i
689 476 161 28 propositionen.
867 476 31 21 Pä
907 476 88 21 anförda

241 511 45 21 skäl
300 510 70 22 finner
383 510 107 22 Utskottet
500 511 32 28 sig
542 511 51 21 böra
608 511 77 21 föreslå
693 512 29 19 att
731 511 79 21 straffet
822 511 3 20 i
833 511 57 21 detta
898 512 96 20 moment

241 545 64 22 mätte
320 545 110 21 förändras
445 545 31 21 till
492 545 60 22 böter
566 546 19 27 ej
602 545 69 21 under
685 545 118 21 tvähundra
818 545 59 21 mark
888 545 51 22 eller
948 545 46 21 fän-

241 580 57 27 gelse
313 580 48 21 från
376 580 38 21 och
429 580 48 21 med
493 580 35 21 två
543 579 101 22 månader
658 580 32 20 till
705 580 39 20 och
759 579 49 22 med
824 581 30 20 ett
868 579 24 21 år
906 580 40 21 och
955 587 40 14 sex

242 614 105 21 mänader.

310 648 64 21 Mom.
390 649 18 20 2.
437 648 54 21 Dei
507 648 57 21 detta
585 650 95 19 moment
695 649 92 20 nämnda
801 648 137 27 förbrytelser
952 650 42 25 äro,

242 683 53 21 efter
303 682 117 22 Utskottets
427 683 142 28 uppfattning,
576 683 109 27 rätteligen
694 685 30 19 att
731 689 50 15 anse
790 683 68 21 säsom
866 683 128 21 förberedel-

242 716 153 28 sehandlingar,
414 717 32 21 till
461 718 32 20 sin
509 719 63 19 natur
586 717 121 27 beslägtade
721 717 48 21 med
785 717 26 21 de
826 717 69 21 under
910 718 11 20 1
938 717 13 27 &
966 717 27 21 42

240 751 46 28 kap.
302 752 7 21 i
329 751 119 28 strafflagen
470 752 93 21 fallande
585 752 166 26 öfverträdelser,
774 758 45 14 som
841 752 46 20 icke
902 752 7 20 i
924 751 70 27 någon

240 786 101 22 händelse
355 786 63 21 hafva
433 786 31 21 till
479 786 79 28 päföljd
574 786 75 21 förlust
662 786 21 20 af
697 786 164 28 medborgerligt
867 786 126 21 förtroende.

240 820 162 28 Ifrägavarande
418 820 136 28 förbrytelser
569 823 37 18 äro
622 820 52 21 altså
689 820 21 21 af
725 820 48 21 vida
785 820 113 27 lindrigare
911 820 82 21 beskaf-

239 855 73 21 fenhet
336 856 26 19 än
386 854 25 22 de
433 854 31 22 uti
487 856 26 20 12
537 855 46 27 kap.
605 855 8 20 i
635 854 120 28 strafflagen
773 855 104 21 omtalade
890 854 103 22 landsför-

239 889 130 28 räderibrott,
401 895 45 15 som
461 884 8 37 =
482 890 68 20 städse
580 891 75 26 utgöra
679 889 144 28 sjelfständiga
851 888 141 28 förbrytelser.

239 923 34 21 Då
294 923 26 22 de
342 923 132 28 handlingar,
495 923 70 22 hvilka
585 924 35 27 S:n
638 923 34 21 vid
688 923 111 28 bokstaflig
810 923 97 28 tolkning
921 923 72 21 kunde

240 957 92 26 omfatta,
354 960 40 19 rätt
416 958 43 21 ofta
482 965 49 14 vore
559 960 30 19 att
613 965 50 14 anse
688 957 70 22 säsom
782 957 152 22 förberedelser
956 964 37 15 en-

240 993 46 21 dast
307 992 32 21 till
361 993 65 20 sädan
448 992 131 27 förbrytelse,
603 999 45 14 som
663 993 92 21 hvarken
772 993 61 21 afsett
848 993 52 20 eller
911 993 83 20 kunnat

239 1027 95 22 medföra
355 1027 115 21 nämnvärd
496 1027 54 21 väda
572 1027 33 21 för
619 1027 38 21 här
677 1027 95 26 äsyftade
788 1027 152 28 riksintressen,
954 1027 40 20 har

239 1061 112 27 Utskottet,
366 1061 48 21 med
425 1061 124 28 anslutning
561 1062 31 20 till
600 1061 55 21 den
649 1057 9 36 i
664 1062 12 20 9
685 1061 12 27 &
706 1062 21 20 af
735 1062 139 20 nästnämnda
883 1061 47 27 kap.
938 1063 54 19 utta-

238 1096 48 21 lade
301 1096 87 28 princip,
403 1095 108 27 föreslagit
535 1095 65 21 sädan
622 1095 128 28 förändring,
765 1098 30 18 att
809 1096 75 20 förlust
899 1096 21 20 af
935 1096 58 20 med-

238 1130 116 28 borgerligt
367 1130 120 21 förtroende
511 1130 66 27 enligt
592 1130 57 21 detta
669 1132 94 19 moment
777 1130 68 21 skulle
861 1130 42 21 den
917 1130 76 21 brotts-

238 1164 43 28 liga
296 1164 86 21 ädömas
396 1164 75 21 endast
488 1164 27 20 dä
530 1164 136 27 synnerligen
687 1164 135 22 försvärande
837 1164 156 27 omständighe-

239 1200 32 20 ter
285 1198 99 28 föreläge.

307 1232 64 22 Mom.
380 1228 13 37 3
415 1233 37 21 har
468 1233 21 21 af
503 1232 109 22 Utskottet
626 1232 8 21 i
648 1232 85 22 formelt
753 1232 119 22 hänseende
888 1232 105 22 underka-

239 1268 51 20 stats
306 1272 26 16 en
347 1266 65 28 nödig
427 1266 107 22 befunnen
550 1266 160 28 omredigering.

307 1300 64 22 Mom.
386 1302 20 20 4.
421 1300 97 22 Likasom
534 1301 42 21 alla
592 1301 66 27 öfriga
665 1301 31 21 uti
703 1300 39 22 den
752 1300 76 28 nådiga
835 1301 157 27 propositionen

239 1334 105 28 ingående
352 1334 130 27 stadganden
491 1340 34 15 om
534 1334 59 20 straff
598 1334 33 20 för
636 1334 71 20 försök
715 1334 30 20 till
754 1334 61 27 brott,
821 1334 38 21 har
866 1334 63 21 äfven
936 1334 57 21 stad-

241 1368 78 27 gandet
336 1368 7 21 i
358 1368 57 21 detta
429 1369 95 20 moment
538 1367 122 22 tillkommit
673 1368 5 20 i
689 1367 51 28 följd
748 1368 59 21 deraf
814 1370 30 19 att
851 1368 141 27 justitiemini-

240 1405 57 19 stern
310 1403 7 20 i
331 1402 159 28 Kejsaredömet
505 1402 35 21 vid
553 1402 131 28 granskning
696 1403 22 20 af
725 1403 42 20 etti
779 1402 113 28 Kejserliga
899 1402 93 22 Senaten

240 1437 112 28 uppgjordt
361 1436 78 28 förslag
449 1436 32 21 till
491 1436 130 28 proposition
630 1436 9 21 i
649 1438 71 20 ämnet
729 1436 96 22 anmärkt
835 1438 30 20 att
875 1436 70 22 försök
960 1437 32 21 till

240 1471 56 21 brott
308 1471 66 27 enligt
385 1470 113 22 omordade
513 1470 78 29 förslag
605 1470 70 22 blefve
691 1470 94 29 strafiria,
800 1472 78 20 medan
892 1472 26 20 de
926 1471 67 28 enligt

304 1510 131 24 Laguiskottets
448 1510 111 19 betänkande
572 1511 38 17 N:o
622 1511 17 17 4.
