1084 1750
334 112 29 22 U.
378 112 28 22 B.
423 125 24 3 —
462 113 73 27 Prop.
551 114 40 21 N:o
608 113 34 23 15.
822 116 11 19 5

114 174 44 22 den
169 174 51 28 20/8
236 182 60 14 mars
312 174 63 22 detta
390 176 25 20 är
426 176 78 21 trädti
512 176 106 28 gällande
627 176 62 22 kraft
701 176 42 22 och
751 176 9 21 i
767 176 95 22 hvilken

113 208 159 30 uttryckligen
288 210 100 28 stadgas,
399 212 34 19 att
443 210 175 28 vederbörligen
628 210 158 29 legitimerade
794 210 68 28 tyske

113 242 143 29 undersätar,
265 243 81 22 hvilka
355 244 9 21 i
373 244 118 28 Ryssland
499 247 67 26 (resp.
575 244 109 29 Finland)
693 244 76 22 drifva
779 244 84 22 handel

113 277 42 22 och
170 278 91 28 näring,
277 278 61 28 böra,
354 278 8 21 i
378 278 108 22 afseende
501 280 13 20 ä
528 279 93 28 utlagor
635 279 44 21 och
694 279 96 27 skatter,
808 286 55 14 vara

112 311 56 22 fullt
182 308 120 25 likställda
317 312 52 22 med
385 312 44 22 den
444 316 60 18 mest
518 313 110 29 gynnade
646 314 86 20 nation.
762 313 36 28 Ty
813 312 50 22 huf-

113 345 128 29 vudparten
257 346 25 22 af
294 346 158 22 inkomsterna
467 347 52 22 frän
542 347 76 22 denna
636 346 228 29 näringsbevillning

114 380 40 22 har
169 380 68 22 alltid
251 381 102 28 utgjorts
369 381 26 22 af
407 382 27 21 de
446 382 101 28 afgifter,
563 382 81 22 hvilka
659 382 86 28 erlagts
760 381 27 22 af
794 381 70 22 hand-

113 415 67 22 lande
203 415 42 21 och
268 415 198 29 handelsresande,
490 417 42 21 och
555 416 70 22 bland
648 416 67 22 dessa
736 420 32 24 är,
789 416 74 21 säsom

114 449 79 29 kändt,
209 449 40 22 det
265 453 62 19 stora
343 450 99 22 flertalet
456 452 70 28 tyska
535 451 141 22 undersätar.
691 450 123 23 Utskottet
823 450 41 22 har

114 484 73 22 under
203 484 82 22 sädant
300 484 145 23 förhällande
460 486 51 21 icke
526 489 77 19 ansett
618 486 37 28 sig
669 485 79 22 kunna
762 485 102 22 beräkna

118 519 152 21 statsverkets
285 520 104 22 inkomst
406 520 26 22 af
449 520 175 29 ifrägavarande
639 520 226 29 näringsbevillning

114 553 73 22 under
202 554 54 21 ären
274 556 138 22 1895—1897
425 556 71 28 högre
511 560 29 17 än
554 556 38 21 till
607 554 169 29 sammanlagdt
786 556 77 25 20,000

115 589 70 22 mark.

181 623 32 22 Pä
227 623 76 28 grund
318 624 26 22 af
357 624 39 22 det
406 625 69 22 ofvan
486 625 96 22 anförda
592 625 35 22 fär
637 624 123 23 Utskottet
770 623 94 22 härmed

115 657 116 22 vördsamt
247 657 93 24 föreslä:

387 726 31 18 att
440 723 82 22 landets
543 724 110 27 höglofliga
677 722 97 27 Ständer,
796 723 68 20 under

318 759 152 26 förutsättning
487 761 30 19 att
532 757 162 28 ifrägavarande
708 757 56 22 skatt
774 757 90 26 befinnes

318 793 71 27 nödig,
405 793 69 25 mätte,
495 793 47 22 med
555 792 153 28 godkännande
723 792 9 21 i
746 791 119 27 hufvudsak

321 828 27 27 af
359 828 38 21 den
411 827 80 28 nådiga
504 828 158 26 propositionen
677 826 9 22 i
699 828 75 25 ämnet,
786 828 78 25 antaga

319 870 25 14 en
359 863 116 27 sälydande

322 994 153 27 Förordning
485 993 120 28 angäende
615 993 44 22 den
669 992 137 27 bevillning,
816 997 49 17 som

351 1029 60 22 skall
427 1029 27 21 af
467 1028 160 27 utländingar,
642 1027 82 22 hvilka
741 1027 9 21 i
764 1027 102 21 Finland

350 1063 57 22 idka
428 1063 87 22 handel
538 1063 58 22 eller
618 1068 78 16 annan
718 1062 95 27 näring,
831 1067 35 16 er-

351 1098 83 27 läggas
449 1097 74 22 under
538 1097 56 22 åren
609 1096 64 27 1895,
681 1095 57 23 1896
748 1095 45 22 och
804 1095 62 22 1897.

571 1167 45 27 18.

389 1206 137 29 Utländing,
534 1214 50 14 som
599 1206 42 21 här
650 1206 8 21 i
666 1205 80 22 landet
757 1204 37 22 för
808 1212 59 21 egen

321 1242 57 22 eller
392 1248 87 15 annans
494 1241 101 28 räkning
610 1244 67 18 ärnar
688 1239 72 29 bjuda
770 1241 26 19 ut
812 1239 56 21 eller

322 1276 61 22 sluta
397 1275 85 22 handel
497 1282 37 15 om
549 1277 70 20 annat
638 1274 66 22 lands
722 1280 74 20 varor,
816 1273 52 21 med

322 1310 119 28 undantag
456 1310 26 21 af
490 1309 118 23 medförda
618 1307 250 29 landtmannaproduk-

322 1347 35 19 ter
378 1344 43 22 och
443 1344 70 22 alster
535 1343 26 23 af
580 1342 113 30 husslöjä,
715 1342 65 27 skall,
796 1342 72 21 innan

322 1379 66 27 dylik
396 1378 84 21 handel
488 1378 26 20 af
519 1378 85 21 honom
612 1377 36 21 får
655 1376 112 28 påbörjas,
776 1376 93 27 erlägga

324 1411 227 29 näringsbevillning
589 1410 52 22 med
677 1409 192 29 etthundratjugu

188 1452 214 24 Bevillningsutskottets
414 1451 116 18 betänkande
542 1451 38 18 N:o
592 1451 16 17 2.
