1123 1784
267 175 26 20 18
454 174 29 22 U.
498 175 28 21 B.
544 187 26 3 —
584 174 75 28 Prop.
675 174 44 22 N:o
734 174 39 22 22.

305 242 26 21 21
353 242 12 27 8
381 241 22 21 af
418 241 122 22 Utskottets
555 241 80 28 förslag
649 243 118 20 motsvarar
782 242 27 21 34
825 242 12 27 $
852 241 23 21 af
889 242 97 28 proposi-

235 275 84 21 tionens
342 275 80 28 förslag
436 275 32 21 till
484 275 156 22 administrativ
654 275 133 28 förordning,
801 278 58 18 utom
875 278 31 18 att
921 275 65 21 slutet

236 309 23 22 af
273 310 131 21 sistnämnda
420 311 19 27 $,
449 310 70 21 såsom
529 310 89 21 rörande
630 309 196 30 patentafgifterna,
837 310 48 22 icke
897 310 88 28 intagits

235 345 7 20 i
257 344 244 29 ständerförordningen.

303 378 120 21 Innehållet
443 379 22 20 af
487 380 27 20 22
537 379 12 27 &
564 379 62 21 beror
641 379 22 21 af
677 378 42 21 den
734 378 47 21 utaf
795 378 112 22 Utskottet
921 378 63 22 verk-

235 413 68 21 stälda
324 413 148 28 fördelningen
495 413 23 21 af
540 415 71 19 ämnet
633 413 89 21 emellan
743 412 241 29 ständerförfattningen

234 447 41 21 och
289 447 169 21 administrativa
473 447 159 28 förordningen,
647 447 40 21 och
699 447 60 21 torde
771 448 34 26 $:n
816 447 18 28 ej
847 447 95 21 erfordra
952 447 31 21 vi-

234 481 49 21 dare
299 482 133 27 motivering.

301 515 12 21 I
327 517 27 20 23
370 516 19 27 &,
404 515 148 22 motsvarande
568 517 12 20 8
596 517 12 26 8
624 515 23 22 af
661 516 170 28 propositionens
847 515 86 28 förslag,
944 515 38 22 har

231 549 48 22 från
304 549 168 22 administrativa
496 550 243 29 författningsförslaget
762 557 27 14 en
811 549 35 22 del
872 549 23 22 af
921 551 26 20 35
971 551 12 27 $

232 585 92 28 intagits.

300 619 43 21 För
364 619 65 28 öfrigt
443 619 65 21 hafva
522 620 32 20 uti
569 619 41 22 den
625 619 69 22 finska
709 622 73 18 texten
797 619 22 21 af
834 619 149 28 författnings-

231 652 104 28 förslaget
349 653 104 21 särskilda
468 653 107 28 spräkliga
590 653 114 28 ändringar
719 657 36 24 egt
768 661 53 13 rum.

299 686 32 22 Pä
352 687 68 28 grund
443 687 23 21 af
487 687 56 22 hvad
566 688 38 21 här
626 688 65 21 ofvan
713 688 90 26 anförts,
821 688 34 20 fär
869 687 114 22 Utskottet

231 721 109 22 vördsamt
354 721 87 22 föreslä:

503 792 32 19 att
556 790 83 22 landets
661 790 94 22 Ständer
776 791 51 21 ville
848 791 35 21 till
901 798 52 14 svar
967 790 14 22 å

433 824 143 27 förevarande
593 824 82 28 nådiga
692 825 139 27 proposition
844 825 10 21 i
867 825 112 21 underdä-

433 859 75 27 nighet
529 860 97 24 anmäla,
649 860 33 20 att
697 858 124 22 Ständerna
835 860 45 20 icke
895 860 87 21 kunnat

433 893 134 28 oförändrad
588 895 82 26 antaga
692 894 41 21 den
752 894 125 27 föreslagna
891 894 87 28 förord-

432 928 83 27 ningen
530 928 111 27 angäende
655 928 91 27 inträng
762 929 9 20 i
785 928 38 21 och
843 931 72 18 annat
924 929 57 21 brott

432 963 46 20 mot
488 963 124 26 patenträtt
628 963 59 20 samt
701 969 36 14 om
751 963 92 20 domstol
857 963 39 20 och
911 965 66 18 rätte-

431 995 58 28 gång
503 996 10 20 i
527 996 46 21 mål
588 1003 35 14 om
635 998 83 25 patent,
734 998 56 19 utan
805 996 36 27 för
847 997 38 20 sin
896 997 34 20 del
939 1004 41 13 an-

433 1030 56 27 tagit
503 1037 26 14 en
543 1030 129 28 sälydande:

291 1521 49 23 Lag-
353 1520 32 18 och
397 1520 179 20 Ekonomiutskottets
589 1522 110 19 betänkande
713 1527 34 15 N:o
759 1524 26 18 11.
