1123 1786
325 155 82 23 Ständ.
423 157 37 22 Sv.
476 169 27 3 —
517 157 73 28 Prop.
605 157 42 23 N:o
663 157 34 22 21.
837 159 25 20 15

139 221 60 20 visst
213 221 51 28 slag
279 221 25 22 af
317 222 92 27 rörelse,
424 222 127 22 bibehällas
567 223 143 28 oförändrad,
727 223 70 21 sedan
813 230 28 14 en
852 227 40 17 vä-

139 254 86 29 sentlig
238 255 137 29 förändring
391 256 26 21 af
428 257 102 21 rörelsen
546 259 40 27 egt
600 265 57 14 rum.

205 289 79 21 Firma
307 290 59 21 skall
388 291 87 27 tydligt
497 291 69 28 skilja
588 292 36 27 sig
645 291 52 21 frän
718 291 71 21 andra
803 291 86 21 föruti

138 322 205 29 handelsregistret
364 324 102 29 intagna,
490 329 63 17 ännu
576 325 123 22 bestäende
714 326 86 21 firmor.
830 326 58 26 Den,

138 364 48 15 som
209 358 43 22 vill
274 358 91 22 anmäla
385 358 72 29 firma,
481 359 66 22 hvari
569 360 57 21 hans
648 367 70 14 namn
733 360 73 28 ingär,
830 360 59 21 skall

137 392 70 29 förty,
230 400 37 14 om
290 400 86 15 samma
390 394 66 22 firma
470 394 70 22 redan
556 398 25 18 är
595 394 96 28 intagen
706 394 8 21 i
729 394 109 28 registret
852 394 37 21 för

137 434 76 14 annan
235 428 182 28 näringsidkare,
440 436 84 21 genom
539 429 83 29 tillägg
636 429 38 21 till
689 429 41 21 sitt
745 436 71 14 namn
832 429 59 21 eller

137 461 135 22 annorledes
287 462 88 29 tydligt
389 462 69 30 skilja
474 463 36 21 sin
525 463 66 22 firma
604 464 53 21 frän
672 462 44 22 den
727 463 63 21 äldre
799 462 89 23 firman.

485 546 26 20 12
526 546 20 26 8.

203 600 74 28 Enka,
300 607 49 16 som
371 601 120 22 fortsätter
513 602 36 21 sin
569 601 90 22 aflidne
674 609 65 14 mans
754 601 92 28 rörelse,
862 602 26 21 sä

136 634 42 21 ock
193 642 60 20 man,
269 642 50 14 som
333 635 120 22 fortsätter
467 635 112 22 hustruns
593 636 50 21 före
658 636 55 21 eller
723 635 74 22 under
808 636 79 21 äkten-

136 669 81 29 skapet
239 669 76 22 drifna
337 671 92 27 rörelse,
453 671 38 20 mä
512 671 106 28 begagna
640 670 83 22 firman
741 670 146 22 oförändrad.

134 704 100 22 Enskild
249 704 187 29 näringsidkares
452 705 106 28 arfvinge
573 713 42 21 ege
631 712 87 14 samma
733 707 52 26 rätt,
810 705 76 22 derest

135 739 44 21 den
194 738 90 23 aflidna
299 739 124 28 medgifvit
437 739 40 22 det
491 740 62 27 eller,
571 746 36 15 om
622 739 47 22 han
684 739 81 22 aflidit
780 741 57 20 utan
852 742 34 19 att

134 774 70 22 hafva
219 774 144 22 annorlunda
382 774 126 25 förordnat,
529 775 28 20 de
573 774 74 28 öfrige
663 773 222 29 sterbhusdelegare,

134 809 92 21 hvilkas
241 809 133 22 vistelseort
384 813 25 18 är
418 809 69 28 känd,
503 809 77 22 dertill
590 809 122 29 samtyckt.
735 809 68 21 Flere
814 809 71 21 sterb-

134 843 156 30 husdelegare,
314 851 49 14 som
386 844 65 21 skola
465 844 9 21 i
489 843 166 29 handelsbolag
669 843 109 22 fortsätta
793 843 92 22 enskild

133 879 187 27 näringsidkares
342 879 93 26 rörelse,
457 879 37 21 mä
516 879 42 21 ock
580 878 74 22 under
676 878 119 22 enahanda
809 878 77 21 vilkor

133 912 116 23 bibehälla
264 913 45 21 den
324 912 26 22 af
363 912 44 22 den
419 912 89 23 aflidna
518 912 134 29 begagnade
661 912 72 28 firma,
749 912 74 22 likväl
833 912 52 22 med

134 950 33 19 ett
181 948 89 28 tillägg,
287 954 49 15 som
351 947 98 29 antyder
463 946 246 30 bolagsförhällandet.

201 982 107 22 Inträder
329 982 78 29 nägon
422 983 75 21 säsom
512 982 105 29 delegare
631 982 9 21 i
655 981 178 28 handelsbolags
848 984 36 19 rö-

132 1017 66 27 relse,
221 1017 38 21 mä
272 1017 83 21 firman
369 1016 141 22 fortfarande
526 1017 116 28 begagnas
659 1016 145 22 oförändrad.
834 1016 51 28 Lag

133 1058 86 15 samma
233 1058 60 21 vare,
310 1058 37 14 om
363 1051 105 29 delegare
483 1051 103 21 utträder
599 1058 28 14 ur
637 1050 171 28 handelsbolag,
825 1050 58 21 dock

133 1088 34 19 att
188 1085 57 22 hans
267 1093 70 14 namn
359 1085 52 21 icke
433 1086 36 20 mä
484 1086 9 20 i
506 1085 83 21 firman
604 1086 98 27 gvarstä,
725 1085 53 21 med
794 1084 90 22 mindre

132 1120 45 22 han
200 1120 57 29 sjelf
275 1120 124 28 medgifvit
421 1120 40 22 det
483 1120 61 27 eller,
567 1127 37 14 om
627 1120 46 21 han
688 1118 74 22 aflidit
777 1121 58 19 utan
849 1120 34 20 att

132 1155 70 22 hafva
217 1155 144 21 annorlunda
375 1154 125 28 förordnat,
516 1154 28 22 de
554 1154 221 28 sterbhusdelegare,
791 1153 92 22 hvilkas

132 1190 132 22 vistelseort
279 1193 26 18 är
319 1190 68 27 känd,
403 1189 77 22 dertill
495 1189 86 21 lemnat
597 1189 41 21 sitt
652 1188 146 28 begifvande.

480 1270 27 20 13
522 1270 20 25 8.

199 1327 79 22 Firma
299 1328 38 21 mä
358 1327 52 21 icke
431 1326 121 22 öfverlätas
575 1326 9 21 i
606 1324 70 23 andra
698 1328 29 17 än
749 1324 28 21 de
799 1324 9 21 i
827 1325 54 26 128

131 1362 124 21 förutsatta
273 1361 51 28 fall;
347 1361 92 21 enskild
453 1360 176 29 näringsidkare
645 1359 56 22 eller
716 1358 167 29 handelsbolag

132 1396 58 21 dock
205 1396 108 27 obetaget
328 1397 35 20 att
378 1395 40 22 vid
432 1395 113 22 rörelsens
565 1393 157 23 öfverlätande
737 1393 38 21 till
789 1392 92 22 enskild

131 1429 176 28 näringsidkare
322 1429 56 20 eller
393 1428 165 28 handelsbolag
572 1427 119 28 medgifva
706 1427 45 21 den
766 1433 46 21 nye
830 1433 52 20 ega-

130 1471 39 14 ren
187 1465 34 20 att
236 1463 77 29 nyttja
327 1462 83 22 firman
429 1462 53 21 med
497 1463 33 20 ett
544 1461 90 28 tillägg,
657 1467 49 15 som
721 1461 62 21 visar
797 1461 34 20 att
846 1459 34 22 öf-
