1123 1781
255 161 26 21 14
549 161 45 24 N:o
614 163 39 22 22.

297 223 120 27 Öfverlåter
440 228 165 27 patenthafvare
628 229 23 21 åt
673 233 72 16 annan
768 227 139 23 uteslutande
925 227 56 22 utöf-

225 263 51 27 ning
299 261 24 23 af
342 262 71 28 någon
432 263 13 21 å
463 263 101 27 patentet
579 262 100 28 grundad
694 262 111 27 rättighet,
821 261 55 28 gälle
892 263 39 20 ock
947 268 34 16 om

225 296 129 28 inskrifning
377 296 24 22 af
413 296 67 23 sådan
496 296 135 23 öfverlåtelse
647 297 39 21 och
701 296 144 28 rättighetens
861 296 73 22 vidare
949 295 31 22 öf-

224 331 96 27 vergång
334 331 57 21 hvad
407 330 62 22 ofvan
485 333 25 19 är
524 331 108 27 stadgadt.

572 395 26 20 23
615 393 18 28 8.

296 433 85 28 Flyttar
403 433 165 26 patenthafvare
590 435 59 20 utom
665 433 80 27 landet,
761 433 51 22 eller
828 433 98 28 öfvergår
940 440 39 20 pa-

224 469 49 20 tent
289 468 12 21 å
316 473 85 22 person,
410 473 45 16 som
467 468 18 27 ej
501 469 24 20 är
543 468 7 21 i
565 468 75 22 landet
654 467 80 28 bosatt,
749 474 52 15 vare
815 468 166 27 patenthafvare

224 502 76 27 pligtig
315 503 34 20 att
363 501 33 22 till
411 501 202 28 Industristyrelsen
628 501 95 22 inlemna
737 501 100 22 fullmakt
851 502 33 21 för
899 503 80 21 sådant

225 536 84 27 ombud,
326 541 46 17 som
387 536 7 21 i
410 537 12 20 6
439 535 11 28 $
470 535 141 23 omförmäles.
641 536 84 27 Flyttar
741 536 102 21 ombudet
857 543 28 15 ur
899 536 82 27 landet,

225 570 50 22 eller
297 570 87 27 upphör
406 570 50 28 eljes
479 570 48 22 dess
550 570 127 27 befattning,
701 569 78 29 ingifve
801 570 180 27 patenthafvaren

224 605 99 21 fullmakt
344 604 35 22 för
401 606 48 25 nytt
472 605 83 22 ombud.
591 605 111 27 lakttages
717 605 46 22 icke
778 605 57 22 hvad
849 605 93 22 sålunda
957 607 25 20 är

224 639 142 27 föreskrifvet,
389 640 35 21 må
445 639 210 28 Industristyrelsen,
679 639 28 22 då
729 639 74 22 härom
827 640 96 21 anmäles
942 640 40 22 och

225 674 64 27 nödig
304 673 116 28 utredning
434 674 86 27 företes,
536 680 77 21 genom
628 674 128 27 kungörelse
771 674 8 21 i
794 673 89 22 officiela
901 674 80 22 tidnin-

225 715 68 21 garna
315 710 57 20 samt
394 708 110 22 skrifvelse
527 708 32 22 till
581 708 186 28 patenthafvaren,
792 708 38 21 der
852 708 54 22 hans
921 710 60 25 post-

225 743 74 21 adress
322 744 23 20 är
364 742 123 28 uppgifven,
503 749 111 22 uppmana
628 742 181 28 patenthafvaren
825 744 33 20 att
873 743 58 22 inom
947 745 34 20 tre

225 777 102 22 månader
350 777 54 22 efter
426 777 152 27 kungörandet
600 777 92 27 fullgöra
714 777 56 22 hvad
786 784 29 15 nu
831 779 25 20 är
871 777 109 28 stadgadt.

225 811 79 22 Ställer
319 811 180 28 patenthafvaren
515 812 32 27 sig
557 812 47 21 icke
614 811 161 28 uppmaningen
785 811 33 22 till
829 811 150 27 efterrättelse,

224 852 51 16 vare
290 847 151 26 patenträtten
457 845 106 24 förfallen.

571 911 27 20 24
613 909 19 27 8.

296 949 42 22 Vill
361 949 164 27 patenthafvare
548 949 74 28 afsäga
644 949 33 28 sig
699 951 158 26 patenträtten,
876 951 52 26 göre
945 949 36 22 det

225 983 119 28 skriftligen
368 983 39 22 hos
429 983 211 28 Industristyrelsen.
673 984 81 22 Finner
775 983 204 27 Industristyrelsen

225 1017 118 29 afsägelsen
365 1017 110 22 förnärma
498 1018 70 28 tredje
589 1024 62 16 mans
674 1019 52 27 rätt,
749 1018 66 22 varde
839 1018 40 22 den
895 1017 85 22 lemnad

225 1054 52 20 utan
294 1052 108 23 afseende.

572 1117 26 20 25
614 1116 19 27 8.

296 1150 31 26 Är
349 1155 104 27 sakegare
475 1155 103 27 missnöjd
601 1155 50 21 med
672 1154 215 28 Industristyrelsens
901 1154 79 27 beslut,

224 1189 138 27 hvarigenom
377 1188 129 28 inskrifning
521 1189 23 21 af
556 1190 89 26 patents
661 1189 51 21 eller
727 1189 53 22 derä
794 1188 100 28 grundad
903 1188 78 28 rättig-

223 1222 49 22 hets
288 1222 117 28 öfvergäng
419 1222 68 22 blifvit
502 1223 122 28 förvägrad,
641 1223 51 22 eller
707 1224 49 21 med
765 1223 216 27 Industristyrelsens

225 1257 77 27 ätgärd
316 1258 7 21 i
338 1256 43 27 fall,
398 1263 45 16 som
462 1259 90 21 nämnas
567 1258 7 21 i
590 1258 27 21 23
634 1257 51 22 eller
699 1258 27 22 24
743 1258 18 27 &,
778 1258 52 21 söke
845 1258 92 27 ändring
952 1258 29 26 pä

224 1292 45 21 sätt
285 1291 39 22 och
339 1291 58 23 inom
412 1291 38 27 tid,
467 1298 45 16 som
528 1292 7 21 i
553 1292 24 21 13
594 1292 12 28 &
622 1292 95 27 stadgas.
