1098 1728
830 116 25 21 13

200 185 135 27 Fastigheter
346 185 33 28 på
393 185 80 25 landet,
483 184 72 22 hvilka
564 185 46 21 icke
621 187 37 19 äro
666 183 219 29 jordbruksfastighe-

132 220 40 20 ter.
202 219 70 21 Bland
290 219 133 27 fastigheter,
446 225 45 15 som
514 221 37 19 äro
578 220 33 19 att
632 218 101 22 hänföras
755 219 34 21 till
815 219 70 20 denna

131 253 105 26 kategori,
260 253 68 21 räkna
349 253 21 21 vi
392 252 77 21 främst
490 252 128 22 industriela
633 252 153 28 inrättningar.
816 253 69 20 Deras

132 287 61 21 antal
216 287 28 27 på
265 287 162 27 landsbyggden
451 287 100 28 utgjorde
574 287 24 22 år
623 287 52 21 1891
693 287 58 22 öfver
766 288 56 20 3000
837 287 48 21 med

131 323 34 20 ett
186 321 209 27 produktionsvärde
418 321 93 28 (brutto)
537 321 22 21 af
581 322 27 21 74
630 321 50 27 milj.
697 322 67 21 mark.
795 321 33 21 De
842 321 44 21 för-

131 356 87 21 nämsta
234 355 21 22 af
269 356 48 21 dem
331 361 62 15 voro:
409 356 27 20 20
451 355 183 26 kalkbrännerier,
651 356 27 20 89
694 355 119 27 tegelbruk,
824 356 13 20 5
847 354 38 22 ka-

131 390 59 26 kel-,:
198 389 79 29 fajans-
293 390 39 22 och
346 389 195 28 porslinsfabriker,
559 390 25 21 13
595 389 109 27 glasbruk,
717 391 25 20 10
753 388 132 22 tändsticks-

130 424 104 25 fabriker,
260 426 25 20 12
307 424 142 27 benkvarnar,
473 426 40 20 509
537 424 116 28 garfverier
669 424 39 22 och
722 423 162 27 läderfabriker,

133 461 23 19 11
182 459 152 27 ullspinnerier
355 460 57 20 samt
434 459 57 27 ylle-,
514 459 85 22 klädes-
618 458 39 22 och
672 458 184 28 shoddyfabriker,
873 460 9 20 1

130 493 286 23 bomullsmanufakturverk
431 494 104 28 (Forssa),
553 495 9 20 1
579 494 154 26 linskäktverk,
751 494 24 21 12
787 493 98 27 träslipe-

131 528 50 27 rier,
204 530 13 20 5
240 528 202 27 cellulosafabriker,
467 530 11 20 7
501 535 69 21 papp-
589 528 39 22 och
644 527 197 27 asfaltfiltfabriker,
860 529 25 20 10

131 562 159 28 pappersbruk,
307 563 41 21 330
363 562 97 28 sågverk,
477 564 12 20 5
506 562 166 28 ängsnickerier,
688 564 12 20 3
715 562 170 22 trädrullefabri-

131 597 46 28 ker,
195 598 61 26 1,404
271 597 71 27 bark-,
358 597 59 28 mjöl-
433 597 40 21 och
487 597 183 27 potatiskvarnar,
682 598 12 20 2
704 596 181 27 cikoriefabriker,

131 633 27 20 39
183 632 30 21 öl
229 632 38 21 och
285 633 8 20 1
311 632 151 27 porterfabrik,
480 633 24 20 19
520 632 249 26 brännvinsbrännerier,
786 633 13 19 2
814 638 72 21 press-

128 666 147 27 jästfabriker,
299 667 13 20 5
327 666 173 22 tobaksfabriker
515 672 28 16 m.
563 665 20 23 fl.
608 666 107 22 äfvensom
731 667 33 21 ett
779 665 106 23 femtiotal

130 700 58 21 bruk
203 700 39 21 och
257 700 127 21 mekaniska
398 700 133 21 verkstäder.
561 700 83 22 Värdet
664 700 23 21 af
704 699 101 28 samtliga
823 700 62 21 dessa

130 735 8 21 i
153 735 218 22 landskommunerna
386 734 111 28 befintliga
511 734 133 29 fastigheter,
661 734 108 22 äfvensom
785 735 22 21 af
819 735 66 27 bygg-

131 769 74 26 nader,
228 770 54 20 utan
305 769 87 22 dermed
413 769 101 22 förenadt
533 769 114 28 jordbruk,
671 769 62 21 villor
755 775 28 16 m.
799 775 27 15 m.
842 769 43 21 kan

131 805 54 20 utan
210 803 119 28 detaljerad
351 803 162 28 undersökning
535 803 23 22 af
578 803 74 28 hvarje
675 803 83 22 enskild
784 803 101 28 fastighet

131 838 46 21 icke
192 840 100 19 närmare
306 838 136 22 bestämmas.
472 838 45 21 Vår
531 838 159 28 uppskattning
705 837 23 22 af
737 838 63 22 dessa
811 837 74 28 fastig-

130 872 72 22 heters
217 873 149 27 kapitalvärde
384 873 69 21 måste
469 872 71 23 derför
554 873 65 22 blifva
634 873 102 27 tämligen
753 873 130 27 godtycklig.

130 907 27 22 Vi
173 909 80 25 antaga
267 913 99 16 summan
382 908 127 21 60.000.000
525 908 68 21 mark.

199 1089 76 23 Ibland
291 1089 267 28 byggnadsfastigheterna
570 1090 29 22 ha
612 1090 26 27 vi,
650 1091 70 21 såsom
731 1090 96 26 nämndt,
838 1089 47 22 icke

130 1125 115 28 inbegripit
274 1126 81 27 kyrkor
384 1125 39 22 och
455 1126 108 27 offentliga
589 1125 210 28 statsinrättningar.
836 1125 49 21 Alla

130 1159 27 22 de
183 1166 94 16 summor
301 1161 22 21 vi
345 1160 78 27 anfört,
443 1161 44 21 afse
509 1161 89 26 således,
618 1161 54 21 utan
695 1159 130 28 afkortning,
851 1159 34 22 så-

131 1194 42 22 dan
189 1195 108 27 egendom,
309 1201 46 16 som
370 1195 43 22 kan
425 1195 86 22 komma
519 1195 69 22 under
595 1195 97 27 taxering
700 1195 7 21 i
715 1194 98 22 afseende
823 1194 12 21 å
843 1193 41 23 den

130 1228 121 29 föreslagna
273 1229 142 28 bevillningen
437 1229 33 22 för
493 1229 108 28 fastighet.
632 1229 77 22 Denna
729 1229 100 27 taxering
844 1235 40 15 un-

131 1263 129 22 derkastade
274 1264 103 27 fastighet
391 1264 69 21 skulle
476 1264 56 21 altså
542 1264 67 27 enligt
619 1264 139 21 förestående
765 1263 120 27 beräkning

130 1299 74 26 uppgå
219 1298 32 21 till
265 1298 94 27 följande
374 1299 87 26 värden,
479 1298 87 28 angifna
585 1298 8 22 i
610 1299 73 27 jemna
703 1297 96 22 tusental
816 1298 67 25 mark,

130 1332 107 27 nämligen
727 1349 2 2 n
