1123 1786
274 167 12 20 6
433 165 83 22 Ständ.
534 164 39 23 Sv.
591 176 24 4 —
631 164 71 27 Prop.
719 165 41 22 N:o
775 164 35 22 22.

246 230 129 21 emellertid
390 229 100 22 faktiskt
505 233 66 24 göras
587 229 120 22 illusorisk
723 236 84 21 genom
817 236 29 14 en
858 229 141 22 oändamåls-

246 265 64 28 enlig
327 264 238 29 patentlagstiftning.
596 263 102 22 Sålunda
716 263 42 22 har
773 264 8 21 i
796 271 80 14 senare
892 264 36 21 tid
942 271 58 22 upp-

246 299 186 21 märksamheten
445 298 84 22 riktats
545 299 75 28 derpå,
637 300 34 19 att
686 298 183 28 patenthafvare,
886 299 8 21 i
904 299 41 21 fall
953 299 46 21 han

246 333 94 22 utöfvar
354 333 170 29 uppfinningen
539 334 64 20 inom
618 333 85 26 landet,
720 332 45 22 kan
781 333 72 21 skada
868 333 28 21 de
911 333 88 21 inhem-

248 368 41 21 ska
311 368 226 28 näringsintressena
560 367 141 28 derigenom,
723 369 34 19 att
772 367 75 28 öfriga
862 367 37 22 till
914 375 86 14 samma

246 402 58 29 yrke
328 402 101 22 hörande
451 402 176 28 näringsidkare
645 404 122 26 utträngas
783 402 52 21 från
850 402 150 22 marknaden.

248 437 71 21 Detta
333 437 47 20 kan
396 436 116 28 svårligen
528 437 96 27 antagas
640 436 55 21 bero
706 436 98 21 allenast
814 436 76 28 derpå,
902 439 34 19 att
943 444 57 21 upp-

247 471 122 28 finningen
388 470 92 22 utöfvas
502 471 75 21 såsom
591 470 208 29 yrkeshemlighet;
817 470 39 22 det
870 474 26 18 är
911 473 90 19 ensamt

248 508 110 26 patentet,
382 512 50 15 som
452 513 84 21 genom
555 505 45 22 den
615 504 49 22 deri
679 505 110 29 liggande
805 506 117 22 exclusiva
937 506 63 22 befo-

248 540 116 29 genheten
386 540 102 22 förlänar
508 539 171 29 uppfinningen
699 540 101 28 antydda
815 540 71 22 makt.
916 540 85 22 Derför

248 575 70 22 hafva
333 575 43 21 ock
391 582 71 21 nyare
478 576 146 27 patentlagar
639 582 84 21 genom
736 575 111 28 lämpliga
857 575 144 28 stadganden

249 609 53 22 sökt
324 609 9 21 i
352 609 95 22 berördt
466 609 109 22 afseende
590 611 86 26 trygga
691 609 38 22 det
744 609 128 22 allmännas
886 612 56 25 rätt;
959 610 42 21 och

250 644 69 22 äfven
344 645 45 20 den
413 644 85 29 nådiga
522 644 177 29 propositionen
721 645 42 20 har
785 651 83 21 genom
892 645 40 20 det
947 652 17 14 s.
979 645 21 21 k.

248 679 171 28 lisenstvånget
434 678 120 22 äfvensom
566 685 84 22 genom
662 679 261 28 expropriationsrätten
934 679 67 22 sträf-

248 715 40 19 vat
310 715 34 19 att
366 714 30 20 nå
420 720 86 14 samma
528 714 52 21 mål.
611 713 36 21 Då
665 713 130 22 Ständerna
812 713 135 22 medverkat
962 714 40 21 vid

249 748 177 28 näringslagens
446 747 118 28 stiftande,
584 755 69 20 synes
667 747 87 28 jemväl
769 747 51 22 häri
834 748 65 29 ligga
913 749 89 28 ytterli-

249 789 55 22 gare
324 784 34 19 ett
376 782 51 21 skäl
445 782 37 21 för
497 785 33 18 att
546 782 131 21 Ständerna
692 782 70 21 äfven
777 782 56 22 böra
848 783 24 21 få
888 783 91 29 deltaga
995 784 7 21 i

249 817 183 21 bestämmandet
447 816 26 22 af
486 817 27 21 de
529 817 116 21 allmänna
654 817 131 28 grunderna
793 816 36 22 för
837 819 165 26 patenträtten.

317 852 43 21 Att
376 851 129 22 emellertid
520 859 32 13 nu
569 851 107 29 gällande
691 851 138 29 förordning
843 859 37 14 om
891 854 81 26 patent
980 852 24 21 af

250 887 44 21 den
309 888 29 20 30
352 886 62 21 Mars
431 887 54 21 1876
500 886 117 21 utfärdats
632 888 57 18 utan
704 886 141 21 Ständernas
855 886 146 28 medverkan,

249 920 65 22 torde
337 920 63 21 finna
420 921 35 20 sin
476 920 131 28 förklaring
622 920 49 21 dels
687 920 54 27 deri,
759 922 33 19 att
807 920 196 29 upphofsmanna-

249 957 88 19 rättens
354 955 109 21 karaktär
478 955 29 21 då
522 958 64 18 ännu
601 954 52 21 icke
669 954 60 22 varit
742 954 56 22 fullt
807 954 89 26 insedd,
908 955 48 21 dels
968 956 35 20 uti

250 989 44 21 den
317 988 209 29 omständigheten,
550 991 35 19 att
606 988 209 28 näringsfrihetens
835 989 124 28 grundsats
975 989 28 21 då

250 1023 52 21 icke
317 1030 41 14 var
372 1022 150 29 fullständigt
537 1030 84 21 genom
635 1023 133 28 ständerlag
783 1023 107 28 tryggad.

317 1057 123 28 Utgående
467 1056 53 22 från
544 1064 33 14 nu
601 1056 137 22 framstälda
763 1057 145 29 synpunkter
934 1057 69 22 hafva

252 1091 129 22 Ständerna
396 1093 76 20 ansett
488 1092 7 20 i
512 1091 164 29 ständerlagen
690 1091 57 21 böra
757 1092 97 28 intagas,
865 1092 101 22 förutom
976 1092 27 21 de

250 1127 8 21 i
274 1126 44 22 den
334 1127 84 27 nådiga
429 1126 186 30 propositionens
627 1126 90 28 förslag
724 1126 38 22 till
770 1126 65 29 dylik
843 1127 40 28 lag
889 1126 114 29 ingående

250 1161 150 28 stadganden,
422 1161 86 28 jemväl
536 1162 62 20 vissa
620 1161 115 21 allmänna
757 1161 37 21 till
817 1161 45 22 den
884 1161 120 21 materiela

250 1197 158 26 patenträtten
423 1195 101 22 hörande
534 1195 157 29 grundsatser,
702 1195 118 29 nämligen
831 1203 37 14 om
876 1195 128 22 föremålen

249 1229 37 22 för
308 1229 43 22 och
373 1231 47 20 rätt
442 1230 38 21 till
503 1232 86 26 patent,
613 1236 36 15 om
665 1229 152 28 patenttiden,
834 1237 37 14 om
886 1232 117 27 patentets

251 1264 152 27 rättsverkan,
420 1271 37 14 om
472 1264 149 29 lisenstvång
635 1264 44 21 och
695 1264 173 29 expropriation
883 1265 26 21 af
916 1266 86 27 patent,

250 1305 38 16 om
313 1299 63 20 talan
399 1298 9 21 i
423 1298 127 29 anledning
576 1299 25 21 af
621 1298 112 29 beviljadt
755 1300 81 27 patent
852 1301 59 19 samt
926 1299 77 21 derom

252 1335 35 18 att
309 1333 179 27 patentregister
507 1333 60 20 skall
585 1333 63 20 föras
665 1333 42 20 och
723 1332 147 21 öfverlåtelse
886 1333 25 20 af
923 1334 81 27 patent

250 1365 37 22 till
302 1365 144 29 inskrifning
461 1366 8 21 i
480 1366 109 27 registret
599 1366 108 21 anmälas.
730 1366 46 21 Till
787 1366 58 29 följd
853 1366 69 21 häraf
928 1367 76 20 skulle

250 1400 104 21 deremot
379 1400 45 21 den
450 1400 189 22 administrativa
662 1400 171 29 författningen
856 1401 92 22 komma
970 1403 34 20 att

250 1435 118 22 innehålla
386 1434 146 23 föreskrifter
548 1443 44 20 om,
608 1435 71 22 bland
694 1438 76 26 annat,
786 1436 218 29 patentmyndighe-

251 1472 45 26 ten,
313 1472 71 20 sättet
398 1470 37 22 för
449 1470 103 22 ansökan
569 1478 36 14 om
621 1473 86 26 patent,
723 1471 194 28 patentärendens
933 1471 70 22 hand-
