1123 1775
352 130 30 24 U.
397 132 28 21 B.
442 145 27 2 —
484 131 75 29 Prop.
575 132 42 22 N:o
633 131 36 23 13.
847 132 12 20 3

136 196 62 22 enär
225 196 186 29 Ridderskapet
437 197 46 22 och
506 196 94 23 Adelns
625 198 64 20 samt
707 196 181 29 Borgarestån-

135 230 55 22 dets
227 230 82 22 beslut
344 231 108 22 rörande
492 231 12 22 1
538 231 14 28 &
583 231 106 22 innebär
725 231 105 21 allenast
856 237 32 15 en

135 264 127 29 sänkning
297 265 25 21 af
360 265 42 21 det
431 265 7 21 i
474 265 49 22 den
565 265 93 29 nådiga
699 264 189 28 propositionen

134 298 144 29 föreslagna
305 298 209 27 straffminimum,
541 300 81 21 ansett
640 298 67 22 detta
735 298 82 22 beslut
841 304 47 23 ega

134 333 92 21 största
257 332 77 29 utsigt
362 332 35 22 att
423 332 95 23 erhålla
547 332 236 28 ständerpluralitet.
828 332 60 22 Der-

135 367 66 21 emot
227 366 46 22 och
300 366 105 23 emedan
431 367 97 22 Preste-
554 367 46 23 och
619 366 210 23 Bondeståndens
848 366 40 22 be-

135 401 50 22 slut
219 401 159 22 beträffande
411 401 265 29 straffbestämningen
709 401 8 22 i
744 401 15 22 2
789 401 14 29 $
834 400 54 23 icke

136 435 66 23 afser
232 435 86 29 någon
348 436 148 29 förändring
530 436 24 22 af
584 436 49 22 den
662 436 7 21 i
699 436 189 28 propositionen

134 470 145 29 föreslagna
314 468 153 28 straffarten,
504 470 46 22 har
586 470 68 22 detta
688 470 83 22 beslut
806 469 83 23 blifvit

134 504 72 29 lagdt
244 504 36 22 till
312 505 83 29 grund
428 504 40 22 för
498 504 274 30 sammanjemkningen
805 504 84 22 härut-

136 538 86 23 innan.
259 538 38 23 Då
327 538 137 23 emellertid
494 539 187 29 uteslutningen
707 539 25 22 af
759 539 49 22 den
834 538 55 23 utaf

136 573 186 29 Ridderskapet
340 574 46 23 och
405 573 81 23 Adeln
513 576 64 21 samt
596 573 215 30 Borgareståndet
829 573 60 29 god-

134 608 86 22 kända
238 608 138 29 lindrigare
394 608 152 27 straffarten,
573 609 80 25 böter,
674 608 107 22 innebär
798 615 31 15 en
848 607 41 23 be-

135 643 111 28 tydande
276 643 121 31 afvikelse
418 643 56 22 från
493 643 173 22 nästbemälda
686 643 93 22 Stånds
797 642 90 27 beslut,

135 677 47 22 har
201 677 126 22 Utskottet
340 679 81 20 ansett
439 678 39 29 sig
497 677 26 22 af
539 677 100 29 hänsyn
655 677 40 22 för
707 677 74 22 dessa
795 677 93 22 Stånds

136 711 66 29 åsigt
220 711 62 23 böra
300 711 93 23 föreslå
412 718 30 15 en
466 712 126 29 sänkning
612 711 25 22 af
662 711 226 29 fängelsestraffets

135 745 129 23 minimum
282 745 56 23 från
357 746 43 22 två
418 746 121 22 månader
557 746 36 23 till
612 752 31 16 en
661 746 100 22 månad.

205 780 37 23 På
261 781 83 28 grund
363 781 25 22 af
406 780 42 23 det
466 780 78 23 ofvan
571 780 106 23 anförda
696 780 39 22 får
753 780 134 26 Utskottet,

135 815 57 22 med
210 813 144 24 beaktande
380 814 93 29 jemväl
500 815 25 22 af
552 815 31 22 de
611 815 197 28 anmärkningar
835 821 53 15 som

136 849 80 29 gjorts
235 851 65 20 emot
324 849 49 23 den
390 848 84 23 finska
502 851 84 20 texten
604 849 57 22 från
688 849 201 22 Presteståndets

136 884 62 25 sida,
219 884 129 22 vördsamt
365 883 100 26 föreslå,

410 953 38 21 att
462 943 145 31 Ständerna
619 952 61 22 ville
691 951 140 29 godkänna
845 950 45 23 föl-

338 986 82 28 jande
440 985 95 29 förslag
554 986 40 22 till

412 1102 155 28 Förordning
593 1102 123 28 angäende
742 1108 88 16 ansvar
850 1102 42 22 för

344 1137 190 29 uppenbarande
549 1137 27 22 af
589 1136 232 28 statshemligheter.

413 1226 59 22 Med
490 1225 184 30 upphätfvande
692 1225 32 22 af
739 1226 37 28 18
789 1225 34 22 42
832 1225 58 30 kap.

346 1260 45 23 och
409 1260 114 29 ändring
541 1261 34 22 af
591 1261 14 22 7
620 1261 15 26 $
654 1260 31 22 12
703 1260 59 29 kap.
781 1260 8 21 i
805 1260 87 22 straff-

346 1294 76 29 lagen
449 1294 41 23 för
516 1294 240 23 Storfurstendömet
777 1294 116 22 Finland

346 1328 33 23 af
402 1328 49 22 den
479 1329 33 22 19
538 1328 135 23 December
693 1328 78 27 1889,
789 1328 103 23 sädana

346 1363 74 22 dessa
439 1362 102 30 lagrum
559 1363 64 29 lyda
641 1363 11 22 i
669 1363 183 28 förordningen
864 1362 33 23 af

346 1397 49 22 den
422 1397 32 22 21
480 1397 75 28 April
583 1397 78 26 1894,
689 1397 133 28 angående
839 1397 54 21 sär-

345 1430 87 23 skilda
460 1431 146 28 ändringar
632 1431 11 21 i
664 1431 79 28 sagde
761 1430 131 29 strafflag,

210 1473 130 24 Laguiskottets
352 1473 110 18 betänkande
474 1474 37 17 N:o
523 1474 17 17 4.
