1120 1784
366 147 28 23 U.
410 147 28 23 B.
454 160 25 4 —
494 148 76 28 Prop.
585 148 43 24 N:o
644 148 34 22 17.
849 149 12 20 9

139 216 133 26 kyrkolagen
294 216 76 21 trädde
393 218 6 19 i
421 217 99 26 gällande
541 217 63 20 kraft.
634 218 43 19 Vid
695 218 53 25 1876
763 218 34 19 ärs
812 216 79 27 kyrko-

139 249 58 21 möte
213 249 127 27 godkändes
355 253 32 18 ett
403 250 84 27 förslag,
500 254 32 17 att
542 250 50 21 XIII
602 251 51 26 kap.
664 253 7 18 i
681 251 133 26 kyrkolagen
824 250 67 21 skulle

138 283 96 26 undergä
241 285 99 23 revision,
351 284 50 21 med
416 290 30 19 44
459 284 65 21 bland
538 285 26 24 68
578 285 79 26 afgifna
672 285 75 20 röster.
768 285 51 20 Men
835 291 56 14 eme-

139 317 42 20 dan
201 324 48 13 man
264 317 75 21 härvid
354 317 86 27 hyllade
456 319 41 20 den
512 319 121 20 sedermera
648 319 131 26 frängängna
795 318 96 27 uppfatt-

139 353 83 25 ningen,
239 355 32 17 att
285 352 28 27 $/,
328 351 107 28 pluralitet
450 359 52 14 vore
517 353 125 27 erforderlig
657 351 64 22 äfven
731 353 32 20 för
773 352 70 21 beslut
855 359 36 15 om

139 385 155 22 förberedande
317 386 107 28 ätgärder,
446 387 50 21 kom
518 388 65 20 saken
598 387 33 21 för
646 387 42 21 den
703 387 85 27 gängen
803 390 32 18 att
849 387 41 20 för-

139 419 54 29 falla.
224 421 43 21 Vid
285 421 53 20 1886
348 422 33 20 ärs
392 421 128 26 kyrkomöte
531 421 131 22 omfattades
677 425 50 18 utan
737 421 154 27 meningsskilj-

139 454 97 28 aktighet
251 456 89 26 äsigten,
357 459 32 18 att
410 463 26 13 en
454 456 148 27 omarbetning
617 456 24 21 af
652 456 91 27 kapitlet
758 463 52 13 vore
825 455 66 21 erfor-

139 489 73 27 derlig,
235 489 77 21 medan
331 489 57 22 olika
403 491 110 26 meningar
527 491 125 27 förspordes
673 490 111 27 angäende
805 489 85 22 beskaf-

139 523 99 22 fenheten
253 524 26 20 af
290 525 29 20 de
333 524 120 27 ändringar,
469 531 47 14 som
530 525 68 20 borde
610 525 105 26 vidtagas,
727 524 86 21 hvarför
823 524 66 21 saken

139 557 103 22 hänsköts
263 558 31 21 till
309 559 42 21 den
366 558 63 21 äfven
444 559 33 20 för
492 560 65 19 andra
572 559 72 26 frägor
659 559 89 20 tillsatta
763 558 127 27 kyrkolags-

138 591 95 22 komiten
254 596 50 18 utan
326 597 32 17 att
380 593 97 21 närmare
500 593 130 21 föreskrifter
649 593 111 27 angäende
782 593 42 20 den
839 593 50 20 rikt-

138 627 56 26 ning,
212 628 7 19 i
234 627 87 21 hvilken
336 627 141 27 ändringarna
494 627 66 21 borde
576 628 33 27 gä,
626 627 109 21 lemnades
751 627 21 21 ät
786 627 102 23 komiten.

137 661 44 21 Det
197 661 80 27 förslag
291 661 31 21 till
337 662 81 20 ändrad
434 661 82 26 lydelse
532 662 24 20 af
570 661 144 27 kyrkolagens
730 661 159 27 bestämningar

139 701 34 14 om
188 695 152 27 kyrkotukten,
356 702 47 14 som
418 704 27 12 nu
461 696 113 27 föreligger
588 695 32 22 till
634 696 132 20 Ständernas
781 696 106 26 pröfning,

137 730 127 26 godkändes
279 731 36 21 vid
333 731 53 27 1893
399 731 33 20 ärs
443 730 129 26 kyrkomöte
588 730 101 27 enhälligt
705 730 46 21 icke
766 730 89 20 allenast
867 729 25 21 af

137 764 79 22 mötets
238 765 207 27 kyrkolagsutskott,
469 769 49 17 utan
541 766 41 20 ock
604 766 24 20 af
645 765 140 27 kyrkomötet
807 766 6 19 i
838 764 49 20 dess

136 799 79 21 helhet.

204 834 72 27 Enligt
292 834 12 27 8
327 840 35 15 101
381 834 85 21 utöfvas
481 834 118 26 kyrkotukt
615 834 130 27 derigenom,
762 836 32 18 att
809 834 22 20 ät
845 833 42 21 för-

136 868 194 28 samlingsmedlem
345 868 91 22 tilldelas
452 869 124 27 förmaning,
592 868 52 22 först
660 868 23 21 af
695 868 152 27 kyrkoherden
858 867 29 21 al-

135 903 53 25 lena,
205 903 93 22 derefter
313 903 25 21 af
348 903 152 27 kyrkoherden
515 905 5 19 i
536 905 36 20 tvä
587 904 51 20 eller
648 907 32 17 tre
693 902 194 27 församlingsmed-

135 937 98 21 lemmars
249 939 96 24 närvaro,
362 938 41 21 och
418 938 98 27 slutligen
532 939 24 20 af
567 937 131 28 kyrkorädet
708 939 6 19 i
725 937 162 26 församlingens

136 979 69 14 namn.
235 973 70 26 Följer
322 973 68 27 härpä
406 973 46 20 icke
467 972 99 27 bättring,
584 980 50 20 eger
649 972 131 27 kyrkorädet
795 971 91 21 förklara

136 1006 67 21 sådan
225 1014 80 19 person
328 1007 98 27 förlustig
441 1007 129 27 rättigheten
585 1011 32 17 att
632 1013 51 14 vara
698 1008 67 19 vittne
781 1006 35 21 vid
833 1006 52 26 dop,

137 1044 31 18 att
191 1041 86 27 deltaga
299 1043 5 20 i
324 1041 36 21 val
374 1041 24 21 af
410 1041 118 22 ledamöter
544 1043 6 19 i
565 1041 137 27 kyrkorådet,
718 1041 25 20 af
755 1040 80 21 ombud
849 1041 36 19 vid

135 1075 130 27 kyrkomöte
275 1076 42 20 och
325 1076 25 21 af
358 1075 85 22 valmän
456 1076 74 25 dertill,
544 1080 56 17 samt
611 1075 132 27 rättigheten
754 1078 32 17 att
797 1074 51 26 sjelf
855 1073 31 21 till

134 1110 78 21 nämda
223 1110 144 26 befattningar
374 1111 73 25 väljas;
456 1111 56 19 dock
521 1110 53 21 skall
581 1110 143 27 kyrkorådets
732 1109 70 20 beslut
810 1109 75 19 härom

135 1144 140 20 underställas
303 1144 148 27 domkapitlet.
487 1145 76 20 Finner
586 1144 142 26 domkapitlet
750 1144 36 19 vid
808 1142 77 21 sakens

135 1177 100 27 pröfning
249 1178 212 27 omständigheterna
475 1179 69 20 dertill
553 1178 116 24 föranleda,
681 1184 52 20 eger
743 1176 143 28 domkapitlet

133 1210 78 27 jemväl
233 1212 55 21 kalla
311 1213 41 21 den
367 1212 85 22 felande
467 1212 53 21 inför
536 1214 32 25 sig
583 1212 43 20 och
640 1211 99 21 meddela
754 1211 80 21 honom
849 1210 36 20 all-

135 1246 67 27 varlig
222 1246 120 28 förmaning
359 1250 61 20 samt,
436 1247 72 20 derest
523 1247 42 20 han
580 1248 61 25 ingen
657 1246 95 26 bättring
766 1246 62 24 visar,
844 1244 42 21 för-

134 1280 59 21 klara
211 1280 81 21 honom
312 1282 28 26 på
358 1280 99 22 bestämd
473 1281 31 21 tid
520 1280 104 27 oskicklig
638 1283 33 18 att
687 1280 42 20 den
744 1280 70 26 heliga
829 1282 56 18 natt-

134 1315 83 20 varden
233 1315 61 27 begå.

203 1349 137 24 Beträffande
362 1349 28 21 de
411 1349 113 27 ändringar
546 1350 6 20 i
567 1350 63 20 dessa
646 1348 140 27 stadganden,
803 1348 81 20 hvilkas

134 1383 159 27 godkännande
315 1391 33 14 nu.
364 1384 95 24 föreslås,
475 1384 106 21 inhämtas
596 1391 23 13 ur
634 1383 42 21 den
691 1383 78 27 nådiga
784 1384 101 26 proposi-

135 1418 72 19 tionen
222 1417 41 20 och
278 1418 150 25 kyrkomötets
444 1418 125 25 handlingar
583 1418 102 24 följande:

203 1490 121 22 Lagutskottets
336 1490 103 16 betänkande
451 1490 33 16 N:o
496 1495 16 17 9.
