1120 1781
473 128 75 39 UB
565 156 25 3 -—
606 129 72 43 Prop:
696 133 37 33 N:o
749 143 34 24 16.

258 193 144 36 uttaxering
416 200 41 29 hos
478 201 151 28 kommunens
644 198 154 25 medlemmar.
827 199 125 23 En:sädan
966 201 39 21 be-
1019 220 2 2 .

259 235 121 28 skattning
398 235 59 21 hade
473 234 129 22 emellertid
616 235 52 21 icke
683 235 53 21 stöd
749 235 9 20 i
773 235 39 28 lag
826 234 50 23 lika
891 235 54 22 litet
957 241 47 23 som

257 269 141 22 kommunen
421 269 57 29 egde
500 272 48 19 rätt
562 271 34 20 att
612 270 25 21 af
649 269 135 23 uttaxerade
799 269 75 22 medel
889 269 116 29 tillskjuta

259 304 71 28 något
352 303 84 30 belopp
458 305 38 21 till
517 304 109 22 bildande
641 304 26 21 af
679 304 128 28 sparbanks
822 299 152 34 grundfond.
994 304 11 21 I

258 338 96 29 Sverige
370 338 60 22 hade
446 339 68 21 äfven
525 339 87 28 högsta
628 338 129 23 domstolen
771 338 135 29 principielt
920 339 86 21 uttalat

257 373 37 28 sig
303 373 8 21 i
319 379 87 15 samma
412 372 112 31 riktning.
548 373 101 21 Oaktadt
659 373 109 21 kommun
778 373 87 22 således
873 373 53 21 icke
934 373 72 22 borde

258 407 152 21 tillerkännas
432 407 78 29 någon
523 428 3 1 .
534 407 172 29 befogenhet.
692 401 17 39 i
727 407 148 22 förenämndt
891 405 113 29 afseende,

257 448 55 15 vore:
328 441 139 22 kommunen
482 442 73 21 likväl
570 442 52 21 icke
638 442 108 27 obetagét
761 443 35 20 att
805 442 30 28 pä
847 443 34 20 ett
889 442 116 25 verksamt

259 477 52 26 sätt,
327 477 18 20 t.
367 483 33 14 ex.
423 483 83 22 genom
530 475 81 30 bidrag
633 476 25 21 af
679 475 115 27 donerade
816 475 81 28 medel,
922 476 84 29 främja

259 510 154 29 uppkomsten
437 511 25 21 af
482 511 146 28 sparbanker.
658 511 33 21 Pä
713 511 75 28 grund
804 510 69 22 häraf
885 510 42 21 har
941 511 63 20 inom

258 544 122 22 Utskottet
394 545 80 29 yrkats
490 545 34 25 att
535 545 165 22 kommunerna
711 545 51 22 icke
773 544 71 23 borde
852 544 153 22 tillerkännas

258 577 141 32 befogenhet
414 582 34 19 att
463 580 65 21 stifta
543 580 122 28 sparbank.
990 581 6 2 N

314 631 3 1 -
325 613 133 23 Utskottets
473 615 120 28 pluralitet
608 615 42 21 har
664 614 73 22 likväl
752 615 52 21 icke
815 614 90 21 kunnat
913 614 93 21 ansluta

235 673 2 2 .
258 648 37 29 sig
318 648 37 29 till
371 648 75 22 denna
461 649 73 31 åsigt.
558 649 41 22 Ett
614 649 128 28 stadgande
757 649 9 22 i
782 649 147 22 omförmäldt
944 648 61 29 syfte

257 681 55 36 vore
334 685 58 20 utan
414 684 84 21 tvifvel
512 684 88 29 egnadt
615 686 34 19 att
664 685 71 20 verka
751 683 136 22 hämmande
902 684 31 29 pä
948 688 56 24 upp-

258 717 104 22 komsten
393 717 25 22 af
444 725 46 22 nya.
520 719 146 28 sparbanker.
696 719 112 20 Intresset
830 718 35 21 för
888 717 132 22 allmänna

257 751 195 30 angelägenheter
465 756 31 17 :är
510 753 119 28 nämligen
643 753 14 20 &
671 753 54 20 flere
741 755 61 19 orter
817 755 62 19 ännu
895 753 56 27 föga
966 747 38 27 va-

257 786 46 27 ket,
315 786 114 22 -hvarföre
444 787 153 29 uppkomsten
614 788 26 21 af
653 787 81 28 dylika
749 787 157 28 inrättningar
921 793 83 22 genom

257 821 103 21 enskildt
381 821 104 22 initiativ
514 822 51 21 icke
588 821 67 22 alltid
677 825 26 18 är
718 824 35 19 att
766 821 111 29 påräkna.
907 821 97 29 Medgif-

257 855 87 22 vandet
373 855 26 22 af
424 859 49 18 rätt
495 857 23 20 åt
540 857 109 22 kommun
673 858 35 19 att
723 856 65 22 stifta
802 856 117 31 sparbank
934 855 70 22 borde

258 889 65 27 dock,
339 891 75 28 enligt
428 891 131 22 Utskottets
575 891 76 28 tanke,
659 891 51 21 icke
725 891 113 21 innebära
845 890 40 21 det
895 891 109 20 kommun

244 943 3 1 -
255 924 87 29 jemväl
361 925 75 22 skulle
452 933 42 20 ega
510 928 48 19 rätt
573 928 35 19 att
622 926 69 27 ätaga
706 926 35 28 sig
757 925 148 28 ansvarighet
920 924 36 22 för
970 925 34 21 in-
1019 937 3 4 -

257 961 62 20 satta
328 959 82 22 medel.
434 960 131 21 Utskottets
573 959 75 22 flertal
659 960 69 28 hyser
736 960 94 21 fastmer
841 959 45 22 den
894 959 68 28 äsigt,
971 961 35 20 att

259 993 72 22 sädan
343 993 141 22 förbindelse
505 995 3 20 ä
522 994 151 21 kommunens
689 994 50 21 sida
755 994 19 29 ej
792 998 24 17 är
828 993 177 22 öfverensstäm-

135 1037 48 15 Ko
259 1028 82 23 mande
371 1027 60 28 med;
452 1027 175 23 föreskrifterna
646 1029 13 20 i
689 1028 108 28 gällande
826 1028 179 21 kommunalför-

258 1059 109 31 fattning.
404 1062 12 21 I
438 1062 110 21 händelse
572 1062 57 22 brist
650 1063 8 20 i
680 1063 154 21 insättarenes
856 1061 150 30 tillgodohaf-

258 1096 76 21 vande
363 1096 77 22 derför
469 1097 73 21 skulle
572 1098 91 28 uppstå,
687 1097 70 21 borde
786 1097 140 21 kommunen
955 1097 51 21 icke

36 1133 65 23 EN
180 1125 10 35 ij
258 1123 80 29 kunna
367 1130 121 22 åhvälfvas
521 1133 34 20 att
588 1131 69 29 gälda
685 1133 153 20 'insättarenes
868 1131 137 29 fordringar.

45 1160 2 2 -
257 1163 16 23 I
291 1161 164 32 betraktande
485 1167 25 20 af
537 1165 39 22 det
598 1173 31 14 nu
652 1165 104 28 antydda
781 1166 42 21 och
837 1163 38 24 dä
897 1165 109 30 sparban-

259 1200 41 21 ker
321 1200 119 21 allaredan
458 1200 8 21 i
482 1202 83 19 nästan
581 1201 45 22 alla
642 1201 27 20 af
674 1200 97 22 landets
785 1200 76 22 städer
875 1200 66 21 torde
965 1200 41 21 fin-

263 1241 62 21 nas,
321 1224 8 44 <
334 1234 93 22 hvadan
448 1235 143 22 inrättandet
609 1228 26 29 af
648 1243 47 20 nya
709 1235 87 22 sådana
811 1234 119 22 derstädes
945 1234 21 29 ej
982 1238 24 18 är

259 1268 26 23 af
305 1268 111 23 behofvet
437 1270 127 28 päkalladt,
583 1270 43 22 har
639 1270 123 22 Utskottet
776 1272 77 20 ansett
868 1270 83 21 sådant
966 1270 40 21 all-

260 1306 64 18 mänt
340 1304 127 27 stadgande
483 1304 55 22 böra
552 1304 56 28 ingå
624 1304 7 21 i
641 1304 167 28 förordningen
817 1304 120 28 angående
945 1312 62 20 spar-
1032 1326 2 2 —

260 1337 124 27 bankerna,
407 1339 35 19 att
465 1337 177 22 landskommun
664 1338 59 27 egde
737 1340 47 18 rätt
799 1339 41 25 att,
856 1338 37 21 till
909 1338 98 22 befräm-

255 1370 73 29 jande
343 1370 181 29 af.sparsamhet
540 1372 62 20 inom
618 1372 146 26 kommunen,
782 1371 147 29 grundlägga
940 1371 67 29 dylik

259 1405 141 29 inrättning;
430 1406 43 21 och
496 1406 41 21 har
559 1406 122 23 Utskottet
699 1406 37 22 till
751 1406 59 30 följd
825 1406 68 22 häraf
906 1406 102 30 vidtagit

259 1440 73 29 nödig
354 1440 100 30 ändring
469 1440 9 22 i
492 1440 271 30 författningsförslaget,
780 1441 98 23 hvarvid
894 1441 59 23 dock
968 1449 39 15 an-

299 1506 8 17 +
326 1493 48 24 Lag-
386 1494 33 18 och
429 1494 186 18 Ekonomiutskottets
626 1494 111 19 betänkande
744 1494 42 18 N:o
798 1495 18 18 8.
