1123 1786
271 175 12 20 2
461 173 29 24 U.
506 173 27 24 B.
549 179 33 12 —
591 173 75 30 Prop.
681 174 43 23 N:o
738 173 36 24 18.

310 244 37 25 Dä
370 246 35 22 tre
423 244 71 24 ständ
512 245 104 24 sälunda
635 244 93 31 antagit
745 243 136 25 Utskottets
897 244 98 32 förslag,

243 277 38 25 fär
298 278 123 24 Utskottet
437 279 122 23 vördsamt
577 279 100 31 inbjuda

514 322 171 27 Bondeständet
709 326 34 22 att
760 324 11 24 i
791 324 76 24 denna
889 324 36 24 del
939 324 55 32 god-

447 358 79 24 känna
549 359 123 25 Utskottets
691 358 145 25 betänkande.

310 410 135 25 Utskottets
465 412 14 22 &
496 410 97 26 sidorna
610 411 13 24 7
637 410 43 24 och
693 410 16 24 8
720 410 7 24 i
740 410 161 25 betänkandet
913 410 82 32 gjorda

242 444 147 26 hemställan
407 452 36 17 om
463 446 104 32 ändring
585 444 25 26 af
628 446 14 29 $
663 445 49 24 134
723 445 9 23 i
741 444 253 25 folkskoleförordnin-

242 487 46 25 gen
306 480 45 24 den
371 479 29 25 11
420 480 46 31 maj
488 480 65 24 1866
571 479 91 25 derhän
680 481 35 23 att
732 480 79 24 lärare
830 480 42 24 och
889 479 106 24 lärarin-

241 520 45 18 nor
306 514 41 24 vid
364 512 132 26 folkskolor
513 516 32 30 pä
562 514 82 25 landet
661 521 30 17 ur
709 514 124 24 allmänna
851 514 74 24 medel
944 514 51 24 till-

242 548 141 25 kommande
395 547 139 34 lönebidrag
546 548 80 25 skulle
639 548 65 31 ökas,
716 548 73 25 sedan
802 548 27 25 de
842 548 154 33 oförvitligen

242 583 111 31 fullgjort
371 583 42 23 sitt
431 581 52 25 kall
503 583 14 23 5
536 584 32 29 år,
586 582 54 25 med
659 583 32 23 10
708 585 103 28 procent,
821 585 62 21 samt
895 583 101 23 derefter

241 617 74 24 hvart
342 616 70 25 femte
439 618 27 23 är
489 617 52 24 med
558 616 141 32 ytterligare
720 617 31 24 10
769 620 98 28 procent
883 616 40 24 till
941 617 54 24 dess

242 652 36 23 att
301 651 44 24 den
369 649 102 26 sälunda
495 651 88 25 skedda
600 651 163 31 tillökningen
780 651 61 25 efter
858 652 38 24 det
913 651 82 33 tjugu-

241 685 71 25 femte
339 687 62 23 årets
427 687 93 31 utgång
547 686 70 32 stigit
644 685 39 24 till
707 686 32 24 50
757 688 102 30 procent,
878 688 63 22 samt
958 693 37 17 om

242 720 89 32 anslag
347 720 52 24 med
417 720 87 24 inalles
518 720 108 31 345,000
641 720 70 24 mark
722 720 39 24 till
774 720 223 33 löneförhöjningar

242 756 25 23 åt
285 754 184 25 folkskollärare
487 756 42 24 och
547 755 139 24 lärarinnor
703 756 31 30 pä
751 754 82 25 landet
845 755 75 24 under
938 756 58 23 åren

243 789 168 25 1895—1897
439 789 46 24 har
512 790 82 24 blifvit
616 789 110 33 godkänd
749 790 86 24 endast
852 790 26 24 af
894 789 101 25 Ridder-

240 824 87 32 skapet
345 824 43 24 och
405 822 85 32 Adeln,
507 824 125 24 hvaremot
649 824 28 23 de
694 827 36 21 tre
748 824 79 33 öfriga
838 824 101 24 ständen
952 833 43 16 an-

241 858 62 32 tagit
329 858 120 24 klämmen
468 858 9 24 i
494 858 178 26 reservationen
691 859 18 31 I,
727 859 73 24 hvari
817 858 108 31 föreslås,
945 862 50 22 »att

241 892 137 25 Ständerna
395 891 59 25 ville
472 892 40 25 till
521 893 223 32 löneförhöjningar
753 894 25 23 ät
787 893 79 24 lärare
876 893 44 24 och
930 893 65 24 lära-

241 927 85 24 rinnor
343 926 42 25 vid
405 926 165 26 folkskolorna
582 929 32 30 pä
627 927 82 24 landet
720 927 130 33 godkänna
863 930 33 22 ett
908 927 88 33 anslag

240 961 27 24 af
293 961 109 31 364,400
428 962 77 31 mark,
533 963 122 24 äfvensom
686 962 43 25 hos
759 961 71 26 Hans
858 961 138 34 Kejserliga

242 995 115 32 Majestät
374 996 9 24 i
401 996 189 33 underdänighet
603 997 101 24 anhälla
717 1004 37 17 om
766 997 76 24 sädan
854 995 142 35 förändring

240 1031 27 24 af
285 1033 14 28 $
320 1031 49 24 134
386 1031 9 24 i
413 1030 291 34 folkskoleförordningen
721 1032 26 23 af
767 1032 29 23 11
816 1032 47 31 maj
885 1033 66 24 1866
960 1034 36 23 att

241 1066 46 23 den
313 1065 185 25 folkskollärare
525 1067 43 24 och
585 1066 138 25 lärarinnor
740 1068 31 30 pä
789 1066 82 25 landet
887 1067 108 24 tillkom-

240 1100 85 24 mande
343 1100 40 24 lön
401 1100 59 24 efter
473 1100 15 24 5
501 1102 40 22 års
554 1100 125 33 oförvitlig
690 1101 73 31 tjenst
775 1100 66 33 höjes
853 1101 52 24 med
919 1100 76 33 10%,

240 1134 60 24 efter
319 1134 32 25 10
370 1135 40 23 års
427 1134 75 31 tjenst
518 1135 142 32 ytterligare
678 1135 52 24 med
750 1135 79 32 109,
841 1135 58 24 efter
913 1137 31 23 15
955 1137 40 23 års

240 1169 75 30 tjenst
341 1170 51 22 åter
417 1169 53 23 med
499 1168 75 32 109,
598 1169 43 24 och
664 1169 59 24 efter
742 1170 33 23 20
793 1171 40 23 års
852 1170 74 31 tjenst
943 1169 52 25 med

241 1202 33 24 20
285 1201 55 33 %/».
375 1200 57 26 Med
452 1202 112 24 afseende
587 1201 61 26 härä
672 1203 39 24 får
733 1202 123 26 Utskottet
874 1204 122 24 vördsamt

240 1235 99 33 inbjuda

513 1281 166 34 Ridderskapet
705 1282 40 25 och
771 1283 74 25 Adeln
865 1284 63 24 att
917 1277 15 43 i
953 1283 43 26 sak

442 1315 125 32 godkänna
594 1324 59 24 nyss
679 1316 109 32 anförda,
812 1317 31 31 af
863 1321 33 21 tre
925 1316 71 26 stånd

443 1348 72 26 redan
533 1353 105 29 antagna
655 1350 73 29 kläm;

240 1397 64 22 samt
321 1394 100 25 föreslå:

509 1443 36 22 ett
573 1441 134 25 Ständerna
723 1442 51 25 ville
791 1441 76 26 tillåta
884 1443 43 25 den
943 1444 50 31 for-

443 1474 67 25 mella
525 1475 144 33 förändring
686 1477 11 23 i
712 1477 74 31 sagda
797 1477 68 31 kläm,
875 1480 39 22 att
924 1479 71 24 orden

309 1518 141 18 Statsutskottets
461 1519 111 20 betänkande
582 1520 37 18 N:o
632 1520 17 19 6.
919 1520 2 2 i
