1123 1784
254 164 13 21 8
414 162 29 22 U.
505 175 25 3 —
545 161 74 29 Prop.
634 162 43 22 N:o
692 161 36 23 18.

225 231 78 20 mande
318 231 188 26 anslagsposterna
521 230 50 21 med
586 230 28 20 de
629 230 89 27 belopp,
734 237 47 13 som
797 229 64 21 ofvan
871 228 109 28 angifvits,

226 265 42 21 och
283 265 33 21 för
331 265 23 21 år
371 265 50 26 1895
439 264 84 21 således
539 264 32 21 för
586 264 162 27 ifrågavarande
764 264 99 21 ändamål
877 265 103 26 upptagit

228 305 90 20 104,000
333 299 66 25 mark,
415 299 32 21 för
465 299 53 26 1896
536 299 90 25 116,000
640 298 60 21 mark
715 299 42 20 och
772 298 32 21 för
822 299 52 26 1897
890 303 91 22 125,000

225 333 66 26 mark,
315 333 50 21 eller
386 333 156 27 sammanlagdt
561 333 67 20 under
648 333 172 27 finansperioden
840 333 140 26 1895—1897

228 372 91 23 345,000
334 367 66 22 mark.
430 367 115 22 Utskottet
559 367 31 21 får
606 367 71 20 derför
692 367 96 20 förorda:

501 444 33 18 att
554 441 124 20 Ständerna
697 441 49 20 ville
761 441 43 28 för
824 441 51 20 åren
893 441 87 28 1895—

433 476 58 28 1897
509 476 36 20 till
563 476 201 27 löneförhöjningar
777 476 24 19 åt
809 475 172 28 folkskollärare

433 511 37 20 och
500 511 127 20 lärarinnor
649 511 34 26 pä
712 510 73 21 landet
813 510 63 21 anslå
905 510 77 21 inalles

429 551 98 20 345,000
542 545 69 20 mark.

295 659 64 21 Hvad
375 660 66 25 angår
456 659 103 26 anslagen
574 659 36 20 till
618 659 148 26 pensionering
775 660 29 24 af
809 658 173 28 folkskollärare

228 694 37 20 och
286 694 126 20 lärarinnor
425 693 34 27 på
481 693 77 25 landet,
575 693 97 26 bidraget
686 692 36 21 till
728 692 84 28 fonden
821 694 43 26 för
873 693 108 27 pensione-

228 728 50 26 ring
298 728 30 26 af
344 727 115 21 städernas
475 727 272 31 folkskollärarepersona!
763 728 111 20 äfvensom
890 728 38 20 det
942 734 39 14 an-

227 762 55 26 slag,
298 761 80 21 hvilket
392 761 67 21 skulle
474 762 78 20 ställas
568 761 35 21 till
617 750 180 42 Öfverstyrelsens
806 762 44 26 för
862 761 120 21 skolväsen-

228 796 35 21 det
276 796 137 28 förfogande
426 796 43 27 för
487 796 117 20 understöd
626 796 24 20 åt
668 796 65 26 sjuka
748 796 73 20 lärare
836 796 37 20 och
888 796 94 21 lärarin-

228 837 44 18 nor,
297 830 38 21 har
360 830 114 21 Utskottet
499 830 68 21 funnit
594 832 33 25 sig
651 830 71 20 kunna
750 830 90 21 omfatta
861 831 28 20 de
911 832 6 19 i
938 831 43 21 den

209 861 2 2 *
228 865 78 28 nådiga
329 866 164 26 propositionen
517 865 176 32 förekommande
713 864 177 28 beräkningarna,
908 865 74 21 hvilka

227 899 114 28 uppgjorts
364 899 50 20 med
439 899 50 21 stöd
509 899 24 20 af
547 899 45 20 från
611 892 173 33 Öfverstyrelsen
805 899 98 21 lemnade
925 907 57 20 upp-

228 934 69 27 gifter.
328 933 115 21 Utskottet
459 933 31 20 får
506 933 71 20 derför
592 933 111 21 vördsamt
718 933 95 21 förorda:

501 1010 34 18 att
553 1007 124 21 Ständerna
695 1007 49 21 ville
758 1008 44 27 för
821 1008 52 20 åren
894 1008 87 28 1895—

434 1042 58 28 1897
508 1042 64 21 anslå
587 1042 76 21 inalles
679 1041 81 28 78,000
775 1043 63 20 mark
857 1043 35 20 till
900 1043 82 26 pensio-

433 1077 76 26 nering
529 1077 28 26 af
571 1076 171 27 folkskollärare
760 1077 38 20 och
814 1077 126 21 lärarinnor
948 1078 34 26 på

433 1111 78 24 landet,
536 1110 81 27 66,300
632 1110 63 20 mark
710 1111 71 20 såsom
796 1111 79 27 bidrag
888 1111 36 21 till
930 1113 52 26 fon-

433 1145 40 20 den
485 1146 43 25 för
541 1144 153 28 pensionering
711 1146 30 26 af
750 1145 115 21 städernas
873 1146 109 27 folkskol-

433 1180 74 19 lärare
521 1179 38 21 och
574 1179 128 21 lärarinnor
714 1183 59 17 samt
782 1186 84 20 30,000
878 1180 64 21 mark
949 1183 35 18 att

432 1213 78 21 ställas
532 1213 36 21 till
590 1213 179 28 Ofverstyrelsens
781 1215 41 25 för
834 1215 150 20 skolväsendet

427 1248 137 27 förfogande
572 1248 44 26 för
629 1250 33 18 att
677 1248 83 20 utdelas
768 1248 36 21 till
809 1249 174 27 folkskollärare

433 1282 38 20 och
493 1282 130 24 lärarinnor,
639 1289 45 13 som
695 1289 78 19 genom
788 1282 82 21 iräkad
881 1283 101 27 sjukdom

433 1315 72 26 blifvit
513 1316 44 26 för
570 1323 25 12 en
611 1316 33 19 tid
657 1316 151 20 urständsatta
826 1320 33 16 att
872 1318 62 18 sköta
948 1317 34 19 sin

433 1349 65 27 tjenst
511 1348 37 20 och
564 1348 77 25 derför
654 1350 68 19 måste
736 1350 73 26 afiöna
824 1350 87 21 vikarie.

296 1505 130 16 Siatsutskottets
437 1505 103 16 betänkande
551 1505 34 16 N:o
598 1505 15 16 6.
