1123 1748
254 155 12 19 8
546 155 44 23 N:o
610 157 39 22 22.

225 221 140 28 fullständiga
380 222 118 22 inkommit.
522 222 10 21 I
547 224 91 20 motsatt
652 222 38 21 fall
704 228 52 15 vare
771 222 148 28 ansökningen
934 222 44 22 för-

225 255 71 23 fallen.

577 285 47 27 88.

293 324 47 22 Har
362 324 116 28 anledning
500 325 18 27 ej
541 327 79 25 yppats
636 326 39 25 att,
691 325 54 21 efter
760 325 56 21 hvad
830 326 8 20 i
853 326 11 20 7
881 325 13 28 $
908 327 69 25 säges,

227 358 55 22 afslå
297 359 154 27 ansökningen,
467 358 44 22 låte
529 358 202 28 Industristyrelsen
751 359 58 21 inom
824 360 37 20 två
875 359 104 21 månader

226 392 54 22 efter
296 393 36 21 det
347 393 123 22 densamma
479 393 113 22 inkommit
602 393 52 22 eller
664 394 114 21 anmärkta
788 393 78 22 brister
877 392 102 28 afhjelpts

226 427 8 21 i
248 427 86 22 landets
350 426 88 23 officiela
456 427 110 27 tidningar
580 427 71 22 införa
666 427 129 28 kungörelse
810 434 34 15 om
860 427 118 22 ansöknin-

226 468 42 21 gen
290 462 48 22 med
356 462 85 27 uppgift
461 468 34 16 om
510 462 167 28 uppfinningens
694 462 98 27 föremål;
815 462 56 22 hålle
886 462 40 22 ock
941 468 39 15 an-

226 496 262 28 sökningshandlingarna
502 496 134 28 tillgängliga
650 496 34 22 för
700 496 86 28 enhvar,
802 502 46 16 som
863 496 81 22 önskar
958 495 24 23 af

228 531 48 21 dem
290 532 52 26 taga
356 531 128 22 kännedom.

578 561 48 27 98.

295 600 10 21 I
319 600 39 21 fall
379 600 111 21 sökanden
513 600 74 21 derom
602 601 8 20 i
625 600 32 21 tid
672 600 102 27 anhåller,
797 601 43 21 kan
863 601 37 20 det
914 600 8 21 i
937 600 13 21 8
967 600 12 27 8

226 633 93 23 nämnda
334 634 141 27 kungörande
489 635 131 26 uppskjutas
638 634 64 27 högst
716 634 47 27 fyra
778 634 102 21 månader
895 634 86 21 utöfver

228 667 40 22 den
284 668 7 21 i
306 668 66 27 sagde
388 668 11 27 $
415 668 104 27 stadgade
533 668 39 21 tid.

295 702 75 22 Ehvad
384 702 79 21 sädant
477 702 96 27 uppskof
586 704 36 25 egt
637 709 48 15 rum
701 703 51 21 eller
766 703 53 26 icke,
829 704 24 20 är
868 702 111 22 sökanden

228 736 122 28 berättigad
365 738 33 20 att
412 736 46 22 före
473 737 152 27 kungörandet
640 739 53 25 göra
708 737 117 27 ändringar
835 737 7 22 i
852 736 128 23 beskrifnin-

228 777 42 22 gen
284 771 60 22 öfver
358 771 162 28 uppfinningen.

572 836 25 20 10
618 835 18 28 $.

297 875 39 22 Till
359 876 48 21 dess
430 876 89 21 ärendet
534 875 143 22 förekommer
692 875 33 22 till
739 876 74 21 vidare
828 876 84 27 ätgärd,
928 875 52 22 hvil-

228 911 37 20 ket
280 910 40 21 bör
335 911 37 21 ske
388 910 54 22 efter
459 911 111 27 utgängen
589 910 23 22 af
625 911 37 21 tvä
676 910 104 22 mänader
794 910 48 22 frän
856 911 124 27 kungöran-

229 944 43 27 det,
295 944 83 27 stände,
401 946 60 20 utom
476 945 7 21 i
498 944 44 27 fall,
557 945 89 21 hvarom
660 945 8 21 i
683 944 144 28 nästföljande
842 952 62 14 mom.
920 946 61 20 näm-

229 984 45 21 nes,
290 978 80 22 enhvar
386 980 65 26 öppet
467 981 33 19 att
515 979 38 22 hos
569 979 210 27 Industristyrelsen,
794 980 30 26 pä
838 979 71 27 grund
924 979 23 21 af
962 981 18 25 1,

229 1014 13 20 2
258 1013 51 21 eller
324 1005 38 41 3—$
375 1013 126 28 eller
450 1005 42 41 med
509 1005 51 41 stöd
573 1013 25 22 af
610 1013 57 22 hvad
681 1015 8 19 i
702 1015 13 20 6
726 1014 12 27 $
748 1012 89 28 stadgas
848 1020 34 15 om
890 1009 103 26 beskrif--

229 1048 90 27 ningens
341 1047 152 27 beskaftenhet,
509 1050 53 25 göra
584 1048 92 27 skriftlig
694 1048 134 28 invändning
842 1049 46 20 mot
903 1048 78 22 ansök-

229 1082 86 27 ningen.

297 1116 135 28 Invändning
455 1116 72 22 derom
547 1118 34 20 att
596 1116 111 22 sökanden
722 1116 98 28 olofligen
835 1117 99 27 tillegnat
949 1117 34 27 sig

230 1157 83 15 annans
327 1150 96 22 hvarken
443 1150 170 28 offentliggjorda
633 1151 51 21 eller
700 1152 65 26 öppet
780 1152 102 21 utöfvade
895 1150 87 28 uppfin-

229 1185 58 27 ning,
310 1184 52 22 eller
384 1186 34 20 att
439 1185 110 21 sökanden
572 1185 46 22 icke
637 1185 71 21 allena
722 1185 40 21 har
777 1186 34 20 att
825 1185 84 27 förfoga
924 1184 59 22 öfver

229 1218 162 27 uppfinningen,
406 1219 35 21 mä
456 1218 78 22 endast
550 1218 24 22 af
587 1219 40 21 den
643 1219 134 21 förorättade
792 1218 137 22 framställas.

298 1253 10 21 I
324 1253 63 21 dessa
409 1252 37 22 fall
468 1254 35 20 mä
524 1253 41 21 den
580 1253 134 21 förorättade
730 1254 39 20 ock
784 1254 74 20 kunna
872 1254 60 26 yrka,
948 1254 34 20 att

231 1286 37 21 det
291 1287 92 20 ansökta
404 1288 100 25 patentet
523 1287 46 20 helt
584 1287 39 20 och
638 1287 66 21 hållet
720 1287 51 21 eller
786 1287 32 20 till
834 1287 40 21 den
890 1287 34 21 del
939 1287 43 20 han

230 1320 40 21 har
293 1321 34 20 att
348 1319 84 28 förfoga
454 1320 59 21 öfver
531 1320 154 27 uppfinningen
704 1320 54 21 skall
772 1320 79 22 honom
866 1320 116 22 meddelas.

574 1384 23 21 11
620 1383 18 28 &.
958 1409 3 1 N

298 1424 152 21 Förekommer
469 1423 47 22 före
531 1423 51 22 eller
598 1423 54 22 efter
667 1423 36 22 det
718 1424 151 27 kungörandet
884 1425 35 26 egt
934 1431 48 15 rum

232 1459 47 22 skäl
302 1460 33 21 att
357 1459 55 22 höra
427 1459 112 21 sökanden
553 1459 8 21 i
578 1458 95 27 ärendet,
688 1459 70 22 lemne
772 1458 210 28 Industristyrelsen,
