1125 1789
371 161 29 22 U.
416 161 27 22 B.
463 174 23 2 —
502 161 73 29 Prop.
591 162 42 22 N:o
649 162 36 22 16.
867 163 11 20 3

222 233 187 22 Presteständet
434 233 47 22 har
508 233 113 29 godkänt
638 234 154 28 paragrafen
810 234 98 21 oförän-

154 267 64 28 prad
255 267 77 28 enligt
368 267 134 22 utskottets
532 268 79 21 första
643 268 265 28 sammanjemknings-

154 301 103 30 förslag.

222 375 215 29 Borgareständet
454 376 46 21 har
528 376 191 22 äterremitterat
742 376 161 28 paragrafen,

153 410 39 22 för
221 411 35 21 att
275 410 169 28 omredigeras
463 410 8 21 i
490 410 259 22 öfverensstämmelse
767 410 55 22 med
843 411 65 21 stån-

154 444 54 23 dets
229 444 80 22 beslut
327 444 159 22 beträffande
506 445 31 21 22
558 445 23 28 8.

222 519 114 22 Emedan
355 519 31 22 de
405 519 25 22 af
448 519 185 29 Ridderskapet
643 520 46 21 och
700 519 79 22 Adeln
791 519 116 22 beslutna

152 554 115 22 rättelser
294 560 75 22 synes
397 560 62 16 vara
486 554 56 22 fullt
569 554 121 28 sakenlig,
718 554 39 22 får
781 554 125 22 Utskottet

152 588 131 22 hemställa

221 664 36 21 att
276 663 32 22 23
329 663 14 29 $
362 662 76 22 måtte
458 662 94 23 erhålla
570 662 111 30 följande
700 663 108 28 lydelse:

425 761 51 27 Äro
494 766 82 22 medel
595 766 56 22 med
670 766 40 22 det
729 766 10 22 i
757 766 17 22 2
786 773 74 15 mom.
871 766 35 22 22

355 801 15 27 $
396 801 116 22 nämnda
540 800 127 23 förbehåll
692 801 96 22 insatta
807 802 11 21 i
836 808 69 22 spar-

357 835 68 23 bank
444 836 40 22 för
495 836 49 28 gift
557 836 109 28 qvinnas
679 836 112 28 räkning
802 836 59 22 eller
874 835 32 23 af

357 870 131 29 omyndig,
519 877 54 15 som
601 870 108 29 uppnått
742 870 94 22 femton
866 870 36 27 är,

353 912 60 15 vare
430 904 129 24 målsman
578 906 23 28 ej
620 906 145 28 berättigad
783 906 37 21 att
838 905 66 22 med-

355 940 41 22 len
415 940 117 28 uppsäga
551 940 59 22 eller
629 939 66 29 lyfta
707 941 63 21 utan
784 940 120 22 hustruns

355 974 61 22 eller
434 975 49 21 den
501 974 149 29 omyndiges
669 974 159 28 begifvande.

487 1106 32 22 27
540 1106 23 30 8.

219 1192 186 29 Ridderskapet
422 1192 46 22 och
486 1192 83 22 Adeln
587 1192 47 22 har
646 1192 128 22 vidblifvit
784 1192 41 23 sitt
834 1192 68 22 förra

150 1227 83 22 beslut
261 1227 85 22 derom
374 1228 35 21 att
436 1227 30 22 de
494 1227 7 21 i
526 1227 74 23 slutet
618 1227 25 21 af
661 1233 89 15 senare
769 1228 134 20 momentet

149 1262 126 28 ingående
303 1261 78 22 orden
407 1261 43 27 ,af
474 1261 48 22 den
540 1261 177 22 beskaffenhet
735 1267 53 16 som
807 1261 8 21 i
836 1261 31 22 16
888 1260 14 29 $

149 1296 131 26 nämnes",
309 1295 81 22 skulle
416 1296 69 28 utgå,
513 1296 131 22 hvaremot
668 1296 92 21 Preste-
779 1295 45 22 och
843 1296 59 21 Bor-

149 1330 171 28 gareständen
338 1330 113 28 godkänt
469 1330 152 28 paragrafen
641 1330 161 21 oförändrad.

219 1364 70 22 Enär
308 1364 186 28 Ridderskapet
512 1365 45 21 och
577 1364 93 22 Adelns
684 1363 218 29 ändringsförslag

150 1399 52 21 står
229 1398 8 21 i
260 1398 123 22 samband
401 1398 56 22 med
476 1398 112 23 ståndets
607 1398 82 22 beslut
707 1398 195 22 vidkommande

151 1432 31 22 16
202 1432 23 29 $,
245 1432 40 21 får
303 1432 133 25 Utskottet,
446 1432 34 27 på
499 1432 106 28 tidigare
625 1431 105 21 anförda
749 1432 63 25 skäl,
830 1431 72 21 vörd-

148 1467 65 21 samt
231 1465 130 23 hemställa

219 1511 46 20 Lag-
278 1508 33 18 och
323 1508 180 18 Ekonomiutskottets
517 1508 110 18 betänkande
640 1507 35 17 N:o
689 1500 17 25 8.
