1120 1770
378 159 28 22 U.
422 160 28 21 B.
467 172 25 3 -—
507 160 74 27 Prop.
597 160 42 22 N:o
654 161 37 21 13.
867 162 12 19 5

363 224 60 22 eller
441 224 135 29 handling,
595 224 103 23 straffes
716 226 58 21 med
794 225 113 28 fängelse

363 258 59 22 från
450 259 42 21 och
518 259 58 21 med
603 265 33 15 en
663 258 112 23 månad
802 259 40 22 till
861 259 46 22 och

362 292 58 22 med
438 294 33 20 ett
488 292 31 23 är
537 293 45 22 och
600 299 40 15 sex
658 292 133 23 månader.

428 339 16 27 $
462 339 23 21 3.
522 338 58 22 Har
592 338 86 29 någon
690 338 119 29 uppgjort
823 338 84 23 sådan

357 372 191 29 planteekning,
560 373 98 28 ritning
669 372 60 23 eller
739 373 166 29 beskrifning,

360 413 54 15 som
432 407 11 21 i
460 408 15 26 $
492 408 16 20 2
526 408 80 28 säges,
626 407 10 21 i
654 407 79 29 afsigt
746 408 37 21 att
792 407 114 29 delgifva

362 441 148 22 densamma
539 442 170 25 främmande,
739 442 11 21 i
768 442 56 28 krig
851 442 57 22 med

361 474 130 29 Ryssland
518 475 54 22 icke
598 476 115 21 varande
740 476 82 21 makts
840 483 66 21 rege-

360 509 58 29 ring
437 509 59 22 eller
515 511 82 27 agent,
616 517 61 15 vare
689 509 101 23 straffet
804 510 102 22 tukthus

360 543 11 22 i
389 544 72 28 högst
483 544 59 28 fyra
561 544 31 23 är
610 544 60 23 eller
689 544 112 29 fängelse
821 545 23 28 ej
861 551 47 16 un-

360 578 46 22 der
432 585 40 16 sex
495 578 127 23 månader
647 580 74 25 samt,
740 579 58 22 när
815 579 90 22 hand-

361 612 119 29 lingens
499 613 207 22 beskaffenhet
725 613 106 22 dertill
850 613 56 22 för-

360 648 130 26 anleder,
528 647 91 23 förlust
652 648 32 22 af
711 648 195 29 medborgerligt

361 682 149 22 förtroende.

428 723 14 21 2
462 723 43 21 och
526 723 14 21 3
561 724 140 21 momenten
712 722 77 29 enligt
806 723 100 22 Utskot-

358 758 48 21 tets
424 757 167 22 betänkande.

428 792 15 27 $
461 792 22 21 4.
520 791 82 26 Hvar,
621 798 54 15 som
693 791 63 22 utan
775 791 130 22 vederbör-

361 825 47 29 ligt
434 825 118 22 tillstånd
576 832 89 22 genom
693 825 164 29 fördöljande
876 825 33 23 af

359 858 43 24 sitt
425 859 83 27 ständ,
528 860 44 22 sitt
589 866 80 16 namn
688 860 59 22 eller
765 860 40 22 sin
824 861 82 21 natio-

359 894 97 26 nalitet,
486 894 60 22 eller
562 901 90 21 genom
671 895 81 21 annat
770 894 65 26 svek,
856 894 50 22 för-

359 928 102 22 skaffar
478 928 39 29 sig
536 928 115 23 tillträde
669 929 40 21 till
727 928 78 30 något
817 928 86 28 Ryska

358 963 77 22 rikets
454 963 187 29 fästningsverk
660 963 60 22 eller
731 964 171 28 örlogshamn,

360 997 164 23 förskansadt
553 998 78 28 läger,
659 997 157 29 krigsfartyg
843 998 62 21 eller

358 1038 89 16 annan
474 1030 172 30 krigsanstalt,
675 1032 92 22 afsedd
792 1032 39 22 för
850 1032 54 22 lan-

359 1066 53 22 dets
440 1066 106 26 försvar,
575 1066 103 22 straffes
697 1066 58 22 med
774 1066 101 22 tukthus
894 1066 11 22 i

358 1100 73 29 högst
459 1100 41 22 två
522 1100 31 22 år
571 1100 61 22 eller
650 1100 113 29 fängelse
782 1100 23 29 ej
823 1100 81 22 under

357 1142 40 14 sex
432 1134 132 27 månader,
609 1136 73 25 samt,
719 1135 59 22 när
812 1135 91 21 hand-

358 1169 117 28 lingens
497 1169 208 23 beskaffenhet
724 1169 105 23 dertill
849 1168 54 23 för-

358 1204 131 26 anleder,
527 1204 91 22 förlust
653 1204 32 22 af
707 1203 197 29 medborgerligt

358 1237 150 23 förtroende.

425 1278 15 21 2
459 1279 133 21 momentet
611 1277 77 30 enligt
706 1277 138 23 Utskottets
863 1277 41 22 be-

356 1313 135 22 tänkande.

425 1352 14 28 $
459 1353 15 21 5
494 1352 76 29 enligt
584 1352 139 22 Utskottets
732 1351 170 23 betänkande.

219 1409 158 29 Helsingfors
396 1410 48 20 den
465 1409 30 21 17
515 1409 48 27 Maj
586 1408 75 22 1894.

218 1503 129 23 Lagutskottets
360 1502 112 19 betänkande
484 1504 36 16 N:o
532 1503 18 17 4.
