1098 1725
832 103 23 20 11

200 170 73 26 Enligt
288 169 110 23 föreskrift
411 170 4 21 i
446 170 63 27 Nådiga
518 170 147 26 Kungörelsen
675 169 23 22 af
708 170 41 22 den
760 171 11 21 7
782 170 104 22 Februari

134 204 61 26 1888,
219 203 109 27 angående
351 203 117 23 innehållet
490 204 7 21 i
520 206 170 25 guvernörernas
716 204 170 27 årsberättelser,

129 237 42 21 bör
195 243 88 15 numera
313 238 33 20 till
377 237 63 22 dessa
462 238 129 21 berättelser
613 234 84 30 bifogas
719 237 85 27 uppgift
827 238 60 21 öfver

130 271 76 22 värdet
227 270 24 22 af
271 272 113 21 städernas
406 271 132 28 underlagda
560 272 89 21 arrende
671 272 67 27 mark,
763 272 124 27 obebyggda

131 305 109 27 tomtjord,
263 305 126 22 fiskevatten
404 312 28 15 m.
447 312 35 20 m.,
498 307 56 20 samt
569 305 33 22 för
617 305 75 27 hvarje
707 307 31 24 år,
754 311 47 16 som
816 305 69 22 slutas

131 339 49 22 med
195 340 13 21 0
223 339 52 22 eller
291 340 19 26 5,
326 339 66 22 bland
407 342 67 19 annat
488 339 84 28 uppgift
588 339 60 22 öfver
664 339 36 22 det
715 339 35 22 vid
761 339 58 22 tiden
831 339 55 22 före-

128 373 87 28 fintliga
237 374 81 21 antalet
334 373 78 28 gårdar
427 374 7 21 i
449 374 74 27 hvarje
538 374 55 26 stad,
609 373 111 22 äfvensom
736 373 59 22 öfver
811 374 76 21 värdet

128 408 26 21 af
167 408 26 21 de
209 407 12 22 å
237 408 110 21 desamma
362 408 107 27 uppförda
484 408 160 27 byggnaderna.

201 441 80 28 Tyvärr
305 444 37 19 äro
366 442 26 21 de
407 443 66 26 enligt
488 443 63 20 dessa
566 441 134 23 föreskrifter
715 443 172 26 guvernörernas

129 476 165 21 årsberättelser
315 477 34 20 för
371 477 25 21 år
420 477 54 21 1890
493 477 86 26 bilagda
601 476 137 27 uppgifterna
761 483 34 14 om
812 477 76 21 värdet

128 510 27 21 af
169 511 25 20 de
210 511 6 20 i
231 511 100 21 städerna
353 511 106 27 uppförda
478 511 152 27 byggnaderna
645 510 74 22 alltför
735 510 153 27 ofullständiga

132 545 41 22 och
195 545 132 27 bristfälliga
349 545 34 21 för
406 547 33 20 att
461 551 100 16 ensamna
583 545 73 22 kunna
678 545 109 22 användas
803 545 33 22 för
850 545 37 21 be-

129 580 145 22 stämmandet
289 580 23 22 af
321 580 226 27 stadsfastigheternas
557 580 156 28 kapitalvärde.
728 579 159 23 Kombinerade

131 614 49 22 med
204 615 138 27 uppgifterna
366 621 34 15 om
422 614 75 23 värdet
519 614 23 22 af
563 615 27 21 de
610 614 7 22 i
633 614 117 22 Städernas
773 614 115 22 Allmänna

128 649 200 27 Brandstodsbolag
349 649 124 22 försäkrade
495 650 113 27 gårdarna,
633 649 107 21 äfvensom
764 649 49 21 med
834 655 53 21 upp-

128 684 94 28 gifterna
246 691 33 15 om
299 684 229 22 stadsinnevänarenas
542 685 103 21 taxerade
661 684 94 22 inkomst
771 702 5 9 ,
778 684 54 26 från
847 684 40 21 hus

129 718 42 22 och
193 720 75 26 tomt,'
291 718 89 30 erbjuda
396 719 26 21 de
438 719 54 21 dock
506 721 32 19 ett
553 719 102 27 tämligen
670 718 53 28 godt
738 718 98 22 material
852 716 34 23 för

131 759 26 15 en
174 753 58 27 dylik
247 753 160 27 uppskattning.

200 788 50 20 Med
272 787 110 22 anlitande
402 787 23 21 af
440 787 63 22 dessa
518 787 137 27 uppgifterna
670 787 28 21 ha
713 786 20 23 vi
749 786 93 28 erhållit,
859 786 28 27 på

128 823 47 19 sätt
197 828 46 15 som
264 822 24 21 af
308 822 87 27 bilagda
418 822 59 21 tablå
499 824 98 20 närmare
618 822 100 26 framgår,
734 824 32 19 ett
781 822 65 20 värde
862 821 24 21 af

129 856 144 21 301.854.000
295 857 62 21 mark
379 856 33 22 för
435 857 102 27 samtliga
566 856 187 27 stadsfastigheter
776 856 6 21 i
806 855 79 28 landet,

130 890 135 22 oberäknadt
286 891 82 22 kronan
390 891 128 21 tillhörande
540 891 79 26 gårdar
641 890 109 22 äfvensom
766 890 117 27 kyrkorna.

131 924 42 22 Till
196 925 59 22 detta
277 926 66 21 värde
361 926 39 21 bör
415 925 125 27 ytterligare
555 925 74 28 läggas
645 925 76 22 värdet
736 925 24 21 af
773 925 114 21 städernas

130 959 161 27 underlydande
313 960 55 27 jord,
391 960 158 26 arrendemark,
571 960 129 21 fiskevatten
717 966 27 15 m.
760 965 28 15 m.
818 959 69 22 Dessa

130 993 158 28 tillhörigheter
303 995 105 26 uppgingo
424 995 34 21 vid
474 996 108 25 utgången
597 994 23 21 af
637 995 24 20 år
673 995 61 25 1890,
744 994 34 21 för
788 994 100 26 samtliga

131 1028 79 26 städer,
226 1028 48 21 med
289 1029 108 26 undantag
413 1029 23 21 af
449 1029 140 27 Helsingfors,
605 1029 139 26 Tavastehus,
756 1028 80 27 Viborg
846 1028 40 21 och

130 1062 142 27 Nikolaistad,
295 1063 33 21 för
350 1063 73 21 hvilka
438 1063 108 27 uppgifter
561 1063 7 21 i
583 1063 61 21 detta
659 1062 123 21 hänseende
798 1062 86 27 saknas,

130 1096 68 27 enligt
220 1102 55 21 resp.
298 1097 220 27 stadsmyndigheters
541 1103 53 21 egen
617 1096 85 27 uppgift
726 1097 32 20 till
774 1097 32 20 ett
821 1096 66 21 värde

131 1130 24 22 af
176 1131 113 22 8.750.000
315 1131 68 21 mark.
420 1132 95 26 Antages
544 1133 47 20 åter
614 1130 74 22 värdet
713 1130 23 22 af
757 1130 25 22 de
805 1131 33 21 till
862 1129 25 22 de

131 1165 92 21 nämnda
253 1166 101 21 städerna
379 1165 94 22 hörande
498 1166 115 22 områdena
638 1165 72 27 uppgå
736 1165 35 21 till
796 1164 90 28 ungefär

131 1200 82 21 hälften
235 1200 23 22 af
279 1200 98 27 samtliga
400 1200 68 28 öfriga
490 1201 91 26 städers,
604 1200 61 22 torde
688 1200 87 21 således
794 1200 92 26 kapital-

129 1234 77 22 värdet
228 1234 32 22 för
277 1235 100 27 samtliga
391 1235 155 27 fastigheterna
563 1236 7 20 i
585 1235 109 26 städerna,
710 1234 50 21 med
776 1234 111 26 undantag

130 1269 25 21 af
171 1269 104 27 kronans,
292 1270 108 22 äfvensom
423 1270 113 27 kyrkorna,
557 1270 66 26 jemte
646 1269 161 27 underlydande
832 1270 56 20 tomt

128 1303 44 22 och
185 1303 49 27 jord
248 1305 71 26 uppgå
335 1304 33 22 till
383 1305 8 21 i
403 1304 69 28 jemnt
487 1305 30 21 tal
534 1306 40 20 315
590 1304 98 27 miljoner
704 1304 69 21 mark.
