<?xml version="1.0" encoding="UTF-8"?>
<alto xmlns="http://www.loc.gov/standards/alto/ns-v3#" xmlns:xlink="http://www.w3.org/1999/xlink" xmlns:xsi="http://www.w3.org/2001/XMLSchema-instance" xsi:schemaLocation="http://www.loc.gov/standards/alto/ns-v3# http://www.loc.gov/alto/v3/alto-3-0.xsd">
	<Description>
		<MeasurementUnit>pixel</MeasurementUnit>
		<sourceImageInformation>
			<fileName>/tmp/tess_jhirlz54_input.PNG</fileName>
		</sourceImageInformation>
		<OCRProcessing ID="OCR_0">
			<ocrProcessingStep>
				<processingSoftware>
					<softwareName>tesseract 5.3.4</softwareName>
				</processingSoftware>
			</ocrProcessingStep>
		</OCRProcessing>
	</Description>
	<Layout>
		<Page WIDTH="1125" HEIGHT="1781" PHYSICAL_IMG_NR="0" ID="page_0">
			<PrintSpace HPOS="0" VPOS="0" WIDTH="1125" HEIGHT="1781">
				<ComposedBlock ID="cblock_0" HPOS="461" VPOS="159" WIDTH="402" HEIGHT="24">
					<TextBlock ID="block_0" HPOS="461" VPOS="159" WIDTH="402" HEIGHT="24">
						<TextLine ID="line_0" HPOS="461" VPOS="159" WIDTH="402" HEIGHT="24">
							<String ID="string_0" HPOS="461" VPOS="159" WIDTH="44" HEIGHT="24" WC="0.95" CONTENT="N:o"/><SP WIDTH="22" VPOS="159" HPOS="505"/>
							<String ID="string_1" HPOS="527" VPOS="160" WIDTH="36" HEIGHT="23" WC="0.94" CONTENT="10."/><SP WIDTH="288" VPOS="160" HPOS="563"/>
							<String ID="string_2" HPOS="851" VPOS="159" WIDTH="12" HEIGHT="21" WC="0.96" CONTENT="5"/>
						</TextLine>
					</TextBlock>
				</ComposedBlock>
				<ComposedBlock ID="cblock_1" HPOS="134" VPOS="225" WIDTH="758" HEIGHT="373">
					<TextBlock ID="block_1" HPOS="136" VPOS="225" WIDTH="756" HEIGHT="61">
						<TextLine ID="line_1" HPOS="136" VPOS="225" WIDTH="756" HEIGHT="30">
							<String ID="string_3" HPOS="136" VPOS="225" WIDTH="112" HEIGHT="27" WC="0.91" CONTENT="dandraga"/><SP WIDTH="25" VPOS="225" HPOS="248"/>
							<String ID="string_4" HPOS="273" VPOS="226" WIDTH="82" HEIGHT="21" WC="0.96" CONTENT="kronan"/><SP WIDTH="25" VPOS="226" HPOS="355"/>
							<String ID="string_5" HPOS="380" VPOS="226" WIDTH="63" HEIGHT="21" WC="0.93" CONTENT="ofvan"/><SP WIDTH="25" VPOS="226" HPOS="443"/>
							<String ID="string_6" HPOS="468" VPOS="227" WIDTH="113" HEIGHT="21" WC="0.90" CONTENT="faststälda"/><SP WIDTH="25" VPOS="227" HPOS="581"/>
							<String ID="string_7" HPOS="606" VPOS="227" WIDTH="213" HEIGHT="28" WC="0.91" CONTENT="tillverkningsskatt,"/><SP WIDTH="23" VPOS="227" HPOS="819"/>
							<String ID="string_8" HPOS="842" VPOS="227" WIDTH="50" HEIGHT="22" WC="0.92" CONTENT="böte"/>
						</TextLine>
						<TextLine ID="line_2" HPOS="139" VPOS="259" WIDTH="279" HEIGHT="27">
							<String ID="string_9" HPOS="139" VPOS="259" WIDTH="63" HEIGHT="27" WC="0.96" CONTENT="högst"/><SP WIDTH="15" VPOS="259" HPOS="202"/>
							<String ID="string_10" HPOS="217" VPOS="259" WIDTH="118" HEIGHT="22" WC="0.90" CONTENT="trehundra"/><SP WIDTH="15" VPOS="259" HPOS="335"/>
							<String ID="string_11" HPOS="350" VPOS="261" WIDTH="68" HEIGHT="20" WC="0.96" CONTENT="mark."/>
						</TextLine>
					</TextBlock>
					<TextBlock ID="block_2" HPOS="134" VPOS="293" WIDTH="758" HEIGHT="196">
						<TextLine ID="line_3" HPOS="211" VPOS="293" WIDTH="681" HEIGHT="29">
							<String ID="string_12" HPOS="211" VPOS="293" WIDTH="71" HEIGHT="27" WC="0.96" CONTENT="Stiger"/><SP WIDTH="23" VPOS="293" HPOS="282"/>
							<String ID="string_13" HPOS="305" VPOS="293" WIDTH="36" HEIGHT="22" WC="0.93" CONTENT="det"/><SP WIDTH="15" VPOS="293" HPOS="341"/>
							<String ID="string_14" HPOS="356" VPOS="294" WIDTH="165" HEIGHT="21" WC="0.91" CONTENT="undansnillade"/><SP WIDTH="15" VPOS="294" HPOS="521"/>
							<String ID="string_15" HPOS="536" VPOS="295" WIDTH="173" HEIGHT="27" WC="0.91" CONTENT="skattebeloppet"/><SP WIDTH="15" VPOS="295" HPOS="709"/>
							<String ID="string_16" HPOS="724" VPOS="295" WIDTH="53" HEIGHT="22" WC="0.96" CONTENT="eller"/><SP WIDTH="16" VPOS="295" HPOS="777"/>
							<String ID="string_17" HPOS="793" VPOS="295" WIDTH="36" HEIGHT="21" WC="0.96" CONTENT="det"/><SP WIDTH="15" VPOS="295" HPOS="829"/>
							<String ID="string_18" HPOS="844" VPOS="301" WIDTH="48" HEIGHT="15" WC="0.96" CONTENT="man"/>
						</TextLine>
						<TextLine ID="line_4" HPOS="136" VPOS="327" WIDTH="756" HEIGHT="30">
							<String ID="string_19" HPOS="136" VPOS="327" WIDTH="51" HEIGHT="22" WC="0.93" CONTENT="sökt"/><SP WIDTH="23" VPOS="327" HPOS="187"/>
							<String ID="string_20" HPOS="210" VPOS="327" WIDTH="136" HEIGHT="22" WC="0.90" CONTENT="undansnilla"/><SP WIDTH="22" VPOS="327" HPOS="346"/>
							<String ID="string_21" HPOS="368" VPOS="328" WIDTH="34" HEIGHT="21" WC="0.96" CONTENT="till"/><SP WIDTH="23" VPOS="328" HPOS="402"/>
							<String ID="string_22" HPOS="425" VPOS="329" WIDTH="114" HEIGHT="22" WC="0.96" CONTENT="etthundra"/><SP WIDTH="19" VPOS="329" HPOS="539"/>
							<String ID="string_23" HPOS="558" VPOS="329" WIDTH="67" HEIGHT="28" WC="0.96" CONTENT="mark,"/><SP WIDTH="16" VPOS="329" HPOS="625"/>
							<String ID="string_24" HPOS="641" VPOS="329" WIDTH="53" HEIGHT="21" WC="0.96" CONTENT="eller"/><SP WIDTH="15" VPOS="329" HPOS="694"/>
							<String ID="string_25" HPOS="709" VPOS="331" WIDTH="38" HEIGHT="19" WC="0.91" CONTENT="äro"/><SP WIDTH="16" VPOS="331" HPOS="747"/>
							<String ID="string_26" HPOS="763" VPOS="329" WIDTH="129" HEIGHT="27" WC="0.91" CONTENT="omständig-"/>
						</TextLine>
						<TextLine ID="line_5" HPOS="138" VPOS="362" WIDTH="754" HEIGHT="29">
							<String ID="string_27" HPOS="138" VPOS="362" WIDTH="87" HEIGHT="21" WC="0.93" CONTENT="heterna"/><SP WIDTH="27" VPOS="362" HPOS="225"/>
							<String ID="string_28" HPOS="252" VPOS="362" WIDTH="51" HEIGHT="27" WC="0.88" CONTENT="eljes"/><SP WIDTH="23" VPOS="362" HPOS="303"/>
							<String ID="string_29" HPOS="326" VPOS="363" WIDTH="134" HEIGHT="27" WC="0.96" CONTENT="synnerligen"/><SP WIDTH="24" VPOS="363" HPOS="460"/>
							<String ID="string_30" HPOS="484" VPOS="363" WIDTH="145" HEIGHT="28" WC="0.92" CONTENT="försvårande,"/><SP WIDTH="24" VPOS="363" HPOS="629"/>
							<String ID="string_31" HPOS="653" VPOS="363" WIDTH="52" HEIGHT="22" WC="0.96" CONTENT="eller"/><SP WIDTH="22" VPOS="363" HPOS="705"/>
							<String ID="string_32" HPOS="727" VPOS="364" WIDTH="50" HEIGHT="21" WC="0.96" CONTENT="sker"/><SP WIDTH="23" VPOS="364" HPOS="777"/>
							<String ID="string_33" HPOS="800" VPOS="363" WIDTH="92" HEIGHT="27" WC="0.95" CONTENT="återfall,"/>
						</TextLine>
						<TextLine ID="line_6" HPOS="138" VPOS="397" WIDTH="754" HEIGHT="27">
							<String ID="string_34" HPOS="138" VPOS="397" WIDTH="86" HEIGHT="21" WC="0.92" CONTENT="straffes"/><SP WIDTH="20" VPOS="397" HPOS="224"/>
							<String ID="string_35" HPOS="244" VPOS="397" WIDTH="40" HEIGHT="21" WC="0.96" CONTENT="den"/><SP WIDTH="19" VPOS="397" HPOS="284"/>
							<String ID="string_36" HPOS="303" VPOS="397" WIDTH="96" HEIGHT="27" WC="0.96" CONTENT="skyldige"/><SP WIDTH="19" VPOS="397" HPOS="399"/>
							<String ID="string_37" HPOS="418" VPOS="398" WIDTH="48" HEIGHT="21" WC="0.96" CONTENT="med"/><SP WIDTH="18" VPOS="398" HPOS="466"/>
							<String ID="string_38" HPOS="484" VPOS="398" WIDTH="62" HEIGHT="21" WC="0.96" CONTENT="böter"/><SP WIDTH="18" VPOS="398" HPOS="546"/>
							<String ID="string_39" HPOS="564" VPOS="398" WIDTH="49" HEIGHT="21" WC="0.96" CONTENT="från"/><SP WIDTH="16" VPOS="398" HPOS="613"/>
							<String ID="string_40" HPOS="629" VPOS="398" WIDTH="115" HEIGHT="22" WC="0.96" CONTENT="etthundra"/><SP WIDTH="15" VPOS="398" HPOS="744"/>
							<String ID="string_41" HPOS="759" VPOS="399" WIDTH="33" HEIGHT="21" WC="0.96" CONTENT="till"/><SP WIDTH="16" VPOS="399" HPOS="792"/>
							<String ID="string_42" HPOS="808" VPOS="400" WIDTH="84" HEIGHT="19" WC="0.96" CONTENT="ettusen"/>
						</TextLine>
						<TextLine ID="line_7" HPOS="138" VPOS="431" WIDTH="754" HEIGHT="28">
							<String ID="string_43" HPOS="138" VPOS="431" WIDTH="62" HEIGHT="22" WC="0.95" CONTENT="mark"/><SP WIDTH="15" VPOS="431" HPOS="200"/>
							<String ID="string_44" HPOS="215" VPOS="431" WIDTH="53" HEIGHT="22" WC="0.95" CONTENT="eller"/><SP WIDTH="15" VPOS="431" HPOS="268"/>
							<String ID="string_45" HPOS="283" VPOS="431" WIDTH="94" HEIGHT="28" WC="0.96" CONTENT="fängelse"/><SP WIDTH="15" VPOS="431" HPOS="377"/>
							<String ID="string_46" HPOS="392" VPOS="431" WIDTH="47" HEIGHT="22" WC="0.96" CONTENT="från"/><SP WIDTH="17" VPOS="431" HPOS="439"/>
							<String ID="string_47" HPOS="456" VPOS="432" WIDTH="39" HEIGHT="22" WC="0.97" CONTENT="och"/><SP WIDTH="15" VPOS="432" HPOS="495"/>
							<String ID="string_48" HPOS="510" VPOS="433" WIDTH="48" HEIGHT="21" WC="0.96" CONTENT="med"/><SP WIDTH="14" VPOS="433" HPOS="558"/>
							<String ID="string_49" HPOS="572" VPOS="434" WIDTH="37" HEIGHT="20" WC="0.96" CONTENT="två"/><SP WIDTH="15" VPOS="434" HPOS="609"/>
							<String ID="string_50" HPOS="624" VPOS="433" WIDTH="103" HEIGHT="22" WC="0.96" CONTENT="månader"/><SP WIDTH="15" VPOS="433" HPOS="727"/>
							<String ID="string_51" HPOS="742" VPOS="433" WIDTH="33" HEIGHT="21" WC="0.96" CONTENT="till"/><SP WIDTH="17" VPOS="433" HPOS="775"/>
							<String ID="string_52" HPOS="792" VPOS="433" WIDTH="39" HEIGHT="21" WC="0.96" CONTENT="och"/><SP WIDTH="13" VPOS="433" HPOS="831"/>
							<String ID="string_53" HPOS="844" VPOS="433" WIDTH="48" HEIGHT="21" WC="0.96" CONTENT="med"/>
						</TextLine>
						<TextLine ID="line_8" HPOS="134" VPOS="465" WIDTH="709" HEIGHT="24">
							<String ID="string_54" HPOS="134" VPOS="465" WIDTH="41" HEIGHT="23" WC="0.93" CONTENT="två"/><SP WIDTH="15" VPOS="465" HPOS="175"/>
							<String ID="string_55" HPOS="190" VPOS="465" WIDTH="31" HEIGHT="22" WC="0.91" CONTENT="år."/><SP WIDTH="30" VPOS="465" HPOS="221"/>
							<String ID="string_56" HPOS="251" VPOS="466" WIDTH="86" HEIGHT="22" WC="0.60" CONTENT="Ersätte"/><SP WIDTH="16" VPOS="466" HPOS="337"/>
							<String ID="string_57" HPOS="353" VPOS="467" WIDTH="40" HEIGHT="21" WC="0.96" CONTENT="ock"/><SP WIDTH="15" VPOS="467" HPOS="393"/>
							<String ID="string_58" HPOS="408" VPOS="467" WIDTH="82" HEIGHT="21" WC="0.96" CONTENT="kronan"/><SP WIDTH="15" VPOS="467" HPOS="490"/>
							<String ID="string_59" HPOS="505" VPOS="467" WIDTH="56" HEIGHT="22" WC="0.96" CONTENT="hvad"/><SP WIDTH="16" VPOS="467" HPOS="561"/>
							<String ID="string_60" HPOS="577" VPOS="467" WIDTH="90" HEIGHT="22" WC="0.92" CONTENT="sålunda"/><SP WIDTH="15" VPOS="467" HPOS="667"/>
							<String ID="string_61" HPOS="682" VPOS="467" WIDTH="161" HEIGHT="22" WC="0.92" CONTENT="undansnillats."/>
						</TextLine>
					</TextBlock>
					<TextBlock ID="block_3" HPOS="135" VPOS="495" WIDTH="756" HEIGHT="68">
						<TextLine ID="line_9" HPOS="209" VPOS="495" WIDTH="682" HEIGHT="35">
							<String ID="string_62" HPOS="209" VPOS="495" WIDTH="75" HEIGHT="33" WC="0.92" CONTENT="Öfriga"/><SP WIDTH="15" VPOS="495" HPOS="284"/>
							<String ID="string_63" HPOS="299" VPOS="501" WIDTH="167" HEIGHT="23" WC="0.91" CONTENT="öfverträdelser"/><SP WIDTH="15" VPOS="501" HPOS="466"/>
							<String ID="string_64" HPOS="481" VPOS="501" WIDTH="24" HEIGHT="22" WC="0.95" CONTENT="af"/><SP WIDTH="14" VPOS="501" HPOS="505"/>
							<String ID="string_65" HPOS="519" VPOS="502" WIDTH="69" HEIGHT="22" WC="0.96" CONTENT="denna"/><SP WIDTH="15" VPOS="502" HPOS="588"/>
							<String ID="string_66" HPOS="603" VPOS="502" WIDTH="124" HEIGHT="28" WC="0.96" CONTENT="förordning"/><SP WIDTH="15" VPOS="502" HPOS="727"/>
							<String ID="string_67" HPOS="742" VPOS="502" WIDTH="86" HEIGHT="22" WC="0.96" CONTENT="straffas"/><SP WIDTH="15" VPOS="502" HPOS="828"/>
							<String ID="string_68" HPOS="843" VPOS="503" WIDTH="48" HEIGHT="21" WC="0.96" CONTENT="med"/>
						</TextLine>
						<TextLine ID="line_10" HPOS="135" VPOS="535" WIDTH="411" HEIGHT="28">
							<String ID="string_69" HPOS="135" VPOS="535" WIDTH="64" HEIGHT="22" WC="0.93" CONTENT="böter"/><SP WIDTH="15" VPOS="535" HPOS="199"/>
							<String ID="string_70" HPOS="214" VPOS="536" WIDTH="55" HEIGHT="21" WC="0.96" CONTENT="ända"/><SP WIDTH="15" VPOS="536" HPOS="269"/>
							<String ID="string_71" HPOS="284" VPOS="536" WIDTH="33" HEIGHT="22" WC="0.93" CONTENT="till"/><SP WIDTH="14" VPOS="536" HPOS="317"/>
							<String ID="string_72" HPOS="331" VPOS="536" WIDTH="132" HEIGHT="27" WC="0.91" CONTENT="fyrahundra"/><SP WIDTH="15" VPOS="536" HPOS="463"/>
							<String ID="string_73" HPOS="478" VPOS="536" WIDTH="68" HEIGHT="23" WC="0.96" CONTENT="mark."/>
						</TextLine>
					</TextBlock>
					<TextBlock ID="block_4" HPOS="208" VPOS="570" WIDTH="683" HEIGHT="28">
						<TextLine ID="line_11" HPOS="208" VPOS="570" WIDTH="683" HEIGHT="28">
							<String ID="string_74" HPOS="208" VPOS="570" WIDTH="73" HEIGHT="27" WC="0.95" CONTENT="Enligt"/><SP WIDTH="15" VPOS="570" HPOS="281"/>
							<String ID="string_75" HPOS="296" VPOS="570" WIDTH="71" HEIGHT="22" WC="0.96" CONTENT="denna"/><SP WIDTH="15" VPOS="570" HPOS="367"/>
							<String ID="string_76" HPOS="382" VPOS="570" WIDTH="123" HEIGHT="28" WC="0.93" CONTENT="förordning"/><SP WIDTH="16" VPOS="570" HPOS="505"/>
							<String ID="string_77" HPOS="521" VPOS="571" WIDTH="91" HEIGHT="21" WC="0.91" CONTENT="ådömda"/><SP WIDTH="15" VPOS="571" HPOS="612"/>
							<String ID="string_78" HPOS="627" VPOS="571" WIDTH="62" HEIGHT="21" WC="0.96" CONTENT="böter"/><SP WIDTH="16" VPOS="571" HPOS="689"/>
							<String ID="string_79" HPOS="705" VPOS="571" WIDTH="86" HEIGHT="22" WC="0.96" CONTENT="tillfalla"/><SP WIDTH="11" VPOS="571" HPOS="791"/>
							<String ID="string_80" HPOS="802" VPOS="571" WIDTH="89" HEIGHT="22" WC="0.96" CONTENT="kronan."/>
						</TextLine>
					</TextBlock>
				</ComposedBlock>
				<ComposedBlock ID="cblock_2" HPOS="135" VPOS="634" WIDTH="757" HEIGHT="170">
					<TextBlock ID="block_5" HPOS="485" VPOS="634" WIDTH="59" HEIGHT="27">
						<TextLine ID="line_12" HPOS="485" VPOS="634" WIDTH="59" HEIGHT="27">
							<String ID="string_81" HPOS="485" VPOS="634" WIDTH="25" HEIGHT="21" WC="0.92" CONTENT="10"/><SP WIDTH="16" VPOS="634" HPOS="510"/>
							<String ID="string_82" HPOS="526" VPOS="634" WIDTH="18" HEIGHT="27" WC="0.88" CONTENT="8."/>
						</TextLine>
					</TextBlock>
					<TextBlock ID="block_6" HPOS="135" VPOS="672" WIDTH="757" HEIGHT="132">
						<TextLine ID="line_13" HPOS="209" VPOS="672" WIDTH="682" HEIGHT="30">
							<String ID="string_83" HPOS="209" VPOS="672" WIDTH="46" HEIGHT="22" WC="0.95" CONTENT="Har"/><SP WIDTH="21" VPOS="672" HPOS="255"/>
							<String ID="string_84" HPOS="276" VPOS="672" WIDTH="124" HEIGHT="22" WC="0.95" CONTENT="tillverkare"/><SP WIDTH="20" VPOS="672" HPOS="400"/>
							<String ID="string_85" HPOS="420" VPOS="679" WIDTH="46" HEIGHT="16" WC="0.96" CONTENT="mer"/><SP WIDTH="19" VPOS="679" HPOS="466"/>
							<String ID="string_86" HPOS="485" VPOS="675" WIDTH="27" HEIGHT="20" WC="0.95" CONTENT="än"/><SP WIDTH="16" VPOS="675" HPOS="512"/>
							<String ID="string_87" HPOS="528" VPOS="680" WIDTH="26" HEIGHT="15" WC="0.95" CONTENT="en"/><SP WIDTH="13" VPOS="680" HPOS="554"/>
							<String ID="string_88" HPOS="567" VPOS="674" WIDTH="56" HEIGHT="28" WC="0.96" CONTENT="gång"/><SP WIDTH="15" VPOS="674" HPOS="623"/>
							<String ID="string_89" HPOS="638" VPOS="674" WIDTH="71" HEIGHT="22" WC="0.96" CONTENT="blifvit"/><SP WIDTH="15" VPOS="674" HPOS="709"/>
							<String ID="string_90" HPOS="724" VPOS="674" WIDTH="118" HEIGHT="22" WC="0.96" CONTENT="förvunnen"/><SP WIDTH="16" VPOS="674" HPOS="842"/>
							<String ID="string_91" HPOS="858" VPOS="680" WIDTH="33" HEIGHT="16" WC="0.96" CONTENT="om"/>
						</TextLine>
						<TextLine ID="line_14" HPOS="135" VPOS="706" WIDTH="757" HEIGHT="30">
							<String ID="string_92" HPOS="135" VPOS="706" WIDTH="156" HEIGHT="22" WC="0.91" CONTENT="öfverträdelse"/><SP WIDTH="22" VPOS="706" HPOS="291"/>
							<String ID="string_93" HPOS="313" VPOS="707" WIDTH="24" HEIGHT="21" WC="0.93" CONTENT="af"/><SP WIDTH="21" VPOS="707" HPOS="337"/>
							<String ID="string_94" HPOS="358" VPOS="708" WIDTH="162" HEIGHT="27" WC="0.92" CONTENT="förordningens"/><SP WIDTH="25" VPOS="708" HPOS="520"/>
							<String ID="string_95" HPOS="545" VPOS="708" WIDTH="141" HEIGHT="27" WC="0.96" CONTENT="föreskrifter,"/><SP WIDTH="23" VPOS="708" HPOS="686"/>
							<String ID="string_96" HPOS="709" VPOS="715" WIDTH="50" HEIGHT="21" WC="0.96" CONTENT="eger"/><SP WIDTH="22" VPOS="715" HPOS="759"/>
							<String ID="string_97" HPOS="781" VPOS="708" WIDTH="111" HEIGHT="22" WC="0.95" CONTENT="Guvernör"/>
						</TextLine>
						<TextLine ID="line_15" HPOS="135" VPOS="742" WIDTH="755" HEIGHT="29">
							<String ID="string_98" HPOS="135" VPOS="742" WIDTH="110" HEIGHT="22" WC="0.96" CONTENT="dessutom"/><SP WIDTH="24" VPOS="742" HPOS="245"/>
							<String ID="string_99" HPOS="269" VPOS="743" WIDTH="27" HEIGHT="26" WC="0.96" CONTENT="på"/><SP WIDTH="23" VPOS="743" HPOS="296"/>
							<String ID="string_100" HPOS="319" VPOS="742" WIDTH="41" HEIGHT="22" WC="0.92" CONTENT="den"/><SP WIDTH="24" VPOS="742" HPOS="360"/>
							<String ID="string_101" HPOS="384" VPOS="742" WIDTH="107" HEIGHT="28" WC="0.91" CONTENT="skyldiges"/><SP WIDTH="22" VPOS="742" HPOS="491"/>
							<String ID="string_102" HPOS="513" VPOS="744" WIDTH="120" HEIGHT="22" WC="0.96" CONTENT="bekostnad"/><SP WIDTH="19" VPOS="744" HPOS="633"/>
							<String ID="string_103" HPOS="652" VPOS="744" WIDTH="87" HEIGHT="27" WC="0.96" CONTENT="vidtaga"/><SP WIDTH="19" VPOS="744" HPOS="739"/>
							<String ID="string_104" HPOS="758" VPOS="744" WIDTH="43" HEIGHT="22" WC="0.95" CONTENT="alla"/><SP WIDTH="16" VPOS="744" HPOS="801"/>
							<String ID="string_105" HPOS="817" VPOS="743" WIDTH="25" HEIGHT="22" WC="0.93" CONTENT="de"/><SP WIDTH="16" VPOS="743" HPOS="842"/>
							<String ID="string_106" HPOS="858" VPOS="744" WIDTH="32" HEIGHT="21" WC="0.91" CONTENT="åt-"/>
						</TextLine>
						<TextLine ID="line_16" HPOS="135" VPOS="776" WIDTH="699" HEIGHT="28">
							<String ID="string_107" HPOS="135" VPOS="776" WIDTH="86" HEIGHT="28" WC="0.96" CONTENT="gärder,"/><SP WIDTH="16" VPOS="776" HPOS="221"/>
							<String ID="string_108" HPOS="237" VPOS="783" WIDTH="46" HEIGHT="15" WC="0.96" CONTENT="som"/><SP WIDTH="15" VPOS="783" HPOS="283"/>
							<String ID="string_109" HPOS="298" VPOS="777" WIDTH="33" HEIGHT="21" WC="0.96" CONTENT="för"/><SP WIDTH="16" VPOS="777" HPOS="331"/>
							<String ID="string_110" HPOS="347" VPOS="784" WIDTH="25" HEIGHT="15" WC="0.96" CONTENT="en"/><SP WIDTH="17" VPOS="784" HPOS="372"/>
							<String ID="string_111" HPOS="389" VPOS="777" WIDTH="56" HEIGHT="22" WC="0.96" CONTENT="ökad"/><SP WIDTH="15" VPOS="777" HPOS="445"/>
							<String ID="string_112" HPOS="460" VPOS="778" WIDTH="93" HEIGHT="22" WC="0.96" CONTENT="kontroll"/><SP WIDTH="15" VPOS="778" HPOS="553"/>
							<String ID="string_113" HPOS="568" VPOS="779" WIDTH="71" HEIGHT="21" WC="0.96" CONTENT="kunna"/><SP WIDTH="16" VPOS="779" HPOS="639"/>
							<String ID="string_114" HPOS="655" VPOS="785" WIDTH="52" HEIGHT="15" WC="0.96" CONTENT="vara"/><SP WIDTH="16" VPOS="785" HPOS="707"/>
							<String ID="string_115" HPOS="723" VPOS="778" WIDTH="23" HEIGHT="22" WC="0.96" CONTENT="af"/><SP WIDTH="13" VPOS="778" HPOS="746"/>
							<String ID="string_116" HPOS="759" VPOS="778" WIDTH="75" HEIGHT="22" WC="0.96" CONTENT="nöden."/>
						</TextLine>
					</TextBlock>
				</ComposedBlock>
				<ComposedBlock ID="cblock_3" HPOS="135" VPOS="842" WIDTH="759" HEIGHT="682">
					<TextBlock ID="block_7" HPOS="485" VPOS="842" WIDTH="60" HEIGHT="28">
						<TextLine ID="line_17" HPOS="485" VPOS="842" WIDTH="60" HEIGHT="28">
							<String ID="string_117" HPOS="485" VPOS="843" WIDTH="23" HEIGHT="20" WC="0.89" CONTENT="11"/><SP WIDTH="18" VPOS="843" HPOS="508"/>
							<String ID="string_118" HPOS="526" VPOS="842" WIDTH="19" HEIGHT="28" WC="0.89" CONTENT="8."/>
						</TextLine>
					</TextBlock>
					<TextBlock ID="block_8" HPOS="135" VPOS="881" WIDTH="759" HEIGHT="436">
						<TextLine ID="line_18" HPOS="208" VPOS="881" WIDTH="683" HEIGHT="29">
							<String ID="string_119" HPOS="208" VPOS="881" WIDTH="53" HEIGHT="26" WC="0.96" CONTENT="Den,"/><SP WIDTH="24" VPOS="881" HPOS="261"/>
							<String ID="string_120" HPOS="285" VPOS="887" WIDTH="45" HEIGHT="15" WC="0.96" CONTENT="som"/><SP WIDTH="23" VPOS="887" HPOS="330"/>
							<String ID="string_121" HPOS="353" VPOS="881" WIDTH="79" HEIGHT="22" WC="0.92" CONTENT="saknar"/><SP WIDTH="23" VPOS="881" HPOS="432"/>
							<String ID="string_122" HPOS="455" VPOS="882" WIDTH="90" HEIGHT="28" WC="0.92" CONTENT="tillgäng"/><SP WIDTH="22" VPOS="882" HPOS="545"/>
							<String ID="string_123" HPOS="567" VPOS="884" WIDTH="31" HEIGHT="20" WC="0.96" CONTENT="att"/><SP WIDTH="22" VPOS="884" HPOS="598"/>
							<String ID="string_124" HPOS="620" VPOS="882" WIDTH="33" HEIGHT="22" WC="0.93" CONTENT="till"/><SP WIDTH="20" VPOS="882" HPOS="653"/>
							<String ID="string_125" HPOS="673" VPOS="882" WIDTH="52" HEIGHT="23" WC="0.91" CONTENT="fullo"/><SP WIDTH="19" VPOS="882" HPOS="725"/>
							<String ID="string_126" HPOS="744" VPOS="882" WIDTH="65" HEIGHT="27" WC="0.92" CONTENT="gälda"/><SP WIDTH="15" VPOS="882" HPOS="809"/>
							<String ID="string_127" HPOS="824" VPOS="882" WIDTH="67" HEIGHT="28" WC="0.96" CONTENT="enligt"/>
						</TextLine>
						<TextLine ID="line_19" HPOS="135" VPOS="915" WIDTH="755" HEIGHT="28">
							<String ID="string_128" HPOS="135" VPOS="915" WIDTH="71" HEIGHT="21" WC="0.93" CONTENT="denna"/><SP WIDTH="18" VPOS="915" HPOS="206"/>
							<String ID="string_129" HPOS="224" VPOS="915" WIDTH="123" HEIGHT="28" WC="0.92" CONTENT="förordning"/><SP WIDTH="16" VPOS="915" HPOS="347"/>
							<String ID="string_130" HPOS="363" VPOS="916" WIDTH="92" HEIGHT="23" WC="0.89" CONTENT="ädömda"/><SP WIDTH="15" VPOS="916" HPOS="455"/>
							<String ID="string_131" HPOS="470" VPOS="916" WIDTH="66" HEIGHT="27" WC="0.90" CONTENT="böter,"/><SP WIDTH="16" VPOS="916" HPOS="536"/>
							<String ID="string_132" HPOS="552" VPOS="917" WIDTH="55" HEIGHT="23" WC="0.96" CONTENT="skall"/><SP WIDTH="15" VPOS="917" HPOS="607"/>
							<String ID="string_133" HPOS="622" VPOS="917" WIDTH="7" HEIGHT="20" WC="0.93" CONTENT="i"/><SP WIDTH="15" VPOS="917" HPOS="629"/>
							<String ID="string_134" HPOS="644" VPOS="916" WIDTH="73" HEIGHT="22" WC="0.93" CONTENT="stället"/><SP WIDTH="15" VPOS="916" HPOS="717"/>
							<String ID="string_135" HPOS="732" VPOS="916" WIDTH="69" HEIGHT="22" WC="0.93" CONTENT="hällas"/><SP WIDTH="19" VPOS="916" HPOS="801"/>
							<String ID="string_136" HPOS="820" VPOS="917" WIDTH="6" HEIGHT="21" WC="0.93" CONTENT="i"/><SP WIDTH="19" VPOS="917" HPOS="826"/>
							<String ID="string_137" HPOS="845" VPOS="917" WIDTH="45" HEIGHT="21" WC="0.92" CONTENT="fän-"/>
						</TextLine>
						<TextLine ID="line_20" HPOS="135" VPOS="950" WIDTH="756" HEIGHT="29">
							<String ID="string_138" HPOS="135" VPOS="950" WIDTH="59" HEIGHT="27" WC="0.92" CONTENT="gelse"/><SP WIDTH="23" VPOS="950" HPOS="194"/>
							<String ID="string_139" HPOS="217" VPOS="950" WIDTH="33" HEIGHT="21" WC="0.96" CONTENT="för"/><SP WIDTH="22" VPOS="950" HPOS="250"/>
							<String ID="string_140" HPOS="272" VPOS="950" WIDTH="49" HEIGHT="21" WC="0.93" CONTENT="hela"/><SP WIDTH="22" VPOS="950" HPOS="321"/>
							<String ID="string_141" HPOS="343" VPOS="950" WIDTH="167" HEIGHT="28" WC="0.90" CONTENT="bötesbeloppet,"/><SP WIDTH="20" VPOS="950" HPOS="510"/>
							<String ID="string_142" HPOS="530" VPOS="951" WIDTH="90" HEIGHT="22" WC="0.92" CONTENT="hvarvid"/><SP WIDTH="18" VPOS="951" HPOS="620"/>
							<String ID="string_143" HPOS="638" VPOS="951" WIDTH="47" HEIGHT="27" WC="0.92" CONTENT="fyra"/><SP WIDTH="18" VPOS="951" HPOS="685"/>
							<String ID="string_144" HPOS="703" VPOS="952" WIDTH="77" HEIGHT="26" WC="0.89" CONTENT="dagars"/><SP WIDTH="16" VPOS="952" HPOS="780"/>
							<String ID="string_145" HPOS="796" VPOS="951" WIDTH="95" HEIGHT="28" WC="0.93" CONTENT="fängelse"/>
						</TextLine>
						<TextLine ID="line_21" HPOS="138" VPOS="985" WIDTH="752" HEIGHT="28">
							<String ID="string_146" HPOS="138" VPOS="991" WIDTH="74" HEIGHT="15" WC="0.93" CONTENT="svarar"/><SP WIDTH="19" VPOS="991" HPOS="212"/>
							<String ID="string_147" HPOS="231" VPOS="987" WIDTH="45" HEIGHT="19" WC="0.93" CONTENT="mot"/><SP WIDTH="18" VPOS="987" HPOS="276"/>
							<String ID="string_148" HPOS="294" VPOS="985" WIDTH="62" HEIGHT="22" WC="0.92" CONTENT="böter"/><SP WIDTH="19" VPOS="985" HPOS="356"/>
							<String ID="string_149" HPOS="375" VPOS="985" WIDTH="34" HEIGHT="22" WC="0.96" CONTENT="till"/><SP WIDTH="16" VPOS="985" HPOS="409"/>
							<String ID="string_150" HPOS="425" VPOS="985" WIDTH="39" HEIGHT="22" WC="0.93" CONTENT="och"/><SP WIDTH="16" VPOS="985" HPOS="464"/>
							<String ID="string_151" HPOS="480" VPOS="986" WIDTH="48" HEIGHT="21" WC="0.93" CONTENT="med"/><SP WIDTH="16" VPOS="986" HPOS="528"/>
							<String ID="string_152" HPOS="544" VPOS="986" WIDTH="60" HEIGHT="27" WC="0.92" CONTENT="tjugu"/><SP WIDTH="15" VPOS="986" HPOS="604"/>
							<String ID="string_153" HPOS="619" VPOS="986" WIDTH="71" HEIGHT="26" WC="0.96" CONTENT="mark;"/><SP WIDTH="16" VPOS="986" HPOS="690"/>
							<String ID="string_154" HPOS="706" VPOS="985" WIDTH="34" HEIGHT="22" WC="0.96" CONTENT="för"/><SP WIDTH="16" VPOS="985" HPOS="740"/>
							<String ID="string_155" HPOS="756" VPOS="986" WIDTH="35" HEIGHT="21" WC="0.93" CONTENT="det"/><SP WIDTH="15" VPOS="986" HPOS="791"/>
							<String ID="string_156" HPOS="806" VPOS="986" WIDTH="84" HEIGHT="27" WC="0.92" CONTENT="belopp,"/>
						</TextLine>
						<TextLine ID="line_22" HPOS="136" VPOS="1019" WIDTH="754" HEIGHT="29">
							<String ID="string_157" HPOS="136" VPOS="1025" WIDTH="47" HEIGHT="15" WC="0.92" CONTENT="som"/><SP WIDTH="15" VPOS="1025" HPOS="183"/>
							<String ID="string_158" HPOS="198" VPOS="1019" WIDTH="142" HEIGHT="28" WC="0.91" CONTENT="öfverskjuter"/><SP WIDTH="15" VPOS="1019" HPOS="340"/>
							<String ID="string_159" HPOS="355" VPOS="1020" WIDTH="62" HEIGHT="27" WC="0.92" CONTENT="tjugu"/><SP WIDTH="15" VPOS="1020" HPOS="417"/>
							<String ID="string_160" HPOS="432" VPOS="1020" WIDTH="61" HEIGHT="21" WC="0.96" CONTENT="mark"/><SP WIDTH="16" VPOS="1020" HPOS="493"/>
							<String ID="string_161" HPOS="509" VPOS="1021" WIDTH="38" HEIGHT="21" WC="0.96" CONTENT="och"/><SP WIDTH="16" VPOS="1021" HPOS="547"/>
							<String ID="string_162" HPOS="563" VPOS="1021" WIDTH="66" HEIGHT="27" WC="0.97" CONTENT="stiger"/><SP WIDTH="16" VPOS="1021" HPOS="629"/>
							<String ID="string_163" HPOS="645" VPOS="1020" WIDTH="33" HEIGHT="21" WC="0.93" CONTENT="till"/><SP WIDTH="17" VPOS="1020" HPOS="678"/>
							<String ID="string_164" HPOS="695" VPOS="1021" WIDTH="115" HEIGHT="21" WC="0.92" CONTENT="etthundra"/><SP WIDTH="13" VPOS="1021" HPOS="810"/>
							<String ID="string_165" HPOS="823" VPOS="1021" WIDTH="67" HEIGHT="26" WC="0.96" CONTENT="mark,"/>
						</TextLine>
						<TextLine ID="line_23" HPOS="139" VPOS="1053" WIDTH="755" HEIGHT="29">
							<String ID="string_166" HPOS="139" VPOS="1054" WIDTH="51" HEIGHT="21" WC="0.92" CONTENT="ökes"/><SP WIDTH="19" VPOS="1054" HPOS="190"/>
							<String ID="string_167" HPOS="209" VPOS="1053" WIDTH="182" HEIGHT="27" WC="0.96" CONTENT="fängelsestraffet"/><SP WIDTH="19" VPOS="1053" HPOS="391"/>
							<String ID="string_168" HPOS="410" VPOS="1055" WIDTH="48" HEIGHT="20" WC="0.96" CONTENT="med"/><SP WIDTH="20" VPOS="1055" HPOS="458"/>
							<String ID="string_169" HPOS="478" VPOS="1061" WIDTH="26" HEIGHT="15" WC="0.55" CONTENT="en"/><SP WIDTH="15" VPOS="1061" HPOS="504"/>
							<String ID="string_170" HPOS="519" VPOS="1055" WIDTH="41" HEIGHT="27" WC="0.96" CONTENT="dag"/><SP WIDTH="14" VPOS="1055" HPOS="560"/>
							<String ID="string_171" HPOS="574" VPOS="1055" WIDTH="34" HEIGHT="22" WC="0.93" CONTENT="för"/><SP WIDTH="15" VPOS="1055" HPOS="608"/>
							<String ID="string_172" HPOS="623" VPOS="1055" WIDTH="74" HEIGHT="27" WC="0.96" CONTENT="hvarje"/><SP WIDTH="14" VPOS="1055" HPOS="697"/>
							<String ID="string_173" HPOS="711" VPOS="1055" WIDTH="50" HEIGHT="21" WC="0.96" CONTENT="fullt"/><SP WIDTH="14" VPOS="1055" HPOS="761"/>
							<String ID="string_174" HPOS="775" VPOS="1055" WIDTH="78" HEIGHT="27" WC="0.96" CONTENT="belopp"/><SP WIDTH="17" VPOS="1055" HPOS="853"/>
							<String ID="string_175" HPOS="870" VPOS="1055" WIDTH="24" HEIGHT="21" WC="0.96" CONTENT="af"/>
						</TextLine>
						<TextLine ID="line_24" HPOS="136" VPOS="1088" WIDTH="755" HEIGHT="29">
							<String ID="string_176" HPOS="136" VPOS="1089" WIDTH="42" HEIGHT="21" WC="0.96" CONTENT="fem"/><SP WIDTH="19" VPOS="1089" HPOS="178"/>
							<String ID="string_177" HPOS="197" VPOS="1088" WIDTH="72" HEIGHT="27" WC="0.96" CONTENT="mark;"/><SP WIDTH="16" VPOS="1088" HPOS="269"/>
							<String ID="string_178" HPOS="285" VPOS="1089" WIDTH="39" HEIGHT="21" WC="0.96" CONTENT="och"/><SP WIDTH="15" VPOS="1089" HPOS="324"/>
							<String ID="string_179" HPOS="339" VPOS="1088" WIDTH="34" HEIGHT="22" WC="0.96" CONTENT="för"/><SP WIDTH="16" VPOS="1088" HPOS="373"/>
							<String ID="string_180" HPOS="389" VPOS="1089" WIDTH="39" HEIGHT="21" WC="0.96" CONTENT="den"/><SP WIDTH="17" VPOS="1089" HPOS="428"/>
							<String ID="string_181" HPOS="445" VPOS="1089" WIDTH="34" HEIGHT="22" WC="0.96" CONTENT="del"/><SP WIDTH="16" VPOS="1089" HPOS="479"/>
							<String ID="string_182" HPOS="495" VPOS="1089" WIDTH="23" HEIGHT="22" WC="0.93" CONTENT="af"/><SP WIDTH="13" VPOS="1089" HPOS="518"/>
							<String ID="string_183" HPOS="531" VPOS="1090" WIDTH="95" HEIGHT="26" WC="0.89" CONTENT="böterna,"/><SP WIDTH="16" VPOS="1090" HPOS="626"/>
							<String ID="string_184" HPOS="642" VPOS="1095" WIDTH="45" HEIGHT="16" WC="0.93" CONTENT="som"/><SP WIDTH="10" VPOS="1095" HPOS="687"/>
							<String ID="string_185" HPOS="697" VPOS="1089" WIDTH="142" HEIGHT="28" WC="0.92" CONTENT="öfverskjuter"/><SP WIDTH="11" VPOS="1089" HPOS="839"/>
							<String ID="string_186" HPOS="850" VPOS="1091" WIDTH="41" HEIGHT="20" WC="0.93" CONTENT="ett-"/>
						</TextLine>
						<TextLine ID="line_25" HPOS="137" VPOS="1123" WIDTH="754" HEIGHT="28">
							<String ID="string_187" HPOS="137" VPOS="1123" WIDTH="85" HEIGHT="21" WC="0.92" CONTENT="hundra"/><SP WIDTH="22" VPOS="1123" HPOS="222"/>
							<String ID="string_188" HPOS="244" VPOS="1123" WIDTH="67" HEIGHT="26" WC="0.92" CONTENT="mark,"/><SP WIDTH="24" VPOS="1123" HPOS="311"/>
							<String ID="string_189" HPOS="335" VPOS="1123" WIDTH="51" HEIGHT="22" WC="0.92" CONTENT="ökes"/><SP WIDTH="23" VPOS="1123" HPOS="386"/>
							<String ID="string_190" HPOS="409" VPOS="1123" WIDTH="179" HEIGHT="27" WC="0.92" CONTENT="fängelsestraffet"/><SP WIDTH="19" VPOS="1123" HPOS="588"/>
							<String ID="string_191" HPOS="607" VPOS="1123" WIDTH="48" HEIGHT="22" WC="0.96" CONTENT="med"/><SP WIDTH="15" VPOS="1123" HPOS="655"/>
							<String ID="string_192" HPOS="670" VPOS="1130" WIDTH="27" HEIGHT="15" WC="0.96" CONTENT="en"/><SP WIDTH="16" VPOS="1130" HPOS="697"/>
							<String ID="string_193" HPOS="713" VPOS="1124" WIDTH="41" HEIGHT="27" WC="0.96" CONTENT="dag"/><SP WIDTH="14" VPOS="1124" HPOS="754"/>
							<String ID="string_194" HPOS="768" VPOS="1123" WIDTH="34" HEIGHT="22" WC="0.93" CONTENT="för"/><SP WIDTH="15" VPOS="1123" HPOS="802"/>
							<String ID="string_195" HPOS="817" VPOS="1124" WIDTH="74" HEIGHT="26" WC="0.93" CONTENT="hvarje"/>
						</TextLine>
						<TextLine ID="line_26" HPOS="137" VPOS="1157" WIDTH="754" HEIGHT="28">
							<String ID="string_196" HPOS="137" VPOS="1157" WIDTH="49" HEIGHT="22" WC="0.92" CONTENT="fullt"/><SP WIDTH="15" VPOS="1157" HPOS="186"/>
							<String ID="string_197" HPOS="201" VPOS="1157" WIDTH="77" HEIGHT="28" WC="0.92" CONTENT="belopp"/><SP WIDTH="15" VPOS="1157" HPOS="278"/>
							<String ID="string_198" HPOS="293" VPOS="1158" WIDTH="24" HEIGHT="21" WC="0.96" CONTENT="af"/><SP WIDTH="13" VPOS="1158" HPOS="317"/>
							<String ID="string_199" HPOS="330" VPOS="1158" WIDTH="31" HEIGHT="21" WC="0.96" CONTENT="tio"/><SP WIDTH="15" VPOS="1158" HPOS="361"/>
							<String ID="string_200" HPOS="376" VPOS="1158" WIDTH="69" HEIGHT="25" WC="0.96" CONTENT="mark,"/><SP WIDTH="21" VPOS="1158" HPOS="445"/>
							<String ID="string_201" HPOS="466" VPOS="1158" WIDTH="53" HEIGHT="21" WC="0.96" CONTENT="dock"/><SP WIDTH="15" VPOS="1158" HPOS="519"/>
							<String ID="string_202" HPOS="534" VPOS="1160" WIDTH="32" HEIGHT="19" WC="0.93" CONTENT="att"/><SP WIDTH="15" VPOS="1160" HPOS="566"/>
							<String ID="string_203" HPOS="581" VPOS="1157" WIDTH="154" HEIGHT="28" WC="0.92" CONTENT="fängelsetiden"/><SP WIDTH="15" VPOS="1157" HPOS="735"/>
							<String ID="string_204" HPOS="750" VPOS="1158" WIDTH="48" HEIGHT="21" WC="0.92" CONTENT="icke"/><SP WIDTH="10" VPOS="1158" HPOS="798"/>
							<String ID="string_205" HPOS="808" VPOS="1158" WIDTH="7" HEIGHT="21" WC="0.93" CONTENT="i"/><SP WIDTH="10" VPOS="1158" HPOS="815"/>
							<String ID="string_206" HPOS="825" VPOS="1157" WIDTH="66" HEIGHT="28" WC="0.93" CONTENT="nägot"/>
						</TextLine>
						<TextLine ID="line_27" HPOS="136" VPOS="1192" WIDTH="755" HEIGHT="28">
							<String ID="string_207" HPOS="136" VPOS="1192" WIDTH="40" HEIGHT="21" WC="0.95" CONTENT="fall"/><SP WIDTH="21" VPOS="1192" HPOS="176"/>
							<String ID="string_208" HPOS="197" VPOS="1193" WIDTH="36" HEIGHT="20" WC="0.93" CONTENT="mä"/><SP WIDTH="20" VPOS="1193" HPOS="233"/>
							<String ID="string_209" HPOS="253" VPOS="1194" WIDTH="68" HEIGHT="19" WC="0.92" CONTENT="sättas"/><SP WIDTH="15" VPOS="1194" HPOS="321"/>
							<String ID="string_210" HPOS="336" VPOS="1192" WIDTH="74" HEIGHT="27" WC="0.96" CONTENT="längre"/><SP WIDTH="15" VPOS="1192" HPOS="410"/>
							<String ID="string_211" HPOS="425" VPOS="1193" WIDTH="27" HEIGHT="20" WC="0.93" CONTENT="än"/><SP WIDTH="14" VPOS="1193" HPOS="452"/>
							<String ID="string_212" HPOS="466" VPOS="1193" WIDTH="63" HEIGHT="21" WC="0.92" CONTENT="nittio"/><SP WIDTH="16" VPOS="1193" HPOS="529"/>
							<String ID="string_213" HPOS="545" VPOS="1193" WIDTH="72" HEIGHT="27" WC="0.91" CONTENT="dagar."/><SP WIDTH="32" VPOS="1193" HPOS="617"/>
							<String ID="string_214" HPOS="649" VPOS="1192" WIDTH="166" HEIGHT="22" WC="0.90" CONTENT="Sammanträffa"/><SP WIDTH="15" VPOS="1192" HPOS="815"/>
							<String ID="string_215" HPOS="830" VPOS="1192" WIDTH="61" HEIGHT="21" WC="0.96" CONTENT="dessa"/>
						</TextLine>
						<TextLine ID="line_28" HPOS="137" VPOS="1226" WIDTH="753" HEIGHT="27">
							<String ID="string_216" HPOS="137" VPOS="1227" WIDTH="62" HEIGHT="21" WC="0.93" CONTENT="böter"/><SP WIDTH="15" VPOS="1227" HPOS="199"/>
							<String ID="string_217" HPOS="214" VPOS="1226" WIDTH="49" HEIGHT="21" WC="0.93" CONTENT="med"/><SP WIDTH="15" VPOS="1226" HPOS="263"/>
							<String ID="string_218" HPOS="278" VPOS="1227" WIDTH="67" HEIGHT="26" WC="0.91" CONTENT="böter,"/><SP WIDTH="17" VPOS="1227" HPOS="345"/>
							<String ID="string_219" HPOS="362" VPOS="1233" WIDTH="46" HEIGHT="15" WC="0.96" CONTENT="som"/><SP WIDTH="16" VPOS="1233" HPOS="408"/>
							<String ID="string_220" HPOS="424" VPOS="1227" WIDTH="60" HEIGHT="21" WC="0.93" CONTENT="skola"/><SP WIDTH="16" VPOS="1227" HPOS="484"/>
							<String ID="string_221" HPOS="500" VPOS="1227" WIDTH="122" HEIGHT="21" WC="0.92" CONTENT="förvandlas"/><SP WIDTH="16" VPOS="1227" HPOS="622"/>
							<String ID="string_222" HPOS="638" VPOS="1227" WIDTH="33" HEIGHT="21" WC="0.93" CONTENT="till"/><SP WIDTH="16" VPOS="1227" HPOS="671"/>
							<String ID="string_223" HPOS="687" VPOS="1226" WIDTH="97" HEIGHT="27" WC="0.93" CONTENT="fängelse"/><SP WIDTH="15" VPOS="1226" HPOS="784"/>
							<String ID="string_224" HPOS="799" VPOS="1226" WIDTH="35" HEIGHT="21" WC="0.93" CONTENT="vid"/><SP WIDTH="10" VPOS="1226" HPOS="834"/>
							<String ID="string_225" HPOS="844" VPOS="1228" WIDTH="46" HEIGHT="19" WC="0.92" CONTENT="vat-"/>
						</TextLine>
						<TextLine ID="line_29" HPOS="135" VPOS="1261" WIDTH="756" HEIGHT="28">
							<String ID="string_226" HPOS="135" VPOS="1263" WIDTH="39" HEIGHT="20" WC="0.96" CONTENT="ten"/><SP WIDTH="19" VPOS="1263" HPOS="174"/>
							<String ID="string_227" HPOS="193" VPOS="1261" WIDTH="39" HEIGHT="21" WC="0.96" CONTENT="och"/><SP WIDTH="21" VPOS="1261" HPOS="232"/>
							<String ID="string_228" HPOS="253" VPOS="1261" WIDTH="59" HEIGHT="26" WC="0.96" CONTENT="bröd,"/><SP WIDTH="20" VPOS="1261" HPOS="312"/>
							<String ID="string_229" HPOS="332" VPOS="1261" WIDTH="40" HEIGHT="22" WC="0.93" CONTENT="bör"/><SP WIDTH="14" VPOS="1261" HPOS="372"/>
							<String ID="string_230" HPOS="386" VPOS="1261" WIDTH="116" HEIGHT="22" WC="0.93" CONTENT="hvartdera"/><SP WIDTH="16" VPOS="1261" HPOS="502"/>
							<String ID="string_231" HPOS="518" VPOS="1262" WIDTH="161" HEIGHT="27" WC="0.90" CONTENT="bötesbeloppet"/><SP WIDTH="15" VPOS="1262" HPOS="679"/>
							<String ID="string_232" HPOS="694" VPOS="1261" WIDTH="102" HEIGHT="22" WC="0.92" CONTENT="särskildt"/><SP WIDTH="15" VPOS="1261" HPOS="796"/>
							<String ID="string_233" HPOS="811" VPOS="1261" WIDTH="33" HEIGHT="21" WC="0.96" CONTENT="för"/><SP WIDTH="15" VPOS="1261" HPOS="844"/>
							<String ID="string_234" HPOS="859" VPOS="1261" WIDTH="32" HEIGHT="27" WC="0.96" CONTENT="sig"/>
						</TextLine>
						<TextLine ID="line_30" HPOS="136" VPOS="1295" WIDTH="130" HEIGHT="22">
							<String ID="string_235" HPOS="136" VPOS="1295" WIDTH="130" HEIGHT="22" WC="0.90" CONTENT="förvandlas."/>
						</TextLine>
					</TextBlock>
					<TextBlock ID="block_9" HPOS="485" VPOS="1325" WIDTH="59" HEIGHT="27">
						<TextLine ID="line_31" HPOS="485" VPOS="1325" WIDTH="59" HEIGHT="27">
							<String ID="string_236" HPOS="485" VPOS="1326" WIDTH="25" HEIGHT="20" WC="0.89" CONTENT="12"/><SP WIDTH="16" VPOS="1326" HPOS="510"/>
							<String ID="string_237" HPOS="526" VPOS="1325" WIDTH="18" HEIGHT="27" WC="0.87" CONTENT="&amp;."/>
						</TextLine>
					</TextBlock>
					<TextBlock ID="block_10" HPOS="138" VPOS="1364" WIDTH="752" HEIGHT="62">
						<TextLine ID="line_32" HPOS="209" VPOS="1364" WIDTH="681" HEIGHT="28">
							<String ID="string_238" HPOS="209" VPOS="1364" WIDTH="104" HEIGHT="27" WC="0.96" CONTENT="Bryggeri"/><SP WIDTH="18" VPOS="1364" HPOS="313"/>
							<String ID="string_239" HPOS="331" VPOS="1365" WIDTH="40" HEIGHT="21" WC="0.93" CONTENT="och"/><SP WIDTH="16" VPOS="1365" HPOS="371"/>
							<String ID="string_240" HPOS="387" VPOS="1365" WIDTH="137" HEIGHT="27" WC="0.92" CONTENT="tillverkning"/><SP WIDTH="16" VPOS="1365" HPOS="524"/>
							<String ID="string_241" HPOS="540" VPOS="1367" WIDTH="36" HEIGHT="19" WC="0.92" CONTENT="äro"/><SP WIDTH="16" VPOS="1367" HPOS="576"/>
							<String ID="string_242" HPOS="592" VPOS="1365" WIDTH="121" HEIGHT="26" WC="0.92" CONTENT="underpant"/><SP WIDTH="15" VPOS="1365" HPOS="713"/>
							<String ID="string_243" HPOS="728" VPOS="1364" WIDTH="34" HEIGHT="21" WC="0.93" CONTENT="för"/><SP WIDTH="15" VPOS="1364" HPOS="762"/>
							<String ID="string_244" HPOS="777" VPOS="1364" WIDTH="113" HEIGHT="21" WC="0.93" CONTENT="bevillnin-"/>
						</TextLine>
						<TextLine ID="line_33" HPOS="138" VPOS="1400" WIDTH="195" HEIGHT="26">
							<String ID="string_245" HPOS="138" VPOS="1405" WIDTH="53" HEIGHT="21" WC="0.92" CONTENT="gens"/><SP WIDTH="15" VPOS="1405" HPOS="191"/>
							<String ID="string_246" HPOS="206" VPOS="1400" WIDTH="127" HEIGHT="25" WC="0.92" CONTENT="utgörande."/>
						</TextLine>
					</TextBlock>
					<TextBlock ID="block_11" HPOS="486" VPOS="1427" WIDTH="59" HEIGHT="27">
						<TextLine ID="line_34" HPOS="486" VPOS="1427" WIDTH="59" HEIGHT="27">
							<String ID="string_247" HPOS="486" VPOS="1428" WIDTH="24" HEIGHT="20" WC="0.89" CONTENT="13"/><SP WIDTH="16" VPOS="1428" HPOS="510"/>
							<String ID="string_248" HPOS="526" VPOS="1427" WIDTH="19" HEIGHT="27" WC="0.86" CONTENT="8."/>
						</TextLine>
					</TextBlock>
					<TextBlock ID="block_12" HPOS="136" VPOS="1465" WIDTH="754" HEIGHT="59">
						<TextLine ID="line_35" HPOS="209" VPOS="1465" WIDTH="681" HEIGHT="29">
							<String ID="string_249" HPOS="209" VPOS="1466" WIDTH="32" HEIGHT="22" WC="0.96" CONTENT="De"/><SP WIDTH="15" VPOS="1466" HPOS="241"/>
							<String ID="string_250" HPOS="256" VPOS="1466" WIDTH="7" HEIGHT="22" WC="0.96" CONTENT="i"/><SP WIDTH="16" VPOS="1466" HPOS="263"/>
							<String ID="string_251" HPOS="279" VPOS="1467" WIDTH="39" HEIGHT="27" WC="0.6" CONTENT="98"/><SP WIDTH="21" VPOS="1467" HPOS="318"/>
							<String ID="string_252" HPOS="339" VPOS="1468" WIDTH="82" HEIGHT="20" WC="0.96" CONTENT="utsatta"/><SP WIDTH="19" VPOS="1468" HPOS="421"/>
							<String ID="string_253" HPOS="440" VPOS="1466" WIDTH="62" HEIGHT="22" WC="0.96" CONTENT="straff"/><SP WIDTH="14" VPOS="1466" HPOS="502"/>
							<String ID="string_254" HPOS="516" VPOS="1466" WIDTH="73" HEIGHT="22" WC="0.96" CONTENT="kunna"/><SP WIDTH="16" VPOS="1466" HPOS="589"/>
							<String ID="string_255" HPOS="605" VPOS="1466" WIDTH="76" HEIGHT="22" WC="0.96" CONTENT="endast"/><SP WIDTH="16" VPOS="1466" HPOS="681"/>
							<String ID="string_256" HPOS="697" VPOS="1466" WIDTH="23" HEIGHT="21" WC="0.92" CONTENT="af"/><SP WIDTH="13" VPOS="1466" HPOS="720"/>
							<String ID="string_257" HPOS="733" VPOS="1466" WIDTH="49" HEIGHT="27" WC="0.96" CONTENT="laga"/><SP WIDTH="16" VPOS="1466" HPOS="782"/>
							<String ID="string_258" HPOS="798" VPOS="1465" WIDTH="92" HEIGHT="22" WC="0.95" CONTENT="domstol"/>
						</TextLine>
						<TextLine ID="line_36" HPOS="136" VPOS="1501" WIDTH="97" HEIGHT="23">
							<String ID="string_259" HPOS="136" VPOS="1501" WIDTH="97" HEIGHT="23" WC="0.91" CONTENT="ädömas."/>
						</TextLine>
					</TextBlock>
				</ComposedBlock>
			</PrintSpace>
		</Page>
	</Layout>
</alto>
