1120 1786
264 167 26 21 28

422 165 82 23 Ständ.
520 166 37 23 Sv.
573 179 28 2 —
616 166 72 27 Prop.
704 166 43 21 N:o
762 165 35 23 22.

439 231 98 28 fattning,
560 232 78 27 ingifve
652 232 172 27 patenthafvaren
841 231 96 28 fullmakt
951 232 33 27 för

439 268 46 24 nytt
508 266 80 22 ombud.
625 266 106 27 Takttages
753 266 42 22 icke
816 266 55 22 hvad
891 266 93 22 sålunda

439 301 26 19 är
488 300 136 28 föreskrifvet,
654 301 35 20 mä
717 300 207 28 Industristyrelsen,
955 300 29 21 då

438 334 73 22 härom
534 335 92 21 anmäles
646 335 36 21 och
699 335 63 27 nödig
776 335 111 26 utredning
902 334 81 28 företes,

437 375 73 21 genom
525 369 120 27 kungörelse
659 370 10 20 i
683 369 88 27 officiela
783 369 135 27 tidningarna
929 371 55 19 samt

438 402 106 28 skrifvelse
562 403 31 22 till
610 403 178 28 patenthafvaren,
809 404 36 21 der
861 404 54 21 hans
926 406 58 24 post-

439 437 72 22 adress
532 440 26 19 är
579 438 120 27 uppgifven,
716 444 108 20 uppmana
838 437 146 28 patenthafva-

438 478 36 14 ren
490 474 30 19 att
534 472 56 21 inom
608 474 31 19 tre
656 472 101 22 mänader
775 473 51 25 efter
840 472 143 27 kungörandet

438 506 89 26 fullgöra
549 506 55 22 hvad
624 513 29 15 nu
676 508 26 20 är
719 506 105 28 stadgadi.
854 506 77 22 Ställer
943 513 39 20 pa-

439 540 141 27 tenthafvaren
602 542 32 26 sig
649 541 44 22 icke
707 542 155 26 uppmaningen
877 541 32 22 till
924 540 60 28 efter-

437 575 91 25 rättelse,
542 582 48 15 vare
602 577 144 25 patenträtten
760 576 103 26 förfallen.

675 646 30 20 13
719 644 21 29 $.

510 690 41 22 Vill
568 692 159 26 patenthafvare
752 692 75 26 afsäga
849 691 32 27 sig
900 693 83 25 patent-

437 726 75 26 rätten,
534 728 49 24 göre
604 726 35 20 det
658 726 116 26 skriftligen
790 725 37 21 hos
842 725 140 27 Industristy-

436 760 73 21 relsen.
541 760 80 21 Finner
642 759 198 28 Industristyrelsen
863 759 119 28 afsägelsen

436 794 109 26 förnärma
561 794 63 27 tredje
638 801 61 15 mans
713 796 50 25 rätt,
774 794 64 21 varde
849 794 38 21 den
900 794 83 22 lemnad

436 830 52 20 utan
504 829 101 27 afseende.

673 893 26 19 14
714 891 22 28 $.

514 937 80 23 Varder
612 939 74 24 patent
708 938 27 27 af
753 937 89 22 domstol
865 937 116 28 förklaradt

436 972 64 27 ogildt
515 972 47 22 eller
578 972 119 27 förverkadt
711 973 48 20 eller
774 979 70 15 annan
856 979 78 20 person
947 973 31 26 pä

433 1007 70 26 grund
526 1007 26 26 af
570 1007 67 22 bättre
657 1009 45 19 rätt
723 1009 29 19 än
774 1007 45 25 den,
842 1013 45 16 som
906 1007 75 22 vunnit

432 1043 79 25 patent,
534 1041 85 28 inrymd
638 1041 9 21 i
665 1043 148 24 patenträtten,
829 1041 53 22 skall
904 1041 74 22 domen

432 1082 74 20 genom
521 1078 80 19 rättens
615 1075 83 27 försorg
712 1075 103 22 insändas
831 1075 31 22 till
874 1075 105 22 Industri-

434 1110 107 27 styrelsen.

671 1181 29 19 15
715 1179 20 28 $.

504 1225 36 22 Uti
562 1226 33 22 det
617 1226 86 26 register
725 1226 55 26 öfver
801 1225 119 22 meddelade
937 1232 40 20 pa-

433 1262 49 24 tent,
498 1266 45 15 som
558 1260 26 27 af
594 1260 198 27 Industristyrelsen
804 1260 36 21 bör
850 1260 65 27 föras,
927 1260 53 21 skall

432 1296 105 24 upptagas
555 1294 73 28 hvarje,
640 1296 83 25 patents
737 1294 94 27 föremål,
844 1294 133 26 patenttiden

432 1330 55 18 samt
500 1328 183 26 patenthafvarens
699 1328 36 20 och
749 1328 53 20 hans
818 1327 87 22 ombuds
911 1334 65 14 namn

433 1360 36 21 och
484 1361 128 26 boningsort.

500 1394 48 22 När
561 1397 75 25 patent
653 1395 90 27 upphört
760 1397 32 20 att
807 1395 58 28 gälla
880 1394 32 23 till
925 1394 55 29 följd

432 1429 26 26 af
469 1429 110 28 afsägelse,
595 1430 46 27 laga
657 1430 47 22 dom
719 1430 47 22 eller
775 1429 201 28 föreskrift
896 1425 10 37 i
915 1429 61 28 denna

432 1464 126 28 kungörelse,
584 1465 26 22 så
636 1465 35 22 ock
692 1466 41 21 när
758 1472 70 15 annan
849 1472 77 20 person
945 1466 33 26 på
