<?xml version="1.0" encoding="UTF-8"?>
<alto xmlns="http://www.loc.gov/standards/alto/ns-v3#" xmlns:xlink="http://www.w3.org/1999/xlink" xmlns:xsi="http://www.w3.org/2001/XMLSchema-instance" xsi:schemaLocation="http://www.loc.gov/standards/alto/ns-v3# http://www.loc.gov/alto/v3/alto-3-0.xsd">
	<Description>
		<MeasurementUnit>pixel</MeasurementUnit>
		<sourceImageInformation>
			<fileName>/tmp/tess_18q93cy4_input.PNG</fileName>
		</sourceImageInformation>
		<OCRProcessing ID="OCR_0">
			<ocrProcessingStep>
				<processingSoftware>
					<softwareName>tesseract 5.3.4</softwareName>
				</processingSoftware>
			</ocrProcessingStep>
		</OCRProcessing>
	</Description>
	<Layout>
		<Page WIDTH="1120" HEIGHT="1781" PHYSICAL_IMG_NR="0" ID="page_0">
			<PrintSpace HPOS="0" VPOS="0" WIDTH="1120" HEIGHT="1781">
				<ComposedBlock ID="cblock_0" HPOS="345" VPOS="146" WIDTH="499" HEIGHT="29">
					<TextBlock ID="block_0" HPOS="345" VPOS="146" WIDTH="499" HEIGHT="29">
						<TextLine ID="line_0" HPOS="345" VPOS="146" WIDTH="499" HEIGHT="29">
							<String ID="string_0" HPOS="345" VPOS="146" WIDTH="27" HEIGHT="23" WC="0.89" CONTENT="U."/><SP WIDTH="16" VPOS="146" HPOS="372"/>
							<String ID="string_1" HPOS="388" VPOS="147" WIDTH="26" HEIGHT="21" WC="0.92" CONTENT="B."/><SP WIDTH="17" VPOS="147" HPOS="414"/>
							<String ID="string_2" HPOS="431" VPOS="160" WIDTH="25" HEIGHT="3" WC="0.92" CONTENT="—"/><SP WIDTH="16" VPOS="160" HPOS="456"/>
							<String ID="string_3" HPOS="472" VPOS="147" WIDTH="72" HEIGHT="28" WC="0.95" CONTENT="Prop."/><SP WIDTH="16" VPOS="147" HPOS="544"/>
							<String ID="string_4" HPOS="560" VPOS="148" WIDTH="40" HEIGHT="21" WC="0.96" CONTENT="N:o"/><SP WIDTH="16" VPOS="148" HPOS="600"/>
							<String ID="string_5" HPOS="616" VPOS="148" WIDTH="34" HEIGHT="22" WC="0.95" CONTENT="21."/><SP WIDTH="85" VPOS="148" HPOS="650"/>
							<String ID="string_6" HPOS="735" VPOS="168" WIDTH="2" HEIGHT="2" WC="0.63" CONTENT="."/><SP WIDTH="83" VPOS="168" HPOS="737"/>
							<String ID="string_7" HPOS="820" VPOS="149" WIDTH="24" HEIGHT="21" WC="0.96" CONTENT="13"/>
						</TextLine>
					</TextBlock>
				</ComposedBlock>
				<ComposedBlock ID="cblock_1" HPOS="118" VPOS="203" WIDTH="756" HEIGHT="1262">
					<TextBlock ID="block_1" HPOS="119" VPOS="203" WIDTH="755" HEIGHT="708">
						<TextLine ID="line_1" HPOS="122" VPOS="203" WIDTH="752" HEIGHT="30">
							<String ID="string_8" HPOS="122" VPOS="203" WIDTH="58" HEIGHT="28" WC="0.95" CONTENT="ning"/><SP WIDTH="18" VPOS="203" HPOS="180"/>
							<String ID="string_9" HPOS="198" VPOS="205" WIDTH="35" HEIGHT="20" WC="0.93" CONTENT="att"/><SP WIDTH="18" VPOS="205" HPOS="233"/>
							<String ID="string_10" HPOS="251" VPOS="203" WIDTH="108" HEIGHT="22" WC="0.91" CONTENT="anmälan"/><SP WIDTH="19" VPOS="203" HPOS="359"/>
							<String ID="string_11" HPOS="378" VPOS="203" WIDTH="42" HEIGHT="22" WC="0.92" CONTENT="bör"/><SP WIDTH="15" VPOS="203" HPOS="420"/>
							<String ID="string_12" HPOS="435" VPOS="204" WIDTH="40" HEIGHT="21" WC="0.92" CONTENT="ske"/><SP WIDTH="14" VPOS="204" HPOS="475"/>
							<String ID="string_13" HPOS="489" VPOS="204" WIDTH="63" HEIGHT="21" WC="0.93" CONTENT="inom"/><SP WIDTH="16" VPOS="204" HPOS="552"/>
							<String ID="string_14" HPOS="568" VPOS="204" WIDTH="88" HEIGHT="29" WC="0.91" CONTENT="fjorton"/><SP WIDTH="16" VPOS="204" HPOS="656"/>
							<String ID="string_15" HPOS="672" VPOS="205" WIDTH="71" HEIGHT="28" WC="0.96" CONTENT="dagar"/><SP WIDTH="16" VPOS="205" HPOS="743"/>
							<String ID="string_16" HPOS="759" VPOS="204" WIDTH="58" HEIGHT="22" WC="0.93" CONTENT="efter"/><SP WIDTH="17" VPOS="204" HPOS="817"/>
							<String ID="string_17" HPOS="834" VPOS="205" WIDTH="40" HEIGHT="21" WC="0.92" CONTENT="bo-"/>
						</TextLine>
						<TextLine ID="line_2" HPOS="121" VPOS="237" WIDTH="753" HEIGHT="30">
							<String ID="string_18" HPOS="121" VPOS="237" WIDTH="198" HEIGHT="28" WC="0.91" CONTENT="lagskontraktets"/><SP WIDTH="19" VPOS="237" HPOS="319"/>
							<String ID="string_19" HPOS="338" VPOS="237" WIDTH="138" HEIGHT="28" WC="0.91" CONTENT="afslutände,"/><SP WIDTH="19" VPOS="237" HPOS="476"/>
							<String ID="string_20" HPOS="495" VPOS="238" WIDTH="40" HEIGHT="21" WC="0.93" CONTENT="vid"/><SP WIDTH="20" VPOS="238" HPOS="535"/>
							<String ID="string_21" HPOS="555" VPOS="239" WIDTH="109" HEIGHT="27" WC="0.92" CONTENT="äfventyr"/><SP WIDTH="19" VPOS="239" HPOS="664"/>
							<String ID="string_22" HPOS="683" VPOS="240" WIDTH="35" HEIGHT="19" WC="0.96" CONTENT="att"/><SP WIDTH="20" VPOS="240" HPOS="718"/>
							<String ID="string_23" HPOS="738" VPOS="239" WIDTH="64" HEIGHT="20" WC="0.93" CONTENT="detta"/><SP WIDTH="16" VPOS="239" HPOS="802"/>
							<String ID="string_24" HPOS="818" VPOS="239" WIDTH="56" HEIGHT="28" WC="0.92" CONTENT="eljes"/>
						</TextLine>
						<TextLine ID="line_3" HPOS="121" VPOS="271" WIDTH="753" HEIGHT="29">
							<String ID="string_25" HPOS="121" VPOS="271" WIDTH="36" HEIGHT="21" WC="0.92" CONTENT="för"/><SP WIDTH="19" VPOS="271" HPOS="157"/>
							<String ID="string_26" HPOS="176" VPOS="272" WIDTH="96" HEIGHT="27" WC="0.92" CONTENT="ogiltigt"/><SP WIDTH="17" VPOS="272" HPOS="272"/>
							<String ID="string_27" HPOS="289" VPOS="279" WIDTH="71" HEIGHT="14" WC="0.96" CONTENT="anses."/><SP WIDTH="31" VPOS="279" HPOS="360"/>
							<String ID="string_28" HPOS="391" VPOS="271" WIDTH="82" HEIGHT="28" WC="0.93" CONTENT="Enligt"/><SP WIDTH="15" VPOS="271" HPOS="473"/>
							<String ID="string_29" HPOS="488" VPOS="272" WIDTH="132" HEIGHT="21" WC="0.92" CONTENT="Utskottets"/><SP WIDTH="15" VPOS="272" HPOS="620"/>
							<String ID="string_30" HPOS="635" VPOS="272" WIDTH="71" HEIGHT="21" WC="0.85" CONTENT="tanko"/><SP WIDTH="17" VPOS="272" HPOS="706"/>
							<String ID="string_31" HPOS="723" VPOS="276" WIDTH="24" HEIGHT="17" WC="0.96" CONTENT="är"/><SP WIDTH="16" VPOS="276" HPOS="747"/>
							<String ID="string_32" HPOS="763" VPOS="279" WIDTH="28" HEIGHT="14" WC="0.93" CONTENT="en"/><SP WIDTH="16" VPOS="279" HPOS="791"/>
							<String ID="string_33" HPOS="807" VPOS="272" WIDTH="67" HEIGHT="28" WC="0.91" CONTENT="dylik"/>
						</TextLine>
						<TextLine ID="line_4" HPOS="121" VPOS="305" WIDTH="753" HEIGHT="29">
							<String ID="string_34" HPOS="121" VPOS="305" WIDTH="148" HEIGHT="28" WC="0.91" CONTENT="bestämning"/><SP WIDTH="21" VPOS="305" HPOS="269"/>
							<String ID="string_35" HPOS="290" VPOS="305" WIDTH="52" HEIGHT="22" WC="0.90" CONTENT="icke"/><SP WIDTH="22" VPOS="305" HPOS="342"/>
							<String ID="string_36" HPOS="364" VPOS="305" WIDTH="113" HEIGHT="28" WC="0.91" CONTENT="sakenlig."/><SP WIDTH="30" VPOS="305" HPOS="477"/>
							<String ID="string_37" HPOS="507" VPOS="306" WIDTH="36" HEIGHT="28" WC="0.96" CONTENT="Ty"/><SP WIDTH="22" VPOS="306" HPOS="543"/>
							<String ID="string_38" HPOS="565" VPOS="305" WIDTH="40" HEIGHT="22" WC="0.93" CONTENT="det"/><SP WIDTH="18" VPOS="305" HPOS="605"/>
							<String ID="string_39" HPOS="623" VPOS="305" WIDTH="147" HEIGHT="22" WC="0.92" CONTENT="förhällande"/><SP WIDTH="15" VPOS="305" HPOS="770"/>
							<String ID="string_40" HPOS="785" VPOS="308" WIDTH="35" HEIGHT="19" WC="0.93" CONTENT="att"/><SP WIDTH="15" VPOS="308" HPOS="820"/>
							<String ID="string_41" HPOS="835" VPOS="313" WIDTH="39" HEIGHT="14" WC="0.92" CONTENT="en-"/>
						</TextLine>
						<TextLine ID="line_5" HPOS="121" VPOS="339" WIDTH="752" HEIGHT="29">
							<String ID="string_42" HPOS="121" VPOS="339" WIDTH="62" HEIGHT="22" WC="0.93" CONTENT="skild"/><SP WIDTH="18" VPOS="339" HPOS="183"/>
							<String ID="string_43" HPOS="201" VPOS="347" WIDTH="85" HEIGHT="21" WC="0.96" CONTENT="person"/><SP WIDTH="19" VPOS="347" HPOS="286"/>
							<String ID="string_44" HPOS="305" VPOS="340" WIDTH="56" HEIGHT="21" WC="0.96" CONTENT="eller"/><SP WIDTH="19" VPOS="340" HPOS="361"/>
							<String ID="string_45" HPOS="380" VPOS="341" WIDTH="70" HEIGHT="27" WC="0.96" CONTENT="öppet"/><SP WIDTH="15" VPOS="341" HPOS="450"/>
							<String ID="string_46" HPOS="465" VPOS="339" WIDTH="69" HEIGHT="29" WC="0.93" CONTENT="bolag"/><SP WIDTH="17" VPOS="339" HPOS="534"/>
							<String ID="string_47" HPOS="551" VPOS="342" WIDTH="95" HEIGHT="26" WC="0.92" CONTENT="antager"/><SP WIDTH="16" VPOS="342" HPOS="646"/>
							<String ID="string_48" HPOS="662" VPOS="339" WIDTH="171" HEIGHT="22" WC="0.92" CONTENT="kommanditär"/><SP WIDTH="16" VPOS="339" HPOS="833"/>
							<String ID="string_49" HPOS="849" VPOS="343" WIDTH="24" HEIGHT="18" WC="0.96" CONTENT="är"/>
						</TextLine>
						<TextLine ID="line_6" HPOS="120" VPOS="373" WIDTH="752" HEIGHT="29">
							<String ID="string_50" HPOS="120" VPOS="373" WIDTH="129" HEIGHT="29" WC="0.92" CONTENT="ingalunda"/><SP WIDTH="14" VPOS="373" HPOS="249"/>
							<String ID="string_51" HPOS="263" VPOS="373" WIDTH="8" HEIGHT="21" WC="0.96" CONTENT="i"/><SP WIDTH="16" VPOS="373" HPOS="271"/>
							<String ID="string_52" HPOS="287" VPOS="374" WIDTH="43" HEIGHT="21" WC="0.96" CONTENT="och"/><SP WIDTH="12" VPOS="374" HPOS="330"/>
							<String ID="string_53" HPOS="342" VPOS="373" WIDTH="37" HEIGHT="22" WC="0.96" CONTENT="för"/><SP WIDTH="13" VPOS="373" HPOS="379"/>
							<String ID="string_54" HPOS="392" VPOS="374" WIDTH="35" HEIGHT="27" WC="0.93" CONTENT="sig"/><SP WIDTH="12" VPOS="374" HPOS="427"/>
							<String ID="string_55" HPOS="439" VPOS="375" WIDTH="87" HEIGHT="26" WC="0.91" CONTENT="egnadt"/><SP WIDTH="13" VPOS="375" HPOS="526"/>
							<String ID="string_56" HPOS="539" VPOS="376" WIDTH="34" HEIGHT="19" WC="0.93" CONTENT="att"/><SP WIDTH="12" VPOS="376" HPOS="573"/>
							<String ID="string_57" HPOS="585" VPOS="374" WIDTH="126" HEIGHT="21" WC="0.92" CONTENT="förminska"/><SP WIDTH="13" VPOS="374" HPOS="711"/>
							<String ID="string_58" HPOS="724" VPOS="374" WIDTH="148" HEIGHT="28" WC="0.91" CONTENT="borgenärer-"/>
						</TextLine>
						<TextLine ID="line_7" HPOS="121" VPOS="407" WIDTH="753" HEIGHT="30">
							<String ID="string_59" HPOS="121" VPOS="415" WIDTH="41" HEIGHT="14" WC="0.96" CONTENT="nas"/><SP WIDTH="16" VPOS="415" HPOS="162"/>
							<String ID="string_60" HPOS="178" VPOS="409" WIDTH="52" HEIGHT="26" WC="0.96" CONTENT="rätt,"/><SP WIDTH="9" VPOS="409" HPOS="230"/>
							<String ID="string_61" HPOS="239" VPOS="409" WIDTH="58" HEIGHT="20" WC="0.93" CONTENT="utan"/><SP WIDTH="15" VPOS="409" HPOS="297"/>
							<String ID="string_62" HPOS="312" VPOS="408" WIDTH="90" HEIGHT="21" WC="0.92" CONTENT="stärker"/><SP WIDTH="15" VPOS="408" HPOS="402"/>
							<String ID="string_63" HPOS="417" VPOS="409" WIDTH="100" HEIGHT="21" WC="0.92" CONTENT="tvärtom"/><SP WIDTH="16" VPOS="409" HPOS="517"/>
							<String ID="string_64" HPOS="533" VPOS="408" WIDTH="82" HEIGHT="27" WC="0.96" CONTENT="denna,"/><SP WIDTH="17" VPOS="408" HPOS="615"/>
							<String ID="string_65" HPOS="632" VPOS="408" WIDTH="28" HEIGHT="21" WC="0.96" CONTENT="dä"/><SP WIDTH="12" VPOS="408" HPOS="660"/>
							<String ID="string_66" HPOS="672" VPOS="407" WIDTH="27" HEIGHT="29" WC="0.96" CONTENT="ju"/><SP WIDTH="15" VPOS="407" HPOS="699"/>
							<String ID="string_67" HPOS="714" VPOS="410" WIDTH="55" HEIGHT="27" WC="0.93" CONTENT="nytt"/><SP WIDTH="16" VPOS="410" HPOS="769"/>
							<String ID="string_68" HPOS="785" VPOS="408" WIDTH="89" HEIGHT="29" WC="0.91" CONTENT="kapital"/>
						</TextLine>
						<TextLine ID="line_8" HPOS="121" VPOS="442" WIDTH="751" HEIGHT="28">
							<String ID="string_69" HPOS="121" VPOS="442" WIDTH="133" HEIGHT="28" WC="0.88" CONTENT="derigenom"/><SP WIDTH="21" VPOS="442" HPOS="254"/>
							<String ID="string_70" HPOS="275" VPOS="442" WIDTH="97" HEIGHT="21" WC="0.88" CONTENT="tillföres"/><SP WIDTH="16" VPOS="442" HPOS="372"/>
							<String ID="string_71" HPOS="388" VPOS="442" WIDTH="121" HEIGHT="27" WC="0.92" CONTENT="företaget."/><SP WIDTH="31" VPOS="442" HPOS="509"/>
							<String ID="string_72" HPOS="540" VPOS="443" WIDTH="44" HEIGHT="20" WC="0.92" CONTENT="Väl"/><SP WIDTH="17" VPOS="443" HPOS="584"/>
							<String ID="string_73" HPOS="601" VPOS="443" WIDTH="40" HEIGHT="21" WC="0.96" CONTENT="bör"/><SP WIDTH="14" VPOS="443" HPOS="641"/>
							<String ID="string_74" HPOS="655" VPOS="442" WIDTH="49" HEIGHT="21" WC="0.93" CONTENT="före"/><SP WIDTH="16" VPOS="442" HPOS="704"/>
							<String ID="string_75" HPOS="720" VPOS="443" WIDTH="152" HEIGHT="21" WC="0.92" CONTENT="kommandit-"/>
						</TextLine>
						<TextLine ID="line_9" HPOS="121" VPOS="476" WIDTH="752" HEIGHT="29">
							<String ID="string_76" HPOS="121" VPOS="476" WIDTH="103" HEIGHT="29" WC="0.91" CONTENT="bolagets"/><SP WIDTH="22" VPOS="476" HPOS="224"/>
							<String ID="string_77" HPOS="246" VPOS="476" WIDTH="142" HEIGHT="29" WC="0.89" CONTENT="inskrifning"/><SP WIDTH="16" VPOS="476" HPOS="388"/>
							<String ID="string_78" HPOS="404" VPOS="477" WIDTH="51" HEIGHT="20" WC="0.92" CONTENT="icke"/><SP WIDTH="19" VPOS="477" HPOS="455"/>
							<String ID="string_79" HPOS="474" VPOS="484" WIDTH="28" HEIGHT="14" WC="0.96" CONTENT="en"/><SP WIDTH="20" VPOS="484" HPOS="502"/>
							<String ID="string_80" HPOS="522" VPOS="477" WIDTH="66" HEIGHT="21" WC="0.93" CONTENT="firma"/><SP WIDTH="15" VPOS="477" HPOS="588"/>
							<String ID="string_81" HPOS="603" VPOS="477" WIDTH="124" HEIGHT="28" WC="0.92" CONTENT="begagnas,"/><SP WIDTH="16" VPOS="477" HPOS="727"/>
							<String ID="string_82" HPOS="743" VPOS="483" WIDTH="48" HEIGHT="15" WC="0.93" CONTENT="som"/><SP WIDTH="15" VPOS="483" HPOS="791"/>
							<String ID="string_83" HPOS="806" VPOS="479" WIDTH="67" HEIGHT="26" WC="0.90" CONTENT="anty-"/>
						</TextLine>
						<TextLine ID="line_10" HPOS="121" VPOS="511" WIDTH="752" HEIGHT="28">
							<String ID="string_84" HPOS="121" VPOS="511" WIDTH="41" HEIGHT="21" WC="0.89" CONTENT="der"/><SP WIDTH="21" VPOS="511" HPOS="162"/>
							<String ID="string_85" HPOS="183" VPOS="511" WIDTH="390" HEIGHT="28" WC="0.89" CONTENT="kommanditbolagsförhällandet."/><SP WIDTH="30" VPOS="511" HPOS="573"/>
							<String ID="string_86" HPOS="603" VPOS="511" WIDTH="54" HEIGHT="22" WC="0.96" CONTENT="Men"/><SP WIDTH="23" VPOS="511" HPOS="657"/>
							<String ID="string_87" HPOS="680" VPOS="511" WIDTH="29" HEIGHT="22" WC="0.96" CONTENT="dä"/><SP WIDTH="24" VPOS="511" HPOS="709"/>
							<String ID="string_88" HPOS="733" VPOS="513" WIDTH="34" HEIGHT="20" WC="0.93" CONTENT="ett"/><SP WIDTH="24" VPOS="513" HPOS="767"/>
							<String ID="string_89" HPOS="791" VPOS="511" WIDTH="82" HEIGHT="22" WC="0.89" CONTENT="sädant"/>
						</TextLine>
						<TextLine ID="line_11" HPOS="120" VPOS="545" WIDTH="752" HEIGHT="29">
							<String ID="string_90" HPOS="120" VPOS="545" WIDTH="139" HEIGHT="28" WC="0.92" CONTENT="förfarande,"/><SP WIDTH="24" VPOS="545" HPOS="259"/>
							<String ID="string_91" HPOS="283" VPOS="546" WIDTH="75" HEIGHT="21" WC="0.92" CONTENT="säsom"/><SP WIDTH="24" VPOS="546" HPOS="358"/>
							<String ID="string_92" HPOS="382" VPOS="545" WIDTH="162" HEIGHT="22" WC="0.92" CONTENT="innefattande"/><SP WIDTH="23" VPOS="545" HPOS="544"/>
							<String ID="string_93" HPOS="567" VPOS="545" WIDTH="143" HEIGHT="29" WC="0.91" CONTENT="päbörjande"/><SP WIDTH="20" VPOS="545" HPOS="710"/>
							<String ID="string_94" HPOS="730" VPOS="545" WIDTH="26" HEIGHT="21" WC="0.93" CONTENT="af"/><SP WIDTH="12" VPOS="545" HPOS="756"/>
							<String ID="string_95" HPOS="768" VPOS="545" WIDTH="104" HEIGHT="28" WC="0.92" CONTENT="bolagets"/>
						</TextLine>
						<TextLine ID="line_12" HPOS="120" VPOS="579" WIDTH="752" HEIGHT="29">
							<String ID="string_96" HPOS="120" VPOS="579" WIDTH="149" HEIGHT="22" WC="0.96" CONTENT="verksamhet"/><SP WIDTH="14" VPOS="579" HPOS="269"/>
							<String ID="string_97" HPOS="283" VPOS="582" WIDTH="57" HEIGHT="19" WC="0.93" CONTENT="utan"/><SP WIDTH="15" VPOS="582" HPOS="340"/>
							<String ID="string_98" HPOS="355" VPOS="579" WIDTH="140" HEIGHT="28" WC="0.92" CONTENT="föregäende"/><SP WIDTH="15" VPOS="579" HPOS="495"/>
							<String ID="string_99" HPOS="510" VPOS="579" WIDTH="279" HEIGHT="29" WC="0.91" CONTENT="registreringsanmälan,"/><SP WIDTH="9" VPOS="579" HPOS="789"/>
							<String ID="string_100" HPOS="798" VPOS="579" WIDTH="74" HEIGHT="22" WC="0.97" CONTENT="skulle"/>
						</TextLine>
						<TextLine ID="line_13" HPOS="121" VPOS="613" WIDTH="752" HEIGHT="30">
							<String ID="string_101" HPOS="121" VPOS="614" WIDTH="86" HEIGHT="28" WC="0.73" CONTENT="ädraga"/><SP WIDTH="12" VPOS="614" HPOS="207"/>
							<String ID="string_102" HPOS="219" VPOS="613" WIDTH="95" HEIGHT="29" WC="0.96" CONTENT="bolaget"/><SP WIDTH="8" VPOS="613" HPOS="314"/>
							<String ID="string_103" HPOS="322" VPOS="621" WIDTH="84" HEIGHT="14" WC="0.96" CONTENT="ansvar"/><SP WIDTH="8" VPOS="621" HPOS="406"/>
							<String ID="string_104" HPOS="414" VPOS="613" WIDTH="74" HEIGHT="29" WC="0.96" CONTENT="enligt"/><SP WIDTH="10" VPOS="613" HPOS="488"/>
							<String ID="string_105" HPOS="498" VPOS="615" WIDTH="25" HEIGHT="20" WC="0.96" CONTENT="18"/><SP WIDTH="10" VPOS="615" HPOS="523"/>
							<String ID="string_106" HPOS="533" VPOS="615" WIDTH="44" HEIGHT="26" WC="0.96" CONTENT="(22)"/><SP WIDTH="9" VPOS="615" HPOS="577"/>
							<String ID="string_107" HPOS="586" VPOS="616" WIDTH="20" HEIGHT="25" WC="0.58" CONTENT="8,"/><SP WIDTH="9" VPOS="616" HPOS="606"/>
							<String ID="string_108" HPOS="615" VPOS="621" WIDTH="69" HEIGHT="21" WC="0.96" CONTENT="synes"/><SP WIDTH="9" VPOS="621" HPOS="684"/>
							<String ID="string_109" HPOS="693" VPOS="614" WIDTH="64" HEIGHT="21" WC="0.93" CONTENT="detta"/><SP WIDTH="8" VPOS="614" HPOS="757"/>
							<String ID="string_110" HPOS="765" VPOS="613" WIDTH="108" HEIGHT="30" WC="0.92" CONTENT="äfventyr"/>
						</TextLine>
						<TextLine ID="line_14" HPOS="120" VPOS="647" WIDTH="752" HEIGHT="30">
							<String ID="string_111" HPOS="120" VPOS="655" WIDTH="56" HEIGHT="15" WC="0.96" CONTENT="vara"/><SP WIDTH="15" VPOS="655" HPOS="176"/>
							<String ID="string_112" HPOS="191" VPOS="648" WIDTH="139" HEIGHT="28" WC="0.87" CONTENT="tillräckligt"/><SP WIDTH="15" VPOS="648" HPOS="330"/>
							<String ID="string_113" HPOS="345" VPOS="647" WIDTH="36" HEIGHT="22" WC="0.96" CONTENT="för"/><SP WIDTH="12" VPOS="647" HPOS="381"/>
							<String ID="string_114" HPOS="393" VPOS="650" WIDTH="34" HEIGHT="19" WC="0.93" CONTENT="att"/><SP WIDTH="11" VPOS="650" HPOS="427"/>
							<String ID="string_115" HPOS="438" VPOS="648" WIDTH="141" HEIGHT="29" WC="0.93" CONTENT="framtvinga"/><SP WIDTH="12" VPOS="648" HPOS="579"/>
							<String ID="string_116" HPOS="591" VPOS="648" WIDTH="281" HEIGHT="28" WC="0.92" CONTENT="anmälningsskyldighe-"/>
						</TextLine>
						<TextLine ID="line_15" HPOS="121" VPOS="681" WIDTH="751" HEIGHT="29">
							<String ID="string_117" HPOS="121" VPOS="685" WIDTH="46" HEIGHT="19" WC="0.95" CONTENT="ten."/><SP WIDTH="31" VPOS="685" HPOS="167"/>
							<String ID="string_118" HPOS="198" VPOS="683" WIDTH="51" HEIGHT="20" WC="0.96" CONTENT="Den"/><SP WIDTH="22" VPOS="683" HPOS="249"/>
							<String ID="string_119" HPOS="271" VPOS="682" WIDTH="9" HEIGHT="21" WC="0.93" CONTENT="i"/><SP WIDTH="21" VPOS="682" HPOS="280"/>
							<String ID="string_120" HPOS="301" VPOS="683" WIDTH="73" HEIGHT="27" WC="0.95" CONTENT="några"/><SP WIDTH="22" VPOS="683" HPOS="374"/>
							<String ID="string_121" HPOS="396" VPOS="681" WIDTH="72" HEIGHT="22" WC="0.96" CONTENT="andra"/><SP WIDTH="23" VPOS="681" HPOS="468"/>
							<String ID="string_122" HPOS="491" VPOS="682" WIDTH="66" HEIGHT="28" WC="0.93" CONTENT="lagar"/><SP WIDTH="14" VPOS="682" HPOS="557"/>
							<String ID="string_123" HPOS="571" VPOS="681" WIDTH="188" HEIGHT="23" WC="0.93" CONTENT="förekommande"/><SP WIDTH="15" VPOS="681" HPOS="759"/>
							<String ID="string_124" HPOS="774" VPOS="682" WIDTH="98" HEIGHT="21" WC="0.79" CONTENT="bestäm-"/>
						</TextLine>
						<TextLine ID="line_16" HPOS="121" VPOS="716" WIDTH="750" HEIGHT="30">
							<String ID="string_125" HPOS="121" VPOS="717" WIDTH="94" HEIGHT="29" WC="0.92" CONTENT="ningen,"/><SP WIDTH="17" VPOS="717" HPOS="215"/>
							<String ID="string_126" HPOS="232" VPOS="719" WIDTH="34" HEIGHT="19" WC="0.92" CONTENT="att"/><SP WIDTH="17" VPOS="719" HPOS="266"/>
							<String ID="string_127" HPOS="283" VPOS="716" WIDTH="78" HEIGHT="29" WC="0.92" CONTENT="hvarje"/><SP WIDTH="16" VPOS="716" HPOS="361"/>
							<String ID="string_128" HPOS="377" VPOS="716" WIDTH="170" HEIGHT="22" WC="0.92" CONTENT="kommanditär"/><SP WIDTH="16" VPOS="716" HPOS="547"/>
							<String ID="string_129" HPOS="563" VPOS="717" WIDTH="59" HEIGHT="21" WC="0.96" CONTENT="skall"/><SP WIDTH="16" VPOS="717" HPOS="622"/>
							<String ID="string_130" HPOS="638" VPOS="717" WIDTH="49" HEIGHT="21" WC="0.93" CONTENT="före"/><SP WIDTH="12" VPOS="717" HPOS="687"/>
							<String ID="string_131" HPOS="699" VPOS="717" WIDTH="172" HEIGHT="28" WC="0.92" CONTENT="inskrifningen"/>
						</TextLine>
						<TextLine ID="line_17" HPOS="121" VPOS="751" WIDTH="751" HEIGHT="30">
							<String ID="string_132" HPOS="121" VPOS="751" WIDTH="148" HEIGHT="30" WC="0.92" CONTENT="personligen"/><SP WIDTH="17" VPOS="751" HPOS="269"/>
							<String ID="string_133" HPOS="286" VPOS="759" WIDTH="98" HEIGHT="14" WC="0.93" CONTENT="ansvara"/><SP WIDTH="15" VPOS="759" HPOS="384"/>
							<String ID="string_134" HPOS="399" VPOS="751" WIDTH="37" HEIGHT="21" WC="0.93" CONTENT="för"/><SP WIDTH="14" VPOS="751" HPOS="436"/>
							<String ID="string_135" HPOS="450" VPOS="751" WIDTH="106" HEIGHT="28" WC="0.92" CONTENT="bolagets"/><SP WIDTH="16" VPOS="751" HPOS="556"/>
							<String ID="string_136" HPOS="572" VPOS="751" WIDTH="73" HEIGHT="22" WC="0.96" CONTENT="under"/><SP WIDTH="15" VPOS="751" HPOS="645"/>
							<String ID="string_137" HPOS="660" VPOS="751" WIDTH="65" HEIGHT="21" WC="0.93" CONTENT="tiden"/><SP WIDTH="15" VPOS="751" HPOS="725"/>
							<String ID="string_138" HPOS="740" VPOS="751" WIDTH="132" HEIGHT="28" WC="0.92" CONTENT="uppkomna"/>
						</TextLine>
						<TextLine ID="line_18" HPOS="120" VPOS="785" WIDTH="752" HEIGHT="28">
							<String ID="string_139" HPOS="120" VPOS="785" WIDTH="161" HEIGHT="28" WC="0.95" CONTENT="förbindelser,"/><SP WIDTH="12" VPOS="785" HPOS="281"/>
							<String ID="string_140" HPOS="293" VPOS="786" WIDTH="41" HEIGHT="21" WC="0.96" CONTENT="bar"/><SP WIDTH="14" VPOS="786" HPOS="334"/>
							<String ID="string_141" HPOS="348" VPOS="785" WIDTH="123" HEIGHT="22" WC="0.96" CONTENT="Utskottet"/><SP WIDTH="11" VPOS="785" HPOS="471"/>
							<String ID="string_142" HPOS="482" VPOS="785" WIDTH="41" HEIGHT="22" WC="0.93" CONTENT="vid"/><SP WIDTH="12" VPOS="785" HPOS="523"/>
							<String ID="string_143" HPOS="535" VPOS="785" WIDTH="93" HEIGHT="22" WC="0.92" CONTENT="anfördt"/><SP WIDTH="11" VPOS="785" HPOS="628"/>
							<String ID="string_144" HPOS="639" VPOS="785" WIDTH="145" HEIGHT="22" WC="0.96" CONTENT="förhållande"/><SP WIDTH="13" VPOS="785" HPOS="784"/>
							<String ID="string_145" HPOS="797" VPOS="788" WIDTH="75" HEIGHT="19" WC="0.96" CONTENT="ansett"/>
						</TextLine>
						<TextLine ID="line_19" HPOS="120" VPOS="819" WIDTH="750" HEIGHT="30">
							<String ID="string_146" HPOS="120" VPOS="820" WIDTH="145" HEIGHT="29" WC="0.91" CONTENT="öfverflödig,"/><SP WIDTH="9" VPOS="820" HPOS="265"/>
							<String ID="string_147" HPOS="274" VPOS="823" WIDTH="63" HEIGHT="18" WC="0.96" CONTENT="utom"/><SP WIDTH="17" VPOS="823" HPOS="337"/>
							<String ID="string_148" HPOS="354" VPOS="822" WIDTH="34" HEIGHT="19" WC="0.96" CONTENT="att"/><SP WIDTH="16" VPOS="822" HPOS="388"/>
							<String ID="string_149" HPOS="404" VPOS="819" WIDTH="133" HEIGHT="22" WC="0.95" CONTENT="densamma"/><SP WIDTH="14" VPOS="819" HPOS="537"/>
							<String ID="string_150" HPOS="551" VPOS="827" WIDTH="68" HEIGHT="22" WC="0.96" CONTENT="synes"/><SP WIDTH="17" VPOS="827" HPOS="619"/>
							<String ID="string_151" HPOS="636" VPOS="820" WIDTH="118" HEIGHT="28" WC="0.96" CONTENT="olämplig,"/><SP WIDTH="9" VPOS="820" HPOS="754"/>
							<String ID="string_152" HPOS="763" VPOS="820" WIDTH="30" HEIGHT="21" WC="0.93" CONTENT="då"/><SP WIDTH="14" VPOS="820" HPOS="793"/>
							<String ID="string_153" HPOS="807" VPOS="820" WIDTH="63" HEIGHT="21" WC="0.93" CONTENT="kom-"/>
						</TextLine>
						<TextLine ID="line_20" HPOS="120" VPOS="854" WIDTH="750" HEIGHT="29">
							<String ID="string_154" HPOS="120" VPOS="855" WIDTH="145" HEIGHT="22" WC="0.91" CONTENT="manditären"/><SP WIDTH="23" VPOS="855" HPOS="265"/>
							<String ID="string_155" HPOS="288" VPOS="858" WIDTH="25" HEIGHT="18" WC="0.95" CONTENT="är"/><SP WIDTH="21" VPOS="858" HPOS="313"/>
							<String ID="string_156" HPOS="334" VPOS="855" WIDTH="116" HEIGHT="21" WC="0.95" CONTENT="utesluten"/><SP WIDTH="24" VPOS="855" HPOS="450"/>
							<String ID="string_157" HPOS="474" VPOS="854" WIDTH="51" HEIGHT="22" WC="0.96" CONTENT="från"/><SP WIDTH="24" VPOS="854" HPOS="525"/>
							<String ID="string_158" HPOS="549" VPOS="855" WIDTH="30" HEIGHT="21" WC="0.94" CONTENT="all"/><SP WIDTH="21" VPOS="855" HPOS="579"/>
							<String ID="string_159" HPOS="600" VPOS="855" WIDTH="131" HEIGHT="28" WC="0.96" CONTENT="befattning"/><SP WIDTH="16" VPOS="855" HPOS="731"/>
							<String ID="string_160" HPOS="747" VPOS="854" WIDTH="52" HEIGHT="21" WC="0.93" CONTENT="med"/><SP WIDTH="17" VPOS="854" HPOS="799"/>
							<String ID="string_161" HPOS="816" VPOS="854" WIDTH="54" HEIGHT="22" WC="0.92" CONTENT="affä-"/>
						</TextLine>
						<TextLine ID="line_21" HPOS="119" VPOS="889" WIDTH="161" HEIGHT="22">
							<String ID="string_162" HPOS="119" VPOS="897" WIDTH="53" HEIGHT="14" WC="0.96" CONTENT="rens"/><SP WIDTH="15" VPOS="897" HPOS="172"/>
							<String ID="string_163" HPOS="187" VPOS="889" WIDTH="93" HEIGHT="22" WC="0.94" CONTENT="skötsel."/>
						</TextLine>
					</TextBlock>
					<TextBlock ID="block_2" HPOS="118" VPOS="923" WIDTH="753" HEIGHT="194">
						<TextLine ID="line_22" HPOS="188" VPOS="923" WIDTH="682" HEIGHT="28">
							<String ID="string_164" HPOS="188" VPOS="924" WIDTH="61" HEIGHT="21" WC="0.96" CONTENT="Från"/><SP WIDTH="21" VPOS="924" HPOS="249"/>
							<String ID="string_165" HPOS="270" VPOS="924" WIDTH="56" HEIGHT="21" WC="0.95" CONTENT="sista"/><SP WIDTH="15" VPOS="924" HPOS="326"/>
							<String ID="string_166" HPOS="341" VPOS="923" WIDTH="93" HEIGHT="28" WC="0.96" CONTENT="stycket"/><SP WIDTH="14" VPOS="923" HPOS="434"/>
							<String ID="string_167" HPOS="448" VPOS="923" WIDTH="8" HEIGHT="21" WC="0.96" CONTENT="i"/><SP WIDTH="18" VPOS="923" HPOS="456"/>
							<String ID="string_168" HPOS="474" VPOS="924" WIDTH="25" HEIGHT="21" WC="0.95" CONTENT="15"/><SP WIDTH="16" VPOS="924" HPOS="499"/>
							<String ID="string_169" HPOS="515" VPOS="925" WIDTH="44" HEIGHT="26" WC="0.95" CONTENT="(17)"/><SP WIDTH="16" VPOS="925" HPOS="559"/>
							<String ID="string_170" HPOS="575" VPOS="925" WIDTH="13" HEIGHT="26" WC="0.87" CONTENT="8"/><SP WIDTH="15" VPOS="925" HPOS="588"/>
							<String ID="string_171" HPOS="603" VPOS="923" WIDTH="43" HEIGHT="21" WC="0.96" CONTENT="har"/><SP WIDTH="14" VPOS="923" HPOS="646"/>
							<String ID="string_172" HPOS="660" VPOS="923" WIDTH="121" HEIGHT="28" WC="0.93" CONTENT="uttrycket"/><SP WIDTH="15" VPOS="923" HPOS="781"/>
							<String ID="string_173" HPOS="796" VPOS="923" WIDTH="19" HEIGHT="28" WC="0.91" CONTENT=",i"/><SP WIDTH="15" VPOS="923" HPOS="815"/>
							<String ID="string_174" HPOS="830" VPOS="923" WIDTH="40" HEIGHT="21" WC="0.96" CONTENT="två"/>
						</TextLine>
						<TextLine ID="line_23" HPOS="119" VPOS="957" WIDTH="751" HEIGHT="30">
							<String ID="string_175" HPOS="119" VPOS="958" WIDTH="129" HEIGHT="29" WC="0.91" CONTENT="exemplar&quot;"/><SP WIDTH="24" VPOS="958" HPOS="248"/>
							<String ID="string_176" HPOS="272" VPOS="957" WIDTH="146" HEIGHT="28" WC="0.91" CONTENT="utelemnats,"/><SP WIDTH="23" VPOS="957" HPOS="418"/>
							<String ID="string_177" HPOS="441" VPOS="957" WIDTH="27" HEIGHT="22" WC="0.96" CONTENT="af"/><SP WIDTH="19" VPOS="957" HPOS="468"/>
							<String ID="string_178" HPOS="487" VPOS="958" WIDTH="67" HEIGHT="21" WC="0.96" CONTENT="orsak"/><SP WIDTH="23" VPOS="958" HPOS="554"/>
							<String ID="string_179" HPOS="577" VPOS="959" WIDTH="35" HEIGHT="20" WC="0.96" CONTENT="att"/><SP WIDTH="18" VPOS="959" HPOS="612"/>
							<String ID="string_180" HPOS="630" VPOS="957" WIDTH="128" HEIGHT="28" WC="0.96" CONTENT="stadgande"/><SP WIDTH="15" VPOS="957" HPOS="758"/>
							<String ID="string_181" HPOS="773" VPOS="957" WIDTH="97" HEIGHT="21" WC="0.96" CONTENT="rörande"/>
						</TextLine>
						<TextLine ID="line_24" HPOS="119" VPOS="991" WIDTH="752" HEIGHT="30">
							<String ID="string_182" HPOS="119" VPOS="991" WIDTH="210" HEIGHT="30" WC="0.92" CONTENT="duplettexemplar"/><SP WIDTH="19" VPOS="991" HPOS="329"/>
							<String ID="string_183" HPOS="348" VPOS="991" WIDTH="154" HEIGHT="22" WC="0.96" CONTENT="förekommer"/><SP WIDTH="15" VPOS="991" HPOS="502"/>
							<String ID="string_184" HPOS="517" VPOS="992" WIDTH="71" HEIGHT="21" WC="0.96" CONTENT="redan"/><SP WIDTH="16" VPOS="992" HPOS="588"/>
							<String ID="string_185" HPOS="604" VPOS="993" WIDTH="8" HEIGHT="20" WC="0.96" CONTENT="i"/><SP WIDTH="16" VPOS="993" HPOS="612"/>
							<String ID="string_186" HPOS="628" VPOS="993" WIDTH="12" HEIGHT="21" WC="0.93" CONTENT="2"/><SP WIDTH="16" VPOS="993" HPOS="640"/>
							<String ID="string_187" HPOS="656" VPOS="993" WIDTH="20" HEIGHT="26" WC="0.91" CONTENT="$,"/><SP WIDTH="16" VPOS="993" HPOS="676"/>
							<String ID="string_188" HPOS="692" VPOS="991" WIDTH="129" HEIGHT="29" WC="0.91" CONTENT="hvarjemte"/><SP WIDTH="16" VPOS="991" HPOS="821"/>
							<String ID="string_189" HPOS="837" VPOS="994" WIDTH="34" HEIGHT="19" WC="0.96" CONTENT="ett"/>
						</TextLine>
						<TextLine ID="line_25" HPOS="118" VPOS="1026" WIDTH="752" HEIGHT="29">
							<String ID="string_190" HPOS="118" VPOS="1022" WIDTH="85" HEIGHT="37" WC="0.0" CONTENT="tillägg"/><SP WIDTH="10" VPOS="1022" HPOS="203"/>
							<String ID="string_191" HPOS="213" VPOS="1027" WIDTH="163" HEIGHT="27" WC="0.0" CONTENT="innehållande"/><SP WIDTH="18" VPOS="1027" HPOS="376"/>
							<String ID="string_192" HPOS="394" VPOS="1026" WIDTH="141" HEIGHT="29" WC="0.95" CONTENT="hänvisning"/><SP WIDTH="19" VPOS="1026" HPOS="535"/>
							<String ID="string_193" HPOS="554" VPOS="1027" WIDTH="37" HEIGHT="21" WC="0.93" CONTENT="till"/><SP WIDTH="19" VPOS="1027" HPOS="591"/>
							<String ID="string_194" HPOS="610" VPOS="1026" WIDTH="143" HEIGHT="28" WC="0.92" CONTENT="aktielagens"/><SP WIDTH="21" VPOS="1026" HPOS="753"/>
							<String ID="string_195" HPOS="774" VPOS="1027" WIDTH="96" HEIGHT="21" WC="0.92" CONTENT="bestäm-"/>
						</TextLine>
						<TextLine ID="line_26" HPOS="119" VPOS="1061" WIDTH="751" HEIGHT="29">
							<String ID="string_196" HPOS="119" VPOS="1062" WIDTH="84" HEIGHT="28" WC="0.96" CONTENT="ningar"/><SP WIDTH="19" VPOS="1062" HPOS="203"/>
							<String ID="string_197" HPOS="222" VPOS="1068" WIDTH="37" HEIGHT="15" WC="0.93" CONTENT="om"/><SP WIDTH="20" VPOS="1068" HPOS="259"/>
							<String ID="string_198" HPOS="279" VPOS="1061" WIDTH="154" HEIGHT="29" WC="0.91" CONTENT="affattningen"/><SP WIDTH="19" VPOS="1061" HPOS="433"/>
							<String ID="string_199" HPOS="452" VPOS="1061" WIDTH="26" HEIGHT="21" WC="0.93" CONTENT="af"/><SP WIDTH="13" VPOS="1061" HPOS="478"/>
							<String ID="string_200" HPOS="491" VPOS="1061" WIDTH="145" HEIGHT="28" WC="0.91" CONTENT="aktiebolags"/><SP WIDTH="16" VPOS="1061" HPOS="636"/>
							<String ID="string_201" HPOS="652" VPOS="1061" WIDTH="114" HEIGHT="27" WC="0.95" CONTENT="anmälan,"/><SP WIDTH="17" VPOS="1061" HPOS="766"/>
							<String ID="string_202" HPOS="783" VPOS="1062" WIDTH="87" HEIGHT="20" WC="0.96" CONTENT="ansetts"/>
						</TextLine>
						<TextLine ID="line_27" HPOS="119" VPOS="1096" WIDTH="237" HEIGHT="21">
							<String ID="string_203" HPOS="119" VPOS="1103" WIDTH="55" HEIGHT="14" WC="0.96" CONTENT="vara"/><SP WIDTH="16" VPOS="1103" HPOS="174"/>
							<String ID="string_204" HPOS="190" VPOS="1096" WIDTH="26" HEIGHT="21" WC="0.95" CONTENT="af"/><SP WIDTH="12" VPOS="1096" HPOS="216"/>
							<String ID="string_205" HPOS="228" VPOS="1096" WIDTH="84" HEIGHT="21" WC="0.93" CONTENT="nöden."/><SP WIDTH="16" VPOS="1096" HPOS="312"/>
							<String ID="string_206" HPOS="328" VPOS="1109" WIDTH="28" HEIGHT="3" WC="0.92" CONTENT="—"/>
						</TextLine>
					</TextBlock>
					<TextBlock ID="block_3" HPOS="118" VPOS="1129" WIDTH="753" HEIGHT="336">
						<TextLine ID="line_28" HPOS="187" VPOS="1129" WIDTH="683" HEIGHT="29">
							<String ID="string_207" HPOS="187" VPOS="1130" WIDTH="82" HEIGHT="21" WC="0.95" CONTENT="Ehuru"/><SP WIDTH="15" VPOS="1130" HPOS="269"/>
							<String ID="string_208" HPOS="284" VPOS="1130" WIDTH="122" HEIGHT="22" WC="0.96" CONTENT="Utskottet"/><SP WIDTH="14" VPOS="1130" HPOS="406"/>
							<String ID="string_209" HPOS="420" VPOS="1130" WIDTH="40" HEIGHT="20" WC="0.96" CONTENT="vid"/><SP WIDTH="16" VPOS="1130" HPOS="460"/>
							<String ID="string_210" HPOS="476" VPOS="1130" WIDTH="173" HEIGHT="28" WC="0.96" CONTENT="behandlingen"/><SP WIDTH="13" VPOS="1130" HPOS="649"/>
							<String ID="string_211" HPOS="662" VPOS="1130" WIDTH="23" HEIGHT="21" WC="0.96" CONTENT="af"/><SP WIDTH="11" VPOS="1130" HPOS="685"/>
							<String ID="string_212" HPOS="696" VPOS="1129" WIDTH="174" HEIGHT="29" WC="0.96" CONTENT="propositionen"/>
						</TextLine>
						<TextLine ID="line_29" HPOS="119" VPOS="1163" WIDTH="751" HEIGHT="29">
							<String ID="string_213" HPOS="119" VPOS="1164" WIDTH="120" HEIGHT="28" WC="0.96" CONTENT="angående"/><SP WIDTH="22" VPOS="1164" HPOS="239"/>
							<String ID="string_214" HPOS="261" VPOS="1164" WIDTH="39" HEIGHT="28" WC="0.96" CONTENT="lag"/><SP WIDTH="22" VPOS="1164" HPOS="300"/>
							<String ID="string_215" HPOS="322" VPOS="1172" WIDTH="38" HEIGHT="14" WC="0.96" CONTENT="om"/><SP WIDTH="22" VPOS="1172" HPOS="360"/>
							<String ID="string_216" HPOS="382" VPOS="1164" WIDTH="135" HEIGHT="28" WC="0.96" CONTENT="aktiebolag"/><SP WIDTH="18" VPOS="1164" HPOS="517"/>
							<String ID="string_217" HPOS="535" VPOS="1166" WIDTH="76" HEIGHT="19" WC="0.96" CONTENT="ansett"/><SP WIDTH="19" VPOS="1166" HPOS="611"/>
							<String ID="string_218" HPOS="630" VPOS="1164" WIDTH="77" HEIGHT="28" WC="0.96" CONTENT="någon"/><SP WIDTH="19" VPOS="1164" HPOS="707"/>
							<String ID="string_219" HPOS="726" VPOS="1163" WIDTH="144" HEIGHT="29" WC="0.95" CONTENT="granskning"/>
						</TextLine>
						<TextLine ID="line_30" HPOS="119" VPOS="1197" WIDTH="751" HEIGHT="29">
							<String ID="string_220" HPOS="119" VPOS="1198" WIDTH="26" HEIGHT="22" WC="0.96" CONTENT="af"/><SP WIDTH="15" VPOS="1198" HPOS="145"/>
							<String ID="string_221" HPOS="160" VPOS="1198" WIDTH="132" HEIGHT="28" WC="0.96" CONTENT="tillgången"/><SP WIDTH="17" VPOS="1198" HPOS="292"/>
							<String ID="string_222" HPOS="309" VPOS="1198" WIDTH="41" HEIGHT="22" WC="0.96" CONTENT="vid"/><SP WIDTH="19" VPOS="1198" HPOS="350"/>
							<String ID="string_223" HPOS="369" VPOS="1198" WIDTH="77" HEIGHT="28" WC="0.96" CONTENT="dylikt"/><SP WIDTH="20" VPOS="1198" HPOS="446"/>
							<String ID="string_224" HPOS="466" VPOS="1198" WIDTH="80" HEIGHT="28" WC="0.96" CONTENT="bolags"/><SP WIDTH="15" VPOS="1198" HPOS="546"/>
							<String ID="string_225" HPOS="561" VPOS="1198" WIDTH="117" HEIGHT="27" WC="0.96" CONTENT="bildande,"/><SP WIDTH="16" VPOS="1198" HPOS="678"/>
							<String ID="string_226" HPOS="694" VPOS="1197" WIDTH="52" HEIGHT="22" WC="0.96" CONTENT="med"/><SP WIDTH="16" VPOS="1197" HPOS="746"/>
							<String ID="string_227" HPOS="762" VPOS="1198" WIDTH="108" HEIGHT="21" WC="0.95" CONTENT="afseende"/>
						</TextLine>
						<TextLine ID="line_31" HPOS="119" VPOS="1231" WIDTH="750" HEIGHT="29">
							<String ID="string_228" HPOS="119" VPOS="1232" WIDTH="110" HEIGHT="21" WC="0.93" CONTENT="särskildt"/><SP WIDTH="19" VPOS="1232" HPOS="229"/>
							<String ID="string_229" HPOS="248" VPOS="1232" WIDTH="55" HEIGHT="21" WC="0.92" CONTENT="derå"/><SP WIDTH="18" VPOS="1232" HPOS="303"/>
							<String ID="string_230" HPOS="321" VPOS="1234" WIDTH="35" HEIGHT="19" WC="0.93" CONTENT="att"/><SP WIDTH="19" VPOS="1234" HPOS="356"/>
							<String ID="string_231" HPOS="375" VPOS="1232" WIDTH="197" HEIGHT="28" WC="0.92" CONTENT="bolagsstyrelsen"/><SP WIDTH="16" VPOS="1232" HPOS="572"/>
							<String ID="string_232" HPOS="588" VPOS="1233" WIDTH="41" HEIGHT="21" WC="0.93" CONTENT="bör"/><SP WIDTH="15" VPOS="1233" HPOS="629"/>
							<String ID="string_233" HPOS="644" VPOS="1231" WIDTH="91" HEIGHT="29" WC="0.92" CONTENT="afgifva"/><SP WIDTH="15" VPOS="1231" HPOS="735"/>
							<String ID="string_234" HPOS="750" VPOS="1231" WIDTH="119" HEIGHT="22" WC="0.96" CONTENT="försäkran"/>
						</TextLine>
						<TextLine ID="line_32" HPOS="120" VPOS="1265" WIDTH="750" HEIGHT="29">
							<String ID="string_235" HPOS="120" VPOS="1273" WIDTH="36" HEIGHT="15" WC="0.95" CONTENT="om"/><SP WIDTH="23" VPOS="1273" HPOS="156"/>
							<String ID="string_236" HPOS="179" VPOS="1268" WIDTH="35" HEIGHT="19" WC="0.96" CONTENT="att"/><SP WIDTH="22" VPOS="1268" HPOS="214"/>
							<String ID="string_237" HPOS="236" VPOS="1266" WIDTH="94" HEIGHT="28" WC="0.96" CONTENT="bolaget"/><SP WIDTH="22" VPOS="1266" HPOS="330"/>
							<String ID="string_238" HPOS="352" VPOS="1269" WIDTH="25" HEIGHT="19" WC="0.96" CONTENT="är"/><SP WIDTH="22" VPOS="1269" HPOS="377"/>
							<String ID="string_239" HPOS="399" VPOS="1266" WIDTH="8" HEIGHT="21" WC="0.96" CONTENT="i"/><SP WIDTH="23" VPOS="1266" HPOS="407"/>
							<String ID="string_240" HPOS="430" VPOS="1265" WIDTH="97" HEIGHT="29" WC="0.96" CONTENT="behörig"/><SP WIDTH="18" VPOS="1265" HPOS="527"/>
							<String ID="string_241" HPOS="545" VPOS="1266" WIDTH="100" HEIGHT="28" WC="0.93" CONTENT="ordning"/><SP WIDTH="15" VPOS="1266" HPOS="645"/>
							<String ID="string_242" HPOS="660" VPOS="1266" WIDTH="143" HEIGHT="28" WC="0.90" CONTENT="upprättadt,"/><SP WIDTH="16" VPOS="1266" HPOS="803"/>
							<String ID="string_243" HPOS="819" VPOS="1265" WIDTH="51" HEIGHT="22" WC="0.96" CONTENT="icke"/>
						</TextLine>
						<TextLine ID="line_33" HPOS="119" VPOS="1300" WIDTH="752" HEIGHT="28">
							<String ID="string_244" HPOS="119" VPOS="1308" WIDTH="55" HEIGHT="14" WC="0.96" CONTENT="vara"/><SP WIDTH="16" VPOS="1308" HPOS="174"/>
							<String ID="string_245" HPOS="190" VPOS="1301" WIDTH="26" HEIGHT="21" WC="0.95" CONTENT="af"/><SP WIDTH="14" VPOS="1301" HPOS="216"/>
							<String ID="string_246" HPOS="230" VPOS="1300" WIDTH="83" HEIGHT="28" WC="0.96" CONTENT="nöden,"/><SP WIDTH="11" VPOS="1300" HPOS="313"/>
							<String ID="string_247" HPOS="324" VPOS="1300" WIDTH="42" HEIGHT="22" WC="0.96" CONTENT="har"/><SP WIDTH="15" VPOS="1300" HPOS="366"/>
							<String ID="string_248" HPOS="381" VPOS="1300" WIDTH="122" HEIGHT="22" WC="0.96" CONTENT="Utskottet"/><SP WIDTH="15" VPOS="1300" HPOS="503"/>
							<String ID="string_249" HPOS="518" VPOS="1300" WIDTH="59" HEIGHT="22" WC="0.96" CONTENT="dock"/><SP WIDTH="16" VPOS="1300" HPOS="577"/>
							<String ID="string_250" HPOS="593" VPOS="1302" WIDTH="57" HEIGHT="20" WC="0.96" CONTENT="trott"/><SP WIDTH="16" VPOS="1302" HPOS="650"/>
							<String ID="string_251" HPOS="666" VPOS="1300" WIDTH="38" HEIGHT="22" WC="0.96" CONTENT="det"/><SP WIDTH="16" VPOS="1300" HPOS="704"/>
							<String ID="string_252" HPOS="720" VPOS="1300" WIDTH="97" HEIGHT="28" WC="0.95" CONTENT="bidraga"/><SP WIDTH="16" VPOS="1300" HPOS="817"/>
							<String ID="string_253" HPOS="833" VPOS="1300" WIDTH="38" HEIGHT="22" WC="0.95" CONTENT="till"/>
						</TextLine>
						<TextLine ID="line_34" HPOS="119" VPOS="1334" WIDTH="751" HEIGHT="28">
							<String ID="string_254" HPOS="119" VPOS="1334" WIDTH="124" HEIGHT="22" WC="0.96" CONTENT="stärkande"/><SP WIDTH="24" VPOS="1334" HPOS="243"/>
							<String ID="string_255" HPOS="267" VPOS="1335" WIDTH="26" HEIGHT="21" WC="0.90" CONTENT="af"/><SP WIDTH="19" VPOS="1335" HPOS="293"/>
							<String ID="string_256" HPOS="312" VPOS="1334" WIDTH="169" HEIGHT="28" WC="0.90" CONTENT="aktiebolagets"/><SP WIDTH="19" VPOS="1334" HPOS="481"/>
							<String ID="string_257" HPOS="500" VPOS="1334" WIDTH="139" HEIGHT="28" WC="0.96" CONTENT="förtroende,"/><SP WIDTH="17" VPOS="1334" HPOS="639"/>
							<String ID="string_258" HPOS="656" VPOS="1342" WIDTH="36" HEIGHT="14" WC="0.96" CONTENT="om"/><SP WIDTH="20" VPOS="1342" HPOS="692"/>
							<String ID="string_259" HPOS="712" VPOS="1334" WIDTH="158" HEIGHT="22" WC="0.96" CONTENT="allmänheten"/>
						</TextLine>
						<TextLine ID="line_35" HPOS="119" VPOS="1368" WIDTH="751" HEIGHT="30">
							<String ID="string_260" HPOS="119" VPOS="1372" WIDTH="25" HEIGHT="18" WC="0.96" CONTENT="är"/><SP WIDTH="21" VPOS="1372" HPOS="144"/>
							<String ID="string_261" HPOS="165" VPOS="1370" WIDTH="9" HEIGHT="20" WC="0.96" CONTENT="i"/><SP WIDTH="22" VPOS="1370" HPOS="174"/>
							<String ID="string_262" HPOS="196" VPOS="1369" WIDTH="97" HEIGHT="22" WC="0.96" CONTENT="tillfälle"/><SP WIDTH="20" VPOS="1369" HPOS="293"/>
							<String ID="string_263" HPOS="313" VPOS="1371" WIDTH="35" HEIGHT="19" WC="0.95" CONTENT="att"/><SP WIDTH="14" VPOS="1371" HPOS="348"/>
							<String ID="string_264" HPOS="362" VPOS="1370" WIDTH="42" HEIGHT="20" WC="0.93" CONTENT="hos"/><SP WIDTH="15" VPOS="1370" HPOS="404"/>
							<String ID="string_265" HPOS="419" VPOS="1369" WIDTH="333" HEIGHT="29" WC="0.91" CONTENT="registreringsmyndigheten"/><SP WIDTH="15" VPOS="1369" HPOS="752"/>
							<String ID="string_266" HPOS="767" VPOS="1368" WIDTH="103" HEIGHT="22" WC="0.91" CONTENT="inhemta"/>
						</TextLine>
						<TextLine ID="line_36" HPOS="119" VPOS="1402" WIDTH="751" HEIGHT="29">
							<String ID="string_267" HPOS="119" VPOS="1403" WIDTH="131" HEIGHT="22" WC="0.96" CONTENT="kännedom"/><SP WIDTH="27" VPOS="1403" HPOS="250"/>
							<String ID="string_268" HPOS="277" VPOS="1411" WIDTH="37" HEIGHT="14" WC="0.92" CONTENT="om"/><SP WIDTH="22" VPOS="1411" HPOS="314"/>
							<String ID="string_269" HPOS="336" VPOS="1404" WIDTH="131" HEIGHT="27" WC="0.85" CONTENT="tfllgången"/><SP WIDTH="22" VPOS="1404" HPOS="467"/>
							<String ID="string_270" HPOS="489" VPOS="1403" WIDTH="39" HEIGHT="21" WC="0.96" CONTENT="vid"/><SP WIDTH="24" VPOS="1403" HPOS="528"/>
							<String ID="string_271" HPOS="552" VPOS="1404" WIDTH="105" HEIGHT="26" WC="0.96" CONTENT="bolagets"/><SP WIDTH="23" VPOS="1404" HPOS="657"/>
							<String ID="string_272" HPOS="680" VPOS="1402" WIDTH="117" HEIGHT="22" WC="0.93" CONTENT="bildande."/><SP WIDTH="31" VPOS="1402" HPOS="797"/>
							<String ID="string_273" HPOS="828" VPOS="1403" WIDTH="42" HEIGHT="21" WC="0.91" CONTENT="Ut-"/>
						</TextLine>
						<TextLine ID="line_37" HPOS="118" VPOS="1436" WIDTH="751" HEIGHT="29">
							<String ID="string_274" HPOS="118" VPOS="1438" WIDTH="88" HEIGHT="20" WC="0.96" CONTENT="skottet"/><SP WIDTH="19" VPOS="1438" HPOS="206"/>
							<String ID="string_275" HPOS="225" VPOS="1437" WIDTH="42" HEIGHT="21" WC="0.91" CONTENT="har"/><SP WIDTH="15" VPOS="1437" HPOS="267"/>
							<String ID="string_276" HPOS="282" VPOS="1437" WIDTH="62" HEIGHT="27" WC="0.91" CONTENT="förty"/><SP WIDTH="16" VPOS="1437" HPOS="344"/>
							<String ID="string_277" HPOS="360" VPOS="1437" WIDTH="37" HEIGHT="21" WC="0.96" CONTENT="till"/><SP WIDTH="16" VPOS="1437" HPOS="397"/>
							<String ID="string_278" HPOS="413" VPOS="1437" WIDTH="152" HEIGHT="21" WC="0.95" CONTENT="förevarande"/><SP WIDTH="15" VPOS="1437" HPOS="565"/>
							<String ID="string_279" HPOS="580" VPOS="1436" WIDTH="111" HEIGHT="29" WC="0.96" CONTENT="paragraf"/><SP WIDTH="13" VPOS="1436" HPOS="691"/>
							<String ID="string_280" HPOS="704" VPOS="1436" WIDTH="79" HEIGHT="28" WC="0.95" CONTENT="tillagt"/><SP WIDTH="14" VPOS="1436" HPOS="783"/>
							<String ID="string_281" HPOS="797" VPOS="1436" WIDTH="72" HEIGHT="21" WC="0.95" CONTENT="sådan"/>
						</TextLine>
					</TextBlock>
				</ComposedBlock>
				<ComposedBlock ID="cblock_2" HPOS="186" VPOS="1492" WIDTH="489" HEIGHT="23">
					<TextBlock ID="block_4" HPOS="186" VPOS="1492" WIDTH="489" HEIGHT="23">
						<TextLine ID="line_38" HPOS="186" VPOS="1492" WIDTH="489" HEIGHT="23">
							<String ID="string_282" HPOS="186" VPOS="1493" WIDTH="48" HEIGHT="22" WC="0.87" CONTENT="Lag-"/><SP WIDTH="13" VPOS="1493" HPOS="234"/>
							<String ID="string_283" HPOS="247" VPOS="1493" WIDTH="32" HEIGHT="17" WC="0.93" CONTENT="och"/><SP WIDTH="12" VPOS="1493" HPOS="279"/>
							<String ID="string_284" HPOS="291" VPOS="1493" WIDTH="184" HEIGHT="18" WC="0.91" CONTENT="Ekonomiutskottets"/><SP WIDTH="12" VPOS="1493" HPOS="475"/>
							<String ID="string_285" HPOS="487" VPOS="1493" WIDTH="110" HEIGHT="18" WC="0.95" CONTENT="betänkande"/><SP WIDTH="12" VPOS="1493" HPOS="597"/>
							<String ID="string_286" HPOS="609" VPOS="1492" WIDTH="37" HEIGHT="18" WC="0.90" CONTENT="N:o"/><SP WIDTH="12" VPOS="1492" HPOS="646"/>
							<String ID="string_287" HPOS="658" VPOS="1493" WIDTH="17" HEIGHT="17" WC="0.95" CONTENT="3."/>
						</TextLine>
					</TextBlock>
				</ComposedBlock>
			</PrintSpace>
		</Page>
	</Layout>
</alto>
