1123 1786
322 164 80 23 Ständ.
419 165 37 22 Sv.
472 178 24 3 —
511 165 72 28 Prop.
599 165 39 23 N:o
654 165 34 22 22.
822 167 26 21 19

398 231 49 21 Mål
469 239 32 14 om
520 232 87 26 intrång
626 233 9 20 i
647 233 119 26 patenträtt
780 232 48 21 eller
844 238 32 15 om

331 265 60 26 brott,
407 273 45 14 som
467 266 8 21 i
489 267 28 20 15
531 265 15 28 $
561 267 94 25 nämnes,
668 266 78 26 utföres
754 266 56 27 inför
820 266 56 21 dom-

330 300 41 20 stol
385 300 9 20 i
408 300 39 21 den
462 302 38 24 ort,
517 299 36 22 der
567 300 114 26 gerningen
696 300 58 21 skett.

572 364 30 19 18
616 361 22 28 $.

402 408 93 28 Uppstår
510 409 9 21 i
532 408 49 24 mål,
596 408 90 22 rörande
696 408 45 22 åtal
747 408 35 26 för
790 408 87 27 intrång

330 442 8 21 i
356 444 124 26 patenträtt,
498 442 64 28 fråga
580 450 33 14 om
632 444 31 20 att
674 444 75 26 patent
764 443 36 21 bör
815 449 62 15 anses

330 476 66 28 ogildt
410 477 47 21 eller
471 477 124 26 förverkadt,
610 477 36 21 och
661 478 25 20 är
701 477 18 27 ej
729 476 63 22 saken
802 479 75 25 genast

329 511 114 27 uppenbar,
460 510 104 28 förelägge
578 514 69 18 rätten
661 511 151 22 vederbörande
827 512 48 21 sak-

330 552 60 21 egare
414 546 31 21 tid
469 546 36 21 och
527 546 95 27 lämpligt
644 546 92 28 äfvertyr
756 548 30 20 att
807 546 70 21 derom

330 580 101 21 särskildt
445 580 70 26 utföra
531 581 59 21 talan
604 580 37 21 vid
655 580 95 27 domstol,
766 587 45 14 som
827 580 7 20 i
848 581 30 20 17

330 615 16 27 $
368 616 93 25 nämnes,
485 615 36 22 och
543 615 41 22 låte
606 615 47 21 med
672 615 75 21 åtalets
763 615 114 26 afgörande

330 649 112 22 emellertid
468 650 69 21 anstå.
569 649 106 22 Försittes
701 649 39 21 den
770 649 108 27 förelagda

332 683 61 26 tiden,
410 683 61 22 varde
486 683 63 22 målet
558 685 52 20 utan
624 683 95 27 afseende
730 685 12 20 å
750 683 126 22 invändnin-

329 724 40 21 gen
385 717 97 28 afgjordt.

572 755 28 19 19
614 751 22 28 $.

402 788 61 31 Öfver
494 793 122 22 underrätts
646 793 72 26 utslag,
744 793 134 27 hvarigenom

330 828 130 27 invändning
482 830 54 19 emot
558 828 126 21 domstolens
704 827 114 27 behörighet
837 827 41 27 för-

330 862 82 22 kastats
434 862 47 22 eller
501 863 98 26 yttrande
616 862 113 22 meddelats
743 863 9 20 i
765 862 63 27 fråga
844 869 33 14 om

330 896 49 26 flere
406 899 84 25 parters
519 896 160 28 instämmande,
709 904 35 20 ege
770 896 107 22 särskilda

331 931 73 21 besvär
419 932 18 26 &
451 938 53 15 rum.

570 978 32 20 20
616 977 22 27 $.

402 1023 35 22 Uti
458 1024 49 26 mål,
526 1031 45 14 som
584 1024 31 26 på
630 1023 70 27 grund
715 1023 27 27 af
753 1023 69 21 denna
836 1022 42 27 för-

332 1058 89 27 ordning
438 1059 36 21 vid
491 1058 90 22 domstol
594 1058 141 27 förekommer,
751 1064 35 20 ege
800 1058 77 24 rätten,

331 1092 36 22 der
391 1092 78 22 sådant
493 1092 68 27 finnes
584 1093 78 26 nödigt,
684 1092 91 22 inhemta
795 1094 82 24 patent-

331 1127 156 27 myndighetens
509 1128 119 26 utlåtande;
650 1126 84 23 tillkalle
756 1127 41 27 ock,
818 1126 8 21 i
840 1126 39 27 fall

332 1162 26 27 af
369 1162 64 28 behof,
449 1169 25 14 en
489 1162 48 22 eller
553 1162 35 22 två
603 1162 128 27 sakkunnige
741 1163 51 20 män
800 1162 33 26 för
842 1163 36 25 att,

331 1197 51 26 efter
406 1196 70 28 aflagd
497 1196 86 27 lämplig
605 1196 31 27 ed,
659 1196 130 27 tillhandagä
808 1197 71 20 rätten

331 1231 47 22 med
394 1231 161 28 upplysningar.
584 1231 30 28 Ej
628 1231 34 21 mä
678 1232 70 26 någon
763 1233 53 19 utan
831 1230 48 27 laga

331 1266 73 27 förfall
423 1267 66 26 vägra
511 1268 31 19 att
562 1266 119 27 uppdraget
698 1265 96 27 fullgöra.
827 1264 52 22 Sak-

331 1300 80 27 kunnig
429 1300 80 27 åtnjute
523 1300 33 27 för
570 1299 71 28 hvarje
655 1299 157 22 sammanträde
828 1299 51 27 efter

332 1335 126 21 domstolens
477 1334 155 22 bestämmande
647 1334 77 27 skäligt
735 1334 80 25 arvode,
833 1340 45 15 som

332 1369 103 22 utbetalas
449 1369 133 26 förskottsvis
598 1369 27 26 af
636 1369 105 21 allmänna
756 1367 76 26 medel;
843 1367 36 22 och

332 1403 66 21 utlåte
412 1404 33 25 sig
459 1405 70 19 rätten
543 1404 36 20 vid
593 1403 75 21 sakens
676 1403 114 26 afgörande
798 1409 32 14 om
840 1402 39 21 den

332 1437 80 21 kronan
435 1437 69 26 derför
524 1436 26 26 af
560 1436 152 21 vederbörande
726 1435 98 27 sakegare
840 1434 40 22 till-

332 1470 121 22 kommande
466 1470 135 28 godtgörelse.
