1123 1784
267 148 14 21 6
467 147 26 22 U.
509 148 27 21 B.

596 147 73 27 Prop.
685 148 40 21 N:o
740 147 35 21 21.

239 204 37 21 för
291 205 34 19 att
342 203 125 28 afgifterna
481 204 52 20 icke
549 204 80 20 ställas
646 204 25 20 sä
687 203 67 28 höga,
770 204 36 20 att
821 203 28 21 de
864 202 79 22 kunde
951 210 40 13 zan-

239 239 55 27 taga
309 237 139 21 karaktären
464 238 25 20 af
503 245 28 13 en
547 238 69 20 skatt.
640 237 47 21 Till
703 237 76 21 denna
793 237 133 21 Utskottets
935 243 56 21 upp-

240 271 105 29 fattning
360 271 73 22 finnes
449 272 24 21 så
488 272 93 28 mycket
596 274 73 19 större
686 271 55 28 skäl,
758 278 49 14 som
820 271 88 28 jemväl
923 271 8 21 i
944 270 47 28 gäl-

240 305 68 22 lande
325 306 187 28 varumärkeslag
528 306 111 28 afgiftens
653 306 83 28 belopp
755 309 24 17 är
788 306 122 26 bestämdt,
919 305 73 21 ehuru

240 340 108 22 anmälan
364 347 37 14 om
414 341 137 21 varumärke
559 340 51 22 icke
620 348 41 13 ens
673 344 25 17 är
706 340 159 28 obligatorisk.
882 339 111 21 Vidkom-

240 374 83 22 mande
339 374 136 28 afgifternas
491 375 91 28 belopp,
598 374 43 22 har
656 374 122 22 Utskottet
793 375 77 20 ansett
885 374 36 28 sig
938 373 55 22 böra

241 408 92 22 förorda
356 410 86 20 tvänne
465 409 50 28 slag
538 408 26 22 af
584 408 104 28 afgifter,
709 409 43 21 den
776 416 43 13 ena
842 408 25 21 af
888 408 46 21 fem
950 407 43 21 och

241 443 44 21 den
309 442 71 22 andra
403 443 25 21 af
440 444 89 20 femton
544 443 71 21 mark.
647 443 51 21 Den
713 444 73 20 större
802 443 99 27 afgiften
918 441 75 23 skulle

241 478 105 28 erläggas
369 478 26 20 af
415 478 134 28 aktiebolag
571 477 53 22 med
640 477 110 21 afseende
770 477 61 27 derå,
849 479 35 19 att
899 477 94 21 kostna-

241 512 71 21 derna
327 512 37 21 för
379 512 152 28 registrering
547 512 43 21 och
606 512 151 27 kungörande
773 512 26 20 af
814 511 86 21 sådana
911 510 82 29 bolags

240 546 72 26 firma,
336 546 37 20 till
396 546 58 28 följd
470 546 25 21 af
508 546 44 21 den
568 546 139 27 utförligare
723 546 114 26 anmälan,
854 552 48 14 som
919 544 75 29 enligt

242 582 25 20 17
283 582 13 25 8
313 584 24 17 är
353 580 52 21 dem
421 580 110 28 förelagd,
547 581 73 21 måste
636 580 74 21 blifva
725 582 73 19 större
814 583 28 17 än
857 580 36 21 för
902 579 92 21 enskild

240 614 177 28 näringsidkare
447 614 44 22 och
513 614 36 22 för
572 614 75 28 öfriga
663 616 61 19 arter
739 614 26 21 af
778 614 79 28 bolag;
873 613 121 22 hvaremot

241 648 40 22 vid
304 648 108 21 anmälan
427 656 36 14 om
479 649 100 29 prokura
594 651 60 19 samt
669 656 37 14 om
722 649 100 28 ändring
838 648 25 22 af
875 648 119 22 verkstäld

240 683 153 28 registrering
409 683 43 21 den
468 684 65 28 lägre
549 683 100 29 afgiften
663 686 87 19 ansetts
760 684 57 21 böra
824 684 92 28 påföras
925 685 69 19 samt-

240 718 49 28 liga
303 718 138 28 kategorier.
472 718 117 29 Slutligen
612 718 48 27 har,
683 718 9 21 i
707 718 75 21 likhet
801 718 54 21 med
870 718 62 21 hvad
949 721 45 18 sär-

241 752 76 22 skilda
333 753 71 21 andra
419 752 65 29 lagar
493 753 89 29 stadga,
591 752 72 29 ingen
672 752 69 29 afgift
748 754 89 20 ansetts
846 752 55 22 böra
909 752 85 28 ifräga-

241 787 92 22 komma
348 787 36 21 för
399 788 152 28 registrering
566 787 43 22 och
625 786 151 29 kungörande
792 787 36 21 uti
845 786 27 21 de
887 787 8 20 i
909 788 8 20 2
925 793 68 15 mom.

243 823 26 21 18
299 824 12 25 &
342 823 59 19 samt
425 823 25 20 19
473 822 43 20 och
540 823 29 21 20
584 822 27 27 $$
627 821 26 21 af
666 821 126 21 utskottets
808 820 87 29 förslag
911 820 83 22 omför-

242 855 77 22 mälda
341 856 48 26 fall,
414 855 21 21 d.
455 863 21 13 v.
493 863 15 13 s.
526 855 197 28 hufvudsakligen
739 855 8 21 i
763 855 66 29 fräga
845 862 36 15 om
897 855 97 21 rörelses

241 890 152 29 upphörande
423 890 56 21 eller
508 897 37 14 om
567 890 227 28 tillkännagifvande
818 890 119 28 angäende
960 889 34 22 in-

241 924 85 21 träffad
355 924 103 21 konkurs
481 925 56 21 eller
559 925 128 28 proklama.
724 925 211 28 Bestämningarna
958 931 37 15 om

241 958 293 29 registreringsafgifterna
556 959 70 22 hafva
655 959 98 28 intagits
772 959 74 22 såsom
877 967 28 14 en
935 959 61 22 skild

241 994 111 29 paragraf
366 995 22 26 ($
404 995 22 25 5)
440 994 9 20 i
464 994 273 29 författningsförslaget.
875 1003 4 6 cd

310 1028 162 21 Förevarande
493 1029 127 28 lagförslag
636 1028 130 22 innehåller
780 1029 51 20 icke
847 1029 72 28 något
934 1027 61 22 stad-

241 1062 76 29 gande
340 1063 120 28 angående
483 1063 45 21 den
551 1062 120 29 betydelse
691 1063 173 28 inskrifningen
879 1063 43 22 och
939 1063 56 21 kun-

242 1097 115 28 görandet
372 1097 26 21 af
411 1098 59 20 visst
483 1098 146 21 förhållande
646 1105 54 21 eger
715 1099 120 27 gentemot
850 1098 73 28 tredje
936 1105 58 17 man,

242 1139 48 14 som
320 1132 85 21 inläter
427 1132 36 27 sig
485 1133 8 20 i
513 1133 57 20 aftal
593 1132 52 21 med
669 1132 72 21 firma.
773 1132 124 21 Saknaden
917 1132 26 21 af
964 1133 32 20 ett

243 1165 76 28 dylikt
335 1165 128 28 stadgande
496 1170 25 17 gör
537 1167 36 27 sig
588 1167 8 20 i
612 1167 128 27 synnerhet
754 1166 90 21 känbar
860 1167 8 20 i
883 1167 68 27 fräga
959 1173 37 14 om

242 1200 228 29 prokura-fullmakt.
478 1196 14 38 A
502 1201 109 20 terkallas
620 1203 17 18 t.
646 1208 65 14 ex.en
720 1200 167 28 inregistrerad
895 1200 101 29 prokura

242 1236 56 19 utan
321 1236 35 19 att
379 1234 162 21 äterkallelsen
556 1234 103 22 anmäles
675 1234 38 21 till
728 1234 114 29 registret,
860 1235 24 20 sä
900 1237 96 19 stannar

242 1275 53 14 man
311 1268 8 21 i
335 1268 102 21 ovisshet
452 1276 36 13 om
505 1268 44 21 den
564 1268 185 29 privaträttsliga
757 1269 120 28 påföljden
887 1269 26 21 af
920 1269 77 21 denna

242 1302 159 22 försummelse
423 1303 8 20 i
453 1302 41 21 fall
515 1303 44 21 den
576 1303 61 21 förra
653 1303 148 28 prokuristen
817 1303 129 21 emellertid
961 1303 35 20 in-

242 1337 51 26 gätt
315 1343 29 13 en
360 1336 141 21 förbindelse
516 1336 8 21 i
540 1336 202 21 hufvudmannens
758 1343 77 20 namn;
852 1336 43 21 och
912 1336 83 21 varder

242 1371 49 20 åter
321 1369 106 22 anmälan
457 1377 37 14 om
525 1370 162 21 äterkallelsen
709 1369 67 30 gjord
793 1370 44 21 och
853 1370 76 21 denna
944 1369 53 22 med

242 1403 128 29 anledning
399 1403 67 22 deraf
493 1404 122 28 kungjord,
644 1405 25 20 sä
693 1404 85 21 erfares
802 1405 52 21 icke
877 1404 74 23 heller
969 1411 28 15 ur

241 1438 160 29 lagförslaget,
425 1438 114 21 huruvida
559 1438 156 29 kungörelsen
730 1439 159 28 grundlägger
901 1447 29 13 en
947 1446 50 22 pre-

311 1496 47 23 Lag-
371 1495 32 18 och
416 1495 184 19 Ekonomiuiskottets
612 1496 113 18 betänkande
737 1496 35 18 N:o
784 1497 17 17 3.
