1103 1786
277 196 12 19 2
464 195 29 22 U.
508 196 29 21 B.
553 208 27 3 —
595 195 74 28 Prop.
685 196 43 22 N:o
744 195 37 23 23.

315 264 170 27 Approximativ
499 264 73 27 kalkyl
586 264 60 22 öfver
661 264 146 21 statsfondens
822 268 61 18 extra
894 265 105 21 ordinarie

248 297 81 28 budget
351 298 33 20 för
405 298 50 20 åren
479 299 147 26 1894—1897;
653 298 170 27 Approximativ
844 298 73 27 kalkyl
939 298 60 21 öfver

247 331 148 21 statsfondens
417 332 105 21 ordinarie
544 332 82 27 budget
648 332 33 21 för
701 333 51 20 åren
776 333 144 26 1895—1897;
943 336 56 17 samt

247 366 146 27 Förteckning
413 366 60 21 öfver
495 367 79 20 sådana
590 367 66 20 under
671 367 51 20 åren
739 367 138 26 1894—1897
893 367 106 20 förekom-

247 400 78 21 mande
347 400 104 21 allmänna
472 400 207 27 byggnadsföretag,
705 401 32 20 för
761 401 71 20 hvilka
854 401 145 21 kostnaderna

247 435 52 26 utgå
314 434 51 21 eller
379 434 114 27 förskjutas
508 442 24 13 ur
547 435 105 20 allmänna
665 435 135 20 statsfonden
808 435 25 27 *).

315 469 42 20 Att
370 469 233 27 Finansexpeditionen
614 471 6 19 i
631 471 44 19 sina
686 469 96 27 kalkyler
792 470 134 21 beträffande
937 473 61 18 extra

248 503 105 20 ordinarie
374 503 88 27 utgifter
482 503 41 21 och
545 504 157 27 nybyggnader
722 504 139 21 sammanfört
881 505 46 20 äret
945 505 54 26 1894

247 537 50 21 med
319 537 172 28 finansperioden
514 539 136 25 1895—1897
667 537 37 21 har
720 539 31 19 sin
766 537 115 28 förklaring
896 540 6 19 i
917 539 81 26 svärig-

247 571 65 21 heten
335 575 31 17 att
389 572 28 26 pä
435 572 90 20 förhand
540 572 93 21 beräkna
649 572 85 20 hvilken
750 572 35 21 del
800 572 24 21 af
836 572 163 26 ifrägavarande

248 606 87 26 utgifter
358 605 42 21 kan
414 605 86 21 komma
515 609 32 17 att
562 606 65 20 redan
643 606 66 20 under
724 606 144 20 innevarande
883 607 22 20 är
920 606 76 21 bestri-

248 639 44 21 das.
314 640 35 20 Dä
365 640 36 20 det
416 640 75 20 härvid
506 640 177 26 hufvudsakligen
695 640 67 26 gäller
774 643 32 17 att
816 640 75 21 utreda
903 640 31 21 till
946 640 52 21 huru

247 677 45 17 stor
313 674 36 20 del
370 674 146 20 statsfondens
539 674 121 27 disponibla
675 674 121 27 behällning
812 674 42 20 och
868 675 129 20 emotsedda

249 707 120 21 öfverskott
391 708 66 20 under
472 709 50 19 åren
540 709 137 26 1894—1897
693 712 63 23 tagas
771 710 6 19 i
792 709 93 27 anspråk
900 709 25 20 af
936 712 62 18 extra

247 742 106 20 ordinarie
375 742 71 26 behof,
470 743 22 20 d.
512 743 18 20 ä.
556 743 80 21 sädana
655 742 87 27 utgifter
757 743 32 20 för
804 742 71 21 hvilka
889 743 75 27 anslag
979 744 18 26 ej

247 780 109 23 upptagas
378 778 6 19 i
407 776 168 28 statsförslagen,
600 777 22 20 är
647 780 31 18 ett
693 777 139 26 särskiljande
847 778 90 20 emellan
952 778 46 20 äret

249 811 54 26 1894
325 811 42 20 och
387 811 42 20 den
449 811 93 26 följande
559 812 104 26 perioden
682 811 17 25 ej
716 811 66 21 heller
797 811 25 21 af
833 812 97 26 praktisk
945 812 53 20 nöd-

246 845 119 27 vändighet
380 845 148 21 förestafvadt.
558 845 167 22 Statsutskottet
747 846 38 20 har
808 846 56 20 dock
879 850 71 17 ansett
965 848 34 26 sig

247 879 52 20 böra
321 887 28 12 nu
371 880 96 26 iakttaga
483 880 111 20 enahanda
610 880 127 24 förfarande,
753 887 47 13 som
815 880 37 21 vid
866 880 132 27 föregäende

248 913 133 27 landtdagar,
398 914 41 20 och
454 914 71 20 derför
539 914 104 21 verkstält
658 921 25 13 en
698 914 126 27 fördelning,
840 914 91 26 hvilken,
948 918 50 18 utan

247 951 31 17 att
293 947 70 21 kunna
378 955 51 13 vara
444 948 46 21 fullt
504 948 64 27 riktig
583 955 49 14 men
647 948 64 21 äfven
726 952 50 17 utan
791 952 32 17 att
841 950 6 19 i
862 950 72 26 nägon
948 951 50 19 män

247 982 67 20 rubba
329 982 159 25 slutresultatet,
504 984 80 19 utvisar
599 983 42 20 den
656 983 128 26 behållning,
798 990 47 13 som
855 984 50 19 med
921 991 78 13 sanno-

246 1012 67 25 likhet
327 1016 42 21 kan
384 1016 105 21 beräknas
504 1018 6 19 i
525 1017 105 20 allmänna
645 1017 136 20 statsfonden
790 1017 37 21 vid
838 1018 104 27 ingängen
956 1018 42 20 och

246 1051 37 20 vid
297 1050 143 27 afslutningen
455 1051 25 20 af
490 1051 62 20 nästa
567 1051 150 27 finansperiod.

315 1085 114 20 Utskottet
444 1085 38 20 har
498 1085 32 20 för
546 1085 36 21 det
597 1089 68 16 mesta
681 1085 80 21 kunnat
776 1086 73 20 förena
864 1087 34 26 sig
913 1093 36 14 om
964 1087 33 20 Fi-

246 1119 218 27 nansexpeditionens
486 1119 102 26 kalkyler.
618 1119 43 21 För
683 1119 28 21 de
730 1120 114 27 ändringar
859 1120 42 21 och
915 1121 82 26 tillägg,

247 1160 47 13 som
309 1154 6 19 i
330 1154 57 19 vissa
403 1153 57 20 delar
475 1153 106 21 befunnits
597 1153 119 28 päkallade,
732 1154 61 21 skola
803 1154 75 21 skälen
887 1155 39 20 här
936 1155 62 20 fram-

246 1187 82 26 läggas.

314 1220 75 21 Under
409 1220 98 21 rubriken
528 1221 132 26 Behållning
680 1221 40 20 vid
739 1222 57 27 1893
814 1222 37 20 års
866 1222 85 27 utgång
962 1223 34 26 (F.

246 1255 24 20 E.
286 1255 28 20 K.
331 1261 16 14 s.
366 1253 18 28 1)
401 1258 107 23 upptages
524 1255 71 20 såsom
610 1255 67 20 första
692 1259 60 23 post:
774 1256 10 20 I
798 1255 161 22 Statskontoret
969 1269 28 3 —

245 1288 119 27 6,222,380:
380 1293 33 22 27.
443 1289 109 27 Beloppet
576 1289 24 21 af
622 1289 146 21 statsfondens
793 1290 203 22 öfverskottsmedel

245 1324 6 18 i
267 1323 156 20 statskontoret
439 1323 98 25 utgjorde
552 1324 36 19 vid
603 1325 109 24 utgängen
727 1325 25 18 af
762 1325 24 19 är
803 1325 52 24 1893
872 1325 124 26 (Statsutsk.

246 1355 43 21 bet.
313 1356 41 20 N:o
371 1361 17 20 3,
405 1356 34 20 bil.
462 1356 28 25 J.)
515 1357 129 25 11,247,038:
668 1357 33 25 78,
724 1364 50 13 men
792 1357 64 20 häraf
867 1365 53 12 voro
942 1358 55 20 Fmk

245 1390 120 25 4,808,410:
387 1394 26 21 45
437 1389 85 21 bundna
540 1391 7 19 i
569 1390 138 27 placeringar,
724 1397 48 14 som
787 1391 18 26 ej
821 1391 66 21 under
902 1392 23 20 är
943 1393 54 26 1894

313 1504 17 22 *)
344 1504 105 22 Hänvisning
461 1505 25 16 till
498 1506 50 16 dessa
559 1506 99 22 handlingar
670 1506 37 16 sker
719 1507 53 16 under
780 1507 125 22 förkortningen
914 1508 18 16 F.
942 1508 19 17 E.
972 1508 23 18 K.

314 1539 129 16 Statsutskoitets
456 1540 102 16 betänkande
569 1540 35 16 N:o
616 1546 28 11 12.
