1109 1753
318 155 74 22 Ständ.
408 155 35 22 Sv.
458 168 28 3 —
500 155 65 28 Prop.
580 155 38 23 N:o
634 154 35 23 23.
829 157 11 20 5

117 221 82 27 porten
221 220 82 29 plägar
325 219 76 23 denna
419 221 49 20 åter
487 220 98 29 tilltaga.
615 221 12 21 I
642 220 80 29 hvarje
736 219 43 23 fall
794 219 76 22 skulle

117 254 208 22 medelinkomsten
340 254 27 22 af
379 254 73 22 tullen
468 255 36 21 för
519 254 28 22 de
563 257 91 20 senaste
669 257 35 18 tre
720 255 54 21 ären
787 257 83 20 1891—

118 291 61 25 1893,
199 288 29 22 dä
246 288 133 22 densamma
394 289 89 28 utgjort
499 291 126 26 19,853,000
640 289 72 27 mark,
727 289 80 21 kunna
821 289 49 28 läg-

116 330 42 21 gas
181 323 38 21 till
238 323 76 28 grund
329 322 37 23 för
380 323 165 28 beräkningen.
577 323 129 22 Ständerna
722 331 55 14 anse
793 322 77 22 derför

116 357 128 29 tillräcklig
266 356 151 30 försigtighet
436 364 54 16 vara
505 358 127 28 iakttagen,
648 357 29 21 dä
691 357 179 22 tullinkomsten

116 392 37 22 för
168 392 110 28 perioden
295 394 139 21 1895—1897
450 392 138 29 uppskattas
603 392 37 22 till
658 394 124 26 19,500,000
797 391 71 23 mark.

116 426 174 22 Totalsumman
305 426 37 22 för
357 426 58 30 3:dje
430 427 67 21 titeln
514 427 45 22 blir
574 427 29 22 dä
620 429 124 25 19,766,000
760 427 70 21 mark.

185 467 11 21 I
221 470 54 20 1894
297 468 36 20 års
356 467 147 29 statsförslag
525 468 42 21 har
586 468 39 21 det
640 468 84 28 belopp
739 467 27 22 af
780 469 89 26 190,000

116 501 70 27 mark,
217 501 96 23 hvartill
343 502 176 28 elevafgifterna
545 502 41 22 vid
608 502 262 22 elementarläroverken

116 536 84 28 uppgå,
223 536 80 22 blifvit
322 538 113 27 upptaget
454 539 64 19 utom
537 537 102 22 kolumn.
670 536 82 22 Denna
767 536 103 22 inkomst

115 570 42 22 har
179 573 88 19 ansetts
290 571 56 21 böra
365 570 72 29 jemte
459 571 75 29 öfriga
555 571 114 22 likartade
688 574 78 26 poster
781 570 88 22 införas

116 605 74 21 under
206 605 48 22 4:de
270 605 75 29 titeln,
361 605 68 22 hvars
445 606 137 22 slutsumma
597 606 134 28 härigenom
747 605 73 29 stiger
832 605 38 22 till

118 643 112 25 3,795,000
244 641 71 21 mark.

186 681 80 22 Säsom
289 689 28 13 en
340 680 60 30 följd
422 681 25 22 af
467 681 101 22 nämnda
582 681 84 29 tillägg
680 681 42 22 har
736 681 74 21 under
826 682 42 21 5:te

116 715 69 22 titeln
201 715 110 29 ,Diverse
326 715 119 29 uppbörd'*
461 715 44 22 den
520 716 38 22 till
574 718 77 26 50,750
662 715 64 22 mark
737 714 131 22 beräknade

116 750 160 28 ersättningen
298 749 52 22 frän
373 749 139 23 skolfonden
534 750 38 22 för
591 749 122 30 upphyrda
728 749 141 22 skollokaler

116 784 126 22 uteslutits.
265 784 110 22 Deremot
390 788 24 17 är
429 786 34 20 ett
478 784 103 22 tillskott
596 785 7 21 i
619 784 75 22 denna
704 784 64 22 titels
778 784 92 22 inkom-

116 821 47 19 ster
178 821 34 19 att
228 821 98 20 emotses
342 819 36 22 till
394 818 58 30 följd
468 820 26 21 af
501 820 203 27 bestämningarna
714 819 9 21 i
734 818 135 29 strafflagen

116 853 118 29 angående
253 853 179 22 kronosakören.
462 854 12 22 I
494 854 88 22 saknad
598 853 26 23 af
636 854 67 21 säkra
717 853 151 29 beräknings-

116 888 102 28 grunder
233 888 41 22 har
290 888 63 22 detta
368 888 103 22 tillskott
485 889 149 28 uppskattats
650 888 83 22 endast
743 888 37 22 till
792 890 76 25 75,000

115 922 72 22 mark.
226 922 158 22 Slutsumman
414 923 37 21 för
480 926 44 19 5:te
554 923 70 22 titeln
648 923 90 29 uppgår
764 922 68 22 alltså
860 922 9 22 i

115 957 72 22 rundt
202 957 32 21 tal
250 957 37 22 till
302 960 91 24 850,000
408 957 72 22 mark.

184 998 83 28 Enligt
284 998 68 22 dessa
366 998 155 28 beräkningar
536 998 55 22 böra
606 996 158 24 statsfondens
779 997 90 22 inkom-

116 1034 47 19 ster
183 1032 8 21 i
210 1032 68 28 årligt
293 1032 107 22 medeltal
416 1032 73 22 under
503 1032 111 29 perioden
632 1034 137 20 1895—1897
785 1034 83 25 utgöra

116 1067 130 27 32,276,000
260 1067 71 21 mark.

262 1187 116 23 Ordinarie
394 1187 94 28 utgifter
504 1188 55 22 ären
575 1187 148 24 1895—1897.

184 1249 90 22 Endast
290 1250 72 22 under
378 1252 34 20 ett
426 1249 57 23 fätal
496 1250 156 22 hufvudtitlar
663 1249 80 29 skiljer
753 1249 37 29 sig
800 1249 68 22 Stän-

116 1284 82 22 dernas
214 1284 130 29 beräkning
359 1284 26 22 af
398 1284 66 22 dessa
478 1284 99 29 utgifter
591 1284 52 22 frän
654 1283 216 30 Finansexpeditio-

115 1326 58 15 nens
189 1319 88 28 kalkyl,
292 1319 96 22 hvilken
399 1319 69 29 utgär
477 1319 53 22 frän
541 1319 171 28 statsförslaget
722 1319 37 22 för
769 1319 25 21 är
807 1321 61 19 1894.

184 1359 35 22 Då
242 1359 28 22 de
292 1359 74 22 under
385 1359 140 22 skolfonden
539 1359 115 23 bokförda
668 1359 128 22 inkomster
810 1365 58 23 upp-

116 1392 72 29 tagits
215 1392 73 21 under
310 1392 50 22 4:de
383 1393 179 27 inkomsttiteln,
585 1394 42 20 har
648 1393 71 21 bland
740 1393 129 27 utgifterna

115 1426 74 22 under
212 1426 48 22 7:de
282 1426 161 22 hufvudtiteln
465 1427 90 27 tillagts
576 1428 34 20 ett
628 1426 144 28 ungefärligt
787 1426 82 27 anslag

116 1460 26 23 af
156 1464 76 25 50,000
248 1461 65 22 mark
328 1461 38 22 till
381 1461 156 22 skolmateriel
551 1468 30 15 m.
597 1469 28 14 m.
656 1461 12 22 I
682 1460 66 29 fråga
763 1468 37 15 om
817 1461 53 21 sist-
