1103 1784
401 186 29 23 U.
445 186 28 23 B.
489 200 27 3 —
531 187 73 34 Prop.
619 187 43 23 N:o
678 187 35 23 23.
890 188 12 21 5

182 255 66 20 mark.
278 255 9 20 I
309 255 101 20 medeltal
432 255 31 21 för
479 256 27 21 de
523 260 10 21 5
550 257 49 19 åren
617 256 137 26 1889—18093
771 255 99 27 utgjorde
884 255 47 21 tull-

182 289 121 20 inkomsten
318 293 127 22 20,250,000
460 289 67 21 mark.
549 289 235 26 Finansexpeditionen
799 296 62 13 anser
871 289 61 21 detta

181 322 101 21 medeltal
298 322 17 26 ej
331 322 69 21 kunna
415 323 66 20 under
498 323 42 20 den
554 323 129 20 kommande
698 323 105 26 perioden
817 322 113 27 päräknas,

182 356 90 21 emedan
295 357 42 20 den
357 356 59 27 höga
438 357 159 21 tullinkomsten
619 357 24 20 är
660 357 58 26 1890,
734 363 49 14 som
798 360 82 23 stegrat
894 357 37 20 be-

180 391 63 20 rörda
265 391 107 24 medeltal,
388 392 54 20 varit
457 391 88 21 alldeles
560 391 143 27 exceptionel.
733 391 115 21 Utskottet
863 392 68 19 mäste

181 425 57 20 dock
260 425 54 21 hälla
337 425 52 24 före,
412 429 32 18 att
466 433 49 13 man
535 429 50 18 utan
600 425 44 21 fara
660 425 31 20 för
706 425 142 27 missräkning
860 425 71 22 kunde

181 459 62 22 stöda
266 461 33 25 sig
321 461 29 25 pä
372 460 27 20 de
420 460 92 21 nämnda
529 465 10 21 5
556 461 61 20 ärens
633 459 171 25 medelinkomst,
820 463 24 23 ty
860 460 69 20 denna

180 493 102 22 omfattar
304 493 64 21 äfven
389 494 36 21 tvä
445 494 154 26 jemförelsevis
615 500 140 21 ogynsamma
770 494 29 25 är,
818 495 52 25 1892
886 493 43 21 och

182 528 58 26 1893.
272 527 60 22 Efter
347 528 81 20 sädana
443 529 22 20 är
481 528 25 21 af
517 528 127 27 nedgäende
659 529 6 19 i
680 529 107 26 importen
802 528 46 27 plär
859 528 70 21 denna

179 562 47 21 åter
247 562 89 27 tilltaga.
366 562 9 20 I
397 562 72 27 hvarje
492 563 36 20 fall
549 562 67 21 skulle
638 562 192 21 medelinkomsten
850 562 25 21 af
890 562 40 21 tul-

180 597 34 20 len
236 597 32 20 för
290 597 28 20 de
340 600 86 18 senaste
449 600 31 17 tre
502 598 50 20 åren
576 597 115 26 1891—93,
716 597 27 20 dä
759 597 123 20 densamma
897 600 33 17 ut-

179 631 56 28 gjort
258 632 126 26 19,853,000
406 631 65 25 mark,
495 631 70 22 kunna
587 631 75 28 läggas
676 631 32 21 till
722 631 69 27 grund
806 631 32 21 för
853 631 76 21 beräk-

178 667 84 25 ningen.
293 665 115 21 Utskottet
430 672 62 14 anser
515 665 70 21 derför
599 665 113 27 tillräcklig
726 665 138 27 försigtighet
878 672 51 14 vara

179 699 115 27 iakttagen,
316 700 28 20 dä
366 700 160 21 tullinkomsten
546 700 32 20 för
601 700 104 26 perioden
726 700 110 26 1895—97
852 700 24 20 af
888 699 41 21 Ut-

179 734 82 21 skottet
283 734 139 27 uppskattats
436 734 31 21 till
485 739 124 21 19,500,000
624 734 66 20 mark.
719 734 162 21 Totalsumman
895 733 33 21 för

180 768 54 27 3:dje
256 768 60 21 titeln
338 768 38 21 blir
399 768 27 21 dä
450 768 125 27 19,766,000
597 768 65 21 mark.
685 780 27 4 —
734 768 49 21 Den
798 769 6 20 i
819 768 23 20 F.
858 768 25 20 E.
899 768 28 20 K.

179 810 16 13 s.
222 808 24 15 10
268 803 96 26 antydda
383 803 137 27 möjligheten
535 803 21 20 af
571 803 105 27 störingar
692 804 6 19 i
713 802 83 22 landets
812 802 116 22 tullförhäl-

179 837 77 21 landen
278 837 54 21 skall
354 837 25 21 af
397 837 114 22 Utskottet
531 839 6 19 i
559 841 31 17 ett
614 837 101 21 särskildt
730 837 109 21 uttalande
854 837 73 27 längre

178 871 53 21 fram
246 871 94 21 beröras.

245 906 10 20 I
277 906 94 27 enlighet
394 906 49 21 med
465 907 37 20 sitt
517 907 7 20 i
538 905 146 22 betänkandet
698 912 34 14 n:o
750 911 10 21 3
776 912 16 13 s.
810 910 23 21 51
851 905 76 27 gjorda

178 940 80 27 förslag
272 941 134 21 beträffande
425 941 134 25 skoltonden,
574 941 39 20 har
628 940 114 21 Utskottet
758 941 66 20 under
838 940 49 26 4:de
901 941 26 20 ti-

177 975 50 24 teln,
252 975 108 28 ,Afgifter
383 975 36 21 vid
441 975 118 21 anlitandet
583 975 24 20 af
629 974 104 21 särskilda
754 973 170 23 statsanstalter*

176 1009 70 27 tillagt
263 1015 90 20 190,000
368 1009 65 25 mark,
449 1009 51 21 eller
515 1010 37 20 det
567 1009 88 27 belopp,
665 1008 84 21 hvartill
764 1008 162 28 elevafgifterna

177 1044 36 19 vid
236 1043 241 21 elementarläroverken
492 1045 75 26 uppgä
582 1043 65 26 enligt
665 1043 54 26 1894
733 1044 34 19 ärs
782 1043 141 26 statsförslag,

177 1077 38 21 der
237 1078 27 20 de
288 1077 57 21 dock
368 1079 111 26 upptagits
495 1081 58 18 utom
568 1078 93 20 kolumn.
691 1077 101 21 Summan
807 1077 32 20 för
855 1077 69 20 denna

175 1111 47 21 titel
237 1111 39 21 blir
290 1112 28 20 dä
335 1116 111 22 3,795,000
461 1112 66 20 mark.

245 1146 99 20 Nämnda
359 1146 76 27 tillägg
449 1145 101 27 päkallar,
567 1149 31 17 att
613 1145 65 21 under
696 1148 40 23 5:te
748 1145 60 21 titeln
821 1145 104 24 ,Diverse

177 1179 112 27 uppbörd*
307 1180 42 20 den
364 1180 32 20 till
412 1184 75 22 50,750
502 1180 59 20 mark
580 1179 123 21 beräknade
718 1179 146 27 ersättningen
879 1178 45 21 frän

176 1213 129 21 skolfonden
320 1213 33 21 för
368 1214 115 27 upphyrda
499 1213 128 21 skollokaler
642 1213 110 21 uteslutes.
781 1214 105 20 Deremot
901 1213 24 20 är

176 1251 32 17 ett
230 1248 91 20 tillskott
336 1250 6 18 i
358 1252 41 22 5:te
416 1248 71 21 titelns
503 1248 117 21 inkomster
635 1250 32 18 att
682 1251 94 17 emotses
791 1247 31 21 till
837 1247 52 26 följd
904 1246 25 21 af

175 1282 187 26 bestämningarna
384 1284 6 18 i
412 1282 42 21 den
475 1289 43 20 nya
539 1282 125 27 strafflagen
679 1282 112 26 angäende
806 1280 117 22 kronosak-

176 1316 58 20 ören.
263 1316 10 20 I
295 1316 82 21 saknad
399 1316 25 20 af
441 1316 63 20 säkra
520 1316 221 27 beräkningsgrunder
755 1315 39 21 har
809 1316 60 20 detta
883 1315 41 21 till-

176 1350 60 21 skott
256 1350 140 27 uppskattats
418 1350 76 21 endast
516 1350 31 21 till
569 1355 77 21 75,000
661 1350 65 20 mark.
756 1349 115 21 Utskottet
885 1349 38 21 har

176 1384 62 21 alltså
253 1386 101 25 upptagit
369 1384 138 22 slutsumman
522 1384 32 21 för
571 1388 41 23 5:te
630 1384 61 21 titeln
706 1383 30 22 till
752 1384 92 26 850,000
858 1383 66 21 mark.

243 1418 73 26 Enligt
338 1418 64 20 dessa
424 1418 141 25 beräkningar
580 1418 52 20 böra
648 1418 145 19 statsfondens
808 1417 117 20 inkomster

176 1452 6 19 i
197 1451 62 26 årligt
274 1451 102 21 medeltal
391 1451 66 20 under
472 1451 104 27 perioden
593 1452 109 25 189597
711 1451 76 26 utgöra
792 1449 133 27 32,276,000

176 1485 68 20 mark.

245 1527 129 16 Statsutskottets
386 1527 102 17 betänkande
501 1528 34 16 N:o
547 1532 30 12 12.
