1120 1778
342 144 28 25 U.
386 147 27 22 B.
430 160 25 3 —
471 147 73 28 Prop.
559 147 45 23 N:o
619 148 36 22 13.

397 517 181 28 Lagutskottets
607 518 77 22 andra
711 518 94 28 förslag
833 519 42 22 till

330 552 234 28 sammanjemkning
586 552 28 23 af
625 552 30 22 de
678 552 141 29 skiljaktiga
835 553 39 22 be-

330 586 58 27 slut,
404 586 9 22 i
427 586 83 22 hvilka
531 586 106 23 Stånden
660 587 98 22 stannat
778 587 41 22 vid
836 587 39 22 be-

330 620 150 28 handlingen
491 621 28 22 af
524 621 137 22 Utskottets
669 621 154 22 betänkande
832 622 43 22 N:o

331 655 15 22 4
360 655 9 22 i
384 655 133 28 anledning
531 655 27 22 af
575 655 65 22 Hans
656 655 134 29 Kejserliga
805 656 72 28 Maje-

331 690 61 21 stäts
413 689 89 28 nådiga
522 690 153 28 proposition
694 690 125 28 angående
834 697 43 15 an-

331 730 54 15 svar
399 723 40 23 för
459 724 187 28 uppenbarande
668 724 28 22 af
712 724 164 28 statshemlig-

331 757 78 23 heter.

195 834 175 30 Lagutskottet
396 835 46 22 har
469 842 89 22 genom
582 836 231 29 protokollsutdrag
831 843 45 15 un-

127 869 142 27 derrättats,
290 870 35 21 att
342 869 43 22 vid
412 869 186 30 behandlingen
626 870 24 22 af
672 870 138 22 Utskottets
829 871 47 21 för-

127 904 55 29 slag
200 904 36 22 till
264 904 241 29 sammanjemkning
533 905 24 22 af
585 905 125 22 Ständens
730 905 146 29 skiljaktiga

127 938 83 23 beslut
227 938 8 22 i
253 938 167 23 förevarande
438 939 73 29 fräga

196 1007 186 29 Ridderskapet
400 1008 44 22 och
463 1008 82 22 Adeln
563 1008 191 22 äterremitterat
773 1009 106 21 ärendet

129 1042 35 22 till
183 1041 126 23 Utskottet
326 1041 39 23 för
382 1043 166 27 uppgörande
569 1042 26 23 af
613 1043 56 27 nytt
688 1043 189 28 sammanjemk-

129 1076 170 29 ningsförslag
317 1076 56 22 med
390 1077 116 21 närmare
523 1077 100 28 hänsyn
640 1076 36 22 till
693 1076 185 29 Ridderskapet

129 1110 46 23 och
194 1110 94 22 Adelns
316 1111 63 21 samt
406 1111 226 29 Borgareständets
660 1111 8 21 i
687 1111 78 22 saken
783 1111 95 22 fattade

129 1144 93 27 beslut;

198 1212 184 23 Presteständet
399 1213 112 29 godkänt
534 1213 344 29 sammanjemkningsförsla-

131 1249 41 28 get
190 1248 56 22 med
265 1248 74 28 gjord
358 1248 166 28 anmärkning
542 1254 40 16 om
600 1249 92 21 tvenne
710 1248 8 21 i
734 1248 48 22 den
794 1248 84 22 finska

131 1283 84 21 texten
233 1282 36 22 till
287 1282 290 29 författningsförslaget,
598 1282 127 28 nämligen
742 1282 8 21 i
769 1282 57 22 dess
844 1282 35 22 in-

132 1323 70 23 gress
221 1316 46 22 och
286 1317 15 21 4
321 1316 23 29 &,
363 1316 204 22 förekommande
585 1316 115 28 tryckfel;

200 1384 214 29 Borgareständet
420 1385 190 22 äterremitterat
617 1385 264 28 sammanjemknings-

132 1419 122 27 förslaget
279 1419 56 21 med
355 1419 124 20 anmodan
506 1419 36 20 till
560 1418 126 22 Utskottet
711 1419 35 21 att
763 1419 116 27 uppgöra

133 1454 55 27 nytt
215 1452 95 28 förslag
336 1452 36 21 till
398 1451 242 29 sammanjemkning
666 1451 8 21 i
698 1451 181 29 hufvudsaklig

202 1495 129 23 Lagutskottets
343 1494 109 18 betänkande
464 1495 36 16 N:o
512 1495 17 17 4.
