1120 1792
258 155 27 21 10
422 154 81 22 Ständ.
519 154 38 22 Sv.
573 168 26 2 —
615 154 71 26 Prop.
702 154 43 22 N:o
761 153 35 22 19.

298 218 68 22 Hvad
389 218 70 22 sedan
481 218 107 22 beträffar
602 218 181 22 militiefondens
798 218 127 22 inkomster
938 225 42 15 un-

230 253 40 21 der
284 253 190 21 nästkommande
489 252 171 30 budgetperiod,
676 253 133 21 förutsättes
825 252 8 22 i
844 252 44 22 den
895 252 85 29 nädiga

228 288 178 29 propositionen,
428 289 34 20 att
477 288 156 21 inkomsterna
649 287 52 22 frän
716 286 111 23 arrenden
842 287 25 22 af
879 290 101 19 utarren-

229 322 83 23 derade
321 322 197 23 militieboställen
528 325 59 19 samt
595 323 74 28 öfriga
675 323 139 28 lägenheter,
823 322 88 22 indelta
918 323 62 22 hem-

229 359 144 20 mansräntor
394 357 43 22 och
452 357 73 22 indelt
539 357 151 22 kronotionde
705 357 64 22 skola
784 357 73 22 under
871 357 110 29 perioden

229 393 92 21 komma
336 394 34 19 att
386 392 88 29 sjunka.
497 392 46 22 För
558 393 36 20 sin
610 393 36 20 del
657 399 53 15 anse
718 392 129 22 Ständerna
857 393 36 28 sig
903 392 78 21 kunna

229 429 90 26 antaga,
336 428 34 19 att
380 427 174 27 ifrägavarande
564 426 166 22 inkomsttitlar
741 427 54 21 ären
806 427 55 22 1896
872 426 42 22 och
926 427 53 22 1897

229 461 9 21 i
259 461 109 22 medeltal
390 461 77 21 lemna
488 461 97 28 ungefär
606 461 47 21 lika
674 462 47 20 stor
743 461 134 28 behällning
892 468 49 15 som
957 461 24 21 är

231 496 61 21 1895.
322 495 62 21 Frän
406 495 110 21 arrenden
539 495 25 21 af
583 495 197 21 militieboställen
801 503 30 14 m.
854 503 29 13 m.
906 495 74 22 skulle

230 537 53 14 man
306 529 66 22 alltsä
394 529 73 22 under
488 529 184 30 finansperioden
694 530 140 22 1895—1897
849 529 79 22 kunna
943 531 38 28 pä-

229 564 71 21 räkna
315 571 29 14 en
358 563 103 22 inkomst
476 563 25 22 af
513 564 169 28 sammanlagdt
698 565 114 27 1,200,000
826 564 70 28 mark,
914 564 25 22 af
947 565 34 21 in-

229 599 62 22 delta
310 598 198 22 hemmansräntor
524 599 112 27 1,965,000
650 599 65 20 mark
730 601 59 19 samt
803 599 26 21 af
842 599 73 22 indelt
930 599 51 22 kro-

228 632 111 23 notionde
354 633 93 28 315,000
462 633 71 21 mark.

298 667 91 23 Jemväl
404 667 117 22 rusthälls-
536 667 42 22 och
589 670 230 25 augmentsräntorna
828 668 69 22 hafva
907 669 74 28 enligt

229 702 139 22 Ständernas
392 702 70 21 tanke
484 701 78 22 blifvit
577 702 9 21 i
601 702 44 21 den
660 701 85 30 nädiga
759 703 172 28 propositionen
945 703 37 21 för

229 737 49 28 lägt
292 736 137 22 beräknade.
458 736 83 28 Enligt
555 736 217 29 kapitalräkningen
787 737 64 21 öfver
866 737 115 21 allmänna

229 771 175 21 militiemedlen
420 770 37 22 för
472 771 24 21 är
512 771 55 21 1892
582 769 80 23 inflöto
677 770 8 21 i
701 771 78 28 dylika
794 773 78 20 räntor
886 771 9 22 i
903 771 79 28 jemna

229 805 101 22 tusental
352 805 92 27 576,000
465 804 70 22 mark.
567 804 42 22 Om
633 805 74 20 denna
729 805 64 22 siffra
815 807 64 27 tages
894 805 38 22 till
946 807 35 20 ut-

229 839 149 30 gängspunkt
393 839 43 22 och
451 839 9 22 i
475 839 104 28 enlighet
593 839 53 22 med
662 839 44 22 den
716 839 85 30 nädiga
810 840 172 29 propositionen

229 882 29 14 en
281 875 58 29 ärlig
360 874 106 30 stegring
489 873 25 23 af
535 874 106 30 omkring
662 875 77 27 15,000
758 875 65 22 mark
840 875 139 28 förutsättes,

229 909 96 22 hvilken
339 909 169 29 uppskattning
524 916 91 14 snarare
629 912 25 18 är
669 908 37 22 för
720 909 39 29 läg
774 913 29 18 än
817 910 37 22 för
867 910 54 30 hög,
935 911 46 21 kan

229 944 100 23 nämnda
350 943 155 29 inkomstpost
527 944 36 21 för
585 944 24 21 är
633 944 55 22 1895
709 944 112 22 beräknas
836 945 37 21 till
889 946 93 27 620,000

229 979 71 27 mark,
316 978 36 22 för
367 979 25 21 är
406 979 55 21 1896
476 978 37 22 till
527 979 93 27 635,000
635 978 65 22 mark
714 981 60 19 samt
788 978 36 23 för
839 980 24 21 är
879 980 54 22 1897
944 980 38 21 till

230 1014 91 27 650,000
343 1012 65 22 mark
426 1012 55 22 eller
495 1013 81 21 inalles
591 1013 73 21 under
678 1012 52 22 hela
745 1013 184 29 finansperioden
944 1014 37 22 till

230 1049 112 27 1,905,000
357 1047 71 22 mark.

298 1082 12 22 I
332 1082 103 29 enlighet
457 1082 94 22 härmed
573 1082 42 22 och
638 1082 29 22 dä
689 1083 128 22 Ständerna
839 1083 50 22 icke
903 1083 79 22 funnit

229 1117 50 22 skäl
301 1116 37 22 till
360 1116 99 28 ändring
483 1117 26 21 af
529 1116 74 29 öfriga
625 1117 8 21 i
652 1117 44 22 den
710 1118 85 28 nådiga
809 1118 172 28 propositionen

228 1151 188 23 förekommande
439 1151 261 29 inkomstberäkningar,
716 1152 69 22 hafva
799 1152 181 22 militiefondens

228 1187 128 27 inkomster
370 1186 74 22 under
458 1186 54 22 åren
529 1187 140 22 1895—1897
684 1186 80 22 blifvit
778 1186 152 30 uppskattade
945 1186 37 22 till

229 1222 114 28 6,135,000
358 1221 70 21 mark.

298 1255 43 23 Om
348 1255 53 22 frän
410 1256 27 21 de
445 1255 130 23 beräknade
582 1256 128 28 utgifterna
724 1256 60 22 Fmk
799 1257 136 27 21,552,329:
946 1269 27 3 —

229 1290 105 29 afdrages
349 1290 158 28 nyssnämnda
521 1290 100 29 tillgång
641 1307 67 5 ....
747 1308 9 10 ,
815 1290 119 28 6,135,000:
946 1304 33 14 —,

228 1324 97 21 hvilken
333 1324 74 27 enligt
414 1326 40 20 122
460 1324 27 26 $i
492 1324 217 28 Värnepligtslagen

258 1357 80 21 främst
358 1357 42 21 bör
418 1357 115 21 användas
553 1358 37 20 till
609 1357 100 22 militära

258 1396 110 28 ändamål,
386 1397 95 21 återstår
492 1413 4 4 .
515 1413 3 5 .
535 1413 175 5 .........
726 1397 60 21 Fmk
802 1398 132 27 15,417,329:
947 1410 32 14 —,

228 1431 95 22 hvilken
345 1437 89 15 summa
449 1430 67 23 alltså
530 1433 68 27 utgör
613 1431 39 21 det
666 1431 88 30 belopp,
771 1432 37 21 till
823 1431 68 23 hvars
905 1430 75 23 betäc-

228 1466 76 22 kande
318 1466 40 22 det
373 1466 133 22 ankommer
522 1466 13 21 å
550 1466 128 22 Ständerna
693 1468 34 20 att
742 1466 79 23 anvisa
836 1466 81 22 medel.
