1123 1786
451 142 53 22 N:o
521 141 51 24 19.

343 452 76 24 Hans
448 452 182 32 Kejserliga
658 451 162 32 Majestäts
847 451 41 25 Nä-

277 497 51 33 diga
355 498 140 32 proposition
513 498 35 25 till
566 497 102 25 Finlands
686 497 94 25 Ständer
798 505 34 17 om
850 505 38 17 an-

275 544 91 24 visande
393 544 27 24 af
443 544 69 24 medel
539 544 35 25 till
595 543 141 26 bestridande
754 544 27 24 af
796 543 92 26 kostna-

275 590 69 25 derna
362 590 37 25 för
417 590 72 25 finska
504 590 109 25 militären
628 590 69 25 under
715 589 54 26 åren
789 590 100 25 1895—

276 636 73 26 1897.

207 705 32 21 De
254 704 33 22 för
301 704 69 22 finska
384 704 182 22 militärväsendet
581 705 6 21 i
604 705 110 21 närslutna
730 705 160 27 budgetförslag

138 742 110 25 upptagna
263 739 87 27 utgifter
364 740 34 20 för
412 739 175 22 nästkommande
602 739 143 27 finansperiod
761 742 37 19 äro
813 740 76 21 beräk-

138 775 56 21 nade
208 774 34 21 till
264 774 126 26 22,391,929
406 774 67 26 mark,
490 774 61 22 deraf
567 775 124 25 19,661,929
707 774 60 21 mark
783 774 106 22 ordinarie

139 810 40 21 och
202 809 113 26 2,730,000
338 809 61 21 mark
421 811 59 19 extra
499 808 95 28 utgifter.
624 808 33 22 Då
672 808 170 28 räkenskaperna
856 808 34 22 för

140 842 140 24 innevarande
296 842 144 28 finansperiod
455 843 82 21 kunnat
553 843 88 21 afslutas
656 843 76 21 endast
747 843 33 21 för
796 843 23 22 år
829 844 60 25 1892,

140 882 37 18 äro
194 878 105 21 ordinarie
317 878 116 27 utgifterna
448 878 122 21 beräknade
585 878 48 21 med
648 878 86 26 ledning
749 878 22 21 af
785 878 25 21 de
826 878 63 21 afslu-

139 914 50 22 tade
212 913 172 27 räkenskaperna
406 913 33 21 för
462 913 25 21 de
511 915 108 20 närmaste
642 912 127 28 föregående
784 914 33 21 tre
833 913 56 26 åren,

139 948 65 22 likväl
227 947 48 22 med
297 947 66 22 sådan
384 947 144 22 modifikation
544 948 7 21 i
566 947 105 22 särskilda
686 946 144 29 utgiftstitlar,
845 953 45 16 som

139 984 32 21 uti
186 983 40 22 den
240 982 33 21 för
288 982 141 21 innevarande
445 983 24 20 år
484 983 6 20 i
505 981 71 22 Nåder
591 981 114 22 faststälda
720 981 118 28 utgiftsstat
853 989 36 14 an-

140 1021 54 19 setts
210 1018 52 21 böra
277 1023 40 20 ega
332 1023 52 15 rum.

208 1051 102 28 Antydda
332 1051 95 27 stegring
449 1052 7 21 i
474 1051 115 27 utgifterna
604 1051 75 21 hänför
694 1051 33 27 sig
742 1051 149 27 förnämligast

140 1088 33 21 till
196 1086 101 27 anslagen
321 1085 32 21 för
376 1088 127 25 truppernas
528 1085 136 27 providering
686 1088 56 19 samt
756 1085 33 22 till
804 1085 87 22 kostna-

141 1122 66 21 derna
222 1121 33 21 för
274 1120 73 21 aktiva
363 1120 116 21 militärens
494 1121 130 26 lägermöten
641 1120 39 21 och
695 1120 40 21 den
751 1119 93 22 militära
859 1120 31 21 in-

140 1155 158 28 qvarteringen,
321 1155 73 21 hvilka
416 1154 55 22 båda
487 1155 132 20 sistnämnda
634 1154 135 27 utgiftstitlar
784 1154 107 22 erfordrat

140 1190 106 27 betydligt
261 1191 69 20 större
349 1195 99 20 summor,
465 1191 25 19 än
507 1189 71 21 derför
592 1189 56 21 varit
663 1189 127 27 beräknade,
806 1189 86 21 hvarför

141 1224 101 28 anslagen
265 1224 33 22 till
314 1224 62 22 dessa
392 1223 97 22 ändamål
504 1230 27 14 nu
547 1223 85 28 påkalla
648 1230 26 14 en
688 1223 153 27 jemförelsevis
855 1223 37 21 be-

140 1258 105 28 tydligare
261 1258 128 27 förhöjning.

209 1292 137 22 Beträffande
364 1292 68 28 öfriga
447 1293 66 26 titlar,
528 1292 74 22 hvilka
617 1292 106 22 erfordrat
738 1292 98 27 förhöjda
852 1298 38 16 an-

141 1328 53 27 slag,
210 1327 124 22 framhållas
350 1327 101 21 särskildt
466 1326 104 28 följande:

212 1363 39 21 1:0.
281 1361 212 27 Gardesbataljonen,
516 1361 64 22 hvars
602 1361 118 27 utgiftsstat
739 1361 3 21 i
757 1361 71 26 någon
844 1361 49 21 mån

142 1397 61 22 ökats
226 1397 7 21 i
256 1396 53 27 följd
332 1396 62 21 deraf
414 1398 32 19 att
461 1396 178 27 öfverkompletta
652 1402 66 21 yngre
734 1395 108 22 officerare
858 1395 35 22 vid

143 1431 69 21 denna
227 1432 71 25 trupp,
314 1429 67 27 enligt
396 1429 74 22 härom
485 1429 122 21 meddeladt
623 1429 75 27 nådigt
712 1429 150 27 förordnande,
872 1429 22 21 få

143 1464 83 28 åtnjuta
248 1463 92 28 aflöning
362 1463 66 28 enligt
450 1465 44 20 stat
517 1464 24 20 så
563 1464 63 26 länge
648 1462 188 22 officersvakanser
858 1463 35 21 vid
