1120 1781
344 140 29 23 U.
389 141 27 22 B.
433 155 27 2 —
476 142 73 29 Prop.
567 143 45 22 N:o
627 143 36 23 12.
842 144 12 21 7

329 209 97 28 fordrar
441 211 124 22 densamma
575 213 8 20 i
605 213 50 20 stad
669 213 53 21 eller
733 213 80 28 köping
824 213 58 21 inom

335 247 32 19 tre
380 248 57 18 samt
451 246 31 27 på
498 247 73 20 landet
586 247 57 21 inom
657 253 37 15 sex
709 247 58 28 dygn
782 246 100 27 derefter,

334 279 164 27 undanskafas.

402 313 79 28 Egare,
502 321 45 14 som
571 315 166 21 äterbekommer
757 315 36 21 sin
814 314 66 26 hund,

334 354 50 15 vare
400 349 65 20 alltid
479 349 83 28 skyldig
578 351 32 19 att
625 349 84 28 utgifva
723 349 72 28 skälig
805 351 74 20 ersätt-

334 383 53 27 ning
397 382 42 27 för
454 383 48 22 dess
516 383 122 22 underhåll.

580 482 16 27 $
610 482 20 20 9.

401 543 80 21 Denna
497 544 137 28 förordning
656 550 48 22 eger
723 544 45 21 icke
783 545 95 27 tillämp-

333 578 53 26 ning
402 577 133 28 beträffande
550 578 65 28 hund,
630 586 44 14 som
689 579 22 27 ej
723 580 92 27 uppnått
822 579 57 29 fyra

333 613 115 21 månaders
463 613 67 21 ålder.

572 712 16 28 $
602 713 36 20 10.

402 770 77 20 Denna
500 769 132 28 förordning
649 769 57 21 skall
721 776 39 21 ega
775 770 104 27 gällande

332 804 61 26 kraft
416 803 52 22 från
490 804 39 21 och
553 804 47 21 med
622 804 26 21 år
671 804 58 21 1895
751 804 37 20 och
802 810 75 22 genom

333 839 123 21 densamma
478 838 118 28 upphäfves
618 838 82 28 nädigä
714 838 163 28 förordningen

333 872 28 28 af
381 874 40 20 den
443 874 29 21 20
488 873 49 27 Maj
553 874 64 26 1878,
633 873 110 27 angäende
758 873 119 27 utgörande

333 908 29 25 af
383 908 57 21 skatt
455 909 41 26 jör
515 908 94 26 hundar,
624 910 56 18 samt
699 908 82 27 nädiga
797 908 79 27 kungö-

333 943 68 21 relsen
409 942 30 27 af
441 943 41 21 den
487 944 29 20 20
522 942 117 22 November
647 942 64 25 1882,
719 942 111 27 angäende
841 942 34 20 til-

333 977 140 28 lämpningen
491 977 30 27 af
536 977 135 21 sistnämnda
694 976 82 28 nådiga
785 976 91 27 förord-

333 1019 58 21 ning.

193 1502 178 19 Ekonomiutskottets
383 1501 108 19 betänkande
503 1500 37 19 N:o
551 1502 17 17 4.
