<?xml version="1.0" encoding="UTF-8"?>
<alto xmlns="http://www.loc.gov/standards/alto/ns-v3#" xmlns:xlink="http://www.w3.org/1999/xlink" xmlns:xsi="http://www.w3.org/2001/XMLSchema-instance" xsi:schemaLocation="http://www.loc.gov/standards/alto/ns-v3# http://www.loc.gov/alto/v3/alto-3-0.xsd">
	<Description>
		<MeasurementUnit>pixel</MeasurementUnit>
		<sourceImageInformation>
			<fileName>/tmp/tess_wywkmic7_input.PNG</fileName>
		</sourceImageInformation>
		<OCRProcessing ID="OCR_0">
			<ocrProcessingStep>
				<processingSoftware>
					<softwareName>tesseract 5.3.4</softwareName>
				</processingSoftware>
			</ocrProcessingStep>
		</OCRProcessing>
	</Description>
	<Layout>
		<Page WIDTH="1100" HEIGHT="1784" PHYSICAL_IMG_NR="0" ID="page_0">
			<PrintSpace HPOS="0" VPOS="0" WIDTH="1100" HEIGHT="1784">
				<ComposedBlock ID="cblock_0" HPOS="281" VPOS="162" WIDTH="521" HEIGHT="28">
					<TextBlock ID="block_0" HPOS="281" VPOS="162" WIDTH="521" HEIGHT="28">
						<TextLine ID="line_0" HPOS="281" VPOS="162" WIDTH="521" HEIGHT="28">
							<String ID="string_0" HPOS="281" VPOS="162" WIDTH="26" HEIGHT="21" WC="0.96" CONTENT="18"/><SP WIDTH="143" VPOS="162" HPOS="307"/>
							<String ID="string_1" HPOS="450" VPOS="162" WIDTH="75" HEIGHT="22" WC="0.91" CONTENT="Ständ."/><SP WIDTH="17" VPOS="162" HPOS="525"/>
							<String ID="string_2" HPOS="542" VPOS="162" WIDTH="33" HEIGHT="22" WC="0.93" CONTENT="Sv."/><SP WIDTH="16" VPOS="162" HPOS="575"/>
							<String ID="string_3" HPOS="591" VPOS="175" WIDTH="28" HEIGHT="3" WC="0.92" CONTENT="—"/><SP WIDTH="14" VPOS="175" HPOS="619"/>
							<String ID="string_4" HPOS="633" VPOS="162" WIDTH="67" HEIGHT="28" WC="0.95" CONTENT="Prop."/><SP WIDTH="14" VPOS="162" HPOS="700"/>
							<String ID="string_5" HPOS="714" VPOS="163" WIDTH="38" HEIGHT="22" WC="0.96" CONTENT="N:o"/><SP WIDTH="15" VPOS="163" HPOS="752"/>
							<String ID="string_6" HPOS="767" VPOS="162" WIDTH="35" HEIGHT="22" WC="0.96" CONTENT="23."/>
						</TextLine>
					</TextBlock>
				</ComposedBlock>
				<ComposedBlock ID="cblock_1" HPOS="450" VPOS="227" WIDTH="552" HEIGHT="717">
					<TextBlock ID="block_1" HPOS="455" VPOS="227" WIDTH="547" HEIGHT="95">
						<TextLine ID="line_1" HPOS="455" VPOS="227" WIDTH="545" HEIGHT="27">
							<String ID="string_7" HPOS="455" VPOS="228" WIDTH="132" HEIGHT="25" WC="0.89" CONTENT="statsfonden"/><SP WIDTH="23" VPOS="228" HPOS="587"/>
							<String ID="string_8" HPOS="610" VPOS="227" WIDTH="31" HEIGHT="21" WC="0.93" CONTENT="till"/><SP WIDTH="22" VPOS="227" HPOS="641"/>
							<String ID="string_9" HPOS="663" VPOS="227" WIDTH="201" HEIGHT="27" WC="0.91" CONTENT="bevillningsfonden"/><SP WIDTH="15" VPOS="227" HPOS="864"/>
							<String ID="string_10" HPOS="879" VPOS="227" WIDTH="121" HEIGHT="27" WC="0.88" CONTENT="öfverföras,"/>
						</TextLine>
						<TextLine ID="line_2" HPOS="456" VPOS="261" WIDTH="546" HEIGHT="28">
							<String ID="string_11" HPOS="456" VPOS="263" WIDTH="28" HEIGHT="19" WC="0.96" CONTENT="än"/><SP WIDTH="24" VPOS="263" HPOS="484"/>
							<String ID="string_12" HPOS="508" VPOS="261" WIDTH="35" HEIGHT="22" WC="0.96" CONTENT="ock"/><SP WIDTH="21" VPOS="261" HPOS="543"/>
							<String ID="string_13" HPOS="564" VPOS="262" WIDTH="38" HEIGHT="21" WC="0.95" CONTENT="den"/><SP WIDTH="23" VPOS="262" HPOS="602"/>
							<String ID="string_14" HPOS="625" VPOS="262" WIDTH="134" HEIGHT="21" WC="0.95" CONTENT="sistnämnda"/><SP WIDTH="14" VPOS="262" HPOS="759"/>
							<String ID="string_15" HPOS="773" VPOS="262" WIDTH="52" HEIGHT="27" WC="0.95" CONTENT="fond"/><SP WIDTH="16" VPOS="262" HPOS="825"/>
							<String ID="string_16" HPOS="841" VPOS="262" WIDTH="85" HEIGHT="27" WC="0.96" CONTENT="tillagda"/><SP WIDTH="16" VPOS="262" HPOS="926"/>
							<String ID="string_17" HPOS="942" VPOS="262" WIDTH="60" HEIGHT="21" WC="0.96" CONTENT="andel"/>
						</TextLine>
						<TextLine ID="line_3" HPOS="455" VPOS="296" WIDTH="215" HEIGHT="26">
							<String ID="string_18" HPOS="455" VPOS="296" WIDTH="8" HEIGHT="21" WC="0.93" CONTENT="i"/><SP WIDTH="14" VPOS="296" HPOS="463"/>
							<String ID="string_19" HPOS="477" VPOS="296" WIDTH="181" HEIGHT="21" WC="0.92" CONTENT="bränvinsskatten"/><SP WIDTH="5" VPOS="296" HPOS="658"/>
							<String ID="string_20" HPOS="663" VPOS="303" WIDTH="7" HEIGHT="19" WC="0.92" CONTENT=";"/>
						</TextLine>
					</TextBlock>
					<TextBlock ID="block_2" HPOS="452" VPOS="329" WIDTH="549" HEIGHT="229">
						<TextLine ID="line_4" HPOS="524" VPOS="329" WIDTH="477" HEIGHT="23">
							<String ID="string_21" HPOS="524" VPOS="332" WIDTH="30" HEIGHT="19" WC="0.95" CONTENT="att"/><SP WIDTH="18" VPOS="332" HPOS="554"/>
							<String ID="string_22" HPOS="572" VPOS="331" WIDTH="31" HEIGHT="20" WC="0.96" CONTENT="till"/><SP WIDTH="17" VPOS="331" HPOS="603"/>
							<String ID="string_23" HPOS="620" VPOS="337" WIDTH="80" HEIGHT="15" WC="0.92" CONTENT="samma"/><SP WIDTH="15" VPOS="337" HPOS="700"/>
							<String ID="string_24" HPOS="715" VPOS="330" WIDTH="101" HEIGHT="22" WC="0.95" CONTENT="ändamål"/><SP WIDTH="15" VPOS="330" HPOS="816"/>
							<String ID="string_25" HPOS="831" VPOS="329" WIDTH="70" HEIGHT="22" WC="0.93" CONTENT="vidare"/><SP WIDTH="15" VPOS="329" HPOS="901"/>
							<String ID="string_26" HPOS="916" VPOS="331" WIDTH="85" HEIGHT="21" WC="0.96" CONTENT="anvisas"/>
						</TextLine>
						<TextLine ID="line_5" HPOS="455" VPOS="365" WIDTH="546" HEIGHT="27">
							<String ID="string_27" HPOS="455" VPOS="365" WIDTH="114" HEIGHT="21" WC="0.96" CONTENT="inkomsten"/><SP WIDTH="15" VPOS="365" HPOS="569"/>
							<String ID="string_28" HPOS="584" VPOS="365" WIDTH="26" HEIGHT="27" WC="0.96" CONTENT="af"/><SP WIDTH="12" VPOS="365" HPOS="610"/>
							<String ID="string_29" HPOS="622" VPOS="365" WIDTH="92" HEIGHT="26" WC="0.93" CONTENT="följande"/><SP WIDTH="14" VPOS="365" HPOS="714"/>
							<String ID="string_30" HPOS="728" VPOS="365" WIDTH="142" HEIGHT="27" WC="0.43" CONTENT="bdevillningar,"/><SP WIDTH="16" VPOS="365" HPOS="870"/>
							<String ID="string_31" HPOS="886" VPOS="365" WIDTH="115" HEIGHT="27" WC="0.96" CONTENT="nämligen:"/>
						</TextLine>
						<TextLine ID="line_6" HPOS="454" VPOS="399" WIDTH="546" HEIGHT="28">
							<String ID="string_32" HPOS="454" VPOS="399" WIDTH="205" HEIGHT="28" WC="0.71" CONTENT="stämpelbevillning,"/><SP WIDTH="19" VPOS="399" HPOS="659"/>
							<String ID="string_33" HPOS="678" VPOS="400" WIDTH="201" HEIGHT="27" WC="0.67" CONTENT="näringsbevillning"/><SP WIDTH="16" VPOS="400" HPOS="879"/>
							<String ID="string_34" HPOS="895" VPOS="400" WIDTH="25" HEIGHT="26" WC="0.93" CONTENT="af"/><SP WIDTH="11" VPOS="400" HPOS="920"/>
							<String ID="string_35" HPOS="931" VPOS="400" WIDTH="69" HEIGHT="21" WC="0.92" CONTENT="utlän-"/>
						</TextLine>
						<TextLine ID="line_7" HPOS="455" VPOS="433" WIDTH="545" HEIGHT="29">
							<String ID="string_36" HPOS="455" VPOS="433" WIDTH="83" HEIGHT="28" WC="0.90" CONTENT="dingar,"/><SP WIDTH="23" VPOS="433" HPOS="538"/>
							<String ID="string_37" HPOS="561" VPOS="434" WIDTH="109" HEIGHT="27" WC="0.89" CONTENT="bevillning"/><SP WIDTH="22" VPOS="434" HPOS="670"/>
							<String ID="string_38" HPOS="692" VPOS="435" WIDTH="32" HEIGHT="26" WC="0.92" CONTENT="för"/><SP WIDTH="23" VPOS="435" HPOS="724"/>
							<String ID="string_39" HPOS="747" VPOS="434" WIDTH="136" HEIGHT="28" WC="0.81" CONTENT="maltdrycker"/><SP WIDTH="16" VPOS="434" HPOS="883"/>
							<String ID="string_40" HPOS="899" VPOS="434" WIDTH="35" HEIGHT="21" WC="0.93" CONTENT="och"/><SP WIDTH="15" VPOS="434" HPOS="934"/>
							<String ID="string_41" HPOS="949" VPOS="435" WIDTH="51" HEIGHT="26" WC="0.90" CONTENT="spel-"/>
						</TextLine>
						<TextLine ID="line_8" HPOS="452" VPOS="468" WIDTH="548" HEIGHT="27">
							<String ID="string_42" HPOS="452" VPOS="468" WIDTH="47" HEIGHT="22" WC="0.95" CONTENT="kort"/><SP WIDTH="21" VPOS="468" HPOS="499"/>
							<String ID="string_43" HPOS="520" VPOS="471" WIDTH="56" HEIGHT="19" WC="0.95" CONTENT="samt"/><SP WIDTH="20" VPOS="471" HPOS="576"/>
							<String ID="string_44" HPOS="596" VPOS="468" WIDTH="105" HEIGHT="22" WC="0.93" CONTENT="Finlands"/><SP WIDTH="17" VPOS="468" HPOS="701"/>
							<String ID="string_45" HPOS="718" VPOS="469" WIDTH="76" HEIGHT="22" WC="0.90" CONTENT="Panks"/><SP WIDTH="17" VPOS="469" HPOS="794"/>
							<String ID="string_46" HPOS="811" VPOS="469" WIDTH="34" HEIGHT="26" WC="0.96" CONTENT="för"/><SP WIDTH="22" VPOS="469" HPOS="845"/>
							<String ID="string_47" HPOS="867" VPOS="469" WIDTH="133" HEIGHT="21" WC="0.94" CONTENT="närvarande"/>
						</TextLine>
						<TextLine ID="line_9" HPOS="454" VPOS="502" WIDTH="547" HEIGHT="28">
							<String ID="string_48" HPOS="454" VPOS="503" WIDTH="119" HEIGHT="26" WC="0.93" CONTENT="disponibla"/><SP WIDTH="22" VPOS="503" HPOS="573"/>
							<String ID="string_49" HPOS="595" VPOS="503" WIDTH="121" HEIGHT="22" WC="0.86" CONTENT="vinstmedel"/><SP WIDTH="23" VPOS="503" HPOS="716"/>
							<String ID="string_50" HPOS="739" VPOS="502" WIDTH="53" HEIGHT="23" WC="0.91" CONTENT="Fmk"/><SP WIDTH="22" VPOS="502" HPOS="792"/>
							<String ID="string_51" HPOS="814" VPOS="504" WIDTH="130" HEIGHT="26" WC="0.88" CONTENT="2,650,172:"/><SP WIDTH="22" VPOS="504" HPOS="944"/>
							<String ID="string_52" HPOS="966" VPOS="504" WIDTH="35" HEIGHT="25" WC="0.96" CONTENT="14;"/>
						</TextLine>
						<TextLine ID="line_10" HPOS="454" VPOS="535" WIDTH="119" HEIGHT="23">
							<String ID="string_53" HPOS="454" VPOS="535" WIDTH="119" HEIGHT="23" WC="0.96" CONTENT="äfvensom"/>
						</TextLine>
					</TextBlock>
					<TextBlock ID="block_3" HPOS="450" VPOS="572" WIDTH="550" HEIGHT="372">
						<TextLine ID="line_11" HPOS="523" VPOS="572" WIDTH="477" HEIGHT="27">
							<String ID="string_54" HPOS="523" VPOS="573" WIDTH="31" HEIGHT="20" WC="0.94" CONTENT="att"/><SP WIDTH="18" VPOS="573" HPOS="554"/>
							<String ID="string_55" HPOS="572" VPOS="572" WIDTH="31" HEIGHT="21" WC="0.93" CONTENT="till"/><SP WIDTH="15" VPOS="572" HPOS="603"/>
							<String ID="string_56" HPOS="618" VPOS="572" WIDTH="235" HEIGHT="27" WC="0.91" CONTENT="bevillningsbudgetens"/><SP WIDTH="15" VPOS="572" HPOS="853"/>
							<String ID="string_57" HPOS="868" VPOS="572" WIDTH="132" HEIGHT="27" WC="0.87" CONTENT="utjemnande"/>
						</TextLine>
						<TextLine ID="line_12" HPOS="454" VPOS="605" WIDTH="546" HEIGHT="28">
							<String ID="string_58" HPOS="454" VPOS="605" WIDTH="96" HEIGHT="28" WC="0.91" CONTENT="slulligen"/><SP WIDTH="28" VPOS="605" HPOS="550"/>
							<String ID="string_59" HPOS="578" VPOS="608" WIDTH="102" HEIGHT="25" WC="0.91" CONTENT="upptages"/><SP WIDTH="30" VPOS="608" HPOS="680"/>
							<String ID="string_60" HPOS="710" VPOS="606" WIDTH="34" HEIGHT="21" WC="0.95" CONTENT="det"/><SP WIDTH="29" VPOS="606" HPOS="744"/>
							<String ID="string_61" HPOS="773" VPOS="606" WIDTH="72" HEIGHT="27" WC="0.95" CONTENT="belopp"/><SP WIDTH="29" VPOS="606" HPOS="845"/>
							<String ID="string_62" HPOS="874" VPOS="607" WIDTH="27" HEIGHT="26" WC="0.93" CONTENT="af"/><SP WIDTH="23" VPOS="607" HPOS="901"/>
							<String ID="string_63" HPOS="924" VPOS="607" WIDTH="76" HEIGHT="21" WC="0.91" CONTENT="inemot"/>
						</TextLine>
						<TextLine ID="line_13" HPOS="453" VPOS="640" WIDTH="545" HEIGHT="27">
							<String ID="string_64" HPOS="453" VPOS="641" WIDTH="122" HEIGHT="26" WC="0.92" CONTENT="1,500,000"/><SP WIDTH="22" VPOS="641" HPOS="575"/>
							<String ID="string_65" HPOS="597" VPOS="640" WIDTH="65" HEIGHT="27" WC="0.96" CONTENT="mark,"/><SP WIDTH="15" VPOS="640" HPOS="662"/>
							<String ID="string_66" HPOS="677" VPOS="640" WIDTH="63" HEIGHT="22" WC="0.93" CONTENT="hvars"/><SP WIDTH="15" VPOS="640" HPOS="740"/>
							<String ID="string_67" HPOS="755" VPOS="640" WIDTH="126" HEIGHT="27" WC="0.91" CONTENT="öfverföring"/><SP WIDTH="15" VPOS="640" HPOS="881"/>
							<String ID="string_68" HPOS="896" VPOS="641" WIDTH="50" HEIGHT="26" WC="0.92" CONTENT="från"/><SP WIDTH="16" VPOS="641" HPOS="946"/>
							<String ID="string_69" HPOS="962" VPOS="641" WIDTH="36" HEIGHT="22" WC="0.89" CONTENT="all-"/>
						</TextLine>
						<TextLine ID="line_14" HPOS="452" VPOS="674" WIDTH="548" HEIGHT="28">
							<String ID="string_70" HPOS="452" VPOS="675" WIDTH="78" HEIGHT="21" WC="0.91" CONTENT="männa"/><SP WIDTH="16" VPOS="675" HPOS="530"/>
							<String ID="string_71" HPOS="546" VPOS="674" WIDTH="131" HEIGHT="27" WC="0.92" CONTENT="statsfonden"/><SP WIDTH="12" VPOS="674" HPOS="677"/>
							<String ID="string_72" HPOS="689" VPOS="676" WIDTH="33" HEIGHT="26" WC="0.96" CONTENT="på"/><SP WIDTH="14" VPOS="676" HPOS="722"/>
							<String ID="string_73" HPOS="736" VPOS="674" WIDTH="71" HEIGHT="28" WC="0.96" CONTENT="grund"/><SP WIDTH="14" VPOS="674" HPOS="807"/>
							<String ID="string_74" HPOS="821" VPOS="674" WIDTH="27" HEIGHT="28" WC="0.95" CONTENT="af"/><SP WIDTH="11" VPOS="674" HPOS="848"/>
							<String ID="string_75" HPOS="859" VPOS="675" WIDTH="62" HEIGHT="27" WC="0.93" CONTENT="ofvan"/><SP WIDTH="15" VPOS="675" HPOS="921"/>
							<String ID="string_76" HPOS="936" VPOS="676" WIDTH="64" HEIGHT="26" WC="0.92" CONTENT="fram-"/>
						</TextLine>
						<TextLine ID="line_15" HPOS="452" VPOS="708" WIDTH="547" HEIGHT="29">
							<String ID="string_77" HPOS="452" VPOS="708" WIDTH="70" HEIGHT="22" WC="0.92" CONTENT="stälda"/><SP WIDTH="14" VPOS="708" HPOS="522"/>
							<String ID="string_78" HPOS="536" VPOS="709" WIDTH="146" HEIGHT="27" WC="0.90" CONTENT="underdåniga"/><SP WIDTH="16" VPOS="709" HPOS="682"/>
							<String ID="string_79" HPOS="698" VPOS="709" WIDTH="99" HEIGHT="21" WC="0.92" CONTENT="anhållan"/><SP WIDTH="12" VPOS="709" HPOS="797"/>
							<String ID="string_80" HPOS="809" VPOS="710" WIDTH="36" HEIGHT="20" WC="0.96" CONTENT="och"/><SP WIDTH="11" VPOS="710" HPOS="845"/>
							<String ID="string_81" HPOS="856" VPOS="711" WIDTH="30" HEIGHT="19" WC="0.92" CONTENT="36"/><SP WIDTH="10" VPOS="711" HPOS="886"/>
							<String ID="string_82" HPOS="896" VPOS="709" WIDTH="15" HEIGHT="28" WC="0.92" CONTENT="$"/><SP WIDTH="10" VPOS="709" HPOS="911"/>
							<String ID="string_83" HPOS="921" VPOS="710" WIDTH="78" HEIGHT="22" WC="0.91" CONTENT="Landt-"/>
						</TextLine>
						<TextLine ID="line_16" HPOS="452" VPOS="743" WIDTH="547" HEIGHT="28">
							<String ID="string_84" HPOS="452" VPOS="743" WIDTH="168" HEIGHT="28" WC="0.88" CONTENT="dagsordningen"/><SP WIDTH="17" VPOS="743" HPOS="620"/>
							<String ID="string_85" HPOS="637" VPOS="743" WIDTH="119" HEIGHT="27" WC="0.89" CONTENT="påräknas,"/><SP WIDTH="24" VPOS="743" HPOS="756"/>
							<String ID="string_86" HPOS="780" VPOS="744" WIDTH="51" HEIGHT="22" WC="0.96" CONTENT="dock"/><SP WIDTH="22" VPOS="744" HPOS="831"/>
							<String ID="string_87" HPOS="853" VPOS="746" WIDTH="36" HEIGHT="24" WC="0.96" CONTENT="att,"/><SP WIDTH="20" VPOS="746" HPOS="889"/>
							<String ID="string_88" HPOS="909" VPOS="744" WIDTH="33" HEIGHT="27" WC="0.96" CONTENT="för"/><SP WIDTH="18" VPOS="744" HPOS="942"/>
							<String ID="string_89" HPOS="960" VPOS="745" WIDTH="39" HEIGHT="21" WC="0.96" CONTENT="den"/>
						</TextLine>
						<TextLine ID="line_17" HPOS="452" VPOS="777" WIDTH="547" HEIGHT="29">
							<String ID="string_90" HPOS="452" VPOS="777" WIDTH="99" HEIGHT="22" WC="0.93" CONTENT="händelse"/><SP WIDTH="17" VPOS="777" HPOS="551"/>
							<String ID="string_91" HPOS="568" VPOS="778" WIDTH="144" HEIGHT="27" WC="0.91" CONTENT="statsfondens"/><SP WIDTH="19" VPOS="778" HPOS="712"/>
							<String ID="string_92" HPOS="731" VPOS="778" WIDTH="114" HEIGHT="28" WC="0.96" CONTENT="tillgångar"/><SP WIDTH="14" VPOS="778" HPOS="845"/>
							<String ID="string_93" HPOS="859" VPOS="779" WIDTH="19" HEIGHT="27" WC="0.93" CONTENT="ej"/><SP WIDTH="14" VPOS="779" HPOS="878"/>
							<String ID="string_94" HPOS="892" VPOS="779" WIDTH="107" HEIGHT="27" WC="0.92" CONTENT="medgåfve"/>
						</TextLine>
						<TextLine ID="line_18" HPOS="452" VPOS="812" WIDTH="547" HEIGHT="28">
							<String ID="string_95" HPOS="452" VPOS="812" WIDTH="68" HEIGHT="22" WC="0.91" CONTENT="denna"/><SP WIDTH="23" VPOS="812" HPOS="520"/>
							<String ID="string_96" HPOS="543" VPOS="812" WIDTH="125" HEIGHT="28" WC="0.90" CONTENT="öfverföring"/><SP WIDTH="19" VPOS="812" HPOS="668"/>
							<String ID="string_97" HPOS="687" VPOS="814" WIDTH="8" HEIGHT="20" WC="0.96" CONTENT="i"/><SP WIDTH="16" VPOS="814" HPOS="695"/>
							<String ID="string_98" HPOS="711" VPOS="813" WIDTH="48" HEIGHT="21" WC="0.96" CONTENT="dess"/><SP WIDTH="15" VPOS="813" HPOS="759"/>
							<String ID="string_99" HPOS="774" VPOS="813" WIDTH="65" HEIGHT="21" WC="0.95" CONTENT="helhet"/><SP WIDTH="15" VPOS="813" HPOS="839"/>
							<String ID="string_100" HPOS="854" VPOS="814" WIDTH="47" HEIGHT="21" WC="0.96" CONTENT="eller"/><SP WIDTH="16" VPOS="814" HPOS="901"/>
							<String ID="string_101" HPOS="917" VPOS="814" WIDTH="31" HEIGHT="21" WC="0.93" CONTENT="till"/><SP WIDTH="14" VPOS="814" HPOS="948"/>
							<String ID="string_102" HPOS="962" VPOS="814" WIDTH="37" HEIGHT="21" WC="0.92" CONTENT="nå-"/>
						</TextLine>
						<TextLine ID="line_19" HPOS="450" VPOS="847" WIDTH="549" HEIGHT="27">
							<String ID="string_103" HPOS="450" VPOS="854" WIDTH="43" HEIGHT="20" WC="0.96" CONTENT="gon"/><SP WIDTH="15" VPOS="854" HPOS="493"/>
							<String ID="string_104" HPOS="508" VPOS="847" WIDTH="38" HEIGHT="26" WC="0.96" CONTENT="del,"/><SP WIDTH="16" VPOS="847" HPOS="546"/>
							<String ID="string_105" HPOS="562" VPOS="847" WIDTH="34" HEIGHT="22" WC="0.96" CONTENT="det"/><SP WIDTH="14" VPOS="847" HPOS="596"/>
							<String ID="string_106" HPOS="610" VPOS="847" WIDTH="108" HEIGHT="21" WC="0.95" CONTENT="bristande"/><SP WIDTH="15" VPOS="847" HPOS="718"/>
							<String ID="string_107" HPOS="733" VPOS="848" WIDTH="92" HEIGHT="26" WC="0.96" CONTENT="beloppet"/><SP WIDTH="15" VPOS="848" HPOS="825"/>
							<String ID="string_108" HPOS="840" VPOS="848" WIDTH="35" HEIGHT="21" WC="0.95" CONTENT="må"/><SP WIDTH="10" VPOS="848" HPOS="875"/>
							<String ID="string_109" HPOS="885" VPOS="847" WIDTH="47" HEIGHT="22" WC="0.96" CONTENT="med"/><SP WIDTH="10" VPOS="847" HPOS="932"/>
							<String ID="string_110" HPOS="942" VPOS="848" WIDTH="57" HEIGHT="22" WC="0.96" CONTENT="ända"/>
						</TextLine>
						<TextLine ID="line_20" HPOS="453" VPOS="881" WIDTH="546" HEIGHT="28">
							<String ID="string_111" HPOS="453" VPOS="881" WIDTH="31" HEIGHT="22" WC="0.90" CONTENT="till"/><SP WIDTH="16" VPOS="881" HPOS="484"/>
							<String ID="string_112" HPOS="500" VPOS="882" WIDTH="100" HEIGHT="26" WC="0.90" CONTENT="500,000"/><SP WIDTH="10" VPOS="882" HPOS="600"/>
							<String ID="string_113" HPOS="610" VPOS="882" WIDTH="59" HEIGHT="22" WC="0.95" CONTENT="mark"/><SP WIDTH="11" VPOS="882" HPOS="669"/>
							<String ID="string_114" HPOS="680" VPOS="882" WIDTH="80" HEIGHT="27" WC="0.96" CONTENT="årligen"/><SP WIDTH="11" VPOS="882" HPOS="760"/>
							<String ID="string_115" HPOS="771" VPOS="883" WIDTH="52" HEIGHT="26" WC="0.96" CONTENT="utgå"/><SP WIDTH="9" VPOS="883" HPOS="823"/>
							<String ID="string_116" HPOS="832" VPOS="882" WIDTH="52" HEIGHT="27" WC="0.96" CONTENT="från"/><SP WIDTH="10" VPOS="882" HPOS="884"/>
							<String ID="string_117" HPOS="894" VPOS="882" WIDTH="105" HEIGHT="23" WC="0.94" CONTENT="Finlands"/>
						</TextLine>
						<TextLine ID="line_21" HPOS="451" VPOS="916" WIDTH="427" HEIGHT="28">
							<String ID="string_118" HPOS="451" VPOS="916" WIDTH="75" HEIGHT="23" WC="0.95" CONTENT="Banks"/><SP WIDTH="14" VPOS="916" HPOS="526"/>
							<String ID="string_119" HPOS="540" VPOS="917" WIDTH="57" HEIGHT="22" WC="0.95" CONTENT="vinst"/><SP WIDTH="14" VPOS="917" HPOS="597"/>
							<String ID="string_120" HPOS="611" VPOS="917" WIDTH="34" HEIGHT="27" WC="0.96" CONTENT="för"/><SP WIDTH="15" VPOS="917" HPOS="645"/>
							<String ID="string_121" HPOS="660" VPOS="918" WIDTH="50" HEIGHT="21" WC="0.93" CONTENT="åren"/><SP WIDTH="15" VPOS="918" HPOS="710"/>
							<String ID="string_122" HPOS="725" VPOS="918" WIDTH="153" HEIGHT="21" WC="0.91" CONTENT="1894—1896."/>
						</TextLine>
					</TextBlock>
				</ComposedBlock>
				<ComposedBlock ID="cblock_2" HPOS="240" VPOS="1094" WIDTH="757" HEIGHT="406">
					<TextBlock ID="block_4" HPOS="240" VPOS="1094" WIDTH="757" HEIGHT="406">
						<TextLine ID="line_22" HPOS="312" VPOS="1094" WIDTH="685" HEIGHT="29">
							<String ID="string_123" HPOS="312" VPOS="1095" WIDTH="13" HEIGHT="21" WC="0.96" CONTENT="I"/><SP WIDTH="20" VPOS="1095" HPOS="325"/>
							<String ID="string_124" HPOS="345" VPOS="1094" WIDTH="165" HEIGHT="29" WC="0.95" CONTENT="sammanhang"/><SP WIDTH="26" VPOS="1094" HPOS="510"/>
							<String ID="string_125" HPOS="536" VPOS="1094" WIDTH="52" HEIGHT="22" WC="0.93" CONTENT="med"/><SP WIDTH="28" VPOS="1094" HPOS="588"/>
							<String ID="string_126" HPOS="616" VPOS="1094" WIDTH="166" HEIGHT="22" WC="0.89" CONTENT="ofvanstående"/><SP WIDTH="23" VPOS="1094" HPOS="782"/>
							<String ID="string_127" HPOS="805" VPOS="1095" WIDTH="99" HEIGHT="21" WC="0.96" CONTENT="ärenden"/><SP WIDTH="23" VPOS="1095" HPOS="904"/>
							<String ID="string_128" HPOS="927" VPOS="1095" WIDTH="70" HEIGHT="22" WC="0.96" CONTENT="hafva"/>
						</TextLine>
						<TextLine ID="line_23" HPOS="245" VPOS="1128" WIDTH="751" HEIGHT="30">
							<String ID="string_129" HPOS="245" VPOS="1129" WIDTH="129" HEIGHT="22" WC="0.92" CONTENT="Ständerna"/><SP WIDTH="23" VPOS="1129" HPOS="374"/>
							<String ID="string_130" HPOS="397" VPOS="1128" WIDTH="79" HEIGHT="22" WC="0.96" CONTENT="funnit"/><SP WIDTH="22" VPOS="1128" HPOS="476"/>
							<String ID="string_131" HPOS="498" VPOS="1129" WIDTH="37" HEIGHT="28" WC="0.96" CONTENT="sig"/><SP WIDTH="22" VPOS="1129" HPOS="535"/>
							<String ID="string_132" HPOS="557" VPOS="1128" WIDTH="95" HEIGHT="22" WC="0.96" CONTENT="manade"/><SP WIDTH="20" VPOS="1128" HPOS="652"/>
							<String ID="string_133" HPOS="672" VPOS="1130" WIDTH="35" HEIGHT="20" WC="0.96" CONTENT="att"/><SP WIDTH="14" VPOS="1130" HPOS="707"/>
							<String ID="string_134" HPOS="721" VPOS="1129" WIDTH="61" HEIGHT="29" WC="0.93" CONTENT="ånyo"/><SP WIDTH="15" VPOS="1129" HPOS="782"/>
							<String ID="string_135" HPOS="797" VPOS="1131" WIDTH="103" HEIGHT="27" WC="0.91" CONTENT="upptaga"/><SP WIDTH="14" VPOS="1131" HPOS="900"/>
							<String ID="string_136" HPOS="914" VPOS="1129" WIDTH="82" HEIGHT="29" WC="0.96" CONTENT="frågan"/>
						</TextLine>
						<TextLine ID="line_24" HPOS="245" VPOS="1162" WIDTH="751" HEIGHT="30">
							<String ID="string_137" HPOS="245" VPOS="1170" WIDTH="36" HEIGHT="15" WC="0.94" CONTENT="om"/><SP WIDTH="23" VPOS="1170" HPOS="281"/>
							<String ID="string_138" HPOS="304" VPOS="1163" WIDTH="160" HEIGHT="22" WC="0.94" CONTENT="förstärkande"/><SP WIDTH="24" VPOS="1163" HPOS="464"/>
							<String ID="string_139" HPOS="488" VPOS="1162" WIDTH="27" HEIGHT="23" WC="0.93" CONTENT="af"/><SP WIDTH="19" VPOS="1162" HPOS="515"/>
							<String ID="string_140" HPOS="534" VPOS="1162" WIDTH="182" HEIGHT="22" WC="0.90" CONTENT="militiefondens"/><SP WIDTH="16" VPOS="1162" HPOS="716"/>
							<String ID="string_141" HPOS="732" VPOS="1163" WIDTH="116" HEIGHT="22" WC="0.96" CONTENT="ordinarie"/><SP WIDTH="16" VPOS="1163" HPOS="848"/>
							<String ID="string_142" HPOS="864" VPOS="1164" WIDTH="132" HEIGHT="28" WC="0.96" CONTENT="tillgångar."/>
						</TextLine>
						<TextLine ID="line_25" HPOS="244" VPOS="1196" WIDTH="752" HEIGHT="30">
							<String ID="string_143" HPOS="244" VPOS="1198" WIDTH="53" HEIGHT="22" WC="0.96" CONTENT="Med"/><SP WIDTH="23" VPOS="1198" HPOS="297"/>
							<String ID="string_144" HPOS="320" VPOS="1197" WIDTH="126" HEIGHT="29" WC="0.96" CONTENT="anledning"/><SP WIDTH="20" VPOS="1197" HPOS="446"/>
							<String ID="string_145" HPOS="466" VPOS="1197" WIDTH="26" HEIGHT="22" WC="0.96" CONTENT="af"/><SP WIDTH="17" VPOS="1197" HPOS="492"/>
							<String ID="string_146" HPOS="509" VPOS="1196" WIDTH="45" HEIGHT="22" WC="0.96" CONTENT="den"/><SP WIDTH="14" VPOS="1196" HPOS="554"/>
							<String ID="string_147" HPOS="568" VPOS="1197" WIDTH="136" HEIGHT="28" WC="0.93" CONTENT="fortgående"/><SP WIDTH="16" VPOS="1197" HPOS="704"/>
							<String ID="string_148" HPOS="720" VPOS="1198" WIDTH="136" HEIGHT="28" WC="0.91" CONTENT="stegringen"/><SP WIDTH="15" VPOS="1198" HPOS="856"/>
							<String ID="string_149" HPOS="871" VPOS="1198" WIDTH="8" HEIGHT="21" WC="0.96" CONTENT="i"/><SP WIDTH="16" VPOS="1198" HPOS="879"/>
							<String ID="string_150" HPOS="895" VPOS="1198" WIDTH="27" HEIGHT="22" WC="0.91" CONTENT="de"/><SP WIDTH="16" VPOS="1198" HPOS="922"/>
							<String ID="string_151" HPOS="938" VPOS="1198" WIDTH="58" HEIGHT="22" WC="0.91" CONTENT="mili-"/>
						</TextLine>
						<TextLine ID="line_26" HPOS="244" VPOS="1231" WIDTH="753" HEIGHT="29">
							<String ID="string_152" HPOS="244" VPOS="1234" WIDTH="49" HEIGHT="20" WC="0.92" CONTENT="tära"/><SP WIDTH="14" VPOS="1234" HPOS="293"/>
							<String ID="string_153" HPOS="307" VPOS="1232" WIDTH="135" HEIGHT="28" WC="0.95" CONTENT="utgifterna,"/><SP WIDTH="16" VPOS="1232" HPOS="442"/>
							<String ID="string_154" HPOS="458" VPOS="1232" WIDTH="74" HEIGHT="22" WC="0.96" CONTENT="under"/><SP WIDTH="15" VPOS="1232" HPOS="532"/>
							<String ID="string_155" HPOS="547" VPOS="1231" WIDTH="39" HEIGHT="22" WC="0.93" CONTENT="det"/><SP WIDTH="16" VPOS="1231" HPOS="586"/>
							<String ID="string_156" HPOS="602" VPOS="1231" WIDTH="183" HEIGHT="23" WC="0.91" CONTENT="militiefondens"/><SP WIDTH="13" VPOS="1231" HPOS="785"/>
							<String ID="string_157" HPOS="798" VPOS="1232" WIDTH="128" HEIGHT="22" WC="0.96" CONTENT="inkomster"/><SP WIDTH="10" VPOS="1232" HPOS="926"/>
							<String ID="string_158" HPOS="936" VPOS="1232" WIDTH="61" HEIGHT="23" WC="0.96" CONTENT="varit"/>
						</TextLine>
						<TextLine ID="line_27" HPOS="243" VPOS="1266" WIDTH="753" HEIGHT="28">
							<String ID="string_159" HPOS="243" VPOS="1266" WIDTH="111" HEIGHT="28" WC="0.90" CONTENT="temligen"/><SP WIDTH="16" VPOS="1266" HPOS="354"/>
							<String ID="string_160" HPOS="370" VPOS="1266" WIDTH="83" HEIGHT="22" WC="0.96" CONTENT="stabila"/><SP WIDTH="15" VPOS="1266" HPOS="453"/>
							<String ID="string_161" HPOS="468" VPOS="1266" WIDTH="56" HEIGHT="22" WC="0.96" CONTENT="eller"/><SP WIDTH="10" VPOS="1266" HPOS="524"/>
							<String ID="string_162" HPOS="534" VPOS="1266" WIDTH="38" HEIGHT="22" WC="0.96" CONTENT="till"/><SP WIDTH="10" VPOS="1266" HPOS="572"/>
							<String ID="string_163" HPOS="582" VPOS="1266" WIDTH="44" HEIGHT="22" WC="0.96" CONTENT="och"/><SP WIDTH="10" VPOS="1266" HPOS="626"/>
							<String ID="string_164" HPOS="636" VPOS="1266" WIDTH="52" HEIGHT="22" WC="0.93" CONTENT="med"/><SP WIDTH="9" VPOS="1266" HPOS="688"/>
							<String ID="string_165" HPOS="697" VPOS="1266" WIDTH="98" HEIGHT="28" WC="0.91" CONTENT="nedgått"/><SP WIDTH="10" VPOS="1266" HPOS="795"/>
							<String ID="string_166" HPOS="805" VPOS="1273" WIDTH="84" HEIGHT="21" WC="0.93" CONTENT="genom"/><SP WIDTH="11" VPOS="1273" HPOS="889"/>
							<String ID="string_167" HPOS="900" VPOS="1267" WIDTH="96" HEIGHT="22" WC="0.91" CONTENT="vakans-"/>
						</TextLine>
						<TextLine ID="line_28" HPOS="242" VPOS="1300" WIDTH="753" HEIGHT="28">
							<String ID="string_168" HPOS="242" VPOS="1300" WIDTH="138" HEIGHT="28" WC="0.92" CONTENT="afgifternas"/><SP WIDTH="23" VPOS="1300" HPOS="380"/>
							<String ID="string_169" HPOS="403" VPOS="1300" WIDTH="155" HEIGHT="28" WC="0.96" CONTENT="upphörande,"/><SP WIDTH="24" VPOS="1300" HPOS="558"/>
							<String ID="string_170" HPOS="582" VPOS="1300" WIDTH="70" HEIGHT="22" WC="0.91" CONTENT="hafva"/><SP WIDTH="22" VPOS="1300" HPOS="652"/>
							<String ID="string_171" HPOS="674" VPOS="1300" WIDTH="129" HEIGHT="22" WC="0.91" CONTENT="Ständerna"/><SP WIDTH="21" VPOS="1300" HPOS="803"/>
							<String ID="string_172" HPOS="824" VPOS="1300" WIDTH="41" HEIGHT="22" WC="0.96" CONTENT="vid"/><SP WIDTH="21" VPOS="1300" HPOS="865"/>
							<String ID="string_173" HPOS="886" VPOS="1302" WIDTH="53" HEIGHT="20" WC="0.95" CONTENT="1891"/><SP WIDTH="21" VPOS="1302" HPOS="939"/>
							<String ID="string_174" HPOS="960" VPOS="1302" WIDTH="35" HEIGHT="20" WC="0.95" CONTENT="års"/>
						</TextLine>
						<TextLine ID="line_29" HPOS="242" VPOS="1333" WIDTH="754" HEIGHT="30">
							<String ID="string_175" HPOS="242" VPOS="1334" WIDTH="117" HEIGHT="28" WC="0.91" CONTENT="landtdag,"/><SP WIDTH="13" VPOS="1334" HPOS="359"/>
							<String ID="string_176" HPOS="372" VPOS="1333" WIDTH="110" HEIGHT="21" WC="0.96" CONTENT="särskildt"/><SP WIDTH="9" VPOS="1333" HPOS="482"/>
							<String ID="string_177" HPOS="491" VPOS="1333" WIDTH="53" HEIGHT="21" WC="0.96" CONTENT="med"/><SP WIDTH="10" VPOS="1333" HPOS="544"/>
							<String ID="string_178" HPOS="554" VPOS="1333" WIDTH="107" HEIGHT="21" WC="0.93" CONTENT="afseende"/><SP WIDTH="11" VPOS="1333" HPOS="661"/>
							<String ID="string_179" HPOS="672" VPOS="1333" WIDTH="60" HEIGHT="28" WC="0.92" CONTENT="derå,"/><SP WIDTH="11" VPOS="1333" HPOS="732"/>
							<String ID="string_180" HPOS="743" VPOS="1336" WIDTH="35" HEIGHT="19" WC="0.96" CONTENT="att"/><SP WIDTH="10" VPOS="1336" HPOS="778"/>
							<String ID="string_181" HPOS="788" VPOS="1334" WIDTH="44" HEIGHT="21" WC="0.93" CONTENT="den"/><SP WIDTH="12" VPOS="1334" HPOS="832"/>
							<String ID="string_182" HPOS="844" VPOS="1334" WIDTH="152" HEIGHT="29" WC="0.92" CONTENT="bevillnings-"/>
						</TextLine>
						<TextLine ID="line_30" HPOS="241" VPOS="1366" WIDTH="754" HEIGHT="30">
							<String ID="string_183" HPOS="241" VPOS="1368" WIDTH="88" HEIGHT="21" WC="0.92" CONTENT="fonden"/><SP WIDTH="21" VPOS="1368" HPOS="329"/>
							<String ID="string_184" HPOS="350" VPOS="1367" WIDTH="140" HEIGHT="22" WC="0.89" CONTENT="tillfallande"/><SP WIDTH="20" VPOS="1367" HPOS="490"/>
							<String ID="string_185" HPOS="510" VPOS="1366" WIDTH="100" HEIGHT="30" WC="0.91" CONTENT="afgiften"/><SP WIDTH="15" VPOS="1366" HPOS="610"/>
							<String ID="string_186" HPOS="625" VPOS="1368" WIDTH="14" HEIGHT="20" WC="0.92" CONTENT="å"/><SP WIDTH="14" VPOS="1368" HPOS="639"/>
							<String ID="string_187" HPOS="653" VPOS="1368" WIDTH="141" HEIGHT="28" WC="0.96" CONTENT="importerad"/><SP WIDTH="14" VPOS="1368" HPOS="794"/>
							<String ID="string_188" HPOS="808" VPOS="1368" WIDTH="72" HEIGHT="21" WC="0.96" CONTENT="tobak"/><SP WIDTH="14" VPOS="1368" HPOS="880"/>
							<String ID="string_189" HPOS="894" VPOS="1368" WIDTH="52" HEIGHT="22" WC="0.92" CONTENT="icke"/><SP WIDTH="16" VPOS="1368" HPOS="946"/>
							<String ID="string_190" HPOS="962" VPOS="1369" WIDTH="33" HEIGHT="21" WC="0.90" CONTENT="vi-"/>
						</TextLine>
						<TextLine ID="line_31" HPOS="242" VPOS="1401" WIDTH="752" HEIGHT="29">
							<String ID="string_191" HPOS="242" VPOS="1402" WIDTH="53" HEIGHT="22" WC="0.96" CONTENT="dare"/><SP WIDTH="15" VPOS="1402" HPOS="295"/>
							<String ID="string_192" HPOS="310" VPOS="1401" WIDTH="60" HEIGHT="22" WC="0.96" CONTENT="efter"/><SP WIDTH="14" VPOS="1401" HPOS="370"/>
							<String ID="string_193" HPOS="384" VPOS="1402" WIDTH="25" HEIGHT="20" WC="0.95" CONTENT="är"/><SP WIDTH="16" VPOS="1402" HPOS="409"/>
							<String ID="string_194" HPOS="425" VPOS="1402" WIDTH="53" HEIGHT="21" WC="0.96" CONTENT="1891"/><SP WIDTH="17" VPOS="1402" HPOS="478"/>
							<String ID="string_195" HPOS="495" VPOS="1401" WIDTH="62" HEIGHT="29" WC="0.93" CONTENT="finge"/><SP WIDTH="13" VPOS="1401" HPOS="557"/>
							<String ID="string_196" HPOS="570" VPOS="1402" WIDTH="120" HEIGHT="28" WC="0.89" CONTENT="uppbäras,"/><SP WIDTH="10" VPOS="1402" HPOS="690"/>
							<String ID="string_197" HPOS="700" VPOS="1401" WIDTH="8" HEIGHT="22" WC="0.93" CONTENT="i"/><SP WIDTH="11" VPOS="1401" HPOS="708"/>
							<String ID="string_198" HPOS="719" VPOS="1402" WIDTH="186" HEIGHT="28" WC="0.92" CONTENT="underdänighet"/><SP WIDTH="11" VPOS="1402" HPOS="905"/>
							<String ID="string_199" HPOS="916" VPOS="1403" WIDTH="78" HEIGHT="21" WC="0.89" CONTENT="anhäl-"/>
						</TextLine>
						<TextLine ID="line_32" HPOS="240" VPOS="1435" WIDTH="755" HEIGHT="29">
							<String ID="string_200" HPOS="240" VPOS="1436" WIDTH="30" HEIGHT="22" WC="0.87" CONTENT="lit"/><SP WIDTH="22" VPOS="1436" HPOS="270"/>
							<String ID="string_201" HPOS="292" VPOS="1443" WIDTH="37" HEIGHT="15" WC="0.93" CONTENT="om"/><SP WIDTH="22" VPOS="1443" HPOS="329"/>
							<String ID="string_202" HPOS="351" VPOS="1435" WIDTH="82" HEIGHT="29" WC="0.89" CONTENT="ätgärd"/><SP WIDTH="22" VPOS="1435" HPOS="433"/>
							<String ID="string_203" HPOS="455" VPOS="1435" WIDTH="93" HEIGHT="28" WC="0.91" CONTENT="derhän,"/><SP WIDTH="23" VPOS="1435" HPOS="548"/>
							<String ID="string_204" HPOS="571" VPOS="1437" WIDTH="34" HEIGHT="21" WC="0.93" CONTENT="att"/><SP WIDTH="15" VPOS="1437" HPOS="605"/>
							<String ID="string_205" HPOS="620" VPOS="1435" WIDTH="182" HEIGHT="23" WC="0.93" CONTENT="militiefondens"/><SP WIDTH="16" VPOS="1435" HPOS="802"/>
							<String ID="string_206" HPOS="818" VPOS="1436" WIDTH="115" HEIGHT="23" WC="0.90" CONTENT="ordinarie"/><SP WIDTH="15" VPOS="1436" HPOS="933"/>
							<String ID="string_207" HPOS="948" VPOS="1437" WIDTH="47" HEIGHT="22" WC="0.92" CONTENT="till-"/>
						</TextLine>
						<TextLine ID="line_33" HPOS="241" VPOS="1470" WIDTH="681" HEIGHT="30">
							<String ID="string_208" HPOS="241" VPOS="1471" WIDTH="88" HEIGHT="28" WC="0.93" CONTENT="gångar"/><SP WIDTH="15" VPOS="1471" HPOS="329"/>
							<String ID="string_209" HPOS="344" VPOS="1470" WIDTH="77" HEIGHT="22" WC="0.91" CONTENT="blefve"/><SP WIDTH="15" VPOS="1470" HPOS="421"/>
							<String ID="string_210" HPOS="436" VPOS="1470" WIDTH="126" HEIGHT="23" WC="0.96" CONTENT="förstärkta"/><SP WIDTH="15" VPOS="1470" HPOS="562"/>
							<String ID="string_211" HPOS="577" VPOS="1477" WIDTH="83" HEIGHT="22" WC="0.96" CONTENT="genom"/><SP WIDTH="16" VPOS="1477" HPOS="660"/>
							<String ID="string_212" HPOS="676" VPOS="1471" WIDTH="46" HEIGHT="21" WC="0.93" CONTENT="viss"/><SP WIDTH="17" VPOS="1471" HPOS="722"/>
							<String ID="string_213" HPOS="739" VPOS="1471" WIDTH="60" HEIGHT="29" WC="0.95" CONTENT="årlig"/><SP WIDTH="14" VPOS="1471" HPOS="799"/>
							<String ID="string_214" HPOS="813" VPOS="1471" WIDTH="109" HEIGHT="24" WC="0.74" CONTENT="inkomst,"/>
						</TextLine>
					</TextBlock>
				</ComposedBlock>
			</PrintSpace>
		</Page>
	</Layout>
</alto>
