1095 1786
249 181 27 21 20
436 180 30 22 U.
481 180 28 22 B.
528 193 23 3 —
566 180 73 28 Prop.
655 180 42 22 N:o
713 179 37 23 23.

221 248 144 28 finansperiod
386 256 23 13 ur
430 248 104 21 allmänna
557 248 71 21 medel
649 248 70 21 anslås
734 255 27 14 en
776 254 81 14 summa
873 247 24 21 af
910 247 62 27 3,600

221 283 36 20 mk
271 283 86 26 årligen,
374 282 31 21 till
420 282 119 27 fördelning
553 282 77 21 mellan
644 282 83 21 landets
743 282 98 26 samtliga
856 281 116 21 tolkskole-

221 317 225 27 inspektionsdistrikt,
463 320 55 17 samt
533 316 115 27 hänskjutit
670 316 74 27 frågan
766 315 133 21 beträffande
921 315 50 20 dess

222 351 116 21 finansiella
353 351 46 20 sida
415 350 31 21 till
461 350 177 21 Statsutskottets
653 350 116 21 utlåtande.

288 385 57 20 Enär
361 386 49 25 inga
425 384 116 21 finansiella
555 384 47 21 skäl
617 385 73 24 finnas,
706 391 48 14 som
769 384 70 21 kunde
854 383 43 22 tala
913 387 58 17 emot

222 419 138 21 förenämnda
375 419 130 27 stipendiers
520 419 126 26 beviljande,
663 419 31 20 får
708 418 115 21 Utskottet
837 417 88 22 föreslå:

494 490 33 17 att
541 487 172 28 ifrågavarande
728 487 79 26 anslag
820 487 29 27 af
857 486 69 27 3,600
936 487 36 20 mk

425 521 84 27 årligen
525 522 66 20 måtte
606 521 52 27 utgå
674 528 29 13 ur
716 521 113 21 allmänna
839 521 133 27 bevillnings-

426 556 70 21 medel
521 556 50 20 med
596 555 79 25 10,800
699 556 36 20 mk
751 556 44 26 för
818 555 49 21 hela
888 556 85 27 finans-

421 590 108 27 perioden.

289 658 77 22 Såsom
388 659 122 27 disponibel
531 659 95 27 tillgång
638 659 32 20 för
685 659 147 21 bestridandet
847 659 25 21 af
883 659 89 21 förestå-

222 694 55 20 ende
292 694 88 26 utgifter
395 694 39 20 har
449 693 115 21 Utskottet
577 693 74 21 främst
667 693 124 21 observerat
806 694 39 20 här
860 693 65 21 ofvan
936 693 37 21 be-

221 728 94 21 räknade
337 728 123 27 behållning
482 730 6 18 i
503 728 211 27 bevillningsmedlen
728 728 38 20 vid
780 728 143 20 innevarande
938 728 34 20 års

221 762 87 28 utgång,
331 765 56 17 samt
409 762 73 21 vidare
504 762 156 21 miltiefondens
676 762 105 20 ordinarie
797 762 117 21 inkomster
928 762 44 20 kal-

220 796 104 27 kylerade
339 796 33 21 för
385 796 49 21 hela
450 796 103 28 perioden
568 796 31 22 till
614 796 112 27 6,135,000
741 796 36 21 mk
792 795 40 29 (St.
848 796 27 22 U.
892 797 23 20 B.
930 796 42 21 N:o

220 832 29 25 4),
270 831 28 21 de
320 830 66 28 enligt
407 832 42 19 den
471 831 77 27 nådiga
563 832 163 26 propositionen
741 831 23 20 af
777 830 60 22 Hans
852 831 120 27 Kejserliga

221 865 102 27 Majestät
337 865 109 26 medgifna
462 865 180 27 öfverföringarna
657 865 25 20 af
693 870 113 20 2,000,000
820 865 60 21 mark
892 865 80 27 årligen

222 899 50 20 eller
286 899 157 27 sammanlagdt
458 899 25 20 af
493 899 114 25 6,000,000
622 899 59 20 mark
695 899 45 20 från
756 899 104 20 allmänna
871 899 101 22 statsfon-

222 933 42 21 den
285 933 111 21 äfvensom
419 933 41 20 den
482 933 63 20 andel
559 935 6 18 i
581 933 186 21 bränvinsskatten
789 933 24 20 af
830 933 92 26 660,000
936 934 36 20 mk

221 969 7 19 i
250 969 45 20 året
317 967 50 21 eller
399 967 110 26 1,980,000
533 967 36 21 mk
592 967 32 21 för
646 971 32 17 tre
694 968 28 24 år,
738 974 47 14 som
800 967 103 22 härintills
919 969 53 20 varit

222 1001 130 22 statsverket
374 1001 131 21 förbehållen
520 1003 72 19 såsom
607 1002 118 27 ersättning
740 1002 32 21 för
787 1002 38 21 det
839 1002 56 21 förra
911 1003 61 20 brän-

220 1036 269 26 vinsbränningsarrendet,
513 1043 49 13 men
585 1043 47 13 som
656 1036 58 20 Hans
736 1035 119 28 Kejserliga
871 1036 101 27 Majestät

220 1070 72 21 täckts
314 1070 67 21 tillåta
402 1070 50 26 ingå
469 1071 6 19 i
497 1070 207 26 bevillningsfonden
726 1069 40 28 (St.
782 1070 27 21 U.
825 1071 46 20 Bet.
887 1071 42 20 N:o
944 1071 27 26 9).

221 1104 68 21 Bland
304 1104 70 20 denna
389 1104 63 21 fonds
467 1103 117 22 inkomster
599 1107 107 24 upptagas
717 1105 73 20 vidare
801 1105 116 26 inflytande
925 1105 46 20 rän-

220 1142 41 21 tor,
277 1137 82 22 hvilkas
375 1138 81 27 belopp
471 1139 67 20 under
556 1138 47 21 hela
619 1138 170 27 finansperioden
805 1138 114 22 Utskottet
936 1146 27 13 an

221 1176 43 17 sett
279 1173 69 20 kunna
363 1173 106 20 beräknas
484 1173 31 19 till
532 1178 89 19 100,000
635 1173 43 20 mk.

289 1206 137 21 Beträffande
442 1206 27 21 de
483 1206 104 21 särskilda
597 1206 81 22 skatter
688 1207 25 20 af
720 1206 193 28 bevillningsnatur,
925 1214 47 14 som

221 1241 33 20 för
269 1240 132 21 närvarande
419 1241 114 27 uppbäras,
550 1241 63 20 hafva
631 1241 47 20 icke
693 1241 40 20 alla
756 1242 63 20 stånd
848 1242 63 20 fattat
936 1242 36 20 de-

220 1274 82 21 finitiva
317 1275 75 24 beslut,
409 1278 51 17 utan
475 1275 53 21 först
542 1275 57 21 velat
615 1275 86 20 afvakta
716 1275 177 21 Statsutskottets
901 1276 71 21 utred-

222 1310 51 25 ning
293 1309 25 20 af
337 1309 180 20 skattebehofvet.
547 1309 77 20 Såsom
646 1309 26 20 af
689 1309 39 20 här
750 1309 69 20 nedan
844 1310 127 20 meddelade

220 1342 197 25 sammanställning
432 1341 59 20 öfver
501 1341 211 28 bevillningsmedlen
723 1342 66 20 under
799 1343 51 19 åren
862 1343 109 26 1895-—97

220 1375 97 26 framgår,
341 1374 70 21 kunna
426 1375 138 27 bevillningar
577 1376 6 20 i
598 1377 64 25 ingen
676 1375 103 21 händelse
794 1375 111 26 undvaras,
922 1380 50 18 utan

220 1409 69 21 måste
311 1409 110 21 desamma
444 1410 51 26 utgå
509 1410 129 21 åtminstone
652 1409 32 22 till
698 1409 42 22 lika
755 1409 81 29 belopp
853 1410 50 22 eller
918 1411 54 21 efter

220 1443 112 22 enahanda
346 1444 93 26 grunder
460 1450 47 14 som
525 1444 108 21 härintills.
664 1444 114 22 Utskottet
793 1445 37 21 har
847 1446 76 25 derför,
940 1446 32 21 för

220 1481 32 18 att
266 1478 124 27 tydliggöra
406 1478 37 21 det
458 1478 143 25 skattebehof,
617 1486 48 13 som
680 1479 100 27 möjligen
795 1480 124 21 därutötver
929 1481 42 21 kan

289 1518 131 17 Statsutskottets
433 1518 104 17 betänkande
549 1519 34 16 N:o
597 1524 26 11 12.
