1081 1786
332 171 29 22 U.
377 171 27 22 B.
421 184 27 3 —
464 172 74 28 Prop.
554 172 44 23 N:o
614 172 38 23 23.
816 173 26 20 29

117 241 37 18 att
175 240 123 26 stegringen
317 240 24 20 af
353 240 100 21 Finlands
468 241 60 21 tariff
540 241 52 20 skall
607 241 94 26 försiggå
717 241 76 20 endast
809 241 63 26 grad-

117 274 37 19 vis
177 273 41 20 och
241 276 31 18 att
288 273 42 20 den
345 274 65 21 första
426 274 147 27 förhöjningen
589 275 17 25 ej
623 275 85 20 komme
724 278 31 17 att
770 275 38 20 ske
824 275 47 20 tidi-

119 313 55 20 gare
195 307 27 20 än
244 307 36 20 vid
295 308 109 27 utgången
418 308 23 20 af
454 309 23 20 år
495 309 59 26 1898,
570 309 28 20 då
613 309 27 20 de
655 308 67 21 finska
736 308 135 21 tullsatserna

117 340 76 21 kunde
215 341 60 27 höjas
297 342 50 20 med
370 347 26 21 50
410 342 27 27 %
460 342 25 20 af
504 343 40 20 den
567 343 27 20 då
609 342 136 21 existerande
760 342 111 21 skilnaden

120 374 79 22 mellan
221 376 49 20 dem
293 376 41 20 och
358 376 26 21 de
406 376 65 26 ryska
492 377 145 25 tullsatserna;
661 377 108 21 hvarefter
789 377 45 21 från
849 378 23 19 år

124 414 53 22 1902
199 417 26 13 en
239 410 125 26 ytterligare
386 412 96 26 stegring
496 412 50 20 med
561 416 29 21 25
603 412 27 26 ?/,
646 411 23 21 af
681 411 93 21 nämnda
789 410 83 22 skilnad

116 444 76 20 "kunde
207 444 86 20 komma
309 447 31 18 att
349 445 88 21 inträda.
468 445 104 27 Slutligen
580 445 127 21 förbehålles
715 445 75 26 Ryska
800 445 72 27 Rege-

120 480 75 25 ringen
217 478 45 21 från
283 478 42 21 och
347 480 51 20 med
420 480 108 26 utgången
549 480 24 20 af
585 480 22 20 år
625 485 52 21 1903
693 479 36 21 full
744 480 62 20 frihet
822 480 50 20 med

122 512 87 27 hänsigt
230 512 32 22 till
284 513 42 20 den
349 513 66 21 finska
437 514 94 20 tariffens
546 513 108 21 definitiva
668 513 138 27 likställighet
822 514 50 20 med

116 546 48 21 den
178 547 72 26 ryska.

188 582 35 19 Då
245 582 100 19 Finlands
367 581 92 21 Ständer
480 583 22 19 år
526 583 49 25 1891
594 582 105 20 samlades
714 582 31 21 till
760 582 110 27 landtdag,

121 615 57 21 hade
201 615 37 21 det
260 615 69 21 blifvit
352 617 57 19 inom
431 616 72 21 landet
525 616 73 24 kändt,
614 619 32 18 att
661 615 73 28 frågan
750 622 36 13 om
801 616 69 20 förän-

117 650 67 26 dring
206 650 24 20 af
249 650 41 21 den
312 650 67 20 finska
402 650 121 21 tulltariffen
538 651 30 21 till
583 650 222 21 öfverensstämmelse
821 650 49 21 med

115 684 46 20 den
185 684 64 26 ryska
271 684 67 27 gjorts
353 684 31 21 till
399 684 88 21 föremål
502 685 32 20 för
549 685 123 26 beredning.
702 684 52 21 Med
769 684 101 20 afseende

116 718 18 20 a
157 718 85 27 frågans
264 722 59 17 stora
349 718 113 27 betydelse
485 719 84 21 beslöto
584 719 120 22 Ständerna
719 722 32 18 att
765 718 31 21 till
811 718 59 21 Hans

120 752 120 27 Kejserliga
256 753 102 27 Majestät
373 760 79 20 genom
468 760 25 14 en
509 755 91 26 petition
615 754 6 20 i
632 752 169 28 underdänighet
809 753 62 20 fram-

115 786 57 21 bära
195 788 27 20 de
238 787 128 28 önskningar
388 788 41 20 och
444 789 86 26 äsigter,
546 795 46 13 som
608 790 6 19 i
630 788 68 20 denna
714 787 157 27 angelägenhet

119 828 54 14 voro
188 822 95 20 rådande
299 823 6 19 i
320 822 78 20 landet.
415 822 8 20 I
431 823 41 20 den
480 822 25 21 af
516 822 98 27 samtliga
630 822 46 26 fyra
691 822 63 21 stånd
770 822 101 26 enhälligt

120 856 120 21 omfattade
270 858 118 26 petitionen
411 856 135 21 framstäldes
568 857 74 20 skälen
664 856 85 20 hvarför
772 856 97 27 skadliga

114 890 134 27 "verkningar
268 891 32 20 för
322 891 75 20 nästan
422 891 40 20 alla
485 891 162 27 näringsgrenar
662 892 6 19 i
683 890 73 21 landet
770 897 52 14 vore
837 893 33 18 att

120 924 91 26 befaras,
228 925 72 20 derest
314 925 102 20 Finlands
431 925 97 21 tulltariff
539 925 70 20 blefve
618 925 92 26 stegrad,
721 925 31 20 till
760 924 110 27 jemnhöjd

119 959 50 19 med
191 959 169 26 Kejsardömets.
391 958 124 29 Sorgfälligt
537 959 160 27 öfvervägande
713 959 95 26 egnades
824 959 46 20 der-

118 991 66 27 jemte
206 993 22 20 ät
250 993 84 26 frägans
350 993 96 27 rättsliga
462 994 64 24 sidor,
543 993 41 20 och
600 993 122 21 framhöllos
738 993 28 20 de
781 992 88 21 betänk-

120 1026 97 27 ligheter,
234 1033 47 14 som
303 1034 23 13 ur
342 1027 155 21 administrativ
512 1027 41 21 och
568 1027 95 20 finansiel
677 1027 109 27 synpunkt
801 1027 68 20 mäste

119 1060 54 28 göra
196 1063 33 26 sig
249 1061 99 28 gällande
371 1065 45 17 mot
432 1069 26 13 en
473 1062 69 21 fusion
557 1062 25 20 af
594 1062 36 21 det
645 1061 67 21 finska
726 1061 144 21 tullväsendet

120 1095 50 21 med
187 1096 37 21 det
239 1096 70 27 ryska.
339 1096 61 21 Efter
416 1100 32 17 att
463 1097 73 20 vidare
551 1097 63 20 hafva
629 1098 115 19 motiverat
758 1097 42 20 den
816 1103 53 20 upp-

120 1130 98 27 fattning,
242 1134 32 17 att
288 1130 114 27 gagneliga
418 1131 42 19 och
474 1131 134 20 verksamma
623 1131 106 26 åtgärder,
745 1132 6 19 i
766 1131 57 26 syfte
838 1134 32 16 att

120 1164 101 21 befordra
242 1165 87 27 utbytet
344 1165 24 20 af
380 1165 111 20 inhemska
507 1165 64 22 alster
586 1165 41 20 och
642 1165 158 27 tillverkningar
815 1168 55 17 samt

120 1198 134 21 obehindrad
275 1198 110 28 personlig
408 1199 126 21 samfärdsel
557 1199 76 21 mellan
655 1199 151 26 Kejsardömet
829 1198 41 21 och

120 1232 96 25 Finland,
232 1233 70 21 kunna
317 1233 155 27 ävägabringas
488 1237 50 17 utan
553 1234 168 26 omgestaltning
735 1233 25 20 af
771 1233 99 21 Finlands

120 1268 122 20 nuvarande
264 1268 98 20 tulltariff
381 1268 50 20 eller
454 1268 130 27 frängäende
606 1268 24 20 af
648 1268 140 26 de-grunder,
804 1268 66 27 enligt

121 1301 72 21 hvilka
216 1302 27 20 de
266 1302 130 27 ömsesidiga
418 1302 231 22 handelsrelationerna
664 1301 73 22 hittills
752 1303 55 19 varit
822 1303 48 19 ord-

114 1336 68 24 -nade,
199 1335 83 22 riktade
297 1336 120 21 Ständerna
432 1336 31 21 till
478 1336 59 21 Hans
548 1336 119 27 Kejserliga
676 1336 100 26 Majestät
784 1336 41 20 den
832 1343 39 13 un-

121 1370 117 26 derdäniga
252 1370 104 25 anhållan,
372 1374 47 21 ,att
435 1371 59 21 Hans
502 1371 119 27 Kejserliga
630 1370 106 26 Majestät,
744 1370 36 21 vid
788 1370 82 21 förord-

119 1404 81 21 nandet
215 1412 35 12 om
264 1405 80 26 nödiga
358 1404 106 22 lättnader
473 1407 6 19 i
488 1404 139 21 samfärdseln
635 1400 76 25 mellan
719 1405 151 25 Kejsardömet

120 1437 42 20 och
174 1437 96 24 Finland,
278 1438 91 25 täcktes,
379 1439 50 19 med
445 1439 148 20 bibehällande
601 1438 25 21 af
630 1439 42 19 den
680 1445 78 20 genom
766 1438 104 27 grundlag

120 1470 114 21 faststälda
255 1479 55 19 egna
325 1471 156 27 förvaltningen
496 1472 25 20 af
532 1471 211 21 storfurstendömets
758 1471 112 25 tullväsen,

189 1512 131 15 Statsutskottets
333 1512 102 15 betänkande
447 1512 33 16 N:o
492 1517 26 11 12.
