1120 1781
249 146 12 19 6
544 145 43 23 N:o
604 146 37 22 18.

218 211 213 28 villningsperiodens
454 212 74 27 början
550 212 38 21 och
604 212 33 21 för
652 215 40 18 den
708 212 64 21 femte
788 212 48 20 med
851 211 55 22 sista
922 211 46 22 året

218 246 23 21 af
255 252 80 15 samma
357 246 75 27 period
454 248 54 20 samt
530 246 199 27 pensionsbeloppet
752 246 34 21 för
808 245 80 22 enhvar
906 247 62 26 utgör

218 281 42 21 800
275 281 67 26 mark,
358 280 126 27 tillskyndas
503 281 129 21 statsverket
647 281 124 27 härigenom
786 281 68 21 under
869 281 100 26 perioden

217 321 26 15 en
266 315 64 26 utgift
346 315 22 20 af
387 316 75 25 10,400
484 315 61 22 mark
567 315 53 22 eller
635 316 6 20 i
657 315 100 22 medeltal
780 316 61 26 3,467
857 315 62 21 mark
935 321 33 15 om

219 349 52 27 året,
295 350 150 21 motsvarande
468 356 25 15 en
516 349 52 28 årlig
591 350 135 26 progression
750 349 22 21 af
790 350 98 27 omkring
907 350 62 26 1,800

219 384 67 21 mark.
316 383 108 27 Derjemte
440 384 38 21 och
490 384 88 21 emedan
590 384 81 21 antalet
681 384 24 21 af
714 384 81 21 sädana
805 383 163 22 folkskollärare

219 418 40 21 och
275 419 126 26 lärarinnor,
424 418 73 21 hvilka
516 418 28 27 pä
559 419 69 27 grund
644 418 24 21 af
681 418 80 27 obotlig
776 418 97 27 sjukdom
889 418 80 27 nödgas

218 451 93 28 tidigare
326 451 50 28 afgä
391 451 46 22 frän
454 452 46 21 sina
518 453 91 26 tjenster
624 453 39 21 och
679 454 36 19 äro
731 453 33 21 till
779 453 87 26 pension
881 452 89 21 berätti-

218 487 61 27 gade,
298 486 8 21 i
324 486 48 22 män
395 486 23 21 af
439 486 214 22 folkskoleväsendets
676 487 81 21 snabba
780 486 121 27 utveckling
923 487 47 20 äri

218 521 143 27 kontinuerlig
383 521 90 27 tillväxt,
495 523 104 26 upptages
620 521 33 22 för
677 521 76 22 sädant
776 521 105 26 ändamäl,
905 521 65 27 enligt

219 552 181 31 Öfverstyrelsens
415 555 33 22 för
464 556 148 21 skolväsendet
626 556 85 26 förslag,
728 556 89 27 pension
831 556 33 21 för
880 555 48 27 fyra
939 555 31 21 lä-

218 597 50 15 rare
283 590 13 21 å
311 591 41 21 600
368 590 61 21 mark
451 591 39 21 och
509 591 48 27 fyra
572 591 120 21 lärarinnor
707 591 13 20 &
735 592 41 20 450
792 591 60 21 mark
867 591 54 21 eller
936 591 33 20 sä-

219 625 58 21 ledes
292 627 31 20 ett
338 625 92 22 tillskott
445 625 23 21 af
481 626 62 26 4,200
558 625 62 22 mark
636 625 87 27 ärligen.
755 625 164 27 Sammanlagda
934 625 36 21 be-

219 659 73 28 loppet
314 659 22 21 af
358 659 27 22 de
407 660 57 21 inom
483 660 26 21 de
528 659 36 22 tvä
580 660 71 27 slagen
666 660 23 21 af
703 659 112 27 pensioner
830 659 140 27 erforderliga

219 693 155 22 ärstillskotten
389 693 68 22 blefve
473 694 83 22 säledes
571 695 63 26 6,000
648 694 68 21 mark.
741 693 33 22 Dä
784 694 142 21 understöden
937 693 33 22 för

218 728 71 21 lärare
312 728 39 21 och
366 728 118 21 lärarinnor
500 729 35 20 vid
551 728 117 22 folkskolor
683 728 27 27 pä
725 729 73 20 landet
813 728 35 21 vid
865 729 54 20 1892
936 727 34 22 ärs

220 762 79 28 utgäng
314 763 99 26 utgjorde
428 763 62 26 7,950
505 763 62 21 mark
578 765 55 20 samt
643 763 72 21 härtill
726 763 85 21 komma
823 763 40 21 den
875 762 22 22 af
907 763 63 21 Stän-

219 797 67 21 derna
301 797 33 21 för
352 798 53 21 1893
422 797 38 22 och
477 798 52 21 1894
540 798 103 26 anslagna
655 797 138 28 tillökningen
804 797 23 21 af
837 798 62 26 3,000
910 797 60 22 mark

218 837 35 16 om
269 831 53 28 äret,
337 831 32 22 fäs
385 832 33 21 till
434 832 159 27 utgängspunkt
615 831 32 22 för
663 831 145 28 beräkningen
827 833 74 26 13,950
917 832 53 21 eller

219 866 7 20 i
241 866 63 21 rundt
319 866 31 21 tal
367 867 76 26 14,000
458 866 68 21 mark.
555 866 11 21 1
580 866 52 27 följä
646 866 66 21 häraf
725 866 84 21 komme
825 865 94 28 följande
935 866 35 21 be-

219 900 51 27 lopp
285 903 32 18 att
332 901 68 21 under
421 901 141 21 instundande
585 900 200 27 bevillningsperiod
799 900 34 21 för
849 900 121 21 ändamälet

218 935 115 26 erfordras,
344 935 115 26 nemligen:

291 987 53 20 18955
370 1003 4 4 .
407 1003 4 4 .
443 1004 4 3 .
478 1003 4 4 .
514 987 304 26 14,000
606 974 11 44 4
631 974 71 44 6,000
710 974 17 44 =
738 987 80 26 20,000
833 987 68 21 mark.

291 1021 53 20 1896
370 1037 4 4 .
406 1037 4 4 .
442 1037 4 4 .
477 1037 4 4 .
511 1021 305 26 20,000+6,000—26,600
857 1037 9 11 ,

290 1055 52 20 1897
372 1071 2 4 2
405 1070 4 4 .
440 1071 5 4 .
476 1071 4 4 .
511 1055 304 27 26,00046,000=-32,000
856 1071 9 10 ,

648 1096 87 21 Summa
743 1097 76 26 78,000
835 1096 67 21 mark.

288 1141 41 22 Till
347 1141 87 27 fonden
452 1141 41 28 för
512 1142 153 28 pensionering
689 1142 30 27 af
738 1142 113 21 städernas
861 1141 110 28 folkskol-

218 1176 176 27 lärarepersona!
409 1176 151 27 regvirerades,
576 1175 27 28 pä
618 1177 70 26 grund
704 1176 23 21 af
740 1176 124 27 stadeandet
880 1176 7 21 i
902 1177 14 20 4
927 1176 12 27 $
950 1176 23 21 af

219 1209 77 28 nädiga
311 1209 149 28 förordningen
476 1211 40 20 den
532 1211 12 20 5
555 1210 90 27 Augusti
658 1211 60 25 1886,
729 1211 33 20 för
772 1210 24 21 är
809 1211 52 20 1892
872 1210 23 21 af
903 1210 68 22 stads-

219 1245 155 21 kommunerna
390 1245 75 25 17,440
480 1245 62 21 mark
558 1245 38 21 och
612 1247 31 19 ett
658 1245 45 21 lika
717 1246 55 20 stort
786 1245 77 27 belopp
878 1245 46 27 bör,
935 1251 36 15 en-

219 1279 40 26 ligt
274 1280 12 20 5
308 1279 5 26 $
329 1279 7 21 i
351 1285 81 15 samma
453 1279 132 27 förordning,
601 1279 23 21 af
637 1279 194 27 bevillningsmedel
846 1279 32 21 till
894 1279 77 21 fonden

218 1312 120 21 Ofverföras
360 1316 56 18 samt
436 1313 171 27 ofvanupptagna
622 1314 83 25 belopp,
723 1314 76 24 15,830
814 1314 67 24 mark,
898 1314 6 20 i
920 1314 52 26 följd

219 1346 62 20 deraf
295 1346 52 21 ökas
362 1346 49 20 med
434 1347 61 25 1,610
511 1346 60 21 mark
586 1347 7 20 i
608 1346 41 22 den
665 1347 49 20 män
730 1346 158 22 vederbörande
903 1347 69 21 stads-

219 1380 135 21 kommuners
377 1380 110 27 ärsbidrag
509 1380 33 22 till
563 1380 77 22 fonden
657 1380 80 28 infiyta.
767 1380 50 22 Med
832 1381 41 21 den
889 1381 34 21 vid
939 1386 32 16 se-

219 1416 62 20 naste
297 1414 102 28 landtdag
413 1414 121 23 beräknade
550 1414 66 29 ärliga
632 1415 140 28 tillökningen
788 1415 23 22 af
826 1416 62 27 1,000
903 1416 68 27 mark,

219 1449 42 22 kan
278 1450 68 21 denna
361 1450 64 27 utgift
439 1450 34 22 för
488 1450 24 21 är
529 1451 53 21 1894
603 1453 89 24 antagas
708 1451 56 27 stiga
778 1451 33 21 till
828 1452 75 26 19,440
919 1451 53 22 eller
