1120 1775
346 150 29 22 U.
391 150 27 22 B.
435 162 23 3 —
475 150 74 29 Prop.
564 151 45 22 N:o
624 151 36 21 12.

399 490 346 24 Ekonomiutskottets
774 491 101 22 betän-

330 524 98 23 kande
443 525 53 22 N:o
511 526 16 20 4
541 525 9 21 i
565 525 132 28 anledning
712 525 27 22 af
746 525 65 22 Hans
821 525 54 28 Kej-

333 559 90 27 serliga
436 558 122 29 Majestäts
573 558 88 28 nådiga
671 559 153 28 proposition
835 565 40 17 an-

332 593 91 28 gående
450 593 148 22 förändrade
626 594 184 22 bestämmelser
838 595 37 21 rö-

330 628 75 22 rande
427 628 146 28 utgörandet
596 628 27 22 af
635 628 66 22 skatt
714 627 41 23 för
770 627 105 23 hundar.

193 725 82 21 Denna
291 724 86 29 nådiga
392 725 142 28 proposition
549 724 41 23 har
606 725 26 21 af
644 725 107 28 samtliga
763 725 68 21 stånd
841 732 35 14 re-

126 759 113 22 mitterats
262 759 36 20 till
320 759 236 26 Ekonomiutskottet,
577 767 48 14 som
638 759 86 28 jemväl
740 759 45 21 fått
800 759 37 21 del
853 759 25 21 af

127 795 27 20 de
169 793 143 26 uttalanden,
335 793 80 22 hvilka
430 793 39 21 vid
487 793 196 29 föredragningen
707 793 25 21 af
745 793 131 22 densamma

126 827 105 29 afgifvits
247 827 62 21 inom
324 827 96 27 Preste-,
436 827 111 28 Borgare-
563 827 43 22 och
620 827 187 21 Bondestånden.
819 827 56 21 Der-

122 863 71 27 jemte
209 862 42 20 har
266 861 121 21 Utskottet
408 861 30 28 på
453 861 67 28 gjord
536 861 108 21 anhållan
659 861 51 21 haft
725 861 100 28 tillgång
840 861 36 21 till

125 896 38 21 det
178 895 125 29 protokoll,
319 902 47 14 som
382 895 58 21 förts
455 895 39 21 vid
509 895 93 29 frågans
618 894 160 30 behandling
766 890 16 39 i
794 895 28 21 K.
835 894 40 22 Se-

124 932 71 18 naten
210 929 46 21 den
271 930 13 21 8
299 929 126 21 December
442 930 60 27 1893,
521 930 118 21 äfvensom
655 929 117 21 derstädes
787 929 8 21 i
811 932 64 18 ären-

125 963 38 22 det
178 963 122 21 tillkomna
315 963 145 29 handlingar.

191 998 12 21 I
219 998 167 28 sammanhang
409 998 93 21 härmed
524 998 42 21 har
587 998 120 22 Utskottet
723 998 36 21 till
774 996 101 22 behand-

124 1032 50 29 ling
189 1032 102 21 förehaft
306 1035 85 18 tvenne
407 1032 36 20 till
461 1031 51 22 dess
527 1032 120 21 utlåtande
662 1032 140 28 hänskjutna
818 1031 57 29 peti-

125 1066 180 22 tionsmemorial
326 1066 127 22 berörande
475 1074 86 13 samma
577 1070 66 17 ämne
667 1073 48 15 som
731 1066 44 21 den
790 1066 86 28 nådiga

124 1101 180 29 propositionen,
327 1100 26 22 af
365 1100 80 21 hvilka
465 1100 38 22 det
519 1108 41 13 ena
576 1100 123 22 inlemnats
714 1101 9 20 i
737 1100 139 21 Ridderska-

123 1138 40 26 pet
179 1134 43 22 och
238 1135 76 21 Adeln
330 1134 27 22 af
369 1134 106 22 Friherre
490 1134 94 22 Edvard
599 1134 111 29 Hisinger
726 1134 45 22 och
788 1134 39 21 det
843 1141 30 14 an

125 1169 63 22 dra
180 1164 17 38 i
210 1168 175 23 Bondeståndet
407 1168 25 22 af
452 1168 222 29 landtdagsmännen
696 1168 21 22 J.
737 1169 97 28 Torppa,
849 1168 26 21 P.

124 1204 71 21 Aulin
219 1204 42 21 och
276 1204 28 21 A.
321 1203 180 22 Tammelander.
531 1203 12 21 I
558 1203 38 21 det
617 1203 62 21 förra
695 1203 25 21 af
738 1203 65 20 dessa
818 1202 57 29 peti-

124 1238 182 21 tionsmemorial
320 1237 76 29 yrkas,
406 1240 34 19 att
454 1237 156 21 hundskatten
626 1238 71 20 måtte
708 1240 63 18 snart
784 1237 48 21 åter
842 1237 34 21 in-

123 1273 62 21 föras
196 1273 30 27 på
236 1272 79 21 landet
327 1272 8 21 i
348 1271 104 29 enlighet
464 1271 51 22 med
525 1271 87 29 nådiga
622 1271 165 28 förordningen
798 1271 25 21 af
831 1271 45 22 den

125 1309 27 20 20
166 1307 46 28 Maj
231 1307 62 26 1878,
308 1307 9 20 i
332 1306 39 21 det
386 1313 79 14 senare
481 1307 55 25 åter,
552 1309 34 18 att
602 1306 23 21 åt
635 1305 28 22 de
674 1305 141 28 kommuner,
827 1313 48 14 som

125 1349 54 14 anse
195 1341 40 22 det
251 1341 117 28 behöfligt,
384 1341 71 20 måtte
470 1339 128 29 medgifvas
610 1342 47 19 rätt
668 1342 35 19 att
713 1339 126 22 bestämma
848 1347 28 14 en

125 1375 58 29 årlig
199 1375 63 21 skatt
285 1375 26 21 af
324 1376 12 20 3
352 1375 64 21 mark
438 1374 36 21 för
488 1374 80 29 hvarje
582 1374 64 21 hund
667 1373 42 22 och
725 1376 34 19 att
773 1374 102 21 kommu-

123 1417 71 14 nerna
211 1409 75 20 skulle
302 1416 43 20 ega
360 1409 138 26 fullständig
513 1408 69 21 frihet
591 1410 34 19 att
633 1408 126 20 bestämma
768 1414 36 14 om
813 1408 62 20 skat-

123 1446 51 19 tens
190 1442 158 21 användande,
551 1445 2 2 |

192 1481 182 19 Ekonomiutskottets
386 1481 108 18 betänkande
507 1481 37 18 N:o
556 1482 16 17 4.
