1123 1786
277 163 13 21 2
439 161 81 23 Ständ.
536 160 37 23 Sv.
589 173 27 3 —
631 160 75 26 Prop.
721 159 43 23 N:o
780 158 35 22 18.

247 227 73 21 under
342 227 55 21 åren
413 226 141 22 1893—1897
572 229 39 18 äro
627 225 110 28 anslagen
753 224 37 22 till
805 224 199 22 folkskoleväsen-

247 262 39 21 det
307 260 117 23 fördelade
446 261 30 28 på
497 260 103 29 följande
619 262 88 26 poster:
731 260 42 26 1:0)
789 259 39 22 till
841 258 123 22 underhåll
979 258 27 22 af

247 296 117 21 städernas
384 295 137 28 folkskolor,
547 296 43 27 2:0)
614 294 37 21 till
674 294 123 21 aflönande
819 293 26 22 af
863 294 74 21 lärare
960 293 43 22 och

246 330 129 21 lärarinnor
397 329 40 22 vid
451 329 130 22 folkskolor
596 329 30 28 på
640 328 87 28 landet,
750 329 44 26 3:0)
809 328 38 21 till
861 327 142 29 löneförhöj-

245 365 84 28 ningar
352 364 23 21 åt
399 363 121 28 desamma,
543 364 44 27 4:0)
608 363 37 21 till
660 363 166 28 pensionering
841 362 26 21 af
880 362 122 27 desamma,

246 400 42 26 5:0)
305 398 82 29 bidrag
401 398 37 21 till
453 398 86 21 fonden
554 397 38 22 för
602 397 166 29 pensionering
779 397 26 21 af
812 397 119 21 städernas
942 396 60 22 folk-

246 433 239 28 skollärarepersonal,
509 434 44 25 6:0)
572 433 38 21 till
624 432 129 21 understöd
769 432 23 21 åt
807 431 68 29 sjuka
888 430 114 23 folkskol-

245 468 73 21 lärare
333 466 43 23 och
391 467 135 27 lärarinnor,
543 467 43 27 7:0)
601 465 82 30 bidrag
700 465 37 23 till
752 465 145 29 uppförande
908 465 25 22 af
942 465 61 22 folk-

245 501 115 28 skolehus,
383 503 44 25 8:0)
449 501 39 22 till
508 501 132 22 inrättande
663 501 26 21 af
710 500 113 23 bibliotek
837 500 37 21 för
888 499 115 22 folkskol-

245 537 73 21 lärare
341 536 43 22 och
405 536 136 27 lärarinnor,
564 536 45 29 9:0)
632 535 38 22 till
693 535 250 28 fortsättningskurser
962 535 41 21 vid

244 570 131 23 folkskolor
397 572 60 20 samt
479 570 38 22 till
538 570 161 22 landtmanna-
721 570 44 22 och
780 569 222 27 husmodersskolor,

245 605 119 22 äfvensom
381 605 56 27 10:0)
453 605 38 21 till
506 604 120 23 aflönande
642 604 26 21 af
682 604 270 21 handarbetslärarinnor
962 603 41 22 vid

244 639 129 22 folkskolor
389 640 30 27 pä
434 639 87 22 landet.

315 673 68 22 Hvad
393 674 59 21 först
461 673 110 22 beträffar
580 673 147 22 underhållet
737 673 25 22 af
770 673 119 22 städernas
899 673 104 22 folksko-

244 709 41 28 lor,
303 709 47 27 har,
367 709 76 21 såsom
458 708 68 22 äfven
541 709 9 21 i
561 708 44 22 den
616 708 85 29 nådiga
711 708 174 29 propositionen
896 708 104 28 antydes,

245 743 165 29 statsbidraget
424 743 29 28 pä
469 750 79 15 senare
564 743 60 22 tider
639 743 8 22 i
663 743 127 22 allmänhet
804 743 124 22 beräknats
943 743 59 21 efter

244 779 27 21 25
295 778 27 29 0/5
345 778 25 21 af
391 777 186 22 stadskommuns
600 777 108 29 samtliga
726 777 111 22 effektiva
851 777 98 29 utgifter
964 777 38 22 för

245 813 50 21 dess
319 812 136 21 folkskolor.
485 812 41 21 Uti
549 812 41 21 sitt
612 811 159 29 underdäniga
793 819 52 14 svar
859 813 30 28 pä
904 812 45 21 den
963 812 39 22 till

245 847 54 22 1885
315 847 36 21 ärs
366 846 113 29 landtdag
493 846 170 22 öfverlemnade
679 846 86 29 nädiga
776 847 175 28 propositionen
962 854 39 15 an-

243 881 88 29 gäende
346 881 81 27 anslag
441 881 37 21 för
493 881 172 21 folkskolornas
680 881 9 21 i
705 881 79 21 landet
799 881 122 21 underhäll
932 881 69 21 fram-

243 916 62 21 höllo
321 915 136 28 Ständerna,
480 917 34 19 att
529 915 39 21 det
583 915 76 22 skulle
673 915 70 22 lända
757 915 190 22 folkskolesaken
963 916 38 21 till

243 950 92 28 verklig
357 949 92 28 bätnad,
473 956 37 14 om
533 949 28 22 de
582 950 87 28 anslag,
693 950 81 21 hvilka
789 950 9 21 i
813 950 64 22 detta
891 950 109 21 afseende

242 984 97 28 beviljas
350 984 170 21 kommunerna
530 991 27 14 ur
568 984 116 21 allmänna
694 983 83 28 medel,
794 984 77 22 blefve
881 984 120 22 bestämda

243 1021 34 19 att
299 1019 9 21 i
330 1019 64 27 regel
411 1019 57 27 utgå
482 1018 53 22 med
550 1019 48 21 viss
613 1022 98 24 procent
726 1018 25 22 af
765 1018 45 22 den
825 1019 100 21 kostnad
939 1018 61 22 folk-

242 1052 109 22 skolorna
375 1052 9 21 i
406 1052 81 29 hvarje
510 1052 52 22 stad
583 1052 100 22 faktiskt
697 1052 109 23 erfordra.
835 1052 12 22 I
862 1053 137 28 anslutning

242 1087 79 21 härtill
343 1086 44 22 och
405 1086 36 22 för
458 1087 117 21 vinnande
590 1086 26 22 af
630 1087 117 21 önskvärd
763 1087 82 28 stadga
860 1087 43 22 och
917 1087 82 22 likfor-

241 1121 90 28 mighet
354 1121 36 21 uti
413 1121 66 22 dessa
501 1121 161 22 förhällanden
684 1121 71 22 hafva
769 1121 130 22 Ständerna
913 1124 86 26 ansett,

242 1159 34 18 att
290 1155 159 29 nyssnämnda
464 1156 9 21 i
487 1157 77 27 praxis
578 1156 70 23 redan
663 1156 74 22 under
751 1155 56 23 flere
821 1157 26 21 är
861 1156 73 29 följda
947 1163 53 22 pro-

241 1192 102 20 centsats
359 1190 72 21 borde
446 1190 126 22 fastställas
592 1191 76 21 säsom
683 1190 44 22 den
743 1191 83 27 grund,
850 1191 75 27 enligt
939 1191 60 21 hvil-

241 1224 44 22 ken
297 1224 178 29 ifrägavarande
486 1224 140 30 statsbidrag
635 1224 125 22 framdeles
772 1224 67 22 alltid
849 1225 76 21 skulle
935 1226 63 28 utgä.

241 1258 86 22 Tillika
348 1258 116 22 erfordras
483 1259 148 29 bestämning
647 1259 84 28 derom,
756 1259 81 22 hvilka
852 1259 26 21 af
890 1260 29 21 de
934 1260 64 22 kost-

241 1293 78 28 nader,
342 1300 49 15 som
414 1294 108 21 städerna
543 1294 25 21 fä
588 1294 131 22 vidkännas
741 1294 37 22 för
794 1294 51 22 sina
859 1294 137 28 folkskolor,

240 1332 39 16 äro
303 1330 35 18 att
359 1328 110 20 hänföras
491 1328 37 20 till
549 1328 86 20 sädana
655 1328 105 28 utgifter,
783 1328 36 20 för
834 1328 81 21 hvilka
929 1331 69 19 stats-

240 1360 82 28 bidrag
337 1364 26 18 är
377 1363 35 19 att
427 1362 108 27 päräkna.
561 1361 47 21 Till
622 1361 82 29 dylika
717 1361 100 28 utgifter
832 1361 76 22 skulle
923 1362 76 29 enligt

239 1394 144 22 Ständernas
405 1394 71 22 tanke
498 1395 55 22 böra
575 1395 84 22 räknas
675 1395 114 22 kontanta
803 1396 136 30 aflöningar,
961 1399 36 19 ut-

239 1429 72 29 gifter
326 1429 36 22 för
377 1429 45 22 ved
437 1430 44 22 och
495 1430 56 28 lyse,
574 1430 289 29 undervisningsmateriel
877 1431 44 22 och
936 1431 61 23 skol-

239 1464 77 22 möbel
331 1466 62 20 samt
407 1464 81 28 anslag
502 1464 37 22 för
553 1464 86 23 böcker
653 1465 24 21 ät
694 1465 125 23 medellösa
828 1466 77 22 elever
917 1466 79 22 äfven-
