1120 1781
458 136 44 23 N:o
523 137 37 22 17.
845 134 10 20 7

134 203 44 20 mot
201 202 117 22 utöfvande
340 202 24 22 af
376 202 182 23 läroverksamhet
573 203 35 21 vid
624 202 95 22 enskilda
735 202 148 22 andaktssam-

135 237 152 26 mankomster,
304 237 83 21 anmäle
402 237 130 27 kyrkorådet
547 237 66 22 saken
629 237 37 21 hos
683 236 146 27 domkapitlet.

201 270 46 22 Har
271 271 67 21 sådan
363 271 98 21 anmälan
484 272 64 25 skett,
572 277 38 21 ege
625 270 140 28 domkapitlet
781 271 102 26 antingen

134 305 57 22 kalla
207 305 40 22 den
265 305 85 27 angifne
368 305 56 22 inför
439 305 38 28 sig,
494 305 92 22 anställa
600 305 73 22 förhör
688 305 49 21 med
751 305 78 21 honom
845 305 38 21 och

134 345 68 16 varna
216 339 85 27 honom,
318 339 51 22 eller
384 341 40 20 ock
441 340 97 21 infordra
554 339 54 22 hans
624 339 106 28 skriftliga
744 339 118 28 förklaring
877 339 6 21 i

134 374 66 22 saken
223 374 39 22 och
284 374 45 21 låta
353 374 97 22 tillställa
464 375 79 21 honom
558 373 91 28 skriftlig
663 374 97 27 varning.
791 373 92 22 Såframt

134 409 212 27 omständigheterna
370 409 70 22 dertill
461 409 117 27 föranleda,
602 409 35 21 må
652 409 141 26 domkapitlet
805 408 78 28 jemväl

133 443 95 22 förklara
243 443 77 22 honom
336 444 118 21 tillsvidare
468 443 99 28 förlustig
582 443 131 27 rättigheten
730 444 32 20 att
778 443 85 26 deltaga
877 443 7 20 i

133 477 97 28 kyrkliga
247 478 33 21 val
296 478 38 21 och
350 479 33 20 att
398 477 48 28 sjelf
459 478 32 21 till
505 478 98 27 kyrkliga
613 477 99 28 uppdrag
721 477 77 28 väljas;
815 476 68 23 öfver-

133 512 44 22 låte
193 513 38 20 ock
247 513 72 26 sedan,
336 519 34 15 om
386 512 46 23 skäl
448 513 69 21 dertill
532 512 137 26 förekomma,
685 512 66 22 målet
766 512 32 21 till
809 512 74 21 veder-

133 547 96 22 börande
251 547 87 22 hofrätt.
369 547 106 22 Tredskar
498 548 39 21 den
558 547 85 28 angifne
659 548 33 21 att
706 547 29 27 på
749 546 87 22 kallelse
850 547 32 20 in-

133 581 58 22 finna
214 582 32 27 sig
269 582 50 21 eller
339 583 33 20 att
387 581 108 23 affordrad
509 582 92 27 skriftlig
615 581 119 28 förklaring
749 581 83 28 afgifva,
848 581 34 22 må

134 616 145 28 domkapitlet,
303 616 54 22 efter
375 616 100 29 pröfning
494 617 131 22 omedelbart
643 618 45 21 mot
703 616 78 23 honom
796 616 87 27 vidtaga

134 651 25 22 de
175 651 106 27 åtgärder,
298 658 46 15 som
359 651 39 22 här
414 651 66 28 sagda
495 654 43 19 äro.

201 685 78 28 Bryter
301 686 89 22 medlem
414 686 22 21 af
456 686 40 21 den
520 685 242 28 evangelisk-lutherska
777 685 105 28 kyrkan
869 681 16 37 i

132 720 73 22 landet
227 723 46 19 mot
295 721 56 21 hvad
365 721 7 21 i
388 721 12 27 $
416 722 27 20 33
459 727 33 15 om
512 721 59 22 tiden
586 720 33 23 för
635 720 82 23 enskild
733 721 148 21 andaktssam-

132 755 123 21 mankomst
269 755 103 28 stadgadt
390 757 31 24 är,
437 755 39 22 och
491 755 72 22 tillhör
577 755 43 22 han
635 755 46 21 icke
696 761 81 16 samma
792 754 90 23 försam-

132 789 50 27 ling,
206 789 37 22 der
265 789 115 22 förseelsen
404 789 91 28 begåtts,
515 791 35 20 mä
572 791 66 20 saken
654 790 45 25 ock,
715 790 38 21 der
768 790 25 21 sä
807 789 74 27 nödigt

131 823 94 28 pröfvas,
246 824 96 21 anmälas
361 824 39 21 hos
419 824 146 28 domkapitlet,
581 823 80 22 hvilket
677 830 49 21 eger
742 824 44 22 deri
800 823 81 23 förfara

133 859 70 21 säsom
220 857 62 23 ofvan
298 859 7 21 i
320 859 71 22 denna
406 859 102 26 paragraf
520 859 64 28 sagdt
599 861 30 19 är.

200 893 80 21 Tillhör
295 893 40 22 den
352 893 85 28 angifne
453 895 67 20 annat
535 893 53 25 stift,
604 895 27 20 än
647 893 42 27 det,
706 893 32 22 till
748 893 63 22 hvars
823 894 58 21 dom-

132 927 82 28 kapitel
237 928 100 22 anmälan
356 928 118 27 inkommit,
490 929 55 21 skall
559 929 66 21 saken
640 928 91 22 förvisas
746 928 33 22 till
794 928 87 22 domka-

132 961 63 28 pitlet
210 962 6 21 i
231 961 150 23 förstnämnda
396 962 52 23 stift.

214 996 47 22 Har
275 997 67 22 sädan
358 997 106 27 förseelse,
480 1004 46 15 som
541 999 6 20 i
558 998 71 22 denna
639 997 102 28 paragraf
751 1000 129 23 omnämnes,

131 1031 86 27 begätts
233 1031 23 22 af
268 1031 114 28 utländing
397 1032 51 22 eller
463 1032 23 22 af
499 1033 77 27 nägon,
592 1039 45 15 som
652 1033 46 21 icke
713 1032 73 22 tillhör
799 1032 82 22 luther-

131 1065 40 22 ska
185 1066 90 26 kyrkan,
291 1067 35 21 mä
340 1066 137 28 kyrkorädet,
494 1073 33 15 om
538 1068 24 20 sä
572 1066 75 28 nödigt
656 1066 93 28 pröfvas,
761 1067 39 21 ock
808 1066 72 22 derom

133 1100 85 21 anmäla
232 1100 39 22 hos
287 1101 147 27 domkapitlet,
450 1101 81 22 hvilket
546 1108 55 21 eger,
618 1101 37 22 der
670 1101 210 27 omständigheterna

132 1134 77 22 sådant
232 1136 92 26 påkalla,
340 1136 39 22 hos
401 1136 160 22 vederbörande
577 1136 113 27 verldsliga
705 1136 122 26 myndighet
843 1142 37 15 an-

131 1169 56 22 hålla
203 1176 33 15 om
252 1170 129 27 vidtagande
397 1170 22 22 af
433 1170 124 28 erforderlig
572 1170 77 28 åtgärd
664 1170 7 21 i
686 1171 72 21 saken.

471 1234 11 27 8
500 1235 46 20 106.

198 1273 157 23 Prestembetet
377 1274 129 22 tillkommer
528 1276 32 20 att
583 1268 41 28 den
647 1273 109 28 offentliga
770 1274 110 27 gudstjen-

130 1310 55 24 sten,
209 1308 25 22 de
257 1308 69 27 heliga
350 1308 177 22 sakramenterna
549 1308 39 22 och
611 1308 68 22 andra
701 1308 97 28 kyrkliga
813 1308 67 21 hand-

130 1342 77 28 lingar,
231 1348 45 16 som
295 1343 7 21 i
320 1344 49 26 kap.
389 1343 35 26 VI,
440 1342 47 27 VII,
503 1343 89 21 IX—XI
607 1342 92 22 nämnde
719 1345 43 24 äro,
781 1342 97 22 förvalta.

130 1377 24 28 Ej
178 1378 35 21 mä
235 1378 71 27 nägon
328 1378 56 22 hvad
406 1377 91 23 sälunda
516 1377 153 27 prestembetet
689 1376 96 22 tillhörer
800 1376 79 27 utöfva,

132 1414 53 18 utan
199 1412 50 25 han,
265 1412 29 26 pä
309 1413 45 19 sätt
369 1412 39 20 här
424 1412 69 20 nedan
509 1414 68 24 säges,
588 1412 32 20 till
631 1412 92 19 embetet
734 1411 67 21 blifvit
812 1411 68 20 skick-

131 1444 29 28 lig
182 1444 108 22 befunnen
313 1445 39 21 och
371 1445 83 27 invigd;
479 1451 48 15 men
543 1446 6 20 i
564 1444 80 22 nödfall
659 1444 55 28 gälle
728 1444 56 22 hvad
799 1444 80 26 derom,
