1106 1789
347 156 29 23 U.
392 156 27 23 B.
435 169 27 4 —
478 157 73 29 Prop.
567 157 45 23 N:o
627 157 37 23 19.

412 569 119 28 Tillägg
555 569 54 23 till
625 569 265 28 Statsutskiottets

344 603 191 22 betänkande
563 603 46 23 N:o
633 604 16 21 4
675 604 10 21 i
711 604 133 28 anledning
865 604 28 22 af

345 637 88 28 nädiga
456 638 187 28 propositionen
663 643 40 17 om
717 637 132 23 anvisande
864 638 28 22 af

342 672 81 22 medel
448 671 43 23 till
511 672 156 23 bestridande
685 671 27 23 af
723 672 166 23 kostnaderna

342 706 42 22 för
398 705 77 23 finska
489 706 126 23 militären
630 706 79 22 under
724 706 59 22 åren
800 706 97 22 1895—

340 740 66 22 1897.

203 844 44 21 Vid
268 844 157 27 behandlingen
443 844 26 21 af
480 843 74 28 frägan
568 851 36 14 om
619 843 188 28 militärbudgeten
821 844 65 21 hafva

135 882 79 18 tvenne
230 878 69 26 ständ,
318 878 161 27 Ridderskapet
492 879 41 20 och
543 878 72 21 Adeln
627 882 56 17 samt
695 878 189 27 Borgareständet,

132 913 88 21 beslutit
234 913 94 21 infordra
343 912 177 22 Statsutskottets
534 913 102 26 yttrande
651 913 6 20 i
672 913 114 27 anledning
807 913 25 21 af
847 913 38 21 det

133 947 41 21 hos
189 947 100 21 bemälda
304 947 64 21 ständ
380 947 89 21 anförda
481 947 138 26 förhällande,
629 950 33 18 att
672 947 42 21 den
726 948 7 20 i
742 947 143 28 värnepligts-

133 982 65 26 lagen
213 981 115 22 faststälda
343 981 78 27 högsta
436 981 125 21 numerären
576 981 32 21 för
623 981 84 21 landets
722 981 72 21 aktiva
809 985 76 24 trupp-

134 1016 76 26 styrka
225 1017 6 19 i
246 1016 90 21 fredstid
350 1015 67 21 under
432 1015 28 21 de
475 1019 86 18 senaste
575 1016 50 20 ären
640 1015 73 21 tidtals
729 1015 154 22 öfverskridits.

200 1049 73 28 Enligt
296 1050 28 21 de
346 1049 154 28 upplysningar
522 1049 167 22 Statsutskottet
709 1051 7 18 i
739 1049 60 22 detta
821 1050 62 20 ämne

132 1084 111 25 inhemtat,
258 1084 39 21 har
312 1085 6 20 i
333 1084 75 27 sjelfva
421 1084 77 21 verket
512 1083 243 28 manskapsnumerären
768 1084 37 20 vid
824 1087 59 24 trup-

133 1125 67 21 perna
215 1118 67 21 under
296 1118 61 22 tiden
371 1118 46 21 frän
431 1118 118 21 november
566 1118 52 26 1892
633 1117 30 22 till
679 1118 65 21 slutet
759 1118 24 20 af
792 1117 91 22 februari

132 1153 54 27 1893
202 1156 56 18 samt
272 1153 46 21 från
332 1153 118 21 november
467 1154 53 25 1893
536 1153 41 20 och
592 1152 55 21 ännu
662 1153 7 20 i
683 1152 55 27 april
749 1152 21 21 d.
781 1152 18 20 å.
813 1152 69 21 öfver-

131 1188 61 27 stigit
207 1188 38 21 det
258 1189 8 19 i
280 1188 65 27 lagen
359 1188 114 21 faststälda
487 1187 80 22 antalet
583 1187 62 27 5,600
659 1194 56 14 man.
739 1186 50 21 Den
803 1187 79 27 högsta

130 1222 129 21 differensen
281 1222 97 21 förekom
400 1223 7 20 i
425 1221 118 22 november
559 1222 60 26 1893,
635 1222 7 20 i
657 1221 38 21 det
709 1224 33 18 att
756 1221 125 21 numerären

130 1256 34 26 dä,
188 1256 66 28 enligt
276 1256 114 28 uppgiften
412 1256 32 20 för
465 1256 42 20 den
525 1262 24 20 13
564 1257 7 19 i
585 1262 82 14 samma
682 1255 83 25 mänad,
782 1255 99 27 utgjorde

131 1294 69 23 5,975,
224 1290 84 22 säledes
332 1295 38 22 375
394 1297 49 14 man
462 1289 86 22 utöfver
561 1290 43 21 den
619 1289 79 28 lagliga
712 1289 168 21 maximisiffran.

198 1324 215 28 Värnepligtslagens
429 1324 122 27 stadgande
569 1323 113 28 angäende
697 1323 184 21 fredsnumerären

129 1358 64 28 utgör
215 1360 7 20 i
244 1359 88 21 främsta
349 1362 91 18 rummet
457 1364 89 15 normen
560 1358 33 21 för
607 1358 164 20 bestämmande
785 1358 24 20 af
821 1360 58 24 trup-

128 1400 78 20 pernas
222 1396 73 18 stater.
309 1393 74 27 Enligt
397 1400 28 13 nu
439 1392 100 27 gällande
554 1395 67 18 stater
636 1392 85 27 uppgär
735 1391 49 22 hela
799 1392 80 21 antalet

128 1426 112 27 manskap,
256 1426 37 21 vid
306 1426 86 21 fronten
407 1426 42 20 och
463 1428 61 18 utom
538 1426 91 24 fronten,
644 1425 89 21 beridne
748 1425 42 20 och
799 1425 81 20 obevä-

127 1460 59 25 rade,
202 1460 32 20 till
246 1460 68 26 jemnt
330 1460 63 26 5,600
407 1466 55 14 man.

196 1506 130 16 Statsutskottets
338 1505 102 16 betänkande
451 1505 35 16 N:o
497 1510 17 15 4.
