1092 1786
357 173 28 23 U.
401 173 27 23 B.
445 187 26 2 —
487 174 72 28 Prop.
575 173 42 23 N:o
633 173 38 23 23.
816 174 24 21 17

120 243 24 20 af
156 242 212 27 bevillningsmedlen
378 244 7 19 i
397 243 128 21 ränterierna
535 243 35 20 vid
581 243 106 27 ingängen
696 243 26 20 af
730 243 60 26 1894,
802 243 69 20 hvari-

120 283 79 20 genom
221 283 26 14 en
263 277 67 20 exakt
344 277 161 27 utgängspunkt
519 278 83 20 vunnits
618 277 32 20 för
665 277 118 27 beräkning
798 277 25 20 af
834 277 36 20 be-

121 310 121 26 hällningen
257 310 36 20 vid
308 310 93 20 nämnda
416 311 33 19 ärs
465 311 86 26 utgäng.

189 343 136 21 Beträffande
348 344 27 20 de
397 344 122 21 beräknade
541 344 145 21 inkomsterna
701 344 41 20 och
756 339 118 32 utgifterna

122 378 67 20 under
210 378 23 20 år
251 378 58 25 1894,
326 379 6 19 i
347 378 103 20 afseende
465 380 12 19 å
492 378 71 21 hvilka
578 378 114 22 Utskottet
707 378 18 26 ej
741 380 7 19 i
763 378 41 20 allo
820 378 52 20 kun-

120 415 38 17 nat
173 411 50 27 följa
239 412 41 20 den
295 412 78 27 nådiga
389 414 169 25 propositionen,
574 412 78 22 tillåter
666 413 34 26 sig
712 412 114 21 Utskottet
836 418 36 14 an-

121 446 47 20 föra
182 445 104 27 följande:

191 480 244 27 Stämpelbevillningen,
458 480 77 22 hvaraf
556 480 120 22 inkomsten
700 482 54 20 varit
778 482 6 19 i
804 480 68 27 jemnt

122 515 105 27 stigande,
249 515 124 27 inbringade
395 518 60 18 netto
471 515 71 28 (prop.
562 516 41 20 N:o
619 516 12 20 8
646 515 40 21 sid.
705 515 20 27 1)
743 516 53 26 1890
818 515 55 21 Fmk

121 554 98 22 905,031:
234 554 25 21 45
277 550 42 20 och
336 550 53 26 1892
405 550 55 20 Fmk
473 550 97 26 995,746:
584 549 34 26 06,
634 550 86 20 således
735 557 26 13 en
776 551 97 25 stegring

122 584 66 21 under
203 585 38 20 två
255 584 23 20 är
293 584 25 20 af
329 589 78 21 90,000
422 584 36 20 mk
480 584 50 21 eller
544 589 78 21 45,000
636 583 36 21 mk
694 585 6 19 i
715 584 52 21 året.
798 584 75 21 Under

122 618 122 27 antagande
263 618 24 21 af
300 625 26 13 en
342 618 79 27 ökning
436 619 6 20 i
457 618 120 21 inkomsten
592 618 66 21 under
673 618 27 21 de
716 618 92 26 följande
823 619 50 20 åren

122 653 50 20 med
193 657 79 21 40,000
293 652 42 20 mk.
351 652 86 27 årligen,
453 652 38 20 har
506 652 113 22 Utskottet
634 652 104 22 beräknat
751 652 122 22 inkomsten

122 687 26 21 af
160 687 69 20 denna
244 686 119 21 skattetitel
377 686 66 21 under
459 687 22 20 år
498 688 54 25 1894
566 686 30 22 till
614 691 110 22 1,075,000
738 687 66 20 mark.

191 720 148 27 Bevillningen
359 720 15 20 å
397 720 144 27 maltdrycker
560 721 38 21 har
612 722 71 26 (prop.
698 720 42 22 N:o
758 726 25 16 10
798 721 38 21 sid.
855 722 18 25 1)

123 756 67 20 under
205 756 50 20 åren
273 756 109 26 1890—92
398 755 85 27 inbragt
498 757 5 19 i
514 755 100 21 medeltal
624 755 32 21 för
667 755 73 27 hvarje
750 756 22 20 år
782 760 92 22 743,424

123 790 37 21 mk
174 795 26 21 42
217 791 22 26 pi
254 790 51 20 eller
320 789 54 21 efter
389 789 76 27 afdrag
479 790 25 20 af
516 789 186 25 omkostnaderna,
718 796 47 14 som
776 791 6 19 i
794 790 80 20 medel-

124 825 30 21 tal
176 832 39 20 per
234 825 23 20 år
269 824 81 27 utgjort
365 824 75 26 25,632
457 825 35 20 mk
507 829 27 21 97
549 826 29 26 pi,
594 824 54 21 Fmk
663 829 97 21 717,791:
775 829 34 21 45.
839 824 34 21 Då

124 860 70 20 denna
209 858 118 28 beräkning
342 858 100 21 omfattar
457 859 63 20 äfven
535 859 37 21 det
587 858 135 28 synnerligen
733 865 141 20 ogynsamma

124 893 46 21 året
193 893 59 25 1892,
276 892 39 21 har
330 892 115 21 Utskottet
459 895 53 18 trott
527 894 33 25 sig
574 892 32 21 för
624 893 53 26 1894
691 892 70 21 kunna
778 896 96 23 upptaga

124 927 131 21 sistnämnda
270 926 171 21 medeltalssiffra
456 927 103 20 afrundad
574 927 30 20 till
619 931 91 22 720,000
724 926 42 21 mk.

192 961 124 21 Inkomsten
338 961 25 20 af
381 961 228 26 näringsbevillningen
624 961 38 20 har
684 961 115 21 Utskottet
817 963 6 19 i
838 968 36 13 an-

124 996 80 21 seende
219 995 31 21 till
265 995 42 21 den
323 995 88 21 emellan
426 995 108 26 Ryssland
549 996 41 20 och
604 995 111 26 Tyskland
726 995 42 21 den
789 995 85 21 10febr.

125 1031 20 20 d.
161 1031 19 20 &.
198 1031 106 26 ingångna
321 1029 204 26 handelstraktaten,
543 1029 18 27 ej
576 1033 71 18 ansett
658 1031 34 25 sig
699 1029 70 21 kunna
778 1029 31 21 för
822 1030 54 25 1894

124 1065 95 21 beräkna
234 1064 67 27 högre
314 1064 27 20 än
356 1063 31 22 till
404 1068 75 22 15,000
494 1064 41 21 mk.

193 1099 168 21 Militiefondens
384 1099 105 20 ordinarie
511 1099 116 20 inkomster
649 1098 63 21 hafva
736 1100 112 25 upptagits
869 1100 6 19 i

126 1134 94 27 enlighet
235 1134 50 20 med
303 1134 54 25 1894
372 1133 33 21 ärs
421 1133 136 27 statsförslag
572 1133 76 20 endast
663 1133 49 20 med
728 1133 42 20 den
785 1133 91 20 skillnad

125 1172 32 17 att
180 1172 79 23 posten
291 1167 108 21 rusthälls-
423 1167 41 21 och
483 1167 186 27 augmentsräntor
690 1167 56 26 höjts
770 1168 28 26 pä
822 1167 52 25 skäl,

126 1208 47 14 som
197 1201 66 21 finnas
285 1201 90 21 anförda
392 1202 6 20 i
413 1200 176 22 Statsutskottets
605 1200 136 22 betänkande
756 1201 41 20 N:o
812 1207 14 19 4
836 1201 39 21 sid.

128 1242 31 19 14,
180 1235 45 21 frän
243 1240 90 22 570,000
355 1234 30 22 till
403 1235 91 26 605,000
509 1235 41 20 mk.
572 1234 144 22 Slutsumman
730 1235 38 21 har
783 1234 71 22 därför
870 1236 6 20 i

126 1270 114 21 afrundadt
249 1270 31 20 tal
290 1270 111 26 upptagits
417 1269 31 21 till
462 1269 112 25 2,061,000
589 1269 41 21 mk.

198 1304 123 26 Utgifterna
342 1303 33 21 för
397 1303 211 21 folkskoleväsendet
623 1304 22 19 är
663 1304 53 25 1894
734 1303 36 20 äro
786 1304 6 19 i
808 1302 68 21 öfver-

126 1338 151 20 enstämmelse
299 1338 51 20 med
372 1337 27 21 de
421 1336 124 28 utgängstal
569 1337 32 21 för
616 1337 145 27 beräkningen
776 1337 26 21 af
813 1337 63 21 dessa

127 1372 87 27 utgifter
236 1373 67 19 under
325 1371 105 27 ingående
451 1371 150 27 finansperiod,
623 1371 70 20 hvilka
715 1370 133 22 förekomma
871 1372 6 19 i

127 1407 78 26 nädiga
228 1407 165 26 propositionen
416 1406 42 19 N:o
476 1407 23 19 18
516 1406 110 26 angäende
640 1405 115 21 anvisande
770 1406 23 20 af
807 1405 70 21 medel

127 1441 31 20 till
183 1439 156 21 folkskolornas
370 1441 6 18 i
401 1439 72 20 landet
489 1439 113 24 underhäll,
618 1439 123 20 beräknade
756 1442 32 17 att
804 1439 74 26 uppgä

126 1474 32 21 till
175 1473 110 27 1,366,000
300 1473 42 20 mk.

197 1514 130 16 Statsuiskottets
339 1513 102 16 betänkande
453 1513 34 16 N:o
500 1518 26 12 12.
799 1513 10 16 2
