1120 1781
448 137 43 25 N:o
509 139 21 23 9.
810 137 26 21 15

117 205 73 27 bolags
213 205 92 22 inkomst
328 205 33 22 får
376 205 65 22 sådan
455 206 101 22 befrielse
570 206 47 22 från
633 206 52 21 eller
700 206 93 27 lindring
807 206 8 21 i
830 205 37 22 be-

114 239 122 28 villningen,
260 246 45 15 som
330 240 39 22 här
392 241 61 22 ofvan
469 241 7 22 i
494 242 80 21 17—19
590 241 24 27 $$
630 243 55 24 sägs,
701 241 46 22 icke
763 241 103 26 åtnjutas.

462 293 25 20 21
505 293 20 27 8.

181 325 96 22 Inkomst
293 328 84 19 taxeras
393 325 33 22 för
442 326 36 21 det
493 326 91 27 löpande
599 327 53 20 året.

182 359 45 22 Lön
243 360 38 21 och
297 367 71 14 annan
383 360 55 22 känd
453 361 92 29 inkomst
561 363 103 24 upptages
675 361 48 21 med
735 360 36 22 det
781 359 85 28 belopp,

116 394 85 21 hvartill
222 394 122 22 densamma
359 395 33 21 för
407 395 172 28 bevillningsäret
595 395 69 21 blifvit
680 395 6 21 i
702 397 44 19 stat
761 395 52 20 eller
828 400 37 15 an-

115 429 98 21 norledes
228 429 104 22 bestämd.

183 464 119 22 Obestämd
317 465 94 21 inkomst
426 470 103 22 upptages
545 465 46 21 åter
602 465 48 20 med
661 465 36 21 det
708 464 85 27 belopp,
803 463 62 21 hvar-

115 499 33 20 till
170 499 120 21 inkomsten
314 499 66 21 under
403 499 35 22 det
457 499 178 27 nästföregående
650 498 46 22 året
711 499 91 26 uppgått
817 497 50 21 med

114 533 141 27 iakttagande
271 533 72 28 likväl,

182 569 45 20 dels
251 570 32 19 att
306 568 120 22 inkomsten
446 569 67 21 första
529 570 46 20 året
591 568 41 21 den
647 568 93 27 åtnjutes
755 567 109 21 äfvensom

114 602 27 21 då
164 603 41 21 den
227 603 46 21 icke
296 603 97 26 åtnjutits
415 603 33 21 för
470 603 49 21 hela
542 603 35 21 det
601 602 128 28 föregående
748 601 47 22 året
810 601 54 21 skall

114 639 104 25 upptagas
241 637 48 21 med
312 637 37 21 det
371 637 83 27 belopp,
479 637 87 21 hvartill
593 637 128 26 densamma,
748 635 66 27 enligt
839 636 28 20 de

114 671 155 28 upplysningar
288 671 198 28 taxeringsmännen
502 672 81 21 kunnat
598 671 102 22 förskaffa
715 671 38 26 sig,
769 669 96 28 skäligen

113 707 34 21 må
162 712 61 16 anses
240 705 34 22 för
290 706 35 21 det
340 706 90 27 löpande
446 707 47 21 året
507 706 76 27 uppgå,

182 741 44 20 dels
250 741 40 20 ock
313 742 37 23 att,
374 741 26 21 då
422 741 121 21 inkomsten
566 741 67 21 under
655 741 36 21 det
712 740 90 27 löpande
818 740 47 20 året

113 775 89 28 upphör,
226 775 123 22 densamma
365 777 104 26 upptages
484 776 47 21 med
548 775 36 22 det
599 776 83 27 belopp,
698 781 52 19 som,
766 774 48 21 med
830 773 34 22 det

113 809 176 27 nästföregående
305 809 57 22 årets
378 810 93 21 inkomst
486 810 33 21 till
530 809 203 28 beräkningsgrund,
745 811 120 19 motsvarar

113 845 40 21 den
175 844 94 28 tidrymd
291 844 23 22 af
335 845 36 22 det
393 845 92 27 löpande
508 845 51 27 året,
583 845 34 21 för
640 844 85 22 hvilken
746 844 119 21 inkomsten

115 879 100 27 åtnjutes.

181 914 195 26 Vikariatsarvode,
402 915 79 20 arvode
505 914 32 22 för
560 914 96 27 uppdrag
678 913 24 22 af
722 912 142 28 öfvergående

112 949 145 21 beskaffenhet
281 949 38 22 och
342 949 28 22 all
393 949 58 28 dylik
474 949 93 28 tillfällig
589 949 97 26 inkomst,
707 954 45 15 som
767 947 97 22 härfutit

112 984 23 22 af
149 991 68 15 annan
234 984 39 22 den
289 984 232 28 bevillningsskyldiges
537 984 136 22 verksamhet
688 985 26 19 än
730 983 53 21 hans
798 982 65 22 redan

113 1019 32 22 till
167 1019 116 28 bevillning
306 1019 101 22 taxerade
422 1020 71 28 tjenst,
511 1019 75 28 näring
601 1019 52 22 eller
669 1019 79 20 rörelse
764 1017 39 22 och
818 1023 46 16 som

112 1054 90 22 tillfallit
224 1054 78 23 honom
326 1056 24 20 så
372 1058 48 18 sent
442 1055 66 21 under
531 1056 30 20 ett
585 1054 32 26 år,
633 1055 31 20 att
680 1054 122 21 densamma
817 1052 48 22 icke

112 1090 83 21 kunnat
211 1089 23 22 af
255 1091 57 20 årets
327 1090 134 26 bevillnings-
477 1090 52 22 eller
545 1088 191 29 pröfningsnämnd
751 1088 114 25 beräknas,

114 1127 84 19 taxeras
214 1124 34 22 till
263 1124 116 27 bevillning
394 1124 37 21 det
445 1126 48 20 näst
508 1124 65 27 derpå
589 1123 93 27 följande
698 1123 53 21 året.

180 1159 11 21 I
210 1158 98 28 spanmål
330 1159 53 21 eller
405 1158 108 27 persedlar
528 1158 105 28 utgående
648 1158 93 21 inkomst
755 1157 109 21 beräknas

113 1193 54 22 efter
192 1196 75 19 senast
291 1193 115 22 faststälda
430 1193 191 27 markegångstaxa
646 1193 38 21 och
706 1192 7 21 i
736 1191 98 22 afseende
850 1190 14 22 å

112 1228 116 27 persedlar,
251 1234 46 16 som
319 1228 46 21 icke
380 1230 38 20 äro
434 1229 6 20 i
456 1228 205 28 markegångstaxan
676 1229 117 25 upptagna,
809 1225 55 22 efter

113 1263 26 21 de
154 1263 86 26 värden,
256 1262 82 22 sådana
353 1263 109 26 persedlar
478 1264 12 20 å
505 1265 60 19 orten
582 1268 62 16 anses
658 1268 46 21 ega.

460 1316 27 20 22
503 1315 18 27 8.

182 1348 215 28 Bevillningsskyldig
411 1351 95 20 taxeras:

181 1384 23 26 a)
229 1390 63 20 egare
315 1384 40 21 och
378 1384 93 21 brukare
493 1384 24 21 af
530 1383 43 21 fast
589 1382 109 28 egendom,
714 1382 33 21 för
763 1381 99 21 arrende-

114 1418 52 21 eller
181 1418 159 26 hyresinkomst
356 1418 108 20 äfvensom
480 1418 33 20 för
527 1417 94 21 inkomst
635 1416 23 21 af
664 1416 197 26 jordbruksnäring:

112 1452 38 21 der
165 1450 128 28 fastigheten
309 1452 23 20 är
347 1451 101 27 belägen;
