1086 1748
354 114 29 23 U.
397 114 27 22 B.
440 127 26 3 —
481 116 74 26 Prop.
569 115 42 23 N:o
627 116 36 21 15.
844 118 12 19 3

202 176 54 22 Med
270 176 107 23 afseende
392 177 14 22 ä
420 176 64 23 detta
499 176 200 24 missförhällande
714 177 41 23 har
769 178 117 22 utskottet

135 213 77 20 ansett
228 211 37 28 sig
280 211 56 22 böra
350 211 94 22 förorda
458 220 29 13 en
503 212 70 21 sädan
588 212 152 29 formulering
755 213 26 21 af
793 215 13 25 $
823 214 11 21 1
850 213 35 21 uti

134 245 163 28 föreliggande
311 245 89 28 förslag
414 246 38 21 till
467 246 144 28 förordning,
622 248 35 19 att
671 246 130 28 utländing,
817 247 68 21 som
873 241 16 37 i

133 279 79 22 landet
226 279 38 22 för
278 287 58 20 egen
352 280 56 21 eller
422 287 88 14 annans
525 280 101 28 räkning
636 283 67 18 ärnar
714 280 68 28 bjuda
792 283 26 18 ut
829 281 56 20 eller

134 313 62 22 sluta
212 313 84 22 handel
314 313 52 22 med
384 316 72 19 annat
472 313 67 22 lands
559 321 71 18 varor,
650 314 65 27 skall,
732 314 71 21 innan
818 314 66 28 dylik

133 347 84 22 handel
232 347 27 22 af
271 347 85 22 honom
370 347 36 22 får
420 348 113 29 påbörjas,
549 348 94 28 erlägga
661 348 97 28 stadgad
778 349 106 28 närings-

134 381 136 29 bevillning.
285 382 68 21 Efter
363 389 86 14 samma
464 382 76 28 grund
555 382 76 27 borde,
647 384 57 19 utan
719 390 32 13 nu
767 382 117 29 medgifna

132 416 54 22 frist
201 416 27 22 af
240 419 34 19 tre
290 417 75 28 dagar,
380 416 227 29 näringsbevillning
621 417 37 20 till
673 416 109 29 stadgadt
799 416 83 29 belopp

121 447 96 32 "jämväl
233 451 105 28 erläggas
354 451 27 21 af
395 451 77 28 öfriga
494 451 154 28 utländingar,
667 451 30 28 pä
714 451 80 22 hvilka
809 451 75 22 denna

133 485 139 29 förordning
287 486 40 21 har
343 485 113 28 afseende,
473 486 25 21 sä
512 486 94 29 mycket
624 485 72 22 hellre
717 493 49 14 som
781 485 103 22 konsert-

132 520 97 29 gifvare,
252 520 146 28 föredragare
416 527 29 14 m.
464 520 23 21 fl.
503 521 8 20 i
530 523 71 19 annat
622 519 42 22 fall
686 520 78 21 kunna
787 520 21 22 h.
825 528 20 14 o.
862 520 20 21 h.

131 555 98 28 fritagas
244 555 53 21 frän
312 554 174 28 ifrägavarande
501 554 158 29 beskattning.

201 589 46 22 Till
262 589 175 28 förebyggande
453 589 26 21 af
492 591 34 20 att
546 589 155 29 utländingar,
724 589 81 22 hvilka
825 597 57 21 upp-

132 623 65 29 gifva
219 626 35 19 att
276 623 28 22 de
326 623 36 22 för
384 631 89 14 annans
488 625 16 20 t.
520 631 34 14 ex.
570 623 83 22 hotell-
671 623 56 22 eller
749 623 134 29 kaföägares

132 658 101 29 räkning
248 658 42 22 och
306 658 57 28 icke,
373 658 75 21 säsom
463 665 32 14 nu
510 657 107 29 gällande
632 657 137 30 förordning
784 658 39 21 det
838 658 45 21 för-

132 695 104 26 utsätter,
252 693 37 21 för
304 700 58 21 egen
372 693 102 27 räkning
483 693 137 21 föranstalta
629 693 8 21 i
647 692 167 29 förordningen
825 700 56 21 upp-

131 727 102 22 räknade
248 727 144 22 förlustelser
408 727 56 21 eller
474 727 177 29 förevisningar,
664 727 37 21 mä
711 727 79 22 kunna
805 727 78 29 undgä

131 761 156 23 föreskrifven
303 761 216 29 bevillningsafgift,
529 762 86 21 tilläter
630 762 37 28 sig
681 761 115 23 utskottet
810 764 72 27 ytter-

132 796 72 29 ligare
219 796 86 22 föreslä
320 796 70 22 sädan
406 795 161 24 redaktion
540 791 27 39 af
579 797 71 21 andra
665 799 125 19 momentet
805 796 27 22 af
839 798 13 26 $
864 799 18 26 1,

132 833 35 19 att
182 831 66 28 dylik
263 831 71 28 afgift
349 831 41 21 bör
406 831 104 28 erläggas
526 831 26 21 af
565 831 130 28 utländing,
716 838 48 15 som
779 831 52 21 med
847 838 35 15 ve-

132 865 128 29 derbörligt
282 865 111 28 tillständ,
416 869 49 19 mot
488 865 75 29 afgift,
586 865 37 23 för
642 873 58 21 egen
721 866 55 22 eller
794 873 88 15 annans

131 900 101 29 räkning
248 901 109 28 antingen
374 907 79 14 ensam
468 900 56 22 eller
542 900 52 22 med
613 900 83 22 andras
712 900 88 22 biträde
816 904 67 18 ärnar

131 935 66 28 gifva
207 934 273 29 cirkusföreställningar,
489 935 98 28 uppföra
595 934 127 29 skädespel,
731 935 61 22 hälla
801 934 83 22 offent-

131 970 48 28 liga
200 969 114 29 föredrag,
337 969 98 22 anställa
458 970 94 21 konsert
574 970 56 21 eller
649 977 76 14 annan
744 969 137 22 musikalisk

131 1004 151 28 tillställning
307 1011 18 15 o
350 1012 16 13 s.
392 1011 22 13 v.
452 1004 76 21 Bland
553 1004 224 28 näringsbevillning
799 1004 82 22 under-

132 1038 82 22 kastad
238 1038 232 28 inkomstbringande
495 1038 147 22 verksamhet
671 1038 70 22 borde
768 1040 114 27 upptagas

131 1073 70 22 äfven
216 1073 118 22 hällandet
350 1072 26 22 af
388 1072 120 29 offentliga
518 1072 113 30 föredrag,
640 1072 119 22 äfvensom
770 1073 113 22 karusell-

131 1108 94 28 åkning,
248 1114 29 15 en
300 1107 59 22 form
381 1107 26 21 af
425 1106 110 29 folknöje,
551 1114 50 15 som
623 1115 68 21 synes
714 1108 98 21 kommit
835 1110 47 19 rätt

131 1142 93 29 mycket
238 1142 8 20 i
261 1142 59 21 bruk
331 1141 69 22 äfven
410 1142 13 21 ä
433 1141 165 23 landsorterna.
614 1141 79 23 Under
703 1141 176 29 förutsättning,

132 1179 35 19 att
180 1176 67 22 dessa
262 1176 162 28 förändringar
439 1176 26 21 af
478 1177 12 26 $
507 1178 10 20 1
534 1176 71 22 vinna
623 1176 141 22 Ständernas
780 1176 102 28 godkän-

131 1210 82 28 nande,
230 1210 41 23 bör
283 1211 87 28 jämväl
386 1212 12 26 &
415 1214 12 19 2
442 1210 104 29 undergå
560 1218 29 15 en
609 1210 160 23 motsvarande
784 1210 98 23 omredi-

131 1245 90 28 gering.

199 1279 36 22 Då
250 1283 61 18 ännu
326 1279 75 22 ovisst
417 1283 31 24 är,
464 1279 115 22 huruvida
594 1279 44 22 den
649 1279 84 29 nådiga
743 1280 139 28 propositio-

131 1321 46 14 nen
199 1314 119 28 angäende
339 1313 131 29 bevillning
492 1314 37 21 för
546 1314 47 22 fast
611 1314 113 29 egendom
740 1315 42 20 och
797 1314 37 21 för
848 1315 34 20 in-

132 1349 78 21 komst
232 1349 102 21 kommer
357 1351 34 19 att
412 1347 26 23 af
462 1348 128 22 Ständerna
613 1351 102 26 antagas,
737 1348 66 22 torde
825 1349 57 20 sista

131 1382 124 27 meningen
271 1382 27 21 af
310 1383 13 25 8
340 1384 9 19 1
366 1383 8 20 i
389 1382 67 27 fråga
471 1388 37 15 om
524 1382 75 21 denna
621 1383 129 26 bevillning
772 1383 56 20 böra
848 1389 34 14 er-

132 1415 61 22 hålla
208 1423 29 14 en
252 1423 62 14 mera
328 1416 112 27 vilkorlig
454 1416 44 21 och
513 1416 84 21 allmän
613 1416 135 27 affattning.

200 1451 214 28 Bevillmingsutskottets
426 1456 117 18 betänkande
555 1457 36 17 N:o
603 1457 17 18 2.
