1123 1778
344 151 29 22 U.
389 151 27 22 B.
434 164 26 2 —
476 152 73 28 Prop.
565 152 45 22 N:o
625 152 37 22 14.

400 535 254 27 Lagutskottets
675 535 207 22 betänkande

334 569 45 22 N:o
399 569 14 22 2
433 569 9 22 i
461 569 134 28 anledning
616 569 27 22 af
660 570 65 21 Hans
746 569 137 30 Kejserliga

334 603 123 29 Majestäts
470 603 89 28 nådiga
571 605 154 27 proposition
737 610 40 16 om
789 603 93 23 ändrad

335 637 94 28 lydelse
452 637 28 22 af
499 639 35 27 $$
559 638 14 22 2
597 637 46 23 och
665 638 27 22 11
706 639 9 21 i
730 637 90 29 nådiga
833 637 50 23 för-

335 672 146 27 ordningen,
497 672 124 28 angående
632 673 113 21 enskilda
751 673 132 27 jernvägar

334 705 41 23 för
392 707 92 21 allmän
499 707 154 27 samfärdsel,
669 707 24 21 af
708 707 48 21 den
771 706 27 22 15
814 706 69 28 April

335 740 68 22 1889.

198 830 56 21 Den
272 829 94 29 nådiga
385 829 188 28 propositionen
591 829 47 22 har
652 829 25 22 af
689 829 116 29 samtliga
818 829 65 22 stån-

130 864 49 23 den
197 863 152 23 remitterats
368 863 36 22 till
423 863 182 29 Lagutskottet,
618 864 88 28 åtföljd
719 863 57 23 från
788 864 95 22 Preste-

130 899 46 22 och
203 898 223 28 Borgarestånden
451 898 26 21 af
493 898 232 29 protokollsutdrag
744 898 71 22 öfver
833 899 51 21 sär-

131 933 82 22 skilda
240 933 67 21 inom
334 932 110 22 nämnda
472 933 73 21 stånd
572 933 43 22 vid
643 933 119 21 remissen
789 932 95 29 afgifna

130 967 143 28 yttranden,
302 967 110 22 hvarhos
440 967 126 22 Utskottet
589 967 39 22 för
653 967 188 28 behandlingen
860 967 25 21 af

131 1001 104 22 ärendet
254 1001 31 28 på
305 1001 112 28 begäran
436 1001 46 21 fått
495 1002 125 28 emottaga
634 1001 30 21 de
678 1001 42 22 vid
733 1001 151 22 detsammas

131 1035 141 28 beredning
299 1035 7 22 i
335 1035 139 28 Kejserliga
496 1035 109 22 Senaten
624 1035 129 22 tillkomna
771 1035 114 22 handlin-

131 1076 46 22 gar
196 1070 75 28 jemte
289 1069 125 28 protokoll
433 1069 70 22 öfver
517 1076 30 14 en
559 1069 131 23 derstädes
704 1069 181 29 försiggången

132 1104 163 29 omröstning.

202 1253 41 22 Uti
271 1252 158 30 underdånig
457 1253 103 27 petition
584 1253 78 21 hafva
683 1252 142 22 Ständerna
844 1252 43 22 vid

133 1288 99 22 senaste
250 1287 123 28 landtdag
393 1287 103 22 anhållit
514 1294 39 15 om
572 1287 153 22 tillsättande
739 1286 25 22 af
777 1293 30 15 en
819 1287 68 21 kom-

133 1322 103 22 mission
254 1322 57 21 med
329 1322 117 28 uppdrag
465 1322 36 21 att
519 1322 96 28 afgifva
633 1322 95 27 förslag
747 1321 43 26 till,
809 1321 78 22 bland

134 1357 85 25 annat,
239 1356 31 22 de
289 1356 126 28 åtgärder,
435 1362 51 16 som
506 1356 78 22 borde
603 1356 118 28 vidtagas
739 1355 39 22 för
797 1356 36 21 att
847 1356 41 21 be-

133 1390 92 28 främja
253 1390 168 28 uppkomsten
449 1390 25 22 af
496 1391 99 27 privata
613 1391 137 27 jernvägar
768 1390 7 21 i
794 1390 93 21 landet.

134 1424 55 21 Den
207 1431 35 14 nu
255 1423 174 29 föreliggande
442 1423 93 29 nådiga
548 1423 189 28 propositionen
750 1423 139 21 innehåller

134 1458 32 22 de
194 1458 138 28 ändringar
360 1458 49 21 den
435 1457 8 21 i
467 1457 62 29 följd
548 1458 74 21 häraf
639 1456 116 22 nedsatta
773 1456 115 22 kommis-

203 1495 130 23 Lagutskottets
346 1494 109 18 betänkande
468 1495 36 17 N:o
517 1495 16 17 2.
