1123 1786
271 165 27 20 20
435 163 80 23 Ständ.
533 163 38 23 Sv.

630 164 71 26 Prop.
717 163 41 22 N:o
774 162 35 22 21.

589 236 27 20 23
632 236 18 26 8.

311 286 126 26 Förseelse,
461 292 48 15 som
524 287 9 20 i
547 287 27 20 22
590 288 12 25 &
618 290 25 17 är
657 286 53 21 med
726 292 82 15 ansvar
822 284 89 29 belagd,
935 284 59 21 skall

243 320 71 21 åtalas
338 319 40 22 vid
400 319 119 22 underrätt
541 320 8 21 i
572 320 44 21 den
638 323 42 24 ort,
704 319 40 22 der
759 319 44 22 den
819 319 175 29 ifrågavarande

242 355 102 21 rörelsen
360 353 93 23 drifves.

311 389 77 27 Böter,
412 396 48 14 som
483 389 91 22 ådömas
598 389 74 29 enligt
694 391 26 20 22
744 390 20 27 $,
786 388 94 22 tillfalla
898 389 96 21 kronan.

242 423 88 22 Saknas
354 424 99 28 tillgång
468 424 38 21 till
520 424 64 21 deras
600 424 59 22 fulla
674 423 120 30 gäldande,
817 423 133 22 förvandlas
966 423 28 21 de

243 459 74 28 enligt
332 459 86 21 allmän
433 459 118 29 Strafflag.

577 582 13 19 3
605 582 51 21 Kar.

535 646 46 20 Om
596 646 110 25 prokura.

590 709 28 20 24
633 709 19 26 8.

311 759 49 21 Har
384 759 166 22 innehafvaren
573 759 25 22 af
619 767 28 14 en
669 759 9 21 i
702 759 195 29 handelsregister
919 759 77 22 införd

244 794 66 21 firma
325 793 115 22 meddelat
455 794 47 21 viss
518 801 53 14 man
587 794 105 28 skriftlig
702 794 114 27 fullmakt,
833 802 48 14 som
892 794 104 28 uttryck-

243 828 64 28 ligen
322 828 112 21 förklaras
451 835 54 14 vara
520 829 106 28 prokura,
644 836 42 20 ege
698 829 43 21 den
752 829 98 21 sålunda
859 828 137 22 befullmäk-

242 863 80 28 tigade
344 862 148 29 prokuristen
515 865 34 19 att
572 863 8 21 i
602 863 47 27 allt,
673 863 61 21 hvad
756 863 36 21 till
808 863 150 22 bedrifvande
974 863 24 21 af

243 896 203 22 hufvudmannens
470 897 86 21 rörelse
579 898 48 26 hör,
650 897 85 21 handla
750 898 13 20 å
778 897 58 21 hans
852 900 86 25 vägnar
953 898 43 20 och

242 931 85 21 teckna
341 930 58 22 hans
414 930 73 28 firma;
505 932 58 21 dock
578 932 37 20 må
630 931 148 29 prokuristen
794 931 20 29 ej
831 932 101 21 afhända
945 931 51 21 huf-

243 965 148 22 vudmannen
413 965 56 22 hans
492 966 61 21 fasta
576 966 112 28 egendom
704 966 56 22 eller
774 966 118 28 medgifva
908 966 88 21 inteck-

242 1000 58 28 ning
324 999 55 29 deri,
402 1000 52 21 med
477 1000 89 22 mindre
588 1001 46 21 han
649 1000 79 22 blifvit
744 1000 78 22 dertill
837 1000 159 29 uttryckligen

244 1034 161 29 bemyndigad.
434 1035 50 28 Lag
507 1042 87 14 samma
616 1043 59 17 vare,
699 1036 39 20 der
761 1036 77 27 någon
854 1036 143 21 annorlunda

244 1073 30 17 än
289 1076 84 21 genom
389 1069 104 28 skriftlig
507 1069 109 22 fullmakt
636 1069 130 29 bevisligen
781 1070 124 21 betecknat
919 1071 78 28 någon

244 1104 75 21 såsom
334 1103 36 22 sin
386 1104 125 28 prokurist.

311 1138 110 29 Skriftlig
443 1138 100 28 prokura
565 1138 126 22 innefattar
710 1139 138 28 behörighet
861 1139 37 22 för
912 1139 84 28 proku-

244 1172 72 22 risten
340 1174 33 20 att
392 1173 55 27 sjelf
460 1173 55 21 eller
531 1180 83 21 genom
630 1173 85 21 ombud
729 1173 50 21 föra
794 1173 202 21 hufvudmannens

243 1207 65 21 talan
323 1206 62 22 inför
400 1207 125 21 domstolar
541 1207 42 21 och
598 1207 71 21 andra
684 1207 170 29 myndigheter,
870 1209 24 20 så
909 1208 43 21 ock
963 1210 35 19 att

243 1242 13 20 å
278 1241 57 22 hans
358 1244 87 26 vägnar
467 1241 56 28 ingå
543 1242 136 28 förlikning,
703 1244 63 19 utom
790 1242 61 22 hvad
865 1243 71 28 angår
951 1243 46 21 fast

244 1275 118 29 egendom.

590 1351 27 21 25
632 1351 20 26 8.

311 1399 105 22 Prokura
430 1400 37 21 må
481 1400 116 22 meddelas
612 1400 55 22 flere
682 1408 110 21 personer
807 1402 29 28 på
852 1402 81 21 sådant
944 1404 52 26 sätt,

244 1436 34 20 att
294 1435 44 21 den
353 1434 80 22 endast
449 1434 46 22 kan
509 1434 117 30 begagnas
642 1435 25 22 af
680 1435 51 22 dem
746 1439 142 25 gemensamt
899 1437 98 28 (kollek-

242 1469 151 29 tivprokura).
