<?xml version="1.0" encoding="UTF-8"?>
<alto xmlns="http://www.loc.gov/standards/alto/ns-v3#" xmlns:xlink="http://www.w3.org/1999/xlink" xmlns:xsi="http://www.w3.org/2001/XMLSchema-instance" xsi:schemaLocation="http://www.loc.gov/standards/alto/ns-v3# http://www.loc.gov/alto/v3/alto-3-0.xsd">
	<Description>
		<MeasurementUnit>pixel</MeasurementUnit>
		<sourceImageInformation>
			<fileName>/tmp/tess_d95d5787_input.PNG</fileName>
		</sourceImageInformation>
		<OCRProcessing ID="OCR_0">
			<ocrProcessingStep>
				<processingSoftware>
					<softwareName>tesseract 5.3.4</softwareName>
				</processingSoftware>
			</ocrProcessingStep>
		</OCRProcessing>
	</Description>
	<Layout>
		<Page WIDTH="1123" HEIGHT="1784" PHYSICAL_IMG_NR="0" ID="page_0">
			<PrintSpace HPOS="0" VPOS="0" WIDTH="1123" HEIGHT="1784">
				<ComposedBlock ID="cblock_0" HPOS="278" VPOS="150" WIDTH="544" HEIGHT="28">
					<TextBlock ID="block_0" HPOS="278" VPOS="150" WIDTH="544" HEIGHT="28">
						<TextLine ID="line_0" HPOS="278" VPOS="150" WIDTH="544" HEIGHT="28">
							<String ID="string_0" HPOS="278" VPOS="152" WIDTH="26" HEIGHT="20" WC="0.95" CONTENT="14"/><SP WIDTH="139" VPOS="152" HPOS="304"/>
							<String ID="string_1" HPOS="443" VPOS="150" WIDTH="82" HEIGHT="23" WC="0.89" CONTENT="Ständ."/><SP WIDTH="16" VPOS="150" HPOS="525"/>
							<String ID="string_2" HPOS="541" VPOS="150" WIDTH="38" HEIGHT="23" WC="0.92" CONTENT="Sv."/><SP WIDTH="17" VPOS="150" HPOS="579"/>
							<String ID="string_3" HPOS="596" VPOS="163" WIDTH="26" HEIGHT="3" WC="0.91" CONTENT="—"/><SP WIDTH="17" VPOS="163" HPOS="622"/>
							<String ID="string_4" HPOS="639" VPOS="150" WIDTH="73" HEIGHT="28" WC="0.94" CONTENT="Prop."/><SP WIDTH="16" VPOS="150" HPOS="712"/>
							<String ID="string_5" HPOS="728" VPOS="150" WIDTH="43" HEIGHT="23" WC="0.95" CONTENT="N:o"/><SP WIDTH="16" VPOS="150" HPOS="771"/>
							<String ID="string_6" HPOS="787" VPOS="151" WIDTH="35" HEIGHT="22" WC="0.95" CONTENT="16."/>
						</TextLine>
					</TextBlock>
				</ComposedBlock>
				<ComposedBlock ID="cblock_1" HPOS="248" VPOS="215" WIDTH="754" HEIGHT="99">
					<TextBlock ID="block_1" HPOS="248" VPOS="215" WIDTH="754" HEIGHT="99">
						<TextLine ID="line_1" HPOS="248" VPOS="215" WIDTH="754" HEIGHT="29">
							<String ID="string_7" HPOS="248" VPOS="215" WIDTH="56" HEIGHT="21" WC="0.93" CONTENT="fond"/><SP WIDTH="23" VPOS="215" HPOS="304"/>
							<String ID="string_8" HPOS="327" VPOS="215" WIDTH="127" HEIGHT="29" WC="0.91" CONTENT="tillskjutes"/><SP WIDTH="23" VPOS="215" HPOS="454"/>
							<String ID="string_9" HPOS="477" VPOS="215" WIDTH="43" HEIGHT="22" WC="0.96" CONTENT="och"/><SP WIDTH="16" VPOS="215" HPOS="520"/>
							<String ID="string_10" HPOS="536" VPOS="215" WIDTH="111" HEIGHT="29" WC="0.95" CONTENT="möjligen"/><SP WIDTH="15" VPOS="215" HPOS="647"/>
							<String ID="string_11" HPOS="662" VPOS="215" WIDTH="107" HEIGHT="29" WC="0.96" CONTENT="befintlig"/><SP WIDTH="16" VPOS="215" HPOS="769"/>
							<String ID="string_12" HPOS="785" VPOS="216" WIDTH="58" HEIGHT="21" WC="0.96" CONTENT="brist"/><SP WIDTH="14" VPOS="216" HPOS="843"/>
							<String ID="string_13" HPOS="857" VPOS="216" WIDTH="9" HEIGHT="21" WC="0.93" CONTENT="i"/><SP WIDTH="15" VPOS="216" HPOS="866"/>
							<String ID="string_14" HPOS="881" VPOS="216" WIDTH="121" HEIGHT="22" WC="0.92" CONTENT="insättare-"/>
						</TextLine>
						<TextLine ID="line_2" HPOS="248" VPOS="250" WIDTH="754" HEIGHT="30">
							<String ID="string_15" HPOS="248" VPOS="258" WIDTH="40" HEIGHT="14" WC="0.92" CONTENT="nes"/><SP WIDTH="16" VPOS="258" HPOS="288"/>
							<String ID="string_16" HPOS="304" VPOS="250" WIDTH="215" HEIGHT="28" WC="0.91" CONTENT="tillgodohafvande"/><SP WIDTH="13" VPOS="250" HPOS="519"/>
							<String ID="string_17" HPOS="532" VPOS="251" WIDTH="87" HEIGHT="28" WC="0.93" CONTENT="jemväl"/><SP WIDTH="15" VPOS="251" HPOS="619"/>
							<String ID="string_18" HPOS="634" VPOS="250" WIDTH="114" HEIGHT="27" WC="0.92" CONTENT="betäckes,"/><SP WIDTH="17" VPOS="250" HPOS="748"/>
							<String ID="string_19" HPOS="765" VPOS="250" WIDTH="157" HEIGHT="30" WC="0.91" CONTENT="sparbankens"/><SP WIDTH="15" VPOS="250" HPOS="922"/>
							<String ID="string_20" HPOS="937" VPOS="251" WIDTH="65" HEIGHT="21" WC="0.90" CONTENT="verk-"/>
						</TextLine>
						<TextLine ID="line_3" HPOS="248" VPOS="285" WIDTH="753" HEIGHT="29">
							<String ID="string_21" HPOS="248" VPOS="285" WIDTH="89" HEIGHT="22" WC="0.93" CONTENT="samhet"/><SP WIDTH="15" VPOS="285" HPOS="337"/>
							<String ID="string_22" HPOS="352" VPOS="285" WIDTH="106" HEIGHT="29" WC="0.92" CONTENT="afbrytas"/><SP WIDTH="16" VPOS="285" HPOS="458"/>
							<String ID="string_23" HPOS="474" VPOS="285" WIDTH="43" HEIGHT="22" WC="0.93" CONTENT="och"/><SP WIDTH="16" VPOS="285" HPOS="517"/>
							<String ID="string_24" HPOS="533" VPOS="285" WIDTH="145" HEIGHT="29" WC="0.92" CONTENT="sparbanken"/><SP WIDTH="16" VPOS="285" HPOS="678"/>
							<String ID="string_25" HPOS="694" VPOS="286" WIDTH="79" HEIGHT="21" WC="0.96" CONTENT="ställas"/><SP WIDTH="15" VPOS="286" HPOS="773"/>
							<String ID="string_26" HPOS="788" VPOS="286" WIDTH="73" HEIGHT="21" WC="0.95" CONTENT="under"/><SP WIDTH="8" VPOS="286" HPOS="861"/>
							<String ID="string_27" HPOS="869" VPOS="285" WIDTH="132" HEIGHT="29" WC="0.95" CONTENT="utredning."/>
						</TextLine>
					</TextBlock>
				</ComposedBlock>
				<ComposedBlock ID="cblock_2" HPOS="598" VPOS="396" WIDTH="61" HEIGHT="26">
					<TextBlock ID="block_2" HPOS="598" VPOS="396" WIDTH="61" HEIGHT="26">
						<TextLine ID="line_4" HPOS="598" VPOS="396" WIDTH="61" HEIGHT="26">
							<String ID="string_28" HPOS="598" VPOS="397" WIDTH="23" HEIGHT="20" WC="0.93" CONTENT="19"/><SP WIDTH="17" VPOS="397" HPOS="621"/>
							<String ID="string_29" HPOS="638" VPOS="396" WIDTH="21" HEIGHT="26" WC="0.72" CONTENT="8."/>
						</TextLine>
					</TextBlock>
				</ComposedBlock>
				<ComposedBlock ID="cblock_3" HPOS="245" VPOS="459" WIDTH="757" HEIGHT="441">
					<TextBlock ID="block_3" HPOS="246" VPOS="459" WIDTH="756" HEIGHT="269">
						<TextLine ID="line_5" HPOS="315" VPOS="459" WIDTH="687" HEIGHT="29">
							<String ID="string_30" HPOS="315" VPOS="459" WIDTH="49" HEIGHT="21" WC="0.96" CONTENT="Har"/><SP WIDTH="21" VPOS="459" HPOS="364"/>
							<String ID="string_31" HPOS="385" VPOS="459" WIDTH="78" HEIGHT="28" WC="0.96" CONTENT="någon"/><SP WIDTH="22" VPOS="459" HPOS="463"/>
							<String ID="string_32" HPOS="485" VPOS="459" WIDTH="38" HEIGHT="21" WC="0.96" CONTENT="del"/><SP WIDTH="22" VPOS="459" HPOS="523"/>
							<String ID="string_33" HPOS="545" VPOS="459" WIDTH="25" HEIGHT="21" WC="0.96" CONTENT="af"/><SP WIDTH="20" VPOS="459" HPOS="570"/>
							<String ID="string_34" HPOS="590" VPOS="459" WIDTH="127" HEIGHT="29" WC="0.96" CONTENT="sparbanks"/><SP WIDTH="19" VPOS="459" HPOS="717"/>
							<String ID="string_35" HPOS="736" VPOS="460" WIDTH="64" HEIGHT="21" WC="0.96" CONTENT="vinst"/><SP WIDTH="14" VPOS="460" HPOS="800"/>
							<String ID="string_36" HPOS="814" VPOS="459" WIDTH="80" HEIGHT="22" WC="0.96" CONTENT="blifvit"/><SP WIDTH="15" VPOS="459" HPOS="894"/>
							<String ID="string_37" HPOS="909" VPOS="460" WIDTH="93" HEIGHT="21" WC="0.96" CONTENT="använd"/>
						</TextLine>
						<TextLine ID="line_6" HPOS="247" VPOS="492" WIDTH="754" HEIGHT="30">
							<String ID="string_38" HPOS="247" VPOS="492" WIDTH="29" HEIGHT="29" WC="0.96" CONTENT="på"/><SP WIDTH="15" VPOS="492" HPOS="276"/>
							<String ID="string_39" HPOS="291" VPOS="494" WIDTH="70" HEIGHT="20" WC="0.96" CONTENT="annat"/><SP WIDTH="16" VPOS="494" HPOS="361"/>
							<String ID="string_40" HPOS="377" VPOS="495" WIDTH="46" HEIGHT="19" WC="0.96" CONTENT="sätt"/><SP WIDTH="15" VPOS="495" HPOS="423"/>
							<String ID="string_41" HPOS="438" VPOS="496" WIDTH="29" HEIGHT="18" WC="0.96" CONTENT="än"/><SP WIDTH="20" VPOS="496" HPOS="467"/>
							<String ID="string_42" HPOS="487" VPOS="496" WIDTH="24" HEIGHT="19" WC="0.93" CONTENT="16"/><SP WIDTH="17" VPOS="496" HPOS="511"/>
							<String ID="string_43" HPOS="528" VPOS="494" WIDTH="13" HEIGHT="26" WC="0.89" CONTENT="$"/><SP WIDTH="15" VPOS="494" HPOS="541"/>
							<String ID="string_44" HPOS="556" VPOS="493" WIDTH="135" HEIGHT="28" WC="0.92" CONTENT="medgifver,"/><SP WIDTH="23" VPOS="493" HPOS="691"/>
							<String ID="string_45" HPOS="714" VPOS="493" WIDTH="89" HEIGHT="29" WC="0.96" CONTENT="åligger"/><SP WIDTH="16" VPOS="493" HPOS="803"/>
							<String ID="string_46" HPOS="819" VPOS="493" WIDTH="57" HEIGHT="26" WC="0.96" CONTENT="dem,"/><SP WIDTH="23" VPOS="493" HPOS="876"/>
							<String ID="string_47" HPOS="899" VPOS="501" WIDTH="49" HEIGHT="14" WC="0.96" CONTENT="som"/><SP WIDTH="16" VPOS="501" HPOS="948"/>
							<String ID="string_48" HPOS="964" VPOS="494" WIDTH="37" HEIGHT="21" WC="0.96" CONTENT="till"/>
						</TextLine>
						<TextLine ID="line_7" HPOS="247" VPOS="527" WIDTH="754" HEIGHT="29">
							<String ID="string_49" HPOS="247" VPOS="527" WIDTH="101" HEIGHT="22" WC="0.96" CONTENT="beslutet"/><SP WIDTH="15" VPOS="527" HPOS="348"/>
							<String ID="string_50" HPOS="363" VPOS="527" WIDTH="77" HEIGHT="22" WC="0.96" CONTENT="derom"/><SP WIDTH="15" VPOS="527" HPOS="440"/>
							<String ID="string_51" HPOS="455" VPOS="527" WIDTH="109" HEIGHT="29" WC="0.96" CONTENT="bidragit,"/><SP WIDTH="16" VPOS="527" HPOS="564"/>
							<String ID="string_52" HPOS="580" VPOS="530" WIDTH="40" HEIGHT="25" WC="0.96" CONTENT="att,"/><SP WIDTH="16" VPOS="530" HPOS="620"/>
							<String ID="string_53" HPOS="636" VPOS="535" WIDTH="28" HEIGHT="14" WC="0.96" CONTENT="en"/><SP WIDTH="15" VPOS="535" HPOS="664"/>
							<String ID="string_54" HPOS="679" VPOS="527" WIDTH="37" HEIGHT="22" WC="0.96" CONTENT="för"/><SP WIDTH="19" VPOS="527" HPOS="716"/>
							<String ID="string_55" HPOS="735" VPOS="528" WIDTH="46" HEIGHT="21" WC="0.96" CONTENT="alla"/><SP WIDTH="14" VPOS="528" HPOS="781"/>
							<String ID="string_56" HPOS="795" VPOS="528" WIDTH="43" HEIGHT="21" WC="0.96" CONTENT="och"/><SP WIDTH="15" VPOS="528" HPOS="838"/>
							<String ID="string_57" HPOS="853" VPOS="528" WIDTH="46" HEIGHT="21" WC="0.96" CONTENT="alla"/><SP WIDTH="14" VPOS="528" HPOS="899"/>
							<String ID="string_58" HPOS="913" VPOS="527" WIDTH="37" HEIGHT="23" WC="0.96" CONTENT="för"/><SP WIDTH="15" VPOS="527" HPOS="950"/>
							<String ID="string_59" HPOS="965" VPOS="536" WIDTH="36" HEIGHT="20" WC="0.96" CONTENT="en,"/>
						</TextLine>
						<TextLine ID="line_8" HPOS="247" VPOS="561" WIDTH="754" HEIGHT="30">
							<String ID="string_60" HPOS="247" VPOS="561" WIDTH="37" HEIGHT="22" WC="0.93" CONTENT="till"/><SP WIDTH="15" VPOS="561" HPOS="284"/>
							<String ID="string_61" HPOS="299" VPOS="562" WIDTH="146" HEIGHT="28" WC="0.91" CONTENT="sparbanken"/><SP WIDTH="15" VPOS="562" HPOS="445"/>
							<String ID="string_62" HPOS="460" VPOS="562" WIDTH="118" HEIGHT="29" WC="0.96" CONTENT="återgälda"/><SP WIDTH="13" VPOS="562" HPOS="578"/>
							<String ID="string_63" HPOS="591" VPOS="562" WIDTH="62" HEIGHT="22" WC="0.96" CONTENT="hvad"/><SP WIDTH="10" VPOS="562" HPOS="653"/>
							<String ID="string_64" HPOS="663" VPOS="562" WIDTH="97" HEIGHT="22" WC="0.96" CONTENT="sålunda"/><SP WIDTH="9" VPOS="562" HPOS="760"/>
							<String ID="string_65" HPOS="769" VPOS="562" WIDTH="80" HEIGHT="22" WC="0.96" CONTENT="blifvit"/><SP WIDTH="10" VPOS="562" HPOS="849"/>
							<String ID="string_66" HPOS="859" VPOS="562" WIDTH="142" HEIGHT="29" WC="0.96" CONTENT="obehörigen"/>
						</TextLine>
						<TextLine ID="line_9" HPOS="246" VPOS="596" WIDTH="755" HEIGHT="28">
							<String ID="string_67" HPOS="246" VPOS="596" WIDTH="122" HEIGHT="22" WC="0.89" CONTENT="utbetaldt."/><SP WIDTH="25" VPOS="596" HPOS="368"/>
							<String ID="string_68" HPOS="393" VPOS="596" WIDTH="140" HEIGHT="22" WC="0.92" CONTENT="Underlåtes"/><SP WIDTH="15" VPOS="596" HPOS="533"/>
							<String ID="string_69" HPOS="548" VPOS="596" WIDTH="151" HEIGHT="22" WC="0.96" CONTENT="föreskriften"/><SP WIDTH="14" VPOS="596" HPOS="699"/>
							<String ID="string_70" HPOS="713" VPOS="597" WIDTH="8" HEIGHT="20" WC="0.96" CONTENT="i"/><SP WIDTH="18" VPOS="597" HPOS="721"/>
							<String ID="string_71" HPOS="739" VPOS="599" WIDTH="24" HEIGHT="20" WC="0.96" CONTENT="18"/><SP WIDTH="16" VPOS="599" HPOS="763"/>
							<String ID="string_72" HPOS="779" VPOS="599" WIDTH="20" HEIGHT="25" WC="0.88" CONTENT="8,"/><SP WIDTH="16" VPOS="599" HPOS="799"/>
							<String ID="string_73" HPOS="815" VPOS="600" WIDTH="39" HEIGHT="18" WC="0.96" CONTENT="äro"/><SP WIDTH="15" VPOS="600" HPOS="854"/>
							<String ID="string_74" HPOS="869" VPOS="596" WIDTH="36" HEIGHT="28" WC="0.95" CONTENT="de,"/><SP WIDTH="15" VPOS="596" HPOS="905"/>
							<String ID="string_75" HPOS="920" VPOS="597" WIDTH="81" HEIGHT="21" WC="0.96" CONTENT="hvilka"/>
						</TextLine>
						<TextLine ID="line_10" HPOS="246" VPOS="630" WIDTH="755" HEIGHT="29">
							<String ID="string_76" HPOS="246" VPOS="631" WIDTH="53" HEIGHT="21" WC="0.95" CONTENT="låtit"/><SP WIDTH="22" VPOS="631" HPOS="299"/>
							<String ID="string_77" HPOS="321" VPOS="631" WIDTH="71" HEIGHT="21" WC="0.96" CONTENT="sådan"/><SP WIDTH="19" VPOS="631" HPOS="392"/>
							<String ID="string_78" HPOS="411" VPOS="630" WIDTH="178" HEIGHT="23" WC="0.93" CONTENT="underlåtenhet"/><SP WIDTH="15" VPOS="630" HPOS="589"/>
							<String ID="string_79" HPOS="604" VPOS="631" WIDTH="92" HEIGHT="22" WC="0.96" CONTENT="komma"/><SP WIDTH="15" VPOS="631" HPOS="696"/>
							<String ID="string_80" HPOS="711" VPOS="631" WIDTH="36" HEIGHT="28" WC="0.95" CONTENT="sig"/><SP WIDTH="15" VPOS="631" HPOS="747"/>
							<String ID="string_81" HPOS="762" VPOS="631" WIDTH="37" HEIGHT="22" WC="0.96" CONTENT="till"/><SP WIDTH="15" VPOS="631" HPOS="799"/>
							<String ID="string_82" HPOS="814" VPOS="631" WIDTH="52" HEIGHT="28" WC="0.95" CONTENT="last,"/><SP WIDTH="23" VPOS="631" HPOS="866"/>
							<String ID="string_83" HPOS="889" VPOS="630" WIDTH="112" HEIGHT="23" WC="0.95" CONTENT="likaledes"/>
						</TextLine>
						<TextLine ID="line_11" HPOS="247" VPOS="664" WIDTH="754" HEIGHT="29">
							<String ID="string_84" HPOS="247" VPOS="672" WIDTH="28" HEIGHT="14" WC="0.96" CONTENT="en"/><SP WIDTH="22" VPOS="672" HPOS="275"/>
							<String ID="string_85" HPOS="297" VPOS="664" WIDTH="36" HEIGHT="22" WC="0.96" CONTENT="för"/><SP WIDTH="22" VPOS="664" HPOS="333"/>
							<String ID="string_86" HPOS="355" VPOS="665" WIDTH="45" HEIGHT="22" WC="0.96" CONTENT="alla"/><SP WIDTH="23" VPOS="665" HPOS="400"/>
							<String ID="string_87" HPOS="423" VPOS="665" WIDTH="43" HEIGHT="22" WC="0.96" CONTENT="och"/><SP WIDTH="22" VPOS="665" HPOS="466"/>
							<String ID="string_88" HPOS="488" VPOS="666" WIDTH="43" HEIGHT="21" WC="0.96" CONTENT="alla"/><SP WIDTH="22" VPOS="666" HPOS="531"/>
							<String ID="string_89" HPOS="553" VPOS="665" WIDTH="36" HEIGHT="22" WC="0.96" CONTENT="för"/><SP WIDTH="22" VPOS="665" HPOS="589"/>
							<String ID="string_90" HPOS="611" VPOS="673" WIDTH="36" HEIGHT="20" WC="0.93" CONTENT="en,"/><SP WIDTH="23" VPOS="673" HPOS="647"/>
							<String ID="string_91" HPOS="670" VPOS="665" WIDTH="142" HEIGHT="22" WC="0.91" CONTENT="insättarene"/><SP WIDTH="15" VPOS="665" HPOS="812"/>
							<String ID="string_92" HPOS="827" VPOS="665" WIDTH="122" HEIGHT="28" WC="0.95" CONTENT="ansvarige"/><SP WIDTH="15" VPOS="665" HPOS="949"/>
							<String ID="string_93" HPOS="964" VPOS="665" WIDTH="37" HEIGHT="22" WC="0.96" CONTENT="för"/>
						</TextLine>
						<TextLine ID="line_12" HPOS="246" VPOS="699" WIDTH="434" HEIGHT="29">
							<String ID="string_94" HPOS="246" VPOS="699" WIDTH="65" HEIGHT="22" WC="0.93" CONTENT="deras"/><SP WIDTH="15" VPOS="699" HPOS="311"/>
							<String ID="string_95" HPOS="326" VPOS="699" WIDTH="144" HEIGHT="29" WC="0.92" CONTENT="fordringars"/><SP WIDTH="16" VPOS="699" HPOS="470"/>
							<String ID="string_96" HPOS="486" VPOS="699" WIDTH="59" HEIGHT="22" WC="0.93" CONTENT="fulla"/><SP WIDTH="14" VPOS="699" HPOS="545"/>
							<String ID="string_97" HPOS="559" VPOS="699" WIDTH="121" HEIGHT="28" WC="0.92" CONTENT="gäldande."/>
						</TextLine>
					</TextBlock>
					<TextBlock ID="block_4" HPOS="245" VPOS="733" WIDTH="755" HEIGHT="167">
						<TextLine ID="line_13" HPOS="314" VPOS="733" WIDTH="686" HEIGHT="29">
							<String ID="string_98" HPOS="314" VPOS="733" WIDTH="13" HEIGHT="21" WC="0.96" CONTENT="I"/><SP WIDTH="15" VPOS="733" HPOS="327"/>
							<String ID="string_99" HPOS="342" VPOS="733" WIDTH="72" HEIGHT="28" WC="0.96" CONTENT="öfrigt"/><SP WIDTH="15" VPOS="733" HPOS="414"/>
							<String ID="string_100" HPOS="429" VPOS="737" WIDTH="39" HEIGHT="18" WC="0.93" CONTENT="äro"/><SP WIDTH="11" VPOS="737" HPOS="468"/>
							<String ID="string_101" HPOS="479" VPOS="734" WIDTH="140" HEIGHT="27" WC="0.91" CONTENT="principaler"/><SP WIDTH="10" VPOS="734" HPOS="619"/>
							<String ID="string_102" HPOS="629" VPOS="733" WIDTH="43" HEIGHT="22" WC="0.93" CONTENT="och"/><SP WIDTH="11" VPOS="733" HPOS="672"/>
							<String ID="string_103" HPOS="683" VPOS="733" WIDTH="225" HEIGHT="29" WC="0.92" CONTENT="styrelseledamöter"/><SP WIDTH="9" VPOS="733" HPOS="908"/>
							<String ID="string_104" HPOS="917" VPOS="733" WIDTH="83" HEIGHT="22" WC="0.91" CONTENT="under-"/>
						</TextLine>
						<TextLine ID="line_14" HPOS="247" VPOS="767" WIDTH="753" HEIGHT="30">
							<String ID="string_105" HPOS="247" VPOS="767" WIDTH="94" HEIGHT="22" WC="0.92" CONTENT="kastade"/><SP WIDTH="22" VPOS="767" HPOS="341"/>
							<String ID="string_106" HPOS="363" VPOS="767" WIDTH="151" HEIGHT="30" WC="0.92" CONTENT="ansvarighet"/><SP WIDTH="20" VPOS="767" HPOS="514"/>
							<String ID="string_107" HPOS="534" VPOS="768" WIDTH="38" HEIGHT="21" WC="0.93" CONTENT="för"/><SP WIDTH="22" VPOS="768" HPOS="572"/>
							<String ID="string_108" HPOS="594" VPOS="767" WIDTH="145" HEIGHT="30" WC="0.89" CONTENT="sparbanken"/><SP WIDTH="23" VPOS="767" HPOS="739"/>
							<String ID="string_109" HPOS="762" VPOS="768" WIDTH="149" HEIGHT="22" WC="0.91" CONTENT="anförtrodda"/><SP WIDTH="14" VPOS="768" HPOS="911"/>
							<String ID="string_110" HPOS="925" VPOS="768" WIDTH="75" HEIGHT="22" WC="0.96" CONTENT="medel"/>
						</TextLine>
						<TextLine ID="line_15" HPOS="246" VPOS="801" WIDTH="754" HEIGHT="30">
							<String ID="string_111" HPOS="246" VPOS="801" WIDTH="82" HEIGHT="22" WC="0.95" CONTENT="endast"/><SP WIDTH="23" VPOS="801" HPOS="328"/>
							<String ID="string_112" HPOS="351" VPOS="802" WIDTH="58" HEIGHT="21" WC="0.96" CONTENT="efter"/><SP WIDTH="23" VPOS="802" HPOS="409"/>
							<String ID="string_113" HPOS="432" VPOS="802" WIDTH="28" HEIGHT="21" WC="0.96" CONTENT="de"/><SP WIDTH="18" VPOS="802" HPOS="460"/>
							<String ID="string_114" HPOS="478" VPOS="802" WIDTH="108" HEIGHT="28" WC="0.96" CONTENT="grunder,"/><SP WIDTH="24" VPOS="802" HPOS="586"/>
							<String ID="string_115" HPOS="610" VPOS="809" WIDTH="49" HEIGHT="15" WC="0.95" CONTENT="som"/><SP WIDTH="14" VPOS="809" HPOS="659"/>
							<String ID="string_116" HPOS="673" VPOS="802" WIDTH="37" HEIGHT="21" WC="0.93" CONTENT="för"/><SP WIDTH="15" VPOS="802" HPOS="710"/>
							<String ID="string_117" HPOS="725" VPOS="803" WIDTH="129" HEIGHT="27" WC="0.91" CONTENT="sysslomän"/><SP WIDTH="16" VPOS="803" HPOS="854"/>
							<String ID="string_118" HPOS="870" VPOS="802" WIDTH="75" HEIGHT="29" WC="0.93" CONTENT="enligt"/><SP WIDTH="14" VPOS="802" HPOS="945"/>
							<String ID="string_119" HPOS="959" VPOS="803" WIDTH="41" HEIGHT="22" WC="0.88" CONTENT="all-"/>
						</TextLine>
						<TextLine ID="line_16" HPOS="247" VPOS="836" WIDTH="753" HEIGHT="29">
							<String ID="string_120" HPOS="247" VPOS="840" WIDTH="52" HEIGHT="18" WC="0.95" CONTENT="män"/><SP WIDTH="22" VPOS="840" HPOS="299"/>
							<String ID="string_121" HPOS="321" VPOS="836" WIDTH="39" HEIGHT="29" WC="0.95" CONTENT="lag"/><SP WIDTH="23" VPOS="836" HPOS="360"/>
							<String ID="string_122" HPOS="383" VPOS="837" WIDTH="67" HEIGHT="28" WC="0.96" CONTENT="gälla,"/><SP WIDTH="24" VPOS="837" HPOS="450"/>
							<String ID="string_123" HPOS="474" VPOS="837" WIDTH="25" HEIGHT="21" WC="0.96" CONTENT="så"/><SP WIDTH="22" VPOS="837" HPOS="499"/>
							<String ID="string_124" HPOS="521" VPOS="837" WIDTH="51" HEIGHT="21" WC="0.96" CONTENT="vidt"/><SP WIDTH="20" VPOS="837" HPOS="572"/>
							<String ID="string_125" HPOS="592" VPOS="837" WIDTH="28" HEIGHT="22" WC="0.96" CONTENT="de"/><SP WIDTH="15" VPOS="837" HPOS="620"/>
							<String ID="string_126" HPOS="635" VPOS="837" WIDTH="52" HEIGHT="22" WC="0.96" CONTENT="icke"/><SP WIDTH="16" VPOS="837" HPOS="687"/>
							<String ID="string_127" HPOS="703" VPOS="837" WIDTH="109" HEIGHT="22" WC="0.96" CONTENT="särskildt"/><SP WIDTH="15" VPOS="837" HPOS="812"/>
							<String ID="string_128" HPOS="827" VPOS="836" WIDTH="121" HEIGHT="23" WC="0.96" CONTENT="förbundit"/><SP WIDTH="15" VPOS="836" HPOS="948"/>
							<String ID="string_129" HPOS="963" VPOS="837" WIDTH="37" HEIGHT="28" WC="0.96" CONTENT="sig"/>
						</TextLine>
						<TextLine ID="line_17" HPOS="245" VPOS="871" WIDTH="359" HEIGHT="29">
							<String ID="string_130" HPOS="245" VPOS="871" WIDTH="37" HEIGHT="21" WC="0.96" CONTENT="till"/><SP WIDTH="15" VPOS="871" HPOS="282"/>
							<String ID="string_131" HPOS="297" VPOS="871" WIDTH="136" HEIGHT="29" WC="0.92" CONTENT="ytterligare"/><SP WIDTH="16" VPOS="871" HPOS="433"/>
							<String ID="string_132" HPOS="449" VPOS="871" WIDTH="155" HEIGHT="29" WC="0.91" CONTENT="ansvarighet."/>
						</TextLine>
					</TextBlock>
				</ComposedBlock>
				<ComposedBlock ID="cblock_4" HPOS="594" VPOS="982" WIDTH="62" HEIGHT="26">
					<TextBlock ID="block_5" HPOS="594" VPOS="982" WIDTH="62" HEIGHT="26">
						<TextLine ID="line_18" HPOS="594" VPOS="982" WIDTH="62" HEIGHT="26">
							<String ID="string_133" HPOS="594" VPOS="983" WIDTH="26" HEIGHT="19" WC="0.93" CONTENT="20"/><SP WIDTH="16" VPOS="983" HPOS="620"/>
							<String ID="string_134" HPOS="636" VPOS="982" WIDTH="20" HEIGHT="26" WC="0.91" CONTENT="8."/>
						</TextLine>
					</TextBlock>
				</ComposedBlock>
				<ComposedBlock ID="cblock_5" HPOS="243" VPOS="1042" WIDTH="757" HEIGHT="369">
					<TextBlock ID="block_6" HPOS="243" VPOS="1042" WIDTH="757" HEIGHT="369">
						<TextLine ID="line_19" HPOS="312" VPOS="1042" WIDTH="688" HEIGHT="29">
							<String ID="string_135" HPOS="312" VPOS="1042" WIDTH="50" HEIGHT="22" WC="0.96" CONTENT="Har"/><SP WIDTH="22" VPOS="1042" HPOS="362"/>
							<String ID="string_136" HPOS="384" VPOS="1042" WIDTH="128" HEIGHT="28" WC="0.96" CONTENT="sparbanks"/><SP WIDTH="22" VPOS="1042" HPOS="512"/>
							<String ID="string_137" HPOS="534" VPOS="1042" WIDTH="145" HEIGHT="29" WC="0.93" CONTENT="förvaltning"/><SP WIDTH="22" VPOS="1042" HPOS="679"/>
							<String ID="string_138" HPOS="701" VPOS="1043" WIDTH="125" HEIGHT="22" WC="0.90" CONTENT="handhafts"/><SP WIDTH="23" VPOS="1043" HPOS="826"/>
							<String ID="string_139" HPOS="849" VPOS="1044" WIDTH="8" HEIGHT="21" WC="0.96" CONTENT="i"/><SP WIDTH="15" VPOS="1044" HPOS="857"/>
							<String ID="string_140" HPOS="872" VPOS="1044" WIDTH="59" HEIGHT="21" WC="0.96" CONTENT="strid"/><SP WIDTH="16" VPOS="1044" HPOS="931"/>
							<String ID="string_141" HPOS="947" VPOS="1044" WIDTH="53" HEIGHT="21" WC="0.96" CONTENT="med"/>
						</TextLine>
						<TextLine ID="line_20" HPOS="246" VPOS="1076" WIDTH="753" HEIGHT="30">
							<String ID="string_142" HPOS="246" VPOS="1076" WIDTH="204" HEIGHT="28" WC="0.91" CONTENT="bestämningarna"/><SP WIDTH="21" VPOS="1076" HPOS="450"/>
							<String ID="string_143" HPOS="471" VPOS="1077" WIDTH="8" HEIGHT="21" WC="0.96" CONTENT="i"/><SP WIDTH="23" VPOS="1077" HPOS="479"/>
							<String ID="string_144" HPOS="502" VPOS="1076" WIDTH="76" HEIGHT="22" WC="0.96" CONTENT="denna"/><SP WIDTH="21" VPOS="1076" HPOS="578"/>
							<String ID="string_145" HPOS="599" VPOS="1077" WIDTH="138" HEIGHT="29" WC="0.96" CONTENT="förordning"/><SP WIDTH="22" VPOS="1077" HPOS="737"/>
							<String ID="string_146" HPOS="759" VPOS="1077" WIDTH="57" HEIGHT="22" WC="0.90" CONTENT="eller"/><SP WIDTH="22" VPOS="1077" HPOS="816"/>
							<String ID="string_147" HPOS="838" VPOS="1078" WIDTH="28" HEIGHT="21" WC="0.96" CONTENT="de"/><SP WIDTH="18" VPOS="1078" HPOS="866"/>
							<String ID="string_148" HPOS="884" VPOS="1077" WIDTH="37" HEIGHT="23" WC="0.92" CONTENT="för"/><SP WIDTH="16" VPOS="1077" HPOS="921"/>
							<String ID="string_149" HPOS="937" VPOS="1085" WIDTH="62" HEIGHT="21" WC="0.91" CONTENT="spar-"/>
						</TextLine>
						<TextLine ID="line_21" HPOS="245" VPOS="1110" WIDTH="754" HEIGHT="31">
							<String ID="string_150" HPOS="245" VPOS="1110" WIDTH="92" HEIGHT="23" WC="0.93" CONTENT="banken"/><SP WIDTH="21" VPOS="1110" HPOS="337"/>
							<String ID="string_151" HPOS="358" VPOS="1110" WIDTH="123" HEIGHT="23" WC="0.87" CONTENT="faststälda"/><SP WIDTH="21" VPOS="1110" HPOS="481"/>
							<String ID="string_152" HPOS="502" VPOS="1111" WIDTH="100" HEIGHT="29" WC="0.96" CONTENT="stadgar,"/><SP WIDTH="23" VPOS="1111" HPOS="602"/>
							<String ID="string_153" HPOS="625" VPOS="1112" WIDTH="56" HEIGHT="21" WC="0.96" CONTENT="eller"/><SP WIDTH="23" VPOS="1112" HPOS="681"/>
							<String ID="string_154" HPOS="704" VPOS="1115" WIDTH="24" HEIGHT="18" WC="0.96" CONTENT="är"/><SP WIDTH="23" VPOS="1115" HPOS="728"/>
							<String ID="string_155" HPOS="751" VPOS="1112" WIDTH="106" HEIGHT="29" WC="0.96" CONTENT="grundad"/><SP WIDTH="15" VPOS="1112" HPOS="857"/>
							<String ID="string_156" HPOS="872" VPOS="1112" WIDTH="127" HEIGHT="29" WC="0.96" CONTENT="anledning"/>
						</TextLine>
						<TextLine ID="line_22" HPOS="245" VPOS="1145" WIDTH="754" HEIGHT="30">
							<String ID="string_157" HPOS="245" VPOS="1145" WIDTH="78" HEIGHT="22" WC="0.96" CONTENT="befara"/><SP WIDTH="16" VPOS="1145" HPOS="323"/>
							<String ID="string_158" HPOS="339" VPOS="1145" WIDTH="82" HEIGHT="22" WC="0.96" CONTENT="sådant"/><SP WIDTH="14" VPOS="1145" HPOS="421"/>
							<String ID="string_159" HPOS="435" VPOS="1145" WIDTH="151" HEIGHT="29" WC="0.95" CONTENT="förhållande,"/><SP WIDTH="24" VPOS="1145" HPOS="586"/>
							<String ID="string_160" HPOS="610" VPOS="1154" WIDTH="49" HEIGHT="14" WC="0.96" CONTENT="som"/><SP WIDTH="16" VPOS="1154" HPOS="659"/>
							<String ID="string_161" HPOS="675" VPOS="1146" WIDTH="8" HEIGHT="22" WC="0.96" CONTENT="i"/><SP WIDTH="16" VPOS="1146" HPOS="683"/>
							<String ID="string_162" HPOS="699" VPOS="1149" WIDTH="26" HEIGHT="19" WC="0.96" CONTENT="18"/><SP WIDTH="16" VPOS="1149" HPOS="725"/>
							<String ID="string_163" HPOS="741" VPOS="1148" WIDTH="12" HEIGHT="26" WC="0.81" CONTENT="$"/><SP WIDTH="16" VPOS="1148" HPOS="753"/>
							<String ID="string_164" HPOS="769" VPOS="1146" WIDTH="153" HEIGHT="28" WC="0.91" CONTENT="omförmäles,"/><SP WIDTH="23" VPOS="1146" HPOS="922"/>
							<String ID="string_165" HPOS="945" VPOS="1154" WIDTH="54" HEIGHT="21" WC="0.95" CONTENT="eger"/>
						</TextLine>
						<TextLine ID="line_23" HPOS="245" VPOS="1180" WIDTH="753" HEIGHT="30">
							<String ID="string_166" HPOS="245" VPOS="1184" WIDTH="122" HEIGHT="24" WC="0.95" CONTENT="guvernör,"/><SP WIDTH="15" VPOS="1184" HPOS="367"/>
							<String ID="string_167" HPOS="382" VPOS="1181" WIDTH="31" HEIGHT="27" WC="0.95" CONTENT="på"/><SP WIDTH="14" VPOS="1181" HPOS="413"/>
							<String ID="string_168" HPOS="427" VPOS="1180" WIDTH="173" HEIGHT="30" WC="0.95" CONTENT="framställning"/><SP WIDTH="16" VPOS="1180" HPOS="600"/>
							<String ID="string_169" HPOS="616" VPOS="1180" WIDTH="25" HEIGHT="22" WC="0.96" CONTENT="af"/><SP WIDTH="13" VPOS="1180" HPOS="641"/>
							<String ID="string_170" HPOS="654" VPOS="1181" WIDTH="45" HEIGHT="21" WC="0.96" CONTENT="den"/><SP WIDTH="10" VPOS="1181" HPOS="699"/>
							<String ID="string_171" HPOS="709" VPOS="1181" WIDTH="144" HEIGHT="29" WC="0.96" CONTENT="myndighet,"/><SP WIDTH="16" VPOS="1181" HPOS="853"/>
							<String ID="string_172" HPOS="869" VPOS="1182" WIDTH="24" HEIGHT="20" WC="0.96" CONTENT="åt"/><SP WIDTH="9" VPOS="1182" HPOS="893"/>
							<String ID="string_173" HPOS="902" VPOS="1181" WIDTH="96" HEIGHT="22" WC="0.96" CONTENT="hvilken"/>
						</TextLine>
						<TextLine ID="line_24" HPOS="244" VPOS="1214" WIDTH="754" HEIGHT="30">
							<String ID="string_174" HPOS="244" VPOS="1214" WIDTH="113" HEIGHT="28" WC="0.96" CONTENT="tillsynen"/><SP WIDTH="23" VPOS="1214" HPOS="357"/>
							<String ID="string_175" HPOS="380" VPOS="1214" WIDTH="65" HEIGHT="22" WC="0.93" CONTENT="öfver"/><SP WIDTH="23" VPOS="1214" HPOS="445"/>
							<String ID="string_176" HPOS="468" VPOS="1215" WIDTH="157" HEIGHT="29" WC="0.89" CONTENT="sparbankens"/><SP WIDTH="22" VPOS="1215" HPOS="625"/>
							<String ID="string_177" HPOS="647" VPOS="1216" WIDTH="148" HEIGHT="21" WC="0.96" CONTENT="verksamhet"/><SP WIDTH="20" VPOS="1216" HPOS="795"/>
							<String ID="string_178" HPOS="815" VPOS="1219" WIDTH="25" HEIGHT="17" WC="0.93" CONTENT="är"/><SP WIDTH="15" VPOS="1219" HPOS="840"/>
							<String ID="string_179" HPOS="855" VPOS="1215" WIDTH="143" HEIGHT="28" WC="0.91" CONTENT="ombetrodd,"/>
						</TextLine>
						<TextLine ID="line_25" HPOS="244" VPOS="1248" WIDTH="755" HEIGHT="30">
							<String ID="string_180" HPOS="244" VPOS="1248" WIDTH="53" HEIGHT="22" WC="0.95" CONTENT="med"/><SP WIDTH="21" VPOS="1248" HPOS="297"/>
							<String ID="string_181" HPOS="318" VPOS="1248" WIDTH="165" HEIGHT="29" WC="0.96" CONTENT="föreläggande"/><SP WIDTH="20" VPOS="1248" HPOS="483"/>
							<String ID="string_182" HPOS="503" VPOS="1249" WIDTH="25" HEIGHT="21" WC="0.96" CONTENT="af"/><SP WIDTH="13" VPOS="1249" HPOS="528"/>
							<String ID="string_183" HPOS="541" VPOS="1249" WIDTH="48" HEIGHT="21" WC="0.96" CONTENT="viss"/><SP WIDTH="15" VPOS="1249" HPOS="589"/>
							<String ID="string_184" HPOS="604" VPOS="1248" WIDTH="35" HEIGHT="22" WC="0.96" CONTENT="tid"/><SP WIDTH="16" VPOS="1248" HPOS="639"/>
							<String ID="string_185" HPOS="655" VPOS="1249" WIDTH="42" HEIGHT="21" WC="0.93" CONTENT="och"/><SP WIDTH="16" VPOS="1249" HPOS="697"/>
							<String ID="string_186" HPOS="713" VPOS="1249" WIDTH="109" HEIGHT="29" WC="0.91" CONTENT="äfventyr"/><SP WIDTH="15" VPOS="1249" HPOS="822"/>
							<String ID="string_187" HPOS="837" VPOS="1249" WIDTH="109" HEIGHT="22" WC="0.95" CONTENT="förordna"/><SP WIDTH="15" VPOS="1249" HPOS="946"/>
							<String ID="string_188" HPOS="961" VPOS="1250" WIDTH="38" HEIGHT="21" WC="0.96" CONTENT="till"/>
						</TextLine>
						<TextLine ID="line_26" HPOS="243" VPOS="1282" WIDTH="756" HEIGHT="30">
							<String ID="string_189" HPOS="243" VPOS="1282" WIDTH="95" HEIGHT="22" WC="0.96" CONTENT="rättelse"/><SP WIDTH="16" VPOS="1282" HPOS="338"/>
							<String ID="string_190" HPOS="354" VPOS="1282" WIDTH="26" HEIGHT="22" WC="0.96" CONTENT="af"/><SP WIDTH="13" VPOS="1282" HPOS="380"/>
							<String ID="string_191" HPOS="393" VPOS="1282" WIDTH="39" HEIGHT="22" WC="0.93" CONTENT="det"/><SP WIDTH="14" VPOS="1282" HPOS="432"/>
							<String ID="string_192" HPOS="446" VPOS="1283" WIDTH="122" HEIGHT="21" WC="0.92" CONTENT="anmärkta"/><SP WIDTH="14" VPOS="1283" HPOS="568"/>
							<String ID="string_193" HPOS="582" VPOS="1283" WIDTH="57" HEIGHT="22" WC="0.96" CONTENT="felet"/><SP WIDTH="15" VPOS="1283" HPOS="639"/>
							<String ID="string_194" HPOS="654" VPOS="1283" WIDTH="56" HEIGHT="21" WC="0.96" CONTENT="eller"/><SP WIDTH="15" VPOS="1283" HPOS="710"/>
							<String ID="string_195" HPOS="725" VPOS="1283" WIDTH="113" HEIGHT="22" WC="0.96" CONTENT="ställande"/><SP WIDTH="11" VPOS="1283" HPOS="838"/>
							<String ID="string_196" HPOS="849" VPOS="1284" WIDTH="26" HEIGHT="21" WC="0.96" CONTENT="af"/><SP WIDTH="8" VPOS="1284" HPOS="875"/>
							<String ID="string_197" HPOS="883" VPOS="1284" WIDTH="116" HEIGHT="28" WC="0.96" CONTENT="sparbank"/>
						</TextLine>
						<TextLine ID="line_27" HPOS="244" VPOS="1316" WIDTH="753" HEIGHT="28">
							<String ID="string_198" HPOS="244" VPOS="1316" WIDTH="74" HEIGHT="21" WC="0.96" CONTENT="under"/><SP WIDTH="14" VPOS="1316" HPOS="318"/>
							<String ID="string_199" HPOS="332" VPOS="1316" WIDTH="127" HEIGHT="27" WC="0.95" CONTENT="utredning"/><SP WIDTH="15" VPOS="1316" HPOS="459"/>
							<String ID="string_200" HPOS="474" VPOS="1317" WIDTH="56" HEIGHT="20" WC="0.95" CONTENT="eller"/><SP WIDTH="15" VPOS="1317" HPOS="530"/>
							<String ID="string_201" HPOS="545" VPOS="1318" WIDTH="37" HEIGHT="19" WC="0.95" CONTENT="till"/><SP WIDTH="20" VPOS="1318" HPOS="582"/>
							<String ID="string_202" HPOS="602" VPOS="1316" WIDTH="123" HEIGHT="21" WC="0.95" CONTENT="utförande"/><SP WIDTH="15" VPOS="1316" HPOS="725"/>
							<String ID="string_203" HPOS="740" VPOS="1318" WIDTH="26" HEIGHT="19" WC="0.96" CONTENT="af"/><SP WIDTH="13" VPOS="1318" HPOS="766"/>
							<String ID="string_204" HPOS="779" VPOS="1318" WIDTH="44" HEIGHT="20" WC="0.96" CONTENT="den"/><SP WIDTH="16" VPOS="1318" HPOS="823"/>
							<String ID="string_205" HPOS="839" VPOS="1318" WIDTH="70" HEIGHT="26" WC="0.93" CONTENT="talan,"/><SP WIDTH="22" VPOS="1318" HPOS="909"/>
							<String ID="string_206" HPOS="931" VPOS="1318" WIDTH="66" HEIGHT="21" WC="0.92" CONTENT="hvar-"/>
						</TextLine>
						<TextLine ID="line_28" HPOS="243" VPOS="1349" WIDTH="755" HEIGHT="29">
							<String ID="string_207" HPOS="243" VPOS="1349" WIDTH="38" HEIGHT="22" WC="0.96" CONTENT="till"/><SP WIDTH="15" VPOS="1349" HPOS="281"/>
							<String ID="string_208" HPOS="296" VPOS="1349" WIDTH="127" HEIGHT="28" WC="0.96" CONTENT="anledning"/><SP WIDTH="16" VPOS="1349" HPOS="423"/>
							<String ID="string_209" HPOS="439" VPOS="1350" WIDTH="44" HEIGHT="21" WC="0.96" CONTENT="kan"/><SP WIDTH="12" VPOS="1350" HPOS="483"/>
							<String ID="string_210" HPOS="495" VPOS="1349" WIDTH="148" HEIGHT="27" WC="0.96" CONTENT="förekomma,"/><SP WIDTH="17" VPOS="1349" HPOS="643"/>
							<String ID="string_211" HPOS="660" VPOS="1350" WIDTH="89" HEIGHT="21" WC="0.95" CONTENT="ändock"/><SP WIDTH="11" VPOS="1350" HPOS="749"/>
							<String ID="string_212" HPOS="760" VPOS="1353" WIDTH="35" HEIGHT="19" WC="0.95" CONTENT="att"/><SP WIDTH="8" VPOS="1353" HPOS="795"/>
							<String ID="string_213" HPOS="803" VPOS="1351" WIDTH="105" HEIGHT="27" WC="0.95" CONTENT="yrkande"/><SP WIDTH="10" VPOS="1351" HPOS="908"/>
							<String ID="string_214" HPOS="918" VPOS="1351" WIDTH="80" HEIGHT="22" WC="0.96" CONTENT="härom"/>
						</TextLine>
						<TextLine ID="line_29" HPOS="243" VPOS="1383" WIDTH="312" HEIGHT="28">
							<String ID="string_215" HPOS="243" VPOS="1383" WIDTH="27" HEIGHT="21" WC="0.93" CONTENT="af"/><SP WIDTH="13" VPOS="1383" HPOS="270"/>
							<String ID="string_216" HPOS="283" VPOS="1383" WIDTH="110" HEIGHT="28" WC="0.91" CONTENT="sakegare"/><SP WIDTH="14" VPOS="1383" HPOS="393"/>
							<String ID="string_217" HPOS="407" VPOS="1383" WIDTH="52" HEIGHT="22" WC="0.96" CONTENT="icke"/><SP WIDTH="15" VPOS="1383" HPOS="459"/>
							<String ID="string_218" HPOS="474" VPOS="1383" WIDTH="81" HEIGHT="28" WC="0.96" CONTENT="gjorts."/>
						</TextLine>
					</TextBlock>
				</ComposedBlock>
			</PrintSpace>
		</Page>
	</Layout>
</alto>
