1120 1781
356 153 29 24 U.
400 154 28 23 B.
444 167 26 4 —
485 155 73 29 Prop.
574 155 42 23 N:o
631 155 35 23 17.
832 157 25 20 17

205 223 43 21 Vid
263 223 171 28 öfvervägandet
448 225 23 20 af
483 225 28 20 de
525 225 53 26 skäl,
594 232 47 14 som
656 225 81 21 anförts
752 226 12 20 ä
774 228 41 18 tna
825 226 61 21 sidan

136 261 65 22 emot,
217 257 41 21 och
273 258 12 20 &
300 258 67 21 andra
381 259 61 20 sidan
457 259 30 21 till
502 259 82 24 förmän
594 259 32 21 för
638 259 150 27 kyrkomötets
798 259 86 28 förslag,

135 291 63 21 hafva
220 291 91 22 flertalet
333 292 25 21 af
376 292 125 22 Utskottets
521 293 144 26 medlemmar,
689 293 110 21 deribland
821 293 64 21 äfven

135 326 86 26 sädane,
244 333 48 14 som
315 326 17 27 ej
348 326 80 21 kunnat
443 327 115 21 fränkänna
574 328 27 20 de
616 331 46 18 mot
677 327 150 27 kyrkomötets
842 327 42 21 för-

135 360 47 28 slag
203 360 83 21 riktade
308 360 189 28 anmärkningarna
520 364 31 19 ett
572 363 54 20 visst
648 361 155 28 berättigande,
827 361 57 22 dock

134 398 53 18 trott
209 396 39 26 sig,
271 395 49 21 med
340 395 82 22 fästadt
442 396 99 21 särskildt
556 396 101 21 afseende
669 395 80 27 jemväl
763 397 13 20 å
791 396 42 21 den
848 403 36 14 en-

134 429 109 27 hällighet,
266 429 103 21 hvarmed
389 429 102 28 förslaget
510 430 37 21 vid
561 429 139 28 kyrkomötet
715 429 111 22 omfattats
841 430 42 21 och

134 464 12 20 å
161 463 42 21 den
227 465 53 26 vigt,
307 470 49 15 man
370 470 66 21 synes
451 464 45 27 lagt
510 465 29 26 pä
554 464 125 25 detsamma,
703 463 51 22 böra
776 464 107 27 tillstyrka

129 497 160 28 godkännande
309 500 28 22 af
354 497 26 22 de
387 498 132 27 föreslagna
534 498 151 27 ändringarna
700 498 9 21 i
721 499 35 26 $$
770 504 113 22 100—104

133 532 38 21 och
181 538 54 22 394.

201 600 52 28 (III).
283 601 85 27 Frågan
391 601 111 27 angående
524 602 90 27 ändring
629 601 22 21 af
664 602 19 26 f
697 600 44 22 106
760 601 98 28 uppkom
878 603 6 19 i

132 636 154 26 sammanhang
307 636 50 20 med
380 636 27 20 de
430 635 86 27 förslag,
539 642 48 14 som
602 635 100 27 åsyftade
723 638 31 18 ett
774 635 109 22 ordnande

133 670 24 20 af
163 669 278 22 lekmannaverksamheten
451 671 57 19 inom
519 670 180 27 församlingarne.
729 669 53 21 Som
792 670 91 21 berörda

133 703 80 28 förslag
231 703 49 21 icke
294 703 104 28 lyckades
413 706 63 18 vinna
492 704 124 27 erforderlig
631 703 108 28 pluralitet
753 704 37 21 vid
804 704 79 26 kyrko-

132 738 74 25 mötet,
229 738 88 21 kommo
339 738 27 20 de
389 740 32 19 att
443 737 90 26 förfalla;
556 738 76 21 endast
653 737 103 28 förslaget
770 738 32 21 till
816 738 67 21 sådan

132 772 81 21 ändrad
234 772 83 27 lydelse
337 772 25 21 af
378 773 12 25 8
408 772 39 21 106
462 775 84 25 antogs,
561 779 48 14 som
623 772 108 27 tydligäre
746 772 27 20 än
788 772 33 21 för
836 772 47 21 när-

132 806 94 22 varande
248 806 166 28 tillkännagäfve
437 806 153 28 domkapitlets
612 806 132 27 befogenhet
759 809 32 18 att
806 807 6 19 i
827 806 56 21 före-

130 840 133 29 kommande
282 840 36 22 fall
337 840 103 22 återkalla
462 841 22 21 åt
506 840 84 22 lekman
605 839 116 22 meddelad
735 840 99 22 tillåtelse
849 844 32 18 att

131 874 89 28 predika
236 875 41 21 och
292 877 6 19 i
313 874 323 28 kristendomsundervisningen
651 873 93 28 deltaga.

201 909 105 21 Utskottet
324 909 44 21 har
374 910 44 26 för
430 908 33 22 sin
478 908 36 22 del
526 909 44 21 icke
578 908 78 28 funnit
670 908 51 20 skäl
733 908 35 21 till
780 908 100 21 anmärk-

129 944 54 28 ning
195 947 44 18 mot
252 944 40 22 den
301 944 131 28 föreslagna
448 944 123 27 ändringen.

196 1013 53 27 (IV).
278 1013 35 21 Då
328 1013 32 22 för
375 1013 42 21 den
431 1013 133 22 beträffande
579 1014 17 25 f
611 1019 39 20 725
663 1012 120 28 föreslagna
796 1012 83 22 ändrin-

128 1055 42 20 gen
185 1047 66 22 finnes
267 1048 153 27 erforderligen
435 1047 125 28 redogjordt
574 1049 7 20 i
596 1048 41 20 den
650 1047 48 21 nåd.
707 1048 170 26 propositionen,

128 1082 43 21 kan
196 1081 104 22 Utskottet
320 1081 118 22 inskränka
459 1081 36 28 sig
514 1082 37 21 till
569 1083 33 20 att
623 1081 108 26 tillstyrka
753 1081 124 21 densamma

128 1117 71 20 såsom
213 1116 9 21 i
235 1117 43 20 allo
293 1116 126 27 berättigad.

195 1191 46 28 (V.)
270 1185 72 28 Äfven
358 1191 42 21 den
414 1193 6 19 i
434 1192 19 25 f
467 1190 44 21 766
521 1191 120 27 föreslagna
652 1190 156 27 förändringen,
819 1191 58 20 inne-

127 1226 95 21 bärande
247 1228 31 19 att
301 1226 58 21 tiden
378 1225 32 22 för
426 1225 118 28 ansökning
558 1232 36 14 om
610 1225 125 27 presttjenst
749 1224 70 21 blefve
835 1224 41 21 för-

127 1260 78 22 kortad
220 1260 45 21 från
281 1266 28 21 90
323 1259 32 22 till
368 1259 28 22 60
411 1259 73 28 dagar,
500 1267 64 13 anser
577 1259 35 28 sig
628 1259 103 21 Utskottet
741 1259 73 20 kunna
824 1261 53 18 utan

128 1294 75 21 vidare
216 1294 98 24 förorda.

195 1362 53 27 (VL)
277 1362 113 27 Förslaget
404 1361 32 22 till
446 1362 81 21 ändrad
537 1362 83 27 lydelse
629 1361 24 22 af
661 1363 36 26 $f
707 1367 48 22 207,
766 1360 48 30 196,
826 1362 49 28 198,

126 1396 48 26 216,
189 1403 42 20 232
245 1396 38 21 och
297 1403 41 21 242
353 1396 38 21 har
403 1396 116 22 föranledts
530 1396 65 26 deraf,
607 1399 32 19 att
649 1396 143 22 anställandet
801 1396 26 21 af
833 1397 44 20 sär-

126 1430 65 21 skildt
205 1429 102 28 prestval,
322 1430 28 20 då
365 1429 77 21 endast
457 1436 27 14 en
498 1429 96 21 sökande
609 1429 23 21 är
647 1430 29 26 på
690 1429 80 27 förslag
782 1429 94 27 uppförd

127 1464 41 21 och
188 1463 152 27 församlingen
360 1464 29 26 på
404 1462 132 28 frågodagen
551 1462 102 22 förklarat
668 1464 33 26 sig
716 1462 88 22 dermed
819 1462 56 28 nöjd,

195 1504 124 22 Lagutskottets
331 1503 102 17 betänkande
444 1503 35 17 N:o
490 1508 17 17 9.
