1078 1786
321 421 164 32 Approximativ
515 421 79 32 kalkyl
621 421 65 26 öfver
713 421 151 26 statsfondens

255 467 113 25 ordinarie
386 467 81 32 budget
485 468 38 24 för
540 467 55 26 åren
615 467 176 26 1895—1897.

116 557 63 18 Såsom
196 557 139 23 utgångspunkt
355 557 29 18 för
401 557 125 22 beräkningen
543 557 34 18 har
593 557 48 22 lagts
659 559 62 16 senast
738 557 75 22 nådigst
824 557 45 18 fast-

186 591 60 19 stälda
258 591 119 23 statsförslag
388 591 29 18 för
429 592 22 17 är
463 593 49 17 1894.

728 667 8 13 I
745 666 48 17 årligt
801 666 56 14 medel-

762 684 22 13 tal
798 683 25 14 för

749 701 90 13 1895—1897.

201 730 145 22 Statsfondens
362 730 117 22 inkomster.
559 758 2 20 |
600 726 43 49 P-
688 750 23 21 m
758 748 39 21 7
843 749 23 21 [pu

135 793 33 17 1:0.
191 792 78 18 Inkomst
281 792 22 22 af
313 792 82 18 domäner
407 792 30 18 och
445 798 59 12 annan
512 793 33 17 sta-

193 829 36 15 tens
241 827 116 23 förmögenhet
383 841 4 3 .
405 840 27 5 sc
452 823 38 31 sco
496 840 49 5 sea
593 829 119 22 3,206,000!—|

135 873 106 18 Inkomsten
259 873 41 18 från
319 873 154 22 kronoskogarne,
490 874 56 17 som
533 869 16 30 i

161 908 45 17 1894
225 907 30 18 års
273 907 121 23 statsförslag
410 908 95 22 upptagits
517 908 29 17 till
685 914 2 6 H

160 943 91 21 1,700,000
267 943 37 21 mk,
322 942 35 18 har
374 942 21 17 är
411 943 45 17 1892
468 943 79 22 uppgätt
560 954 2 18 |

160 977 30 17 till
202 977 91 22 2,274,000
304 977 36 22 mk,
357 982 41 13 men
410 977 85 22 utgjorde
507 977 40 18 äret

160 1011 119 18 derförinnan
291 1011 66 18 endast
369 1011 90 22 1,280,000
466 1011 36 19 mk.
515 1011 33 18 Ett

160 1045 86 18 medeltal
265 1046 29 17 för
312 1046 44 18 åren
369 1046 113 17 1889—1892
494 1045 53 19 torde
561 1048 2 10 |

160 1079 61 18 lemna
239 1085 22 13 en
279 1080 76 18 säkrare
373 1079 74 23 ledning
462 1081 29 16 för
503 1085 44 18 upp-

162 1114 117 23 skattningen
295 1114 20 18 af
326 1114 102 17 inkomsten
440 1113 42 19 frän
493 1114 54 18 forst-

160 1148 136 23 förvaltningen
316 1148 58 18 under
391 1148 122 18 instundande
528 1148 20 17 fi-

161 1183 115 22 nansperiod.
294 1183 8 17 I
315 1182 81 22 enlighet
404 1182 40 18 med
453 1182 51 18 detta
513 1187 36 13 me-

162 1216 62 23 deltal,
245 1222 38 13 som
303 1216 77 19 utfaller
399 1217 40 18 med
459 1218 90 21 1,876,000
687 1224 1 5 i

161 1251 37 22 mk,
216 1252 90 22 upptages
321 1251 138 21 ifrågavarande
471 1251 78 18 hufvud-

163 1292 58 17 grupp
234 1286 56 18 bland
305 1285 126 19 statsfondens
443 1286 106 21 inkomster,

163 1321 41 18 med
227 1320 104 19 beaktande
351 1319 20 18 af
390 1320 35 18 den
445 1320 104 22 minskning

162 1356 66 22 posten
246 1356 53 16 ränta
317 1354 34 18 och
369 1354 111 23 amortering
496 1355 11 17 å
519 1354 31 18 det

162 1389 29 18 till
204 1389 88 18 Finlands
304 1388 53 19 Bank
369 1389 73 22 utgifna
454 1389 31 18 lån
493 1388 58 18 under

124 1425 2 6 I
163 1422 85 23 —perioden
261 1422 97 21 undergår,
369 1422 44 17 till.
435 1435 1 4 .
455 1434 4 4 .
479 1435 4 4 »
501 1434 27 5 «+.
546 1434 4 4 «
630 1430 22 2 —

750 1419 119 20 3,376,000|
859 1406 14 40 —

752 1459 118 22 3,376,000/—

124 1465 2 16 i
449 1461 102 22 Transport
