1120 1781
462 152 45 23 N:o
527 153 39 22 22.
838 151 25 20 15

472 248 12 18 4
507 246 60 22 Kap.

184 304 36 19 Om
236 303 63 23 talan,
316 308 44 15 som
376 302 5 20 i
397 303 114 27 anledning
525 303 24 20 af
561 303 101 25 beviljadt
677 305 71 25 patent
763 303 35 20 mä
814 303 35 20 vid

432 338 88 20 domstol
538 337 61 21 föras.

485 401 27 20 26
527 400 19 27 8.

210 438 46 21 Har
272 440 75 26 patent
370 439 118 21 meddelats
503 440 7 20 i
525 439 55 21 strid
595 439 47 22 med
658 440 148 26 stadgandena
821 439 7 21 i
845 440 17 25 1,
879 440 12 20 2

141 472 51 22 eller
216 474 12 20 3
252 473 18 27 &,
287 473 50 21 eller
353 475 24 20 är
392 472 41 22 den
448 472 32 22 till
495 474 71 26 grund
580 472 33 22 för
628 474 100 26 patentet
742 473 100 27 liggande
856 472 36 22 be-

139 506 106 28 skrifning
268 507 58 22 öfver
348 507 153 28 uppfinningen
524 509 25 20 sä
571 508 80 27 otydlig
673 508 51 22 eller
747 507 144 27 ofullständig,

141 543 33 19 att
188 541 123 27 sakkunnig
326 542 45 21 icke
386 541 42 22 kan
444 542 49 21 med
507 542 87 27 ledning
610 541 62 22 deraf
685 542 75 21 utöfva
769 541 123 28 uppfinnin-

139 582 47 20 gen,
202 576 42 26 mä,
260 576 48 21 med
323 576 26 22 de
364 576 7 21 i
388 577 26 21 27
430 576 12 28 $
458 577 94 21 nämnda
566 576 118 28 undantag,
701 576 86 26 enhvar,
798 582 45 16 som
854 582 38 16 an-

140 616 35 16 ser
190 610 33 22 sin
246 612 45 20 rätt
306 610 78 22 sädant
399 610 79 27 fordra,
494 611 25 21 sä
534 611 39 21 ock
588 610 95 22 kronans
699 610 85 27 ombud,
800 612 41 20 när
856 610 37 22 det

140 644 118 23 allmännas
281 645 68 22 fördel
372 645 37 22 det
423 645 105 27 päkallar,
544 646 74 21 kunna
633 645 35 22 vid
684 645 92 22 domstol
791 645 53 27 yrka
859 646 34 20 att

139 680 101 26 patentet
254 679 106 23 förklaras
376 680 74 27 ogildt.

210 709 31 25 Är
263 714 67 21 sådan
354 714 58 22 talan
435 714 100 28 grundad
558 714 72 28 derpä,
646 716 33 20 att
695 714 40 22 den
750 714 142 27 patenterade

139 748 155 27 uppfinningen
318 748 64 22 delvis
398 748 200 22 öfverensstämmer
613 749 48 21 med
676 748 133 28 uppfinning,
825 748 68 22 hvarä

140 788 72 16 annan
236 782 95 28 åtnjuter
354 782 91 28 tidigare
467 783 74 27 skydd,
557 783 66 21 varde
637 784 100 26 patentet
752 783 7 21 i
775 783 40 21 den
831 782 61 22 delen

139 816 120 22 förklaradt
274 817 73 27 ogildt,
363 823 48 15 men
426 817 55 27 gälle
495 817 8 21 i
518 818 42 26 det,
577 824 45 15 som
638 819 24 19 är
677 819 55 25 nytt.

210 850 67 23 Talan
300 858 34 15 om
356 851 151 22 fastställande
525 851 22 22 af
560 857 76 17 senare
650 852 88 27 patents
754 850 139 28 afhängighet

140 886 22 21 af
176 886 91 27 tidigare
282 887 77 25 patent
374 886 35 21 mä
424 887 39 21 ock
478 886 23 21 af
512 886 160 22 vederbörande
682 885 165 28 patenthafvare
857 886 35 21 vid

140 920 93 22 domstol
248 920 64 22 föras.

485 962 26 20 27
529 962 18 27 $.

210 1001 47 22 Har
272 1002 69 26 någon
358 1001 98 28 olofligen
467 1001 99 28 tillegnat
575 1002 34 26 sig
619 1008 83 15 annans
712 1002 94 21 hvarken
818 1000 75 22 offent-

139 1035 106 28 liggjorda
260 1035 51 22 eller
327 1037 65 26 öppet
411 1036 102 22 utöfvade
528 1035 127 29 uppfinning
670 1036 39 21 och
724 1035 77 22 vunnit
815 1036 77 26 patent

141 1070 51 22 derä
214 1070 51 22 eller
287 1070 103 22 utverkat
404 1071 32 27 sig
451 1072 77 25 patent
544 1071 12 21 &
571 1070 135 28 uppfinning,
722 1069 113 23 hvaröfver
849 1069 43 22 han

139 1104 46 22 icke
201 1104 70 22 allena
287 1106 36 25 egt
338 1104 89 28 förfoga,
442 1105 36 21 mä
493 1104 77 22 endast
585 1104 41 22 den
641 1104 135 22 förorättade
785 1104 29 27 pä
824 1104 67 21 sädan

139 1139 71 27 grund
232 1138 46 22 föra
301 1138 59 22 talan
385 1145 34 15 om
441 1140 33 20 att
488 1140 101 26 patentet
603 1138 106 22 förklaras
725 1138 73 28 ogildt.
828 1137 64 21 Villi

140 1173 62 21 dessa,
217 1172 37 22 fall
270 1173 41 21 den
327 1172 133 23 förorättade
475 1173 66 22 hellre
555 1173 60 27 yrka,
632 1174 33 20 att
680 1173 100 27 patentet
794 1171 43 23 helt
853 1172 39 20 och

139 1207 66 22 hållet
214 1207 50 22 eller
272 1207 33 22 till
314 1207 40 23 den
363 1207 33 22 del
403 1208 43 21 han
454 1207 45 22 haft
508 1209 33 20 att
548 1207 55 23 råda
611 1207 57 22 öfver
676 1206 155 28 uppfinningen
838 1206 55 21 skall

139 1241 33 22 till
193 1242 79 21 honom
296 1242 102 27 afträdas,
422 1248 38 21 ege
481 1243 46 21 rätt
542 1241 81 27 dertill;
642 1241 55 22 dock
711 1242 36 20 mä
761 1240 78 22 sädant
854 1246 39 15 an-

139 1276 66 27 språk
227 1276 18 27 ej
270 1276 65 22 lända
357 1276 33 21 till
411 1276 84 27 förfäng
513 1275 35 23 för
562 1276 69 27 tredje
645 1282 56 19 man,
717 1281 46 15 som
778 1274 7 22 i
800 1274 42 28 god
857 1275 34 20 tro

140 1310 72 22 inlätit
228 1310 33 27 sig
275 1310 8 21 i
299 1309 51 22 aftal
366 1310 48 22 med
428 1309 186 28 patenthafvaren.

485 1379 27 20 28
529 1379 18 27 8.

211 1417 67 27 Hvar,
302 1423 45 16 som
369 1416 109 23 förmenar
500 1419 33 20 att
548 1417 165 27 patenthafvare
728 1416 116 22 uraktlätit
859 1417 34 19 att

139 1451 93 28 fullgöra
255 1451 56 21 hvad
333 1451 79 22 honom
435 1451 66 27 enligt
525 1452 24 20 21
567 1450 12 28 &
594 1450 33 22 för
641 1450 163 27 patenträttens
821 1449 71 27 ätnju-
