<?xml version="1.0" encoding="UTF-8"?>
<alto xmlns="http://www.loc.gov/standards/alto/ns-v3#" xmlns:xlink="http://www.w3.org/1999/xlink" xmlns:xsi="http://www.w3.org/2001/XMLSchema-instance" xsi:schemaLocation="http://www.loc.gov/standards/alto/ns-v3# http://www.loc.gov/alto/v3/alto-3-0.xsd">
	<Description>
		<MeasurementUnit>pixel</MeasurementUnit>
		<sourceImageInformation>
			<fileName>/tmp/tess_889xajsf_input.PNG</fileName>
		</sourceImageInformation>
		<OCRProcessing ID="OCR_0">
			<ocrProcessingStep>
				<processingSoftware>
					<softwareName>tesseract 5.3.4</softwareName>
				</processingSoftware>
			</ocrProcessingStep>
		</OCRProcessing>
	</Description>
	<Layout>
		<Page WIDTH="1123" HEIGHT="1781" PHYSICAL_IMG_NR="0" ID="page_0">
			<PrintSpace HPOS="0" VPOS="0" WIDTH="1123" HEIGHT="1781">
				<ComposedBlock ID="cblock_0" HPOS="467" VPOS="132" WIDTH="401" HEIGHT="26">
					<TextBlock ID="block_0" HPOS="467" VPOS="132" WIDTH="401" HEIGHT="26">
						<TextLine ID="line_0" HPOS="467" VPOS="132" WIDTH="401" HEIGHT="26">
							<String ID="string_0" HPOS="467" VPOS="134" WIDTH="45" HEIGHT="24" WC="0.96" CONTENT="N:o"/><SP WIDTH="20" VPOS="134" HPOS="512"/>
							<String ID="string_1" HPOS="532" VPOS="134" WIDTH="39" HEIGHT="24" WC="0.96" CONTENT="21."/><SP WIDTH="285" VPOS="134" HPOS="571"/>
							<String ID="string_2" HPOS="856" VPOS="132" WIDTH="12" HEIGHT="22" WC="0.96" CONTENT="7"/>
						</TextLine>
					</TextBlock>
				</ComposedBlock>
				<ComposedBlock ID="cblock_1" HPOS="141" VPOS="201" WIDTH="758" HEIGHT="332">
					<TextBlock ID="block_1" HPOS="141" VPOS="201" WIDTH="758" HEIGHT="128">
						<TextLine ID="line_1" HPOS="141" VPOS="201" WIDTH="756" HEIGHT="28">
							<String ID="string_3" HPOS="141" VPOS="201" WIDTH="101" HEIGHT="27" WC="0.90" CONTENT="angifvas"/><SP WIDTH="14" VPOS="201" HPOS="242"/>
							<String ID="string_4" HPOS="256" VPOS="201" WIDTH="90" HEIGHT="28" WC="0.96" CONTENT="företag,"/><SP WIDTH="16" VPOS="201" HPOS="346"/>
							<String ID="string_5" HPOS="362" VPOS="207" WIDTH="46" HEIGHT="16" WC="0.96" CONTENT="som"/><SP WIDTH="15" VPOS="207" HPOS="408"/>
							<String ID="string_6" HPOS="423" VPOS="201" WIDTH="46" HEIGHT="22" WC="0.96" CONTENT="icke"/><SP WIDTH="16" VPOS="201" HPOS="469"/>
							<String ID="string_7" HPOS="485" VPOS="203" WIDTH="45" HEIGHT="20" WC="0.96" CONTENT="står"/><SP WIDTH="15" VPOS="203" HPOS="530"/>
							<String ID="string_8" HPOS="545" VPOS="201" WIDTH="7" HEIGHT="22" WC="0.96" CONTENT="i"/><SP WIDTH="15" VPOS="201" HPOS="552"/>
							<String ID="string_9" HPOS="567" VPOS="201" WIDTH="129" HEIGHT="23" WC="0.96" CONTENT="förbindelse"/><SP WIDTH="15" VPOS="201" HPOS="696"/>
							<String ID="string_10" HPOS="711" VPOS="201" WIDTH="48" HEIGHT="22" WC="0.92" CONTENT="med"/><SP WIDTH="14" VPOS="201" HPOS="759"/>
							<String ID="string_11" HPOS="773" VPOS="201" WIDTH="124" HEIGHT="22" WC="0.91" CONTENT="innehafva-"/>
						</TextLine>
						<TextLine ID="line_2" HPOS="144" VPOS="235" WIDTH="755" HEIGHT="28">
							<String ID="string_12" HPOS="144" VPOS="239" WIDTH="53" HEIGHT="17" WC="0.90" CONTENT="rens&#39;"/><SP WIDTH="15" VPOS="239" HPOS="197"/>
							<String ID="string_13" HPOS="212" VPOS="235" WIDTH="88" HEIGHT="26" WC="0.96" CONTENT="rörelse,"/><SP WIDTH="22" VPOS="235" HPOS="300"/>
							<String ID="string_14" HPOS="322" VPOS="236" WIDTH="18" HEIGHT="26" WC="0.96" CONTENT="ej"/><SP WIDTH="16" VPOS="236" HPOS="340"/>
							<String ID="string_15" HPOS="356" VPOS="235" WIDTH="69" HEIGHT="22" WC="0.93" CONTENT="heller"/><SP WIDTH="15" VPOS="235" HPOS="425"/>
							<String ID="string_16" HPOS="440" VPOS="235" WIDTH="35" HEIGHT="22" WC="0.95" CONTENT="må"/><SP WIDTH="14" VPOS="235" HPOS="475"/>
							<String ID="string_17" HPOS="489" VPOS="236" WIDTH="68" HEIGHT="25" WC="0.95" CONTENT="firma,"/><SP WIDTH="16" VPOS="236" HPOS="557"/>
							<String ID="string_18" HPOS="573" VPOS="241" WIDTH="46" HEIGHT="16" WC="0.93" CONTENT="som"/><SP WIDTH="15" VPOS="241" HPOS="619"/>
							<String ID="string_19" HPOS="634" VPOS="235" WIDTH="96" HEIGHT="28" WC="0.91" CONTENT="angifver"/><SP WIDTH="15" VPOS="235" HPOS="730"/>
							<String ID="string_20" HPOS="745" VPOS="236" WIDTH="54" HEIGHT="21" WC="0.96" CONTENT="visst"/><SP WIDTH="16" VPOS="236" HPOS="799"/>
							<String ID="string_21" HPOS="815" VPOS="236" WIDTH="46" HEIGHT="26" WC="0.95" CONTENT="slag"/><SP WIDTH="16" VPOS="236" HPOS="861"/>
							<String ID="string_22" HPOS="877" VPOS="235" WIDTH="22" HEIGHT="21" WC="0.96" CONTENT="af"/>
						</TextLine>
						<TextLine ID="line_3" HPOS="143" VPOS="269" WIDTH="755" HEIGHT="26">
							<String ID="string_23" HPOS="143" VPOS="269" WIDTH="89" HEIGHT="26" WC="0.96" CONTENT="rörelse,"/><SP WIDTH="16" VPOS="269" HPOS="232"/>
							<String ID="string_24" HPOS="248" VPOS="269" WIDTH="119" HEIGHT="21" WC="0.96" CONTENT="bibehållas"/><SP WIDTH="16" VPOS="269" HPOS="367"/>
							<String ID="string_25" HPOS="383" VPOS="269" WIDTH="137" HEIGHT="26" WC="0.96" CONTENT="oförändrad,"/><SP WIDTH="16" VPOS="269" HPOS="520"/>
							<String ID="string_26" HPOS="536" VPOS="269" WIDTH="66" HEIGHT="21" WC="0.96" CONTENT="sedan"/><SP WIDTH="15" VPOS="269" HPOS="602"/>
							<String ID="string_27" HPOS="617" VPOS="275" WIDTH="26" HEIGHT="15" WC="0.96" CONTENT="en"/><SP WIDTH="14" VPOS="275" HPOS="643"/>
							<String ID="string_28" HPOS="657" VPOS="269" WIDTH="105" HEIGHT="26" WC="0.96" CONTENT="väsentlig"/><SP WIDTH="10" VPOS="269" HPOS="762"/>
							<String ID="string_29" HPOS="772" VPOS="269" WIDTH="126" HEIGHT="26" WC="0.96" CONTENT="förändring"/>
						</TextLine>
						<TextLine ID="line_4" HPOS="143" VPOS="302" WIDTH="249" HEIGHT="27">
							<String ID="string_30" HPOS="143" VPOS="302" WIDTH="24" HEIGHT="21" WC="0.96" CONTENT="af"/><SP WIDTH="13" VPOS="302" HPOS="167"/>
							<String ID="string_31" HPOS="180" VPOS="303" WIDTH="94" HEIGHT="21" WC="0.96" CONTENT="rörelsen"/><SP WIDTH="15" VPOS="303" HPOS="274"/>
							<String ID="string_32" HPOS="289" VPOS="305" WIDTH="35" HEIGHT="24" WC="0.96" CONTENT="egt"/><SP WIDTH="15" VPOS="305" HPOS="324"/>
							<String ID="string_33" HPOS="339" VPOS="309" WIDTH="53" HEIGHT="15" WC="0.95" CONTENT="rum."/>
						</TextLine>
					</TextBlock>
					<TextBlock ID="block_2" HPOS="142" VPOS="337" WIDTH="756" HEIGHT="196">
						<TextLine ID="line_5" HPOS="212" VPOS="337" WIDTH="685" HEIGHT="28">
							<String ID="string_34" HPOS="212" VPOS="337" WIDTH="72" HEIGHT="21" WC="0.96" CONTENT="Firma"/><SP WIDTH="15" VPOS="337" HPOS="284"/>
							<String ID="string_35" HPOS="299" VPOS="337" WIDTH="56" HEIGHT="21" WC="0.96" CONTENT="skall"/><SP WIDTH="16" VPOS="337" HPOS="355"/>
							<String ID="string_36" HPOS="371" VPOS="337" WIDTH="78" HEIGHT="28" WC="0.95" CONTENT="tydligt"/><SP WIDTH="13" VPOS="337" HPOS="449"/>
							<String ID="string_37" HPOS="462" VPOS="337" WIDTH="63" HEIGHT="27" WC="0.96" CONTENT="skilja"/><SP WIDTH="11" VPOS="337" HPOS="525"/>
							<String ID="string_38" HPOS="536" VPOS="338" WIDTH="33" HEIGHT="26" WC="0.96" CONTENT="sig"/><SP WIDTH="10" VPOS="338" HPOS="569"/>
							<String ID="string_39" HPOS="579" VPOS="337" WIDTH="47" HEIGHT="22" WC="0.96" CONTENT="från"/><SP WIDTH="12" VPOS="337" HPOS="626"/>
							<String ID="string_40" HPOS="638" VPOS="337" WIDTH="67" HEIGHT="22" WC="0.96" CONTENT="andra"/><SP WIDTH="10" VPOS="337" HPOS="705"/>
							<String ID="string_41" HPOS="715" VPOS="337" WIDTH="74" HEIGHT="22" WC="0.96" CONTENT="förut"/><SP WIDTH="-5" VPOS="337" HPOS="789"/>
							<String ID="string_42" HPOS="784" VPOS="333" WIDTH="12" HEIGHT="36" WC="0.93" CONTENT="i"/><SP WIDTH="4" VPOS="333" HPOS="796"/>
							<String ID="string_43" HPOS="800" VPOS="337" WIDTH="97" HEIGHT="21" WC="0.92" CONTENT="handels-"/>
						</TextLine>
						<TextLine ID="line_6" HPOS="142" VPOS="371" WIDTH="756" HEIGHT="28">
							<String ID="string_44" HPOS="142" VPOS="371" WIDTH="104" HEIGHT="28" WC="0.96" CONTENT="registret"/><SP WIDTH="21" VPOS="371" HPOS="246"/>
							<String ID="string_45" HPOS="267" VPOS="372" WIDTH="95" HEIGHT="27" WC="0.96" CONTENT="intagna,"/><SP WIDTH="24" VPOS="372" HPOS="362"/>
							<String ID="string_46" HPOS="386" VPOS="374" WIDTH="56" HEIGHT="19" WC="0.96" CONTENT="ännu"/><SP WIDTH="22" VPOS="374" HPOS="442"/>
							<String ID="string_47" HPOS="464" VPOS="373" WIDTH="117" HEIGHT="21" WC="0.95" CONTENT="bestående"/><SP WIDTH="22" VPOS="373" HPOS="581"/>
							<String ID="string_48" HPOS="603" VPOS="372" WIDTH="80" HEIGHT="21" WC="0.96" CONTENT="firmor."/><SP WIDTH="34" VPOS="372" HPOS="683"/>
							<String ID="string_49" HPOS="717" VPOS="372" WIDTH="53" HEIGHT="27" WC="0.91" CONTENT="Den,"/><SP WIDTH="23" VPOS="372" HPOS="770"/>
							<String ID="string_50" HPOS="793" VPOS="378" WIDTH="46" HEIGHT="15" WC="0.96" CONTENT="som"/><SP WIDTH="23" VPOS="378" HPOS="839"/>
							<String ID="string_51" HPOS="862" VPOS="371" WIDTH="36" HEIGHT="22" WC="0.92" CONTENT="vill"/>
						</TextLine>
						<TextLine ID="line_7" HPOS="144" VPOS="406" WIDTH="754" HEIGHT="28">
							<String ID="string_52" HPOS="144" VPOS="407" WIDTH="86" HEIGHT="20" WC="0.95" CONTENT="anmäla"/><SP WIDTH="15" VPOS="407" HPOS="230"/>
							<String ID="string_53" HPOS="245" VPOS="406" WIDTH="67" HEIGHT="26" WC="0.93" CONTENT="firma,"/><SP WIDTH="16" VPOS="406" HPOS="312"/>
							<String ID="string_54" HPOS="328" VPOS="407" WIDTH="60" HEIGHT="21" WC="0.92" CONTENT="hvari"/><SP WIDTH="16" VPOS="407" HPOS="388"/>
							<String ID="string_55" HPOS="404" VPOS="407" WIDTH="52" HEIGHT="21" WC="0.96" CONTENT="hans"/><SP WIDTH="17" VPOS="407" HPOS="456"/>
							<String ID="string_56" HPOS="473" VPOS="413" WIDTH="63" HEIGHT="15" WC="0.96" CONTENT="namn"/><SP WIDTH="16" VPOS="413" HPOS="536"/>
							<String ID="string_57" HPOS="552" VPOS="407" WIDTH="68" HEIGHT="27" WC="0.96" CONTENT="ingår,"/><SP WIDTH="11" VPOS="407" HPOS="620"/>
							<String ID="string_58" HPOS="631" VPOS="407" WIDTH="55" HEIGHT="21" WC="0.92" CONTENT="skall"/><SP WIDTH="12" VPOS="407" HPOS="686"/>
							<String ID="string_59" HPOS="698" VPOS="407" WIDTH="61" HEIGHT="26" WC="0.92" CONTENT="förty,"/><SP WIDTH="12" VPOS="407" HPOS="759"/>
							<String ID="string_60" HPOS="771" VPOS="413" WIDTH="33" HEIGHT="14" WC="0.95" CONTENT="om"/><SP WIDTH="12" VPOS="413" HPOS="804"/>
							<String ID="string_61" HPOS="816" VPOS="411" WIDTH="82" HEIGHT="16" WC="0.94" CONTENT="samma"/>
						</TextLine>
						<TextLine ID="line_8" HPOS="142" VPOS="440" WIDTH="756" HEIGHT="29">
							<String ID="string_62" HPOS="142" VPOS="440" WIDTH="63" HEIGHT="22" WC="0.92" CONTENT="firma"/><SP WIDTH="23" VPOS="440" HPOS="205"/>
							<String ID="string_63" HPOS="228" VPOS="441" WIDTH="65" HEIGHT="22" WC="0.96" CONTENT="redan"/><SP WIDTH="21" VPOS="441" HPOS="293"/>
							<String ID="string_64" HPOS="314" VPOS="443" WIDTH="24" HEIGHT="20" WC="0.96" CONTENT="är"/><SP WIDTH="15" VPOS="443" HPOS="338"/>
							<String ID="string_65" HPOS="353" VPOS="441" WIDTH="86" HEIGHT="27" WC="0.96" CONTENT="intagen"/><SP WIDTH="14" VPOS="441" HPOS="439"/>
							<String ID="string_66" HPOS="453" VPOS="441" WIDTH="7" HEIGHT="22" WC="0.97" CONTENT="i"/><SP WIDTH="15" VPOS="441" HPOS="460"/>
							<String ID="string_67" HPOS="475" VPOS="441" WIDTH="102" HEIGHT="28" WC="0.96" CONTENT="registret"/><SP WIDTH="16" VPOS="441" HPOS="577"/>
							<String ID="string_68" HPOS="593" VPOS="441" WIDTH="33" HEIGHT="21" WC="0.96" CONTENT="för"/><SP WIDTH="15" VPOS="441" HPOS="626"/>
							<String ID="string_69" HPOS="641" VPOS="447" WIDTH="71" HEIGHT="16" WC="0.96" CONTENT="annan"/><SP WIDTH="16" VPOS="447" HPOS="712"/>
							<String ID="string_70" HPOS="728" VPOS="440" WIDTH="170" HEIGHT="27" WC="0.96" CONTENT="näringsidkare,"/>
						</TextLine>
						<TextLine ID="line_9" HPOS="143" VPOS="474" WIDTH="755" HEIGHT="29">
							<String ID="string_71" HPOS="143" VPOS="481" WIDTH="78" HEIGHT="21" WC="0.96" CONTENT="genom"/><SP WIDTH="22" VPOS="481" HPOS="221"/>
							<String ID="string_72" HPOS="243" VPOS="475" WIDTH="76" HEIGHT="28" WC="0.96" CONTENT="tillägg"/><SP WIDTH="23" VPOS="475" HPOS="319"/>
							<String ID="string_73" HPOS="342" VPOS="475" WIDTH="32" HEIGHT="22" WC="0.94" CONTENT="till"/><SP WIDTH="23" VPOS="475" HPOS="374"/>
							<String ID="string_74" HPOS="397" VPOS="476" WIDTH="39" HEIGHT="21" WC="0.95" CONTENT="sitt"/><SP WIDTH="15" VPOS="476" HPOS="436"/>
							<String ID="string_75" HPOS="451" VPOS="482" WIDTH="63" HEIGHT="15" WC="0.95" CONTENT="namn"/><SP WIDTH="18" VPOS="482" HPOS="514"/>
							<String ID="string_76" HPOS="532" VPOS="476" WIDTH="53" HEIGHT="21" WC="0.95" CONTENT="eller"/><SP WIDTH="15" VPOS="476" HPOS="585"/>
							<String ID="string_77" HPOS="600" VPOS="476" WIDTH="128" HEIGHT="21" WC="0.96" CONTENT="annorledes"/><SP WIDTH="16" VPOS="476" HPOS="728"/>
							<String ID="string_78" HPOS="744" VPOS="475" WIDTH="77" HEIGHT="27" WC="0.96" CONTENT="tydligt"/><SP WIDTH="15" VPOS="475" HPOS="821"/>
							<String ID="string_79" HPOS="836" VPOS="474" WIDTH="62" HEIGHT="27" WC="0.96" CONTENT="skilja"/>
						</TextLine>
						<TextLine ID="line_10" HPOS="142" VPOS="509" WIDTH="400" HEIGHT="24">
							<String ID="string_80" HPOS="142" VPOS="509" WIDTH="34" HEIGHT="24" WC="0.96" CONTENT="sin"/><SP WIDTH="15" VPOS="509" HPOS="176"/>
							<String ID="string_81" HPOS="191" VPOS="509" WIDTH="61" HEIGHT="22" WC="0.96" CONTENT="firma"/><SP WIDTH="15" VPOS="509" HPOS="252"/>
							<String ID="string_82" HPOS="267" VPOS="509" WIDTH="47" HEIGHT="22" WC="0.96" CONTENT="från"/><SP WIDTH="17" VPOS="509" HPOS="314"/>
							<String ID="string_83" HPOS="331" VPOS="510" WIDTH="40" HEIGHT="21" WC="0.96" CONTENT="den"/><SP WIDTH="15" VPOS="510" HPOS="371"/>
							<String ID="string_84" HPOS="386" VPOS="511" WIDTH="60" HEIGHT="20" WC="0.96" CONTENT="äldre"/><SP WIDTH="14" VPOS="511" HPOS="446"/>
							<String ID="string_85" HPOS="460" VPOS="509" WIDTH="82" HEIGHT="22" WC="0.95" CONTENT="firman."/>
						</TextLine>
					</TextBlock>
				</ComposedBlock>
				<ComposedBlock ID="cblock_2" HPOS="144" VPOS="573" WIDTH="756" HEIGHT="652">
					<TextBlock ID="block_3" HPOS="493" VPOS="573" WIDTH="59" HEIGHT="28">
						<TextLine ID="line_11" HPOS="493" VPOS="573" WIDTH="59" HEIGHT="28">
							<String ID="string_86" HPOS="493" VPOS="574" WIDTH="25" HEIGHT="20" WC="0.94" CONTENT="10"/><SP WIDTH="16" VPOS="574" HPOS="518"/>
							<String ID="string_87" HPOS="534" VPOS="573" WIDTH="18" HEIGHT="28" WC="0.92" CONTENT="8."/>
						</TextLine>
					</TextBlock>
					<TextBlock ID="block_4" HPOS="144" VPOS="611" WIDTH="755" HEIGHT="366">
						<TextLine ID="line_12" HPOS="213" VPOS="611" WIDTH="685" HEIGHT="28">
							<String ID="string_88" HPOS="213" VPOS="612" WIDTH="66" HEIGHT="27" WC="0.96" CONTENT="Enka,"/><SP WIDTH="24" VPOS="612" HPOS="279"/>
							<String ID="string_89" HPOS="303" VPOS="619" WIDTH="45" HEIGHT="15" WC="0.96" CONTENT="som"/><SP WIDTH="21" VPOS="619" HPOS="348"/>
							<String ID="string_90" HPOS="369" VPOS="613" WIDTH="113" HEIGHT="21" WC="0.96" CONTENT="fortsätter"/><SP WIDTH="16" VPOS="613" HPOS="482"/>
							<String ID="string_91" HPOS="498" VPOS="613" WIDTH="33" HEIGHT="21" WC="0.93" CONTENT="sin"/><SP WIDTH="16" VPOS="613" HPOS="531"/>
							<String ID="string_92" HPOS="547" VPOS="613" WIDTH="78" HEIGHT="21" WC="0.91" CONTENT="aflidne"/><SP WIDTH="16" VPOS="613" HPOS="625"/>
							<String ID="string_93" HPOS="641" VPOS="619" WIDTH="59" HEIGHT="15" WC="0.95" CONTENT="mans"/><SP WIDTH="15" VPOS="619" HPOS="700"/>
							<String ID="string_94" HPOS="715" VPOS="612" WIDTH="87" HEIGHT="26" WC="0.96" CONTENT="rörelse,"/><SP WIDTH="17" VPOS="612" HPOS="802"/>
							<String ID="string_95" HPOS="819" VPOS="612" WIDTH="23" HEIGHT="21" WC="0.96" CONTENT="så"/><SP WIDTH="16" VPOS="612" HPOS="842"/>
							<String ID="string_96" HPOS="858" VPOS="611" WIDTH="40" HEIGHT="22" WC="0.96" CONTENT="ock"/>
						</TextLine>
						<TextLine ID="line_13" HPOS="144" VPOS="646" WIDTH="755" HEIGHT="27">
							<String ID="string_97" HPOS="144" VPOS="653" WIDTH="58" HEIGHT="20" WC="0.95" CONTENT="man,"/><SP WIDTH="23" VPOS="653" HPOS="202"/>
							<String ID="string_98" HPOS="225" VPOS="653" WIDTH="45" HEIGHT="15" WC="0.94" CONTENT="som"/><SP WIDTH="23" VPOS="653" HPOS="270"/>
							<String ID="string_99" HPOS="293" VPOS="646" WIDTH="113" HEIGHT="22" WC="0.94" CONTENT="fortsätter"/><SP WIDTH="22" VPOS="646" HPOS="406"/>
							<String ID="string_100" HPOS="428" VPOS="647" WIDTH="100" HEIGHT="22" WC="0.96" CONTENT="hustruns"/><SP WIDTH="19" VPOS="647" HPOS="528"/>
							<String ID="string_101" HPOS="547" VPOS="647" WIDTH="45" HEIGHT="21" WC="0.96" CONTENT="före"/><SP WIDTH="16" VPOS="647" HPOS="592"/>
							<String ID="string_102" HPOS="608" VPOS="647" WIDTH="53" HEIGHT="21" WC="0.96" CONTENT="eller"/><SP WIDTH="15" VPOS="647" HPOS="661"/>
							<String ID="string_103" HPOS="676" VPOS="647" WIDTH="66" HEIGHT="21" WC="0.96" CONTENT="under"/><SP WIDTH="14" VPOS="647" HPOS="742"/>
							<String ID="string_104" HPOS="756" VPOS="646" WIDTH="143" HEIGHT="26" WC="0.96" CONTENT="äktenskapet"/>
						</TextLine>
						<TextLine ID="line_14" HPOS="146" VPOS="680" WIDTH="752" HEIGHT="29">
							<String ID="string_105" HPOS="146" VPOS="681" WIDTH="72" HEIGHT="21" WC="0.92" CONTENT="drifna"/><SP WIDTH="18" VPOS="681" HPOS="218"/>
							<String ID="string_106" HPOS="236" VPOS="681" WIDTH="86" HEIGHT="27" WC="0.96" CONTENT="rörelse,"/><SP WIDTH="16" VPOS="681" HPOS="322"/>
							<String ID="string_107" HPOS="338" VPOS="683" WIDTH="35" HEIGHT="20" WC="0.96" CONTENT="må"/><SP WIDTH="15" VPOS="683" HPOS="373"/>
							<String ID="string_108" HPOS="388" VPOS="682" WIDTH="96" HEIGHT="27" WC="0.96" CONTENT="begagna"/><SP WIDTH="14" VPOS="682" HPOS="484"/>
							<String ID="string_109" HPOS="498" VPOS="681" WIDTH="76" HEIGHT="22" WC="0.96" CONTENT="firman"/><SP WIDTH="16" VPOS="681" HPOS="574"/>
							<String ID="string_110" HPOS="590" VPOS="681" WIDTH="137" HEIGHT="22" WC="0.96" CONTENT="oförändrad."/><SP WIDTH="29" VPOS="681" HPOS="727"/>
							<String ID="string_111" HPOS="756" VPOS="680" WIDTH="89" HEIGHT="22" WC="0.93" CONTENT="Enskild"/><SP WIDTH="15" VPOS="680" HPOS="845"/>
							<String ID="string_112" HPOS="860" VPOS="681" WIDTH="38" HEIGHT="20" WC="0.91" CONTENT="nä-"/>
						</TextLine>
						<TextLine ID="line_15" HPOS="144" VPOS="714" WIDTH="755" HEIGHT="29">
							<String ID="string_113" HPOS="144" VPOS="715" WIDTH="146" HEIGHT="27" WC="0.90" CONTENT="ringsidkares"/><SP WIDTH="24" VPOS="715" HPOS="290"/>
							<String ID="string_114" HPOS="314" VPOS="715" WIDTH="96" HEIGHT="28" WC="0.91" CONTENT="arfvinge"/><SP WIDTH="23" VPOS="715" HPOS="410"/>
							<String ID="string_115" HPOS="433" VPOS="722" WIDTH="39" HEIGHT="20" WC="0.91" CONTENT="ege"/><SP WIDTH="22" VPOS="722" HPOS="472"/>
							<String ID="string_116" HPOS="494" VPOS="722" WIDTH="81" HEIGHT="15" WC="0.96" CONTENT="samma"/><SP WIDTH="23" VPOS="722" HPOS="575"/>
							<String ID="string_117" HPOS="598" VPOS="717" WIDTH="49" HEIGHT="25" WC="0.93" CONTENT="rätt,"/><SP WIDTH="24" VPOS="717" HPOS="647"/>
							<String ID="string_118" HPOS="671" VPOS="715" WIDTH="72" HEIGHT="22" WC="0.91" CONTENT="derest"/><SP WIDTH="16" VPOS="715" HPOS="743"/>
							<String ID="string_119" HPOS="759" VPOS="715" WIDTH="40" HEIGHT="21" WC="0.93" CONTENT="den"/><SP WIDTH="21" VPOS="715" HPOS="799"/>
							<String ID="string_120" HPOS="820" VPOS="714" WIDTH="79" HEIGHT="22" WC="0.89" CONTENT="aflidna"/>
						</TextLine>
						<TextLine ID="line_16" HPOS="145" VPOS="749" WIDTH="753" HEIGHT="28">
							<String ID="string_121" HPOS="145" VPOS="749" WIDTH="111" HEIGHT="28" WC="0.91" CONTENT="medgifvit"/><SP WIDTH="16" VPOS="749" HPOS="256"/>
							<String ID="string_122" HPOS="272" VPOS="750" WIDTH="36" HEIGHT="21" WC="0.96" CONTENT="det"/><SP WIDTH="16" VPOS="750" HPOS="308"/>
							<String ID="string_123" HPOS="324" VPOS="750" WIDTH="57" HEIGHT="26" WC="0.96" CONTENT="eller,"/><SP WIDTH="18" VPOS="750" HPOS="381"/>
							<String ID="string_124" HPOS="399" VPOS="756" WIDTH="33" HEIGHT="15" WC="0.96" CONTENT="om"/><SP WIDTH="16" VPOS="756" HPOS="432"/>
							<String ID="string_125" HPOS="448" VPOS="750" WIDTH="42" HEIGHT="21" WC="0.92" CONTENT="han"/><SP WIDTH="16" VPOS="750" HPOS="490"/>
							<String ID="string_126" HPOS="506" VPOS="750" WIDTH="70" HEIGHT="21" WC="0.91" CONTENT="aflidit"/><SP WIDTH="10" VPOS="750" HPOS="576"/>
							<String ID="string_127" HPOS="586" VPOS="752" WIDTH="51" HEIGHT="19" WC="0.96" CONTENT="utan"/><SP WIDTH="12" VPOS="752" HPOS="637"/>
							<String ID="string_128" HPOS="649" VPOS="752" WIDTH="32" HEIGHT="19" WC="0.96" CONTENT="att"/><SP WIDTH="10" VPOS="752" HPOS="681"/>
							<String ID="string_129" HPOS="691" VPOS="749" WIDTH="63" HEIGHT="22" WC="0.96" CONTENT="hafva"/><SP WIDTH="10" VPOS="749" HPOS="754"/>
							<String ID="string_130" HPOS="764" VPOS="749" WIDTH="134" HEIGHT="22" WC="0.96" CONTENT="annorlunda"/>
						</TextLine>
						<TextLine ID="line_17" HPOS="144" VPOS="784" WIDTH="755" HEIGHT="28">
							<String ID="string_131" HPOS="144" VPOS="784" WIDTH="118" HEIGHT="26" WC="0.92" CONTENT="förordnat,"/><SP WIDTH="24" VPOS="784" HPOS="262"/>
							<String ID="string_132" HPOS="286" VPOS="784" WIDTH="25" HEIGHT="22" WC="0.93" CONTENT="de"/><SP WIDTH="21" VPOS="784" HPOS="311"/>
							<String ID="string_133" HPOS="332" VPOS="785" WIDTH="66" HEIGHT="26" WC="0.92" CONTENT="öfrige"/><SP WIDTH="20" VPOS="785" HPOS="398"/>
							<String ID="string_134" HPOS="418" VPOS="785" WIDTH="205" HEIGHT="27" WC="0.92" CONTENT="sterbhusdelegare,"/><SP WIDTH="16" VPOS="785" HPOS="623"/>
							<String ID="string_135" HPOS="639" VPOS="785" WIDTH="83" HEIGHT="21" WC="0.96" CONTENT="hvilkas"/><SP WIDTH="15" VPOS="785" HPOS="722"/>
							<String ID="string_136" HPOS="737" VPOS="784" WIDTH="123" HEIGHT="21" WC="0.96" CONTENT="vistelseort"/><SP WIDTH="16" VPOS="784" HPOS="860"/>
							<String ID="string_137" HPOS="876" VPOS="785" WIDTH="23" HEIGHT="19" WC="0.96" CONTENT="är"/>
						</TextLine>
						<TextLine ID="line_18" HPOS="145" VPOS="817" WIDTH="754" HEIGHT="28">
							<String ID="string_138" HPOS="145" VPOS="819" WIDTH="64" HEIGHT="26" WC="0.93" CONTENT="känd,"/><SP WIDTH="19" VPOS="819" HPOS="209"/>
							<String ID="string_139" HPOS="228" VPOS="818" WIDTH="72" HEIGHT="22" WC="0.91" CONTENT="dertill"/><SP WIDTH="16" VPOS="818" HPOS="300"/>
							<String ID="string_140" HPOS="316" VPOS="819" WIDTH="112" HEIGHT="26" WC="0.91" CONTENT="samtyckt."/><SP WIDTH="29" VPOS="819" HPOS="428"/>
							<String ID="string_141" HPOS="457" VPOS="819" WIDTH="61" HEIGHT="21" WC="0.93" CONTENT="Flere"/><SP WIDTH="15" VPOS="819" HPOS="518"/>
							<String ID="string_142" HPOS="533" VPOS="819" WIDTH="205" HEIGHT="26" WC="0.91" CONTENT="sterbhusdelegare,"/><SP WIDTH="16" VPOS="819" HPOS="738"/>
							<String ID="string_143" HPOS="754" VPOS="824" WIDTH="45" HEIGHT="15" WC="0.96" CONTENT="som"/><SP WIDTH="16" VPOS="824" HPOS="799"/>
							<String ID="string_144" HPOS="815" VPOS="817" WIDTH="62" HEIGHT="22" WC="0.96" CONTENT="skola"/><SP WIDTH="15" VPOS="817" HPOS="877"/>
							<String ID="string_145" HPOS="892" VPOS="817" WIDTH="7" HEIGHT="20" WC="0.96" CONTENT="i"/>
						</TextLine>
						<TextLine ID="line_19" HPOS="145" VPOS="851" WIDTH="754" HEIGHT="28">
							<String ID="string_146" HPOS="145" VPOS="853" WIDTH="154" HEIGHT="26" WC="0.96" CONTENT="handelsbolag"/><SP WIDTH="15" VPOS="853" HPOS="299"/>
							<String ID="string_147" HPOS="314" VPOS="853" WIDTH="102" HEIGHT="21" WC="0.96" CONTENT="fortsätta"/><SP WIDTH="15" VPOS="853" HPOS="416"/>
							<String ID="string_148" HPOS="431" VPOS="853" WIDTH="84" HEIGHT="21" WC="0.93" CONTENT="enskild"/><SP WIDTH="16" VPOS="853" HPOS="515"/>
							<String ID="string_149" HPOS="531" VPOS="853" WIDTH="173" HEIGHT="26" WC="0.92" CONTENT="näringsidkares"/><SP WIDTH="11" VPOS="853" HPOS="704"/>
							<String ID="string_150" HPOS="715" VPOS="852" WIDTH="88" HEIGHT="26" WC="0.96" CONTENT="rörelse,"/><SP WIDTH="11" VPOS="852" HPOS="803"/>
							<String ID="string_151" HPOS="814" VPOS="851" WIDTH="34" HEIGHT="21" WC="0.95" CONTENT="må"/><SP WIDTH="12" VPOS="851" HPOS="848"/>
							<String ID="string_152" HPOS="860" VPOS="851" WIDTH="39" HEIGHT="21" WC="0.96" CONTENT="ock"/>
						</TextLine>
						<TextLine ID="line_20" HPOS="145" VPOS="886" WIDTH="754" HEIGHT="26">
							<String ID="string_153" HPOS="145" VPOS="887" WIDTH="69" HEIGHT="22" WC="0.96" CONTENT="under"/><SP WIDTH="22" VPOS="887" HPOS="214"/>
							<String ID="string_154" HPOS="236" VPOS="887" WIDTH="112" HEIGHT="22" WC="0.95" CONTENT="enahanda"/><SP WIDTH="18" VPOS="887" HPOS="348"/>
							<String ID="string_155" HPOS="366" VPOS="887" WIDTH="70" HEIGHT="22" WC="0.96" CONTENT="vilkor"/><SP WIDTH="15" VPOS="887" HPOS="436"/>
							<String ID="string_156" HPOS="451" VPOS="887" WIDTH="109" HEIGHT="22" WC="0.96" CONTENT="bibehålla"/><SP WIDTH="15" VPOS="887" HPOS="560"/>
							<String ID="string_157" HPOS="575" VPOS="888" WIDTH="42" HEIGHT="20" WC="0.96" CONTENT="den"/><SP WIDTH="15" VPOS="888" HPOS="617"/>
							<String ID="string_158" HPOS="632" VPOS="886" WIDTH="25" HEIGHT="22" WC="0.96" CONTENT="af"/><SP WIDTH="12" VPOS="886" HPOS="657"/>
							<String ID="string_159" HPOS="669" VPOS="887" WIDTH="41" HEIGHT="21" WC="0.93" CONTENT="den"/><SP WIDTH="15" VPOS="887" HPOS="710"/>
							<String ID="string_160" HPOS="725" VPOS="886" WIDTH="82" HEIGHT="22" WC="0.91" CONTENT="aflidna"/><SP WIDTH="14" VPOS="886" HPOS="807"/>
							<String ID="string_161" HPOS="821" VPOS="886" WIDTH="78" HEIGHT="26" WC="0.91" CONTENT="begag-"/>
						</TextLine>
						<TextLine ID="line_21" HPOS="145" VPOS="919" WIDTH="754" HEIGHT="30">
							<String ID="string_162" HPOS="145" VPOS="921" WIDTH="56" HEIGHT="22" WC="0.96" CONTENT="nade"/><SP WIDTH="22" VPOS="921" HPOS="201"/>
							<String ID="string_163" HPOS="223" VPOS="921" WIDTH="67" HEIGHT="26" WC="0.96" CONTENT="firma,"/><SP WIDTH="23" VPOS="921" HPOS="290"/>
							<String ID="string_164" HPOS="313" VPOS="921" WIDTH="64" HEIGHT="22" WC="0.95" CONTENT="likväl"/><SP WIDTH="24" VPOS="921" HPOS="377"/>
							<String ID="string_165" HPOS="401" VPOS="921" WIDTH="47" HEIGHT="22" WC="0.96" CONTENT="med"/><SP WIDTH="19" VPOS="921" HPOS="448"/>
							<String ID="string_166" HPOS="467" VPOS="923" WIDTH="31" HEIGHT="20" WC="0.95" CONTENT="ett"/><SP WIDTH="19" VPOS="923" HPOS="498"/>
							<String ID="string_167" HPOS="517" VPOS="922" WIDTH="81" HEIGHT="27" WC="0.96" CONTENT="tillägg,"/><SP WIDTH="17" VPOS="922" HPOS="598"/>
							<String ID="string_168" HPOS="615" VPOS="927" WIDTH="44" HEIGHT="16" WC="0.96" CONTENT="som"/><SP WIDTH="16" VPOS="927" HPOS="659"/>
							<String ID="string_169" HPOS="675" VPOS="921" WIDTH="89" HEIGHT="27" WC="0.93" CONTENT="antyder"/><SP WIDTH="15" VPOS="921" HPOS="764"/>
							<String ID="string_170" HPOS="779" VPOS="919" WIDTH="120" HEIGHT="28" WC="0.91" CONTENT="bolagsför-"/>
						</TextLine>
						<TextLine ID="line_22" HPOS="145" VPOS="956" WIDTH="116" HEIGHT="21">
							<String ID="string_171" HPOS="145" VPOS="956" WIDTH="116" HEIGHT="21" WC="0.91" CONTENT="hållandet."/>
						</TextLine>
					</TextBlock>
					<TextBlock ID="block_5" HPOS="145" VPOS="989" WIDTH="755" HEIGHT="236">
						<TextLine ID="line_23" HPOS="215" VPOS="989" WIDTH="683" HEIGHT="28">
							<String ID="string_172" HPOS="215" VPOS="991" WIDTH="98" HEIGHT="21" WC="0.90" CONTENT="Inträder"/><SP WIDTH="15" VPOS="991" HPOS="313"/>
							<String ID="string_173" HPOS="328" VPOS="991" WIDTH="70" HEIGHT="26" WC="0.95" CONTENT="någon"/><SP WIDTH="15" VPOS="991" HPOS="398"/>
							<String ID="string_174" HPOS="413" VPOS="991" WIDTH="71" HEIGHT="21" WC="0.91" CONTENT="såsom"/><SP WIDTH="17" VPOS="991" HPOS="484"/>
							<String ID="string_175" HPOS="501" VPOS="991" WIDTH="99" HEIGHT="26" WC="0.92" CONTENT="delegare"/><SP WIDTH="15" VPOS="991" HPOS="600"/>
							<String ID="string_176" HPOS="615" VPOS="991" WIDTH="7" HEIGHT="20" WC="0.93" CONTENT="i"/><SP WIDTH="15" VPOS="991" HPOS="622"/>
							<String ID="string_177" HPOS="637" VPOS="989" WIDTH="164" HEIGHT="27" WC="0.93" CONTENT="handelsbolags"/><SP WIDTH="10" VPOS="989" HPOS="801"/>
							<String ID="string_178" HPOS="811" VPOS="989" WIDTH="87" HEIGHT="27" WC="0.96" CONTENT="rörelse,"/>
						</TextLine>
						<TextLine ID="line_24" HPOS="146" VPOS="1024" WIDTH="754" HEIGHT="28">
							<String ID="string_179" HPOS="146" VPOS="1026" WIDTH="36" HEIGHT="21" WC="0.95" CONTENT="mä"/><SP WIDTH="21" VPOS="1026" HPOS="182"/>
							<String ID="string_180" HPOS="203" VPOS="1025" WIDTH="76" HEIGHT="21" WC="0.92" CONTENT="firman"/><SP WIDTH="23" VPOS="1025" HPOS="279"/>
							<String ID="string_181" HPOS="302" VPOS="1025" WIDTH="133" HEIGHT="21" WC="0.92" CONTENT="fortfarande"/><SP WIDTH="21" VPOS="1025" HPOS="435"/>
							<String ID="string_182" HPOS="456" VPOS="1025" WIDTH="108" HEIGHT="27" WC="0.92" CONTENT="begagnas"/><SP WIDTH="23" VPOS="1025" HPOS="564"/>
							<String ID="string_183" HPOS="587" VPOS="1024" WIDTH="138" HEIGHT="22" WC="0.91" CONTENT="oförändrad."/><SP WIDTH="30" VPOS="1024" HPOS="725"/>
							<String ID="string_184" HPOS="755" VPOS="1024" WIDTH="45" HEIGHT="26" WC="0.96" CONTENT="Lag"/><SP WIDTH="19" VPOS="1024" HPOS="800"/>
							<String ID="string_185" HPOS="819" VPOS="1029" WIDTH="81" HEIGHT="16" WC="0.96" CONTENT="samma"/>
						</TextLine>
						<TextLine ID="line_25" HPOS="146" VPOS="1058" WIDTH="753" HEIGHT="28">
							<String ID="string_186" HPOS="146" VPOS="1066" WIDTH="57" HEIGHT="19" WC="0.92" CONTENT="vare,"/><SP WIDTH="23" VPOS="1066" HPOS="203"/>
							<String ID="string_187" HPOS="226" VPOS="1066" WIDTH="34" HEIGHT="15" WC="0.93" CONTENT="om"/><SP WIDTH="21" VPOS="1066" HPOS="260"/>
							<String ID="string_188" HPOS="281" VPOS="1059" WIDTH="99" HEIGHT="27" WC="0.90" CONTENT="delegare"/><SP WIDTH="15" VPOS="1059" HPOS="380"/>
							<String ID="string_189" HPOS="395" VPOS="1059" WIDTH="98" HEIGHT="22" WC="0.90" CONTENT="utträder"/><SP WIDTH="15" VPOS="1059" HPOS="493"/>
							<String ID="string_190" HPOS="508" VPOS="1065" WIDTH="26" HEIGHT="16" WC="0.93" CONTENT="ur"/><SP WIDTH="14" VPOS="1065" HPOS="534"/>
							<String ID="string_191" HPOS="548" VPOS="1059" WIDTH="163" HEIGHT="27" WC="0.91" CONTENT="handelsbolag,"/><SP WIDTH="16" VPOS="1059" HPOS="711"/>
							<String ID="string_192" HPOS="727" VPOS="1059" WIDTH="55" HEIGHT="21" WC="0.96" CONTENT="dock"/><SP WIDTH="16" VPOS="1059" HPOS="782"/>
							<String ID="string_193" HPOS="798" VPOS="1060" WIDTH="33" HEIGHT="19" WC="0.96" CONTENT="att"/><SP WIDTH="15" VPOS="1060" HPOS="831"/>
							<String ID="string_194" HPOS="846" VPOS="1058" WIDTH="53" HEIGHT="21" WC="0.96" CONTENT="hans"/>
						</TextLine>
						<TextLine ID="line_26" HPOS="146" VPOS="1092" WIDTH="754" HEIGHT="29">
							<String ID="string_195" HPOS="146" VPOS="1101" WIDTH="63" HEIGHT="15" WC="0.91" CONTENT="namn"/><SP WIDTH="15" VPOS="1101" HPOS="209"/>
							<String ID="string_196" HPOS="224" VPOS="1095" WIDTH="48" HEIGHT="20" WC="0.92" CONTENT="icke"/><SP WIDTH="14" VPOS="1095" HPOS="272"/>
							<String ID="string_197" HPOS="286" VPOS="1095" WIDTH="35" HEIGHT="20" WC="0.96" CONTENT="mä"/><SP WIDTH="15" VPOS="1095" HPOS="321"/>
							<String ID="string_198" HPOS="336" VPOS="1095" WIDTH="7" HEIGHT="20" WC="0.96" CONTENT="i"/><SP WIDTH="15" VPOS="1095" HPOS="343"/>
							<String ID="string_199" HPOS="358" VPOS="1095" WIDTH="75" HEIGHT="21" WC="0.93" CONTENT="firman"/><SP WIDTH="19" VPOS="1095" HPOS="433"/>
							<String ID="string_200" HPOS="452" VPOS="1095" WIDTH="94" HEIGHT="26" WC="0.92" CONTENT="gvarstä,"/><SP WIDTH="15" VPOS="1095" HPOS="546"/>
							<String ID="string_201" HPOS="561" VPOS="1094" WIDTH="49" HEIGHT="21" WC="0.95" CONTENT="med"/><SP WIDTH="15" VPOS="1094" HPOS="610"/>
							<String ID="string_202" HPOS="625" VPOS="1093" WIDTH="80" HEIGHT="22" WC="0.96" CONTENT="mindre"/><SP WIDTH="16" VPOS="1093" HPOS="705"/>
							<String ID="string_203" HPOS="721" VPOS="1093" WIDTH="43" HEIGHT="22" WC="0.93" CONTENT="han"/><SP WIDTH="15" VPOS="1093" HPOS="764"/>
							<String ID="string_204" HPOS="779" VPOS="1093" WIDTH="50" HEIGHT="27" WC="0.93" CONTENT="sjelf"/><SP WIDTH="12" VPOS="1093" HPOS="829"/>
							<String ID="string_205" HPOS="841" VPOS="1092" WIDTH="59" HEIGHT="22" WC="0.93" CONTENT="med-"/>
						</TextLine>
						<TextLine ID="line_27" HPOS="145" VPOS="1126" WIDTH="755" HEIGHT="29">
							<String ID="string_206" HPOS="145" VPOS="1128" WIDTH="63" HEIGHT="27" WC="0.92" CONTENT="gifvit"/><SP WIDTH="23" VPOS="1128" HPOS="208"/>
							<String ID="string_207" HPOS="231" VPOS="1128" WIDTH="35" HEIGHT="22" WC="0.95" CONTENT="det"/><SP WIDTH="23" VPOS="1128" HPOS="266"/>
							<String ID="string_208" HPOS="289" VPOS="1129" WIDTH="58" HEIGHT="26" WC="0.95" CONTENT="eller,"/><SP WIDTH="24" VPOS="1129" HPOS="347"/>
							<String ID="string_209" HPOS="371" VPOS="1135" WIDTH="34" HEIGHT="15" WC="0.96" CONTENT="om"/><SP WIDTH="22" VPOS="1135" HPOS="405"/>
							<String ID="string_210" HPOS="427" VPOS="1129" WIDTH="43" HEIGHT="21" WC="0.93" CONTENT="han"/><SP WIDTH="20" VPOS="1129" HPOS="470"/>
							<String ID="string_211" HPOS="490" VPOS="1129" WIDTH="68" HEIGHT="21" WC="0.87" CONTENT="aflidit"/><SP WIDTH="15" VPOS="1129" HPOS="558"/>
							<String ID="string_212" HPOS="573" VPOS="1131" WIDTH="52" HEIGHT="18" WC="0.97" CONTENT="utan"/><SP WIDTH="16" VPOS="1131" HPOS="625"/>
							<String ID="string_213" HPOS="641" VPOS="1129" WIDTH="32" HEIGHT="20" WC="0.93" CONTENT="att"/><SP WIDTH="15" VPOS="1129" HPOS="673"/>
							<String ID="string_214" HPOS="688" VPOS="1128" WIDTH="64" HEIGHT="21" WC="0.95" CONTENT="hafva"/><SP WIDTH="15" VPOS="1128" HPOS="752"/>
							<String ID="string_215" HPOS="767" VPOS="1126" WIDTH="133" HEIGHT="23" WC="0.96" CONTENT="annorlunda"/>
						</TextLine>
						<TextLine ID="line_28" HPOS="146" VPOS="1161" WIDTH="753" HEIGHT="29">
							<String ID="string_216" HPOS="146" VPOS="1163" WIDTH="119" HEIGHT="27" WC="0.90" CONTENT="förordnat,"/><SP WIDTH="17" VPOS="1163" HPOS="265"/>
							<String ID="string_217" HPOS="282" VPOS="1163" WIDTH="32" HEIGHT="25" WC="0.93" CONTENT="de"/><SP WIDTH="23" VPOS="1163" HPOS="314"/>
							<String ID="string_218" HPOS="337" VPOS="1163" WIDTH="205" HEIGHT="27" WC="0.92" CONTENT="sterbhusdelegare,"/><SP WIDTH="21" VPOS="1163" HPOS="542"/>
							<String ID="string_219" HPOS="563" VPOS="1163" WIDTH="82" HEIGHT="21" WC="0.93" CONTENT="hvilkas"/><SP WIDTH="16" VPOS="1163" HPOS="645"/>
							<String ID="string_220" HPOS="661" VPOS="1162" WIDTH="121" HEIGHT="22" WC="0.93" CONTENT="vistelseort"/><SP WIDTH="15" VPOS="1162" HPOS="782"/>
							<String ID="string_221" HPOS="797" VPOS="1163" WIDTH="23" HEIGHT="20" WC="0.93" CONTENT="är"/><SP WIDTH="15" VPOS="1163" HPOS="820"/>
							<String ID="string_222" HPOS="835" VPOS="1161" WIDTH="64" HEIGHT="26" WC="0.92" CONTENT="känd,"/>
						</TextLine>
						<TextLine ID="line_29" HPOS="147" VPOS="1197" WIDTH="369" HEIGHT="28">
							<String ID="string_223" HPOS="147" VPOS="1197" WIDTH="73" HEIGHT="22" WC="0.91" CONTENT="dertill"/><SP WIDTH="15" VPOS="1197" HPOS="220"/>
							<String ID="string_224" HPOS="235" VPOS="1198" WIDTH="79" HEIGHT="21" WC="0.92" CONTENT="lemnat"/><SP WIDTH="16" VPOS="1198" HPOS="314"/>
							<String ID="string_225" HPOS="330" VPOS="1198" WIDTH="38" HEIGHT="21" WC="0.93" CONTENT="sitt"/><SP WIDTH="16" VPOS="1198" HPOS="368"/>
							<String ID="string_226" HPOS="384" VPOS="1197" WIDTH="132" HEIGHT="28" WC="0.92" CONTENT="begifvande."/>
						</TextLine>
					</TextBlock>
				</ComposedBlock>
				<ComposedBlock ID="cblock_3" HPOS="147" VPOS="1262" WIDTH="755" HEIGHT="202">
					<TextBlock ID="block_6" HPOS="496" VPOS="1262" WIDTH="59" HEIGHT="26">
						<TextLine ID="line_30" HPOS="496" VPOS="1262" WIDTH="59" HEIGHT="26">
							<String ID="string_227" HPOS="496" VPOS="1262" WIDTH="22" HEIGHT="20" WC="0.88" CONTENT="11"/><SP WIDTH="19" VPOS="1262" HPOS="518"/>
							<String ID="string_228" HPOS="537" VPOS="1262" WIDTH="18" HEIGHT="26" WC="0.83" CONTENT="8."/>
						</TextLine>
					</TextBlock>
					<TextBlock ID="block_7" HPOS="147" VPOS="1299" WIDTH="755" HEIGHT="165">
						<TextLine ID="line_31" HPOS="216" VPOS="1299" WIDTH="683" HEIGHT="27">
							<String ID="string_229" HPOS="216" VPOS="1301" WIDTH="72" HEIGHT="21" WC="0.96" CONTENT="Firma"/><SP WIDTH="14" VPOS="1301" HPOS="288"/>
							<String ID="string_230" HPOS="302" VPOS="1302" WIDTH="36" HEIGHT="20" WC="0.93" CONTENT="mä"/><SP WIDTH="20" VPOS="1302" HPOS="338"/>
							<String ID="string_231" HPOS="358" VPOS="1301" WIDTH="46" HEIGHT="21" WC="0.92" CONTENT="icke"/><SP WIDTH="16" VPOS="1301" HPOS="404"/>
							<String ID="string_232" HPOS="420" VPOS="1300" WIDTH="116" HEIGHT="22" WC="0.92" CONTENT="öfverlätas"/><SP WIDTH="15" VPOS="1300" HPOS="536"/>
							<String ID="string_233" HPOS="551" VPOS="1301" WIDTH="7" HEIGHT="21" WC="0.96" CONTENT="i"/><SP WIDTH="17" VPOS="1301" HPOS="558"/>
							<String ID="string_234" HPOS="575" VPOS="1300" WIDTH="66" HEIGHT="22" WC="0.96" CONTENT="andra"/><SP WIDTH="16" VPOS="1300" HPOS="641"/>
							<String ID="string_235" HPOS="657" VPOS="1302" WIDTH="27" HEIGHT="19" WC="0.96" CONTENT="än"/><SP WIDTH="16" VPOS="1302" HPOS="684"/>
							<String ID="string_236" HPOS="700" VPOS="1300" WIDTH="26" HEIGHT="21" WC="0.95" CONTENT="de"/><SP WIDTH="15" VPOS="1300" HPOS="726"/>
							<String ID="string_237" HPOS="741" VPOS="1300" WIDTH="7" HEIGHT="20" WC="0.95" CONTENT="i"/><SP WIDTH="18" VPOS="1300" HPOS="748"/>
							<String ID="string_238" HPOS="766" VPOS="1300" WIDTH="25" HEIGHT="20" WC="0.93" CONTENT="10"/><SP WIDTH="15" VPOS="1300" HPOS="791"/>
							<String ID="string_239" HPOS="806" VPOS="1299" WIDTH="93" HEIGHT="27" WC="0.72" CONTENT="$iförut-"/>
						</TextLine>
						<TextLine ID="line_32" HPOS="147" VPOS="1333" WIDTH="753" HEIGHT="29">
							<String ID="string_240" HPOS="147" VPOS="1337" WIDTH="59" HEIGHT="20" WC="0.93" CONTENT="satta"/><SP WIDTH="14" VPOS="1337" HPOS="206"/>
							<String ID="string_241" HPOS="220" VPOS="1335" WIDTH="48" HEIGHT="26" WC="0.93" CONTENT="fall;"/><SP WIDTH="17" VPOS="1335" HPOS="268"/>
							<String ID="string_242" HPOS="285" VPOS="1335" WIDTH="82" HEIGHT="22" WC="0.93" CONTENT="enskild"/><SP WIDTH="16" VPOS="1335" HPOS="367"/>
							<String ID="string_243" HPOS="383" VPOS="1335" WIDTH="159" HEIGHT="27" WC="0.92" CONTENT="näringsidkare"/><SP WIDTH="16" VPOS="1335" HPOS="542"/>
							<String ID="string_244" HPOS="558" VPOS="1335" WIDTH="52" HEIGHT="21" WC="0.93" CONTENT="eller"/><SP WIDTH="10" VPOS="1335" HPOS="610"/>
							<String ID="string_245" HPOS="620" VPOS="1334" WIDTH="155" HEIGHT="26" WC="0.92" CONTENT="handelsbolag"/><SP WIDTH="10" VPOS="1334" HPOS="775"/>
							<String ID="string_246" HPOS="785" VPOS="1333" WIDTH="55" HEIGHT="22" WC="0.93" CONTENT="dock"/><SP WIDTH="12" VPOS="1333" HPOS="840"/>
							<String ID="string_247" HPOS="852" VPOS="1333" WIDTH="48" HEIGHT="21" WC="0.92" CONTENT="obe-"/>
						</TextLine>
						<TextLine ID="line_33" HPOS="148" VPOS="1367" WIDTH="754" HEIGHT="29">
							<String ID="string_248" HPOS="148" VPOS="1372" WIDTH="60" HEIGHT="24" WC="0.91" CONTENT="taget"/><SP WIDTH="15" VPOS="1372" HPOS="208"/>
							<String ID="string_249" HPOS="223" VPOS="1372" WIDTH="32" HEIGHT="19" WC="0.96" CONTENT="att"/><SP WIDTH="15" VPOS="1372" HPOS="255"/>
							<String ID="string_250" HPOS="270" VPOS="1369" WIDTH="35" HEIGHT="21" WC="0.93" CONTENT="vid"/><SP WIDTH="15" VPOS="1369" HPOS="305"/>
							<String ID="string_251" HPOS="320" VPOS="1370" WIDTH="104" HEIGHT="21" WC="0.93" CONTENT="rörelsens"/><SP WIDTH="16" VPOS="1370" HPOS="424"/>
							<String ID="string_252" HPOS="440" VPOS="1369" WIDTH="149" HEIGHT="22" WC="0.92" CONTENT="öfverlätande"/><SP WIDTH="14" VPOS="1369" HPOS="589"/>
							<String ID="string_253" HPOS="603" VPOS="1369" WIDTH="32" HEIGHT="21" WC="0.93" CONTENT="till"/><SP WIDTH="10" VPOS="1369" HPOS="635"/>
							<String ID="string_254" HPOS="645" VPOS="1368" WIDTH="82" HEIGHT="22" WC="0.92" CONTENT="enskild"/><SP WIDTH="12" VPOS="1368" HPOS="727"/>
							<String ID="string_255" HPOS="739" VPOS="1367" WIDTH="163" HEIGHT="27" WC="0.92" CONTENT="näringsidkare"/>
						</TextLine>
						<TextLine ID="line_34" HPOS="148" VPOS="1402" WIDTH="753" HEIGHT="28">
							<String ID="string_256" HPOS="148" VPOS="1404" WIDTH="53" HEIGHT="20" WC="0.93" CONTENT="eller"/><SP WIDTH="14" VPOS="1404" HPOS="201"/>
							<String ID="string_257" HPOS="215" VPOS="1404" WIDTH="151" HEIGHT="26" WC="0.93" CONTENT="handelsbolag"/><SP WIDTH="16" VPOS="1404" HPOS="366"/>
							<String ID="string_258" HPOS="382" VPOS="1403" WIDTH="106" HEIGHT="27" WC="0.92" CONTENT="medgifva"/><SP WIDTH="16" VPOS="1403" HPOS="488"/>
							<String ID="string_259" HPOS="504" VPOS="1404" WIDTH="40" HEIGHT="21" WC="0.93" CONTENT="den"/><SP WIDTH="15" VPOS="1404" HPOS="544"/>
							<String ID="string_260" HPOS="559" VPOS="1410" WIDTH="40" HEIGHT="19" WC="0.91" CONTENT="nye"/><SP WIDTH="14" VPOS="1410" HPOS="599"/>
							<String ID="string_261" HPOS="613" VPOS="1410" WIDTH="80" HEIGHT="20" WC="0.92" CONTENT="egaren"/><SP WIDTH="12" VPOS="1410" HPOS="693"/>
							<String ID="string_262" HPOS="705" VPOS="1405" WIDTH="32" HEIGHT="19" WC="0.93" CONTENT="att"/><SP WIDTH="10" VPOS="1405" HPOS="737"/>
							<String ID="string_263" HPOS="747" VPOS="1402" WIDTH="69" HEIGHT="27" WC="0.96" CONTENT="nyttja"/><SP WIDTH="9" VPOS="1402" HPOS="816"/>
							<String ID="string_264" HPOS="825" VPOS="1402" WIDTH="76" HEIGHT="21" WC="0.96" CONTENT="firman"/>
						</TextLine>
						<TextLine ID="line_35" HPOS="148" VPOS="1435" WIDTH="754" HEIGHT="29">
							<String ID="string_265" HPOS="148" VPOS="1438" WIDTH="49" HEIGHT="21" WC="0.96" CONTENT="med"/><SP WIDTH="23" VPOS="1438" HPOS="197"/>
							<String ID="string_266" HPOS="220" VPOS="1439" WIDTH="31" HEIGHT="20" WC="0.92" CONTENT="ett"/><SP WIDTH="21" VPOS="1439" HPOS="251"/>
							<String ID="string_267" HPOS="272" VPOS="1438" WIDTH="81" HEIGHT="26" WC="0.91" CONTENT="tillägg,"/><SP WIDTH="20" VPOS="1438" HPOS="353"/>
							<String ID="string_268" HPOS="373" VPOS="1444" WIDTH="45" HEIGHT="14" WC="0.93" CONTENT="som"/><SP WIDTH="16" VPOS="1444" HPOS="418"/>
							<String ID="string_269" HPOS="434" VPOS="1437" WIDTH="56" HEIGHT="22" WC="0.93" CONTENT="visar"/><SP WIDTH="14" VPOS="1437" HPOS="490"/>
							<String ID="string_270" HPOS="504" VPOS="1440" WIDTH="32" HEIGHT="18" WC="0.93" CONTENT="att"/><SP WIDTH="16" VPOS="1440" HPOS="536"/>
							<String ID="string_271" HPOS="552" VPOS="1437" WIDTH="135" HEIGHT="21" WC="0.92" CONTENT="öfverlätelse"/><SP WIDTH="14" VPOS="1437" HPOS="687"/>
							<String ID="string_272" HPOS="701" VPOS="1439" WIDTH="36" HEIGHT="25" WC="0.93" CONTENT="egt"/><SP WIDTH="16" VPOS="1439" HPOS="737"/>
							<String ID="string_273" HPOS="753" VPOS="1442" WIDTH="55" HEIGHT="19" WC="0.96" CONTENT="rum,"/><SP WIDTH="16" VPOS="1442" HPOS="808"/>
							<String ID="string_274" HPOS="824" VPOS="1438" WIDTH="56" HEIGHT="19" WC="0.96" CONTENT="samt"/><SP WIDTH="14" VPOS="1438" HPOS="880"/>
							<String ID="string_275" HPOS="894" VPOS="1435" WIDTH="8" HEIGHT="21" WC="0.96" CONTENT="i"/>
						</TextLine>
					</TextBlock>
				</ComposedBlock>
			</PrintSpace>
		</Page>
	</Layout>
</alto>
