1120 1786
352 143 34 48 I
394 143 156 41 B:/—uPröp.
565 157 42 22 N:d
621 157 33 22 21.
833 157 15 22 5

232 211 58 24 11984.
315 211 100 28 bestyski,
437 220 47 14 som
506 214 41 21 här
567 215 95 26 ofvan
653 207 17 39 i
685 215 15 20 2
716 215 15 27 8
756 214 117 28 föreskrif-

265 252 42 15 ves;
332 246 33 21 På
380 247 116 22 énahanda
509 250 45 19 sätt
567 249 57 20 skall
638 248 105 28 förfaras,
755 249 28 20 dä
793 251 80 18 anmä-

255 280 48 20 lan
320 280 50 20 sker
387 281 80 26 derom,
483 283 32 19 att
528 282 75 27 någon
619 282 73 28 blifvit
708 283 122 27 berättigad
844 284 32 19 att

178 314 73 19 0tdan
262 309 79 53 Veckna
354 314 63 28 förut
437 361 4 6 a
430 311 95 53 munötä
529 316 81 28 firma.

441 353 92 58 238.

194 428 12 21 I
222 428 45 22 den
282 428 76 22 finska
372 430 79 21 texten
466 430 65 22 torde
547 430 65 22 ordet
627 430 101 28 ,niiden*
740 432 55 20 böra
808 431 68 29 utby-

127 464 35 20 tas
177 464 49 28 mot
245 464 70 31 sen”,
330 464 40 22 och
386 463 66 29 ordet
466 465 51 27 ,ne"
533 467 48 19 mot
595 466 55 28 se".

252 525 108 13 vs
440 515 57 35 09
508 511 25 49 8.

194 579 159 28 Ridderskapet
372 580 39 21 och
427 581 71 20 Adeln
512 580 42 21 har
568 580 35 21 för
619 578 79 23 senare
713 582 126 20 momentet
854 581 25 21 af

126 614 27 21 29
168 615 13 25 8
197 613 104 28 godkänt
315 612 104 30 följande
434 614 99 29 lydelse:

195 648 48 27 »Då
257 648 101 28 prokura
373 649 106 30 anmäles,
496 649 58 21 skall
569 649 147 29 prokuristen
730 650 72 21 hafva
814 650 14 20 å
838 658 39 13 an-

127 682 216 29 mälningsskriften
359 681 157 31 egenhändigt
531 684 94 22 tecknat
638 684 82 21 firman
736 684 43 21 och
790 684 36 21 sin
836 692 41 13 un-

126 715 125 32 dörskrift;
256 717 55 22 och
332 717 42 22 bör
389 717 217 30 egeiihändigheten
622 718 25 22 af
659 718 67 22 dessa
741 718 135 22 antecknin-

125 750 43 30 gar
180 748 60 31 Vara
259 751 108 30 böstyrkt
385 753 31 29 på
429 751 47 23 sätt
490 754 42 21 här
547 753 69 22 ofvan
631 753 9 21 i
654 755 14 20 2
682 754 12 27 $
709 753 166 22 föreskrifvest.

170 785 2 3 *
199 786 44 22 Mon
250 784 159 24 Slldenstund
425 786 34 22 tre
470 787 69 22 stånd
553 787 105 29 godkänt
669 787 137 29 paragrafen
817 788 59 21 oför-

126 821 94 27 ändrad,
227 821 47 29 har
289 821 44 22 den
350 822 25 21 af
386 822 171 44 Bidderskapet
567 822 44 38 och
627 822 74 40 Adeln
716 822 109 22 beslutna
836 825 40 18 än-

126 839 98 46 dringen
238 852 105 47 förfallit.

196 972 46 21 För
256 972 71 29 öfrigt
341 972 43 22 har
401 972 185 29 Borgareståndet
600 972 179 25 &terremitterat
793 971 83 29 lagför-

124 1007 80 29 slaget.
214 1007 8 21 i
224 1006 75 29 syfte
315 1009 34 19 att
363 1007 134 29 till;2;kap.
513 1007 75 22 skulle
603 1007 65 29 fogas
680 1006 196 29 ett:tilläggstad-

123 1037 77 33 gande
216 1040 84 29 derom,
312 1044 34 19 att
361 1041 36 22 till
408 1042 175 29 inregistrering
593 1043 36 20 för
639 1049 86 14 samma
739 1042 65 21 firma
814 1041 63 29 finge

124 1076 103 21 anmälas
242 1075 59 22 både
320 1076 86 21 svensk
424 1076 43 22 och
485 1076 61 22 finsk
565 1076 147 29 benämning,
729 1079 34 18 att
778 1075 98 22 alterna-

123 1111 47 21 tivt
190 1111 122 28 begagnas,
332 1112 121 26 äfvensom
472 1113 35 19 att
525 1111 9 22 i
553 1113 12 20 3
585 1112 50 27 kap.
651 1111 72 21 måtte
738 1111 88 21 införas
842 1113 34 18 ett

125 1141 136 33 stadgande
269 1146 26 21 af
303 1145 103 28 ungefär
420 1143 103 31 följande
539 1145 98 28 lydelse:

193 1196 9 11 n
206 1179 45 22 Vid
273 1179 118 29 skriftliga
413 1179 152 29 handlingars
590 1179 204 22 undertecknande
817 1179 59 21 skall

123 1214 120 28 prokurist
252 1214 38 22 till
301 1214 81 22 firman
396 1214 54 28 foga
460 1216 34 20 ett
505 1214 90 28 tillägg,
607 1221 48 14 som
665 1214 118 21 utmärker
793 1213 83 29 proku-

124 1256 41 14 ran
184 1249 47 28 (per
239 1256 128 20 procuram,
380 1256 23 21 p.
416 1256 24 21 p.
451 1248 57 22 eller
523 1255 76 15 annan
611 1247 148 29 förkortning
775 1248 25 21 af
811 1246 66 22 dessa

124 1283 57 27 ord),
201 1283 44 21 och
261 1282 88 29 jemväl
368 1283 162 22 underskrifva
549 1283 41 21 sitt
605 1290 75 14 namn.
710 1282 12 21 I
741 1281 107 23 afseende
864 1282 13 21 å

125 1318 214 28 kollektivprokura
358 1318 60 21 skall
436 1318 117 28 iakttagas
570 1317 61 22 hvad
650 1316 119 29 angäende
789 1316 89 22 antalet

124 1352 169 22 underskrifter
304 1352 78 21 blifvit
392 1352 40 22 vid
442 1352 129 28 prokurans
582 1351 151 22 meddelande
742 1350 134 22 bestämdt*.

192 1386 34 21 Pä
248 1386 57 28 skäl,
324 1394 49 14 som
392 1387 8 21 i
418 1386 133 22 Utskottets
570 1385 146 23 betänkande
737 1385 78 21 blifvit
837 1392 40 14 an-

124 1420 72 27 förda,
212 1421 47 20 kan
274 1421 121 20 Utskottet
409 1421 51 20 icke
476 1421 118 26 tillstyrka
609 1420 68 20 bifall
688 1419 37 20 till
737 1419 40 20 det
787 1419 25 20 af
820 1419 57 20 Bor-

123 1453 150 28 gareständet
289 1453 107 21 beslutna
411 1453 106 28 tillägget
533 1453 37 21 till
585 1453 63 22 2:dra
661 1452 106 27 kapitlet.

195 1511 49 23 Lag-
256 1511 33 18 och
300 1511 183 19 Ekonomiutskottets
495 1511 112 18 betänkande
617 1510 37 18 N:o
666 1510 18 18 3.
