1120 1778
343 160 29 24 U.
388 161 28 23 B.
433 174 26 3 —
474 162 73 28 Prop.
563 162 41 22 N:o
620 162 36 22 18.
833 162 26 20 21

502 545 25 20 I.

208 613 122 28 Angående
353 614 37 20 det
412 614 110 27 årsanslag
542 613 25 21 af
587 619 76 22 30,000
683 613 66 26 mark,
765 620 47 14 som
827 613 62 22 Stän-

140 648 65 21 derna
220 649 36 20 vid
277 651 86 18 senaste
378 647 104 28 landtdag
496 648 103 21 anvisade
614 648 72 21 såsom
701 647 79 27 bidrag
794 647 35 22 till
841 651 49 24 upp-

134 681 97 28 förande
247 683 29 26 af
280 683 148 26 folkskolehus
443 682 60 21 heter
519 683 37 20 det
566 684 6 20 i
584 683 42 20 den
636 683 77 26 nådiga
725 683 164 27 propositionen

140 720 31 18 att
187 716 120 22 detsamma
323 716 61 29 ,rönt
399 724 26 13 en
441 716 135 28 efterfrågan,
593 723 47 14 som
655 716 50 21 vida
721 716 121 28 öfverstigit
853 717 37 20 det

140 750 123 22 beräknade
285 751 111 27 beloppet.
421 751 73 26 Sagda
516 751 74 27 anslag
604 750 33 22 för
651 751 51 21 åren
715 752 52 25 1892
781 751 42 21 och
837 752 52 25 1893

141 786 36 21 äro
200 786 108 21 allaredan
331 786 31 21 till
386 785 51 22 fullo
463 785 151 28 disponerade,
641 785 113 21 hvarutom
779 785 111 22 enahanda

141 820 232 27 byggnadsunderstöd
397 820 66 21 under
480 827 81 14 samma
576 820 32 21 tid
623 821 7 20 i
645 820 114 20 ömmande
775 819 35 21 fall
825 819 66 21 bevil-

138 855 42 26 jats
200 855 46 21 dels
269 862 23 14 ur
314 855 104 20 allmänna
441 854 125 22 statsmedel
581 855 22 20 åt
619 853 106 28 åtskilliga
744 854 125 21 kommuner
884 856 7 19 i

141 890 27 20 de
190 889 98 28 nordliga
309 889 41 21 och
372 889 82 28 glesast
476 889 115 21 befolkade
609 889 86 21 delarna
710 889 25 20 af
747 888 72 22 landet
834 892 56 18 samt

141 923 104 22 särskilda
267 924 61 21 utöar
348 924 42 21 och
412 923 239 28 skärgårdskommuner
671 925 6 19 i
697 923 64 21 södra
782 923 62 21 delen
866 923 25 21 af

141 958 78 25 landet,
243 958 45 21 dels
309 965 24 14 ur
353 958 147 21 räntemedlen
522 959 12 20 å
556 958 42 21 den
620 958 66 21 under
704 957 102 21 Finlands
821 957 70 22 Stats-

141 993 89 21 kontors
253 993 129 27 förvaltning
403 993 89 20 stående
512 993 45 20 Elis
580 992 76 21 Holms
677 992 166 27 nödhjelpsfond
868 993 23 20 åt

141 1027 104 21 särskilda
267 1027 25 21 af
309 1027 105 21 missväxt
430 1027 109 21 drabbade
554 1027 124 21 kommuner
694 1027 42 20 och
750 1026 139 25 skoldistrikt,

142 1061 111 21 äfvensom
275 1062 34 20 lån
333 1069 24 13 ur
381 1065 82 17 statens
488 1061 159 27 utlåningsfond
673 1061 32 20 för
729 1060 162 28 ifrågavarande

143 1095 98 21 ändamål
262 1096 132 20 fortfarande
415 1095 117 28 utgifvits*.
561 1095 45 21 Det
624 1102 64 20 synes
703 1096 45 26 mig
762 1102 47 13 som
824 1094 68 22 skulle

143 1129 68 21 denna
227 1130 126 27 utläggning
367 1132 7 19 i
390 1130 42 20 den
442 1130 78 26 nådiga
531 1131 164 26 propositionen
705 1128 98 28 tydligen
811 1129 80 27 ådaga-

143 1164 70 27 lägga,
237 1168 32 17 att
283 1164 93 21 nämnda
391 1164 44 21 sätt
450 1164 32 20 för
497 1163 192 27 understödjandet
704 1163 25 21 af
741 1163 76 27 fattiga
831 1162 61 21 kom-

143 1205 73 14 muner
230 1200 7 18 i
253 1199 62 20 deras
330 1198 99 21 vaknade
444 1198 95 21 sträfvan
554 1201 32 19 att
602 1197 78 22 erhålla
696 1197 118 21 folkskolor
829 1197 64 27 utgör

144 1236 31 17 ett
195 1232 137 27 synnerligen
354 1232 88 28 kraftigt
464 1232 70 21 medel
555 1232 33 21 för
608 1232 178 26 folkbildningens
801 1231 92 21 befräm-

141 1266 65 26 jande
228 1266 94 22 särdeles
344 1268 7 19 i
374 1266 131 25 efterblefna,
532 1266 71 21 medel
627 1265 110 21 saknande
761 1266 131 20 kommuner.

145 1300 72 21 Också
232 1300 38 21 har
285 1300 220 27 skolöfverstyrelsen,
517 1300 32 22 till
564 1300 50 21 fullo
630 1299 122 21 beaktande
765 1299 128 26 betydelsen

144 1334 24 21 af
186 1338 31 17 ett
239 1334 77 22 sådant
338 1334 180 26 understödjande
538 1334 26 21 af
582 1334 180 26 folkbildningens
786 1333 39 21 sak
852 1333 42 20 och

144 1368 155 27 befrämjandet
314 1369 25 21 af
350 1368 129 22 folkskolors
501 1368 125 28 uppkomst,
649 1367 110 27 föreslagit
770 1370 32 18 att
817 1367 76 27 ifråga-

144 1403 94 19 varande
253 1402 75 26 anslag
342 1403 68 19 måtte
425 1402 61 25 höjas
502 1402 30 20 till
548 1407 76 19 50,000
639 1402 36 19 mk
690 1401 32 19 för
737 1401 73 25 hvarje
825 1402 28 19 år.

213 1436 9 20 I
237 1435 142 21 betraktande
394 1434 64 21 häraf
470 1435 41 19 och
526 1434 28 21 då
564 1441 27 13 en
603 1434 80 26 mängd
693 1434 125 20 kommuner
828 1433 67 21 under

145 1473 86 17 senaste
252 1470 23 20 år
290 1470 6 20 i
312 1469 52 21 brist
386 1469 30 27 på
437 1468 71 21 medel
522 1468 83 21 erhållit
620 1468 101 26 antingen
736 1467 68 27 afslag
819 1468 28 26 på
863 1468 32 19 sin

215 1510 130 16 Statsutskottets
357 1508 102 17 betänkande
471 1509 34 16 N:o
518 1508 16 16 6.
