1103 1784
245 234 13 20 2
439 232 30 22 U.
484 232 28 22 B.
526 245 28 3 —
568 232 74 27 Prop.
658 231 42 22 N:o
716 231 38 22 23.

217 304 118 29 gällande
362 303 118 29 grunder,
510 303 80 22 skulle
608 303 125 28 inbringa.
770 301 102 23 Jemlikt
890 301 79 22 landt-

218 337 220 30 dagsordningens
457 337 33 22 72
510 337 14 28 &
544 337 46 21 bör
609 336 82 22 denna
710 336 74 29 fråga
802 336 167 22 öfverlemnas

217 372 37 22 till
281 372 121 22 förstärkt
431 371 176 22 Statsutskotts
628 370 150 29 afgörande;
806 370 46 22 och
871 370 38 22 fär
928 369 42 23 Ut-

217 407 94 22 skottet
328 406 68 28 förty
414 406 129 21 vördsamt
560 405 103 22 föreslä:

493 492 37 21 att
557 490 114 23 Ständen
689 490 61 22 ville
769 489 39 23 för
828 489 143 30 afgörande

424 524 33 23 af
478 525 109 22 berörda
606 524 75 29 fräga
699 531 91 22 genom
808 524 162 22 omedelbara

423 559 44 22 val
493 559 70 22 inom
590 559 39 28 sig
648 560 53 21 utse
719 558 68 23 elfva
804 558 167 23 medlemmar

426 593 39 22 för
484 595 36 20 att
534 593 78 29 jemte
631 593 30 22 de
679 593 33 22 af
717 593 90 28 hvarje
816 592 77 23 stånd
903 593 68 22 förut

425 627 75 22 valde
519 627 59 29 fyra
597 627 139 22 ledamöter
754 627 10 22 i
786 627 185 22 Statsutskottet

425 661 73 23 bilda
517 662 122 22 förstärkt
657 661 173 27 Statsutskott;

218 747 47 22 och
283 747 40 22 får
341 746 127 23 Utskottet
492 747 91 23 derhos
604 746 98 23 anhålla
722 748 36 21 att
778 746 112 23 Stånden
909 754 62 16 sam-

218 782 74 28 tidigt
318 782 59 21 ville
395 782 55 21 utse
468 782 37 21 tre
524 782 162 28 suppleanter
703 782 40 22 för
762 783 43 25 att,
829 782 4 21 i
850 781 121 23 händelse

219 816 26 22 af
271 816 83 22 förfall
381 816 39 22 för
446 816 84 29 någon
554 816 116 26 ledamot,
690 816 100 22 inträda
808 816 8 22 i
834 816 137 23 förstärkta

220 850 197 23 Statsutskottet.

289 884 70 23 Enär
376 884 42 23 det
437 885 120 29 derjemte
576 884 149 23 tillkommer
744 884 126 23 Utskottet
889 886 35 22 att
936 885 35 22 fö-

219 919 66 22 reslå
313 919 325 29 omröstningsproposition
657 919 38 22 för
714 919 42 22 det
773 919 136 22 förstärkta
929 919 41 23 Ut-

220 954 101 27 skottet,
348 953 40 23 får
415 953 127 23 Utskottet
567 953 93 23 härhos
680 953 35 22 till
736 953 155 23 Ständernas
911 954 59 29 god-

220 988 136 22 kännande
383 988 148 29 framlägga
556 987 116 29 följande
690 988 101 29 förslag
809 988 41 22 till
868 990 103 21 omröst-

219 1023 246 28 ningsproposition:

288 1091 63 27 Den,
371 1098 53 15 som
442 1091 57 22 med
518 1091 187 29 godkännande
724 1091 25 22 af
768 1091 204 22 Statsutskottets

219 1125 96 29 förslag
333 1126 8 21 i
359 1125 171 23 betänkandet
548 1125 48 22 N:o
616 1125 31 22 12
667 1125 45 22 sid.
733 1126 33 21 24
786 1125 131 29 angående
930 1126 42 22 det

219 1159 102 29 belopp,
349 1166 54 16 som
421 1159 64 22 skall
503 1166 91 22 genom
612 1159 299 29 bevillningsförhöjning
931 1166 41 16 an-

221 1194 106 26 skaffas,
346 1194 151 22 bestämmer
516 1193 67 23 detta
602 1193 92 28 belopp
713 1193 36 22 till
768 1193 114 27 400,000
900 1194 72 22 mark

220 1234 41 15 om
281 1228 60 26 året,
360 1228 82 22 röstar
456 1228 48 28 ja;

289 1296 64 26 Den,
389 1302 52 16 som
474 1296 44 22 vill
547 1296 139 22 bestämma
717 1295 68 23 detta
814 1296 93 29 belopp
937 1296 35 22 till

220 1330 116 25 250,000
353 1330 72 21 mark
443 1336 41 15 om
503 1330 53 21 året
574 1331 82 20 röstar
675 1330 49 26 nej.

290 1390 94 24 Utfalla
411 1390 44 23 vid
480 1391 150 29 voteringen
657 1391 75 22 minst
759 1391 43 22 två
821 1392 152 29 tredjedelar

221 1425 27 23 af
277 1426 31 22 de
337 1426 96 29 afgifna
459 1426 115 22 rösterna
600 1426 58 22 med
676 1426 33 29 ja,
732 1426 78 22 hafva
831 1426 142 24 Ständerna

224 1460 114 29 godkänt
364 1460 119 29 beloppet
510 1460 114 27 400,000
651 1460 71 23 mark
742 1461 104 29 årligen.
883 1461 12 23 I
913 1464 60 20 mot-

220 1496 52 21 satt
289 1494 44 23 fall
351 1495 77 22 hafva
448 1494 142 24 Ständerna
609 1496 101 22 stannat
728 1495 44 23 vid
790 1496 36 22 ett
842 1496 93 30 belopp
949 1496 25 23 af

220 1529 115 27 250,000
353 1529 72 23 mark
443 1536 39 16 om
502 1530 59 22 året.

289 1571 140 18 Statsutskottets
441 1571 111 18 betänkande
564 1572 38 18 N:o
614 1573 28 18 12.
