1123 1753
248 141 12 19 8
546 141 43 22 N:o
606 142 37 22 18.

218 207 121 27 hjelpsfond
355 207 23 21 ät
393 207 105 21 särskilda
514 207 23 21 af
550 208 101 20 missväxt
667 206 110 21 drabbade
791 207 126 20 kommuner
932 206 39 21 och

218 241 141 26 skoldistrikt,
376 241 107 22 äfvensom
500 241 36 22 län
552 247 26 16 ur
588 243 82 20 statens
681 240 158 27 utläningsfond
851 239 33 22 för
894 239 78 27 ifräga-

218 276 94 21 varande
324 275 100 22 ändamål
437 275 132 22 fortfarande
578 275 103 28 utgifvits.
697 274 41 21 Vid
753 274 77 22 sådant
837 274 134 22 förhållande

219 311 39 21 och
274 311 27 20 dä
312 310 25 21 de
349 309 53 26 skäl,
412 309 28 28 på
450 310 69 27 grund
530 309 23 22 af
561 309 74 22 hvilka
643 309 118 21 Ständerna
771 309 88 27 beviljat
868 309 59 21 detta
936 315 40 15 an--

218 345 46 27 slag
280 345 132 21 fortfarande
429 351 39 20 ega
483 344 40 22 full
538 344 105 27 giltighet,
654 345 104 25 upptages
769 344 118 20 detsamma
897 343 33 21 för
940 343 34 21 in-

218 379 121 21 stundande
354 378 203 28 bevillningsperiod
567 378 34 22 till
613 378 139 22 oförändradt
762 377 23 21 af
792 378 119 21 Ständerna
920 377 52 22 fast-

218 414 68 21 stäldt
301 413 77 27 belopp
394 413 22 21 af
428 414 78 25 30,000
516 413 62 21 mark
589 419 34 15 om
634 412 46 22 året
691 413 52 21 eller
754 412 77 22 inalles
842 413 78 25 90,000
929 413 43 21 mk.

288 448 46 21 Den
349 448 23 21 af
386 448 120 22 Ständerna
520 448 35 21 till
569 447 125 21 inrättande
709 447 29 27 af
750 446 98 22 bibliotek
858 447 42 27 för
910 447 63 27 folk-

218 482 120 21 skollärare
360 482 39 21 och
422 482 127 21 lärarinnor
572 482 107 27 anslagna
702 488 83 14 summa
807 482 39 20 har
861 482 63 20 stälts
940 482 33 20 till

220 512 181 31 Öfverstyrelsens
417 516 34 21 för
467 516 150 22 skolväsendet
633 516 132 26 förfogande,
777 516 22 21 åt
809 515 85 22 hvilken
905 515 69 23 öfver-

220 551 93 21 lemnats
323 552 33 20 att
367 551 95 21 anordna
473 551 62 22 dessa
545 550 110 22 bibliotek.
671 550 73 21 Ehuru
753 550 58 21 detta
822 550 75 27 anslag
906 550 34 21 för
950 550 24 21 år

221 586 61 25 1892,
298 586 28 26 på
341 586 44 20 sätt
401 585 63 21 ofvan
480 585 91 27 antydts,
587 586 67 20 under
669 585 65 26 sagda
745 586 24 20 år
780 587 56 19 ännu
847 584 19 27 ej
877 584 96 27 dispone-

218 620 53 27 rats,
287 620 25 21 så
327 619 38 22 och
382 620 88 21 emedan
486 620 97 27 anslaget
599 619 58 22 såväl
673 618 33 23 för
721 619 122 22 ännämnda
857 618 24 22 år
892 625 46 16 som
950 618 24 23 år

221 655 54 20 1893
290 660 89 15 numera
395 654 133 27 disponerats
544 657 55 19 samt
613 653 64 28 syftet
687 654 48 21 med
747 655 97 26 anslaget
854 655 24 20 är
886 660 88 20 synner-

219 688 57 28 ligen
288 689 194 26 behjertansvärdt,
496 695 47 15 men
554 689 128 25 erfarenhet,
695 695 44 14 som
753 688 69 21 kunde
833 687 58 27 gifva
902 688 72 21 anled-

219 723 52 27 ning
286 722 33 22 till
335 722 91 27 ändring
436 722 23 22 af
468 722 47 22 dess
527 723 82 27 belopp,
621 725 56 19 ännu
688 722 83 26 saknas,
782 722 62 22 torde
855 722 121 22 detsamma

218 757 34 21 för
265 756 143 22 instundande
423 757 166 27 budgetsperiod
605 757 52 21 böra
673 760 104 24 upptagas
791 756 33 22 till
835 757 139 21 oförändradt

219 791 77 27 belopp
319 791 25 21 af
365 792 75 25 17,000
461 792 60 20 mark
540 798 34 15 om
593 794 47 20 året
655 791 52 22 eller
721 792 77 21 inalles
813 792 78 25 51,000
906 791 67 21 mark.

289 825 69 21 Jemte
382 826 36 20 det
434 826 120 21 Ständerna
569 826 32 21 uti
617 826 62 22 deras
695 832 49 15 svar
760 826 13 22 å
787 825 77 27 nådiga
878 826 96 26 proposi-

220 860 72 21 tionen
309 860 6 20 i
332 862 75 19 ämnet
426 860 34 21 vid
476 862 86 19 senaste
578 860 103 27 landtdag
697 860 86 27 beviljat
797 860 126 21 förberörda
938 866 36 14 an-

220 894 53 26 slag,
296 894 63 21 hafva
383 894 119 21 Ständerna
524 894 30 21 uti
578 894 131 27 underdänig
727 894 91 28 petition
834 894 39 22 den
888 895 27 21 28
930 894 44 27 Maj

221 929 52 21 1891
295 928 96 27 anhållit,
415 928 63 21 bland
494 930 73 26 annat,
584 935 34 15 om
633 928 128 28 vidtagande
776 929 23 21 af
813 928 99 27 åtgärder
928 928 46 22 der-

219 963 48 25 hän,
284 965 32 19 att
324 963 26 21 de
356 963 235 27 fortsättningskurser
600 964 35 20 till
642 963 137 28 folkskolan,
789 964 88 20 hvarom
888 964 86 26 stadgas

219 998 7 20 i
241 998 11 27 &
270 998 38 21 125
325 998 23 20 af
368 997 259 27 folkskoleförordningen
651 998 40 21 den
716 1000 23 19 11
756 998 45 27 Maj
819 1000 60 24 1866,
902 998 74 21 kunde

219 1032 7 20 i
236 1031 164 22 vidsträcktaste
417 1038 48 14 mon
478 1032 107 21 anordnas
596 1032 40 21 och
647 1032 36 21 det
693 1032 48 21 med
752 1033 47 20 dem
811 1032 89 21 afsedda
911 1032 63 27 syftet

219 1065 28 28 pä
262 1068 31 19 ett
315 1066 199 22 tillfredsställande
537 1069 42 19 sätt
601 1067 82 26 vinnas,
706 1069 55 19 samt
783 1068 33 20 att
831 1068 142 26 uppkomsten

219 1099 24 22 af
256 1100 110 21 särskilda
389 1100 75 21 kurser
487 1101 48 21 med
559 1101 55 27 syfte
630 1103 33 19 att
677 1102 80 21 bereda
771 1102 122 27 ungdomen
909 1101 65 21 bland

220 1135 216 27 landtdefolkningen
458 1135 86 22 tillfälle
567 1137 31 20 att
622 1135 83 22 utöfver
726 1135 132 22 folkskolans
876 1136 52 21 kurs
943 1136 32 20 in-

219 1169 74 22 hemta
307 1169 113 27 gagneliga
435 1169 129 28 kunskaper,
589 1169 151 22 företrädesvis
756 1170 87 21 afsedda
862 1170 34 21 för
911 1170 65 27 prak-

218 1204 44 21 tisk
277 1203 153 28 tillämplighet
451 1204 147 26 befordrades,
621 1204 34 22 för
677 1205 173 21 understödande
866 1204 23 22 af
902 1205 75 21 hvilka

219 1238 210 27 bildningsanstalter
452 1239 120 21 Ständerna
595 1239 84 22 anvisat
701 1246 25 15 en
750 1245 83 16 summa
855 1239 24 21 af
896 1240 80 26 45,000

219 1273 62 21 mark
298 1275 32 20 att
346 1273 67 22 under
429 1273 50 22 åren
498 1274 60 25 1892,
577 1274 52 21 1893
646 1273 39 22 och
703 1275 54 20 1894
771 1273 52 26 utgå
837 1273 49 21 med
898 1275 76 24 15,000

219 1307 61 20 mark
303 1306 89 27 årligen.
422 1307 28 20 Af
472 1307 58 21 detta
552 1308 75 25 anslag
649 1307 40 21 har
711 1307 107 22 härintills
841 1307 133 26 disponerats

219 1340 45 21 dels
278 1341 64 26 2,000
357 1340 61 21 mark
434 1340 32 22 till
483 1341 36 21 det
534 1340 69 23 första
619 1341 131 22 inrättandet
761 1341 23 21 af
792 1341 37 21 två
839 1341 137 21 husmoders-

218 1375 79 27 skolor,
321 1375 45 21 dels
388 1375 64 27 5,000
472 1375 60 22 mark
548 1381 34 17 om
598 1376 47 21 året
661 1378 32 20 att
708 1375 51 28 utgå
773 1376 8 21 i
796 1377 33 21 tre
845 1375 35 22 års
895 1376 31 21 tid
941 1375 35 23 för

218 1409 95 22 nämnda
336 1410 82 22 skolors
442 1410 39 22 och
498 1417 25 15 en
539 1410 70 28 tredje
625 1410 112 23 enahanda
752 1411 71 22 skolas
838 1411 136 27 upprätthål-
