1120 1781
36 249 61 36 ed

92 422 3 3 <
119 404 114 29 mötboken:
253 405 54 20 eller
328 411 78 14 annan
427 406 46 20 rätt
495 407 32 19 att
550 404 61 28 öfver
628 392 128 44 densamma
770 402 95 29 förfoga.

93 479 3 11 +
119 470 120 32 förestälda:
253 473 155 28 utredningen,
423 474 38 32 må
475 474 169 28 uppsägningen
657 473 61 28 gälla
725 473 39 21 och
771 472 94 22 utbetal-

100 1033 2 3 *
125 1027 68 28 bank,
208 1028 38 21 mä
261 1027 26 21 af
300 1027 82 28 henne,
399 1021 68 28 äfven
481 1029 58 19 utan
554 1033 112 15 mannens
681 1024 125 33 sämtycke,
814 1031 57 22 upp-

88 704 8 23 ;
121 716 97 29 rättigad
236 718 32 19 att
282 717 86 20 medlen
382 719 101 26 uppsäga
498 717 52 22 eller
566 717 57 28 lyfta
638 716 76 21 endast
729 722 36 15 om
779 715 52 27 han,
837 714 32 29 pä

339 140 21 24 U.K
425 146 20 11 —
450 131 195 44 Prop.
560 119 38 60 N:o
610 119 55 60 16.
695 135 5 36 >
739 136 21 16 0
809 140 26 22 31

392 177 37 16 OM
649 187 2 2 |
837 175 3 4 ]

101 217 72 15 ox
187 197 57 31 Peri,
258 200 55 29 söm
328 198 41 21 vill
380 195 109 34 tppsäga
511 188 54 48 eller
577 198 60 29 lyfta
650 198 10 23 i
673 192 111 34 sparbank
798 198 65 30 inne-

105 244 4 4 +
113 231 103 33 stående"
222 228 74 34 medel,
311 233 57 28 skall
383 228 156 34 i'sparbanken
547 233 96 28 uppvisa
650 233 86 22 motbok
743 233 45 26 och,
796 233 69 20 derest

107 266 61 25 "hani
174 258 91 41 icke-är
280 258 145 41 personligen.
433 266 65 28 känd,
513 267 108 28 antingen.
634 273 78 21 genom
726 266 139 21 meddelande

106 300 41 28 "af
157 300 86 28 sådana
257 301 119 27 uppgifter,
392 301 47 21 soi
453 301 10 20 i
479 302 28 20 21
521 302 15 27 $
551 300 149 29 omförmilas,
716 300 52 21 eller
782 300 39 21 ock
833 300 31 27 pä

118 336 72 20 annat
205 334 140 29 tillförlitligt
359 337 45 19 sätt
418 335 76 28 styrka
509 335 38 30 sin
561 330 128 33 behörighet.
720 329 46 26 Äro
780 334 86 21 medlen

118 369 46 22 icke
183 369 13 23 i.
217 369 61 28 hans
291 376 71 15 namn
376 369 91 28 insatta,
483 370 38 21 bör
535 370 45 21 han
595 369 49 22 visa
658 369 50 28 laga
722 368 95 22 åtkomst
832 368 35 21 till

119 437 154 29 Förekommer,
298 439 20 28 e
338 439 122 28 anledning
478 441 32 20 att
527 439 92 28 betvifla
640 439 131 27 riktigheten
786 438 29 27 af
826 438 42 21 den

119 509 83 28 ningen
217 509 135 27 verkställas.
440 524 5 4 N
736 516 2 3 ;

193 543 45 21 Vill
258 543 108 22 insätiare
390 543 46 22 låta
457 543 114 22 motboken
595 543 60 28 gälla
669 543 9 20 i
692 541 174 28 innehafvarens

120 578 66 27 hand,
201 578 57 20 skall
273 578 45 21 han
333 577 59 28 förse
402 577 113 28 motboken
528 578 47 21 med
585 585 27 14 en
620 577 9 21 i
635 577 121 27 stadgarna
763 577 106 20 närmare

121 612 96 21 bestämd
231 612 133 28 anteckning
379 613 74 20 derom
468 614 58 20 samt
542 612 45 21 låta
602 611 160 28 anteckningen
770 610 29 28 af
801 616 66 23 spar-

121 647 85 21 banken
235 647 117 27 bekräftas.
384 646 86 23 Finnes
499 648 73 21 denna
593 646 133 27 anteckning
747 645 130 22 sedermera'

121 681 141 28 öfverkorsad
276 682 51 21 eller
342 681 115 28 utplånäd,
474 689 50 14 vare
539 682 124 21 motbokens
678 680 146 28 innehafvare
832 679 35 22 be-

121 744 43 33 sätt
179 751 12 27 i
202 751 74 21 denna
290 751 133 28 förordning
436 753 68 26 säges,
515 751 86 28 styrker
612 751 38 21 sin
658 745 122 32 behörighet
788 744 79 27 dertill.

189 785 37 21 Då
247 785 131 28 insättning
400 785 56 22 eller
477 785 126 28 uttagning
621 778 143 33 verkställös,
780 783 87 22 införes

122 819 109 29 beloppet
245 819 9 22 i
268 819 131 28 motboken,
415 820 119 27 hvarjemte
545 820 36 21 två
589 819 29 29 af
621 812 149 34 sparbankens
779 818 88 28 tjenste-

122 857 54 19 män
200 855 52 20 eller
266 852 209 30 styrelseledamöter
488 855 75 20 derom
576 857 55 25 göra
644 853 132 28 anteckning
791 853 56 20 hvar
861 851 10 22 i

123 889 39 21 sitt
176 889 111 26 exemplar
302 889 29 28 af
342 889 96 21 bankens
453 883 110 27 kassabok.

429 935 97 38 238.

192 993 82 27 Medel,
290 999 48 15 som
354 992 36 22 för
407 981 49 44 gift
466 992 99 27 gvinnas
580 991 100 28 räkning
690 990 92 21 innestä
793 989 5 22 i
809 995 62 23 spar-

125 1058 67 33 sägas
207 1062 44 22 och
265 1062 78 29 lyftas.
373 1062 124 30 Likaledes
512 1069 55 13 vare
583 1059 116 30 omyndig,
714 1066 48 14 som
772 1059 101 29 uppnått

125 1097 87 21 femton
228 1098 31 26 år,
275 1096 133 28 berättigad
423 1098 34 19 att
468 1100 58 17 utan
542 1094 99 23 särskild
652 1094 109 21 tillåtelse
770 1094 26 21 af
805 1093 68 21 måls-

125 1139 53 14 man
200 1134 100 26 uppsäga
323 1132 38 21 och
381 1131 57 28 lyfta
454 1130 80 27 medel,
551 1130 52 21 dem
618 1129 46 21 han
680 1128 56 29 sjelf
750 1128 12 21 &
777 1124 124 25 motbok”

126 1166 79 22 insatt.

194 1200 12 22 I
222 1200 28 21 de
265 1200 49 27 fall,
330 1200 94 21 hvarom
440 1200 11 20 i
462 1199 78 21 -denna
555 1200 13 26 $
584 1198 114 27 förmäles,
714 1198 36 20 mä
765 1196 74 22 medel
852 1196 20 28 ej

127 1235 51 22 frän
200 1234 117 30 sparbank
335 1234 116 22 utbetalas
463 1236 60 19 utan
538 1234 110 20 hustruns
664 1232 56 21 eller
734 1231 45 22 den
795 1238 79 21 omyn-

127 1270 65 28 diges
216 1269 124 29 samtycke,
364 1268 96 31 såframt
482 1268 20 28 ej
519 1267 124 22 motboken
658 1266 74 30 gäller
747 1265 9 21 i
770 1264 105 22 innehaf-

127 1312 83 14 varens
226 1304 68 22 hand.

464 1358 67 30 248.

123 1413 44 23 to
197 1407 96 30 Motbok
316 1399 42 28 bör
379 1407 13 19 &
414 1406 44 26 tid,
479 1405 124 27 stadgarna
628 1404 102 26 angifva,
746 1404 57 20 emot
818 1403 58 20 bevis

121 1436 121 27 ”Inlemnas
250 1431 8 41 *
272 1440 37 21 till
338 1439 146 29 sparbanken
509 1439 38 20 för
569 1439 34 20 att
624 1436 109 29 jemföras
758 1435 55 22 med
825 1435 51 21 dess

198 1491 52 23 Lag-
263 1490 31 18 och
311 1481 182 37 Ekonomiutskotteta.
501 1481 110 37 betänkande
624 1486 36 18 N:o
674 1485 20 19 8.
761 1496 6 4 -
