1120 1767
273 144 25 20 12
567 144 44 23 N:o
628 145 37 21 18.

310 210 59 22 Hans
384 210 118 27 Kejserliga
517 210 101 26 Majestät
634 210 35 21 vill
685 210 130 20 härmedelst
830 209 33 21 till
873 208 118 22 Ständerna

242 244 130 21 öfverlemna
387 246 32 19 att
434 244 84 21 besluta
540 243 108 28 angående
671 243 59 22 detta
746 242 168 28 anslagsbelopp,
931 244 60 24 utgö-

241 278 67 21 rande
330 278 113 26 4,968,300
466 278 60 21 mark
548 277 33 22 för
599 276 226 28 bevillningsperioden
842 276 149 26 1895—1897;

242 312 38 22 och
303 312 95 22 kommer
414 312 6 22 i
436 318 69 16 annan
529 312 130 27 proposition
682 311 79 28 förslag
784 313 32 19 att
835 311 108 21 meddelas
958 312 33 20 rö-

241 346 66 22 rande
329 348 66 20 sättet
410 347 33 21 för
457 346 138 22 anskaffande
611 346 22 22 af
646 346 69 22 medel
731 346 33 22 till
780 345 163 28 ifrågavarande
959 348 33 18 ut-

241 381 50 27 gifts
307 381 138 21 betäckande.

309 483 49 21 Med
374 484 113 26 anledning
503 484 23 20 af
539 487 72 18 senast
626 484 128 21 församlade
769 483 103 23 Ständers
888 482 31 22 uti
930 482 63 22 deras

241 524 49 16 svar
306 518 12 21 å
332 518 160 27 propositionen
508 519 6 19 i
531 520 71 20 ämnet
617 518 40 22 och
672 518 6 21 i
694 518 155 26 sammanhang
859 517 48 21 med
918 516 74 28 frågan

243 558 33 16 om
292 553 74 26 anslag
381 552 34 22 till
437 552 302 28 folkskollärarepersonalens
762 552 151 28 pensionering
927 551 64 21 fram-

241 588 71 21 stälda
334 587 101 21 anhållan
458 590 31 19 att
512 588 65 27 nödig
592 587 113 27 utredning
720 587 66 21 måtte
800 586 137 22 införskaffas
954 586 38 21 och

242 622 119 21 Ständerna
383 622 120 27 föreläggas
526 622 79 26 derom,
628 621 105 22 huruvida
755 622 47 21 icke
825 621 46 21 skäl
894 627 51 15 vore
959 620 34 22 för

240 656 84 22 handen
338 658 33 20 att
385 657 8 20 i
407 657 69 26 någon
495 662 50 16 mon
561 656 95 22 förkorta
672 657 40 21 den
728 657 6 21 i
750 656 77 27 nådiga
842 655 150 27 förordningen

241 691 40 21 den
297 692 13 20 5
325 690 90 27 Augusti
432 691 53 21 1886
502 690 127 22 föreskrifna
643 691 136 27 tjenstetiden
795 690 33 22 för
843 690 150 22 folkskollära-

240 726 72 20 rinnor
326 725 7 21 i
349 725 39 21 och
411 724 33 22 för
467 725 124 21 erhållande
613 725 24 22 af
649 726 96 27 pension,
768 726 39 20 har
823 721 169 30 Öfverstyrelsen

240 759 34 22 för
289 760 150 22 skolväsendet
455 760 31 21 uti
501 760 122 22 infordradt
645 760 109 22 utlåtande
778 760 88 25 anmält,
882 762 33 19 att
929 759 63 21 säker

240 793 112 27 utredning
367 794 79 21 saknas
462 794 78 27 derom,
557 796 32 19 att
599 794 135 22 lärarinnans
744 794 169 27 arbetsförmåga
924 794 68 21 skulle

240 828 91 26 tidigare
347 829 115 20 uttömmas
478 830 26 19 än
521 828 102 27 lärarens,
640 828 39 22 och
689 830 32 19 att
731 828 102 22 särskildt
843 828 148 22 erfarenheten

242 868 34 15 om
292 862 95 26 sjukdom
404 862 38 22 och
454 862 109 28 dödlighet
573 862 66 22 bland
650 862 290 27 folkskollärarepersonalen
950 862 42 21 hit-

239 896 43 22 tills
298 897 18 26 ej
332 896 62 27 gifvit
408 896 66 27 något
489 896 107 22 bestämdt
615 897 47 21 stöd
679 897 33 21 för
726 899 31 19 ett
772 896 77 22 sådant
864 896 127 27 antagande.

240 930 78 22 Tillika
339 931 39 21 har
400 926 168 31 Öfverstyrelsen
590 931 84 21 insändt
697 938 25 14 en
746 932 23 20 af
790 931 48 21 dess
856 930 135 27 ordförande,

240 964 120 22 Statsrådet
374 964 24 22 L.
413 965 24 21 L.
453 965 99 21 Lindelöf
574 965 112 21 utarbetad
701 965 158 27 approximativ
874 964 118 26 beräkning

239 998 23 21 af
282 999 120 21 kostnaden
424 999 33 21 för
479 998 251 23 folkskollärarinnornas
752 998 151 28 pensionering
925 999 67 26 enligt

239 1039 28 15 nu
284 1033 97 27 gällande
396 1033 93 27 grunder
505 1034 108 21 äfvensom
629 1034 22 20 af
666 1034 39 20 den
720 1033 114 27 tillökning
849 1034 69 20 denna
933 1033 59 21 kost-

239 1067 42 21 nad
303 1067 67 21 skulle
386 1067 82 21 erhålla
483 1067 6 22 i
506 1068 101 21 händelse
630 1068 136 27 tjenstetiden
782 1067 33 22 för
831 1067 124 22 erhållande
970 1067 24 21 af

239 1102 40 21 full
294 1102 87 27 pension
396 1102 110 22 nedsattes
521 1102 48 22 från
586 1104 27 20 30
628 1102 32 22 till
676 1103 26 21 25
718 1104 25 20 år
758 1102 51 22 eller
824 1102 67 27 något
906 1102 23 22 år
944 1102 47 22 der-

239 1136 97 22 emellan.
366 1136 76 22 Denna
458 1136 117 28 beräkning
589 1143 38 21 ger
642 1137 36 21 vid
693 1136 90 27 handen,
799 1139 33 19 att
846 1137 146 27 pensionerin-

240 1176 41 22 gen
297 1170 23 22 af
333 1171 99 26 samtliga
448 1170 76 22 hösten
545 1172 52 21 1892
611 1171 97 21 anstälda
720 1172 41 20 790
772 1171 219 26 folkskollärarinnor,

240 1204 68 28 enligt
330 1211 28 15 nu
380 1205 99 27 gällande
502 1205 132 27 stadganden
657 1206 40 20 och
719 1206 76 26 vilkor,
813 1205 34 21 för
861 1205 130 22 statsverket

239 1240 82 21 medför
331 1246 26 15 en
367 1239 70 27 utgift,
448 1239 33 22 för
489 1240 62 21 hvars
564 1240 136 22 bestridande
712 1243 31 19 ett
753 1240 81 28 kapital
845 1240 24 21 af
880 1240 112 27 1,622,000

238 1274 61 21 mark
322 1276 60 26 tages
397 1274 7 21 i
419 1274 99 28 anspråk,
541 1274 76 22 hvaraf
639 1274 53 22 dock
707 1274 69 28 någon
792 1274 33 22 del
841 1274 99 22 betäckes
956 1281 35 21 ge-

238 1314 50 14 nom
304 1308 25 21 de
346 1308 23 20 af
383 1309 214 21 stadskommunerna
613 1309 87 25 erlagda
715 1308 208 27 pensionsbidragen.
947 1308 44 21 Un-

238 1342 38 21 der
299 1342 120 27 antagande
442 1344 33 19 att
498 1343 81 27 årligen
595 1342 40 22 allt
650 1342 104 27 framgent
770 1342 6 22 i
792 1343 100 21 medeltal
907 1344 28 20 55
950 1348 42 22 nya

237 1375 121 22 lärarinnor
380 1376 86 22 inträda
480 1376 7 21 i
503 1376 72 28 tjenst,
598 1376 52 22 ökas
673 1378 141 26 nyssnämnda
829 1377 161 28 kapitalbelopp

237 1410 49 22 med
310 1411 90 27 968,000
423 1411 62 21 mark
507 1410 34 22 för
563 1412 44 22 alla
622 1411 100 22 framtida
738 1412 128 28 årsgrupper
881 1412 109 28 samfäldt,

238 1446 24 21 sä
277 1448 33 19 att
325 1448 31 19 ett
370 1446 82 27 kapital
468 1446 24 21 af
505 1447 112 26 2,590,000
633 1446 67 28 mark,
716 1448 151 22 motsvarande
877 1448 54 22 efter
942 1449 9 21 4
963 1448 27 26 !/,
