1123 1778
457 173 28 23 U.
501 173 28 23 B.
544 187 28 2 —
587 173 74 29 Prop.
676 174 45 23 N:o
736 175 37 22 13.

516 274 154 30 Förordning
694 275 124 29 angäende
842 283 88 16 ansvar
954 277 40 22 för

447 310 189 27 uppenbarande
651 310 28 22 af
691 310 232 29 statshemligheter.

515 377 50 21 Med
579 378 156 28 upphäfvande
750 378 29 28 af
790 380 12 19 1
816 379 16 28 $
845 380 31 20 42
891 379 49 28 kap.
955 379 39 21 och

446 412 96 28 ändring
564 412 28 27 af
615 413 12 20 7
647 413 16 26 $
682 413 30 20 12
726 413 48 28 kap.
792 413 10 20 i
815 413 128 28 strafflagen
958 414 36 27 för

448 445 209 28 Storfurstendömet
670 446 102 22 Finland
780 447 29 28 af
815 448 41 21 den
866 449 28 20 19
901 447 90 22 Decem-

447 479 36 22 ber
498 481 67 26 1889,
580 481 86 21 sådana
680 481 62 21 dessa
758 482 87 27 lagrum
860 482 51 27 lyda
925 483 10 20 i
948 483 46 27 för-

447 514 122 28 ordningen
591 515 29 27 af
636 515 42 21 den
700 528 28 3 —
747 529 27 2 —
790 529 27 2 —
835 529 31 12 —,
882 516 112 27 angående

446 549 108 20 särskilda
576 549 123 27 ändringar
719 549 10 21 i
743 551 65 26 sagde
822 550 107 28 strafflag,
945 557 49 15 var-

446 583 38 20 der
498 583 127 27 härigenom
639 584 132 26 förordnadt
784 591 47 14 som
846 585 76 27 följer:

513 617 16 27 $
542 618 18 20 1.
593 617 68 28 Hvar,
676 624 48 15 som
740 618 204 29 offentliggör
959 619 35 21 el-

447 651 45 21 ler
513 651 153 28 delgifver
689 652 193 28 främmande,
903 653 10 20 i
928 653 66 28 krig

447 686 60 21 med
520 685 153 28 Ryssland
686 687 62 20 icke
760 687 132 21 varande
906 687 89 21 makts

446 720 138 28 regering
602 720 74 22 eller
688 722 87 26 agent
789 721 119 27 uppgift
922 721 72 27 eller,

447 754 9 22 i
475 755 136 27 original
632 755 74 21 eller
728 756 93 28 kopia,
842 756 153 27 planteck-

447 789 78 28 ning,
541 790 121 27 ritning
679 790 74 21 eller
766 790 152 27 handling,
936 797 59 14 som

447 824 97 21 honom
555 824 150 28 veterligen
718 824 44 22 bör
773 824 10 22 i
795 825 147 21 anseende
954 824 41 22 till

446 858 97 28 Ryska
568 859 92 21 rikets
685 861 78 26 yttre
787 860 124 21 säkerhet
933 860 60 20 hem-

448 892 102 29 lighållas
571 894 36 27 för
626 893 140 29 främmande
781 895 50 26 stat,
846 894 87 27 straffes
948 894 48 21 med

448 928 89 21 tukthus
556 928 48 21 till
624 929 48 21 och
691 928 58 21 med
767 935 47 14 sex
829 929 30 20 år
873 930 64 25 samt,
952 929 44 20 der

447 963 275 28 omständigheterna
748 965 44 19 äro
814 963 182 28 synnerligen

445 997 197 28 försvårande,
670 997 82 28 förlust
780 997 28 28 af
830 997 166 28 medborgerligt

446 1031 129 27 förtroende.

516 1065 51 21 Har
578 1066 192 27 planteckningen,
786 1066 120 27 ritningen,
922 1065 72 21 hand-

448 1100 79 27 lingen,
543 1100 81 28 kopian
639 1100 51 21 eller
704 1100 116 28 uppgiften
831 1099 74 29 blifvit
914 1100 81 20 honom

447 1134 130 27 anförtrodd
590 1134 37 28 för
642 1134 102 28 tjenstens
759 1134 63 26 skull,
837 1134 51 21 eller
898 1134 42 20 har
950 1134 46 20 han

447 1168 91 21 kommit
561 1169 10 19 i
586 1168 120 27 besittning
721 1168 67 27 deraf
799 1168 35 21 till
848 1168 56 27 följd
918 1168 29 27 af
958 1168 37 20 sin

446 1202 107 28 ställning
576 1202 10 21 i
601 1202 99 28 tjensten,
717 1202 51 21 eller
782 1202 42 21 har
839 1202 79 21 honom
934 1202 59 21 med-

447 1236 68 22 delats
529 1237 81 27 förbud
624 1238 34 19 att
671 1236 95 27 delgifva
782 1236 51 21 eller
843 1236 153 28 offentliggöra

447 1271 47 26 den,
510 1277 51 14 vare
575 1270 85 28 straffet
675 1270 89 21 tukthus
778 1270 54 27 från
848 1270 38 21 och
901 1270 49 21 med
964 1272 30 19 tre

447 1305 35 21 till
497 1304 38 22 och
551 1305 49 21 med
615 1304 30 22 tio
660 1304 27 20 är
700 1306 59 19 samt
768 1304 82 26 förlust
859 1304 29 27 af
894 1304 99 20 medbor-

447 1338 78 26 gerligt
539 1337 129 27 förtroende.

515 1370 83 21 Försök
624 1370 45 21 till
695 1370 74 22 brott
796 1370 87 29 enligt
904 1370 92 22 denna

447 1405 14 27 8
476 1407 27 19 är
517 1405 121 27 straffbart.

516 1440 14 26 $
546 1440 22 20 2.
599 1439 69 28 Hvar,
682 1446 48 14 som
744 1441 57 19 utan
812 1439 186 28 vederbörligt

447 1474 106 27 tillstånd,
576 1474 48 21 med
638 1473 138 29 begagnande
790 1474 29 28 af
830 1474 81 21 hvilket
924 1474 70 28 hjelp-

312 1514 129 24 Lagutskottets
453 1513 110 18 betänkande
574 1513 38 18 N:o
624 1514 18 17 4.
