<?xml version="1.0" encoding="UTF-8"?>
<alto xmlns="http://www.loc.gov/standards/alto/ns-v3#" xmlns:xlink="http://www.w3.org/1999/xlink" xmlns:xsi="http://www.w3.org/2001/XMLSchema-instance" xsi:schemaLocation="http://www.loc.gov/standards/alto/ns-v3# http://www.loc.gov/alto/v3/alto-3-0.xsd">
	<Description>
		<MeasurementUnit>pixel</MeasurementUnit>
		<sourceImageInformation>
			<fileName>/tmp/tess_4olzhtpo_input.PNG</fileName>
		</sourceImageInformation>
		<OCRProcessing ID="OCR_0">
			<ocrProcessingStep>
				<processingSoftware>
					<softwareName>tesseract 5.3.4</softwareName>
				</processingSoftware>
			</ocrProcessingStep>
		</OCRProcessing>
	</Description>
	<Layout>
		<Page WIDTH="1081" HEIGHT="1786" PHYSICAL_IMG_NR="0" ID="page_0">
			<PrintSpace HPOS="0" VPOS="0" WIDTH="1081" HEIGHT="1786">
				<GraphicalElement ID="cblock_0" HPOS="103" VPOS="223" WIDTH="5" HEIGHT="1279"></GraphicalElement >
				<ComposedBlock ID="cblock_1" HPOS="126" VPOS="270" WIDTH="550" HEIGHT="124">
					<TextBlock ID="block_0" HPOS="572" VPOS="270" WIDTH="104" HEIGHT="22">
						<TextLine ID="line_0" HPOS="572" VPOS="270" WIDTH="104" HEIGHT="22">
							<String ID="string_0" HPOS="572" VPOS="270" WIDTH="104" HEIGHT="22" WC="0.95" CONTENT="Transport"/>
						</TextLine>
					</TextBlock>
					<TextBlock ID="block_1" HPOS="126" VPOS="297" WIDTH="550" HEIGHT="97">
						<TextLine ID="line_1" HPOS="126" VPOS="297" WIDTH="550" HEIGHT="29">
							<String ID="string_1" HPOS="126" VPOS="297" WIDTH="112" HEIGHT="24" WC="0.96" CONTENT="Återstoden"/><SP WIDTH="18" VPOS="297" HPOS="238"/>
							<String ID="string_2" HPOS="256" VPOS="303" WIDTH="21" HEIGHT="18" WC="0.96" CONTENT="af"/><SP WIDTH="16" VPOS="303" HPOS="277"/>
							<String ID="string_3" HPOS="293" VPOS="304" WIDTH="84" HEIGHT="22" WC="0.95" CONTENT="anslaget"/><SP WIDTH="11" VPOS="304" HPOS="377"/>
							<String ID="string_4" HPOS="388" VPOS="304" WIDTH="30" HEIGHT="17" WC="0.92" CONTENT="för"/><SP WIDTH="11" VPOS="304" HPOS="418"/>
							<String ID="string_5" HPOS="429" VPOS="304" WIDTH="121" HEIGHT="18" WC="0.92" CONTENT="anskaffande"/><SP WIDTH="12" VPOS="304" HPOS="550"/>
							<String ID="string_6" HPOS="562" VPOS="304" WIDTH="20" HEIGHT="17" WC="0.93" CONTENT="af"/><SP WIDTH="11" VPOS="304" HPOS="582"/>
							<String ID="string_7" HPOS="593" VPOS="304" WIDTH="83" HEIGHT="18" WC="0.91" CONTENT="inventa-"/>
						</TextLine>
						<TextLine ID="line_2" HPOS="149" VPOS="337" WIDTH="527" HEIGHT="23">
							<String ID="string_8" HPOS="149" VPOS="337" WIDTH="38" HEIGHT="19" WC="0.91" CONTENT="rier"/><SP WIDTH="11" VPOS="337" HPOS="187"/>
							<String ID="string_9" HPOS="198" VPOS="337" WIDTH="35" HEIGHT="18" WC="0.93" CONTENT="och"/><SP WIDTH="11" VPOS="337" HPOS="233"/>
							<String ID="string_10" HPOS="244" VPOS="337" WIDTH="95" HEIGHT="23" WC="0.92" CONTENT="persedlar"/><SP WIDTH="11" VPOS="337" HPOS="339"/>
							<String ID="string_11" HPOS="350" VPOS="338" WIDTH="30" HEIGHT="18" WC="0.93" CONTENT="till"/><SP WIDTH="12" VPOS="338" HPOS="380"/>
							<String ID="string_12" HPOS="392" VPOS="338" WIDTH="94" HEIGHT="22" WC="0.92" CONTENT="Fagernäs"/><SP WIDTH="12" VPOS="338" HPOS="486"/>
							<String ID="string_13" HPOS="498" VPOS="338" WIDTH="140" HEIGHT="18" WC="0.91" CONTENT="centralanstalt"/><SP WIDTH="8" VPOS="338" HPOS="638"/>
							<String ID="string_14" HPOS="646" VPOS="338" WIDTH="30" HEIGHT="18" WC="0.96" CONTENT="för"/>
						</TextLine>
						<TextLine ID="line_3" HPOS="149" VPOS="371" WIDTH="527" HEIGHT="23">
							<String ID="string_15" HPOS="149" VPOS="371" WIDTH="320" HEIGHT="23" WC="0.81" CONTENT="sinnessjuka"/><SP WIDTH="-138" VPOS="371" HPOS="469"/>
							<String ID="string_16" HPOS="331" VPOS="367" WIDTH="76" HEIGHT="32" WC="0.8" CONTENT="un"/><SP WIDTH="15" VPOS="367" HPOS="407"/>
							<String ID="string_17" HPOS="422" VPOS="367" WIDTH="9" HEIGHT="32" WC="0.12" CONTENT="s"/><SP WIDTH="57" VPOS="367" HPOS="431"/>
							<String ID="string_18" HPOS="488" VPOS="386" WIDTH="164" HEIGHT="4" WC="0.9" CONTENT="se"/><SP WIDTH="-95" VPOS="386" HPOS="652"/>
							<String ID="string_19" HPOS="557" VPOS="367" WIDTH="32" HEIGHT="32" WC="0.30" CONTENT="sr"/><SP WIDTH="14" VPOS="367" HPOS="589"/>
							<String ID="string_20" HPOS="603" VPOS="386" WIDTH="49" HEIGHT="4" WC="0.25" CONTENT="ses"/><SP WIDTH="19" VPOS="386" HPOS="652"/>
							<String ID="string_21" HPOS="671" VPOS="386" WIDTH="5" HEIGHT="5" WC="0.79" CONTENT="."/>
						</TextLine>
					</TextBlock>
				</ComposedBlock>
				<ComposedBlock ID="cblock_2" HPOS="126" VPOS="428" WIDTH="550" HEIGHT="92">
					<TextBlock ID="block_2" HPOS="126" VPOS="428" WIDTH="550" HEIGHT="92">
						<TextLine ID="line_4" HPOS="126" VPOS="428" WIDTH="550" HEIGHT="24">
							<String ID="string_22" HPOS="126" VPOS="428" WIDTH="37" HEIGHT="18" WC="0.91" CONTENT="För"/><SP WIDTH="19" VPOS="428" HPOS="163"/>
							<String ID="string_23" HPOS="182" VPOS="428" WIDTH="118" HEIGHT="19" WC="0.91" CONTENT="bestridande"/><SP WIDTH="21" VPOS="428" HPOS="300"/>
							<String ID="string_24" HPOS="321" VPOS="429" WIDTH="20" HEIGHT="18" WC="0.96" CONTENT="af"/><SP WIDTH="17" VPOS="429" HPOS="341"/>
							<String ID="string_25" HPOS="358" VPOS="430" WIDTH="124" HEIGHT="17" WC="0.96" CONTENT="kostnaderna"/><SP WIDTH="18" VPOS="430" HPOS="482"/>
							<String ID="string_26" HPOS="500" VPOS="430" WIDTH="30" HEIGHT="17" WC="0.93" CONTENT="för"/><SP WIDTH="12" VPOS="430" HPOS="530"/>
							<String ID="string_27" HPOS="542" VPOS="430" WIDTH="134" HEIGHT="22" WC="0.92" CONTENT="landtdagarne"/>
						</TextLine>
						<TextLine ID="line_5" HPOS="149" VPOS="463" WIDTH="526" HEIGHT="23">
							<String ID="string_28" HPOS="149" VPOS="463" WIDTH="44" HEIGHT="18" WC="0.96" CONTENT="åren"/><SP WIDTH="18" VPOS="463" HPOS="193"/>
							<String ID="string_29" HPOS="211" VPOS="464" WIDTH="45" HEIGHT="17" WC="0.96" CONTENT="1894"/><SP WIDTH="16" VPOS="464" HPOS="256"/>
							<String ID="string_30" HPOS="272" VPOS="463" WIDTH="34" HEIGHT="18" WC="0.96" CONTENT="och"/><SP WIDTH="13" VPOS="463" HPOS="306"/>
							<String ID="string_31" HPOS="319" VPOS="464" WIDTH="49" HEIGHT="21" WC="0.93" CONTENT="1897,"/><SP WIDTH="13" VPOS="464" HPOS="368"/>
							<String ID="string_32" HPOS="381" VPOS="464" WIDTH="61" HEIGHT="18" WC="0.91" CONTENT="sävidt"/><SP WIDTH="12" VPOS="464" HPOS="442"/>
							<String ID="string_33" HPOS="454" VPOS="463" WIDTH="53" HEIGHT="19" WC="0.96" CONTENT="dessa"/><SP WIDTH="12" VPOS="463" HPOS="507"/>
							<String ID="string_34" HPOS="519" VPOS="464" WIDTH="101" HEIGHT="18" WC="0.93" CONTENT="kostnader"/><SP WIDTH="10" VPOS="464" HPOS="620"/>
							<String ID="string_35" HPOS="630" VPOS="464" WIDTH="45" HEIGHT="22" WC="0.96" CONTENT="utgå"/>
						</TextLine>
						<TextLine ID="line_6" HPOS="149" VPOS="498" WIDTH="525" HEIGHT="22">
							<String ID="string_36" HPOS="149" VPOS="503" WIDTH="22" HEIGHT="12" WC="0.91" CONTENT="ur"/><SP WIDTH="12" VPOS="503" HPOS="171"/>
							<String ID="string_37" HPOS="183" VPOS="498" WIDTH="122" HEIGHT="21" WC="0.92" CONTENT="statsfonden,"/><SP WIDTH="13" VPOS="498" HPOS="305"/>
							<String ID="string_38" HPOS="318" VPOS="498" WIDTH="107" HEIGHT="22" WC="0.93" CONTENT="förslagsvis"/><SP WIDTH="20" VPOS="498" HPOS="425"/>
							<String ID="string_39" HPOS="445" VPOS="512" WIDTH="1" HEIGHT="4" WC="0.68" CONTENT="."/><SP WIDTH="18" VPOS="512" HPOS="446"/>
							<String ID="string_40" HPOS="464" VPOS="511" WIDTH="3" HEIGHT="3" WC="0.86" CONTENT="."/><SP WIDTH="42" VPOS="511" HPOS="467"/>
							<String ID="string_41" HPOS="509" VPOS="511" WIDTH="5" HEIGHT="5" WC="0.57" CONTENT=".."/><SP WIDTH="43" VPOS="511" HPOS="514"/>
							<String ID="string_42" HPOS="557" VPOS="512" WIDTH="26" HEIGHT="4" WC="0.25" CONTENT="k"/><SP WIDTH="19" VPOS="512" HPOS="583"/>
							<String ID="string_43" HPOS="602" VPOS="512" WIDTH="72" HEIGHT="4" WC="0.22" CONTENT="«e."/>
						</TextLine>
					</TextBlock>
				</ComposedBlock>
				<ComposedBlock ID="cblock_3" HPOS="125" VPOS="554" WIDTH="550" HEIGHT="92">
					<TextBlock ID="block_3" HPOS="125" VPOS="554" WIDTH="550" HEIGHT="92">
						<TextLine ID="line_7" HPOS="125" VPOS="554" WIDTH="549" HEIGHT="22">
							<String ID="string_44" HPOS="125" VPOS="555" WIDTH="9" HEIGHT="17" WC="0.96" CONTENT="I"/><SP WIDTH="12" VPOS="555" HPOS="134"/>
							<String ID="string_45" HPOS="146" VPOS="554" WIDTH="103" HEIGHT="22" WC="0.95" CONTENT="ersättning"/><SP WIDTH="12" VPOS="554" HPOS="249"/>
							<String ID="string_46" HPOS="261" VPOS="555" WIDTH="30" HEIGHT="17" WC="0.96" CONTENT="för"/><SP WIDTH="11" VPOS="555" HPOS="291"/>
							<String ID="string_47" HPOS="302" VPOS="554" WIDTH="23" HEIGHT="18" WC="0.93" CONTENT="de"/><SP WIDTH="12" VPOS="554" HPOS="325"/>
							<String ID="string_48" HPOS="337" VPOS="555" WIDTH="134" HEIGHT="21" WC="0.90" CONTENT="militieräntor,"/><SP WIDTH="14" VPOS="555" HPOS="471"/>
							<String ID="string_49" HPOS="485" VPOS="560" WIDTH="37" HEIGHT="13" WC="0.96" CONTENT="som"/><SP WIDTH="13" VPOS="560" HPOS="522"/>
							<String ID="string_50" HPOS="535" VPOS="556" WIDTH="57" HEIGHT="17" WC="0.96" CONTENT="under"/><SP WIDTH="8" VPOS="556" HPOS="592"/>
							<String ID="string_51" HPOS="600" VPOS="555" WIDTH="21" HEIGHT="17" WC="0.96" CONTENT="är"/><SP WIDTH="9" VPOS="555" HPOS="621"/>
							<String ID="string_52" HPOS="630" VPOS="556" WIDTH="44" HEIGHT="16" WC="0.96" CONTENT="1893"/>
						</TextLine>
						<TextLine ID="line_8" HPOS="149" VPOS="588" WIDTH="526" HEIGHT="24">
							<String ID="string_53" HPOS="149" VPOS="589" WIDTH="60" HEIGHT="22" WC="0.92" CONTENT="ingätt"/><SP WIDTH="17" VPOS="589" HPOS="209"/>
							<String ID="string_54" HPOS="226" VPOS="588" WIDTH="30" HEIGHT="18" WC="0.93" CONTENT="till"/><SP WIDTH="19" VPOS="588" HPOS="256"/>
							<String ID="string_55" HPOS="275" VPOS="589" WIDTH="121" HEIGHT="19" WC="0.93" CONTENT="statsfonden,"/><SP WIDTH="13" VPOS="589" HPOS="396"/>
							<String ID="string_56" HPOS="409" VPOS="589" WIDTH="80" HEIGHT="18" WC="0.92" CONTENT="äterstär"/><SP WIDTH="12" VPOS="589" HPOS="489"/>
							<String ID="string_57" HPOS="501" VPOS="592" WIDTH="28" HEIGHT="15" WC="0.93" CONTENT="att"/><SP WIDTH="12" VPOS="592" HPOS="529"/>
							<String ID="string_58" HPOS="541" VPOS="590" WIDTH="90" HEIGHT="22" WC="0.92" CONTENT="godtgöra"/><SP WIDTH="11" VPOS="590" HPOS="631"/>
							<String ID="string_59" HPOS="642" VPOS="590" WIDTH="33" HEIGHT="17" WC="0.92" CONTENT="mi-"/>
						</TextLine>
						<TextLine ID="line_9" HPOS="149" VPOS="623" WIDTH="525" HEIGHT="23">
							<String ID="string_60" HPOS="149" VPOS="623" WIDTH="107" HEIGHT="18" WC="0.92" CONTENT="litiefonden"/><SP WIDTH="13" VPOS="623" HPOS="256"/>
							<String ID="string_61" HPOS="269" VPOS="623" WIDTH="85" HEIGHT="23" WC="0.93" CONTENT="omkring"/><SP WIDTH="18" VPOS="623" HPOS="354"/>
							<String ID="string_62" HPOS="372" VPOS="637" WIDTH="3" HEIGHT="3" WC="0.55" CONTENT="."/><SP WIDTH="20" VPOS="637" HPOS="375"/>
							<String ID="string_63" HPOS="395" VPOS="637" WIDTH="4" HEIGHT="4" WC="0.55" CONTENT="."/><SP WIDTH="19" VPOS="637" HPOS="399"/>
							<String ID="string_64" HPOS="418" VPOS="637" WIDTH="4" HEIGHT="4" WC="0.38" CONTENT="."/><SP WIDTH="19" VPOS="637" HPOS="422"/>
							<String ID="string_65" HPOS="441" VPOS="637" WIDTH="50" HEIGHT="4" WC="0.38" CONTENT="..."/><SP WIDTH="19" VPOS="637" HPOS="491"/>
							<String ID="string_66" HPOS="510" VPOS="637" WIDTH="49" HEIGHT="5" WC="0.47" CONTENT="SET"/><SP WIDTH="20" VPOS="637" HPOS="559"/>
							<String ID="string_67" HPOS="579" VPOS="637" WIDTH="26" HEIGHT="5" WC="0.29" CONTENT="ay"/><SP WIDTH="42" VPOS="637" HPOS="605"/>
							<String ID="string_68" HPOS="647" VPOS="637" WIDTH="27" HEIGHT="4" WC="0.49" CONTENT="CNN"/>
						</TextLine>
					</TextBlock>
				</ComposedBlock>
				<ComposedBlock ID="cblock_4" HPOS="125" VPOS="675" WIDTH="549" HEIGHT="29">
					<TextBlock ID="block_4" HPOS="125" VPOS="675" WIDTH="549" HEIGHT="29">
						<TextLine ID="line_10" HPOS="125" VPOS="675" WIDTH="549" HEIGHT="29">
							<String ID="string_69" HPOS="125" VPOS="675" WIDTH="112" HEIGHT="24" WC="0.90" CONTENT="Äterstoden"/><SP WIDTH="17" VPOS="675" HPOS="237"/>
							<String ID="string_70" HPOS="254" VPOS="682" WIDTH="21" HEIGHT="17" WC="0.96" CONTENT="af"/><SP WIDTH="17" VPOS="682" HPOS="275"/>
							<String ID="string_71" HPOS="292" VPOS="682" WIDTH="84" HEIGHT="22" WC="0.93" CONTENT="anslaget"/><SP WIDTH="17" VPOS="682" HPOS="376"/>
							<String ID="string_72" HPOS="393" VPOS="682" WIDTH="30" HEIGHT="18" WC="0.93" CONTENT="för"/><SP WIDTH="11" VPOS="682" HPOS="423"/>
							<String ID="string_73" HPOS="434" VPOS="682" WIDTH="117" HEIGHT="18" WC="0.92" CONTENT="anställande"/><SP WIDTH="11" VPOS="682" HPOS="551"/>
							<String ID="string_74" HPOS="562" VPOS="682" WIDTH="20" HEIGHT="18" WC="0.93" CONTENT="af"/><SP WIDTH="11" VPOS="682" HPOS="582"/>
							<String ID="string_75" HPOS="593" VPOS="682" WIDTH="81" HEIGHT="18" WC="0.91" CONTENT="försöks-"/>
						</TextLine>
					</TextBlock>
				</ComposedBlock>
				<ComposedBlock ID="cblock_5" HPOS="148" VPOS="716" WIDTH="542" HEIGHT="22">
					<TextBlock ID="block_5" HPOS="148" VPOS="716" WIDTH="542" HEIGHT="22">
						<TextLine ID="line_11" HPOS="148" VPOS="716" WIDTH="542" HEIGHT="22">
							<String ID="string_76" HPOS="148" VPOS="716" WIDTH="76" HEIGHT="18" WC="0.93" CONTENT="arbeten"/><SP WIDTH="13" VPOS="716" HPOS="224"/>
							<String ID="string_77" HPOS="237" VPOS="716" WIDTH="11" HEIGHT="17" WC="0.81" CONTENT="ä"/><SP WIDTH="11" VPOS="716" HPOS="248"/>
							<String ID="string_78" HPOS="259" VPOS="716" WIDTH="144" HEIGHT="22" WC="0.91" CONTENT="marmorberget"/><SP WIDTH="12" VPOS="716" HPOS="403"/>
							<String ID="string_79" HPOS="415" VPOS="717" WIDTH="6" HEIGHT="17" WC="0.95" CONTENT="i"/><SP WIDTH="11" VPOS="717" HPOS="421"/>
							<String ID="string_80" HPOS="432" VPOS="716" WIDTH="94" HEIGHT="18" WC="0.96" CONTENT="Ruskeala"/><SP WIDTH="13" VPOS="716" HPOS="526"/>
							<String ID="string_81" HPOS="539" VPOS="716" WIDTH="67" HEIGHT="18" WC="0.89" CONTENT="socken"/><SP WIDTH="18" VPOS="716" HPOS="606"/>
							<String ID="string_82" HPOS="624" VPOS="729" WIDTH="4" HEIGHT="5" WC="0.65" CONTENT="."/><SP WIDTH="19" VPOS="729" HPOS="628"/>
							<String ID="string_83" HPOS="647" VPOS="730" WIDTH="3" HEIGHT="3" WC="0.65" CONTENT="."/><SP WIDTH="20" VPOS="730" HPOS="650"/>
							<String ID="string_84" HPOS="670" VPOS="721" WIDTH="20" HEIGHT="13" WC="0.63" CONTENT=".|"/>
						</TextLine>
					</TextBlock>
				</ComposedBlock>
				<ComposedBlock ID="cblock_6" HPOS="124" VPOS="778" WIDTH="550" HEIGHT="231">
					<TextBlock ID="block_6" HPOS="124" VPOS="778" WIDTH="550" HEIGHT="231">
						<TextLine ID="line_12" HPOS="124" VPOS="778" WIDTH="550" HEIGHT="24">
							<String ID="string_85" HPOS="124" VPOS="778" WIDTH="65" HEIGHT="23" WC="0.93" CONTENT="Enligt"/><SP WIDTH="17" VPOS="778" HPOS="189"/>
							<String ID="string_86" HPOS="206" VPOS="778" WIDTH="75" HEIGHT="22" WC="0.92" CONTENT="bilagda"/><SP WIDTH="18" VPOS="778" HPOS="281"/>
							<String ID="string_87" HPOS="299" VPOS="778" WIDTH="116" HEIGHT="23" WC="0.96" CONTENT="förteckning"/><SP WIDTH="12" VPOS="778" HPOS="415"/>
							<String ID="string_88" HPOS="427" VPOS="778" WIDTH="61" HEIGHT="24" WC="0.96" CONTENT="uppgå"/><SP WIDTH="12" VPOS="778" HPOS="488"/>
							<String ID="string_89" HPOS="500" VPOS="779" WIDTH="101" HEIGHT="22" WC="0.96" CONTENT="utgifterna"/><SP WIDTH="16" VPOS="779" HPOS="601"/>
							<String ID="string_90" HPOS="617" VPOS="778" WIDTH="57" HEIGHT="19" WC="0.96" CONTENT="under"/>
						</TextLine>
						<TextLine ID="line_13" HPOS="148" VPOS="813" WIDTH="526" HEIGHT="23">
							<String ID="string_91" HPOS="148" VPOS="813" WIDTH="45" HEIGHT="18" WC="0.93" CONTENT="åren"/><SP WIDTH="18" VPOS="813" HPOS="193"/>
							<String ID="string_92" HPOS="211" VPOS="813" WIDTH="114" HEIGHT="17" WC="0.89" CONTENT="1894—1897"/><SP WIDTH="12" VPOS="813" HPOS="325"/>
							<String ID="string_93" HPOS="337" VPOS="813" WIDTH="29" HEIGHT="18" WC="0.96" CONTENT="för"/><SP WIDTH="13" VPOS="813" HPOS="366"/>
							<String ID="string_94" HPOS="379" VPOS="813" WIDTH="68" HEIGHT="18" WC="0.96" CONTENT="sådana"/><SP WIDTH="12" VPOS="813" HPOS="447"/>
							<String ID="string_95" HPOS="459" VPOS="813" WIDTH="92" HEIGHT="19" WC="0.96" CONTENT="allmänna"/><SP WIDTH="13" VPOS="813" HPOS="551"/>
							<String ID="string_96" HPOS="564" VPOS="813" WIDTH="110" HEIGHT="23" WC="0.96" CONTENT="byggnader,"/>
						</TextLine>
						<TextLine ID="line_14" HPOS="147" VPOS="847" WIDTH="526" HEIGHT="24">
							<String ID="string_97" HPOS="147" VPOS="847" WIDTH="30" HEIGHT="18" WC="0.96" CONTENT="för"/><SP WIDTH="18" VPOS="847" HPOS="177"/>
							<String ID="string_98" HPOS="195" VPOS="847" WIDTH="63" HEIGHT="18" WC="0.96" CONTENT="hvilka"/><SP WIDTH="17" VPOS="847" HPOS="258"/>
							<String ID="string_99" HPOS="275" VPOS="847" WIDTH="126" HEIGHT="18" WC="0.95" CONTENT="kostnaderna"/><SP WIDTH="18" VPOS="847" HPOS="401"/>
							<String ID="string_100" HPOS="419" VPOS="848" WIDTH="45" HEIGHT="22" WC="0.94" CONTENT="utgå"/><SP WIDTH="18" VPOS="848" HPOS="464"/>
							<String ID="string_101" HPOS="482" VPOS="848" WIDTH="45" HEIGHT="18" WC="0.93" CONTENT="eller"/><SP WIDTH="11" VPOS="848" HPOS="527"/>
							<String ID="string_102" HPOS="538" VPOS="848" WIDTH="104" HEIGHT="23" WC="0.92" CONTENT="förskjutas"/><SP WIDTH="12" VPOS="848" HPOS="642"/>
							<String ID="string_103" HPOS="654" VPOS="848" WIDTH="19" HEIGHT="17" WC="0.96" CONTENT="af"/>
						</TextLine>
						<TextLine ID="line_15" HPOS="149" VPOS="881" WIDTH="525" HEIGHT="24">
							<String ID="string_104" HPOS="149" VPOS="881" WIDTH="115" HEIGHT="18" WC="0.91" CONTENT="statsfonden"/><SP WIDTH="12" VPOS="881" HPOS="264"/>
							<String ID="string_105" HPOS="276" VPOS="882" WIDTH="30" HEIGHT="17" WC="0.93" CONTENT="till"/><SP WIDTH="13" VPOS="882" HPOS="306"/>
							<String ID="string_106" HPOS="319" VPOS="882" WIDTH="134" HEIGHT="23" WC="0.91" CONTENT="sammanlagdt"/><SP WIDTH="11" VPOS="882" HPOS="453"/>
							<String ID="string_107" HPOS="464" VPOS="882" WIDTH="107" HEIGHT="22" WC="0.91" CONTENT="förslagsvis"/><SP WIDTH="12" VPOS="882" HPOS="571"/>
							<String ID="string_108" HPOS="583" VPOS="882" WIDTH="91" HEIGHT="22" WC="0.89" CONTENT="4,974,004"/>
						</TextLine>
						<TextLine ID="line_16" HPOS="147" VPOS="916" WIDTH="527" HEIGHT="23">
							<String ID="string_109" HPOS="147" VPOS="916" WIDTH="32" HEIGHT="18" WC="0.96" CONTENT="mk"/><SP WIDTH="16" VPOS="916" HPOS="179"/>
							<String ID="string_110" HPOS="195" VPOS="917" WIDTH="24" HEIGHT="17" WC="0.93" CONTENT="60"/><SP WIDTH="16" VPOS="917" HPOS="219"/>
							<String ID="string_111" HPOS="235" VPOS="921" WIDTH="26" HEIGHT="18" WC="0.92" CONTENT="p.;"/><SP WIDTH="19" VPOS="921" HPOS="261"/>
							<String ID="string_112" HPOS="280" VPOS="916" WIDTH="34" HEIGHT="18" WC="0.96" CONTENT="och"/><SP WIDTH="19" VPOS="916" HPOS="314"/>
							<String ID="string_113" HPOS="333" VPOS="922" WIDTH="37" HEIGHT="12" WC="0.96" CONTENT="som"/><SP WIDTH="19" VPOS="922" HPOS="370"/>
							<String ID="string_114" HPOS="389" VPOS="917" WIDTH="5" HEIGHT="16" WC="0.93" CONTENT="i"/><SP WIDTH="18" VPOS="917" HPOS="394"/>
							<String ID="string_115" HPOS="412" VPOS="916" WIDTH="216" HEIGHT="23" WC="0.92" CONTENT="budgetberäkningarna"/><SP WIDTH="17" VPOS="916" HPOS="628"/>
							<String ID="string_116" HPOS="645" VPOS="916" WIDTH="29" HEIGHT="18" WC="0.96" CONTENT="för"/>
						</TextLine>
						<TextLine ID="line_17" HPOS="149" VPOS="950" WIDTH="525" HEIGHT="23">
							<String ID="string_117" HPOS="149" VPOS="956" WIDTH="68" HEIGHT="13" WC="0.96" CONTENT="samma"/><SP WIDTH="12" VPOS="956" HPOS="217"/>
							<String ID="string_118" HPOS="229" VPOS="951" WIDTH="20" HEIGHT="17" WC="0.95" CONTENT="år"/><SP WIDTH="12" VPOS="951" HPOS="249"/>
							<String ID="string_119" HPOS="261" VPOS="951" WIDTH="60" HEIGHT="22" WC="0.96" CONTENT="ingått"/><SP WIDTH="12" VPOS="951" HPOS="321"/>
							<String ID="string_120" HPOS="333" VPOS="951" WIDTH="29" HEIGHT="17" WC="0.96" CONTENT="för"/><SP WIDTH="12" VPOS="951" HPOS="362"/>
							<String ID="string_121" HPOS="374" VPOS="950" WIDTH="52" HEIGHT="19" WC="0.93" CONTENT="detta"/><SP WIDTH="8" VPOS="950" HPOS="426"/>
							<String ID="string_122" HPOS="434" VPOS="951" WIDTH="85" HEIGHT="18" WC="0.95" CONTENT="ändamål"/><SP WIDTH="8" VPOS="951" HPOS="519"/>
							<String ID="string_123" HPOS="527" VPOS="951" WIDTH="65" HEIGHT="18" WC="0.93" CONTENT="endast"/><SP WIDTH="8" VPOS="951" HPOS="592"/>
							<String ID="string_124" HPOS="600" VPOS="951" WIDTH="74" HEIGHT="22" WC="0.92" CONTENT="800,000"/>
						</TextLine>
						<TextLine ID="line_18" HPOS="148" VPOS="985" WIDTH="526" HEIGHT="24">
							<String ID="string_125" HPOS="148" VPOS="985" WIDTH="31" HEIGHT="18" WC="0.93" CONTENT="mk"/><SP WIDTH="11" VPOS="985" HPOS="179"/>
							<String ID="string_126" HPOS="190" VPOS="985" WIDTH="76" HEIGHT="24" WC="0.93" CONTENT="årligen,"/><SP WIDTH="13" VPOS="985" HPOS="266"/>
							<String ID="string_127" HPOS="279" VPOS="987" WIDTH="89" HEIGHT="22" WC="0.93" CONTENT="upptages"/><SP WIDTH="13" VPOS="987" HPOS="368"/>
							<String ID="string_128" HPOS="381" VPOS="985" WIDTH="95" HEIGHT="18" WC="0.95" CONTENT="skilnaden"/><SP WIDTH="13" VPOS="985" HPOS="476"/>
							<String ID="string_129" HPOS="489" VPOS="985" WIDTH="41" HEIGHT="18" WC="0.91" CONTENT="med"/><SP WIDTH="26" VPOS="985" HPOS="530"/>
							<String ID="string_130" HPOS="556" VPOS="999" WIDTH="118" HEIGHT="4" WC="0.65" CONTENT="......"/>
						</TextLine>
					</TextBlock>
				</ComposedBlock>
				<ComposedBlock ID="cblock_7" HPOS="124" VPOS="1043" WIDTH="550" HEIGHT="53">
					<TextBlock ID="block_7" HPOS="124" VPOS="1043" WIDTH="550" HEIGHT="54">
						<TextLine ID="line_19" HPOS="124" VPOS="1043" WIDTH="550" HEIGHT="24">
							<String ID="string_131" HPOS="124" VPOS="1043" WIDTH="69" HEIGHT="22" WC="0.96" CONTENT="Bidrag"/><SP WIDTH="11" VPOS="1043" HPOS="193"/>
							<String ID="string_132" HPOS="204" VPOS="1043" WIDTH="31" HEIGHT="18" WC="0.93" CONTENT="till"/><SP WIDTH="11" VPOS="1043" HPOS="235"/>
							<String ID="string_133" HPOS="246" VPOS="1043" WIDTH="115" HEIGHT="23" WC="0.94" CONTENT="uppförande"/><SP WIDTH="12" VPOS="1043" HPOS="361"/>
							<String ID="string_134" HPOS="373" VPOS="1044" WIDTH="20" HEIGHT="17" WC="0.96" CONTENT="af"/><SP WIDTH="11" VPOS="1044" HPOS="393"/>
							<String ID="string_135" HPOS="404" VPOS="1049" WIDTH="22" HEIGHT="12" WC="0.93" CONTENT="en"/><SP WIDTH="13" VPOS="1049" HPOS="426"/>
							<String ID="string_136" HPOS="439" VPOS="1043" WIDTH="125" HEIGHT="24" WC="0.83" CONTENT="hamnbrygga"/><SP WIDTH="11" VPOS="1043" HPOS="564"/>
							<String ID="string_137" HPOS="575" VPOS="1043" WIDTH="29" HEIGHT="17" WC="0.96" CONTENT="för"/><SP WIDTH="8" VPOS="1043" HPOS="604"/>
							<String ID="string_138" HPOS="612" VPOS="1043" WIDTH="62" HEIGHT="18" WC="0.96" CONTENT="Kotka"/>
						</TextLine>
						<TextLine ID="line_20" HPOS="148" VPOS="1078" WIDTH="526" HEIGHT="18">
							<String ID="string_139" HPOS="148" VPOS="1078" WIDTH="42" HEIGHT="18" WC="0.60" CONTENT="Städ"/><SP WIDTH="24" VPOS="1078" HPOS="190"/>
							<String ID="string_140" HPOS="214" VPOS="1074" WIDTH="50" HEIGHT="32" WC="0.35" CONTENT="asia"/><SP WIDTH="18" VPOS="1074" HPOS="264"/>
							<String ID="string_141" HPOS="282" VPOS="1091" WIDTH="27" HEIGHT="4" WC="0.34" CONTENT="aa"/><SP WIDTH="19" VPOS="1091" HPOS="309"/>
							<String ID="string_142" HPOS="328" VPOS="1091" WIDTH="118" HEIGHT="6" WC="0.45" CONTENT="maia"/><SP WIDTH="-30" VPOS="1091" HPOS="446"/>
							<String ID="string_143" HPOS="416" VPOS="1074" WIDTH="11" HEIGHT="32" WC="0.62" CONTENT="a"/><SP WIDTH="13" VPOS="1074" HPOS="427"/>
							<String ID="string_144" HPOS="440" VPOS="1074" WIDTH="8" HEIGHT="32" WC="0.26" CONTENT="a"/><SP WIDTH="16" VPOS="1074" HPOS="448"/>
							<String ID="string_145" HPOS="464" VPOS="1091" WIDTH="210" HEIGHT="5" WC="0.17" CONTENT="ema"/><SP WIDTH="-98" VPOS="1091" HPOS="674"/>
							<String ID="string_146" HPOS="576" VPOS="1074" WIDTH="11" HEIGHT="32" WC="0.22" CONTENT="6"/><SP WIDTH="23" VPOS="1074" HPOS="587"/>
							<String ID="string_147" HPOS="610" VPOS="1091" WIDTH="64" HEIGHT="5" WC="0.20" CONTENT="KROK"/>
						</TextLine>
					</TextBlock>
				</ComposedBlock>
				<ComposedBlock ID="cblock_8" HPOS="124" VPOS="1135" WIDTH="550" HEIGHT="91">
					<TextBlock ID="block_8" HPOS="124" VPOS="1135" WIDTH="550" HEIGHT="91">
						<TextLine ID="line_21" HPOS="124" VPOS="1135" WIDTH="550" HEIGHT="22">
							<String ID="string_148" HPOS="124" VPOS="1135" WIDTH="38" HEIGHT="18" WC="0.93" CONTENT="För"/><SP WIDTH="11" VPOS="1135" HPOS="162"/>
							<String ID="string_149" HPOS="173" VPOS="1135" WIDTH="114" HEIGHT="18" WC="0.86" CONTENT="betäckande"/><SP WIDTH="12" VPOS="1135" HPOS="287"/>
							<String ID="string_150" HPOS="299" VPOS="1135" WIDTH="20" HEIGHT="18" WC="0.93" CONTENT="af"/><SP WIDTH="12" VPOS="1135" HPOS="319"/>
							<String ID="string_151" HPOS="331" VPOS="1135" WIDTH="59" HEIGHT="18" WC="0.96" CONTENT="ökade"/><SP WIDTH="8" VPOS="1135" HPOS="390"/>
							<String ID="string_152" HPOS="398" VPOS="1135" WIDTH="77" HEIGHT="22" WC="0.96" CONTENT="utgifter"/><SP WIDTH="8" VPOS="1135" HPOS="475"/>
							<String ID="string_153" HPOS="483" VPOS="1135" WIDTH="58" HEIGHT="18" WC="0.97" CONTENT="under"/><SP WIDTH="8" VPOS="1135" HPOS="541"/>
							<String ID="string_154" HPOS="549" VPOS="1135" WIDTH="21" HEIGHT="18" WC="0.96" CONTENT="är"/><SP WIDTH="9" VPOS="1135" HPOS="570"/>
							<String ID="string_155" HPOS="579" VPOS="1135" WIDTH="49" HEIGHT="21" WC="0.93" CONTENT="1894,"/><SP WIDTH="9" VPOS="1135" HPOS="628"/>
							<String ID="string_156" HPOS="637" VPOS="1136" WIDTH="37" HEIGHT="16" WC="0.93" CONTENT="sär-"/>
						</TextLine>
						<TextLine ID="line_22" HPOS="147" VPOS="1169" WIDTH="527" HEIGHT="23">
							<String ID="string_157" HPOS="147" VPOS="1169" WIDTH="58" HEIGHT="19" WC="0.91" CONTENT="skildt"/><SP WIDTH="20" VPOS="1169" HPOS="205"/>
							<String ID="string_158" HPOS="225" VPOS="1169" WIDTH="29" HEIGHT="18" WC="0.92" CONTENT="för"/><SP WIDTH="17" VPOS="1169" HPOS="254"/>
							<String ID="string_159" HPOS="271" VPOS="1170" WIDTH="108" HEIGHT="22" WC="0.92" CONTENT="postverket"/><SP WIDTH="17" VPOS="1170" HPOS="379"/>
							<String ID="string_160" HPOS="396" VPOS="1171" WIDTH="47" HEIGHT="17" WC="0.96" CONTENT="samt"/><SP WIDTH="17" VPOS="1171" HPOS="443"/>
							<String ID="string_161" HPOS="460" VPOS="1169" WIDTH="30" HEIGHT="18" WC="0.93" CONTENT="för"/><SP WIDTH="19" VPOS="1169" HPOS="490"/>
							<String ID="string_162" HPOS="509" VPOS="1170" WIDTH="43" HEIGHT="18" WC="0.89" CONTENT="lots-"/><SP WIDTH="17" VPOS="1170" HPOS="552"/>
							<String ID="string_163" HPOS="569" VPOS="1169" WIDTH="34" HEIGHT="18" WC="0.93" CONTENT="och"/><SP WIDTH="16" VPOS="1169" HPOS="603"/>
							<String ID="string_164" HPOS="619" VPOS="1169" WIDTH="55" HEIGHT="18" WC="0.93" CONTENT="forst-"/>
						</TextLine>
						<TextLine ID="line_23" HPOS="149" VPOS="1204" WIDTH="525" HEIGHT="22">
							<String ID="string_165" HPOS="149" VPOS="1205" WIDTH="87" HEIGHT="20" WC="0.93" CONTENT="staterna,"/><SP WIDTH="13" VPOS="1205" HPOS="236"/>
							<String ID="string_166" HPOS="249" VPOS="1205" WIDTH="90" HEIGHT="21" WC="0.93" CONTENT="upptages"/><SP WIDTH="12" VPOS="1205" HPOS="339"/>
							<String ID="string_167" HPOS="351" VPOS="1204" WIDTH="116" HEIGHT="22" WC="0.92" CONTENT="förslagsvis."/><SP WIDTH="19" VPOS="1204" HPOS="467"/>
							<String ID="string_168" HPOS="486" VPOS="1217" WIDTH="4" HEIGHT="4" WC="0.86" CONTENT="."/><SP WIDTH="18" VPOS="1217" HPOS="490"/>
							<String ID="string_169" HPOS="508" VPOS="1217" WIDTH="4" HEIGHT="5" WC="0.79" CONTENT="."/><SP WIDTH="20" VPOS="1217" HPOS="512"/>
							<String ID="string_170" HPOS="532" VPOS="1218" WIDTH="3" HEIGHT="4" WC="0.74" CONTENT="."/><SP WIDTH="19" VPOS="1218" HPOS="535"/>
							<String ID="string_171" HPOS="554" VPOS="1218" WIDTH="4" HEIGHT="3" WC="0.76" CONTENT="."/><SP WIDTH="19" VPOS="1218" HPOS="558"/>
							<String ID="string_172" HPOS="577" VPOS="1217" WIDTH="4" HEIGHT="4" WC="0.30" CONTENT="."/><SP WIDTH="19" VPOS="1217" HPOS="581"/>
							<String ID="string_173" HPOS="600" VPOS="1217" WIDTH="4" HEIGHT="4" WC="0.80" CONTENT="."/><SP WIDTH="20" VPOS="1217" HPOS="604"/>
							<String ID="string_174" HPOS="624" VPOS="1216" WIDTH="3" HEIGHT="4" WC="0.80" CONTENT="«"/><SP WIDTH="19" VPOS="1216" HPOS="627"/>
							<String ID="string_175" HPOS="646" VPOS="1216" WIDTH="28" HEIGHT="5" WC="0.61" CONTENT="e."/>
						</TextLine>
					</TextBlock>
				</ComposedBlock>
				<ComposedBlock ID="cblock_9" HPOS="124" VPOS="1254" WIDTH="550" HEIGHT="122">
					<TextBlock ID="block_9" HPOS="124" VPOS="1254" WIDTH="550" HEIGHT="122">
						<TextLine ID="line_24" HPOS="124" VPOS="1254" WIDTH="550" HEIGHT="24">
							<String ID="string_176" HPOS="124" VPOS="1255" WIDTH="36" HEIGHT="18" WC="0.93" CONTENT="Till"/><SP WIDTH="12" VPOS="1255" HPOS="160"/>
							<String ID="string_177" HPOS="172" VPOS="1255" WIDTH="114" HEIGHT="18" WC="0.92" CONTENT="betäckande"/><SP WIDTH="11" VPOS="1255" HPOS="286"/>
							<String ID="string_178" HPOS="297" VPOS="1254" WIDTH="21" HEIGHT="19" WC="0.93" CONTENT="af"/><SP WIDTH="11" VPOS="1254" HPOS="318"/>
							<String ID="string_179" HPOS="329" VPOS="1255" WIDTH="88" HEIGHT="18" WC="0.96" CONTENT="förluster"/><SP WIDTH="11" VPOS="1255" HPOS="417"/>
							<String ID="string_180" HPOS="428" VPOS="1254" WIDTH="30" HEIGHT="19" WC="0.93" CONTENT="vid"/><SP WIDTH="11" VPOS="1254" HPOS="458"/>
							<String ID="string_181" HPOS="469" VPOS="1255" WIDTH="132" HEIGHT="23" WC="0.93" CONTENT="realiseringen"/><SP WIDTH="13" VPOS="1255" HPOS="601"/>
							<String ID="string_182" HPOS="614" VPOS="1254" WIDTH="20" HEIGHT="18" WC="0.97" CONTENT="af"/><SP WIDTH="11" VPOS="1254" HPOS="634"/>
							<String ID="string_183" HPOS="645" VPOS="1254" WIDTH="29" HEIGHT="18" WC="0.83" CONTENT="til"/>
						</TextLine>
						<TextLine ID="line_25" HPOS="147" VPOS="1288" WIDTH="527" HEIGHT="24">
							<String ID="string_184" HPOS="147" VPOS="1290" WIDTH="164" HEIGHT="22" WC="0.92" CONTENT="kronomagasinen"/><SP WIDTH="12" VPOS="1290" HPOS="311"/>
							<String ID="string_185" HPOS="323" VPOS="1288" WIDTH="79" HEIGHT="19" WC="0.93" CONTENT="influtna"/><SP WIDTH="13" VPOS="1288" HPOS="402"/>
							<String ID="string_186" HPOS="415" VPOS="1290" WIDTH="34" HEIGHT="17" WC="0.93" CONTENT="och"/><SP WIDTH="12" VPOS="1290" HPOS="449"/>
							<String ID="string_187" HPOS="461" VPOS="1288" WIDTH="100" HEIGHT="24" WC="0.91" CONTENT="inflytande"/><SP WIDTH="13" VPOS="1288" HPOS="561"/>
							<String ID="string_188" HPOS="574" VPOS="1288" WIDTH="100" HEIGHT="24" WC="0.87" CONTENT="spanmäls-"/>
						</TextLine>
						<TextLine ID="line_26" HPOS="147" VPOS="1322" WIDTH="526" HEIGHT="24">
							<String ID="string_189" HPOS="147" VPOS="1326" WIDTH="69" HEIGHT="19" WC="0.93" CONTENT="räntor,"/><SP WIDTH="18" VPOS="1326" HPOS="216"/>
							<String ID="string_190" HPOS="234" VPOS="1325" WIDTH="91" HEIGHT="21" WC="0.92" CONTENT="upptages"/><SP WIDTH="18" VPOS="1325" HPOS="325"/>
							<String ID="string_191" HPOS="343" VPOS="1323" WIDTH="107" HEIGHT="23" WC="0.92" CONTENT="förslagsvis"/><SP WIDTH="16" VPOS="1323" HPOS="450"/>
							<String ID="string_192" HPOS="466" VPOS="1323" WIDTH="12" HEIGHT="17" WC="0.34" CONTENT="a"/><SP WIDTH="16" VPOS="1323" HPOS="478"/>
							<String ID="string_193" HPOS="494" VPOS="1324" WIDTH="63" HEIGHT="22" WC="0.93" CONTENT="40,000"/><SP WIDTH="17" VPOS="1324" HPOS="557"/>
							<String ID="string_194" HPOS="574" VPOS="1322" WIDTH="53" HEIGHT="18" WC="0.96" CONTENT="mark"/><SP WIDTH="17" VPOS="1322" HPOS="627"/>
							<String ID="string_195" HPOS="644" VPOS="1328" WIDTH="29" HEIGHT="12" WC="0.96" CONTENT="om"/>
						</TextLine>
						<TextLine ID="line_27" HPOS="148" VPOS="1359" WIDTH="296" HEIGHT="17">
							<String ID="string_196" HPOS="148" VPOS="1359" WIDTH="39" HEIGHT="17" WC="0.94" CONTENT="året"/><SP WIDTH="25" VPOS="1359" HPOS="187"/>
							<String ID="string_197" HPOS="212" VPOS="1370" WIDTH="232" HEIGHT="6" WC="0.2" CONTENT="ookke."/><SP WIDTH="18" VPOS="1370" HPOS="444"/>
							<String ID="string_198" HPOS="462" VPOS="1370" WIDTH="210" HEIGHT="6" WC="0.10" CONTENT="asia"/><SP WIDTH="-145" VPOS="1370" HPOS="672"/>
							<String ID="string_199" HPOS="527" VPOS="1355" WIDTH="12" HEIGHT="31" WC="0.46" CONTENT="a"/><SP WIDTH="9" VPOS="1355" HPOS="539"/>
							<String ID="string_200" HPOS="548" VPOS="1355" WIDTH="11" HEIGHT="31" WC="0.40" CONTENT="8"/><SP WIDTH="12" VPOS="1355" HPOS="559"/>
							<String ID="string_201" HPOS="571" VPOS="1355" WIDTH="35" HEIGHT="31" WC="0.29" CONTENT="606"/><SP WIDTH="12" VPOS="1355" HPOS="606"/>
							<String ID="string_202" HPOS="618" VPOS="1355" WIDTH="14" HEIGHT="31" WC="0.7" CONTENT="as"/><SP WIDTH="9" VPOS="1355" HPOS="632"/>
							<String ID="string_203" HPOS="641" VPOS="1355" WIDTH="35" HEIGHT="31" WC="0.27" CONTENT="ien"/>
						</TextLine>
					</TextBlock>
				</ComposedBlock>
				<ComposedBlock ID="cblock_10" HPOS="124" VPOS="1408" WIDTH="549" HEIGHT="95">
					<TextBlock ID="block_10" HPOS="124" VPOS="1408" WIDTH="549" HEIGHT="95">
						<TextLine ID="line_28" HPOS="124" VPOS="1408" WIDTH="549" HEIGHT="23">
							<String ID="string_204" HPOS="124" VPOS="1410" WIDTH="65" HEIGHT="21" WC="0.96" CONTENT="Enligt"/><SP WIDTH="16" VPOS="1410" HPOS="189"/>
							<String ID="string_205" HPOS="205" VPOS="1408" WIDTH="52" HEIGHT="19" WC="0.93" CONTENT="Hans"/><SP WIDTH="18" VPOS="1408" HPOS="257"/>
							<String ID="string_206" HPOS="275" VPOS="1409" WIDTH="105" HEIGHT="22" WC="0.90" CONTENT="Kejserliga"/><SP WIDTH="17" VPOS="1409" HPOS="380"/>
							<String ID="string_207" HPOS="397" VPOS="1409" WIDTH="99" HEIGHT="22" WC="0.91" CONTENT="Majestäts"/><SP WIDTH="16" VPOS="1409" HPOS="496"/>
							<String ID="string_208" HPOS="512" VPOS="1409" WIDTH="67" HEIGHT="21" WC="0.90" CONTENT="nädiga"/><SP WIDTH="11" VPOS="1409" HPOS="579"/>
							<String ID="string_209" HPOS="590" VPOS="1408" WIDTH="83" HEIGHT="21" WC="0.92" CONTENT="anslags-"/>
						</TextLine>
						<TextLine ID="line_29" HPOS="146" VPOS="1441" WIDTH="526" HEIGHT="24">
							<String ID="string_210" HPOS="146" VPOS="1443" WIDTH="114" HEIGHT="22" WC="0.96" CONTENT="proposition"/><SP WIDTH="17" VPOS="1443" HPOS="260"/>
							<String ID="string_211" HPOS="277" VPOS="1443" WIDTH="30" HEIGHT="17" WC="0.96" CONTENT="till"/><SP WIDTH="12" VPOS="1443" HPOS="307"/>
							<String ID="string_212" HPOS="319" VPOS="1442" WIDTH="89" HEIGHT="18" WC="0.93" CONTENT="Finlands"/><SP WIDTH="13" VPOS="1442" HPOS="408"/>
							<String ID="string_213" HPOS="421" VPOS="1442" WIDTH="79" HEIGHT="18" WC="0.91" CONTENT="Ständer"/><SP WIDTH="11" VPOS="1442" HPOS="500"/>
							<String ID="string_214" HPOS="511" VPOS="1442" WIDTH="81" HEIGHT="17" WC="0.96" CONTENT="kommer"/><SP WIDTH="12" VPOS="1442" HPOS="592"/>
							<String ID="string_215" HPOS="604" VPOS="1442" WIDTH="27" HEIGHT="17" WC="0.93" CONTENT="ett"/><SP WIDTH="11" VPOS="1442" HPOS="631"/>
							<String ID="string_216" HPOS="642" VPOS="1441" WIDTH="30" HEIGHT="18" WC="0.93" CONTENT="be-"/>
						</TextLine>
						<TextLine ID="line_30" HPOS="570" VPOS="1481" WIDTH="102" HEIGHT="22">
							<String ID="string_217" HPOS="570" VPOS="1481" WIDTH="102" HEIGHT="22" WC="0.96" CONTENT="Transport"/>
						</TextLine>
					</TextBlock>
				</ComposedBlock>
				<ComposedBlock ID="cblock_11" HPOS="686" VPOS="1384" WIDTH="3" HEIGHT="76">
					<TextBlock ID="block_11" HPOS="686" VPOS="1384" WIDTH="3" HEIGHT="76">
						<TextLine ID="line_31" HPOS="686" VPOS="1384" WIDTH="3" HEIGHT="76">
							<String ID="string_218" HPOS="686" VPOS="1384" WIDTH="3" HEIGHT="76" WC="0.95" CONTENT="|"/>
						</TextLine>
					</TextBlock>
				</ComposedBlock>
				<ComposedBlock ID="cblock_12" HPOS="723" VPOS="264" WIDTH="94" HEIGHT="28">
					<TextBlock ID="block_12" HPOS="723" VPOS="264" WIDTH="94" HEIGHT="28">
						<TextLine ID="line_32" HPOS="723" VPOS="264" WIDTH="94" HEIGHT="28">
							<String ID="string_219" HPOS="723" VPOS="264" WIDTH="94" HEIGHT="28" WC="0.56" CONTENT="1,085,329]"/>
						</TextLine>
					</TextBlock>
				</ComposedBlock>
				<ComposedBlock ID="cblock_13" HPOS="739" VPOS="498" WIDTH="74" HEIGHT="21">
					<TextBlock ID="block_13" HPOS="739" VPOS="498" WIDTH="74" HEIGHT="21">
						<TextLine ID="line_33" HPOS="739" VPOS="498" WIDTH="74" HEIGHT="21">
							<String ID="string_220" HPOS="739" VPOS="498" WIDTH="74" HEIGHT="21" WC="0.89" CONTENT="100,000"/>
						</TextLine>
					</TextBlock>
				</ComposedBlock>
				<ComposedBlock ID="cblock_14" HPOS="750" VPOS="624" WIDTH="63" HEIGHT="21">
					<TextBlock ID="block_14" HPOS="750" VPOS="624" WIDTH="63" HEIGHT="21">
						<TextLine ID="line_34" HPOS="750" VPOS="624" WIDTH="63" HEIGHT="21">
							<String ID="string_221" HPOS="750" VPOS="624" WIDTH="63" HEIGHT="21" WC="0.76" CONTENT="50,000"/>
						</TextLine>
					</TextBlock>
				</ComposedBlock>
				<ComposedBlock ID="cblock_15" HPOS="762" VPOS="716" WIDTH="51" HEIGHT="21">
					<TextBlock ID="block_15" HPOS="762" VPOS="716" WIDTH="51" HEIGHT="21">
						<TextLine ID="line_35" HPOS="762" VPOS="716" WIDTH="51" HEIGHT="21">
							<String ID="string_222" HPOS="762" VPOS="716" WIDTH="51" HEIGHT="21" WC="0.95" CONTENT="5,000"/>
						</TextLine>
					</TextBlock>
				</ComposedBlock>
				<ComposedBlock ID="cblock_16" HPOS="722" VPOS="986" WIDTH="90" HEIGHT="22">
					<TextBlock ID="block_16" HPOS="722" VPOS="986" WIDTH="90" HEIGHT="22">
						<TextLine ID="line_36" HPOS="722" VPOS="986" WIDTH="90" HEIGHT="22">
							<String ID="string_223" HPOS="722" VPOS="986" WIDTH="90" HEIGHT="22" WC="0.85" CONTENT="1,774,004"/>
						</TextLine>
					</TextBlock>
				</ComposedBlock>
				<ComposedBlock ID="cblock_17" HPOS="750" VPOS="1078" WIDTH="64" HEIGHT="21">
					<TextBlock ID="block_17" HPOS="750" VPOS="1078" WIDTH="64" HEIGHT="21">
						<TextLine ID="line_37" HPOS="750" VPOS="1078" WIDTH="64" HEIGHT="21">
							<String ID="string_224" HPOS="750" VPOS="1078" WIDTH="64" HEIGHT="21" WC="0.88" CONTENT="40,000"/>
						</TextLine>
					</TextBlock>
				</ComposedBlock>
				<ComposedBlock ID="cblock_18" HPOS="738" VPOS="1203" WIDTH="75" HEIGHT="22">
					<TextBlock ID="block_18" HPOS="738" VPOS="1203" WIDTH="75" HEIGHT="22">
						<TextLine ID="line_38" HPOS="738" VPOS="1203" WIDTH="75" HEIGHT="22">
							<String ID="string_225" HPOS="738" VPOS="1203" WIDTH="75" HEIGHT="22" WC="0.90" CONTENT="200,000"/>
						</TextLine>
					</TextBlock>
				</ComposedBlock>
				<ComposedBlock ID="cblock_19" HPOS="739" VPOS="1357" WIDTH="74" HEIGHT="21">
					<TextBlock ID="block_19" HPOS="739" VPOS="1357" WIDTH="74" HEIGHT="21">
						<TextLine ID="line_39" HPOS="739" VPOS="1357" WIDTH="74" HEIGHT="21">
							<String ID="string_226" HPOS="739" VPOS="1357" WIDTH="74" HEIGHT="21" WC="0.91" CONTENT="160,000"/>
						</TextLine>
					</TextBlock>
				</ComposedBlock>
				<ComposedBlock ID="cblock_20" HPOS="719" VPOS="1481" WIDTH="91" HEIGHT="22">
					<TextBlock ID="block_20" HPOS="719" VPOS="1481" WIDTH="91" HEIGHT="22">
						<TextLine ID="line_40" HPOS="719" VPOS="1481" WIDTH="91" HEIGHT="22">
							<String ID="string_227" HPOS="719" VPOS="1481" WIDTH="91" HEIGHT="22" WC="0.88" CONTENT="3,456,167"/>
						</TextLine>
					</TextBlock>
				</ComposedBlock>
				<GraphicalElement ID="cblock_21" HPOS="814" VPOS="225" WIDTH="5" HEIGHT="1262"></GraphicalElement >
				<ComposedBlock ID="cblock_22" HPOS="823" VPOS="1481" WIDTH="23" HEIGHT="16">
					<TextBlock ID="block_21" HPOS="823" VPOS="1481" WIDTH="23" HEIGHT="16">
						<TextLine ID="line_41" HPOS="823" VPOS="1481" WIDTH="23" HEIGHT="16">
							<String ID="string_228" HPOS="823" VPOS="1481" WIDTH="23" HEIGHT="16" WC="0.88" CONTENT="14"/>
						</TextLine>
					</TextBlock>
				</ComposedBlock>
				<GraphicalElement ID="cblock_23" HPOS="854" VPOS="225" WIDTH="6" HEIGHT="1272"></GraphicalElement >
			</PrintSpace>
		</Page>
	</Layout>
</alto>
