1117 1778
361 173 28 22 U.
405 173 27 23 B.
448 187 27 2 —
491 175 74 27 Prop.
599 180 23 17 N:o
637 175 38 22 22.
835 176 26 20 39

349 241 188 22 ankommande
563 243 98 27 frågor
683 243 114 20 rörande
814 243 79 27 fort-

350 275 138 21 beståndet
505 276 36 25 af
558 276 149 21 meddeladt
726 279 99 24 patent,
844 277 49 20 söke

349 309 95 27 ändring
465 310 31 26 pä
517 312 43 18 sätt
582 310 38 21 och
640 311 57 19 inom
714 310 39 25 tid,
768 317 45 14 som
829 311 7 20 i
852 312 13 19 9
880 311 14 26 $

349 343 94 26 stadgas.

587 430 28 19 17
630 429 19 26 $.

421 484 34 21 Uti
476 485 85 25 ärende,
577 492 44 14 som
637 486 66 27 enligt
718 485 72 21 denna
802 485 92 28 förord-

349 519 53 27 ning
424 519 124 21 ankommer
567 520 13 20 å
595 519 216 28 Industristyrelsens
826 519 68 21 hand-

349 553 110 27 läggning,
481 554 66 27 hafve
564 553 101 27 sakegare
680 556 45 19 rätt
750 557 31 18 att
803 555 35 20 sin
861 555 33 19 in-

350 587 50 28 laga
423 588 48 20 med
492 589 73 20 dertill
580 588 96 21 hörande
691 588 134 29 handlingar
839 589 8 20 i
863 588 32 21 be-

349 621 55 21 taldt
424 621 52 28 bref
499 623 35 20 till
564 623 203 26 Industristyrelsen
792 623 101 24 insända,

351 655 37 21 der
407 655 43 21 han
473 657 21 26 ej
511 657 38 20 vill
563 657 109 20 desamma
688 657 56 26 sjelf
755 657 51 20 eller
819 663 75 20 genom

349 689 189 29 befullmäktigadt
553 691 77 20 ombud
647 691 102 21 inlemna.
779 691 115 20 Likaledes

349 724 44 20 kan
411 724 76 27 afgift,
508 731 44 14 som
575 725 8 20 i
605 726 27 20 11
646 724 15 27 $
676 724 146 28 omförmäles,
839 724 7 20 i
861 724 32 20 be-

349 758 56 21 taldt
425 758 53 28 bref
496 760 51 19 eller
569 759 87 20 medelst
675 758 165 28 postanvisning
859 758 34 20 till

349 792 204 28 Industristyrelsen
568 792 136 28 öfverstyras.

587 890 28 20 18
631 890 20 26 S.

417 945 214 28 Industristyrelsens
661 945 66 21 beslut
765 946 8 20 i
806 947 88 25 patent-

350 980 79 20 ärende
451 980 64 25 skall,
537 979 54 28 ifall
612 980 95 27 ändring
729 980 7 20 i
752 979 88 21 beslutet
852 979 42 27 fär

350 1014 63 20 sökas
435 1014 52 20 eller
507 1014 47 20 deri
576 1014 117 20 meddelats
706 1013 128 28 föreskrift,
850 1020 44 14 som

349 1049 58 20 inom
429 1048 43 21 viss
493 1048 32 20 tid
543 1048 38 21 bör
591 1048 121 27 fullgöras,
727 1048 97 27 utgifvas
838 1047 57 24 efter

350 1083 77 27 anslag
449 1082 38 21 och
509 1082 215 21 underrättelse
747 1081 90 21 derom
860 1088 35 21 ge-

349 1119 50 18 nast
421 1117 8 19 i
452 1116 53 27 bref
519 1116 116 21 tillsändas
653 1115 110 22 sökanden
781 1115 57 27 eller,
862 1122 33 13 om

350 1151 44 20 han
416 1153 26 18 är
463 1153 58 18 utom
544 1151 74 20 landet
638 1150 84 25 boende,
742 1150 55 21 hans
812 1149 83 24 ombud,

350 1185 96 27 såframt
468 1185 63 20 deras
544 1185 124 27 postadress
683 1184 71 27 blifvit
769 1184 125 27 uppgifven.

353 1220 72 20 Annat
448 1219 73 26 beslut,
544 1219 84 27 hvaraf
646 1218 120 21 sökandens
789 1220 43 19 rätt
852 1218 43 20 kan

351 1253 54 25 bero,
420 1253 57 20 skall
492 1253 101 20 likaledes
609 1254 8 19 i
633 1253 52 26 bref
696 1252 109 27 delgifvas
818 1251 78 21 sökan-

351 1287 40 21 den
411 1287 51 21 eller
477 1287 56 21 hans
547 1287 83 21 ombud.

591 1385 27 20 19
636 1383 21 28 $.

419 1440 47 20 För
481 1440 164 27 handläggning
660 1438 31 28 af
699 1438 155 27 patentärende
864 1438 33 20 uti

358 1474 198 28 Industristyrelsen
577 1474 35 20 mä
633 1472 102 28 sakegare
757 1472 19 28 ej
794 1471 103 29 betungas

216 1516 50 22 Lag-
277 1515 33 18 och
321 1514 181 19 Ekonomiutskottets
513 1513 111 18 betänkande
636 1513 35 17 N:o
683 1513 26 17 11.
