1123 1784
259 162 26 20 16

420 161 83 23 Ständ.
519 160 38 24 Sv.
573 174 27 3 —
616 162 72 26 Prop.
703 162 42 21 N:o
761 160 35 23 22.

673 228 26 20 11
713 227 23 27 $.

503 280 48 21 Har
574 280 72 26 någon
669 279 94 27 olojligen
786 279 93 28 tilleynat
901 280 33 26 sig
949 286 35 14 an-

435 321 56 15 nans
515 314 89 22 hvarken
626 314 168 28 offentliggjorda
816 314 47 22 eller
877 316 62 24 öppet
953 316 32 20 ut-

434 349 74 27 öfvade
530 349 127 27 uppfinning
683 349 36 21 och
743 350 76 21 vunnit
837 351 74 25 patent
933 349 51 21 derä

434 384 48 21 eller
497 384 95 21 utverkat
609 384 33 26 sig
656 385 75 25 patent
746 384 14 21 å
774 383 133 28 uppfinning,
923 384 60 21 hvar-

434 418 57 26 öfver
506 418 42 22 han
562 418 44 21 icke
621 418 68 22 allena
704 420 33 25 egt
751 418 89 27 förfoga,
859 418 36 21 mä
910 418 75 21 endast

434 452 39 21 den
497 453 131 26 förorättade
647 453 31 25 pä
696 453 69 20 sädan
779 452 71 27 grund
863 453 48 26 föra
926 453 58 21 talan

434 493 33 15 om
483 489 31 19 att
528 489 94 24 patentet
635 487 104 26 förklaras
755 487 70 26 ogildt.
852 486 41 22 Vill
903 487 80 22 idessa

434 521 39 27 fall
488 521 39 21 den
546 521 131 26 förorättade
694 521 61 21 hellre
772 521 58 27 yrka,
847 523 30 20 att
890 523 94 26 patentet

432 556 42 21 helt
489 556 37 21 och
541 556 63 21 hället
619 555 48 22 eller
685 556 31 21 till
733 556 40 21 den
788 556 33 21 del
835 555 41 22 han
891 556 47 27 haft
953 558 30 20 att

433 591 56 21 råda
504 591 56 26 öfver
575 591 152 26 uppfinningen
741 590 54 22 skall
813 590 32 22 till
859 591 76 21 honom
950 591 32 26 af-

433 625 82 26 trädas,
531 633 35 19 ege
579 627 45 19 rätt
639 625 80 26 dertill;
737 625 50 22 dock
802 626 35 20 mä
853 625 79 22 sädant
947 632 35 15 an-

432 660 66 25 spräk
520 659 20 28 ej
561 659 66 22 lända
650 659 32 21 till
697 659 87 28 förfäng
799 659 34 27 för
847 659 64 28 tredje
925 666 56 21 man,

434 700 46 15 som
494 694 9 21 i
516 694 43 27 god
575 696 32 20 tro
621 693 73 22 inlätit
708 694 32 27 sig
755 694 8 21 i
778 693 53 27 aftal
845 694 47 21 med
898 696 83 25 patent-

431 727 106 27 hafvaren.

670 792 29 19 12
713 790 22 28 8.

504 838 62 32 Öfver
580 843 119 22 meddelade
710 845 76 25 patent
800 842 53 23 skall
868 843 27 26 af
894 845 85 24 patent-

431 877 146 28 myndigheten
600 878 59 27 föras
681 879 28 20 ett
733 878 93 27 register,
852 877 51 28 efter
926 878 55 22 hvad

433 912 71 22 derom
516 912 102 22 särskildt
632 912 93 27 stadgas.

503 946 67 22 Såväl
590 947 103 27 registret,
715 954 46 14 som
780 947 25 21 de
820 947 159 27 beskrifningar,

431 980 120 28 teckningar
570 982 36 21 och
622 981 103 27 modeller,
743 981 68 23 hvilka
827 982 56 26 angå
897 982 81 21 medde-

430 1015 47 21 lade
493 1018 81 24 patent,
592 1015 59 22 skola
665 1015 70 22 hållas
751 1016 130 27 tillgängliga
895 1016 34 26 för
944 1023 35 15 en-

429 1049 58 27 hvar,
510 1057 45 15 som
578 1050 77 22 önskar
677 1051 27 25 af
722 1051 46 21 dem
791 1053 48 25 taga
855 1051 122 21 kännedom.

434 1083 82 28 Utdrag
533 1092 26 14 ur
576 1085 97 27 registret
690 1085 36 21 och
745 1086 86 26 afskrift
846 1086 27 26 af
882 1085 97 22 handlin-

427 1125 69 20 garna
517 1119 106 23 meddelas
646 1120 27 27 af
685 1120 221 28 patentmyndigheten
925 1122 53 20 emot

427 1154 103 27 stadgade
546 1154 91 27 afgifter.

667 1220 29 19 13
711 1217 22 28 $.

500 1258 104 33 Öfvergår
616 1264 74 26 patent
705 1264 14 20 å
733 1270 78 19 annan,
830 1264 53 22 skall
897 1264 80 22 sådant

427 1296 38 22 hos
484 1298 221 27 patentmyndigheten
726 1298 34 26 för
774 1298 129 28 inskrifning
917 1298 10 22 i
939 1306 37 19 pa-

429 1332 141 25 tentregistret
584 1332 118 25 skriftligen
718 1332 97 21 anmälas
831 1332 35 21 och
880 1332 48 21 med
939 1335 38 18 nö-

427 1364 50 27 diga
499 1364 128 27 handlingar
649 1365 90 27 styrkas.
775 1365 81 22 Finner
879 1366 96 27 myndig-

427 1398 59 21 heten
514 1398 247 30 inskrifningsätgärden
790 1401 50 22 böra
871 1401 104 27 vidtagas,

425 1433 65 22 varde
512 1433 39 21 den
574 1437 77 24 genast
672 1435 111 22 verkstälä.
815 1431 46 27 Äro
877 1435 98 22 handlin-

425 1475 70 20 garna
517 1468 19 27 &
558 1469 146 28 fullständiga,
727 1470 53 22 skall
801 1471 105 22 sökanden
921 1471 54 28 före-
