1098 1725
254 111 26 21 10

223 178 44 27 liga
287 178 135 28 jordegares,
452 178 189 27 sytningstagares,
666 179 163 21 arrendatorers
855 179 41 21 och
918 179 60 27 jord-

225 214 99 25 torpares
339 214 57 20 samt
410 212 70 27 öfriga
495 212 190 27 fastighetsegares
700 212 30 27 på
744 213 73 21 landet
831 213 34 21 till
880 213 98 27 taxering

223 248 110 25 upptagne
359 246 94 22 inkomst
478 246 34 22 till
538 247 127 21 72.691.200
690 246 66 22 mark.
787 246 75 22 Denna
883 246 96 23 inkomst

225 283 160 25 representerar
400 281 120 22 emellertid
535 281 41 21 den
591 287 52 16 rena
658 281 156 28 behållningen,
830 281 20 22 d.
866 288 20 15 v.
902 287 17 16 s.
930 281 48 28 den,

228 321 45 16 som
297 316 96 27 uppstår,
416 315 28 22 då
467 315 46 22 från
538 316 40 21 den
600 315 33 22 till
656 315 116 28 penningar
786 316 146 27 uppskattade
947 316 31 21 af-

225 349 125 28 kastningen
373 350 23 21 af
418 357 26 14 en
466 356 89 21 persons
577 350 56 21 fasta
651 350 39 21 och
706 350 79 27 rörliga
800 350 89 27 kapital,
904 349 73 28 tjenst,

224 385 81 21 rörelse
320 385 52 21 eller
387 385 210 22 arbetsverksamhet
613 387 54 19 samt
683 384 56 22 ifrån
754 385 55 20 hans
819 384 160 28 förmögenhets

225 418 114 28 tillökning
353 419 7 21 i
376 419 65 27 öfrigt
464 425 76 21 genom
563 419 39 26 arf,
617 421 135 24 testamente,
768 418 138 28 fideikomiss,
921 419 56 28 fynd,

223 453 96 27 pension,
335 453 68 22 nådår
413 460 28 15 m.
453 460 34 20 m.,
498 453 99 28 afdrages
608 453 18 27 ej
638 454 83 21 mindre
732 453 26 21 de
768 453 68 27 årliga
846 453 132 22 underhålls-

223 488 41 21 och
287 487 203 30 driftkostnaderna,
506 489 139 25 arbetslöner,
662 490 62 20 ränta
738 487 28 28 på
781 488 94 28 skulder,
892 489 87 26 sytning

224 523 48 21 med
287 529 66 20 mera,
369 525 27 19 än
411 523 62 21 äfven
488 523 43 22 alla
546 523 33 22 till
594 525 77 24 staten,
687 523 82 27 kyrkan
784 523 53 21 eller
847 523 132 22 kommunen

224 557 107 27 utgäende
346 557 118 28 utskylder.

292 593 96 26 Antages
405 592 23 22 af
438 592 59 22 detta
508 592 171 27 inkomstbelopp
690 592 74 22 endast
774 592 97 27 omkring
881 593 34 26 2/3,
926 592 53 22 eller

224 627 27 20 50
274 627 52 27 milj.
343 627 60 21 mark
426 629 78 25 utgöra
518 627 101 27 beloppet
634 627 23 21 af
671 627 40 21 den
726 633 52 15 rena
793 626 121 22 inkomsten
930 627 48 21 frän

225 660 76 27 sjelfva
321 661 230 27 jordbruksnäringen,
573 661 82 21 hvilket
677 661 45 21 icke
744 667 63 21 synes
826 667 35 15 oss
878 661 32 21 för
926 661 53 26 högt

224 698 66 24 taget,
299 696 20 27 *)
335 696 179 26 representerade
536 699 83 19 ensamt
639 696 69 21 denna
730 696 94 21 inkomst
840 697 31 20 ett
887 696 91 27 kapital-

224 730 71 26 värde,
307 730 66 27 enligt
385 731 12 21 5
406 731 34 27 %/,,
452 730 23 21 af
487 731 162 21 1.000.000.000
658 730 68 27 mark,
735 730 52 22 eller
798 736 82 16 samma
893 736 86 16 summa

224 770 45 16 som
285 765 20 21 vi
321 764 63 23 ofvan
400 765 86 22 erhällit
502 765 69 22 säsom
581 764 149 28 kapitalvärde
740 764 33 22 för
783 764 85 23 landets
879 765 100 27 samtliga

223 799 247 28 jordbrukslägenheter,
482 799 164 28 undantagande
661 800 153 27 kronoskogar,
824 799 155 28 allmänningar

224 833 38 21 och
278 833 41 27 dyl.

292 868 48 21 Men
363 869 33 20 till
420 868 60 21 detta
495 869 48 20 med
559 868 110 21 anlitande
684 868 24 21 af
720 868 153 27 bevillningens
888 869 91 21 resultat

224 901 97 22 erhällna
337 903 66 21 värde
418 902 39 21 bör
473 905 55 18 ännu
543 903 74 27 läggas
632 903 49 21 hela
695 903 100 27 beloppet
805 903 24 21 af
837 903 8 21 i
852 903 127 27 jordbruks-

224 935 155 28 fastigheterna
395 937 127 22 intecknade
537 937 43 28 län,
596 937 83 21 hvilkas
690 937 133 28 totalbelopp
834 937 62 22 torde
906 937 73 27 uppgå

225 970 34 21 till
281 971 99 28 omkring
405 973 141 20 102.000.000
561 973 68 26 mark,
645 972 109 21 äfvensom
773 973 41 21 den
830 973 112 26 tillökning
958 972 23 21 af

224 1004 154 29 kapitalvärde,
395 1012 45 15 som
454 1005 270 28 jordbrukslägenheterna
741 1006 69 22 mäste
828 1007 76 20 tänkas
914 1006 65 21 hafva

224 1038 85 22 erhållit
324 1040 65 21 sedan
407 1041 51 20 1881
476 1040 68 21 såsom
561 1047 26 14 en
601 1040 54 27 följd
670 1039 23 22 af
707 1047 26 14 en
744 1041 99 26 stigande
854 1041 125 21 ekonomisk

222 1073 122 28 utveckling
359 1073 6 22 i
381 1074 73 21 landet
470 1074 205 27 öfverhufvudtaget.

468 1131 20 23 2.
519 1126 69 34 Öfriga
603 1132 131 27 fastigheter.

444 1177 165 28 Fastigheterna
624 1178 8 20 i
647 1178 109 21 städerna.

291 1217 177 21 Bestämmandet
478 1218 24 20 af
510 1218 226 27 stadsfastigheternas
746 1218 133 27 ungefärliga
887 1218 92 28 kapital-

225 1251 65 21 värde
312 1251 42 21 kan
369 1251 38 21 ske
423 1252 50 21 vida
488 1252 79 22 lättare
583 1252 38 21 och
636 1252 49 21 med
701 1255 70 19 större
786 1253 149 26 noggrannhet
950 1255 28 19 än

221 1284 288 28 jordbruksfastigheternas,
526 1286 106 21 beroende
649 1285 65 28 deraf,
725 1288 33 20 att
768 1285 33 22 för
812 1286 119 22 ändamälet
942 1293 36 15 an-

222 1319 110 21 vändbara
347 1319 109 28 uppgifter
470 1320 103 27 rikligare
589 1320 39 21 och
643 1319 161 29 fullständigare
819 1320 34 21 stä
867 1321 33 21 till
916 1321 61 22 buds.

290 1377 17 22 +)
331 1376 9 18 I
351 1377 112 22 värnepligts
484 1378 101 18 utskottets
609 1378 185 23 sammanjemknings
813 1378 117 19 betänkande
947 1380 31 17 vid

221 1405 111 23 landtdagen
346 1406 90 18 1877—78
448 1407 82 22 antages,
538 1406 73 19 likvisst
623 1407 135 22 ,,exempelvis,"
768 1409 39 21 ,,att
814 1408 165 23 jordegendomens

222 1435 127 23 kapitalvärde
361 1435 61 18 skulle
434 1437 65 21 utgöra
512 1436 22 23 ?/,
546 1436 20 18 af
577 1436 26 19 all
615 1436 72 18 enskild
700 1437 129 23 förmögenhet
841 1437 7 18 i
860 1437 80 19 landet.*
980 1436 2 2 ”
