1123 1781
260 160 15 19 4
452 158 29 22 U.
496 158 29 22 B.
541 170 27 3 —
583 158 74 28 Prop.
673 158 42 22 N:e
731 158 34 22 17.

232 226 203 28 läggsstadgandet:
456 226 55 28 ,och
531 226 53 20 skall
601 226 134 21 beträffande
750 225 117 28 kyrkolags
883 225 102 22 stiftande

231 260 57 28 gälla
303 260 58 21 hvad
377 260 75 21 derom
467 260 101 21 särskildt
583 260 23 20 är
621 260 123 26 stadgadt.*

300 294 175 22 Vidkommande
497 294 67 21 sedan
586 294 131 21 Ständernas
737 294 132 27 befogenhet
890 294 50 21 med
955 294 30 20 af-

231 328 80 22 seende
332 329 13 20 ä
364 332 32 17 ett
411 328 24 21 af
446 328 139 27 kyrkomötet
600 331 89 24 antaget
705 328 41 21 och
761 335 80 21 genom
855 328 65 27 nädig
935 335 50 21 pro-

231 364 96 26 position
349 363 32 21 till
397 362 131 22 Ständernas
544 362 161 28 handläggning
726 363 157 21 öfverlemnadt
904 362 81 28 förslag

231 398 90 26 uppstär
332 397 81 27 frägan,
428 398 7 20 i
450 397 57 20 hvad
522 397 49 21 män
586 397 64 21 dessa
665 397 38 21 äro
714 396 137 28 berättigade
861 400 32 18 att
901 397 83 21 besluta

230 431 32 21 till
277 431 114 27 ändringar
405 433 7 19 i
427 430 104 28 förslaget
546 431 42 21 och
604 431 94 21 derefter
713 431 130 21 öfverlemna
854 434 31 18 ett
895 431 89 21 sälunda

230 468 89 24 antaget
334 465 126 21 förändradt
475 465 80 27 förslag
570 465 31 21 till
616 465 26 21 H.
658 465 28 21 K.
702 465 45 24 M:t,
764 465 32 20 för
811 468 38 22 att,
863 465 72 21 derest
946 466 37 20 det

231 499 25 20 af
274 499 27 21 H.
324 499 28 20 K.
368 499 39 21 M:t
429 499 133 27 godkännes,
578 499 67 21 varda
659 500 73 20 säsom
747 499 35 27 lag
797 499 116 21 utfärdadt.
944 499 40 21 Ut-

230 533 82 21 skottet
333 533 24 21 är
372 533 33 21 för
419 535 32 19 sin
466 533 35 21 del
516 533 25 21 af
553 534 42 20 den
609 535 93 25 mening,
718 536 32 18 att
765 533 120 21 Ständerna
901 534 6 20 i
923 534 60 20 detta

229 568 124 21 hänseende
375 568 47 20 icke
445 574 40 20 ega
508 568 133 27 befogenhet
656 571 32 18 att
703 571 79 23 antaga
797 571 32 18 ett
845 568 44 20 frän
904 568 79 26 kyrko-

229 602 80 21 mötets
332 602 81 27 förslag
437 602 114 21 afvikande
576 602 85 25 sädant;
687 602 66 26 enligt
778 602 125 22 Utskottets
918 602 65 21 tanke

228 636 71 21 kunna
315 636 120 21 Ständerna
455 636 77 21 endast
547 636 130 27 godkännna
692 636 49 21 slikt
756 636 81 28 förslag
851 636 52 21 eller
917 636 66 27 vägra

230 670 38 22 det
283 672 37 19 sitt
335 670 164 28 godkännande.
531 670 132 28 Visserligen
679 670 38 21 äro
727 670 145 28 kyrkolagens
882 671 102 27 stadgan-

229 704 43 22 den
287 705 47 21 icke
349 705 104 21 affattade
468 704 51 21 med
533 704 109 22 önskvärd
657 704 117 28 tydlighet;
790 705 31 20 till
836 712 26 14 en
875 704 35 22 del
920 705 63 20 beror

228 739 43 20 den
286 739 82 21 mindre
383 739 92 27 lyckade
490 739 140 27 affattningen
645 740 30 26 pä
690 739 41 21 den
744 738 129 28 förändring,
887 746 48 14 som
945 739 38 21 det

229 773 148 27 ursprungliga
399 773 221 27 kyrkolagsförslaget
641 773 117 27 undergick
780 773 43 21 förr
845 774 28 20 än
895 773 36 21 det
953 773 30 21 till

227 807 122 21 Ständerna
368 807 177 21 öfverlemnades.
575 808 74 27 Enligt
663 808 69 26 sagda
747 808 81 26 förslag
842 808 67 20 skulle
925 815 58 13 nem-

227 842 57 27 ligen
301 842 143 28 ,rättigheten
459 846 32 17 att
506 842 60 22 stifta
581 842 36 28 lag
632 843 7 20 i
653 842 38 21 allt
705 849 48 14 som
767 842 36 21 rör
817 842 56 22 blott
887 842 94 28 kyrkans

227 883 56 21 egna
305 876 182 28 angelägenheter
510 877 85 21 utöfvas
618 876 25 22 af
661 876 83 27 kyrkan
766 876 50 28 sjelf
831 884 80 20 genom
931 877 50 20 dess

227 914 174 24 representänter
421 912 29 26 pä
470 911 148 27 kyrkomötet;
635 911 57 21 dock
707 912 24 20 sä
746 915 31 17 att
793 912 153 20 stadfästelsen
961 911 24 20 af

227 946 28 20 de
277 945 36 21 vid
336 944 144 28 kyrkomöten
495 945 98 21 beslutna
608 946 60 27 lagar
683 945 129 21 tillkommer
827 944 116 28 regenten"
960 946 20 25 (3

227 980 50 26 kap.
293 980 12 20 8
321 978 28 29 8).
381 978 48 22 Och
449 986 36 14 om
507 980 131 26 kyrkomöte
653 980 64 20 sades
733 980 33 27 (25
783 980 50 27 kap.
849 980 14 20 6
877 980 28 27 8):
923 980 57 28 ,All-

225 1014 60 20 mänt
300 1013 131 27 kyrkomöte
445 1014 129 20 tillkommer
589 1018 32 17 att
636 1013 65 25 stifta,
717 1014 100 21 förändra
832 1014 42 21 och
889 1014 91 21 förklara

226 1047 112 27 kyrkolag,
362 1047 57 21 dock
437 1048 24 20 sä
477 1051 32 17 att
523 1048 151 27 kyrkomötets
689 1048 70 21 beslut
775 1048 53 21 skall
843 1050 137 25 regeringens

225 1082 160 26 godkännande
395 1082 163 20 underställas.*
578 1083 51 20 Men
639 1082 92 21 oaktadt
741 1083 42 20 den
793 1083 128 27 otydlighet,
933 1089 47 14 som

225 1117 130 20 åtminstone
363 1116 36 21 vid
407 1116 66 20 första
482 1117 120 26 päseendet
610 1117 77 26 tyckes
695 1116 85 22 vidläda
787 1117 146 27 kyrkolagens
940 1117 45 23 hit-
1001 1119 3 2 '

225 1150 96 21 hörande
331 1150 142 27 stadganden,
485 1150 68 27 gifver
564 1150 57 21 dock
631 1151 151 27 ordalydelsen
790 1152 25 20 af
819 1150 26 30 $$
855 1157 26 20 14
889 1152 41 20 och
937 1157 43 21 455

225 1185 36 21 vid
276 1184 91 25 handen,
384 1188 32 18 att
431 1184 120 22 Ständerna
566 1185 48 21 icke
628 1188 113 24 gentemot
757 1189 31 17 ett
803 1186 25 20 af
840 1182 143 31 kyrkomötet

225 1222 89 24 antaget
325 1218 116 28 lagförslag
451 1218 83 22 befinna
545 1221 33 26 sig
588 1221 7 19 i
605 1226 82 14 samma
697 1220 106 27 ställning,
813 1227 47 14 som
868 1216 112 31 gentemc*

225 1256 32 18 ett
272 1254 42 20 den
329 1253 122 27 borgerliga
466 1253 173 27 lagstiftningens
655 1254 88 21 område
758 1248 140 32 tillhörande;
911 1258 25 24 ty
947 1263 20 13 er

224 1287 39 27 ligt
276 1293 26 20 14
311 1286 12 28 8
334 1287 23 20 är
370 1287 37 21 det
417 1286 140 28 ,pröfningen
568 1288 42 20 och
620 1288 152 25 szadfästelsen
782 1288 25 21 af
813 1286 32 28 de
857 1289 36 21 vid
903 1289 78 27 kyrko-

225 1321 74 19 möten
313 1320 121 26 föreslagna
449 1320 80 26 lagar",
546 1328 48 12 som
610 1322 141 26 ,tillkommer
766 1322 109 25 Kejsaren
887 1323 42 19 och
939 1324 43 18 lan-

224 1354 48 20 dets
294 1353 93 21 Ständer
402 1353 35 20 vid
453 1354 124 26 landtdag*,
594 1354 42 20 och
651 1354 67 27 enligt
734 1356 10 24 8
761 1359 39 21 455
821 1355 53 21 skall
891 1355 91 27 ,kyrko-

223 1387 80 21 mötets
325 1386 81 28 förslag
419 1386 118 26 Kejsarens
552 1388 42 20 och
610 1387 131 22 Ständernas
756 1388 103 28 pröfning
875 1389 41 21 och
927 1390 54 26 gvd-

223 1421 114 21 kännande
355 1420 165 26 underställas";
536 1422 79 21 hvaraf
626 1422 38 21 allt
679 1423 98 27 framgår,
796 1427 32 17 att
843 1424 37 21 det
895 1424 48 21 icke
958 1425 23 21 är

223 1456 33 21 för
271 1459 32 18 att
317 1455 118 22 behandlas
451 1457 72 20 säsom
539 1460 31 18 ett
585 1456 82 28 vanligt
682 1453 235 59 lagstiftningsärende,
931 1462 50 18 utan

291 1496 122 22 Lagutskottets
425 1496 102 17 betänkande
539 1498 35 16 N:o
584 1503 16 17 9.
