1120 1778
462 138 29 23 U.
508 139 28 22 B.
552 151 25 3 —
594 138 73 29 Prop.
683 139 42 22 N:o
740 139 37 22 13.

448 209 92 22 varder
576 209 150 29 härigenom
763 209 152 22 förordnadt
942 216 54 15 som

450 243 84 28 följer:

517 284 14 27 $
551 284 20 21 1.
608 283 80 26 Hvar,
707 289 54 16 som
779 283 165 29 offentliggör
964 283 32 22 el-

449 317 35 22 ler
502 317 125 30 delgifver
646 317 169 27 främmande,
835 318 10 21 i
863 317 58 30 krig
937 318 58 22 med

448 352 132 28 Ryssland
607 351 53 22 icke
686 351 115 23 varande
827 352 83 22 makts
929 358 65 23 rege-

448 386 59 28 ring
534 386 61 22 eller
617 386 75 28 agent
709 386 102 29 uppgift
830 386 67 26 eller,
918 386 11 22 i
947 386 49 23 ori-

448 420 74 29 ginal
549 421 60 22 eller
634 420 85 29 kopia,
736 420 192 29 planteckning,
953 421 43 22 rit-

449 455 63 28 ning
539 455 60 22 eller
620 454 135 29 handling,
774 461 54 16 som
847 455 92 23 honom
958 461 38 17 ve-

450 489 105 29 terligen
573 489 45 22 bör
636 489 10 22 i
664 489 125 22 anseende
807 489 41 22 till
860 489 87 29 Ryska
962 490 33 22 ri-

450 523 51 23 kets
528 525 65 27 yttre
617 523 116 22 säkerhet
753 523 183 30 hemlighällas
956 525 40 22 för

451 558 162 23 främmande
639 559 57 26 stat,
724 558 103 23 straffes
853 559 59 22 med
933 560 63 21 tukt-

450 593 47 21 hus
522 593 41 21 till
589 592 45 23 och
661 593 57 22 med
741 599 40 16 sex
799 592 30 23 är
847 594 74 26 samt,
941 595 56 21 när

451 627 204 29 handlingens
694 627 207 22 beskaffenhet
937 629 59 22 der-

427 656 84 39 "till
527 661 177 26 föranleder,
726 661 91 23 förlust
835 661 32 22 af
883 663 114 22 medbor-

450 696 92 28 gerligt
560 696 151 22 förtroende.

520 742 15 21 2
554 742 134 21 momentet
706 741 77 29 enligt
801 742 138 23 Utskottets
957 742 41 22 be-

451 776 135 22 tänkande.

520 816 96 22 Försök
634 815 40 23 till
693 816 71 25 brott,
784 822 53 16 som
856 816 11 21 i
885 816 84 22 denna
980 816 16 28 $

451 850 114 26 nämnes,
585 850 31 22 är
634 850 142 22 straffbart.

520 896 15 27 $
553 895 23 22 2.
614 895 80 26 Hvar,
714 901 54 16 som
785 896 63 21 utan
868 895 129 22 vederbör-

452 929 47 29 ligt
528 929 125 27 tillstånd,
684 930 58 21 med
772 929 167 29 begagnande
969 929 32 22 af

452 964 94 22 hvilket
564 964 151 28 hjelpmedel
733 964 41 22 det
792 970 65 16 vara
875 963 50 27 må,
937 970 61 22 upp-

450 998 47 29 gör
515 998 85 22 sådan
615 998 191 29 planteckning,
825 998 100 28 ritning
937 998 62 22 eller

454 1032 157 29 beskrifning
632 1032 70 22 öfver
719 1032 79 30 något
815 1032 87 29 Ryska
920 1032 77 22 rikets

454 1066 186 29 fästningsverk
661 1066 60 23 eller
734 1066 263 30 fästningsesplanad,

454 1101 59 22 eller
540 1101 171 28 örlogshamn,
735 1101 165 22 förskansadt
918 1101 78 29 läger,

454 1135 157 30 krigsfartyg
637 1135 60 22 eller
715 1142 88 16 annan
821 1136 175 29 krigsanstalt,

454 1169 91 22 afsedd
575 1170 40 21 för
645 1170 99 21 landets
776 1170 107 26 försvar,
903 1169 99 22 hvaraf

453 1203 158 30 upplysning
640 1204 41 21 till
710 1210 57 16 men
803 1203 40 22 för
874 1204 124 22 försvaret

454 1238 97 21 hemtas
577 1238 58 26 kan,
662 1238 60 22 eller
748 1245 61 19 som,
835 1239 62 22 utan
915 1239 84 21 veder-

455 1272 93 28 börligt
566 1271 125 28 tillstånd,
712 1272 143 23 förskaffar
871 1273 40 29 sig
923 1273 75 28 plan-

455 1307 122 27 teckning,
597 1306 97 28 ritning
713 1307 60 20 eller
790 1307 135 28 handling,
945 1313 53 15 som

454 1339 93 22 honom
568 1339 134 29 veterligen
714 1340 55 21 bör
787 1341 10 21 i
815 1340 125 22 anseende
958 1340 41 22 till

454 1373 87 29 Ryska
567 1374 76 22 rikets
672 1375 65 27 yttre
758 1374 115 23 säkerhet
895 1374 104 29 hemlig-

455 1407 86 23 hållas
560 1408 40 22 för
619 1407 161 24 främmande
798 1410 57 26 stat,
875 1409 60 23 eller
953 1409 44 22 ock

456 1442 77 30 kopia
551 1443 32 22 af
597 1442 84 24 sådan
695 1444 192 28 planteckning,
901 1444 97 29 ritning

321 1498 128 22 Lagutskottets
462 1497 109 18 betänkande
583 1497 38 18 N:o
633 1498 18 18 4,
