1123 1781
327 150 82 24 Ständ.
425 152 37 23 Sv.

519 154 75 28 Prop.
609 156 42 22 N:o
667 155 36 24 22.
835 159 28 21 29

343 219 72 26 grund
437 220 26 25 af
481 220 66 21 bättre
569 223 44 20 rätt
635 223 28 20 än
686 223 46 27 den,
754 231 46 14 som
818 225 74 21 vunnit

341 255 80 24 patent,
440 254 91 27 inrymts
548 255 9 20 i
571 258 145 24 patenträtten
731 257 47 22 eller
793 259 97 21 anmälan

345 293 33 14 om
401 288 76 21 ombud
495 289 69 26 gjorts
586 289 63 28 enligt
667 292 28 19 12
709 291 22 27 $,
754 291 53 22 skall
822 293 69 20 derom

344 321 112 22 antecknas
470 322 9 21 i
493 323 97 27 registret
608 324 37 21 och
659 325 105 27 kungöras
779 326 8 21 i
802 327 89 26 officiela

344 355 141 28 tidningarna.

411 391 117 26 Angående
550 392 128 29 inskrifning
702 394 26 26 af
743 396 86 25 patents
844 395 47 21 eller

344 424 51 22 derå
415 425 101 26 grundad
536 427 110 28 vrättighets
665 429 112 27 öfvergång
793 431 25 19 är
833 430 58 21 stad-

341 459 52 26 gadt
406 460 9 20 i
428 461 29 20 13
473 460 17 27 $
508 461 27 26 af
551 461 152 28 förordningen
725 464 107 27 angående
852 471 39 20 pa-

343 495 49 20 tent.
425 494 38 22 Om
485 496 70 21 sädan
577 496 130 28 inskrifning
728 497 54 22 skall
805 499 35 21 ock
857 499 34 26 pä

342 529 143 26 nyssnämnät
499 531 45 20 sätt
558 531 111 26 kungöras.

582 595 28 20 16
624 593 23 28 $.

412 633 33 26 Är
466 638 98 27 sakegare
590 639 106 28 missnöjä
716 640 48 21 med
784 639 106 23 Industri-

342 672 113 26 styrelsens
477 673 72 27 beslut,
573 674 132 27 hvarigenom
724 675 128 27 inskrifning
867 675 27 26 af

338 707 86 25 patents
447 706 47 22 eller
517 707 51 22 derä
584 708 100 27 grundad
700 708 111 27 rättighets
826 709 64 27 öfver-

339 741 58 26 gång
420 739 67 28 blifoit
508 742 121 27 förvägrad,
652 742 48 22 eller
714 743 9 20 i
737 743 67 22 andra
824 744 14 20 å
853 742 36 23 In-

342 774 182 28 dustristyrelsens
553 776 157 28 handläggning
740 777 149 22 ankommande

340 809 75 27 frågor
439 811 89 20 rörande
553 811 154 26 fortbeståndet
729 812 26 26 af
773 812 116 22 meddeladt

338 846 79 25 patent,
440 845 48 21 söke
510 845 91 28 ändring
620 847 33 25 på
670 847 43 21 sätt
729 846 36 22 och
780 847 56 21 inom
851 847 36 26 tid,

340 885 45 15 som
400 879 9 21 i
423 880 14 19 9
451 879 16 28 $
481 879 93 28 stadgas.

578 951 30 20 17
622 949 23 28 $.

411 995 36 22 Uti
468 995 83 27 ärende,
574 1002 46 15 som
643 995 64 27 enligt
729 995 68 22 denna
811 995 77 28 kungö-

339 1029 52 22 relse
414 1029 117 23 ankommer
555 1031 14 20 å
591 1029 212 28 Industristyrelsens
822 1030 66 21 hand-

341 1064 105 27 läggning,
466 1064 60 27 hafve
545 1064 98 28 sakegare
661 1066 44 20 rätt
723 1066 30 20 att
768 1065 33 20 sin
817 1064 70 28 inlaga

340 1099 47 21 med
401 1099 68 21 dertill
484 1098 92 23 hörande
591 1098 127 27 handlingar
732 1099 9 21 i
756 1098 77 22 betaldt
845 1099 48 27 bref

340 1133 32 21 till
385 1133 198 28 Industristyrelsen
598 1133 99 25 insända,
713 1134 36 20 der
763 1133 42 21 han
820 1134 19 26 ej
852 1133 37 21 vill

341 1168 106 21 desamma
468 1168 52 27 sjelf
538 1168 47 22 eller
606 1175 74 20 genom
709 1168 179 26 befullmäktigadt

341 1202 76 21 ombud
431 1202 96 22 inlemna.
557 1202 109 22 Likaledes
681 1202 40 22 kan
738 1202 68 27 afgift,
820 1209 45 14 som
880 1203 9 20 i

339 1238 26 20 11
379 1236 16 28 $
409 1237 138 28 omförmäles,
568 1237 6 21 i
590 1236 76 23 betaldt
681 1237 48 27 bref
741 1237 47 21 eller
802 1236 86 22 medelst

335 1272 164 26 postanvisning
507 1271 31 21 till
545 1270 200 28 Industristyrelsen
753 1272 133 26 öfverstyras.

578 1341 29 20 18
622 1339 21 28 $.

407 1385 210 28 Industristyrelsens
634 1385 68 22 beslut
715 1386 10 20 i
735 1386 152 26 patentärende

339 1419 58 26 skall,
413 1419 46 26 ifall
474 1420 91 26 ändring
580 1420 8 19 i
603 1420 86 20 beslutet
706 1420 37 25 fär
760 1419 62 21 sökas
839 1419 48 20 eller

338 1453 45 21 deri
397 1452 112 22 meddelats
527 1452 115 27 föreskrift,
661 1459 44 15 som
723 1452 57 22 inom
795 1452 45 22 viss
855 1452 33 21 tid
