1120 1786
282 149 14 21 2
585 149 44 24 N:o
644 150 23 23 9.

254 217 60 26 nings
336 216 125 27 utgörande,
477 216 104 21 förelades
596 216 119 22 Ständerna
730 216 34 21 vid
781 216 53 20 1882
851 215 34 22 års
900 215 104 28 landtdag

254 251 132 27 proposition
409 256 34 15 om
465 250 117 27 bevillning
603 250 34 22 för
659 249 43 22 fast
724 250 102 27 egendom
849 250 40 21 och
904 249 100 22 inkomst.

254 285 132 22 Ständernas
408 284 144 22 Statsutskott
574 285 97 21 uttalade
694 284 119 21 emellertid
831 287 32 19 att
878 284 84 21 utöfver
978 285 26 21 de

253 320 85 27 afgifter
353 319 33 21 för
401 319 129 27 importerad
545 319 66 22 tobak
621 319 38 21 och
670 318 32 22 för
712 318 136 28 tillverkning
858 318 23 22 af
889 318 114 28 maltdryc-

253 354 45 28 ker,
313 354 73 22 hvilka
402 353 119 22 Ständerna
537 353 67 28 ätagit
619 353 37 27 sig,
672 354 69 26 nägon
757 353 120 27 förhöjning
893 352 24 22 af
929 352 75 22 bevill-

254 389 105 28 ningarna
373 388 33 21 för
422 388 121 27 päföljande
557 387 144 28 finansperiod
715 387 47 22 icke
778 387 140 27 erfordrades,
934 387 5 21 i
951 386 51 28 följd

253 423 76 23 hvaraf
343 422 119 23 Ständerna
477 423 80 26 ansägo
572 422 46 22 skäl
632 422 33 22 för
676 422 96 22 tillfället
781 422 48 22 icke
839 422 115 22 förefinnas
964 425 40 23 att,

253 460 28 26 pä
303 460 43 20 sätt
360 456 236 28 Bevillningsutskottet
611 456 125 23 alternativt
751 457 116 27 föreslagit,
883 456 78 28 bevilja
976 463 27 15 en

253 500 26 21 ny
301 492 180 28 fastighetsskatt;
506 492 39 22 och
567 492 35 21 vid
620 492 53 22 1885
689 491 35 22 års
739 492 103 27 landtdag
857 491 90 22 befanns
962 491 40 22 den

253 527 110 22 finansiela
378 526 126 27 ställningen
519 526 24 22 sä
557 532 95 22 gynsam,
662 528 32 20 att
710 526 118 22 Ständerna
843 526 18 27 ej
878 532 38 16 ens
931 526 74 21 vidare

254 562 62 27 ätogo
339 561 33 27 sig
395 561 41 21 den
456 560 116 28 bevillning
587 560 34 22 för
636 560 98 27 inkomst,
750 560 85 22 hvilken
852 562 71 26 utgätt
937 560 66 22 sedan

253 597 25 21 är
295 596 60 21 1865.

320 630 49 21 Med
385 629 81 22 fästadt
481 629 99 22 afseende
596 629 13 22 &
624 629 130 22 Ständernas
771 630 91 27 tidigare
877 629 125 22 uttalanden

253 672 33 15 om
300 665 37 22 det
351 664 90 22 rättvisa
455 664 30 21 uti
501 665 40 20 den
552 664 56 21 fasta
624 664 140 27 egendomens
777 664 128 27 deltagande
918 664 6 21 i
937 663 65 22 fram-

252 700 46 22 tida
312 699 135 27 beskattning
458 699 32 21 för
501 698 141 23 härväsendet
654 699 40 21 har
703 699 59 22 Hans
774 699 119 27 Kejserliga
902 699 101 27 Majestät

253 741 28 16 nu
297 735 57 22 velat
368 733 86 27 föreslä,
471 736 32 19 att
518 733 122 23 Ständerna
655 733 33 22 för
703 733 142 23 instundande
860 733 142 28 finansperiod

253 771 63 26 ätaga
338 769 32 27 sig
390 775 26 15 en
434 767 79 23 allmän
529 768 231 27 fastighetsbevillning
776 769 37 22 och
830 768 103 27 derjemte
948 768 55 27 ånyo

252 804 69 22 införa
350 803 243 28 inkomstbevillningen,
616 803 63 22 hvars
701 803 125 28 lämplighet
852 805 72 20 såsom
952 809 51 21 sup-

252 838 162 23 lementärskatt
432 837 138 22 härförinnan
587 838 92 21 erkänts.
710 837 42 22 För
767 838 40 21 den
822 838 103 21 händelse
940 838 61 21 Stän-

252 873 66 21 derna
336 873 68 21 skulle
422 872 85 22 besluta
521 874 33 19 att
568 878 75 21 genom
659 871 140 22 omförmälda
829 873 84 21 direkta
928 872 73 22 bevill-

251 907 74 27 ningar
347 906 172 28 sammanbringa
541 906 36 21 det
599 906 140 28 erforderliga
761 906 115 23 tillskottet
898 907 7 21 i
928 906 75 22 bevill-

251 942 146 28 ningsfonden,
419 941 40 22 har
481 941 59 22 Hans
563 941 99 27 Majestät
691 940 49 23 låtit
759 941 101 22 utarbeta
875 943 32 20 ett
922 941 80 27 förslag

253 976 33 22 till
308 976 125 26 förordning
451 976 90 21 rörande
562 975 115 27 bevillning
692 975 32 22 för
740 976 42 21 fast
797 976 102 27 egendom
916 976 38 21 och
968 976 35 21 för

251 1011 98 26 inkomst,
364 1010 82 22 hvilket
461 1010 103 27 härjemte
579 1010 34 22 till
629 1010 117 22 Ständerna
762 1010 147 22 öfverlemnas.

318 1051 34 22 Dä
367 1051 60 21 detta
442 1050 80 27 förslag
537 1050 7 21 i
558 1050 120 22 hufvudsak
698 1050 198 22 öfverensstämmer
912 1050 48 22 med
975 1051 26 21 de

251 1086 22 22 af
279 1085 235 27 Bevillningsutskottet
525 1085 34 21 vid
572 1086 54 21 1882
637 1084 35 22 års
682 1085 103 27 landtdag
796 1085 118 22 omfattade
922 1085 79 27 grund-

251 1121 105 27 principer
370 1120 33 21 för
414 1120 111 27 ifrägasatt
535 1120 121 27 fastighets-
668 1120 38 22 och
716 1120 215 28 inkomstbevillning,
940 1120 62 22 torde

250 1156 76 21 endast
348 1154 94 28 följande
465 1154 101 28 vigtigare
589 1154 113 22 afvikelser
724 1154 97 22 erfordra
840 1155 101 21 särskildt
957 1161 44 16 om-

250 1189 124 22 nämnande.

318 1223 68 22 Bland
409 1223 137 27 undantagen
568 1223 47 21 frän
637 1223 79 27 regeln,
732 1224 32 19 att
780 1222 113 28 bevillning
908 1222 33 22 för
956 1222 44 22 fast

251 1258 102 28 egendom
368 1259 86 26 utgöres
471 1257 23 22 af
507 1264 84 21 egaren,
607 1257 39 21 har
660 1257 8 21 i
682 1257 14 22 2
710 1257 12 28 $
738 1257 109 28 upptagits
862 1259 33 20 att
905 1257 96 22 innehaf-

249 1299 51 16 vare
323 1292 23 22 af
360 1292 139 25 arrendelott,
515 1298 45 15 som
576 1292 107 21 användes
698 1291 177 28 hufvudsakligen
891 1291 33 22 för
938 1292 62 21 indu-

250 1327 70 20 strielt
341 1326 98 21 ändamål
463 1326 52 21 eller
536 1327 33 19 till
587 1326 84 25 bostad,
686 1326 55 19 skall
756 1326 87 26 erlägga
857 1326 142 26 bevillningen

249 1360 34 21 för
306 1359 65 22 sådan
386 1360 48 21 lott.
463 1359 108 22 Ehuruväl
585 1358 257 28 fastighetsbevillningen
857 1361 25 19 är
897 1366 27 15 en
939 1359 60 27 kapi-

249 1393 90 23 talskatt
354 1393 39 22 och
408 1393 71 22 derför
493 1393 113 28 rätteligen
617 1392 39 23 bör
666 1392 110 23 ähvälfvas
787 1399 84 22 egaren,
882 1399 62 23 synes
955 1399 43 16 om-

249 1428 105 23 förmälda
368 1429 110 26 undantag
491 1428 110 28 betingadt
617 1427 23 23 af
654 1428 36 22 det
702 1428 154 27 jemförelsevis
867 1429 55 28 höga
932 1429 67 22 värde
