1103 1789
242 171 12 20 2
427 168 29 22 U.
472 168 28 21 B.
520 180 20 3 —
555 167 74 28 Prop.
645 167 44 22 N:o
704 167 36 22 19.

280 237 91 27 Förslag
385 237 111 26 angäende
512 236 37 21 det
564 236 58 21 antal
639 235 163 28 värnepligtige,
818 241 48 14 som
880 235 81 27 ärligen

212 271 53 21 skall
287 271 114 28 uppbädas
423 274 32 18 att
474 271 42 21 den
540 277 7 14 1
565 270 117 21 november
697 270 83 21 inträda
795 271 6 19 i
816 269 59 21 aktiv
889 269 71 27 tjenst,

212 306 110 27 uppgöres
337 306 67 20 under
419 305 53 27 april
487 305 84 20 mänad.

279 340 44 21 Vid
338 339 151 28 uppgörandet
504 339 24 21 af
541 339 60 21 detta
617 339 79 26 förslag
710 339 93 26 grundas
814 337 146 28 beräkningen

212 373 24 22 af
253 373 282 28 kompletteringsbehofvet
557 373 46 21 dels
625 373 29 26 pä
674 373 69 24 säkra,
767 372 45 21 dels
833 373 28 26 pä
880 371 79 22 osäkra

211 407 101 22 faktorer.

278 441 68 22 Säkra
368 441 93 22 faktorer
480 441 45 21 äro:
542 441 80 22 antalet
637 441 24 21 af
672 441 42 21 den
729 441 98 25 ärsklass,
843 447 47 15 som
905 440 54 22 skall

211 477 97 24 ersättas,
332 476 41 20 och
397 476 80 21 antalet
499 476 26 21 af
543 476 37 21 det
603 476 110 26 manskap,
736 482 47 14 som
798 475 45 21 frän
859 475 27 21 de
901 475 57 21 bäda

210 518 67 20 yngre
293 510 143 22 årsklasserna
451 510 68 27 afgätt
534 510 67 21 under
615 510 59 20 tiden
690 510 54 21 efter
759 510 42 20 den
819 516 7 15 1
841 509 117 21 november

210 545 37 21 det
262 545 94 21 närmast
371 545 130 27 föregäende
516 546 52 20 äret.

278 578 84 22 Osäkra
385 579 93 21 faktorer
499 579 47 20 äro:
563 579 41 20 den
619 578 80 27 afgäng
713 578 45 20 frän
774 578 28 20 de
816 578 57 20 bäda
888 584 68 21 yngre

209 613 150 25 ärsklasserna,
382 620 47 13 som
449 614 67 20 under
538 613 124 21 äterstoden
684 612 24 20 af
720 612 125 26 tjensteäret
859 612 42 20 kan
917 619 41 20 ega

209 654 45 14 rum
275 647 32 21 till
328 647 52 27 följd
395 647 22 21 af
431 647 97 26 sjukdom
543 647 50 21 eller
609 647 50 25 död,
675 646 230 26 familjeförhällanden,
921 646 37 21 be-

209 682 80 26 gänget
313 682 58 20 brott
396 681 50 21 eller
470 688 69 14 annan
563 681 72 25 orsak;
660 693 24 2 —
706 680 80 22 antalet
801 680 25 21 af
837 680 55 26 dem,
910 688 47 13 som

208 716 35 20 vid
257 716 41 20 den
313 723 42 19 nya
371 716 149 27 besigtningen
535 716 54 21 efter
603 716 93 20 inträdet
712 716 6 20 i
732 715 65 27 tjenst
811 715 99 21 kasseras
922 722 1 18 ;
931 727 24 3 —

208 750 82 21 antalet
312 750 25 20 af
356 750 27 20 de
405 750 137 27 uppbädade,
565 757 48 14 som
627 750 47 20 icke
689 750 84 20 inställa
788 751 33 25 sig
835 749 32 21 till
881 749 75 27 tjenst-

207 784 76 27 göring
299 784 36 28 (de
350 788 86 17 senaste
450 785 51 20 ären
516 784 67 21 omkr.
601 784 55 27 100);
672 796 27 3 —
714 784 80 20 antalet
809 784 24 20 af
843 784 27 20 de
882 784 74 21 volon-

206 819 63 24 tärer,
285 819 83 20 hvilkas
383 818 178 27 tjenstekontrakt
576 818 77 21 varder
668 818 113 27 förlängdt,
798 825 27 13 m.
840 825 27 14 m.

274 853 71 21 Häraf
356 854 97 26 framgår,
469 857 32 17 att
516 853 145 27 beräkningen
671 853 25 20 af
702 852 254 28 kompletteringsbehof-

206 891 36 17 vet
265 887 18 26 ej
300 888 43 20 kan
357 894 51 14 vara
423 891 106 23 noggrant
544 888 69 26 riktig,
629 891 51 17 utan
695 888 76 20 endast
787 888 167 26 approximativ.

206 922 87 20 Tvenne
315 922 133 26 synpunkter
463 922 70 20 kunna
547 922 76 20 härvid
637 922 87 20 komma
739 923 6 19 i
760 921 53 21 strid
827 922 50 20 med
892 922 61 20 hvar-

205 956 76 20 andra:
311 957 12 19 å
355 963 40 13 ena
426 956 61 20 sidan
514 956 149 27 iakttagandet
688 955 25 21 af
734 956 41 20 den
799 955 124 21 varsamhet
948 957 7 19 i

206 990 149 27 beräkningen,
384 994 32 17 att
448 990 41 21 den
513 990 78 28 lagliga
616 990 191 27 truppnumerären
827 990 18 26 ej
867 990 35 20 mä
923 990 31 21 öf-

204 1024 127 26 verskridas,
354 1025 42 20 och
418 1025 12 20 å
452 1025 66 21 andra
540 1025 61 21 sidan
619 1025 37 21 det
671 1028 47 17 rent
732 1024 91 21 militära
847 1026 106 24 intresset,

203 1058 32 21 för
253 1058 81 22 hvilket
356 1059 37 21 det
415 1060 68 20 mäste
505 1059 87 21 framstä
614 1060 72 19 säsom
708 1058 115 28 angeläget
843 1062 32 18 att
894 1062 59 24 trup-

202 1100 78 20 pernas
301 1094 98 20 numerär
421 1094 129 20 ätminstone
572 1093 67 21 under
660 1093 69 21 större
751 1093 63 21 delen
835 1093 24 21 af
871 1094 47 20 äret
933 1094 19 26 ej

202 1128 35 20 mä
258 1128 105 21 kännbart
385 1128 123 27 understiga
531 1128 37 21 det
590 1129 6 19 i
618 1131 94 17 staterna
735 1128 112 20 bestämda
863 1128 88 21 antalet.

269 1162 44 21 Sist
335 1162 92 21 berörda
451 1162 109 28 synpunkt
583 1162 38 20 har
641 1162 169 27 uppenbarligen
825 1162 40 22 fätt
880 1162 72 22 öfver-

201 1199 60 24 taget
276 1197 36 20 vid
327 1196 28 21 de
369 1196 147 28 beräkningar,
532 1203 48 14 som
595 1196 32 21 för
643 1196 27 20 de
685 1200 86 17 senaste
786 1197 61 20 ärens
861 1197 90 27 uppbäd

200 1230 73 27 gjorts.
303 1231 77 21 Härtill
401 1231 63 21 torde
486 1232 6 20 i
514 1232 72 26 nägon
607 1231 49 20 män
674 1231 42 20 den
731 1231 138 27 uppfattning
884 1231 64 21 hafva

200 1264 99 27 bidragit,
315 1268 32 18 att
369 1264 73 28 lagens
465 1265 55 21 anda
535 1266 42 20 och
602 1265 42 20 och
664 1266 86 26 mening
764 1272 53 14 vore
831 1266 117 26 iakttagen,

200 1298 87 22 säframt
311 1303 128 23 truppernas
459 1300 169 20 medelnumerär
651 1299 33 21 för
706 1300 45 20 äret
773 1299 48 21 icke
838 1299 111 28 öfversteg

200 1332 62 26 5,600
284 1339 55 13 man.
371 1333 48 20 Och
424 1328 12 36 i
455 1333 73 25 sjelfva
543 1334 76 19 verket
633 1334 39 18 har
686 1333 107 26 afgängen
808 1333 25 20 af
843 1334 105 26 manskap

198 1366 67 20 under
287 1366 137 26 tjenstetiden
446 1367 54 20 varit
522 1367 24 20 sä
568 1366 167 20 öfverraskande
749 1370 52 21 stor,
820 1370 32 18 att
867 1367 80 21 medel-

197 1400 125 21 numerären
336 1400 31 20 till
383 1400 42 20 och
439 1400 50 20 med
503 1400 67 21 under
584 1400 148 21 kalenderäret
749 1400 60 27 1893,
825 1401 28 27 pä
865 1400 82 22 hvilket

198 1434 57 20 dock
276 1438 79 17 tvenne
370 1434 62 21 altför
453 1434 54 28 högt
529 1434 122 22 beräknade
673 1435 89 27 uppbäd
781 1434 102 27 inverkat,
899 1435 48 21 icke

197 1469 50 21 stält
262 1470 33 26 sig
310 1469 68 27 högre
393 1469 27 21 än
437 1469 60 27 5,586
512 1476 55 14 man.

265 1516 130 15 Statsutskottets
407 1516 102 16 betänkande
521 1516 34 16 N:o
567 1522 16 15 4.
