1123 1781
327 148 28 22 U.
371 148 28 22 B.
415 162 27 2 —
457 149 72 27 Prop.
545 149 42 22 N:o
603 150 35 21 10.
817 151 13 21 3

107 210 112 22 beräknas
245 210 108 29 inbringa
383 211 108 29 omkring
514 213 93 25 350,000
632 212 65 21 mark
719 212 8 21 i
749 212 108 22 medeltal

107 251 40 21 per
162 244 30 22 år.
203 245 17 27 !)

174 279 266 29 Bevillningsutskottet
461 280 42 22 har
518 281 53 21 sökt
594 288 59 21 egna
668 280 75 22 denna
758 288 27 14 ur
801 280 56 22 både

106 312 120 23 finansiela
244 314 43 21 och
303 314 85 22 sociala
403 315 147 28 synpunkter
565 315 91 29 viktiga
671 315 142 28 skattefråga
828 322 28 14 en

107 347 76 22 såvidt
197 347 92 29 möjligt
304 348 95 29 allsidig
413 348 118 29 pröfning.

174 382 46 21 Det
242 386 25 17 är
289 389 28 14 en
340 382 93 28 erkänd,
449 382 26 22 af
487 383 161 22 erfarenheten
669 383 122 22 bekräftad
807 391 50 13 san-

106 416 63 28 ning,
193 418 34 19 att
249 416 72 22 bland
343 416 64 22 olika
428 417 162 22 skatteformer
610 417 28 22 de
657 417 117 22 indirekta
796 418 60 21 skat-

106 453 65 19 terna
186 454 38 18 äro
240 450 35 28 de,
291 450 81 23 hvilka
388 452 87 21 kännas
491 452 72 21 minst
577 452 134 28 tryckande,
722 452 94 22 hvarför
829 452 27 22 de

106 484 68 22 äfven
190 488 39 18 äro
245 485 130 28 synnerligt
391 486 87 28 egnade
494 488 34 19 att
544 486 91 22 komma
650 486 37 22 till
707 486 150 28 användning

106 519 36 22 för
164 519 113 22 täckande
292 519 26 22 af
334 522 89 19 statens
438 520 180 22 inkomstbehof.
649 520 76 22 Bland
740 520 68 22 dessa
823 521 34 21 in-

106 554 90 21 direkta
211 554 88 22 skatter
314 554 49 22 åter
378 554 66 22 torde
459 554 34 28 de,
506 555 80 21 hvilka
601 555 67 21 träffa
682 555 41 29 lyx
738 556 43 21 och
797 556 60 27 njut-

106 588 151 28 ningsmedel,
273 589 125 28 onekligen
414 590 8 20 i
432 589 96 22 främsta
542 592 100 19 rummet
657 589 100 29 förtjena
773 590 83 28 tagas
845 584 15 38 i

106 623 105 28 anspråk,
227 623 30 21 då
271 623 28 22 de
312 624 27 28 ju
355 624 79 21 ställas
450 624 21 21 h.
487 631 20 14 o.
518 624 22 21 h.
557 624 113 22 beroende
685 624 26 22 af
724 624 45 21 den
785 624 72 21 skatt-

106 657 127 29 dragandes
255 657 46 22 fria
315 658 38 21 val
372 660 35 20 att
428 658 111 22 förbruka
562 658 44 22 den
628 658 136 22 beskattade
787 666 69 14 varan

106 692 55 22 eller
184 692 58 26 icke,
265 692 42 21 och
331 692 118 22 dessutom
467 692 8 22 i
495 693 36 21 sin
554 694 54 20 mån
627 693 72 21 verka
721 692 135 22 hämmande

106 727 29 29 på
150 726 85 22 sådana
249 734 83 21 grenar
347 726 26 22 af
385 726 44 22 den
445 727 115 22 allmänna
576 727 186 27 konsumtionen,
777 727 80 22 hvilka

106 769 27 13 ur
148 761 70 21 social
241 761 42 21 och
305 761 138 22 ekonomisk
466 762 121 28 synpunkt
608 765 38 18 äro
669 761 28 21 de
712 762 71 21 minst
801 762 55 28 pris-

106 796 74 21 värda.

173 830 169 22 Erfarenheten
356 830 53 22 från
423 832 53 26 eget
485 830 55 22 land
551 830 154 28 ådagalägger
715 830 140 29 otvetydigt,

106 866 34 20 att
156 864 46 22 ölet
217 864 118 22 härstädes
347 864 7 22 i
365 864 129 22 vidsträckt
510 865 57 21 mått
582 864 71 22 bland
668 864 28 22 de
709 864 147 22 obemedlade

106 899 84 21 vunnit
205 899 150 28 användning
371 899 73 21 såsom
460 898 119 29 rusdryck,
596 898 56 22 värd
668 900 34 20 att
717 898 139 22 motarbetas

106 934 29 27 på
145 933 119 23 enahanda
277 936 46 18 sätt
337 940 48 14 som
396 933 128 21 bränvinet.
540 933 88 21 Härom
638 933 77 21 vittna
724 932 132 29 upprepade

106 967 135 22 uttalanden
255 966 52 23 från
319 967 141 22 Ständernas
475 967 56 28 sida,
544 966 111 22 särskildt
665 966 40 23 vid
717 968 139 21 1877—1878

106 1003 36 21 års
164 1001 111 29 landtdag
297 1002 39 21 vid
358 1002 171 28 behandlingen
552 1002 26 21 af
591 1002 43 21 den
658 1001 128 22 sedermera
802 1002 54 21 1879

174 1078 16 19 1)
202 1076 63 23 Enligt
277 1076 22 18 de
311 1077 94 22 uppgifter
420 1076 155 24 bryggeriägarne
591 1076 65 23 sjelfva
670 1076 28 18 till
710 1075 147 23 Industristyrel-

106 1111 31 13 sen
148 1105 70 23 årligen
229 1105 88 18 inlemnat
329 1105 93 23 angående
433 1106 24 17 bl.
466 1111 16 13 a.
494 1106 90 22 mängden
596 1106 22 17 af
628 1104 99 19 tillverkad
739 1105 18 17 öl
771 1104 32 18 och
815 1109 40 18 por-

106 1136 33 20 ter,
151 1134 62 18 hvilka
224 1134 94 23 uppgifter
330 1134 52 18 torde
393 1134 62 18 kunna
467 1136 77 21 antagas
556 1139 45 13 vara
613 1138 73 14 snarare
698 1133 28 18 för
737 1133 44 23 låga
794 1134 23 16 än
828 1132 29 18 för

105 1164 54 22 höga,
169 1163 84 23 utgjorde
265 1163 131 18 maltskatten:

500 1186 34 18 Per
546 1185 104 19 hektoliter.
719 1185 35 17 Per
765 1184 56 23 butelj

712 1208 29 23 (=
748 1209 22 21 "/s
782 1207 57 23 liter).

389 1238 44 17 1890
457 1251 4 4 .
485 1251 4 4 .
512 1238 11 17 3
535 1238 36 17 mk.
585 1238 22 17 70
618 1237 31 22 pi.
741 1237 32 21 2,43
785 1236 30 23 pi.

388 1266 43 18 1891
458 1280 2 4 .
484 1279 5 4 .
512 1267 11 16 3
547 1279 8 9 ,
585 1266 50 21 16,
742 1266 31 21 2,4
795 1278 8 9 n

388 1295 45 17 1899
460 1308 29 4 ..
513 1295 43 21 3,
586 1294 51 22 2,
743 1294 62 22 2,3
793 1282 15 38 »

199 1330 10 18 I
221 1330 84 18 medeltal
318 1330 114 18 1890—1892
455 1342 4 4 .
483 1342 4 4 .
511 1330 11 17 3
534 1330 37 17 mk.
583 1330 23 17 32
618 1329 29 22 pi.
741 1329 31 21 22
784 1328 30 22 pi.

174 1370 42 18 Med
229 1370 34 18 den
274 1370 105 22 föreslagna
397 1369 190 23 skatteförhöjningen
603 1369 59 18 skulle
674 1369 76 17 sälunda
761 1368 95 18 maltskat-

106 1400 36 20 ten,
155 1398 60 23 enligt
226 1398 52 18 dessa
289 1398 100 22 uppgifter,
401 1398 72 18 komma
485 1400 28 16 att
524 1398 46 22 utgå
581 1398 41 18 icke
635 1398 40 18 med
687 1397 103 18 beräknade
802 1402 14 12 c.
825 1398 31 20 3,75

106 1426 25 22 pi
142 1431 32 17 per
187 1426 59 23 butelj
260 1426 19 22 (ä
289 1426 23 22 ?/,
324 1426 57 22 liter),
397 1428 45 15 utan
459 1426 40 17 med
518 1426 65 17 endast
599 1426 33 21 3,9
649 1424 25 23 pi
691 1424 68 23 (enligt
770 1424 45 18 1892
827 1424 29 18 års

106 1455 124 22 relationstal),
242 1460 47 17 resp.
301 1455 32 22 3,32
344 1454 25 23 pi
381 1454 69 23 (enligt
467 1454 104 18 medeltalet
589 1454 28 18 för
632 1453 85 18 trienniet
729 1453 127 22 1890—1892).

174 1494 214 23 Bevillningsutskottets
401 1493 115 19 betänkande
528 1494 37 17 N:o
577 1494 16 17 3.
