1123 1781
321 147 81 24 Ständ.
418 148 37 23 Sv.
471 162 27 2 —
513 150 72 27 Prop.
600 149 42 22 N:o
657 148 36 23 21.
833 149 24 21 11

205 214 214 29 Handelsregistret
438 215 42 21 och
495 215 150 21 omförmälda
659 214 181 28 förteckningar,
864 215 24 20 sä

138 248 43 22 ock
196 249 37 21 till
249 248 50 21 dem
315 249 100 21 hörande
431 249 243 28 anmälningsskrifter
684 249 43 22 och
736 249 97 28 bilagor,
849 252 38 17 äro

139 283 120 28 offentliga
281 283 44 21 och
346 283 37 21 för
405 283 86 22 enhvar
506 283 154 29 tillgängliga.
689 283 92 28 Utdrag
795 289 28 14 ur
838 282 50 22 dem

138 317 103 21 utfärdas
257 317 30 28 pä
301 317 101 28 begäran
417 319 48 20 mot
480 317 109 28 stadgade
605 317 100 29 afgifter.

489 405 12 21 2
513 389 23 48 8.

205 461 117 22 Anmälan
338 461 37 22 till
390 461 205 29 handelsregistret
609 461 66 28 skall,
693 461 84 29 åtföljd
792 461 25 22 af
830 461 60 22 stad-

139 496 58 29 gade
219 496 265 29 registreringsafgifter,
508 500 67 25 göras
595 496 140 29 skriftligen,
759 496 8 21 i
782 496 51 21 stad
847 496 42 21 hos

138 531 122 28 magistrat
282 531 57 22 eller
361 531 158 29 ordningsrätt
541 531 43 22 och
605 532 30 28 pä
657 531 79 22 landet
750 531 42 21 hos
808 531 82 20 krono-

141 566 68 28 fogde
225 566 8 21 i
249 566 44 21 den
309 569 42 23 ort,
368 566 40 22 der
422 567 102 21 rörelsen
535 567 60 21 skall
605 565 99 23 utöfvas.
725 565 165 28 Anmälnings-

140 600 99 22 skriften
259 601 74 28 jemte
348 601 77 22 dertill
440 601 102 22 hörande
557 601 90 28 bilagor
663 601 40 22 bör
721 600 92 22 affattas
828 600 9 21 i
851 600 40 21 två

139 635 122 28 exemplar,
284 635 84 22 hvaraf
385 636 39 21 det
447 643 43 14 ena
512 636 60 21 skall
587 635 141 22 omedelbart
743 634 148 22 öfversändas

140 670 38 21 till
188 670 337 29 registreringsmyndigheten,
540 670 103 28 hvilken,
660 670 77 21 derest
746 669 85 29 lagligt
841 669 51 21 hin-

141 704 40 21 der
203 703 36 23 för
261 704 181 29 registreringen
464 705 51 21 icke
530 705 131 26 förefinnes,
685 703 60 22 skall
760 704 132 21 densamma

139 739 126 21 verkställa
287 741 60 20 samt
369 747 37 14 om
428 740 110 27 åtgärden
560 739 43 21 och
625 739 65 21 tiden
707 738 38 21 för
760 738 132 21 densamma

140 776 82 26 genast
243 774 134 21 underrätta
399 774 238 29 lokalmyndigheten.
666 773 46 21 Det
731 773 72 21 andra
817 779 75 14 exem-

143 808 75 29 plaret
233 811 151 26 qvarstannar
398 809 42 22 hos
455 808 144 23 sistnämnda
613 807 144 30 myndighet.

207 843 124 22 Aflemnas
341 844 151 21 förenämnda
507 843 106 22 anmälan
627 849 84 22 genom
726 841 91 28 ombud,
834 841 59 21 skall

143 878 130 22 sökandens
295 878 144 22 underskrift
459 886 55 13 vara
535 878 37 21 till
590 877 143 28 riktigheten
749 875 111 29 bestyrkt,
884 875 8 21 i

143 913 51 22 stad
209 913 26 21 af
247 913 104 22 notarius
365 913 106 28 publicus
487 912 57 21 eller
558 911 45 22 den
621 911 58 22 hans
694 910 103 29 göromål
811 909 82 22 bestri-

142 947 40 22 der
205 947 42 22 och
269 947 30 28 på
319 947 80 21 landet
422 947 26 21 af
467 946 180 22 kronolänsman
671 945 56 21 eller
751 941 143 25 kommunal-

141 982 98 21 nämnds
255 981 144 22 ordförande.

493 1058 13 20 3
521 1057 20 26 8.

211 1116 48 22 Har
281 1115 120 22 sökanden
422 1114 51 22 icke
495 1114 110 28 iakttagit
627 1112 28 22 de
670 1111 152 27 föreskrifter,
846 1118 49 14 som

143 1152 74 21 finnas
238 1150 37 22 för
297 1150 81 28 hvarje
401 1149 109 22 särskildt
524 1148 43 22 fall
581 1146 117 30 stadgade,
713 1146 60 22 skall
787 1146 108 29 registre-

143 1186 54 28 ring
211 1188 89 25 vägras.

211 1219 90 29 Vägras
317 1218 157 29 registrering,
490 1218 60 21 skall
559 1215 336 31 registreringsmyndigheten

144 1254 167 29 ofördröjligen
327 1253 136 21 öfversända
477 1252 37 22 till
529 1252 44 21 den
588 1250 208 29 lokalmyndighet,
812 1256 84 22 genom

144 1289 98 22 hvilken
264 1288 107 22 anmälan
391 1286 129 28 inkommit,
543 1286 128 22 resolution
693 1286 13 20 &
729 1284 166 28 ansökningen,

144 1323 163 22 innehållande
327 1322 87 29 jemväl
436 1321 80 21 skälen
538 1321 37 21 för
597 1318 300 30 registreringsmyndighe-

145 1360 52 20 tens
212 1358 83 26 beslut,
310 1357 37 21 för
362 1359 34 19 att
411 1355 117 23 sökanden
543 1354 125 22 tillställas.

213 1388 34 26 Är
270 1391 119 22 sökanden
403 1390 53 22 med
469 1390 102 22 beslutet
585 1388 120 29 missnöjd,
729 1395 42 21 ege
787 1388 46 22 han
849 1386 49 22 deri

146 1426 56 22 söka
224 1425 101 28 ändring
346 1425 42 22 hos
403 1424 113 21 Senatens
530 1422 290 28 Ekonomiedepartement
835 1422 63 20 inom

147 1461 80 21 trettio
244 1460 69 28 dagar
328 1459 59 22 efter
403 1458 25 22 af
440 1458 102 22 beslutet
556 1457 104 22 erhållen
675 1456 43 22 del.
