1123 1784
329 149 82 23 Ständ.
427 150 38 23 Sv.
481 164 26 2 —
523 150 71 28 Prop.
609 150 42 23 N:o
667 150 35 22 21.
851 150 13 22 9

141 216 34 20 att
197 214 39 22 det
256 215 127 21 sväfvande
398 216 119 28 uttrycket
533 215 138 28 ,filialaffär*
689 216 90 28 utbytts
795 217 48 20 mot
858 218 36 19 ett

140 250 77 23 annat,
233 256 49 14 som
298 249 115 29 tydligare
429 250 91 28 återger
534 250 149 28 stadgandets
702 250 119 21 innebörd.

208 282 149 22 Beträffande
372 283 45 22 den
431 284 9 21 i
456 285 25 20 17
499 284 46 28 (21)
561 286 13 25 8
589 284 114 28 ingående
714 284 178 28 bestämningen

140 317 118 29 angående
280 317 141 29 vidimering
443 317 25 22 af
488 318 193 28 namntecknings
703 318 191 28 egenhändighet

139 351 41 21 har
202 351 71 22 sådan
296 352 99 28 ändring
417 352 26 22 af
462 352 129 22 Ständerna
610 352 75 28 gjorts
708 354 34 20 att
757 352 8 21 i
780 352 64 22 detta
859 352 34 22 af-

140 386 83 21 seende
243 386 82 22 endast
345 386 119 22 hänvisats
487 387 37 21 till
546 386 118 22 enahanda
684 386 127 29 stadgande
825 386 10 22 i
849 387 13 21 2
877 388 15 26 8

139 420 26 22 af
176 420 272 30 författningsförslaget.

208 454 37 22 Då
267 454 58 22 efter
339 455 155 29 Strafflagens
509 456 111 21 trädande
635 456 8 21 i
658 456 150 28 tillämpning
823 455 44 21 den
882 455 9 21 i

141 490 25 21 19
189 491 13 26 $
225 489 26 22 af
271 490 175 28 propositionen
464 490 115 28 ingående
593 490 152 22 föreskriften
762 498 37 14 om
814 490 78 21 böters

138 524 150 28 förvandling
309 528 25 18 är
356 524 138 29 öfverflödig
510 527 59 19 samt
584 525 39 21 det
637 525 9 21 i
661 524 72 22 slutet
749 525 25 21 af
787 531 105 22 paragra-

138 558 40 22 fen
201 558 188 23 förekommande
412 560 41 21 fall
478 559 26 22 af
526 560 77 21 böters
629 559 215 22 sammanträffande
869 560 20 28 ej

138 593 73 22 heller
226 594 49 21 står
289 594 8 21 i
312 593 45 22 full
373 594 239 22 öfverensstämmelse
627 594 53 22 med
695 594 27 21 de
738 594 9 21 i
762 594 129 22 förordnin-

138 635 45 21 gen
206 635 37 14 om
259 628 154 28 Strafflagens
429 629 171 28 promulgation
616 628 109 29 stadgade
741 628 151 28 grundsatser

138 662 37 22 för
197 663 120 21 enahanda
337 662 49 29 fall,
416 663 41 22 har
485 663 314 29 förvandlingsföreskriften
828 663 9 21 i
862 664 26 20 19

140 698 44 28 (23)
200 699 13 26 &
228 698 127 21 uteslutits.
883 724 5 5 N

205 732 164 29 Affattningen
392 732 25 22 af
437 734 28 21 20
487 734 13 26 8
522 733 8 21 i
552 732 175 30 propositionen
742 732 59 22 låter
816 732 75 28 enligt

138 767 140 21 Ständernas
294 768 70 20 tanke
379 767 52 22 icke
445 767 53 22 med
510 768 70 28 nödig
589 768 118 28 tydlighet
716 767 69 21 derur
794 767 96 28 framgä,

138 801 114 22 huruvida
273 802 207 28 prokurauppdrag
502 802 46 21 kan
571 802 75 28 gifvas
662 801 69 22 äfven
746 800 145 23 annorlunda

138 840 29 18 än
182 843 85 21 genom
282 836 104 28 skriftlig
400 836 116 22 fullmakt.
540 836 47 22 Det
601 836 74 22 finnes
692 836 75 28 enligt
783 835 108 22 Ständer-

138 878 41 15 nas
195 870 61 29 äsigt
270 870 52 25 icke
337 871 72 28 något
424 870 50 22 skäl
490 872 34 20 att
534 871 127 22 inskränka
671 870 129 29 prokurans
811 870 80 29 giltig-

138 905 40 22 het
193 905 82 22 endast
289 905 38 22 till
342 905 153 22 nästnämnda
510 905 60 22 form
586 905 25 22 af
624 905 193 28 bemyndigande.
841 905 50 21 Har

137 939 192 22 hufvudmannen
345 939 56 29 eljes
416 947 84 21 genom
512 940 42 21 sitt
563 939 186 29 tillvägagäende
760 939 130 28 bevisligen

137 974 125 21 betecknat
275 973 159 22 mandatarien
449 974 75 21 säsom
541 974 37 21 sin
592 973 125 29 prokurist,
741 974 25 21 sä
781 974 42 21 bör
838 973 52 21 huf-

137 1008 148 22 vudmannen
308 1008 69 22 äfven
400 1009 9 21 i
431 1009 66 21 dessa
516 1008 43 21 fall
578 1008 52 21 icke
645 1009 80 20 kunna
739 1008 151 29 undandraga

138 1043 36 28 sig
197 1042 28 22 de
247 1042 157 29 förpligtelser
425 1042 158 22 mandatarien
606 1043 63 21 inom
692 1042 103 22 omrädet
810 1043 36 21 för
861 1050 29 14 en

136 1077 131 29 prokurists
283 1077 167 28 befogenheter
465 1077 89 22 ikläder
564 1077 92 21 honom.
680 1076 129 22 Ständerna
820 1077 70 21 hafva

136 1112 63 27 förty
215 1111 38 21 till
267 1111 162 22 motsvarande
443 1111 111 28 paragraf
567 1113 38 26 (24
619 1113 20 25 8)
654 1111 66 29 fogat
735 1113 34 19 ett
783 1111 107 28 förtydli-

137 1145 74 29 gande
227 1145 84 29 tillägg
326 1145 8 21 i
349 1153 33 14 nu
397 1145 82 29 antydt
495 1145 68 29 syfte.

204 1180 48 21 För
275 1180 73 28 öfrigt
369 1179 69 22 hafva
460 1179 130 22 Ständerna
605 1181 76 20 ansett
695 1179 84 29 nödigt
792 1182 39 23 att,
854 1181 36 20 ut-

138 1214 65 22 öfver
217 1214 62 21 hvad
294 1214 45 21 den
354 1214 85 29 nädiga
453 1213 176 30 propositionen
644 1214 8 21 i
667 1213 65 22 detta
747 1217 67 18 ämne
824 1214 66 21 inne-

136 1248 81 27 håller,
240 1249 75 21 såsom
331 1249 114 21 särskilda
460 1248 133 29 paragrafer
609 1249 34 26 (27
660 1248 43 21 och
718 1249 27 22 28
761 1249 36 26 $$)
813 1248 75 22 införa

136 1286 87 18 tvenne
239 1282 149 29 stadganden,
411 1282 26 22 af
449 1282 81 21 hvilka
546 1282 39 21 det
599 1289 44 14 ena
657 1282 60 21 afser
733 1284 34 19 att
783 1281 107 22 befordra

137 1319 34 20 ett
193 1316 132 29 likformigt
340 1316 131 22 förfarande
487 1316 40 22 vid
542 1316 129 22 tecknande
686 1316 25 21 af
724 1317 106 28 prokura,
846 1316 44 22 och

137 1352 40 21 det
197 1351 71 22 andra
289 1351 127 22 innefattar
437 1350 85 23 förbud
540 1351 37 22 för
591 1351 120 28 prokurist
725 1353 35 19 att
775 1351 113 21 öfverläta

136 1385 102 29 prokura
260 1386 23 21 åt
303 1393 78 14 annan
399 1392 90 21 person.
519 1385 70 22 Detta
604 1385 144 22 sistnämnda
763 1385 127 28 stadgande

136 1419 97 22 innebär
255 1419 74 22 likväl
351 1420 28 27 ej,
402 1421 34 20 att
458 1420 149 27 prokuristen
626 1426 55 14 vore
696 1419 145 28 oberättigad
856 1421 34 18 att

136 1453 77 22 lemna
235 1461 76 14 annan
334 1456 34 19 ett
389 1453 91 21 mindre
501 1452 129 22 vidsträckt
651 1452 186 29 bemyndigande
856 1454 34 19 att
