1123 1781
299 141 82 23 Ständ.
397 142 36 22 Sv.
449 154 28 3 —
491 142 73 28 Prop.
579 142 41 23 N:o
636 142 34 22 14.
818 143 14 21 3

109 207 88 29 boskap
213 207 135 29 derigenom
362 207 52 22 från
429 208 90 22 banans
530 207 140 23 beträdande
680 207 101 22 hindras.
804 206 56 22 Ute-

109 242 118 22 slutandet
248 249 28 14 ur
296 242 167 28 förordningen
486 242 26 22 af
529 242 77 22 denna
620 242 148 28 bestämning
782 241 78 21 kunde

109 276 73 22 likväl
197 276 119 22 föranleda
327 276 45 22 den
386 276 153 28 uppfattning
554 278 35 20 att
601 276 181 29 jernvägsegare
792 276 68 21 fram-

109 310 63 22 deles
187 310 52 22 icke
255 310 65 29 ålåge
335 311 78 27 någon
427 310 247 29 hägnadsskyldighet.
696 310 35 22 Af
739 310 71 22 sådan
820 316 39 15 an-

109 344 97 30 ledning
228 344 70 22 hafva
320 345 130 22 Ständerna
472 345 51 22 icke
546 345 91 22 kunnat
659 344 124 29 godkänna
798 344 62 22 det
848 340 16 39 i

110 378 44 22 den
174 379 86 29 nådiga
282 379 175 29 propositionen
477 379 142 23 härutinnan
640 379 83 29 gjorda
741 379 119 29 förslaget,

110 420 52 15 men
186 413 58 22 dock
266 413 80 22 funnit
365 413 29 22 de
415 414 8 22 i
445 414 176 28 propositionen
643 413 96 22 anförda
758 413 52 21 skäl
824 413 36 22 för

109 448 163 29 medgifvande
292 448 26 22 af
335 448 112 29 rättighet
462 448 36 22 för
514 448 92 22 enskild
618 448 110 30 jernvägs
744 455 67 21 egare
826 449 34 20 att

109 482 41 22 vid
171 483 173 29 expropriation
366 483 87 29 frigöra
472 483 37 29 sig
523 482 52 23 från
590 482 270 30 stängselskyldigheten

110 524 55 15 vara
186 517 111 29 förtjenta
322 518 26 21 af
365 517 134 28 beaktande,
521 518 94 22 hvarför
634 517 129 22 Ständerna
784 519 78 20 ansett

110 552 39 21 det
172 551 94 23 afsedda
284 552 134 29 syftemålet
431 552 134 29 lämpligast
579 552 144 29 tillgodoses,
739 559 37 15 om
792 552 8 22 i
815 559 46 15 mo-

109 588 95 26 mentet,
228 587 82 21 sådant
332 586 126 22 detsamma
479 587 9 21 i
511 587 107 29 gällande
633 586 141 28 författning
787 586 73 29 lyder,

109 620 87 22 införes
220 624 34 19 ett
274 622 90 28 tillägg,
388 621 131 29 antydande
537 623 35 20 att
592 621 70 23 sådan
680 621 179 29 expropriation,

110 656 95 21 hvarom
227 656 41 22 här
290 656 61 22 varit
372 656 71 29 fråga,
460 656 88 28 jemväl
567 656 40 22 vid
622 656 106 22 enskilda
741 656 120 28 jernvägs-

110 690 169 29 anläggningar
294 691 46 21 kan
356 691 74 28 enligt
445 690 116 23 allmänna
575 690 101 30 grunder
692 698 42 21 ega
749 697 58 15 rum.

178 724 12 22 I
205 725 75 29 öfriga
296 726 63 22 delar
369 726 103 22 deremot
483 725 40 23 har
533 724 267 30 författningsförslaget
809 724 52 22 icke

110 759 71 29 gifvit
204 760 126 29 anledning
351 761 37 21 till
406 760 155 29 påminnelser
575 760 53 22 från
646 760 140 22 Ständernas
801 759 59 27 sida;

110 794 43 22 och
174 794 24 22 få
219 794 130 23 Ständerna
370 795 63 29 förty
455 795 42 22 hos
519 795 73 22 Eders
607 794 132 30 Kejserliga
753 794 109 28 Majestät

110 828 168 30 underdånigst
300 830 90 22 anmäla
412 832 33 20 att
467 830 129 22 Ständerna
613 830 37 22 för
668 829 36 22 sin
720 829 37 22 del
772 828 90 29 antagit

110 872 29 14 en
154 863 126 29 sålydande

384 998 160 28 Förordning,
570 997 165 23 innefattande
760 996 102 28 ändring

316 1033 28 22 af
358 1032 119 23 särskilda
496 1032 147 29 stadganden
661 1032 9 22 i
688 1031 174 27 förordningen

316 1066 120 29 angående
452 1067 107 23 enskilda
571 1067 131 29 jernvägar
717 1066 39 22 för
775 1066 88 22 allmän

317 1102 141 22 samfärdsel
473 1102 27 22 af
513 1102 44 22 den
572 1102 28 22 15
615 1101 70 28 April
700 1100 63 23 1889.

385 1170 52 22 Med
459 1171 96 29 ändring
574 1170 28 28 af
616 1172 34 24 $$
669 1172 16 20 2
703 1170 36 22 och
757 1169 47 21 11i
819 1169 44 28 för-

317 1205 122 28 ordningen
457 1206 112 27 angående
584 1204 98 23 enskilda
694 1204 121 28 jernvägar
829 1204 35 27 för

318 1240 80 22 allmän
419 1240 126 27 samfärdsel
567 1241 27 27 af
613 1239 41 22 den
672 1239 27 21 15
717 1238 65 28 April
798 1238 65 27 1889,

317 1274 77 22 varder
415 1274 124 27 härigenom
561 1274 129 28 förordnadt
712 1274 32 20 att
766 1272 98 22 nämnda

315 1308 132 29 paragrafer
461 1308 58 22 skola
534 1308 82 22 erhälla
630 1308 96 27 följande
742 1306 87 28 lydelse:

563 1378 17 25 8
594 1377 22 21 2.

391 1421 107 22 Tillständ
513 1422 32 21 till
557 1421 103 28 jernvägs
674 1420 136 28 anläggande
820 1420 44 21 kan

318 1456 86 28 beviljas
426 1456 76 21 endast
522 1455 57 28 finsk
596 1455 140 31 medborgare,
756 1461 44 15 som
816 1456 22 22 är
856 1454 8 24 i
