1123 1786
260 167 27 20 14
448 166 30 23 U.
494 167 28 22 B.
538 179 27 2 —
581 166 74 29 Prop.
670 166 43 23 N:o
728 167 37 22 18.

231 235 67 27 dagar
312 234 117 27 godkända
445 235 106 21 allmänna
565 236 121 26 grunderna
701 235 33 21 för
748 235 81 21 sådana
844 236 87 26 bidrags
946 235 38 21 be-

230 269 98 26 viljande.
358 269 124 22 Emellertid
505 270 38 21 har
566 270 66 21 under
653 269 85 27 frågans
760 269 132 27 behandling
914 271 6 19 i
943 269 41 21 Ut-

230 303 83 21 skottet
335 302 121 26 inhemtats,
473 306 32 18 att
526 305 59 19 inom
607 304 79 26 högsta
700 305 81 19 instans
796 304 36 20 vid
848 303 100 28 pröfning
963 303 25 21 af

230 337 75 27 anslag
327 336 33 22 för
377 337 212 22 folkskoleväsendet
607 339 7 20 i
628 338 104 20 särskilda
748 338 36 20 fall
798 345 27 13 en
840 338 145 26 begränsning

230 371 67 27 gjorts
324 372 6 19 i
360 371 163 21 kommunernas
549 373 43 20 rätt
618 375 33 18 att
678 372 74 26 sjelfva
774 372 68 21 ordna
864 374 45 18 sina
930 371 54 21 folk-

230 405 208 21 skoleförhållanden
460 406 42 21 och
522 410 32 17 att
574 407 54 21 efter
649 406 133 27 fullgörande
802 406 90 22 allenast
907 406 22 21 af
943 406 42 21 för-

230 440 154 26 fattningarnas
406 440 132 22 föreskrifter
559 441 79 21 erhålla
660 441 131 27 statsbidrag
812 440 32 22 till
858 440 125 25 folkskolor,

230 474 52 21 Men
290 474 27 21 då
324 474 37 21 det
368 474 66 28 enligt
442 474 125 22 Utskottets
576 475 65 21 tanke
649 475 23 21 är
680 475 26 21 af
709 475 81 21 största
796 476 46 26 vigt
849 478 32 18 att
891 475 93 21 tillkom-

230 512 48 18 sten
293 509 25 21 af
325 516 42 20 nya
379 508 118 22 folkskolor
504 509 48 21 icke
560 510 73 21 ställes
642 511 6 19 i
656 509 108 21 beroende
772 509 26 21 af
802 509 66 21 andra
874 509 111 21 törutsätt-

229 544 81 27 ningar,
327 544 27 20 än
370 544 49 20 dem
433 543 120 21 Ständerna
562 544 36 21 vid
606 544 72 21 härför
686 544 78 27 åtagen
772 543 116 28 bevillning
896 544 46 21 haft
952 545 33 26 sig

232 577 111 27 förelagda
364 581 56 17 samt
443 578 62 21 äfven
525 581 55 24 tagit
602 579 84 25 hänsyn
708 579 30 20 till
761 579 41 20 och
822 578 104 27 godkänt,
943 579 42 19 och

232 611 71 21 hvilka
324 612 68 21 finnas
415 613 12 19 å
444 612 183 28 författningsväg
642 612 162 28 bekantgjorda,
820 613 38 20 har
873 612 112 22 Utskottet

231 649 72 18 ansett
318 648 33 25 sig
365 646 54 21 böra
433 647 41 20 hos
489 646 120 22 Ständerna
624 647 87 20 förorda
726 650 32 18 ett
773 646 111 22 uttalande
892 646 92 21 derhän:

505 718 34 18 att
559 715 124 21 Ständerna
698 714 89 29 beviljat
800 715 70 21 medel
876 716 44 27 för
936 719 49 24 upp-

438 750 156 21 rätthållandet
614 751 30 27 af
655 750 211 28 folkskoleväsendet
886 750 10 21 i
912 750 74 22 landet

437 785 70 21 under
513 784 164 28 förutsättning
692 788 33 18 att
739 785 40 21 vid
786 785 108 27 pröfning
907 786 30 26 af
947 792 38 14 an-

435 820 114 27 sökningar
566 826 34 14 om
614 819 134 27 statsbidrag
756 820 45 27 för
808 819 124 28 folkskolor
941 819 45 21 icke

436 855 71 21 andra
529 854 181 27 omständigheter
729 854 69 27 blifva
821 854 163 26 bestämmande,

436 890 28 19 än
486 889 25 20 de
525 895 45 14 som
586 889 118 28 återfinnas
719 889 9 20 i
740 889 84 26 nådiga
829 888 156 27 förordningen

436 923 40 21 den
496 929 25 15 11
545 924 48 27 maj
616 922 66 26 1866,
702 923 111 27 angående
827 923 76 27 slutlig
922 930 63 20 orga-

436 958 91 21 nisation
542 959 30 26 af
584 957 212 28 folkskoleväsendet,
821 960 58 18 samt
900 957 89 21 dermed

435 993 214 26 sammanhängande
670 992 38 20 och
724 993 53 26 före
794 992 70 20 denna
878 991 110 27 landtdag

437 1027 100 20 utkomna
547 1027 113 20 allmänna
667 1027 167 26 författningar,
847 1029 58 18 samt
911 1029 34 17 att
951 1033 34 13 om

436 1061 97 27 ändring
545 1062 31 26 af
586 1061 94 21 vilkoren
688 1061 45 26 för
745 1060 125 21 erhällande
884 1061 31 26 af
921 1063 64 18 stats-

436 1096 79 27 bidrag
537 1103 62 13 anses
626 1095 70 27 nödig,
717 1095 126 21 innebörden
864 1096 30 26 af
914 1095 71 20 sådan

437 1130 96 27 ändring
552 1130 66 21 måtte
640 1129 108 27 delgifvas
764 1129 124 21 Ständerna
907 1129 10 20 i
928 1135 57 14 sam-

436 1165 113 26 manhang
564 1165 50 19 med
630 1164 70 27 nådig
708 1163 131 28 proposition
853 1171 34 13 om
902 1163 40 20 den
952 1163 34 26 på

439 1197 123 21 Ständerna
584 1197 154 21 ankommande
753 1197 116 27 bevillning
874 1198 45 26 för
925 1197 61 26 folk-

436 1232 111 21 skolornas
566 1232 10 21 i
590 1232 73 20 landet
677 1231 119 21 underhåll.

299 1373 81 22 Derest
395 1373 126 21 Utskottets
537 1373 65 21 ofvan
616 1373 76 27 gjorda
707 1372 81 27 förslag
802 1372 72 21 blefve
889 1373 25 20 af
922 1372 63 21 Stän-

232 1407 66 22 derna
319 1407 123 28 godkända,
466 1407 67 21 skulle
555 1407 218 27 folkskolebudgeten
795 1407 33 21 för
849 1407 50 21 åren
923 1408 60 26 1895,

234 1443 54 27 1896
303 1443 41 20 och
362 1443 53 26 1897
430 1442 61 21 ställa
507 1443 33 26 sig
555 1442 97 21 sålunda:

302 1512 130 17 Statsutskottets
443 1512 103 16 betänkande
558 1512 35 16 N:o
605 1511 15 16 6.
