1120 1775
358 145 29 23 U.
402 145 28 23 B.
445 158 27 4 —
487 146 73 28 Prop.
575 146 46 22 N:o
637 146 39 22 20.
851 146 12 20 9

141 214 109 28 landtdag.
281 215 125 21 Utskottets
429 215 190 27 uppmärksamhet
634 216 38 20 har
688 215 62 20 äfven
765 215 70 21 blifvit
849 215 43 21 fäst

141 250 12 19 å
175 249 139 27 möjligheten
336 252 32 18 ait
391 249 57 21 förse
470 251 132 25 gipsstatyer
623 249 49 21 med
695 252 31 17 ett
746 250 29 26 på
790 249 102 27 galvano-

140 282 91 27 plastisk
252 283 44 27 väg
318 283 120 20 framstäldt
460 283 115 26 öfverdrag
597 284 24 19 af
637 283 92 26 koppar,
753 290 36 13 om
811 282 81 21 hvilket

141 317 211 26 reproduktionssätt
376 317 66 26 några
466 317 65 20 andra
553 317 155 26 upplysningar
725 316 65 21 likväl
805 317 18 26 ej
840 317 52 20 stått

140 350 116 22 Utskottet
274 351 32 21 till
326 351 54 21 buds
403 351 27 20 än
452 354 32 17 att
506 351 119 21 detsamma
644 350 107 21 sannolikt
766 351 72 20 ställer
859 353 33 24 sig

141 385 108 27 betydligt
271 385 95 27 billigare
382 385 26 20 än
423 386 24 19 så
462 385 34 20 väl
511 385 97 27 gjutning
622 387 7 18 i
643 384 65 21 brons
724 391 47 14 som
786 386 6 19 i
807 384 86 28 koppar

141 419 79 21 drifvet
242 420 80 24 arbete,
341 419 117 26 hvarjemte
474 423 31 17 ett
521 419 68 27 dylikt
603 419 202 27 kopparötverdrag
820 420 6 19 i
841 419 52 21 häll-

143 453 76 22 barhet
244 454 66 21 skulle
331 454 50 21 vida
406 453 124 21 öfverträffa
555 453 75 21 enbart
656 453 152 27 gipsmaterial.
847 453 45 21 An-

141 489 75 26 tingen
238 495 49 14 man
306 488 130 21 bestämmer
458 489 32 25 sig
505 488 33 21 för
554 488 60 21 detta
629 487 44 22 sätt
688 487 33 21 för
736 488 86 21 verkets
838 488 55 21 utfö-

141 523 66 20 rande
232 523 51 20 eller
302 523 54 20 läter
376 522 58 27 gjuta
457 522 119 21 detsamma
598 524 7 19 i
625 522 64 21 brons
712 521 50 22 eller
785 522 108 21 använder

141 555 91 28 drifven)
246 557 92 27 koppar,
360 556 68 21 måste
450 556 140 21 konstverket
610 555 57 21 dock
682 557 6 19 i
703 556 72 27 hvarje
790 556 103 20 händelse

144 590 54 22 först
212 590 70 28 gjutas
298 592 6 19 i
319 593 55 25 gips.
404 591 9 20 I
430 591 107 20 anseende
553 590 70 21 härtill
638 591 40 20 och
695 590 27 21 då
738 591 37 20 det
786 589 107 23 definitiva

141 625 129 27 afgörandet
292 632 35 14 om
348 624 152 22 konstverkets
523 624 96 21 material
640 628 50 18 utan
714 624 115 28 olägenhet
851 624 42 21 kan

142 658 128 28 uppskjutas
292 660 31 20 till
340 659 130 21 kommande
485 658 109 28 landtdag,
610 660 58 19 inom
683 658 86 21 hvilken
784 659 31 20 tid
831 659 63 20 äfven

141 693 98 21 närmare
264 694 155 26 upplysningar
434 693 70 21 kunna
519 692 134 22 införskaffas
669 693 91 21 rörande
775 693 38 20 här
829 693 64 21 ofvan

142 728 93 20 nämnda
255 727 185 27 behandlingssätt
464 728 29 26 på
515 727 185 27 galvanoplastisk
714 728 48 26 väg,
779 728 31 20 får
825 727 69 21 Stats-

143 762 113 25 utskottet,
272 763 7 19 i
294 762 120 27 anslutning
429 762 31 20 till
470 762 169 27 Delegationens
654 763 6 19 i
673 762 49 20 dess
736 762 158 21 ofvannämnda

142 796 118 22 berättelse
275 797 75 27 gjorda
365 796 116 26 uttalande,
498 796 110 21 vördsamt
623 796 95 21 förorda:

417 867 33 18 att
466 864 122 22 Ständerna
607 865 54 24 ville,
677 865 51 20 med
736 864 159 27 godkännande

351 900 29 26 af
397 899 121 26 skulptören
539 899 125 20 Wikströms
677 899 88 26 projekt
779 899 36 20 till
826 899 68 26 skulp-

350 933 88 20 turverk
454 934 45 26 för
511 933 158 20 ständerhusets
680 933 123 27 gafvelfält
817 933 25 20 ät
855 933 39 20 Ni-

348 967 130 27 kolaigatan,
488 968 44 26 för
552 967 90 21 arbetets
664 967 114 27 utförande
793 967 62 20 anslå
871 974 24 13 en

348 1008 85 14 summa
448 1002 30 27 af
488 1008 77 21 41,200
581 1002 73 24 mark;
669 1005 57 18 samt

418 1073 33 18 att
474 1071 23 20 ät
511 1071 40 21 den
560 1071 45 27 för
622 1070 133 28 uppresande
770 1071 29 27 af
810 1078 24 13 en
849 1072 46 19 äre-

350 1105 50 20 stod
420 1105 36 20 till
476 1105 114 21 åminnelse
605 1107 30 26 af
644 1105 252 28 Kejsaren-Storfursten

350 1139 127 21 Alexander
495 1140 29 20 II
536 1140 91 20 tillsatta
644 1139 126 27 Delegation
785 1140 66 20 måtte
867 1141 26 26 öf-

350 1173 119 21 verlemnas
491 1177 32 18 att
539 1174 9 20 i
567 1173 94 21 samråd
673 1173 51 21 med
738 1173 158 21 ständerhusets

350 1208 97 25 arkitekt,
473 1209 21 26 ej
516 1208 83 21 mindre
619 1210 96 26 uppgöra
734 1208 101 20 kontrakt
848 1208 50 20 med

350 1242 121 27 skulptören
499 1243 114 20 Wikström
633 1250 34 13 om
684 1243 144 20 konstverkets
843 1244 53 23 utfö-

352 1276 66 21 rande
432 1276 10 20 i
451 1276 50 27 gips
516 1278 29 18 än
559 1277 66 27 äfven
640 1280 34 17 att
688 1279 44 17 utse
747 1276 75 27 nödigt
836 1277 63 19 anta!

345 1314 107 24 personer,
478 1311 73 20 hvilka
567 1311 51 27 egde
633 1310 119 28 öfvervaka
766 1311 130 20 kontraktets

346 1344 149 28 fullgörande,
513 1346 55 26 efter
581 1345 61 21 hand
654 1346 80 26 afsyna
746 1345 80 20 arbetet
840 1348 59 17 samt

350 1378 37 20 till
407 1378 159 22 Statsutskottet
593 1379 39 21 vid
651 1380 63 20 nästa
736 1374 109 32 landtdag
865 1379 32 22 af

351 1413 70 19 lemna
430 1413 92 25 förslag
532 1413 111 25 angående
652 1413 121 19 materialet
778 1413 44 25 för
830 1413 67 19 konst-

353 1446 76 24 verket,
445 1445 119 27 hvarjemte
579 1446 239 20 ständerhusekonomen
830 1445 68 20 skulle

216 1485 130 16 Statsutskottets
358 1485 104 16 betänkande
472 1485 35 16 N:o
518 1489 17 16 7.
