1123 1789
254 171 14 20 4
449 170 29 22 U.
494 169 19 22 B
530 183 27 2 —
572 170 75 28 Prop.
663 169 45 23 N:o
724 169 36 23 19.

226 238 77 27 dagen,
326 237 148 22 beräknandet
494 238 24 21 af
529 238 284 27 kompletteringsbehofvet
829 238 42 21 och
885 237 95 22 bestäm-

224 272 89 21 mandet
328 272 25 21 af
364 272 123 28 uppbädets
502 273 98 20 numerär
615 272 54 21 skall
683 272 39 21 ske
737 272 50 21 med
803 271 42 22 den
856 271 123 22 varsamhet

225 309 33 19 att
274 309 31 18 ett
320 307 70 26 dylikt
405 306 176 21 öfverskridande
597 307 137 26 förebygges.

292 341 30 21 På
337 341 68 27 grund
420 341 65 20 häraf
496 341 31 21 får
544 341 115 21 Utskottet
673 341 111 21 vördsamt
799 341 122 21 hemställa:

498 413 33 17 att
554 409 130 25 Ständerna,
705 409 69 21 under
789 410 96 27 förlitan
904 409 73 28 derpä,

429 447 33 17 att
486 444 132 27 Regeringen
639 445 113 27 sjelfmant
772 444 60 21 skall
848 444 90 27 vidtaga
952 443 27 22 de

428 479 111 26 åtgärder,
562 486 46 13 som
616 480 44 26 för
677 478 190 28 upprätthållande
881 480 30 26 af
920 478 58 21 stad-

425 513 84 27 gandet
530 513 9 21 i
562 519 38 15 121
625 514 17 25 $
662 513 23 20 V.
701 512 24 21 L.
741 513 119 27 erfordras,
877 513 50 20 ville
935 514 45 26 för

427 546 70 22 denna
518 548 65 26 gäng
607 547 47 20 läta
670 546 89 28 frägan
784 554 34 13 om
843 554 25 14 en
882 547 98 21 särskild

421 581 174 27 framställning
607 581 9 21 i
627 581 82 21 sådant
721 582 56 26 syfte
786 581 106 27 förfalla.

291 650 9 20 I
322 649 159 29 behandlingen
503 650 25 21 af
548 650 60 22 detta
631 650 80 20 ärende
732 650 65 21 hafva
819 650 92 27 deltagit
929 650 47 21 ord-

220 684 104 21 föranden
345 684 95 26 Donner,
465 684 147 22 ledamöterne
632 684 99 22 Friherre
753 692 43 13 von
818 685 64 26 Born,
906 684 25 22 C.
948 684 28 23 G.

219 718 179 27 Standertskjöld,
424 719 25 21 L.
475 718 114 27 Mechelin,
615 719 106 25 Kihlman,
759 718 18 27 J.
801 719 26 21 R.
850 719 124 26 Danielson,

218 753 138 25 Nordström,
385 752 85 26 Heikel,
496 754 102 25 Neovius,
627 747 91 31 Öhman,
744 753 109 28 Hallberg,
879 753 94 28 Kiipula,

219 788 118 25 Meurman,
353 787 29 21 A.
398 788 24 20 F.
438 788 118 21 Danielson
573 788 41 21 och
629 787 140 21 Tuomikoski
784 788 114 21 äfvensom
908 795 66 21 supp-

220 821 109 22 leanterna
344 821 66 22 Alex.
426 822 101 21 Aminoff
538 826 56 18 samt
609 822 68 21 delvis
692 822 171 22 Tammelander.

288 890 142 28 Helsingfors,
447 891 41 21 den
503 892 27 20 28
546 891 41 27 maj
605 892 60 26 1894.

354 1518 116 22 Helsingfors,
482 1517 110 24 Helsingfors
606 1518 160 23 Central-tryckeri,
779 1519 49 18 1894.
