1100 1745
350 133 21 22 U.
389 133 22 22 B.
428 145 29 3 —
473 133 60 27 Prop.
551 133 35 22 N:o
601 133 23 22 11.
835 132 24 21 41

114 198 60 27 gifva
199 200 31 19 ett
254 198 52 21 fullt
329 199 69 20 exakt
413 199 92 26 uttryck
527 198 22 21 åt
565 198 45 21 alla
627 198 28 20 de
672 198 129 20 olikartade
817 204 46 14 me-

114 234 245 27 ningsskiftningarna,
384 234 45 21 och
453 234 106 27 slutligen
577 234 79 27 därpå,
673 236 32 18 att
723 240 55 14 man
794 236 70 18 teore-

114 270 55 21 tiskt
185 270 47 21 kan
250 270 70 21 tänka
337 270 33 27 sig
386 272 31 18 ett
433 270 47 20 otal
497 270 128 21 olikartade
636 270 229 20 valkombinationer

114 306 44 21 och
174 306 100 27 intriger.
301 306 84 27 Hvarje
401 306 132 26 valsystem,
551 312 50 14 som
618 306 7 20 i
637 306 157 26 verkligheten
807 312 56 20 upp-

114 342 85 26 ställes,
224 342 72 20 måste
322 342 97 20 sålunda
444 342 76 21 lemna
545 348 51 14 rum
623 342 35 20 för
674 342 189 26 anmärkningar.

115 378 47 20 När
178 378 39 20 det
233 378 70 26 gäller
319 380 33 18 att
363 378 98 20 bedöma
473 378 170 26 antagligheten
655 377 25 21 af
689 379 31 19 ett
731 378 134 26 valsystem,

115 414 34 20 får
173 420 55 14 man
253 414 19 26 ej
295 414 127 20 inskränka
439 414 34 25 sig
489 414 34 20 till
540 415 32 19 att
588 413 97 27 uppvisa
703 413 89 26 brister,
810 415 54 18 utan

115 449 42 20 bör
168 455 56 14 man
236 449 43 20 ock
290 449 67 26 tillse,
370 449 114 20 huruvida
497 449 67 20 dessa
575 450 40 19 äro
627 448 24 21 af
663 449 86 26 verklig
761 448 104 27 praktisk

116 485 117 26 betydelse
257 485 44 20 och
326 485 91 20 svårare
441 486 30 19 än
496 485 35 25 de,
549 491 50 14 som
616 484 92 21 vidlåda
735 485 72 20 andra
830 491 35 20 sy-

116 523 65 23 stem,
194 521 78 20 hvilka
283 520 108 27 möjligen
401 521 78 20 kunde
491 521 95 21 komma
596 520 7 21 i
612 520 69 27 fråga.
694 520 108 21 Förbiser
812 526 53 14 man

117 557 60 20 detta
195 569 29 2 —
241 557 44 20 och
302 559 32 18 att
351 559 30 18 ett
398 557 82 20 sådant
496 556 146 21 förbiseende
658 556 128 27 mångfaldt
809 556 57 20 före-

117 592 100 21 kommit
241 593 67 20 äfven
333 592 39 21 vid
396 592 156 21 bedömandet
569 593 24 20 af
608 592 150 21 förevarande
774 592 92 27 förslag,

117 629 64 20 torde
198 628 19 27 ej
235 628 80 21 kunna
335 628 109 21 förnekas
465 641 28 2 —
518 628 24 21 så
567 629 25 20 är
616 628 37 21 det
677 627 129 28 förklarligt
827 634 39 14 om

117 670 54 14 man
196 664 71 21 bland
293 664 94 26 sådana,
412 671 51 14 som
488 665 51 20 icke
556 664 59 21 varit
636 664 7 20 i
659 664 89 20 tillfälle
765 666 31 18 att
813 665 54 25 göra

118 700 32 26 sig
167 701 107 19 närmare
291 700 116 27 förtrogna
419 700 53 20 med
485 700 114 27 frågorna,
611 700 46 20 kan
670 699 121 21 framkalla
803 699 64 20 miss-

117 738 35 18 tro
169 738 14 18 t.
201 742 20 14 o.
239 743 30 13 m.
287 738 48 18 mot
352 737 31 19 ett
399 736 91 20 relativt
507 736 54 26 godt
578 736 84 26 förslag
679 736 43 20 och
748 735 119 21 föranleda

118 773 31 18 ett
173 771 130 27 antagande
328 771 54 21 eller
406 771 154 21 fasthållande
577 771 39 21 vid
633 772 75 20 sämre
725 773 93 25 system,
843 770 25 21 så

118 807 93 26 mycket
228 813 49 14 mer
293 813 50 14 som
361 807 37 20 det
414 809 61 18 stora
497 807 96 21 flertalet
610 807 49 21 icke
676 813 38 21 ger
730 807 33 27 sig
779 806 32 21 tid
824 806 44 21 och

119 843 69 20 möda
208 845 33 18 att
265 844 58 19 sätta
341 842 33 27 sig
390 842 22 21 in
430 843 7 20 i
459 844 71 20 saken
549 845 60 18 samt
625 843 61 20 förut
702 846 55 17 vant
773 842 33 27 sig
823 842 45 26 vid,

118 878 44 21 och
187 878 143 27 följaktligen
352 879 26 20 är
394 885 48 14 mer
459 879 54 20 eller
530 879 90 20 mindre
637 879 129 20 känslolöst
782 878 35 21 för
833 877 35 21 så-

119 914 61 20 dana
206 914 109 21 skriande
339 914 230 25 missförhållanden,
593 921 50 14 som
663 914 35 26 de,
714 914 80 21 hvilka
811 914 58 20 höra

119 950 33 20 till
169 957 28 14 en
215 951 54 20 eller
285 952 34 19 tre
335 957 67 14 mans
418 950 166 21 valkretsarna.

193 1129 177 21 Ofvananförda
394 1129 83 26 åsigter
501 1130 74 20 skulle
596 1129 36 21 för
648 1136 26 14 en
692 1129 36 20 del
745 1129 126 20 ledamöter

120 1164 25 21 af
164 1165 116 21 Utskottet
296 1165 122 21 motiverat
434 1167 32 18 att
486 1165 158 21 valkretsarna
663 1165 59 21 hade
739 1165 132 20 bibehållits

120 1201 38 20 vid
168 1201 38 20 det
215 1201 102 26 omfång,
327 1207 50 14 som
387 1192 43 29 den
445 1201 36 21 för
490 1201 91 27 frågans
591 1201 166 21 förberedande
768 1201 103 20 behand-

120 1236 47 27 ling
183 1237 96 20 tillsatta
296 1237 138 20 kommittén
458 1237 60 20 hade
535 1237 122 27 föreslagit,
674 1237 43 20 och
734 1239 33 18 att
783 1236 89 21 således

122 1272 146 21 Tavastehus
284 1273 39 20 län
339 1273 51 20 icke
407 1273 73 20 delats
497 1273 7 20 i
520 1274 85 19 tvänne
621 1273 43 20 och
681 1273 70 20 Wasa
768 1273 38 20 län
821 1272 51 21 icke

122 1308 8 20 i
145 1310 82 18 trenne
244 1309 134 19 valkretsar.
404 1308 77 26 Enligt
497 1315 28 14 en
543 1315 78 13 annan
637 1308 63 20 inom
713 1308 116 20 Utskottet
839 1308 33 20 fö-

121 1344 92 20 reträdd
231 1344 58 26 åsigt
306 1344 75 20 skulle
398 1344 37 20 väl
453 1351 28 13 en
500 1344 69 26 något
585 1344 78 26 längre
676 1344 87 26 gående
779 1343 94 27 delning

121 1380 24 20 af
160 1380 68 20 länen
246 1386 27 14 ur
290 1380 121 26 praktiska
435 1380 51 20 skäl
504 1380 59 20 varit
579 1380 98 26 önsklig,
694 1386 53 14 men
764 1380 50 20 icke
831 1385 40 21 ega

122 1415 44 20 den
184 1415 127 27 betydelse,
329 1417 32 18 att
377 1415 85 26 förslag
478 1416 35 20 till
530 1416 97 25 ändring
640 1415 99 21 behöfde
751 1415 24 20 af
785 1415 87 20 utskot-

121 1453 32 18 tet
169 1451 148 20 framställas.
351 1451 8 20 I
379 1451 55 27 följd
457 1451 70 21 häraf
541 1451 44 21 och
602 1451 52 20 med
671 1451 106 20 afseende
794 1451 13 20 å
824 1451 49 20 vik-
