<?xml version="1.0" encoding="UTF-8"?>
<alto xmlns="http://www.loc.gov/standards/alto/ns-v3#" xmlns:xlink="http://www.w3.org/1999/xlink" xmlns:xsi="http://www.w3.org/2001/XMLSchema-instance" xsi:schemaLocation="http://www.loc.gov/standards/alto/ns-v3# http://www.loc.gov/alto/v3/alto-3-0.xsd">
	<Description>
		<MeasurementUnit>pixel</MeasurementUnit>
		<sourceImageInformation>
			<fileName>/tmp/tess_ohp3c6u9_input.PNG</fileName>
		</sourceImageInformation>
		<OCRProcessing ID="OCR_0">
			<ocrProcessingStep>
				<processingSoftware>
					<softwareName>tesseract 5.3.4</softwareName>
				</processingSoftware>
			</ocrProcessingStep>
		</OCRProcessing>
	</Description>
	<Layout>
		<Page WIDTH="1100" HEIGHT="1745" PHYSICAL_IMG_NR="0" ID="page_0">
			<PrintSpace HPOS="0" VPOS="0" WIDTH="1100" HEIGHT="1745">
				<ComposedBlock ID="cblock_0" HPOS="353" VPOS="143" WIDTH="513" HEIGHT="29">
					<TextBlock ID="block_0" HPOS="353" VPOS="143" WIDTH="513" HEIGHT="29">
						<TextLine ID="line_0" HPOS="353" VPOS="143" WIDTH="513" HEIGHT="29">
							<String ID="string_0" HPOS="353" VPOS="143" WIDTH="21" HEIGHT="23" WC="0.91" CONTENT="U."/><SP WIDTH="18" VPOS="143" HPOS="374"/>
							<String ID="string_1" HPOS="392" VPOS="145" WIDTH="22" HEIGHT="21" WC="0.91" CONTENT="B."/><SP WIDTH="19" VPOS="145" HPOS="414"/>
							<String ID="string_2" HPOS="433" VPOS="157" WIDTH="27" HEIGHT="2" WC="0.90" CONTENT="—"/><SP WIDTH="16" VPOS="157" HPOS="460"/>
							<String ID="string_3" HPOS="476" VPOS="145" WIDTH="60" HEIGHT="27" WC="0.95" CONTENT="Prop."/><SP WIDTH="19" VPOS="145" HPOS="536"/>
							<String ID="string_4" HPOS="555" VPOS="144" WIDTH="34" HEIGHT="23" WC="0.94" CONTENT="N:o"/><SP WIDTH="16" VPOS="144" HPOS="589"/>
							<String ID="string_5" HPOS="605" VPOS="144" WIDTH="22" HEIGHT="23" WC="0.93" CONTENT="11."/><SP WIDTH="225" VPOS="144" HPOS="627"/>
							<String ID="string_6" HPOS="852" VPOS="146" WIDTH="14" HEIGHT="20" WC="0.96" CONTENT="9"/>
						</TextLine>
					</TextBlock>
				</ComposedBlock>
				<ComposedBlock ID="cblock_1" HPOS="115" VPOS="209" WIDTH="757" HEIGHT="1283">
					<TextBlock ID="block_1" HPOS="117" VPOS="209" WIDTH="753" HEIGHT="245">
						<TextLine ID="line_1" HPOS="189" VPOS="209" WIDTH="681" HEIGHT="29">
							<String ID="string_7" HPOS="189" VPOS="209" WIDTH="82" HEIGHT="21" WC="0.94" CONTENT="Såsom"/><SP WIDTH="22" VPOS="209" HPOS="271"/>
							<String ID="string_8" HPOS="293" VPOS="210" WIDTH="71" HEIGHT="21" WC="0.93" CONTENT="redan"/><SP WIDTH="18" VPOS="210" HPOS="364"/>
							<String ID="string_9" HPOS="382" VPOS="211" WIDTH="99" HEIGHT="26" WC="0.90" CONTENT="antydts,"/><SP WIDTH="17" VPOS="211" HPOS="481"/>
							<String ID="string_10" HPOS="498" VPOS="211" WIDTH="59" HEIGHT="20" WC="0.96" CONTENT="skall"/><SP WIDTH="18" VPOS="211" HPOS="557"/>
							<String ID="string_11" HPOS="575" VPOS="211" WIDTH="84" HEIGHT="26" WC="0.96" CONTENT="förslag"/><SP WIDTH="17" VPOS="211" HPOS="659"/>
							<String ID="string_12" HPOS="676" VPOS="217" WIDTH="38" HEIGHT="14" WC="0.95" CONTENT="om"/><SP WIDTH="17" VPOS="217" HPOS="714"/>
							<String ID="string_13" HPOS="731" VPOS="211" WIDTH="98" HEIGHT="27" WC="0.95" CONTENT="ändring"/><SP WIDTH="16" VPOS="211" HPOS="829"/>
							<String ID="string_14" HPOS="845" VPOS="211" WIDTH="25" HEIGHT="21" WC="0.96" CONTENT="af"/>
						</TextLine>
						<TextLine ID="line_2" HPOS="117" VPOS="246" WIDTH="749" HEIGHT="27">
							<String ID="string_15" HPOS="117" VPOS="246" WIDTH="119" HEIGHT="26" WC="0.96" CONTENT="grundlag,"/><SP WIDTH="24" VPOS="246" HPOS="236"/>
							<String ID="string_16" HPOS="260" VPOS="246" WIDTH="75" HEIGHT="20" WC="0.96" CONTENT="därest"/><SP WIDTH="24" VPOS="246" HPOS="335"/>
							<String ID="string_17" HPOS="359" VPOS="247" WIDTH="38" HEIGHT="20" WC="0.96" CONTENT="det"/><SP WIDTH="24" VPOS="247" HPOS="397"/>
							<String ID="string_18" HPOS="421" VPOS="247" WIDTH="50" HEIGHT="20" WC="0.96" CONTENT="icke"/><SP WIDTH="23" VPOS="247" HPOS="471"/>
							<String ID="string_19" HPOS="494" VPOS="247" WIDTH="142" HEIGHT="20" WC="0.96" CONTENT="omedelbart"/><SP WIDTH="21" VPOS="247" HPOS="636"/>
							<String ID="string_20" HPOS="657" VPOS="247" WIDTH="122" HEIGHT="26" WC="0.96" CONTENT="förkastas,"/><SP WIDTH="18" VPOS="247" HPOS="779"/>
							<String ID="string_21" HPOS="797" VPOS="247" WIDTH="69" HEIGHT="21" WC="0.96" CONTENT="blifva"/>
						</TextLine>
						<TextLine ID="line_3" HPOS="117" VPOS="281" WIDTH="749" HEIGHT="28">
							<String ID="string_22" HPOS="117" VPOS="281" WIDTH="109" HEIGHT="21" WC="0.90" CONTENT="hvilande"/><SP WIDTH="25" VPOS="281" HPOS="226"/>
							<String ID="string_23" HPOS="251" VPOS="282" WIDTH="33" HEIGHT="20" WC="0.96" CONTENT="till"/><SP WIDTH="24" VPOS="282" HPOS="284"/>
							<String ID="string_24" HPOS="308" VPOS="282" WIDTH="70" HEIGHT="21" WC="0.95" CONTENT="första"/><SP WIDTH="25" VPOS="282" HPOS="378"/>
							<String ID="string_25" HPOS="403" VPOS="283" WIDTH="55" HEIGHT="20" WC="0.96" CONTENT="efter"/><SP WIDTH="24" VPOS="283" HPOS="458"/>
							<String ID="string_26" HPOS="482" VPOS="289" WIDTH="46" HEIGHT="20" WC="0.96" CONTENT="nya"/><SP WIDTH="27" VPOS="289" HPOS="528"/>
							<String ID="string_27" HPOS="555" VPOS="283" WIDTH="37" HEIGHT="20" WC="0.93" CONTENT="val"/><SP WIDTH="24" VPOS="283" HPOS="592"/>
							<String ID="string_28" HPOS="616" VPOS="283" WIDTH="250" HEIGHT="20" WC="0.91" CONTENT="sammankommande"/>
						</TextLine>
						<TextLine ID="line_4" HPOS="117" VPOS="317" WIDTH="749" HEIGHT="29">
							<String ID="string_29" HPOS="117" VPOS="317" WIDTH="116" HEIGHT="27" WC="0.89" CONTENT="landtdag."/><SP WIDTH="33" VPOS="317" HPOS="233"/>
							<String ID="string_30" HPOS="266" VPOS="318" WIDTH="80" HEIGHT="20" WC="0.96" CONTENT="Likväl"/><SP WIDTH="18" VPOS="318" HPOS="346"/>
							<String ID="string_31" HPOS="364" VPOS="318" WIDTH="45" HEIGHT="21" WC="0.96" CONTENT="kan"/><SP WIDTH="21" VPOS="318" HPOS="409"/>
							<String ID="string_32" HPOS="430" VPOS="319" WIDTH="82" HEIGHT="20" WC="0.93" CONTENT="sådant"/><SP WIDTH="17" VPOS="319" HPOS="512"/>
							<String ID="string_33" HPOS="529" VPOS="319" WIDTH="104" HEIGHT="27" WC="0.92" CONTENT="uppskof"/><SP WIDTH="14" VPOS="319" HPOS="633"/>
							<String ID="string_34" HPOS="647" VPOS="319" WIDTH="122" HEIGHT="25" WC="0.95" CONTENT="undvikas,"/><SP WIDTH="18" VPOS="319" HPOS="769"/>
							<String ID="string_35" HPOS="787" VPOS="319" WIDTH="7" HEIGHT="20" WC="0.93" CONTENT="i"/><SP WIDTH="16" VPOS="319" HPOS="794"/>
							<String ID="string_36" HPOS="810" VPOS="319" WIDTH="56" HEIGHT="20" WC="0.92" CONTENT="hän-"/>
						</TextLine>
						<TextLine ID="line_5" HPOS="118" VPOS="353" WIDTH="748" HEIGHT="28">
							<String ID="string_37" HPOS="118" VPOS="353" WIDTH="62" HEIGHT="21" WC="0.96" CONTENT="delse"/><SP WIDTH="24" VPOS="353" HPOS="180"/>
							<String ID="string_38" HPOS="204" VPOS="354" WIDTH="94" HEIGHT="20" WC="0.96" CONTENT="ärendet"/><SP WIDTH="23" VPOS="354" HPOS="298"/>
							<String ID="string_39" HPOS="321" VPOS="354" WIDTH="7" HEIGHT="20" WC="0.96" CONTENT="i"/><SP WIDTH="25" VPOS="354" HPOS="328"/>
							<String ID="string_40" HPOS="353" VPOS="354" WIDTH="95" HEIGHT="27" WC="0.95" CONTENT="plenum"/><SP WIDTH="25" VPOS="354" HPOS="448"/>
							<String ID="string_41" HPOS="473" VPOS="355" WIDTH="123" HEIGHT="20" WC="0.95" CONTENT="förklarats"/><SP WIDTH="24" VPOS="355" HPOS="596"/>
							<String ID="string_42" HPOS="620" VPOS="355" WIDTH="147" HEIGHT="20" WC="0.96" CONTENT="brådskande"/><SP WIDTH="17" VPOS="355" HPOS="767"/>
							<String ID="string_43" HPOS="784" VPOS="361" WIDTH="82" HEIGHT="20" WC="0.96" CONTENT="genom"/>
						</TextLine>
						<TextLine ID="line_6" HPOS="118" VPOS="389" WIDTH="749" HEIGHT="28">
							<String ID="string_44" HPOS="118" VPOS="389" WIDTH="82" HEIGHT="26" WC="0.96" CONTENT="beslut,"/><SP WIDTH="17" VPOS="389" HPOS="200"/>
							<String ID="string_45" HPOS="217" VPOS="396" WIDTH="50" HEIGHT="14" WC="0.93" CONTENT="som"/><SP WIDTH="18" VPOS="396" HPOS="267"/>
							<String ID="string_46" HPOS="285" VPOS="390" WIDTH="117" HEIGHT="21" WC="0.91" CONTENT="omfattats"/><SP WIDTH="17" VPOS="390" HPOS="402"/>
							<String ID="string_47" HPOS="419" VPOS="391" WIDTH="25" HEIGHT="20" WC="0.96" CONTENT="af"/><SP WIDTH="14" VPOS="391" HPOS="444"/>
							<String ID="string_48" HPOS="458" VPOS="391" WIDTH="71" HEIGHT="20" WC="0.96" CONTENT="minst"/><SP WIDTH="14" VPOS="391" HPOS="529"/>
							<String ID="string_49" HPOS="543" VPOS="391" WIDTH="45" HEIGHT="20" WC="0.91" CONTENT="fem"/><SP WIDTH="18" VPOS="391" HPOS="588"/>
							<String ID="string_50" HPOS="606" VPOS="391" WIDTH="130" HEIGHT="26" WC="0.91" CONTENT="sjättedelar"/><SP WIDTH="17" VPOS="391" HPOS="736"/>
							<String ID="string_51" HPOS="753" VPOS="391" WIDTH="24" HEIGHT="20" WC="0.95" CONTENT="af"/><SP WIDTH="14" VPOS="391" HPOS="777"/>
							<String ID="string_52" HPOS="791" VPOS="391" WIDTH="28" HEIGHT="20" WC="0.93" CONTENT="de"/><SP WIDTH="16" VPOS="391" HPOS="819"/>
							<String ID="string_53" HPOS="835" VPOS="391" WIDTH="32" HEIGHT="20" WC="0.92" CONTENT="af-"/>
						</TextLine>
						<TextLine ID="line_7" HPOS="118" VPOS="424" WIDTH="396" HEIGHT="30">
							<String ID="string_54" HPOS="118" VPOS="424" WIDTH="61" HEIGHT="27" WC="0.92" CONTENT="gifna"/><SP WIDTH="17" VPOS="424" HPOS="179"/>
							<String ID="string_55" HPOS="196" VPOS="426" WIDTH="103" HEIGHT="19" WC="0.95" CONTENT="rösterna"/><SP WIDTH="17" VPOS="426" HPOS="299"/>
							<String ID="string_56" HPOS="316" VPOS="425" WIDTH="35" HEIGHT="27" WC="0.93" CONTENT="(60"/><SP WIDTH="25" VPOS="425" HPOS="351"/>
							<String ID="string_57" HPOS="376" VPOS="424" WIDTH="7" HEIGHT="29" WC="0.62" CONTENT="&amp;"/><SP WIDTH="22" VPOS="424" HPOS="383"/>
							<String ID="string_58" HPOS="405" VPOS="426" WIDTH="6" HEIGHT="19" WC="0.96" CONTENT="2"/><SP WIDTH="18" VPOS="426" HPOS="411"/>
							<String ID="string_59" HPOS="429" VPOS="425" WIDTH="85" HEIGHT="29" WC="0.88" CONTENT="mom.)."/>
						</TextLine>
					</TextBlock>
					<TextBlock ID="block_2" HPOS="116" VPOS="461" WIDTH="756" HEIGHT="850">
						<TextLine ID="line_8" HPOS="191" VPOS="461" WIDTH="676" HEIGHT="28">
							<String ID="string_60" HPOS="191" VPOS="461" WIDTH="144" HEIGHT="20" WC="0.96" CONTENT="Beträffande"/><SP WIDTH="24" VPOS="461" HPOS="335"/>
							<String ID="string_61" HPOS="359" VPOS="461" WIDTH="76" HEIGHT="27" WC="0.95" CONTENT="frågor"/><SP WIDTH="23" VPOS="461" HPOS="435"/>
							<String ID="string_62" HPOS="458" VPOS="468" WIDTH="39" HEIGHT="14" WC="0.95" CONTENT="om"/><SP WIDTH="23" VPOS="468" HPOS="497"/>
							<String ID="string_63" HPOS="520" VPOS="461" WIDTH="148" HEIGHT="28" WC="0.95" CONTENT="lagstiftning,"/><SP WIDTH="17" VPOS="461" HPOS="668"/>
							<String ID="string_64" HPOS="685" VPOS="469" WIDTH="38" HEIGHT="13" WC="0.96" CONTENT="om"/><SP WIDTH="19" VPOS="469" HPOS="723"/>
							<String ID="string_65" HPOS="742" VPOS="463" WIDTH="125" HEIGHT="26" WC="0.95" CONTENT="utgörande"/>
						</TextLine>
						<TextLine ID="line_9" HPOS="118" VPOS="497" WIDTH="752" HEIGHT="28">
							<String ID="string_66" HPOS="118" VPOS="497" WIDTH="25" HEIGHT="20" WC="0.92" CONTENT="af"/><SP WIDTH="14" VPOS="497" HPOS="143"/>
							<String ID="string_67" HPOS="157" VPOS="497" WIDTH="126" HEIGHT="26" WC="0.92" CONTENT="bevillning"/><SP WIDTH="16" VPOS="497" HPOS="283"/>
							<String ID="string_68" HPOS="299" VPOS="497" WIDTH="54" HEIGHT="20" WC="0.95" CONTENT="eller"/><SP WIDTH="17" VPOS="497" HPOS="353"/>
							<String ID="string_69" HPOS="370" VPOS="497" WIDTH="90" HEIGHT="27" WC="0.96" CONTENT="ständig"/><SP WIDTH="17" VPOS="497" HPOS="460"/>
							<String ID="string_70" HPOS="477" VPOS="498" WIDTH="61" HEIGHT="20" WC="0.96" CONTENT="skatt"/><SP WIDTH="17" VPOS="498" HPOS="538"/>
							<String ID="string_71" HPOS="555" VPOS="500" WIDTH="60" HEIGHT="18" WC="0.95" CONTENT="samt"/><SP WIDTH="17" VPOS="500" HPOS="615"/>
							<String ID="string_72" HPOS="632" VPOS="504" WIDTH="37" HEIGHT="14" WC="0.96" CONTENT="om"/><SP WIDTH="19" VPOS="504" HPOS="669"/>
							<String ID="string_73" HPOS="688" VPOS="498" WIDTH="146" HEIGHT="27" WC="0.96" CONTENT="upptagande"/><SP WIDTH="11" VPOS="498" HPOS="834"/>
							<String ID="string_74" HPOS="845" VPOS="498" WIDTH="25" HEIGHT="21" WC="0.96" CONTENT="af"/>
						</TextLine>
						<TextLine ID="line_10" HPOS="118" VPOS="533" WIDTH="750" HEIGHT="29">
							<String ID="string_75" HPOS="118" VPOS="533" WIDTH="96" HEIGHT="20" WC="0.92" CONTENT="statslån"/><SP WIDTH="25" VPOS="533" HPOS="214"/>
							<String ID="string_76" HPOS="239" VPOS="533" WIDTH="91" HEIGHT="26" WC="0.93" CONTENT="stadgas"/><SP WIDTH="23" VPOS="533" HPOS="330"/>
							<String ID="string_77" HPOS="353" VPOS="533" WIDTH="33" HEIGHT="26" WC="0.96" CONTENT="(L."/><SP WIDTH="18" VPOS="533" HPOS="386"/>
							<String ID="string_78" HPOS="404" VPOS="533" WIDTH="27" HEIGHT="21" WC="0.93" CONTENT="O."/><SP WIDTH="17" VPOS="533" HPOS="431"/>
							<String ID="string_79" HPOS="448" VPOS="534" WIDTH="27" HEIGHT="19" WC="0.93" CONTENT="57"/><SP WIDTH="18" VPOS="534" HPOS="475"/>
							<String ID="string_80" HPOS="493" VPOS="534" WIDTH="13" HEIGHT="26" WC="0.85" CONTENT="&amp;"/><SP WIDTH="20" VPOS="534" HPOS="506"/>
							<String ID="string_81" HPOS="526" VPOS="534" WIDTH="55" HEIGHT="20" WC="0.76" CONTENT="1—5"/><SP WIDTH="18" VPOS="534" HPOS="581"/>
							<String ID="string_82" HPOS="599" VPOS="540" WIDTH="69" HEIGHT="14" WC="0.96" CONTENT="mom."/><SP WIDTH="18" VPOS="540" HPOS="668"/>
							<String ID="string_83" HPOS="686" VPOS="534" WIDTH="44" HEIGHT="21" WC="0.96" CONTENT="och"/><SP WIDTH="25" VPOS="534" HPOS="730"/>
							<String ID="string_84" HPOS="755" VPOS="535" WIDTH="25" HEIGHT="20" WC="0.94" CONTENT="61"/><SP WIDTH="18" VPOS="535" HPOS="780"/>
							<String ID="string_85" HPOS="798" VPOS="533" WIDTH="21" HEIGHT="29" WC="0.93" CONTENT="8)"/><SP WIDTH="17" VPOS="533" HPOS="819"/>
							<String ID="string_86" HPOS="836" VPOS="536" WIDTH="32" HEIGHT="19" WC="0.96" CONTENT="att"/>
						</TextLine>
						<TextLine ID="line_11" HPOS="118" VPOS="568" WIDTH="749" HEIGHT="28">
							<String ID="string_87" HPOS="118" VPOS="568" WIDTH="174" HEIGHT="27" WC="0.95" CONTENT="ifrågavarande"/><SP WIDTH="17" VPOS="568" HPOS="292"/>
							<String ID="string_88" HPOS="309" VPOS="569" WIDTH="100" HEIGHT="20" WC="0.96" CONTENT="ärenden"/><SP WIDTH="17" VPOS="569" HPOS="409"/>
							<String ID="string_89" HPOS="426" VPOS="569" WIDTH="64" HEIGHT="27" WC="0.96" CONTENT="böra,"/><SP WIDTH="14" VPOS="569" HPOS="490"/>
							<String ID="string_90" HPOS="504" VPOS="569" WIDTH="60" HEIGHT="21" WC="0.95" CONTENT="efter"/><SP WIDTH="16" VPOS="569" HPOS="564"/>
							<String ID="string_91" HPOS="580" VPOS="571" WIDTH="32" HEIGHT="19" WC="0.96" CONTENT="att"/><SP WIDTH="15" VPOS="571" HPOS="612"/>
							<String ID="string_92" HPOS="627" VPOS="570" WIDTH="6" HEIGHT="20" WC="0.93" CONTENT="i"/><SP WIDTH="13" VPOS="570" HPOS="633"/>
							<String ID="string_93" HPOS="646" VPOS="570" WIDTH="142" HEIGHT="21" WC="0.92" CONTENT="fackutskott"/><SP WIDTH="10" VPOS="570" HPOS="788"/>
							<String ID="string_94" HPOS="798" VPOS="570" WIDTH="69" HEIGHT="21" WC="0.96" CONTENT="hafva"/>
						</TextLine>
						<TextLine ID="line_12" HPOS="119" VPOS="604" WIDTH="749" HEIGHT="29">
							<String ID="string_95" HPOS="119" VPOS="604" WIDTH="162" HEIGHT="21" WC="0.91" CONTENT="underkastats"/><SP WIDTH="17" VPOS="604" HPOS="281"/>
							<String ID="string_96" HPOS="298" VPOS="604" WIDTH="132" HEIGHT="28" WC="0.95" CONTENT="beredning,"/><SP WIDTH="18" VPOS="604" HPOS="430"/>
							<String ID="string_97" HPOS="448" VPOS="605" WIDTH="102" HEIGHT="27" WC="0.96" CONTENT="undergå"/><SP WIDTH="16" VPOS="605" HPOS="550"/>
							<String ID="string_98" HPOS="566" VPOS="607" WIDTH="33" HEIGHT="19" WC="0.96" CONTENT="tre"/><SP WIDTH="14" VPOS="607" HPOS="599"/>
							<String ID="string_99" HPOS="613" VPOS="605" WIDTH="74" HEIGHT="21" WC="0.96" CONTENT="skilda"/><SP WIDTH="13" VPOS="605" HPOS="687"/>
							<String ID="string_100" HPOS="700" VPOS="605" WIDTH="168" HEIGHT="28" WC="0.96" CONTENT="behandlingar"/>
						</TextLine>
						<TextLine ID="line_13" HPOS="118" VPOS="640" WIDTH="750" HEIGHT="29">
							<String ID="string_101" HPOS="118" VPOS="640" WIDTH="55" HEIGHT="21" WC="0.96" CONTENT="eller"/><SP WIDTH="16" VPOS="640" HPOS="173"/>
							<String ID="string_102" HPOS="189" VPOS="640" WIDTH="117" HEIGHT="27" WC="0.96" CONTENT="läsningar"/><SP WIDTH="16" VPOS="640" HPOS="306"/>
							<String ID="string_103" HPOS="322" VPOS="641" WIDTH="6" HEIGHT="20" WC="0.93" CONTENT="i"/><SP WIDTH="17" VPOS="641" HPOS="328"/>
							<String ID="string_104" HPOS="345" VPOS="641" WIDTH="153" HEIGHT="27" WC="0.92" CONTENT="landtdagens"/><SP WIDTH="17" VPOS="641" HPOS="498"/>
							<String ID="string_105" HPOS="515" VPOS="641" WIDTH="102" HEIGHT="28" WC="0.95" CONTENT="plenum."/><SP WIDTH="33" VPOS="641" HPOS="617"/>
							<String ID="string_106" HPOS="650" VPOS="641" WIDTH="34" HEIGHT="21" WC="0.96" CONTENT="Då"/><SP WIDTH="17" VPOS="641" HPOS="684"/>
							<String ID="string_107" HPOS="701" VPOS="642" WIDTH="80" HEIGHT="27" WC="0.96" CONTENT="dylika"/><SP WIDTH="12" VPOS="642" HPOS="781"/>
							<String ID="string_108" HPOS="793" VPOS="642" WIDTH="75" HEIGHT="27" WC="0.95" CONTENT="frågor"/>
						</TextLine>
						<TextLine ID="line_14" HPOS="119" VPOS="675" WIDTH="748" HEIGHT="30">
							<String ID="string_109" HPOS="119" VPOS="675" WIDTH="7" HEIGHT="21" WC="0.96" CONTENT="i"/><SP WIDTH="17" VPOS="675" HPOS="126"/>
							<String ID="string_110" HPOS="143" VPOS="677" WIDTH="76" HEIGHT="26" WC="0.96" CONTENT="regeln"/><SP WIDTH="17" VPOS="677" HPOS="219"/>
							<String ID="string_111" HPOS="236" VPOS="676" WIDTH="49" HEIGHT="21" WC="0.96" CONTENT="icke"/><SP WIDTH="17" VPOS="676" HPOS="285"/>
							<String ID="string_112" HPOS="302" VPOS="683" WIDTH="56" HEIGHT="20" WC="0.96" CONTENT="egna"/><SP WIDTH="18" VPOS="683" HPOS="358"/>
							<String ID="string_113" HPOS="376" VPOS="677" WIDTH="34" HEIGHT="26" WC="0.96" CONTENT="sig"/><SP WIDTH="16" VPOS="677" HPOS="410"/>
							<String ID="string_114" HPOS="426" VPOS="677" WIDTH="35" HEIGHT="20" WC="0.96" CONTENT="för"/><SP WIDTH="17" VPOS="677" HPOS="461"/>
							<String ID="string_115" HPOS="478" VPOS="684" WIDTH="27" HEIGHT="14" WC="0.96" CONTENT="en"/><SP WIDTH="18" VPOS="684" HPOS="505"/>
							<String ID="string_116" HPOS="523" VPOS="678" WIDTH="143" HEIGHT="20" WC="0.92" CONTENT="omedelbart"/><SP WIDTH="11" VPOS="678" HPOS="666"/>
							<String ID="string_117" HPOS="677" VPOS="677" WIDTH="138" HEIGHT="28" WC="0.91" CONTENT="vidtagande"/><SP WIDTH="14" VPOS="677" HPOS="815"/>
							<String ID="string_118" HPOS="829" VPOS="678" WIDTH="38" HEIGHT="20" WC="0.92" CONTENT="de-"/>
						</TextLine>
						<TextLine ID="line_15" HPOS="119" VPOS="712" WIDTH="749" HEIGHT="28">
							<String ID="string_119" HPOS="119" VPOS="712" WIDTH="183" HEIGHT="27" WC="0.90" CONTENT="taljbehandling"/><SP WIDTH="16" VPOS="712" HPOS="302"/>
							<String ID="string_120" HPOS="318" VPOS="713" WIDTH="6" HEIGHT="20" WC="0.96" CONTENT="i"/><SP WIDTH="17" VPOS="713" HPOS="324"/>
							<String ID="string_121" HPOS="341" VPOS="719" WIDTH="28" HEIGHT="14" WC="0.96" CONTENT="en"/><SP WIDTH="15" VPOS="719" HPOS="369"/>
							<String ID="string_122" HPOS="384" VPOS="715" WIDTH="47" HEIGHT="18" WC="0.93" CONTENT="stor"/><SP WIDTH="11" VPOS="715" HPOS="431"/>
							<String ID="string_123" HPOS="442" VPOS="713" WIDTH="301" HEIGHT="27" WC="0.91" CONTENT="representantförsamling,"/><SP WIDTH="20" VPOS="713" HPOS="743"/>
							<String ID="string_124" HPOS="763" VPOS="714" WIDTH="65" HEIGHT="21" WC="0.96" CONTENT="skola"/><SP WIDTH="12" VPOS="714" HPOS="828"/>
							<String ID="string_125" HPOS="840" VPOS="714" WIDTH="28" HEIGHT="20" WC="0.95" CONTENT="de"/>
						</TextLine>
						<TextLine ID="line_16" HPOS="119" VPOS="748" WIDTH="749" HEIGHT="27">
							<String ID="string_126" HPOS="119" VPOS="748" WIDTH="56" HEIGHT="21" WC="0.96" CONTENT="efter"/><SP WIDTH="15" VPOS="748" HPOS="175"/>
							<String ID="string_127" HPOS="190" VPOS="748" WIDTH="72" HEIGHT="21" WC="0.96" CONTENT="första"/><SP WIDTH="16" VPOS="748" HPOS="262"/>
							<String ID="string_128" HPOS="278" VPOS="749" WIDTH="127" HEIGHT="26" WC="0.96" CONTENT="läsningen,"/><SP WIDTH="17" VPOS="749" HPOS="405"/>
							<String ID="string_129" HPOS="422" VPOS="749" WIDTH="98" HEIGHT="21" WC="0.93" CONTENT="hvarvid"/><SP WIDTH="20" VPOS="749" HPOS="520"/>
							<String ID="string_130" HPOS="540" VPOS="749" WIDTH="257" HEIGHT="21" WC="0.91" CONTENT="utskottsbetänkandet"/><SP WIDTH="16" VPOS="749" HPOS="797"/>
							<String ID="string_131" HPOS="813" VPOS="749" WIDTH="55" HEIGHT="21" WC="0.91" CONTENT="före-"/>
						</TextLine>
						<TextLine ID="line_17" HPOS="120" VPOS="784" WIDTH="748" HEIGHT="28">
							<String ID="string_132" HPOS="120" VPOS="784" WIDTH="87" HEIGHT="27" WC="0.91" CONTENT="drages,"/><SP WIDTH="28" VPOS="784" HPOS="207"/>
							<String ID="string_133" HPOS="235" VPOS="786" WIDTH="55" HEIGHT="19" WC="0.96" CONTENT="utan"/><SP WIDTH="27" VPOS="786" HPOS="290"/>
							<String ID="string_134" HPOS="317" VPOS="787" WIDTH="32" HEIGHT="18" WC="0.96" CONTENT="att"/><SP WIDTH="27" VPOS="787" HPOS="349"/>
							<String ID="string_135" HPOS="376" VPOS="785" WIDTH="75" HEIGHT="20" WC="0.96" CONTENT="beslut"/><SP WIDTH="24" VPOS="785" HPOS="451"/>
							<String ID="string_136" HPOS="475" VPOS="785" WIDTH="8" HEIGHT="20" WC="0.93" CONTENT="i"/><SP WIDTH="21" VPOS="785" HPOS="483"/>
							<String ID="string_137" HPOS="504" VPOS="785" WIDTH="81" HEIGHT="27" WC="0.91" CONTENT="själfva"/><SP WIDTH="29" VPOS="785" HPOS="585"/>
							<String ID="string_138" HPOS="614" VPOS="785" WIDTH="70" HEIGHT="21" WC="0.96" CONTENT="saken"/><SP WIDTH="28" VPOS="785" HPOS="684"/>
							<String ID="string_139" HPOS="712" VPOS="785" WIDTH="75" HEIGHT="27" WC="0.93" CONTENT="fattas,"/><SP WIDTH="24" VPOS="785" HPOS="787"/>
							<String ID="string_140" HPOS="811" VPOS="786" WIDTH="57" HEIGHT="20" WC="0.92" CONTENT="hän-"/>
						</TextLine>
						<TextLine ID="line_18" HPOS="120" VPOS="820" WIDTH="751" HEIGHT="27">
							<String ID="string_141" HPOS="120" VPOS="820" WIDTH="89" HEIGHT="27" WC="0.96" CONTENT="skjutas"/><SP WIDTH="26" VPOS="820" HPOS="209"/>
							<String ID="string_142" HPOS="235" VPOS="820" WIDTH="34" HEIGHT="21" WC="0.93" CONTENT="till"/><SP WIDTH="28" VPOS="820" HPOS="269"/>
							<String ID="string_143" HPOS="297" VPOS="820" WIDTH="153" HEIGHT="27" WC="0.91" CONTENT="landtdagens"/><SP WIDTH="31" VPOS="820" HPOS="450"/>
							<String ID="string_144" HPOS="481" VPOS="823" WIDTH="60" HEIGHT="18" WC="0.96" CONTENT="stora"/><SP WIDTH="32" VPOS="823" HPOS="541"/>
							<String ID="string_145" HPOS="573" VPOS="821" WIDTH="85" HEIGHT="24" WC="0.82" CONTENT="utskott,"/><SP WIDTH="33" VPOS="821" HPOS="658"/>
							<String ID="string_146" HPOS="691" VPOS="821" WIDTH="124" HEIGHT="21" WC="0.93" CONTENT="bestående"/><SP WIDTH="31" VPOS="821" HPOS="815"/>
							<String ID="string_147" HPOS="846" VPOS="821" WIDTH="25" HEIGHT="20" WC="0.93" CONTENT="af"/>
						</TextLine>
						<TextLine ID="line_19" HPOS="120" VPOS="856" WIDTH="747" HEIGHT="27">
							<String ID="string_148" HPOS="120" VPOS="856" WIDTH="79" HEIGHT="26" WC="0.96" CONTENT="sextio,"/><SP WIDTH="17" VPOS="856" HPOS="199"/>
							<String ID="string_149" HPOS="216" VPOS="862" WIDTH="83" HEIGHT="21" WC="0.95" CONTENT="genom"/><SP WIDTH="25" VPOS="862" HPOS="299"/>
							<String ID="string_150" HPOS="324" VPOS="857" WIDTH="176" HEIGHT="26" WC="0.95" CONTENT="proportionellt"/><SP WIDTH="21" VPOS="857" HPOS="500"/>
							<String ID="string_151" HPOS="521" VPOS="857" WIDTH="36" HEIGHT="20" WC="0.96" CONTENT="val"/><SP WIDTH="27" VPOS="857" HPOS="557"/>
							<String ID="string_152" HPOS="584" VPOS="857" WIDTH="97" HEIGHT="20" WC="0.96" CONTENT="utsedda"/><SP WIDTH="27" VPOS="857" HPOS="681"/>
							<String ID="string_153" HPOS="708" VPOS="857" WIDTH="159" HEIGHT="21" WC="0.96" CONTENT="medlemmar."/>
						</TextLine>
						<TextLine ID="line_20" HPOS="120" VPOS="891" WIDTH="748" HEIGHT="28">
							<String ID="string_154" HPOS="120" VPOS="891" WIDTH="43" HEIGHT="21" WC="0.96" CONTENT="Det"/><SP WIDTH="17" VPOS="891" HPOS="163"/>
							<String ID="string_155" HPOS="180" VPOS="892" WIDTH="24" HEIGHT="20" WC="0.96" CONTENT="af"/><SP WIDTH="15" VPOS="892" HPOS="204"/>
							<String ID="string_156" HPOS="219" VPOS="894" WIDTH="61" HEIGHT="18" WC="0.96" CONTENT="stora"/><SP WIDTH="17" VPOS="894" HPOS="280"/>
							<String ID="string_157" HPOS="297" VPOS="892" WIDTH="111" HEIGHT="20" WC="0.92" CONTENT="utskottet"/><SP WIDTH="16" VPOS="892" HPOS="408"/>
							<String ID="string_158" HPOS="424" VPOS="892" WIDTH="86" HEIGHT="27" WC="0.91" CONTENT="afgifna"/><SP WIDTH="16" VPOS="892" HPOS="510"/>
							<String ID="string_159" HPOS="526" VPOS="893" WIDTH="116" HEIGHT="26" WC="0.96" CONTENT="yttrandet"/><SP WIDTH="16" VPOS="893" HPOS="642"/>
							<String ID="string_160" HPOS="658" VPOS="893" WIDTH="76" HEIGHT="26" WC="0.96" CONTENT="lägges"/><SP WIDTH="15" VPOS="893" HPOS="734"/>
							<String ID="string_161" HPOS="749" VPOS="892" WIDTH="33" HEIGHT="21" WC="0.96" CONTENT="till"/><SP WIDTH="12" VPOS="892" HPOS="782"/>
							<String ID="string_162" HPOS="794" VPOS="892" WIDTH="74" HEIGHT="27" WC="0.95" CONTENT="grund"/>
						</TextLine>
						<TextLine ID="line_21" HPOS="120" VPOS="927" WIDTH="748" HEIGHT="28">
							<String ID="string_163" HPOS="120" VPOS="927" WIDTH="35" HEIGHT="21" WC="0.96" CONTENT="för"/><SP WIDTH="23" VPOS="927" HPOS="155"/>
							<String ID="string_164" HPOS="178" VPOS="927" WIDTH="107" HEIGHT="21" WC="0.96" CONTENT="ärendets"/><SP WIDTH="17" VPOS="927" HPOS="285"/>
							<String ID="string_165" HPOS="302" VPOS="928" WIDTH="142" HEIGHT="26" WC="0.96" CONTENT="behandling"/><SP WIDTH="16" VPOS="928" HPOS="444"/>
							<String ID="string_166" HPOS="460" VPOS="928" WIDTH="7" HEIGHT="20" WC="0.96" CONTENT="i"/><SP WIDTH="17" VPOS="928" HPOS="467"/>
							<String ID="string_167" HPOS="484" VPOS="928" WIDTH="72" HEIGHT="20" WC="0.96" CONTENT="andra"/><SP WIDTH="18" VPOS="928" HPOS="556"/>
							<String ID="string_168" HPOS="574" VPOS="928" WIDTH="127" HEIGHT="27" WC="0.96" CONTENT="läsningen,"/><SP WIDTH="17" VPOS="928" HPOS="701"/>
							<String ID="string_169" HPOS="718" VPOS="928" WIDTH="28" HEIGHT="21" WC="0.93" CONTENT="då"/><SP WIDTH="17" VPOS="928" HPOS="746"/>
							<String ID="string_170" HPOS="763" VPOS="929" WIDTH="105" HEIGHT="20" WC="0.89" CONTENT="landtda-"/>
						</TextLine>
						<TextLine ID="line_22" HPOS="118" VPOS="963" WIDTH="750" HEIGHT="27">
							<String ID="string_171" HPOS="118" VPOS="968" WIDTH="42" HEIGHT="21" WC="0.96" CONTENT="gen"/><SP WIDTH="25" VPOS="968" HPOS="160"/>
							<String ID="string_172" HPOS="185" VPOS="963" WIDTH="65" HEIGHT="27" WC="0.95" CONTENT="ingår"/><SP WIDTH="24" VPOS="963" HPOS="250"/>
							<String ID="string_173" HPOS="274" VPOS="963" WIDTH="6" HEIGHT="21" WC="0.93" CONTENT="i"/><SP WIDTH="25" VPOS="963" HPOS="280"/>
							<String ID="string_174" HPOS="305" VPOS="964" WIDTH="108" HEIGHT="26" WC="0.89" CONTENT="pröfning"/><SP WIDTH="20" VPOS="964" HPOS="413"/>
							<String ID="string_175" HPOS="433" VPOS="964" WIDTH="25" HEIGHT="20" WC="0.96" CONTENT="af"/><SP WIDTH="14" VPOS="964" HPOS="458"/>
							<String ID="string_176" HPOS="472" VPOS="964" WIDTH="146" HEIGHT="26" WC="0.95" CONTENT="lagförslaget"/><SP WIDTH="16" VPOS="964" HPOS="618"/>
							<String ID="string_177" HPOS="634" VPOS="966" WIDTH="60" HEIGHT="18" WC="0.96" CONTENT="samt"/><SP WIDTH="16" VPOS="966" HPOS="694"/>
							<String ID="string_178" HPOS="710" VPOS="964" WIDTH="67" HEIGHT="21" WC="0.96" CONTENT="fattar"/><SP WIDTH="16" VPOS="964" HPOS="777"/>
							<String ID="string_179" HPOS="793" VPOS="964" WIDTH="75" HEIGHT="21" WC="0.96" CONTENT="beslut"/>
						</TextLine>
						<TextLine ID="line_23" HPOS="118" VPOS="999" WIDTH="749" HEIGHT="27">
							<String ID="string_180" HPOS="118" VPOS="1005" WIDTH="38" HEIGHT="14" WC="0.96" CONTENT="om"/><SP WIDTH="25" VPOS="1005" HPOS="156"/>
							<String ID="string_181" HPOS="181" VPOS="999" WIDTH="80" HEIGHT="27" WC="0.93" CONTENT="hvarje"/><SP WIDTH="24" VPOS="999" HPOS="261"/>
							<String ID="string_182" HPOS="285" VPOS="999" WIDTH="98" HEIGHT="21" WC="0.95" CONTENT="särskild"/><SP WIDTH="25" VPOS="999" HPOS="383"/>
							<String ID="string_183" HPOS="408" VPOS="1000" WIDTH="76" HEIGHT="26" WC="0.96" CONTENT="punkt"/><SP WIDTH="20" VPOS="1000" HPOS="484"/>
							<String ID="string_184" HPOS="504" VPOS="1000" WIDTH="56" HEIGHT="20" WC="0.91" CONTENT="däri."/><SP WIDTH="33" VPOS="1000" HPOS="560"/>
							<String ID="string_185" HPOS="593" VPOS="1000" WIDTH="141" HEIGHT="21" WC="0.92" CONTENT="Godkännes"/><SP WIDTH="22" VPOS="1000" HPOS="734"/>
							<String ID="string_186" HPOS="756" VPOS="1002" WIDTH="61" HEIGHT="19" WC="0.93" CONTENT="stora"/><SP WIDTH="17" VPOS="1002" HPOS="817"/>
							<String ID="string_187" HPOS="834" VPOS="1002" WIDTH="33" HEIGHT="18" WC="0.93" CONTENT="ut-"/>
						</TextLine>
						<TextLine ID="line_24" HPOS="118" VPOS="1034" WIDTH="751" HEIGHT="29">
							<String ID="string_188" HPOS="118" VPOS="1034" WIDTH="96" HEIGHT="22" WC="0.91" CONTENT="skottets"/><SP WIDTH="24" VPOS="1034" HPOS="214"/>
							<String ID="string_189" HPOS="238" VPOS="1034" WIDTH="83" HEIGHT="28" WC="0.96" CONTENT="förslag"/><SP WIDTH="16" VPOS="1034" HPOS="321"/>
							<String ID="string_190" HPOS="337" VPOS="1035" WIDTH="51" HEIGHT="21" WC="0.93" CONTENT="icke"/><SP WIDTH="17" VPOS="1035" HPOS="388"/>
							<String ID="string_191" HPOS="405" VPOS="1035" WIDTH="158" HEIGHT="27" WC="0.92" CONTENT="oförändradt,"/><SP WIDTH="17" VPOS="1035" HPOS="563"/>
							<String ID="string_192" HPOS="580" VPOS="1036" WIDTH="128" HEIGHT="20" WC="0.96" CONTENT="remitteras"/><SP WIDTH="17" VPOS="1036" HPOS="708"/>
							<String ID="string_193" HPOS="725" VPOS="1036" WIDTH="144" HEIGHT="27" WC="0.96" CONTENT="lagförslaget"/>
						</TextLine>
						<TextLine ID="line_25" HPOS="117" VPOS="1070" WIDTH="751" HEIGHT="28">
							<String ID="string_194" HPOS="117" VPOS="1070" WIDTH="7" HEIGHT="20" WC="0.96" CONTENT="i"/><SP WIDTH="25" VPOS="1070" HPOS="124"/>
							<String ID="string_195" HPOS="149" VPOS="1070" WIDTH="44" HEIGHT="21" WC="0.96" CONTENT="den"/><SP WIDTH="25" VPOS="1070" HPOS="193"/>
							<String ID="string_196" HPOS="218" VPOS="1071" WIDTH="87" HEIGHT="27" WC="0.96" CONTENT="lydelse"/><SP WIDTH="24" VPOS="1071" HPOS="305"/>
							<String ID="string_197" HPOS="329" VPOS="1071" WIDTH="128" HEIGHT="21" WC="0.96" CONTENT="detsamma"/><SP WIDTH="17" VPOS="1071" HPOS="457"/>
							<String ID="string_198" HPOS="474" VPOS="1077" WIDTH="83" HEIGHT="21" WC="0.93" CONTENT="genom"/><SP WIDTH="18" VPOS="1077" HPOS="557"/>
							<String ID="string_199" HPOS="575" VPOS="1072" WIDTH="152" HEIGHT="26" WC="0.92" CONTENT="landtdagens"/><SP WIDTH="16" VPOS="1072" HPOS="727"/>
							<String ID="string_200" HPOS="743" VPOS="1072" WIDTH="76" HEIGHT="20" WC="0.93" CONTENT="beslut"/><SP WIDTH="16" VPOS="1072" HPOS="819"/>
							<String ID="string_201" HPOS="835" VPOS="1078" WIDTH="33" HEIGHT="14" WC="0.90" CONTENT="er-"/>
						</TextLine>
						<TextLine ID="line_26" HPOS="118" VPOS="1106" WIDTH="750" HEIGHT="28">
							<String ID="string_202" HPOS="118" VPOS="1106" WIDTH="66" HEIGHT="20" WC="0.96" CONTENT="hållit"/><SP WIDTH="24" VPOS="1106" HPOS="184"/>
							<String ID="string_203" HPOS="208" VPOS="1107" WIDTH="61" HEIGHT="27" WC="0.96" CONTENT="ånyo"/><SP WIDTH="19" VPOS="1107" HPOS="269"/>
							<String ID="string_204" HPOS="288" VPOS="1107" WIDTH="33" HEIGHT="20" WC="0.96" CONTENT="till"/><SP WIDTH="25" VPOS="1107" HPOS="321"/>
							<String ID="string_205" HPOS="346" VPOS="1109" WIDTH="61" HEIGHT="19" WC="0.96" CONTENT="stora"/><SP WIDTH="17" VPOS="1109" HPOS="407"/>
							<String ID="string_206" HPOS="424" VPOS="1108" WIDTH="118" HEIGHT="25" WC="0.96" CONTENT="utskottet,"/><SP WIDTH="17" VPOS="1108" HPOS="542"/>
							<String ID="string_207" HPOS="559" VPOS="1108" WIDTH="30" HEIGHT="26" WC="0.96" CONTENT="på"/><SP WIDTH="16" VPOS="1108" HPOS="589"/>
							<String ID="string_208" HPOS="605" VPOS="1107" WIDTH="87" HEIGHT="21" WC="0.96" CONTENT="hvilket"/><SP WIDTH="26" VPOS="1107" HPOS="692"/>
							<String ID="string_209" HPOS="718" VPOS="1108" WIDTH="38" HEIGHT="20" WC="0.93" CONTENT="det"/><SP WIDTH="15" VPOS="1108" HPOS="756"/>
							<String ID="string_210" HPOS="771" VPOS="1108" WIDTH="97" HEIGHT="20" WC="0.92" CONTENT="ankom-"/>
						</TextLine>
						<TextLine ID="line_27" HPOS="118" VPOS="1142" WIDTH="750" HEIGHT="28">
							<String ID="string_211" HPOS="118" VPOS="1148" WIDTH="49" HEIGHT="14" WC="0.96" CONTENT="mer"/><SP WIDTH="16" VPOS="1148" HPOS="167"/>
							<String ID="string_212" HPOS="183" VPOS="1144" WIDTH="33" HEIGHT="18" WC="0.96" CONTENT="att"/><SP WIDTH="16" VPOS="1144" HPOS="216"/>
							<String ID="string_213" HPOS="232" VPOS="1142" WIDTH="92" HEIGHT="21" WC="0.96" CONTENT="förorda"/><SP WIDTH="17" VPOS="1142" HPOS="324"/>
							<String ID="string_214" HPOS="341" VPOS="1142" WIDTH="107" HEIGHT="28" WC="0.96" CONTENT="förslaget"/><SP WIDTH="15" VPOS="1142" HPOS="448"/>
							<String ID="string_215" HPOS="463" VPOS="1144" WIDTH="54" HEIGHT="20" WC="0.95" CONTENT="med"/><SP WIDTH="17" VPOS="1144" HPOS="517"/>
							<String ID="string_216" HPOS="534" VPOS="1144" WIDTH="54" HEIGHT="20" WC="0.95" CONTENT="eller"/><SP WIDTH="16" VPOS="1144" HPOS="588"/>
							<String ID="string_217" HPOS="604" VPOS="1145" WIDTH="55" HEIGHT="19" WC="0.96" CONTENT="utan"/><SP WIDTH="17" VPOS="1145" HPOS="659"/>
							<String ID="string_218" HPOS="676" VPOS="1143" WIDTH="125" HEIGHT="27" WC="0.96" CONTENT="ändringar"/><SP WIDTH="13" VPOS="1143" HPOS="801"/>
							<String ID="string_219" HPOS="814" VPOS="1143" WIDTH="54" HEIGHT="21" WC="0.96" CONTENT="eller"/>
						</TextLine>
						<TextLine ID="line_28" HPOS="117" VPOS="1178" WIDTH="755" HEIGHT="28">
							<String ID="string_220" HPOS="117" VPOS="1180" WIDTH="32" HEIGHT="18" WC="0.93" CONTENT="att"/><SP WIDTH="29" VPOS="1180" HPOS="149"/>
							<String ID="string_221" HPOS="178" VPOS="1178" WIDTH="102" HEIGHT="27" WC="0.92" CONTENT="afstyrka"/><SP WIDTH="32" VPOS="1178" HPOS="280"/>
							<String ID="string_222" HPOS="312" VPOS="1179" WIDTH="52" HEIGHT="20" WC="0.96" CONTENT="dess"/><SP WIDTH="24" VPOS="1179" HPOS="364"/>
							<String ID="string_223" HPOS="388" VPOS="1180" WIDTH="137" HEIGHT="26" WC="0.92" CONTENT="antagande."/><SP WIDTH="35" VPOS="1180" HPOS="525"/>
							<String ID="string_224" HPOS="560" VPOS="1179" WIDTH="74" HEIGHT="21" WC="0.92" CONTENT="Hafva"/><SP WIDTH="28" VPOS="1179" HPOS="634"/>
							<String ID="string_225" HPOS="662" VPOS="1179" WIDTH="161" HEIGHT="27" WC="0.96" CONTENT="förändringar"/><SP WIDTH="24" VPOS="1179" HPOS="823"/>
							<String ID="string_226" HPOS="847" VPOS="1178" WIDTH="25" HEIGHT="21" WC="0.96" CONTENT="af"/>
						</TextLine>
						<TextLine ID="line_29" HPOS="117" VPOS="1214" WIDTH="751" HEIGHT="28">
							<String ID="string_227" HPOS="117" VPOS="1215" WIDTH="62" HEIGHT="19" WC="0.96" CONTENT="stora"/><SP WIDTH="17" VPOS="1215" HPOS="179"/>
							<String ID="string_228" HPOS="196" VPOS="1214" WIDTH="111" HEIGHT="21" WC="0.93" CONTENT="utskottet"/><SP WIDTH="19" VPOS="1214" HPOS="307"/>
							<String ID="string_229" HPOS="326" VPOS="1214" WIDTH="129" HEIGHT="28" WC="0.91" CONTENT="tillstyrkts,"/><SP WIDTH="17" VPOS="1214" HPOS="455"/>
							<String ID="string_230" HPOS="472" VPOS="1215" WIDTH="102" HEIGHT="21" WC="0.92" CONTENT="besluter"/><SP WIDTH="16" VPOS="1215" HPOS="574"/>
							<String ID="string_231" HPOS="590" VPOS="1215" WIDTH="139" HEIGHT="27" WC="0.90" CONTENT="landtdagen"/><SP WIDTH="17" VPOS="1215" HPOS="729"/>
							<String ID="string_232" HPOS="746" VPOS="1221" WIDTH="38" HEIGHT="15" WC="0.94" CONTENT="om"/><SP WIDTH="17" VPOS="1221" HPOS="784"/>
							<String ID="string_233" HPOS="801" VPOS="1215" WIDTH="67" HEIGHT="20" WC="0.94" CONTENT="deras"/>
						</TextLine>
						<TextLine ID="line_30" HPOS="117" VPOS="1250" WIDTH="751" HEIGHT="27">
							<String ID="string_234" HPOS="117" VPOS="1250" WIDTH="131" HEIGHT="26" WC="0.96" CONTENT="antagande"/><SP WIDTH="19" VPOS="1250" HPOS="248"/>
							<String ID="string_235" HPOS="267" VPOS="1250" WIDTH="54" HEIGHT="20" WC="0.93" CONTENT="eller"/><SP WIDTH="16" VPOS="1250" HPOS="321"/>
							<String ID="string_236" HPOS="337" VPOS="1250" WIDTH="157" HEIGHT="27" WC="0.91" CONTENT="förkastande,"/><SP WIDTH="18" VPOS="1250" HPOS="494"/>
							<String ID="string_237" HPOS="512" VPOS="1250" WIDTH="114" HEIGHT="22" WC="0.96" CONTENT="hvarefter"/><SP WIDTH="16" VPOS="1250" HPOS="626"/>
							<String ID="string_238" HPOS="642" VPOS="1251" WIDTH="72" HEIGHT="20" WC="0.92" CONTENT="andra"/><SP WIDTH="17" VPOS="1251" HPOS="714"/>
							<String ID="string_239" HPOS="731" VPOS="1250" WIDTH="137" HEIGHT="21" WC="0.92" CONTENT="behandlin-"/>
						</TextLine>
						<TextLine ID="line_31" HPOS="116" VPOS="1285" WIDTH="296" HEIGHT="26">
							<String ID="string_240" HPOS="116" VPOS="1290" WIDTH="43" HEIGHT="21" WC="0.95" CONTENT="gen"/><SP WIDTH="17" VPOS="1290" HPOS="159"/>
							<String ID="string_241" HPOS="176" VPOS="1285" WIDTH="114" HEIGHT="21" WC="0.93" CONTENT="förklaras"/><SP WIDTH="16" VPOS="1285" HPOS="290"/>
							<String ID="string_242" HPOS="306" VPOS="1286" WIDTH="106" HEIGHT="20" WC="0.91" CONTENT="afslutad."/>
						</TextLine>
					</TextBlock>
					<TextBlock ID="block_3" HPOS="115" VPOS="1321" WIDTH="753" HEIGHT="171">
						<TextLine ID="line_32" HPOS="188" VPOS="1321" WIDTH="680" HEIGHT="28">
							<String ID="string_243" HPOS="188" VPOS="1321" WIDTH="46" HEIGHT="20" WC="0.96" CONTENT="Till"/><SP WIDTH="16" VPOS="1321" HPOS="234"/>
							<String ID="string_244" HPOS="250" VPOS="1321" WIDTH="86" HEIGHT="27" WC="0.93" CONTENT="slutligt"/><SP WIDTH="17" VPOS="1321" HPOS="336"/>
							<String ID="string_245" HPOS="353" VPOS="1322" WIDTH="125" HEIGHT="27" WC="0.91" CONTENT="afgörande"/><SP WIDTH="17" VPOS="1322" HPOS="478"/>
							<String ID="string_246" HPOS="495" VPOS="1322" WIDTH="131" HEIGHT="27" WC="0.91" CONTENT="föredrages"/><SP WIDTH="16" VPOS="1322" HPOS="626"/>
							<String ID="string_247" HPOS="642" VPOS="1323" WIDTH="95" HEIGHT="20" WC="0.96" CONTENT="ärendet"/><SP WIDTH="11" VPOS="1323" HPOS="737"/>
							<String ID="string_248" HPOS="748" VPOS="1322" WIDTH="38" HEIGHT="21" WC="0.96" CONTENT="vid"/><SP WIDTH="11" VPOS="1322" HPOS="786"/>
							<String ID="string_249" HPOS="797" VPOS="1321" WIDTH="71" HEIGHT="28" WC="0.96" CONTENT="tredje"/>
						</TextLine>
						<TextLine ID="line_33" HPOS="116" VPOS="1356" WIDTH="751" HEIGHT="29">
							<String ID="string_250" HPOS="116" VPOS="1356" WIDTH="179" HEIGHT="27" WC="0.96" CONTENT="behandlingen,"/><SP WIDTH="26" VPOS="1356" HPOS="295"/>
							<String ID="string_251" HPOS="321" VPOS="1364" WIDTH="49" HEIGHT="14" WC="0.96" CONTENT="som"/><SP WIDTH="21" VPOS="1364" HPOS="370"/>
							<String ID="string_252" HPOS="391" VPOS="1357" WIDTH="35" HEIGHT="21" WC="0.95" CONTENT="får"/><SP WIDTH="16" VPOS="1357" HPOS="426"/>
							<String ID="string_253" HPOS="442" VPOS="1359" WIDTH="41" HEIGHT="25" WC="0.96" CONTENT="äga"/><SP WIDTH="18" VPOS="1359" HPOS="483"/>
							<String ID="string_254" HPOS="501" VPOS="1365" WIDTH="51" HEIGHT="13" WC="0.96" CONTENT="rum"/><SP WIDTH="17" VPOS="1365" HPOS="552"/>
							<String ID="string_255" HPOS="569" VPOS="1358" WIDTH="93" HEIGHT="27" WC="0.92" CONTENT="tidigast"/><SP WIDTH="16" VPOS="1358" HPOS="662"/>
							<String ID="string_256" HPOS="678" VPOS="1358" WIDTH="12" HEIGHT="21" WC="0.92" CONTENT="å"/><SP WIDTH="16" VPOS="1358" HPOS="690"/>
							<String ID="string_257" HPOS="706" VPOS="1358" WIDTH="71" HEIGHT="27" WC="0.96" CONTENT="tredje"/><SP WIDTH="17" VPOS="1358" HPOS="777"/>
							<String ID="string_258" HPOS="794" VPOS="1358" WIDTH="73" HEIGHT="26" WC="0.96" CONTENT="dagen"/>
						</TextLine>
						<TextLine ID="line_34" HPOS="116" VPOS="1392" WIDTH="751" HEIGHT="28">
							<String ID="string_259" HPOS="116" VPOS="1392" WIDTH="57" HEIGHT="21" WC="0.96" CONTENT="efter"/><SP WIDTH="16" VPOS="1392" HPOS="173"/>
							<String ID="string_260" HPOS="189" VPOS="1392" WIDTH="38" HEIGHT="21" WC="0.96" CONTENT="det"/><SP WIDTH="17" VPOS="1392" HPOS="227"/>
							<String ID="string_261" HPOS="244" VPOS="1393" WIDTH="71" HEIGHT="20" WC="0.96" CONTENT="andra"/><SP WIDTH="17" VPOS="1393" HPOS="315"/>
							<String ID="string_262" HPOS="332" VPOS="1393" WIDTH="173" HEIGHT="27" WC="0.93" CONTENT="behandlingen"/><SP WIDTH="17" VPOS="1393" HPOS="505"/>
							<String ID="string_263" HPOS="522" VPOS="1394" WIDTH="112" HEIGHT="20" WC="0.92" CONTENT="afslutats."/><SP WIDTH="25" VPOS="1394" HPOS="634"/>
							<String ID="string_264" HPOS="659" VPOS="1393" WIDTH="77" HEIGHT="21" WC="0.91" CONTENT="Andra"/><SP WIDTH="12" VPOS="1393" HPOS="736"/>
							<String ID="string_265" HPOS="748" VPOS="1393" WIDTH="119" HEIGHT="26" WC="0.91" CONTENT="ändrings-"/>
						</TextLine>
						<TextLine ID="line_35" HPOS="115" VPOS="1428" WIDTH="752" HEIGHT="28">
							<String ID="string_266" HPOS="115" VPOS="1428" WIDTH="86" HEIGHT="27" WC="0.96" CONTENT="förslag"/><SP WIDTH="17" VPOS="1428" HPOS="201"/>
							<String ID="string_267" HPOS="218" VPOS="1429" WIDTH="30" HEIGHT="20" WC="0.96" CONTENT="än"/><SP WIDTH="17" VPOS="1429" HPOS="248"/>
							<String ID="string_268" HPOS="265" VPOS="1429" WIDTH="34" HEIGHT="25" WC="0.96" CONTENT="de,"/><SP WIDTH="18" VPOS="1429" HPOS="299"/>
							<String ID="string_269" HPOS="317" VPOS="1435" WIDTH="49" HEIGHT="14" WC="0.96" CONTENT="som"/><SP WIDTH="18" VPOS="1435" HPOS="366"/>
							<String ID="string_270" HPOS="384" VPOS="1429" WIDTH="25" HEIGHT="20" WC="0.96" CONTENT="af"/><SP WIDTH="15" VPOS="1429" HPOS="409"/>
							<String ID="string_271" HPOS="424" VPOS="1431" WIDTH="61" HEIGHT="18" WC="0.96" CONTENT="stora"/><SP WIDTH="17" VPOS="1431" HPOS="485"/>
							<String ID="string_272" HPOS="502" VPOS="1430" WIDTH="112" HEIGHT="20" WC="0.96" CONTENT="utskottet"/><SP WIDTH="15" VPOS="1430" HPOS="614"/>
							<String ID="string_273" HPOS="629" VPOS="1429" WIDTH="7" HEIGHT="20" WC="0.96" CONTENT="i"/><SP WIDTH="17" VPOS="1429" HPOS="636"/>
							<String ID="string_274" HPOS="653" VPOS="1429" WIDTH="52" HEIGHT="21" WC="0.96" CONTENT="dess"/><SP WIDTH="17" VPOS="1429" HPOS="705"/>
							<String ID="string_275" HPOS="722" VPOS="1429" WIDTH="91" HEIGHT="27" WC="0.91" CONTENT="slutliga"/><SP WIDTH="11" VPOS="1429" HPOS="813"/>
							<String ID="string_276" HPOS="824" VPOS="1431" WIDTH="43" HEIGHT="25" WC="0.91" CONTENT="ytt-"/>
						</TextLine>
						<TextLine ID="line_36" HPOS="116" VPOS="1463" WIDTH="750" HEIGHT="29">
							<String ID="string_277" HPOS="116" VPOS="1463" WIDTH="72" HEIGHT="21" WC="0.96" CONTENT="rande"/><SP WIDTH="24" VPOS="1463" HPOS="188"/>
							<String ID="string_278" HPOS="212" VPOS="1464" WIDTH="134" HEIGHT="27" WC="0.92" CONTENT="föreslagits,"/><SP WIDTH="26" VPOS="1464" HPOS="346"/>
							<String ID="string_279" HPOS="372" VPOS="1465" WIDTH="22" HEIGHT="20" WC="0.96" CONTENT="få"/><SP WIDTH="24" VPOS="1465" HPOS="394"/>
							<String ID="string_280" HPOS="418" VPOS="1465" WIDTH="82" HEIGHT="20" WC="0.96" CONTENT="därvid"/><SP WIDTH="25" VPOS="1465" HPOS="500"/>
							<String ID="string_281" HPOS="525" VPOS="1465" WIDTH="51" HEIGHT="21" WC="0.96" CONTENT="icke"/><SP WIDTH="24" VPOS="1465" HPOS="576"/>
							<String ID="string_282" HPOS="600" VPOS="1465" WIDTH="33" HEIGHT="20" WC="0.96" CONTENT="till"/><SP WIDTH="21" VPOS="1465" HPOS="633"/>
							<String ID="string_283" HPOS="654" VPOS="1465" WIDTH="134" HEIGHT="21" WC="0.92" CONTENT="diskussion"/><SP WIDTH="22" VPOS="1465" HPOS="788"/>
							<String ID="string_284" HPOS="810" VPOS="1471" WIDTH="56" HEIGHT="21" WC="0.90" CONTENT="upp-"/>
						</TextLine>
					</TextBlock>
				</ComposedBlock>
			</PrintSpace>
		</Page>
	</Layout>
</alto>
