1103 1750
267 144 28 20 40
440 141 77 23 Ständ.
533 141 37 24 Sv.
587 154 28 4 —
633 142 65 28 Prop.
714 142 37 23 N:o
768 142 21 22 Ii.

237 206 134 23 stadsdelar
391 206 43 23 och
450 206 97 23 kvarter
563 206 119 30 uppställd
697 206 152 29 förteckning
864 206 64 22 öfver
944 206 46 22 alla

237 242 75 29 enligt
332 242 142 29 föregäende
493 243 38 22 ärs
548 242 177 30 mantalslängd
740 244 63 21 inom
820 242 169 28 röstningsom-

237 278 67 23 rädet
325 278 92 23 bosatta
437 285 116 23 personer,
571 278 80 24 hvilka
667 278 39 23 vid
722 278 163 24 förstnämnda
901 278 38 22 ärs
956 278 33 22 in-

238 314 66 29 gäng
319 315 100 29 uppnätt
435 314 123 30 tjugufyra
574 314 38 23 ärs
628 314 71 23 älder.

310 350 110 23 Förutom
437 350 78 23 denna
531 350 153 30 förteckning
699 352 103 28 uppgöre
817 349 172 23 mantalsskrif-

237 392 73 16 varen
327 387 35 21 tre
378 386 282 29 tilläggsförteckningar,
677 393 30 16 en
724 386 34 22 för
773 386 41 22 det
824 386 80 27 första,
915 392 29 16 en
954 385 36 22 för

238 422 40 22 det
299 422 76 22 andra
393 422 44 23 och
453 429 29 16 en
499 422 36 22 för
551 422 39 22 det
607 422 73 29 tredje
696 422 25 23 af
736 422 28 22 de
782 421 157 30 nästföljande
955 423 35 20 tre

239 457 63 27 åren,
314 457 81 23 hvilka
405 458 107 23 enhvami
523 457 125 24 enahanda
659 457 101 30 ordning
771 459 105 28 upptaga
886 457 28 22 de
925 457 63 22 inom

237 493 231 30 röstningsomrädet
484 494 93 22 bosatta
593 500 115 23 personer,
726 500 49 16 som
793 493 74 22 under
877 493 49 22 äret
937 495 51 20 när-

239 531 62 20 mast
325 529 48 22 före
397 529 45 27 det,
467 529 35 23 för
524 529 90 23 hvilket
629 529 179 29 förteckningen
825 531 26 20 är
867 528 121 30 uppgjord,

237 565 54 29 fyllt
307 565 122 29 tjugufyra
445 566 32 22 är.

311 601 218 29 Förteckningarna
555 602 129 22 utskrifvas
709 602 14 22 &
748 601 138 27 blanketter,
909 600 80 23 hvilka

238 636 192 24 tillhandahällas
443 637 235 23 mantalsskrifvaren
687 644 85 22 genom
780 639 111 21 senatens
899 636 89 30 ätgärd.

310 668 33 27 Är
366 673 176 29 omständighet
564 674 104 28 veterlig,
692 680 50 16 som
759 673 114 23 utesluter
888 673 77 28 nägon
982 673 7 21 i

238 708 76 23 sädan
337 709 152 29 förteckning
511 711 121 27 upptagen
651 716 84 23 person
751 709 53 22 frän
821 709 91 26 valrätt,
929 708 60 23 skall

239 744 81 23 därom
338 745 130 22 antecknas
484 744 39 23 vid
540 744 59 23 hans
615 752 72 16 namn
704 746 8 21 i
727 744 109 30 längden.

590 796 12 19 8
619 794 20 28 8.

311 827 98 23 Säsnart
427 828 48 28 den
489 829 8 22 i
514 832 11 19 7
550 829 7 29 $
573 828 143 23 omnämnda
734 828 150 29 förteckning
898 828 91 22 inkom-

240 864 51 26 mit,
308 864 62 22 skall
381 864 158 23 valnämnden
551 864 131 30 sorgfälligt
694 864 105 30 granska
809 864 180 28 förteckningen

238 900 65 22 samt
325 900 50 22 däri
397 900 76 23 införa
494 900 90 23 sädana
605 900 184 30 valberättigade
805 906 117 23 personer,
939 906 50 16 som

239 935 157 29 tilläfventyrs
413 936 78 22 blifvit
507 936 156 28 utelämnade,
680 936 27 23 sä
722 936 45 23 ock
783 936 53 22 frän
847 935 142 23 förtecknin-

238 977 48 23 gen
302 972 103 22 utesluta
422 972 95 27 enhvar,
533 978 51 16 som
600 972 53 22 icke
668 972 144 23 tillkommer
822 972 91 22 valrätt.
937 971 52 23 För-

239 1006 145 30 teckningen
407 1007 74 23 förses
503 1008 58 22 härä
585 1008 53 22 med
660 1008 109 29 päskrift,
794 1009 35 21 att
852 1007 46 23 den
921 1009 70 27 utgör

239 1042 239 29 röstningsomrädets
494 1043 118 29 vallängd,
629 1044 41 22 och
682 1043 180 23 underskrifves
874 1043 24 23 af
908 1046 82 20 nämn-

238 1078 60 22 dens
315 1078 160 23 medlemmar.

312 1114 45 22 Vid
383 1114 179 30 granskningen
587 1114 41 23 bör
643 1115 186 23 kronolänsman
845 1114 55 23 eller
916 1114 74 23 stads-

239 1143 72 29 fiskal
327 1152 110 25 närvara,
453 1150 131 30 hvarjämte
600 1150 175 24 vederbörande
786 1150 150 31 presterskap
947 1150 43 23 och

238 1185 314 30 församlingsföreständare
568 1189 39 20 äro
623 1187 99 29 pliktige
738 1188 35 22 att
789 1186 54 23 med
859 1186 97 29 ledning
966 1187 25 22 af

238 1220 166 30 kyrkoböcker
427 1222 42 23 och
494 1223 98 28 register
607 1223 80 22 lämna
702 1222 161 23 valnämnden
880 1222 110 23 erforder-

238 1256 49 29 liga
303 1257 178 30 upplysningar.

590 1289 49 28 98.

312 1328 118 30 Vallängd
454 1329 61 23 skall
538 1329 53 23 frän
613 1330 45 22 den
684 1334 10 18 1
718 1330 35 22 till
769 1329 42 23 och
829 1329 55 23 med
900 1329 46 23 den
964 1332 26 20 15

239 1370 64 16 mars
321 1360 57 27 vara
394 1365 13 21 &
423 1364 108 30 lämpligt
547 1365 67 23 ställe
630 1366 63 22 inom
709 1365 229 29 röstningsomrädet
949 1371 41 16 un-

238 1398 43 23 der
305 1399 98 30 behörig
424 1400 80 29 tillsyn
529 1400 117 30 framlagd
669 1401 35 23 för
720 1400 157 30 granskning,
894 1400 97 23 hvarom

239 1434 43 23 bör
298 1434 197 31 tillkännagifvas
511 1437 7 21 i
534 1436 45 23 den
596 1436 106 30 ordning,
719 1443 51 16 som
787 1436 36 23 för
839 1436 152 23 kommunala

237 1469 157 30 kungörelser
410 1474 27 20 är
451 1472 107 29 stadgad.
