1098 1742
344 146 26 23 U.
387 146 27 23 B.
431 160 26 2 —
474 147 74 28 Prop.
564 146 43 24 N:o
621 148 23 21 9.
841 147 28 21 23

110 221 84 21 genom
218 214 141 30 förmedling
381 214 26 22 af
427 214 120 30 andelslag
563 215 125 29 tillgodose
704 216 89 21 mindre
806 215 63 29 jord-

110 248 110 22 brukares
236 248 52 22 med
303 248 54 22 flere
370 248 188 30 näringsidkares
574 249 151 22 kreditbehof
733 256 83 22 genom
829 257 40 14 en-

111 282 73 22 skildt
205 283 103 21 initiativ
331 283 91 21 komme
445 284 36 21 till
506 284 74 26 stånd,
604 283 133 22 densamma
757 284 72 21 måtte
845 284 26 21 af

110 319 76 19 staten
202 317 88 21 erhålla
305 317 83 28 nödigt
403 317 133 22 understöd.

180 351 51 22 Den
253 351 28 22 af
298 351 130 22 Ständerna
443 351 125 22 förutsatta
584 352 284 22 centralkreditanstalten

110 385 132 29 grundades
265 386 25 21 år
314 387 53 20 1902
387 386 74 21 under
483 394 71 14 namn
577 387 26 21 af
616 387 181 28 Osuuskassojen
810 387 59 21 Kes-

110 419 201 22 kuslainarahasto
320 420 142 29 Osakeyhtiö
473 421 173 29 (Aktiebolaget
657 421 212 22 Andelskassornas

111 453 266 29 Centralkreditanstalt)
393 455 42 21 och
447 455 81 22 trädde
538 455 9 22 i
558 455 148 22 värksamhet
716 455 43 22 den
773 457 24 20 11
809 455 58 22 Juni

112 489 55 21 1903
190 489 51 21 med
265 491 34 19 ett
318 489 129 22 inbetaladt
470 490 152 29 aktiekapital
645 490 25 21 af
688 491 91 26 300,000
795 490 72 22 mark.

110 522 47 22 För
180 526 34 19 att
229 523 137 29 möjliggöra
382 523 104 29 bolagets
501 524 150 22 värksamhet
665 525 132 21 inlämnade
813 525 52 21 dess

111 557 202 29 interimsstyrelse
329 558 45 21 den
392 559 25 21 16
432 559 47 28 Maj
497 560 54 21 1902
568 559 35 21 till
613 559 100 22 Senaten
725 567 28 14 en
763 559 105 22 ansökan

112 598 37 15 om
165 594 35 19 att
215 592 94 29 bolaget
324 593 72 21 mätte
411 593 108 28 beviljas:

181 629 35 19 ett
235 626 70 29 ärligt
319 627 82 28 anslag
416 635 37 14 om
469 629 78 26 20,000
563 628 64 21 mark
643 628 74 21 säsom
734 628 82 28 bidrag
832 626 37 23 till

112 660 105 29 bolagets
233 661 293 29 förvaltningskostnader;
543 665 60 18 samt

181 698 35 19 ett
234 695 38 22 län
289 703 36 14 om
341 697 114 26 4,000,000
471 697 64 21 mark
552 699 48 19 mot
616 697 117 28 möjligast
748 697 39 28 låg
802 699 68 19 ränta

113 729 43 22 och
178 730 31 28 pä
231 730 119 21 obestämd
370 730 41 27 tid,
427 730 90 22 hvilket
537 731 83 28 belopp
636 731 62 28 finge
714 731 25 21 af
753 731 93 28 bolaget
861 731 8 20 i

113 764 53 21 män
182 764 26 21 af
221 764 72 21 behof
305 764 72 28 lyftas
392 765 8 21 i
415 768 79 25 poster
509 773 36 14 om
558 766 92 27 500,000
661 765 70 22 mark.

182 798 109 29 Bolagets
315 799 103 22 ansökan
438 799 51 22 blef
502 800 96 21 bifallen
613 801 30 27 pä
658 800 113 21 särskilda
786 800 84 26 vilkor,

113 832 71 21 bland
204 836 71 18 annat
291 833 85 26 därom,
392 836 35 19 att
441 836 84 19 räntan
541 835 14 20 ä
570 833 40 22 det
625 833 26 22 af
664 837 74 18 staten
754 833 117 30 beviljade

113 866 64 22 lånet
199 867 74 21 skulle
296 867 105 29 erläggas
418 868 59 21 efter
493 870 12 20 3
521 869 33 26 ?/,,
571 868 94 22 hvartill
681 869 58 20 efter
753 868 118 28 förloppet

114 900 26 22 af
153 901 46 21 fem
215 902 24 20 år
255 902 91 21 komme
362 903 27 25 !/,
405 903 27 26 9/,
447 902 8 21 i
471 903 147 28 amortering.
650 902 52 22 Med
717 902 91 28 hänsyn
819 903 52 21 här-

114 935 36 21 till
172 935 133 22 faststäldes
328 936 104 28 bolagets
449 937 189 28 utläningsränta
653 936 37 22 till
705 938 48 25 41/,
768 938 34 26 9/,,
819 944 52 14 men

114 969 42 22 har
172 970 43 21 den
232 970 50 21 från
298 971 45 21 den
359 972 11 20 1
387 970 45 29 Maj
449 971 64 21 detta
529 972 25 20 år
569 971 104 21 nedsatts
689 971 35 21 till
739 972 14 20 4
769 972 33 26 ?/,.

184 1004 47 22 För
246 1008 34 18 att
290 1005 80 21 kunna
381 1005 87 21 erhälla
479 1006 43 21 och
533 1005 91 29 ätnjuta
636 1005 76 22 kredit
723 1006 41 21 hos
772 1006 99 21 Andels-

114 1038 122 22 kassornas
253 1039 260 22 Centralkreditanstalt
529 1040 41 21 bör
585 1040 147 21 andelskassa
747 1047 56 14 vara
810 1047 58 21 upp-

114 1073 78 21 rättad
214 1074 8 20 i
242 1073 104 29 enlighet
369 1074 52 21 med
443 1074 69 28 lagen
529 1081 37 14 om
582 1074 228 22 andelsvärksamhet
826 1074 44 22 och

114 1107 56 22 böra
185 1108 40 21 vid
240 1108 51 21 dess
307 1108 145 29 förvaltning
467 1109 43 21 och
526 1108 218 22 affärsvärksamhet
754 1108 28 22 de
793 1109 79 21 anvis-

114 1142 85 28 ningar
224 1142 123 29 iakttagas,
372 1143 81 21 hvilka
478 1143 288 22 Centralkreditanstalten
796 1143 75 21 finner

115 1176 93 29 möjligt
230 1179 34 19 att
285 1178 24 20 åt
331 1177 84 22 kassan
438 1178 112 22 meddela.
585 1178 11 21 I
618 1178 123 21 sistnämdt
764 1177 108 22 afseende

115 1211 66 21 skola
198 1211 70 21 bland
284 1214 71 19 annat
370 1212 103 28 följande
491 1212 171 29 bestämningar
677 1212 126 28 iakttagas:

184 1246 174 21 Andelskassan
381 1246 42 22 bör
445 1247 8 21 i
475 1247 108 21 afseende
599 1247 14 21 å
628 1246 112 27 ändamål,
756 1246 117 29 organisa-

116 1280 56 26 tion,
197 1280 144 29 förvaltning
367 1281 43 21 och
437 1284 72 19 sättet
531 1281 37 22 för
590 1281 161 22 bedrifvandet
773 1282 24 20 at
820 1280 53 22 dess

116 1314 224 28 aftärsvärksamhet,
355 1315 84 22 liksom
455 1316 70 21 äfven
536 1315 146 22 beträffande
693 1315 180 29 användningen

116 1348 27 22 af
156 1348 28 22 de
200 1349 26 21 af
239 1349 134 22 densamma
383 1350 151 28 uppsamlade
546 1350 160 26 vinstmedlen,
717 1357 56 14 vara
783 1348 90 23 ordnad

116 1382 8 22 i
140 1383 104 29 enlighet
266 1384 52 21 med
341 1384 28 21 de
392 1384 158 28 grundsatser,
565 1384 81 22 hvilka
661 1388 39 18 äro
715 1383 136 23 framstälda
866 1383 9 21 i

117 1417 44 21 den
184 1417 26 22 af
229 1418 127 29 sällskapet
377 1418 108 22 Pellervo
508 1419 92 29 utgifna
623 1418 148 22 handboken:
796 1418 79 28 ,Huru

186 1492 143 19 Statsutskottets
341 1493 111 18 betänkande
465 1494 38 17 N:o
517 1495 17 16 6.
