1081 1742
313 119 29 23 U.
358 120 27 21 B.
403 132 29 3 —
447 119 71 28 Prop.
534 119 41 22 N:o
592 119 20 21 8.

381 476 231 28 Järnvägsutskottets
626 475 72 29 tredje
714 474 85 29 förslag
815 473 30 24 till

311 512 209 29 sammanjämkning
552 511 27 23 af
600 511 137 23 Ständernas
757 510 89 29 skiljak-

310 548 45 28 tiga
377 548 73 23 beslut
475 548 33 22 vid
526 547 127 28 behandling
676 546 28 23 af
723 547 123 22 Utskottets

311 584 138 23 betänkande
464 584 38 22 N:o
517 584 5 22 I
540 584 4 22 i
562 583 112 28 anledning
692 582 27 23 af
728 583 58 22 Hans
798 581 48 29 Kej-

311 620 81 28 serliga
409 620 116 29 Majestäts
536 619 78 28 nädiga
626 619 135 28 proposition
778 618 37 23 N:o
832 618 15 22 8

311 656 113 28 angäende
441 656 75 23 vidare
532 655 241 29 järnvägsbyggnader.

169 721 32 21 Af
216 721 118 22 Utskottet
349 721 196 22 tillhandakomna
561 721 210 28 protokollsutdrag
781 720 66 21 fram-

97 759 41 26 gär
154 759 33 19 att
202 757 40 21 vid
265 757 142 28 behandling
423 757 23 21 af
461 757 130 21 Utskottets
614 756 71 21 andra
709 756 86 28 förslag
813 755 35 22 till

98 793 219 28 sammanjämkning
333 793 23 20 af
372 793 109 21 ständens
506 792 130 29 skiljaktiga
660 792 75 21 beslut
751 791 96 22 rörande

97 835 46 22 nya
157 828 278 29 järnvägsanläggningar
451 828 195 29 samstämmighet
662 830 86 19 ernätts
766 827 81 22 beträf-

97 864 70 21 fande
188 864 78 21 Kemi
281 859 136 37 Rovaniemi
435 863 75 21 banan
526 864 43 21 och
586 864 43 20 den
646 863 104 21 karelska
766 863 81 21 banan.

97 900 110 21 Däremot
229 900 42 20 har
293 900 130 21 Utskottets
447 900 87 28 förslag
556 899 96 21 rörande
672 899 45 21 den
733 898 114 29 sydöster-

97 935 117 21 bottniska
237 935 82 26 banan,
336 942 47 14 som
405 935 23 21 af
449 934 171 22 Prästeständet
636 934 121 29 godkänts,
774 934 75 21 förka-

98 974 56 18 stats
178 971 23 21 af
224 971 169 28 Ridderskapet
420 971 43 21 och
487 971 83 26 Adeln,
587 970 193 29 Borgareständet
806 970 43 21 och

97 1006 180 26 Bondeständet,
294 1007 79 21 hvilka
397 1007 104 21 omfattat
523 1014 29 14 en
567 1006 23 22 af
606 1006 193 29 Borgareständet
814 1005 37 22 till

98 1042 28 22 de
143 1042 74 29 öfriga
233 1042 97 22 ständen
349 1042 75 22 riktad
443 1042 140 29 inbjudning
600 1042 23 22 af
638 1042 101 21 innehäll
755 1044 32 19 att
804 1041 45 21 den

98 1078 223 28 sydösterbottniska
338 1078 74 22 banan
429 1081 69 19 måtte
515 1078 83 29 dragas
614 1078 62 22 såväl
693 1078 34 21 till
736 1077 112 22 Kristine-

98 1114 51 21 stad
165 1121 49 14 som
229 1114 85 22 Kaskö.

170 1150 35 20 Då
231 1150 94 21 sålunda
349 1150 169 21 ständerbeslut
539 1150 125 28 föreligger
686 1150 96 22 rörande
805 1150 44 22 den

98 1185 223 29 sydösterbottniska
337 1186 87 21 banans
442 1186 114 28 dragning
572 1193 83 21 genom
665 1186 130 28 Kauhajoki
806 1186 43 22 och

98 1216 131 26 Östermark
244 1221 35 21 till
295 1221 72 29 sagda
382 1224 40 18 två
437 1222 83 26 städer,
537 1229 52 13 men
605 1222 8 20 i
629 1222 28 21 de
672 1222 86 21 fattade
774 1222 75 21 beslu-

97 1259 39 19 ten
152 1257 58 21 intet
229 1260 103 18 närmare
349 1260 63 26 sagts
428 1257 144 21 beträffande
588 1258 259 28 förgreningspunkten,

97 1292 42 22 har
154 1292 118 22 Utskottet
287 1296 75 18 ansett
378 1293 36 28 sig
429 1293 8 21 i
453 1293 76 21 denna
545 1293 37 21 del
598 1293 55 21 böra
668 1293 125 29 framlägga
804 1293 45 21 för-

98 1328 55 29 slag,
171 1329 42 21 och
236 1328 35 22 får
287 1328 8 22 i
311 1328 81 22 sådant
416 1329 115 25 afseende,
546 1329 70 28 jämte
632 1329 106 21 vördsam
758 1328 90 29 inbjud-

96 1364 59 28 ning
170 1364 35 22 till
220 1364 172 22 Prästeståndet
413 1367 32 19 att
462 1364 144 22 beträffande
622 1365 44 21 den
683 1365 164 28 sydösterbott-

96 1400 67 21 niska
186 1400 75 21 banan
283 1400 94 21 omfatta
400 1400 28 21 de
445 1400 75 28 öfriga
538 1400 110 22 ståndens
666 1400 82 26 beslut,
764 1400 83 22 föreslå

97 1438 33 18 att
145 1436 252 28 förgreningspunkten
420 1436 117 27 förlägges
561 1436 34 21 till
618 1436 90 21 trakten
730 1436 23 21 af
768 1436 80 21 Perälä

144 1489 185 23 Järnvägsutskottets
335 1489 109 18 betänkande
450 1488 35 19 N:o
493 1490 16 17 1.
522 1489 259 24 Sammanjämkningsförslag
789 1489 34 18 N:o
831 1490 16 17 3.
