1109 1750
231 152 13 18 6
452 149 29 23 U.
497 150 28 21 B.
542 162 26 3 —
585 150 74 28 Prop.
676 150 42 22 N:o
735 150 36 21 12.

233 215 75 29 kylen
333 215 129 29 upptagits
486 215 57 23 med
569 215 140 27 2,027,009
733 215 71 23 mark
823 214 8 22 i
850 214 82 22 stället
950 213 39 23 för

235 249 138 27 1,807,000
391 250 80 22 mark.

304 284 142 29 Utgifterna
465 284 40 22 för
524 284 238 29 polisinrättningen
776 284 44 22 äro
833 282 156 23 fortfarande

235 318 111 23 särdeles
373 318 66 30 höga
469 319 45 22 och
542 319 56 22 visa
623 319 75 29 ingen
718 318 105 23 tendens
843 319 36 21 att
896 316 91 30 nedgä.

233 353 38 22 De
289 353 117 29 utgjorde

339 434 28 21 år
387 434 66 22 1904
482 451 5 4 .
525 451 4 4 .
568 451 5 4 .
611 434 62 21 Fmk
695 432 190 27 1,590,592:23

346 477 9 10 »
385 468 66 22 1905
481 485 4 5 .
524 485 5 5 .
568 485 5 5 .
630 477 9 10 >»
693 466 192 27 —1,834,759:06

235 541 46 22 och
300 541 76 23 hafva
396 542 137 22 beräknats
552 542 36 22 till
606 542 113 29 följande
737 541 104 28 belopp:

338 616 27 22 är
387 616 66 23 1906
482 634 4 4 .
525 634 4 4 .
570 634 5 4 .
612 616 62 22 Fmk
695 616 146 27 1,830,700:
853 629 31 2 —

343 660 8 10 »
381 651 65 22 1907
477 668 4 5 .
520 669 4 4 .
564 668 4 5 .
633 660 8 10 »
694 650 190 27 1,831,000:
866 646 21 36 —

307 730 191 23 Statsutskottet
519 731 43 22 vid
587 733 99 20 senaste
709 730 124 29 landtdag
851 730 112 22 uttalade
982 730 8 22 i

236 765 43 22 sitt
297 765 160 23 betänkande
476 766 8 22 i
504 766 136 28 anledning
660 766 25 21 af
703 766 140 22 relationen
863 771 39 15 om
919 766 70 20 stats-

237 800 102 22 värkets
365 800 111 22 tillständ
501 800 174 29 önskligheten
696 800 25 22 af
741 801 35 21 att
795 806 90 22 genom
905 805 31 16 en
954 805 36 15 re-

235 834 65 22 form
320 834 25 22 af
362 834 188 28 polisväsendet
569 837 94 19 statens
683 834 46 22 och
745 834 166 22 kommunens
924 833 66 22 kost-

235 868 80 22 nader
332 868 39 23 för
391 869 137 23 detsamma
547 869 7 22 i
574 869 124 29 väsentlig
717 869 58 22 män
795 868 76 22 mätte
890 868 100 22 förmin-

234 902 68 23 skas.
326 903 168 23 Vidhällande
513 904 83 21 denna
615 903 98 22 önskan
733 909 75 16 anser
828 902 162 22 Statsutskot-

231 938 36 21 tet
291 938 71 26 dock,
389 939 35 21 att
443 944 30 16 en
493 938 190 29 genomgäende
707 937 147 29 minskning
873 936 26 22 af
917 936 73 29 polis-

231 972 105 28 styrkan
350 972 7 22 i
370 972 86 22 landet
475 973 21 28 ej
517 973 50 21 kan
584 972 117 29 vidtagas
715 973 77 21 innan
807 972 106 28 lugnare
928 977 61 16 sam-

231 1006 254 22 fundsförhällanden
504 1007 101 22 inträdt.

303 1041 41 21 Uti
364 1041 184 29 statsförslaget
567 1042 38 21 för
624 1041 28 22 är
672 1041 66 22 1906
758 1041 82 22 finnes
859 1042 129 26 upptagen

235 1081 31 15 en
294 1077 57 26 post
378 1076 26 21 af
432 1075 92 26 43,079
552 1076 71 22 mark
650 1076 39 22 för
717 1070 205 34 Öfverstyrelsen
950 1074 39 22 för

235 1110 203 27 prässärendena
466 1110 45 22 och
538 1110 39 22 för
605 1110 28 22 är
662 1110 66 22 1907
757 1110 127 22 beräknas
904 1115 30 15 en
954 1110 35 20 ut-

233 1144 50 29 gift
310 1144 39 22 för
377 1144 132 22 enahanda
538 1144 116 22 ändamäl
680 1144 25 22 af
723 1144 94 27 43,000
835 1143 78 23 mark.
950 1143 40 22 Se-

234 1178 52 22 dan
311 1179 48 22 den
383 1179 148 28 preventiva
550 1185 122 16 censuren
691 1185 92 23 genom
803 1178 143 23 Manifostet
964 1177 26 23 af

231 1213 51 22 den
307 1213 15 22 4
348 1213 143 22 November
515 1213 66 23 1905
601 1213 82 22 blifvit
702 1213 115 29 upphäfd
837 1213 46 22 och
902 1212 33 22 dä
954 1212 35 22 till

233 1247 174 22 innevarande
434 1248 123 29 landtdag
587 1248 127 29 snarligen
734 1247 66 23 skall
819 1247 170 22 öfverlämnas

233 1281 79 29 nädig
335 1282 158 28 proposition
517 1289 40 15 om
577 1282 152 28 tryckfrihet,
748 1288 77 22 synes
844 1281 92 22 nämda
955 1281 33 22 öf-

235 1316 152 28 verstyrelse
407 1316 54 22 icke
479 1323 68 15 mera
567 1316 76 22 hafva
662 1316 78 29 nägot
759 1315 179 29 berättigande
950 1314 39 23 för

235 1350 40 22 sin
294 1350 111 22 existens
423 1350 46 22 och
484 1351 113 29 anslaget
609 1350 40 23 för
661 1351 148 22 densamma
822 1350 67 28 förty
903 1350 85 22 kunna

232 1384 71 29 utgå.
345 1384 50 22 För
421 1385 292 28 prässombudsmännen
740 1384 121 30 utgjorde
889 1384 100 22 kostna-

230 1418 80 22 derna

300 1496 141 18 Statsutskottets
453 1497 110 17 betänkande
575 1497 36 17 N:o
628 1497 15 17 7.
