1100 1745
275 149 27 19 80
471 146 29 23 U.
516 147 27 21 B.
560 159 27 2 —
605 147 73 27 Prop.
694 146 41 23 N:o
751 146 22 23 8.

243 211 37 22 för
299 211 28 22 de
347 211 147 29 ompgifvande
513 212 171 21 landsorternas
702 211 121 26 intressen,
843 213 57 19 samt
916 218 28 14 en
961 210 37 22 väl

244 247 162 22 frekventerad
423 247 59 22 skol-
498 248 43 21 och
559 247 101 22 badort.*

315 283 84 22 Härtill
422 283 42 22 bör
488 284 100 25 anföras,
612 287 32 18 att
668 283 99 22 Heinola
791 283 50 21 stad
860 283 43 21 och
922 282 75 21 lands-

243 319 110 21 kommun
385 327 29 14 m.
436 319 26 22 fl.
486 319 116 26 förklarat,
627 322 33 19 att
684 319 28 22 de
738 326 97 15 ansvara
858 319 36 21 för
916 321 82 18 största

244 354 68 22 delen
336 355 23 21 af
383 355 338 28 expropriationskostnaderna
743 355 36 21 för
801 355 45 21 den
866 354 59 29 jord,
949 361 49 14 som

243 390 62 22 inom
325 391 66 21 dessa
410 391 146 22 kommuners
576 391 92 22 omräde
688 391 112 22 behöfves
820 390 36 22 för
870 389 128 30 järnvägen

243 429 59 18 samt
321 427 133 21 därutöfver
474 427 81 28 bidrag
574 427 7 21 i
601 427 130 28 penningar
747 427 43 21 och
807 426 83 21 arbete.
922 426 74 28 Tagas

244 462 67 21 dessa
337 462 82 29 bidrag
437 463 8 21 i
471 463 157 26 betraktande,
652 463 125 22 inskränka
793 462 37 29 sig
845 462 154 22 kostnaderna

244 498 73 29 enligt
333 499 99 21 nämnda
448 499 106 21 Utskotts
571 498 129 29 beräkning
713 498 35 22 till
763 498 107 28 omkring
881 500 117 24 3,700,000

244 534 70 21 mark.
355 534 119 21 Utskottet
506 535 119 20 anmärker
656 535 74 20 tillika
756 537 32 18 att
808 534 11 22 i
849 541 29 14 en
904 533 22 21 af
949 533 49 21 sak-

244 569 90 29 kunnig
352 577 84 21 person
456 570 126 21 verkställd
598 570 234 28 räntabilitetskalkyl
850 569 87 22 banans
954 572 44 18 tra-

242 605 137 22 fikinkomst
409 606 75 21 anslås
510 606 7 21 i
546 606 44 21 den
624 609 115 19 närmaste
768 605 124 22 framtiden
920 605 34 21 till
979 612 18 13 c.

246 644 94 23 122,000
361 642 64 21 mark
442 645 57 18 samt
515 642 107 28 utgiften,
640 643 56 28 högt
712 641 124 26 beräknad,
852 641 35 22 till
904 643 94 23 108,000

243 677 65 21 mark
331 677 36 22 för
389 680 54 23 året,
467 677 7 22 i
499 678 94 21 hvilken
620 678 78 28 kalkyl
723 678 59 21 dock
802 677 51 22 icke
877 676 121 29 medtagits

243 713 47 21 den
308 713 76 26 trafik,
405 721 48 14 som
473 714 96 21 tillföres
589 714 75 21 banan
684 714 52 21 frän
754 713 141 22 vidsträckta
914 713 84 20 trakter

243 748 8 21 i
268 756 61 14 norr.

315 785 124 22 Anseende
464 788 31 19 att
518 785 136 29 isynnerhet
679 786 76 21 denna
779 784 156 29 banbyggnad
954 784 45 21 för-

243 820 92 28 tjänade
351 824 33 18 att
399 821 8 21 i
423 829 28 13 en
466 829 52 14 snar
529 821 94 22 framtid
634 821 92 22 komma
737 821 34 22 till
783 821 128 25 utförande,
922 819 76 22 kunde

244 856 120 22 Utskottet
381 857 59 21 dock
455 857 51 21 icke
524 857 44 22 den
585 860 92 26 gången
687 857 94 22 förorda
792 857 137 25 densamma,
940 863 58 13 eme-

247 892 46 21 dan
317 892 71 29 enligt
410 893 130 21 Utskottets
566 893 69 21 tanke
653 893 78 22 härför
750 892 86 29 nödiga
856 891 74 22 medel
949 891 49 22 sak-

244 928 79 21 nades.

317 963 78 22 Såsom
418 964 40 29 jag
482 965 70 21 redan
576 967 86 24 nämnt,
682 972 67 14 anser
771 963 228 29 Järnvägsutskottet

243 1002 33 18 att
299 1001 147 27 upptagande
470 1000 22 21 af
514 1001 71 28 linjen
610 1000 209 22 Heinola—Lahtis
845 1000 8 21 i
868 999 131 29 byggnads-

244 1039 154 24 programmet
420 1037 9 20 i
451 1036 39 21 allt
513 1037 36 21 för
573 1037 47 28 hög
643 1037 56 28 grad
724 1036 75 21 skulle
815 1035 96 28 utvidga
930 1035 68 25 detta,

243 1071 127 28 hvarjämte
386 1072 74 28 enligt
476 1072 130 22 Utskottets
622 1073 68 20 tanke
708 1073 28 20 de
752 1072 8 21 i
777 1075 113 18 närmaste
906 1070 92 22 framtid

244 1107 131 28 disponibla
394 1107 192 22 arbetskrafterna
606 1108 42 21 och
667 1108 90 21 medlen
773 1107 50 22 icke
841 1107 73 22 skulle
929 1106 70 21 förslå

244 1143 77 20 härtill
337 1143 74 21 under
427 1143 155 22 innevarande
600 1144 164 29 finansperiod.

316 1179 68 21 Hvad
401 1179 109 22 beträffar
527 1180 44 21 den
586 1180 130 21 finansiella
733 1179 68 22 delen
817 1179 23 21 af
855 1179 87 28 frågan,
958 1178 41 21 har

243 1214 119 22 Utskottet
385 1215 8 21 i
420 1215 50 21 sina
493 1215 112 22 allmänna
631 1216 71 21 motiv
724 1215 83 26 anfört,
824 1217 32 19 att
873 1215 38 20 det
927 1214 71 28 enligt

244 1250 120 22 Utskottes
388 1251 60 21 åsikt
472 1251 18 28 ej
516 1254 24 18 är
564 1251 82 28 nödigt
668 1252 41 21 och
730 1251 19 28 ej
771 1258 41 14 ens
832 1250 119 29 gagneligt
967 1253 32 18 att

242 1285 126 22 inskränka
390 1286 278 29 byggnadsprogrammet
688 1287 63 22 inom
768 1289 25 19 så
808 1289 82 25 trånga
905 1289 94 25 gränser

244 1328 49 14 som
311 1321 43 21 den
371 1322 53 21 nåd.
442 1322 172 28 propositionen
630 1322 66 26 afser,
714 1326 57 18 utan
788 1322 70 21 borde
876 1322 124 21 detsamma

244 1357 71 21 redan
338 1365 32 14 nu
390 1361 66 25 tagas
475 1361 69 26 något
561 1359 173 25 vidsträcktare,
751 1366 37 14 om
806 1358 42 21 ock
865 1358 52 21 dess
933 1358 65 21 verk-

242 1393 85 28 ningar
343 1393 89 22 komme
449 1397 32 18 att
497 1394 89 21 sträcka
599 1394 36 29 sig
646 1395 92 20 utöfver
748 1394 158 21 innevarande
914 1393 85 22 finans-

243 1428 88 28 period.
354 1429 119 22 Utskottet
488 1430 116 21 förmenar
620 1435 14 16 t.
653 1437 19 15 o.
682 1437 28 14 m.
725 1433 34 18 att
770 1437 29 14 en
814 1429 114 28 förnuftig
939 1429 60 28 pröf-

244 1464 58 29 ning
325 1465 23 20 af
370 1465 82 28 frågan
476 1465 92 22 kräfver
591 1469 33 18 att
648 1466 70 21 äfven
738 1468 49 19 året
804 1468 57 20 1908
878 1465 41 22 bör
935 1469 65 24 tagas

316 1517 186 24 Järnvägsutskottets
515 1519 107 18 betänkande
635 1519 34 18 N:o
683 1521 15 16 1.
