1100 1745
264 129 28 21 26
579 130 40 21 N:o
632 130 25 21 11

302 197 29 29 Ej
355 198 38 22 må
414 198 9 22 i
446 198 82 29 dylika
546 198 81 29 frågor
645 199 91 29 förslag
751 202 74 26 göras,
843 200 35 20 att
894 198 98 22 ärendet

234 231 62 23 skall
311 232 76 22 blifva
402 232 112 23 hvilande
529 233 38 21 till
582 240 29 15 en
626 233 106 29 följande
747 232 121 30 landtdag.

579 304 26 20 63
628 304 18 26 8.

303 347 50 22 Har
367 348 145 29 landtdagen
527 348 78 28 ingått
619 348 9 22 i
642 348 114 29 pröfning
772 348 27 22 af
812 348 70 29 fråga
897 356 37 14 om
951 355 40 14 an-

233 381 52 29 slag
299 388 28 15 ur
342 382 82 28 medel,
440 390 48 14 som
505 383 37 21 stå
556 382 38 22 till
609 382 156 30 landtdagens
777 382 145 29 disposition,
935 382 56 22 eller

233 423 39 14 om
279 416 101 29 petition
387 417 99 22 rörande
495 417 146 28 statsverket,
647 417 73 22 innan
728 417 176 22 statsutskottet
912 417 78 21 afläm-

232 452 44 20 nat
293 450 149 23 betänkande
462 451 98 22 rörande
576 451 152 22 statsverkets
750 451 129 29 tillgångar
894 451 44 22 och
953 451 37 21 be-

232 484 50 28 hof,
303 485 60 22 skall
386 485 78 22 beslut
485 485 8 22 i
516 486 72 21 sådan
611 486 69 28 fråga
695 493 67 14 anses
777 486 75 22 såsom
869 485 122 28 vilkorligt

233 519 45 22 och
300 519 93 29 slutligt
415 520 129 29 afgörande
567 520 73 22 fattas
662 521 9 21 i
693 519 169 29 sammanhang
880 520 53 21 med
951 519 39 22 be-

232 553 145 29 handlingen
397 555 27 21 af
441 555 186 22 statsutskottets
649 555 103 22 nämnda
773 554 155 25 betänkande,
949 554 41 21 där

233 588 23 28 ej
271 588 145 29 landtdagen
431 589 8 22 i
455 589 190 22 förekommande
660 589 44 22 fall
719 589 131 22 anorlunda
860 589 130 22 förordnar.

578 659 27 22 64
627 659 18 28 8.

302 703 29 29 Ej
347 704 38 21 må
400 704 8 21 i
424 705 72 28 något
511 704 91 28 ärende,
612 704 50 22 däri
678 703 184 30 öfverläggning
877 705 39 27 egt
931 711 57 20 rum,

232 737 92 22 skridas
346 738 38 21 till
406 739 84 27 beslut,
506 739 73 21 innan
597 739 152 28 landtdagen,
766 739 60 21 efter
842 738 147 21 talmannens

233 771 148 28 hemställan,
397 772 115 22 förklarat
528 773 211 29 öfverläggningen
756 772 110 22 afslutad.

577 843 26 21 65
626 843 18 27 $.

301 887 36 22 Då
353 887 68 29 fråga
436 888 127 29 föreligger
582 888 37 21 till
639 887 136 29 afgörande,
796 887 130 22 framställe
947 887 42 21 tal-

231 929 109 20 mannen,
356 922 30 28 pä
402 922 76 29 grund
494 923 26 20 af
534 922 62 22 hvad
611 922 8 21 i
634 922 72 22 saken
722 922 120 28 förelupit,
853 922 25 21 sä
890 921 99 22 affattad

230 956 154 29 proposition,
400 959 35 19 att
450 959 78 19 svaret
538 958 29 27 ja
582 957 56 21 eller
653 958 37 26 nej
698 956 123 29 uttrycker
832 956 156 29 landtdagens

230 989 85 23 beslut.
346 990 78 22 Sedan
439 992 77 20 svaret
532 991 114 28 afgifvits,
658 991 103 21 förklare
780 990 137 21 talmannen
928 990 61 21 huru

232 1024 41 22 det
288 1025 75 28 enligt
378 1025 59 22 hans
452 1025 95 28 mening
561 1025 99 27 utfallit;
678 1025 43 22 och
736 1032 56 15 vare
803 1025 66 21 detta
879 1025 108 21 landtda-

230 1066 60 21 gens
305 1059 83 28 beslut,
405 1059 42 22 där
462 1060 21 27 ej
498 1059 146 29 omröstning
659 1060 53 21 med
728 1059 78 22 slutna
822 1059 77 22 sedlar
919 1059 69 29 begä-

230 1100 43 15 res.
304 1093 76 22 Yrkas
396 1093 79 29 sädan,
498 1094 55 22 eller
575 1094 116 22 erfordras
714 1095 8 20 i
745 1095 74 27 nägot
841 1093 49 28 fall,
914 1094 75 29 enligt

230 1127 103 22 särskild
355 1128 125 21 föreskrift
501 1128 8 21 i
532 1128 76 22 denna
627 1129 45 28 lag,
693 1129 37 21 för
746 1128 78 22 beslut
839 1128 58 21 visst
912 1128 76 21 flertal

229 1163 82 25 röster,
327 1162 61 21 skall
403 1162 77 22 sluten
496 1163 145 28 omröstning
656 1163 145 22 verkställas.

300 1195 89 22 Finnas
411 1196 56 22 flere
488 1197 90 28 förslag
600 1197 37 21 till
660 1197 83 27 beslut,
760 1197 80 21 ställes
859 1198 35 20 ett
912 1197 76 22 säsom

229 1230 232 29 kontraproposition
476 1233 48 20 mot
539 1233 34 20 ett
588 1233 78 26 annat,
682 1231 63 22 intill
767 1231 52 22 dess
834 1238 37 15 om
891 1231 47 22 alla
953 1233 35 20 sä-

229 1264 74 22 lunda
317 1267 96 25 röstats;
437 1265 44 22 och
499 1265 43 22 bör
556 1265 29 22 de
600 1265 98 22 afsedda
716 1265 216 29 propositionernas
953 1273 35 14 or-

230 1298 121 29 dalydelse
367 1298 44 22 och
427 1299 173 29 ordningsföljd
610 1307 56 14 vara
676 1300 28 21 af
712 1299 147 29 landtdagen
870 1300 116 28 godkänd,

228 1332 75 22 innan
318 1334 146 28 proposition
485 1334 37 21 till
539 1334 144 22 besvarande
702 1334 150 22 framställes.
881 1334 107 22 Erinrin-

228 1374 44 21 gar
287 1369 49 20 mot
351 1367 47 22 den
417 1368 133 28 föreslagna
569 1368 162 28 ordalydelsen
752 1368 45 22 och
819 1368 169 29 ordningsfölj-

229 1401 47 22 den
298 1402 38 21 mä
357 1405 76 25 göras,
454 1410 52 13 men
526 1410 32 21 ny
578 1402 182 29 öfverläggning
779 1402 9 21 i
806 1402 86 29 sjelfva
915 1403 72 21 saken

228 1435 55 23 icke
298 1443 43 24 ega
356 1443 57 17 rum,
