1103 1745
347 137 29 23 U.
392 138 29 21 B.

482 138 72 27 Prop.
573 137 41 23 N:o
630 137 21 23 8.
819 139 28 20 23

123 203 91 21 komma
232 205 33 19 att
284 205 29 26 gä
332 203 88 26 framät,
439 203 8 21 i
466 203 126 28 synnerhet
611 210 48 14 som
678 203 101 21 Värtsilä
795 202 60 22 bruk
871 201 8 22 i

124 238 36 22 sin
184 241 113 19 närmaste
320 239 81 21 närhet
420 239 40 21 har
479 239 98 28 tillgång
596 241 29 26 pä
643 239 46 28 god
710 238 128 26 bränntorf,
854 240 25 19 sä

124 277 33 18 att
173 274 38 21 det
228 274 123 29 dyrbarare
366 274 102 22 bränslet
483 275 52 21 frän
554 275 114 28 skogarna
685 274 51 22 icke
755 273 124 23 framdeles

123 310 66 21 torde
206 310 99 21 behöfva
319 310 9 21 i
344 317 85 15 samma
444 313 52 19 män
512 318 48 15 som
576 310 113 22 härintills
705 310 120 29 tillgripas.

196 346 46 21 Det
257 353 70 22 synes
343 346 122 29 själffallet,
482 350 33 18 att
526 346 212 29 malmtransporten
750 346 74 21 skulle
835 345 44 22 till-

124 382 51 21 föra
197 381 76 22 denna
296 381 59 22 bana
379 389 28 14 en
428 382 106 22 afsevärd
554 382 76 26 trafik,
648 389 53 14 men
722 381 59 22 dock
800 381 80 22 endast

124 418 37 21 för
181 424 28 15 en
226 417 168 28 jämförelsevis
414 418 52 21 kort
485 418 95 21 sträcka.
612 418 110 21 Däremot
740 417 74 22 skulle
835 417 45 21 den

126 453 204 29 pappersindustri,
347 460 48 15 som
415 456 55 19 utan
485 453 83 22 tvifvel
584 453 91 22 komme
690 456 34 19 att
738 455 84 26 uppstä
840 452 40 21 vid

125 489 77 22 Koida
221 489 38 26 elf,
276 489 70 21 sända
366 489 49 21 sina
431 489 125 29 produkter
573 497 40 21 per
626 489 99 28 järnväg
740 489 34 21 till
790 488 91 28 Viborg

126 525 44 22 och
186 524 111 22 vintertid
315 525 34 21 till
369 525 84 29 Hangö
474 525 54 22 eller
544 525 36 22 för
596 525 46 22 den
658 525 37 21 del
711 525 23 21 af
749 524 132 29 produktio-

127 569 52 18 nen,
200 568 47 14 som
272 563 41 26 gär
335 561 35 21 till
393 561 160 28 kejsardömet,
576 561 34 21 till
633 561 146 28 Petersburg,
800 559 81 22 medan

127 596 187 22 kombinationen
334 597 51 21 med
405 596 81 29 sjöfart
505 597 65 22 öfver
589 596 94 29 Ladoga
703 596 38 22 via
757 595 125 23 Sordavala

127 640 70 21 synes
213 633 65 21 ställa
289 633 36 28 sig
337 633 88 21 mindre
436 633 130 28 förmänlig.
590 633 46 21 Det
652 635 24 19 är
691 632 111 29 gifvetvis
813 631 68 29 omöj-

127 669 43 28 ligt
189 671 32 19 att
240 669 70 20 redan
329 676 31 14 nu
381 669 123 28 uppskatta
523 669 28 21 de
570 668 146 27 kvantiteter,
733 675 48 15 som
800 667 82 22 härvid

128 704 77 22 kunde
228 704 119 29 päräknas,
367 704 55 21 eller
441 704 115 29 mängden
576 705 22 21 af
618 704 29 21 de
665 704 36 22 för
718 703 164 30 pappersindu-

128 739 58 22 strin
204 740 87 29 nödiga
309 740 133 22 kemikalier
461 748 29 14 m.
510 748 29 14 m.
559 747 49 15 som
627 740 74 22 skulle
716 740 106 28 begagna
838 739 45 21 den

129 776 104 21 karelska
252 776 75 21 banan
343 776 7 21 i
367 779 92 18 motsatt
475 776 111 29 riktning,
603 783 53 14 men
671 775 171 22 vattenkraften
858 777 24 19 är

127 811 124 29 tillräcklig
272 812 36 21 för
329 819 28 14 en
373 812 93 29 mycket
482 815 47 19 stor
546 812 138 29 produktion
699 811 42 22 och
757 811 127 28 tillgängen

129 851 29 25 pä
177 847 91 29 slipved
287 851 24 18 är
331 848 51 22 med
402 848 109 21 afseende
527 851 13 18 &
556 848 28 21 de
601 850 60 19 stora
677 847 115 22 arealerna
808 846 75 28 riklig.

129 883 118 29 Tilläggas
267 883 48 26 bör,
335 886 33 18 att
384 890 29 14 en
429 886 49 19 stor
494 884 37 21 del
547 883 50 22 icke
613 883 94 22 allenast
724 883 23 21 af
763 883 120 28 skogarna,

130 923 55 17 utan
201 919 70 21 äfven
286 919 23 21 af
325 919 171 21 vattenkraften
512 919 78 22 tillhör
606 918 143 22 statsverket.

201 954 118 22 Utskottet
340 955 41 21 har
397 954 69 22 äfven
482 955 59 29 tagit
556 955 73 21 under
646 954 153 29 ompröfning,
815 954 69 21 huru-

129 990 54 22 vida
203 998 28 14 en
251 990 197 29 sägningsrörelse
468 990 41 22 vid
532 990 44 22 den
599 998 47 21 nya
661 990 128 28 järnvägen
808 989 77 21 kunde

130 1026 91 22 komma
237 1029 32 19 att
285 1029 90 26 uppstå.
399 1026 11 21 I
427 1026 63 22 detta
506 1026 108 22 afseende
630 1029 24 19 är
670 1026 39 22 det
725 1025 115 23 sannolikt
854 1027 31 19 att

129 1062 30 21 de
182 1062 80 21 firmor
281 1062 7 21 i
304 1062 111 26 Joensuu,
440 1062 78 22 Kotka
541 1062 42 22 och
599 1062 96 28 Viborg,
715 1069 47 15 som
785 1069 43 21 ega
848 1060 38 22 be-

129 1098 91 28 tydliga
236 1098 179 28 skogsomräden
434 1098 8 21 i
462 1098 68 22 dessa
544 1098 92 26 trakter,
660 1098 64 21 skola
745 1096 141 23 fortfarande

130 1134 57 21 ilöta
207 1134 77 21 virket
303 1134 34 21 till
354 1134 66 21 deras
436 1134 134 21 nuvarande
587 1136 66 26 sågar
669 1133 39 22 vid
725 1133 91 21 Saimen
832 1132 54 22 eller

130 1169 9 21 i
154 1169 84 22 Kotka.
269 1169 55 22 Men
343 1170 102 21 däremot
462 1170 75 21 skulle
553 1170 99 28 troligen
667 1176 47 22 nya
729 1172 66 26 sägar
810 1168 24 22 af
849 1175 37 14 an-

131 1205 42 21 dra
191 1205 96 22 inrättas
305 1205 40 22 vid
362 1205 137 29 järnvägen,
521 1205 136 22 ätminstone
672 1205 41 21 vid
729 1204 87 22 dennas
832 1203 54 22 änd-

131 1241 99 28 punkter
247 1241 40 21 vid
303 1241 94 22 Koitere
414 1242 43 21 och
474 1241 135 29 Lylykoski.
637 1241 46 21 Det
693 1241 41 21 har
744 1239 143 26 framhällits,

130 1279 34 19 att
186 1284 53 14 man
261 1284 82 22 genom
366 1277 160 22 kombination
548 1277 82 21 mellan
653 1279 41 26 såg
716 1276 42 22 och
774 1275 112 29 träsliperi

131 1312 83 21 vinner
240 1312 120 29 möjlighet
385 1315 33 18 att
439 1315 76 19 såsom
535 1312 91 22 bränsle
650 1312 42 22 och
709 1311 86 30 jämväl
814 1314 74 19 såsom

133 1348 127 21 råmaterial
285 1348 154 29 tillgodogöra
461 1348 68 22 -affall
555 1348 52 21 från
633 1351 70 26 sågen
725 1348 41 21 och
794 1346 95 23 sålunda

133 1383 45 22 kan
209 1383 156 22 åstadkomma
390 1386 33 19 ett
454 1384 145 22 ekonomiskt
624 1383 150 29 fördelaktigt
803 1385 85 26 utnytt-

129 1419 73 28 jande
221 1419 23 22 af
265 1422 113 23 trävaran,
403 1419 91 22 hvilket
518 1419 66 22 torde
608 1422 107 26 motväga
738 1419 45 21 den
805 1417 83 23 minsk-

133 1455 59 28 ning
221 1455 8 21 i
259 1455 77 29 utgift,
366 1462 49 15 som
442 1455 90 22 virkets
557 1455 110 29 flottning
691 1455 34 21 till
747 1455 43 21 och
814 1453 75 22 föräd-

205 1508 187 23 Järnvägsutskottets
405 1508 110 19 betänkande
528 1508 34 18 N:o
576 1510 16 17 1.
