1092 1745
275 133 33 37 20
594 138 41 22 N:o
647 139 26 21 11

249 206 100 30 redning
371 207 158 28 medhunnits,
552 207 8 22 i
582 208 82 28 hvarje
686 208 86 21 ärende
794 207 39 22 till
851 207 156 29 landtdagens

249 240 95 29 plenum
359 241 99 22 insända
469 242 40 21 det
523 242 155 28 betänkande,
690 250 49 14 som
750 242 27 22 af
792 242 107 22 ärendets
914 242 93 21 beskaf-

249 275 83 22 fenhet
346 276 112 28 påkallas.

317 308 36 23 Är
367 310 100 22 medlem
483 310 26 22 af
518 310 92 22 utskott
620 311 100 22 hindrad
732 310 53 22 att
778 304 13 40 i
796 311 97 21 ärendes
904 310 103 22 behand-

250 344 51 29 ling
323 344 100 29 deltaga,
446 345 101 22 inkallas
567 346 130 28 suppleant.
728 345 99 23 Utskott
843 349 25 17 är
884 345 20 29 ej
920 345 87 22 beslut-

249 379 54 28 fört,
327 379 98 22 såframt
446 380 52 22 icke
520 380 72 22 minst
614 380 54 29 fyra
682 380 139 22 femtedelar
837 380 27 21 af
877 380 52 21 dess
944 379 62 21 med-

249 412 97 23 lemmar
361 417 39 19 äro
416 414 123 22 tillstädes.

318 447 107 29 Medlem,
449 455 49 15 som
521 448 52 22 icke
595 448 97 22 instämt
714 449 9 21 i
738 448 128 22 utskottets
881 448 82 27 beslut,
980 451 26 18 är

249 481 112 30 obetaget
383 485 35 19 att
441 483 38 21 till
502 483 127 22 utskottets
652 483 150 22 betänkande
816 483 58 28 foga
889 483 36 21 sin
941 482 64 29 skilj-

249 516 86 29 aktiga,
359 517 136 29 skriftligen
518 517 113 22 affattade
650 517 102 30 mening,
768 517 61 22 dock
844 519 57 20 utan
917 518 35 20 att
969 517 36 20 be-

247 551 131 22 tänkandet
393 551 136 29 därigenom
544 551 142 29 uppehålles.

317 585 47 23 Vid
385 586 133 22 utskottens
541 586 188 22 sammanträden
752 593 43 22 ega
810 585 135 22 talmannen
961 584 43 22 och

248 620 189 22 vicetalmännen
451 624 105 19 närvara.

316 655 71 22 Hvad
402 655 7 22 i
427 657 11 20 2
454 663 69 14 mom.
540 659 26 18 är
581 655 111 29 stadgadt
707 655 63 29 gälle
785 655 52 22 icke
848 654 155 29 landtdagens

247 691 64 20 stora
325 690 98 22 utskott.

596 750 27 19 46
640 749 18 27 &.

315 793 88 21 Finner
418 793 92 22 utskott
525 794 36 28 sig
576 793 103 22 behöfva
694 793 102 29 tillgäng
807 792 38 22 till
855 792 146 28 handlingar,

247 834 50 14 som
319 827 42 21 hos
383 828 79 28 nägon
484 828 145 21 ämbetsman
644 828 57 21 eller
716 827 105 25 allmänt,
837 826 75 22 under
926 826 77 21 landt-

247 860 88 30 dagens
358 861 148 29 förvaltning
527 862 51 21 icke
598 862 103 28 lydande
716 862 58 21 verk
789 860 141 28 tillkommit,
947 860 56 21 eller

245 895 107 22 inhämta
363 896 117 28 muntliga
491 896 56 21 eller
557 896 120 28 skriftliga
686 895 172 30 upplysningar
869 895 26 21 af
903 894 100 22 ämbets-

248 937 55 14 man
326 929 57 22 eller
404 930 85 22 sädant
510 931 64 26 verk,
597 931 57 21 eller
676 930 88 22 erhälla
786 929 149 28 handlingar,
953 936 48 14 som

245 963 43 22 hos
303 964 150 22 kommunala
466 965 163 28 myndigheter
639 965 143 27 tillkommit,
794 964 57 21 eller
862 964 73 21 andra
945 971 56 21 upp-

245 998 124 29 lysningar
393 1006 38 15 om
453 999 149 22 kommunala
624 999 170 28 förhällanden,
818 999 96 28 vidtage
937 1005 64 14 sena-

245 1035 52 20 tens
317 1033 148 29 ordförande,
485 1034 30 29 pä
530 1034 127 21 utskottets
679 1034 111 28 begäran,
814 1033 74 22 sädan
911 1032 89 29 ätgärd,

245 1069 36 20 att
296 1067 29 22 de
340 1068 86 22 äskade
445 1068 173 29 handlingarna
634 1068 56 22 eller
704 1068 205 29 upplysningarna
923 1066 78 22 sävidt

243 1102 95 29 möjligt
351 1103 74 22 varda
440 1103 116 22 utskottet
570 1103 142 22 meddelade.

582 1202 12 20 5
609 1200 53 29 kap.

243 1253 156 26 Ärendenas
417 1259 155 24 behandling
583 1260 5 18 i
600 1261 102 22 plenum
718 1260 51 19 och
781 1259 73 19 stora
867 1259 131 19 utskottet.

590 1328 27 20 47
633 1327 19 27 8.

312 1377 146 22 Talmannen
473 1377 89 29 äligger
578 1379 35 20 att
627 1378 97 21 utfärda
738 1377 98 22 kallelse
851 1377 36 21 till
897 1376 101 29 plenum,

241 1413 37 19 att
293 1411 42 22 där
353 1412 125 28 föredraga
493 1412 116 21 ärendena
624 1412 44 21 och
682 1412 54 21 leda
751 1411 247 29 öfverläggningarna,

241 1447 38 20 att
300 1445 132 22 framställa
449 1445 146 30 proposition
610 1446 37 22 för
662 1446 90 22 besluts
768 1445 116 29 fattande,
899 1447 36 20 att
949 1445 50 22 vid-
