1109 1748
331 151 30 22 U.
376 150 27 23 B.
420 162 27 4 —
463 150 75 28 Prop.
553 150 42 22 N:o
611 149 37 22 12.
833 151 25 19 18

307 228 49 17 nen
374 222 11 22 i
403 222 58 22 dess
473 228 54 22 nya
537 221 245 29 sammansättning,
792 221 68 22 samt

307 256 41 23 för
371 257 69 22 detta
467 253 127 25 ändamål
615 255 80 23 ställa
717 255 41 22 till
775 255 85 22 Bank-

308 291 177 28 fullmäktiges
505 289 154 30 förfogande
668 289 105 27 25,000
786 289 75 23 mark

308 325 33 23 af
357 325 152 23 förberörda
528 324 102 30 anslag.

172 411 48 23 Vid
230 411 167 22 1904—1905
405 411 42 22 års
454 411 125 28 landtdag
586 410 78 23 hafva
673 409 142 24 Ständerna
823 409 38 23 för

104 445 96 23 vården
221 445 26 23 af
264 445 31 23 de
315 445 25 22 af
358 445 31 22 H.
409 445 28 22 F.
458 445 84 22 Antell
568 444 210 23 testamenterade
800 451 62 16 sam-

104 480 117 29 lingarna
241 479 108 30 anslagit
368 479 96 28 39,000
483 479 80 27 mark,
577 479 92 22 hvaraf
681 479 96 26 24,000
791 479 71 22 mark

104 515 40 22 för
162 515 61 22 åren
244 514 67 24 1906
329 515 46 22 och
396 514 75 23 1907.

174 549 177 23 Kostnaderna
374 549 40 23 för
432 556 35 15 nu
486 548 134 30 pågående
644 548 123 29 landtdag
785 548 78 22 hafva

103 584 9 22 i
131 584 189 28 propositionen
347 584 132 29 upptagits
506 583 37 23 till
572 582 111 27 300,000
711 582 80 27 mark,
816 582 47 23 och

105 618 47 23 har
170 618 128 23 Utskottet
321 618 54 22 icke
397 618 84 23 funnit
500 618 137 28 anledning
657 618 35 21 att
711 617 152 22 härutinnan

105 653 93 22 föreslå
217 653 84 29 någon
321 653 115 29 ändring.

176 687 146 29 Uppbörds-
349 687 46 23 och
423 686 284 24 kontrollkostnaderna
734 686 39 22 för
791 686 73 22 stäm-

106 722 50 28 pel-
182 722 46 22 och
253 722 331 29 spelkortsbevillningarna
608 721 77 23 hafva
707 720 83 30 utgått
807 720 57 22 med

105 756 114 30 följande
237 756 102 29 belopp:

211 836 28 23 år
259 836 91 23 1908.
388 854 5 5 .
432 854 5 4 .
476 854 5 4 .
513 836 64 22 Fmk
597 836 118 26 105,873:
729 835 33 23 60

220 881 11 11 »
259 871 92 23 1904.
389 889 5 4 .
433 889 5 4 .
478 889 5 4 .
540 881 9 10 »
597 870 166 27 108,018:14

221 915 9 10 »
259 905 92 24 1905.
390 923 5 5 .
434 923 5 5 .
479 923 4 5 .
540 915 9 10 »
597 905 166 27 110,570:07

108 992 47 23 och
183 992 78 22 hafva
279 992 8 22 i
306 992 191 29 propositionen
524 992 144 28 föreslagits
695 991 36 22 till
756 990 112 26 110,000

109 1026 73 23 mark
201 1027 40 22 för
260 1027 35 22 är.
333 1026 144 22 Enahanda
495 1026 138 22 kostnader
651 1026 40 22 för
706 1024 162 30 maltdrycks-

110 1061 174 29 bevillningen
308 1061 78 22 hafva
410 1061 71 29 stigit
502 1060 36 23 till
557 1060 188 23 nedanstäende
764 1059 103 29 belopp:

215 1141 28 23 är
264 1141 90 23 1903.
393 1158 4 5 .
437 1158 4 4 .
481 1158 4 5 .
515 1140 62 22 Fmk
615 1140 150 27 22,322:67

223 1184 10 11 »
262 1176 91 22 1904.
392 1193 5 4 .
436 1192 49 5 soc
542 1184 9 11 »
618 1174 101 27 19,519:
733 1174 33 23 36

222 1220 9 10 »
259 1210 67 22 1905
347 1227 4 5 .
390 1227 5 5 so
433 1226 50 6 sv
540 1218 9 11 »
617 1209 101 27 19,063:
733 1209 32 23 62

111 1291 47 22 och
192 1290 78 22 hafva
300 1290 144 29 föreslagits
475 1290 40 22 för
543 1290 60 22 åren
633 1289 66 23 1906
726 1289 46 23 och
803 1288 66 23 1907

112 1325 37 23 till
174 1324 97 27 30,000
295 1325 72 22 mark
386 1324 39 23 för
444 1324 37 22 är.
519 1324 30 29 Ej
570 1324 79 22 häller
667 1325 51 21 mot
737 1324 73 22 dessa
830 1330 41 15 an-

114 1360 55 29 slag
198 1360 47 21 har
272 1359 127 23 Utskottet
426 1360 84 21 ansett
534 1359 39 29 sig
591 1358 63 22 böra
673 1358 138 22 framställa
829 1358 42 22 nä-

114 1401 50 22 gon
184 1394 176 29 anmärkning.

187 1428 122 29 Slutligen
333 1428 48 22 bör
399 1428 78 23 bland
497 1428 138 29 utgifterna
653 1427 150 22 observeras
823 1426 48 22 den

114 1463 26 22 af
170 1462 141 23 Ständerna
338 1463 44 22 vid
409 1462 176 23 innevarande
611 1461 123 29 landtdag
755 1460 116 23 beslutna

184 1505 142 18 Statsutskottets
338 1505 110 18 betänkande
460 1505 39 18 N:o
515 1506 15 17 7.
