1098 1742
352 133 22 18 U.
387 132 22 19 B.
422 132 59 24 Prop.
495 133 37 18 N:o
546 133 29 18 10.
841 132 22 19 13

112 192 117 29 oskäligen
245 192 55 22 rikta
316 192 36 29 sig
367 192 30 28 på
413 192 49 23 sina
473 192 132 29 godtrogna
616 192 99 22 kunders
727 192 135 23 bekostnad.

112 228 108 28 Frigifves
243 228 102 22 däremot
368 228 75 22 denna
467 228 88 28 handel,
579 228 103 22 bortfalla
706 228 66 22 äfven
793 228 70 23 dessa

111 264 97 28 menliga
231 264 162 27 förhållanden,
417 264 43 22 och
485 264 29 22 då
535 264 100 28 köparen
657 264 96 22 sålunda
769 264 92 22 sättes
849 260 17 36 i

111 299 81 22 tillfälle
208 301 30 20 att
255 301 78 27 moget
349 299 121 29 öfverväga
487 300 122 28 köpslutet,
625 300 55 22 lärer
696 299 37 22 det
749 299 76 23 kunna
840 299 23 22 få

111 336 64 27 tagas
196 335 36 22 för
249 335 102 29 afgjordt,
367 337 31 20 att
414 335 29 23 de
459 335 65 23 flesta
543 336 85 28 köpare
644 335 49 22 icke
709 335 25 22 så
749 335 44 28 lätt,
810 341 51 16 som

111 370 83 23 härtills
211 371 64 22 torde
291 371 64 28 skett,
372 371 64 22 skola
452 371 76 23 kunna
547 371 100 23 förledas
663 373 31 20 att
710 371 85 28 utgifva
812 371 49 22 sina

112 407 125 28 penningar
259 407 36 22 för
317 414 27 15 en
366 407 61 29 dålig
443 408 51 22 eller
510 407 112 29 umbärlig
637 414 59 21 vara,
711 407 52 22 eller
779 408 31 21 att
825 406 37 23 för

112 449 27 16 en
164 443 70 22 sådan
258 443 72 22 betala
351 444 36 27 ett,
403 443 5 22 i
425 443 140 23 förhållande
581 443 29 23 till
628 443 55 22 dess
699 443 74 27 värde,
789 442 74 23 alltför

111 478 58 29 högt
186 479 66 28 pris».

183 515 31 22 På
237 515 68 22 dessa
332 515 46 22 skäl
400 515 44 22 och
468 516 42 28 »pä
529 515 38 22 det
590 517 30 20 att
644 515 65 22 äfven
729 515 51 28 eget
796 513 67 23 lands

111 550 105 23 invånare
232 551 67 22 måtte
315 551 86 22 lämnas
417 551 82 22 tillfälle
515 553 37 26 att,
568 553 51 20 utan
641 551 125 28 kränkning
782 550 22 22 af
819 550 43 29 lag,

112 586 69 28 draga
204 588 61 27 nytta
285 586 22 23 af
327 587 81 27 denna,
427 587 92 22 oaktadt
535 587 41 22 alla
592 587 84 22 förbud
692 585 171 24 fortbestående

112 622 99 28 näring»,
227 622 102 29 föreslog
345 622 121 28 Utskottet,
483 624 30 21 att
523 622 108 23 förbudet
648 624 47 21 mot
711 621 151 30 gärdfarihan-

112 657 51 22 deln
181 657 72 23 skulle
268 658 35 22 för
321 658 119 22 framtiden
461 659 112 28 upphöra.
607 659 19 21 >»I
643 659 111 21 allmänna
769 657 93 23 ordnin-

111 700 58 21 gens
186 693 107 23 intresse»
312 694 72 22 borde
401 694 60 22 dock
471 695 69 28 enligt
554 694 128 23 Utskottets
702 694 58 28 åsigt
781 693 82 23 endast

112 729 135 28 välfräjdade
267 736 110 22 personer
400 730 23 22 få
445 730 103 29 rättighet
572 731 30 21 att
619 730 51 22 idka
686 730 74 22 denna
776 729 87 28 näring,

112 765 43 22 och
167 765 66 22 äfven
247 765 29 22 de
292 767 47 21 mot
355 765 79 23 villkor
449 767 30 21 att
496 766 28 22 de
547 765 92 23 utverka
654 765 22 22 åt
693 765 35 29 sig
743 765 22 22 af
775 765 88 22 Guver-

111 802 71 21 nören
200 801 237 23 tillståndsresolution
450 801 43 23 och
505 808 61 22 pass,
578 808 51 16 som
642 802 71 22 borde
724 801 83 28 årligen
817 801 46 22 för-

112 843 62 22 nyas.
207 837 66 22 Dock
288 838 73 28 ansåg
382 837 121 28 Utskottet,
519 839 31 20 att
566 837 76 29 hvarje
658 837 101 22 enskilds
775 838 40 21 rätt
831 838 32 21 att

112 872 51 22 idka
178 872 178 29 gårdfarihandel
373 873 72 22 borde
462 873 133 23 inskränkas
609 873 29 22 till
654 874 29 21 ett
694 872 63 28 visst,
767 872 96 28 begrän-

112 908 50 22 sadt
179 908 92 22 område
287 909 39 28 (ett
342 909 51 28 län).
418 909 51 22 Han
487 909 72 22 skulle
576 908 95 23 sålunda
684 908 61 22 inom
758 908 37 22 sitt
808 908 54 22 han-

112 944 143 22 delsområde
279 944 66 22 blifva
365 944 66 28 känd,
448 944 83 23 hvilket
548 946 78 27 syntes
644 944 113 23 Utskottet
773 950 52 16 vara
840 943 24 22 af

111 980 49 22 icke
183 980 63 28 ringa
266 980 47 28 vigt
337 980 60 22 såväl
422 981 5 21 i
445 981 95 28 rättsligt
558 987 50 16 som
627 980 82 28 sedligt
725 980 138 22 hänseende.

111 1016 40 21 Till
176 1017 117 27 yttermera
317 1016 103 22 säkerhet
441 1016 73 22 borde
535 1016 79 22 såsom
635 1016 84 28 påföljd
738 1015 36 23 för
790 1015 72 23 öfver-

111 1051 97 23 trädelse
226 1052 22 22 af
263 1052 104 28 gällande
391 1052 138 22 föreskrifter
547 1052 101 28 stadgas,
670 1053 63 21 utom
750 1052 49 28 laga
815 1051 47 27 bot,

111 1087 65 23 äfven
194 1088 165 28 sekvestrering
374 1088 22 22 af
412 1088 29 22 de
457 1088 119 22 medförda
591 1094 100 16 varorna.
723 1087 66 22 Detta
803 1086 60 29 tyck-

111 1124 34 21 tes
163 1123 114 23 Utskottet
293 1124 25 22 sä
335 1124 88 28 mycket
439 1130 60 16 mera
516 1124 87 28 skäligt,
622 1130 63 16 »som
703 1123 36 22 det
755 1122 49 23 icke
820 1122 42 22 säl-

111 1159 35 21 lan
164 1159 65 22 torde
245 1159 67 23 blifva
333 1160 105 28 ogörligt,
459 1161 31 21 att
506 1160 23 22 få
545 1166 28 16 en
591 1159 70 23 sådan
678 1166 83 21 person
778 1158 83 23 instäld

111 1194 59 23 inför
194 1195 107 27 domstol,
325 1195 44 23 och
393 1195 45 22 han
462 1196 39 21 vid
523 1195 81 23 sådant
624 1194 144 28 förhållande,
785 1194 77 22 kunde

111 1230 78 29 undgå
210 1230 75 29 hvarje
305 1231 85 28 påföljd
411 1231 22 22 af
453 1231 46 22 den
521 1231 87 22 skedda
628 1230 235 29 lagöfverträdelsen».

183 1266 128 23 Utskottets
334 1267 87 28 förslag
441 1273 38 16 om
496 1266 209 29 gärdfarihandelns
728 1265 136 29 frigifvande

111 1302 45 22 blef
173 1302 120 22 emellertid
309 1302 22 22 af
348 1302 103 29 samtliga
467 1302 70 23 Ständ
554 1302 130 22 förkastadt.

184 1338 84 29 Frägan
285 1340 103 26 upptogs
405 1338 60 29 änyo
481 1338 38 22 vid
538 1339 56 21 1882
611 1338 35 22 ärs
658 1338 107 28 landtdag
776 1343 85 23 genom

111 1375 30 21 ett
157 1374 5 22 i
177 1374 190 28 Borgareständet
387 1374 65 22 väckt
469 1374 201 28 petitionsförslag,
687 1380 50 16 som
753 1373 108 23 äterhem-

111 1410 51 22 tade
186 1410 38 22 det
248 1410 161 28 väsentligaste
431 1410 22 22 af
478 1410 54 28 Lag-
556 1410 44 22 och
627 1409 236 23 Ekonomiutskottets
