1098 1745
260 139 27 21 12
575 139 41 22 N:o
628 139 25 21 11

581 226 24 20 21
623 226 20 26 8.

298 276 52 21 Den
375 275 53 30 dag,
454 277 14 21 &
493 276 97 22 hvilken
615 276 144 29 landtdagen
787 275 61 22 skall
873 282 114 15 samman-

232 309 100 29 komma,
343 310 58 22 böra
416 311 108 28 samtlige
540 310 182 29 landtdagsmän
738 311 53 21 frän
807 310 101 22 klockan
923 309 64 22 elfva

229 344 52 21 före
304 344 132 30 middagen,
458 345 8 21 i
481 345 45 22 den
541 352 85 21 genom
642 345 82 28 anslag
740 348 106 19 närmare
861 344 126 21 tillkänna-

229 377 69 29 gifna
313 378 108 30 ordning,
437 379 75 22 förete
527 379 52 22 sina
595 379 137 22 fullmakter
746 379 38 21 för
799 379 46 22 den
860 378 57 22 eller
927 378 60 28 dem,

229 420 49 14 som
294 413 114 29 Kejsaren
424 414 44 22 och
484 414 147 22 Storfursten
641 414 123 22 förordnat
774 416 36 19 att
820 413 167 22 fullmakterna

229 448 108 27 granska.
367 448 37 21 Då
420 448 111 21 fullmakt
546 448 75 21 första
637 448 93 29 gången
741 449 93 27 företes,
845 447 142 22 undersökes

229 481 117 22 huruvida
369 482 44 21 den
437 486 26 18 är
485 482 112 22 utfärdad
612 482 27 22 af
653 482 98 29 behörig
766 481 138 30 myndighet
920 481 44 22 och
979 481 8 21 i

229 515 158 23 föreskrifven
403 517 67 22 form.

298 551 162 29 Förteckning
484 551 67 22 öfver
574 551 28 22 de
624 551 129 30 behörigen
776 550 211 29 befullmäktigade

228 585 182 22 medlemmarne
432 585 62 22 skall
516 585 105 29 följande
643 585 46 30 dag
704 586 52 21 före
770 585 102 22 klockan
887 585 33 22 tio
936 585 50 21 före

229 619 126 29 middagen
370 620 194 22 tillhandahållas
580 620 151 29 landtdagen.

298 654 199 30 Landtdagsman,
521 662 50 15 som
586 655 101 22 infinner
702 655 37 28 sig
754 655 61 22 efter
830 654 157 29 landtdagens

229 687 89 30 början,
341 696 54 21 eger
418 689 42 22 där
478 689 83 29 intaga
576 691 57 27 säte,
648 689 72 22 sedan
735 689 48 22 han
798 690 38 21 för
851 689 136 22 talmannen

228 723 111 28 uppvisat
355 723 75 29 enligt
447 726 8 19 1
473 731 67 15 mom.
555 723 111 29 godkänd
681 723 118 23 fullmakt.

577 810 28 21 22
622 811 19 27 6.

297 861 50 22 Har
365 861 195 30 landtdagsmans
575 861 112 22 fullmakt
702 861 52 22 icke
769 861 83 22 blifvit
866 861 119 30 godkänd,

228 903 44 20 ege
292 895 146 30 landtdagen
452 899 48 19 rätt
515 898 36 21 att
565 897 90 28 pröfva,
671 896 117 23 huruvida
802 897 48 21 han
864 896 75 22 likväl
954 897 30 28 pä

227 930 78 27 grund
321 931 27 21 af
362 931 134 22 densamma
511 931 38 22 mä
564 931 81 28 intaga
660 934 50 19 säte
725 931 8 22 i
748 931 150 29 landtdagen.

298 965 73 22 Göres
395 965 74 22 under
491 965 144 30 landtdagen
657 966 30 28 pä
709 965 77 30 grund
808 966 26 21 af
856 965 76 22 denna
947 965 40 28 lag

228 999 157 29 anmärkning
407 1002 49 19 mot
478 999 193 29 landtdagsmans
695 999 145 30 behörighet,
863 999 123 22 ankomme

227 1032 115 23 likaledes
369 1033 53 22 dess
447 1034 130 29 pröfvande
600 1035 14 21 &
635 1034 151 29 landtdagen,
813 1033 100 22 säframt
934 1033 52 23 icke

227 1074 90 15 samma
332 1068 156 29 anmärkning
502 1076 84 21 genom
601 1069 84 21 besvär
701 1069 67 22 öfver
778 1068 64 22 valet
851 1068 73 21 redan
935 1068 51 22 dra-

227 1102 48 28 gits
291 1102 57 22 eller
363 1106 63 19 ännu
441 1103 47 22 kan
498 1103 84 29 dragas
593 1105 74 20 under
677 1103 148 29 vederbörlig
835 1102 152 29 myndighets

227 1137 137 28 afgörande.

297 1171 12 21 I
324 1171 74 29 öfrigt
413 1172 38 21 mä
466 1172 68 28 fråga
549 1179 37 14 om
602 1171 142 29 giltigheten
759 1172 27 21 af
794 1170 193 30 landtdagsman-

226 1205 72 22 naval
313 1205 52 22 icke
380 1206 40 21 vid
436 1206 114 29 landtdag
565 1208 122 27 upptagas,
703 1208 65 20 utom
784 1206 30 21 dä
829 1205 157 29 anmärkning

226 1243 70 25 göres
318 1240 87 29 därom,
422 1243 36 19 att
472 1240 148 22 beträffande
635 1241 64 22 valet
714 1241 57 21 eller
786 1240 81 22 därtill
882 1240 104 22 hörande

227 1274 111 28 åtgärder
366 1275 133 28 uppenbart
527 1275 121 28 brottsligt
673 1275 137 22 förfarande
835 1274 151 23 förekommit

226 1308 59 22 eller
300 1310 37 20 att
354 1309 178 29 otvifvelaktigt
546 1309 97 29 misstag
658 1309 40 22 vid
714 1309 177 21 fastställandet
906 1309 28 21 af
946 1315 39 15 va-

225 1342 47 23 lets
287 1343 90 28 utgång
393 1346 40 25 egt
448 1350 57 15 rum.
533 1344 12 21 I
561 1343 83 22 sådant
659 1344 44 21 fall
718 1350 43 23 ege
776 1343 152 28 landtdagen,
944 1342 43 23 där

226 1377 42 21 det
290 1377 78 22 tillika
391 1381 25 18 är
431 1378 95 29 tydligt,
542 1381 35 18 att
592 1378 182 29 brottsligheten
790 1377 57 22 eller
861 1377 125 29 misstaget

225 1411 94 23 kunnat
340 1413 85 21 utöfva
447 1413 115 21 inverkan
577 1413 30 28 på
621 1413 121 28 utgången
759 1412 26 22 af
798 1412 71 29 valet,
885 1412 44 22 och
945 1415 41 18 än-

225 1445 72 30 dring
312 1447 21 28 ej
350 1447 80 22 vidare
445 1447 46 21 kan
506 1447 8 21 i
530 1447 141 28 besvärsväg
686 1447 91 28 vinnas,
792 1447 99 28 vidtaga
902 1447 84 28 åtgärd
