1098 1745
239 144 23 18 38
502 145 22 19 U.
538 145 23 18 B.
574 145 60 24 Prop.
647 145 36 18 N:o
698 146 29 18 10.

239 206 195 26 guvernementet;
459 204 57 23 huru
541 205 102 22 orättvist
664 205 29 22 de
715 205 74 23 finska
805 205 186 29 myndigheterna

238 239 85 23 förfarit
339 253 28 2 —
383 240 97 29 framgår
496 247 26 16 ur
538 241 101 28 följande
654 241 69 22 fakta:

313 276 19 28 1)
355 276 50 22 Den
422 278 13 21 5
452 277 133 28 September
603 278 56 21 1874
675 277 108 22 afsändes
800 277 48 22 från
866 277 29 22 S:t
906 277 84 22 Peters-

239 312 59 28 burg
321 312 29 21 till
375 313 99 22 Kemska
497 313 92 22 häradet
612 320 85 21 genom
723 313 93 22 Finland
832 320 66 15 varor
914 313 29 22 till
960 314 30 21 ett

238 348 69 22 värde
325 347 22 23 af
365 349 56 22 1504
440 349 62 22 rubel
518 350 29 21 28
564 349 61 28 kop.;
641 349 36 23 för
692 351 31 20 att
740 349 128 23 säkerställa
883 355 107 16 varornas

239 383 155 24 obehindrade
418 385 120 23 befordran
563 392 84 22 genom
673 385 99 28 Finland,
796 385 76 23 blefvo
896 391 95 17 varorna

239 420 127 23 inlämnade
389 421 29 22 till
444 422 114 21 visitation
585 422 12 22 å
622 422 201 28 tullexpeditionen
848 422 37 21 vid
910 421 81 22 Finska

238 456 127 29 järnvägen,
382 457 89 22 hvilken
488 457 65 22 äfven
573 457 117 23 utfärdade
706 459 30 21 ett
753 458 63 28 intyg
831 457 36 22 för
883 463 107 16 varornas

239 492 155 23 obehindrade
410 495 113 27 transport
539 494 29 21 till
581 494 65 29 ryska
657 495 100 27 gränsen
768 494 5 21 i
785 493 108 23 Sotkamo
906 493 84 22 socken

238 528 23 22 af
285 529 126 28 Uleåborgs
436 529 42 22 län.
510 530 127 22 Emellertid
661 529 77 23 blefvo
758 529 68 23 dessa
843 536 70 20 varor,
929 529 62 28 långt

239 564 75 23 förrän
331 565 28 22 de
375 565 95 22 kommit
486 565 55 22 fram
557 566 29 21 till
597 565 223 28 destinationsorten,
832 564 159 24 konfiskerade

239 601 5 20 i
267 600 78 23 staden
371 601 83 28 Kajana
477 601 22 22 af
523 601 132 23 Stadsfiskal
681 603 21 21 F.
724 602 25 22 A.
773 602 112 28 Planting;
905 601 5 22 i
928 601 62 22 Mars

241 637 56 22 1875
321 637 118 22 bestämde
463 639 70 20 rätten
557 638 6 21 i
588 638 89 29 Kajana,
698 639 31 21 att
752 638 70 22 dessa
838 644 65 16 varor
919 637 72 22 skulle

239 673 76 28 säljas;
331 673 60 22 Vasa
408 673 90 23 Hofrätt
514 673 117 29 upphäfde
646 674 60 22 detta
717 674 81 29 utslag,
810 680 52 16 men
874 673 117 28 Magistra-

239 709 37 21 ten
293 709 5 21 i
316 709 83 28 Kajana
411 709 160 29 öfverklagade
582 710 133 22 Hofrättens
727 710 81 28 utslag,
820 709 67 23 hvarå
898 709 92 22 ärendet

239 744 111 23 hänsköts
375 745 29 22 till
429 745 97 23 Senaten
546 746 5 21 i
577 746 152 29 Helsingfors,
746 746 45 22 blef
808 745 39 23 där
863 745 106 29 liggande
985 745 5 21 i

239 780 69 29 några
328 781 36 22 års
384 781 31 22 tid
432 781 43 22 och
493 781 37 22 det
547 783 24 20 är
587 782 98 22 obekant
702 782 57 22 huru
778 782 69 22 saken
865 782 71 22 slutat.
968 782 22 27 2)

240 816 43 22 För
298 816 69 29 några
383 817 22 23 år
423 817 70 22 sedan
510 817 77 23 blefvo
603 818 60 22 invid
685 818 82 22 nämda
785 817 49 23 stad
852 817 83 29 Kajana
946 817 44 22 hos

238 852 94 22 bonden
356 853 102 28 Aksentij
482 853 109 29 Sergejeff
615 853 159 23 konfiskerade
794 855 14 20 2
835 853 47 29 pud
902 853 88 28 vaxljus

239 888 44 22 och
310 889 27 22 10
360 889 94 28 lispund
478 889 94 28 rökelse,
596 889 73 23 hvilka
691 890 44 22 han
755 889 65 23 förde
836 889 52 22 med
905 889 35 28 sig
956 889 35 22 för

238 924 97 28 kyrkans
352 925 5 21 i
374 925 46 28 byn
438 925 66 29 Uhty,
521 925 154 29 Arkangelska
688 927 192 27 guvernementet,
893 925 98 23 Kemska

239 960 97 27 häradet,
353 961 101 28 räkning.
485 961 109 28 Sergejeff
610 961 112 23 innehade
735 961 22 23 af
768 963 91 26 prästen
870 961 38 22 vid
920 961 71 28 sagda

238 996 69 28 kyrka
331 996 112 23 utfärdadt
464 997 68 28 intyg,
549 1004 51 15 men
618 997 37 23 det
671 998 92 22 oaktadt
780 997 75 22 blefvo
872 997 28 28 på
916 997 75 28 grund

237 1031 24 22 af
277 1033 161 28 Magistratens
459 1033 5 22 i
485 1033 83 28 Kajana
585 1033 74 23 beslut
676 1034 73 28 ljusen
766 1033 43 23 och
828 1033 102 22 rökelsen
947 1033 44 22 för-

239 1068 64 22 sålda
319 1069 13 21 å
347 1069 100 22 auktion.

309 1104 23 28 3)
356 1098 31 28 År
412 1106 56 21 1885
486 1105 76 22 anhöll
580 1105 112 22 Länsman
710 1105 131 22 Hillebrand
859 1105 4 22 i
881 1105 110 28 Rautjärvi

239 1140 85 22 socken
348 1141 84 22 tvenne
457 1141 94 28 bönder,
575 1148 51 15 som
650 1142 149 22 tillsammans
816 1143 59 20 reste
893 1141 48 22 från
961 1140 30 23 S:t

238 1175 137 30 Petersburg
399 1183 85 22 genom
510 1177 93 22 Finland
624 1177 29 22 till
671 1178 49 21 sina
736 1184 59 21 resp.
812 1177 118 27 hemorter,
946 1177 44 22 den

238 1218 42 15 ena
304 1212 29 21 till
355 1213 105 27 Juvalaks
484 1213 31 28 by
538 1213 6 22 i
569 1213 154 28 Arkangelska
744 1214 186 27 guvernementet
946 1212 44 23 och

238 1247 45 22 den
309 1247 69 23 andra
404 1249 30 21 till
462 1249 130 28 Kimasjärvi
619 1249 4 22 i
648 1249 128 23 Olonetzka
800 1250 192 27 guvernementet.

237 1283 82 28 Själfva
335 1283 76 24 blefvo
428 1284 29 23 de
473 1291 87 16 samma
576 1285 45 28 dag
636 1285 94 22 försatta
747 1285 29 28 på
791 1285 25 22 fri
833 1284 39 28 fot,
888 1291 52 16 men
950 1285 42 22 alla

237 1318 23 22 af
275 1319 51 22 dem
347 1320 122 22 medhafda
488 1320 92 23 effekter
599 1320 75 24 blefvo
694 1320 22 23 af
735 1321 149 22 länsmannen
902 1322 67 27 tagna
985 1320 6 22 i

237 1355 81 29 beslag
338 1356 44 22 och
404 1357 104 22 anmälda
524 1357 45 22 hos
587 1357 77 23 Rätten
682 1358 5 21 i
704 1357 176 22 Villmanstrand
899 1357 29 22 till
947 1356 44 23 för-

238 1391 97 29 säljning
355 1392 13 22 å
386 1393 100 27 auktion,
505 1393 93 22 hvarvid
615 1393 149 23 länsmannen
780 1393 76 22 anhöll
874 1399 38 16 om
928 1392 64 23 utbe-

237 1427 138 23 kommande
402 1429 22 22 af
451 1429 86 22 honom
565 1429 169 23 tillkommande
758 1429 73 22 andel.
871 1428 121 23 Bönderna
