1100 1745
284 128 27 19 52
478 127 29 22 U.
524 127 27 22 B.
568 140 27 3 —
613 128 74 28 Prop.
702 128 43 22 N:o
761 127 21 22 8.

325 191 117 23 Utskottet
464 193 59 21 hade
539 193 52 22 bort
607 193 87 22 skänka
710 193 43 22 full
769 193 201 29 uppmärksamhet
986 195 22 19 åt

254 227 76 22 denna
352 227 187 30 bansträckning,
560 236 48 14 som
624 232 31 25 på
670 229 77 29 grund
763 229 24 22 af
803 229 28 21 de
847 229 100 22 fördelar
963 229 45 21 den

253 262 107 29 erbjuder
380 263 62 22 inom
459 264 52 22 kort
526 267 94 27 tränger
637 265 36 28 sig
688 265 59 22 fram
763 265 34 22 till
813 265 193 28 förverkligande,

255 302 57 18 samt
327 299 106 22 fasthålla
448 300 121 29 principen
586 308 36 14 om
639 300 214 23 åstadkommandet
869 301 22 21 af
907 309 29 13 en
952 308 55 15 sam-

253 335 246 29 manbindningsbana.
534 336 55 22 Men
617 337 28 21 då
668 337 119 22 Utskottet
811 337 118 28 föreslagit
951 337 56 28 byg-

253 371 86 28 gandet
361 371 23 21 af
403 380 26 14 en
444 373 33 22 del
493 372 23 21 af
532 372 278 29 Suolahti—Suonenjoki
826 372 82 27 banan,
925 375 24 19 sä
967 373 41 21 har

255 406 39 22 det
308 407 85 22 lemnat
408 408 164 22 hufvudsaken
587 416 28 14 ur
631 408 59 22 sikte
706 409 51 26 och,
770 409 52 21 med
839 409 55 21 eller
909 411 47 19 mot
972 409 35 21 sin

253 441 62 30 vilja,
331 443 83 22 bundit
437 443 136 29 afgörandet
597 444 24 21 af
636 444 371 29 sammanbindningsbanefrägan

253 477 41 22 vid
317 479 81 28 frägan
417 487 36 14 om
473 479 134 29 byggandet
624 480 23 22 af
663 488 28 14 en
707 481 88 28 ganska
811 480 50 22 litet
877 480 130 29 betydande

253 513 106 30 banlinje.

327 551 88 22 Genom
442 551 40 22 sitt
508 552 87 29 förslag
621 559 36 15 om
683 552 127 22 bandelens
836 552 171 29 Suonenjoki—

253 586 133 22 Kurkilahti
409 587 202 30 färdigbyggande
637 591 74 19 säsom
736 588 71 22 sädan
831 588 41 21 har
888 588 118 22 Utskottet

253 622 69 29 gifvit
337 623 114 22 bandelen
471 631 57 22 rang
544 625 23 20 af
582 624 127 22 lokalbana.
741 625 55 21 Men
813 631 36 15 om
866 624 52 21 dess
934 627 72 19 renta-

253 657 75 23 bilitet
343 659 41 21 har
400 659 118 22 Utskottet
533 659 51 22 icke
599 660 86 22 lemnat
701 667 41 15 ens
758 663 73 26 några
847 663 29 26 pä
886 660 120 22 förmodan

253 694 120 28 grundade
395 695 174 29 upplysningar.
601 696 12 21 I
636 696 58 29 följd
717 697 66 21 häraf
802 696 65 22 torde
884 696 49 22 skäl
948 696 58 22 före-

252 729 63 30 ligga
339 733 31 19 att
394 731 107 28 päminna
517 739 36 14 om
569 732 62 21 hvad
647 732 230 29 Järnvägsutskottet
892 732 40 22 vid
949 735 57 20 1894

253 768 36 19 års
315 766 110 29 landtdag
449 767 8 22 i
480 767 40 22 sitt
545 767 143 22 betänkande
710 768 103 22 uttalade
836 768 8 21 i
868 768 81 29 frågan
970 775 36 15 om

252 801 136 30 byggandet
404 803 23 21 af
442 811 29 13 en
488 803 28 22 dä
531 803 130 29 föreslagen
677 804 60 21 bana
752 804 53 21 frän
821 803 141 30 Suonenjoki
972 804 34 21 till

252 837 85 29 Kuhjo,
365 841 32 19 ett
423 839 132 29 banförslag
581 847 48 14 som
657 839 91 22 hberöres
773 840 70 21 äfven
866 840 8 21 i
897 847 32 14 nu
949 840 57 21 före-

252 873 109 29 liggande
395 874 150 23 betänkande.
591 875 118 22 Utskottet
739 875 103 30 yttrade:
880 875 126 28 bandelen

254 909 250 30 Suonenjoki—Kuhjo
521 911 40 21 har
577 911 50 22 icke
643 914 71 26 något
730 914 74 19 större
817 911 72 22 lokalt
899 911 106 22 trafikbe-

252 945 42 21 hof
318 948 32 19 att
373 945 128 30 tillgodose,
525 950 54 18 enär
603 947 81 22 endast
707 947 29 22 de
759 947 101 22 centrala
876 947 92 22 delarna
983 947 23 22 af

251 980 146 30 Rautalampi
413 982 109 22 kommun
538 983 89 21 komme
644 985 31 20 att
691 983 8 21 i
716 983 83 22 sädant
814 983 108 21 afseende
937 983 69 28 draga

252 1019 67 26 nytta
334 1017 23 21 af
372 1017 83 22 banan.
486 1019 52 21 Den
554 1019 92 26 rörelse,
663 1026 47 15 som
727 1019 80 21 kunde
823 1019 97 21 tillföras
931 1019 75 21 denna

249 1052 100 29 jernväg
371 1053 51 22 frän
446 1054 116 22 trakterna
586 1055 106 28 omkring
716 1055 144 21 sistnämnda
883 1057 39 19 tvä
947 1054 59 29 sjöar

252 1088 99 28 (Keitele
375 1089 42 22 och
443 1089 151 29 Konnevesi),
619 1091 42 25 får,
683 1091 74 28 enligt
781 1090 130 22 Utskottets
931 1091 74 25 tanke,

251 1123 52 22 icke
327 1125 85 22 skattas
431 1126 149 28 synnerligen
597 1127 64 28 högt.
692 1127 70 21 Säväl
779 1126 106 29 sydöstra
901 1126 67 21 delen
983 1127 23 20 af

251 1159 90 22 Keitele
355 1167 49 15 som
415 1161 134 22 Konnevesi
560 1162 113 29 omgifvas
682 1163 23 21 af
712 1162 89 29 ganska
810 1166 67 25 svagt
885 1162 120 21 befolkade

251 1195 93 27 trakter,
369 1197 156 22 hvarförutom
549 1198 99 21 trafiken
665 1198 51 22 frän
737 1197 138 22 landsdelen
893 1201 61 18 öster
970 1205 36 14 om

250 1231 136 22 Konnevesi
404 1233 52 21 med
477 1236 72 19 större
567 1234 75 21 fördel
658 1234 44 21 kan
718 1234 113 28 antingen
848 1233 87 22 direkte
952 1234 54 21 eller

251 1267 67 22 öfver
333 1268 113 21 Niinivesi
458 1269 103 28 uppsöka
572 1269 111 22 Savolaks
693 1270 99 21 banan.*
819 1269 69 22 Detta
898 1270 108 28 yttrande

251 1305 25 18 är
299 1305 62 19 ännu
381 1304 8 20 i
410 1304 45 28 dag
476 1305 37 21 väl
532 1305 123 28 grundadt,
673 1306 28 20 då
716 1306 84 28 frågan
817 1305 72 28 gäller
904 1305 101 21 Suonen-

248 1337 214 29 joki—Kurkilahti
477 1340 8 21 i
501 1348 84 14 samma
601 1340 103 30 riktning
719 1341 92 29 gående
828 1340 90 23 bandel.

323 1375 46 21 Det
393 1383 70 21 synes
487 1377 87 28 ganska
597 1377 95 28 möjligt,
712 1380 33 19 att
763 1377 76 21 denna
855 1377 59 21 bana
929 1377 77 21 blefve

250 1410 203 30 hufvudsakligast
477 1419 28 14 en
529 1413 163 26 sommarbana,
716 1413 37 22 för
775 1413 70 21 hvars
867 1412 139 22 rentabilitet

251 1448 32 19 ett
306 1449 24 18 så
353 1454 53 21 pass
429 1447 51 22 litet
501 1449 171 21 vattenområde
691 1456 49 15 som
757 1448 136 22 Konnevesi
909 1451 31 23 är,
956 1448 50 21 icke

321 1499 188 24 Järnvägsutskottets
521 1501 108 19 betänkande
641 1502 35 18 N:o
689 1504 14 16 1.
