<?xml version="1.0" encoding="UTF-8"?>
<alto xmlns="http://www.loc.gov/standards/alto/ns-v3#" xmlns:xlink="http://www.w3.org/1999/xlink" xmlns:xsi="http://www.w3.org/2001/XMLSchema-instance" xsi:schemaLocation="http://www.loc.gov/standards/alto/ns-v3# http://www.loc.gov/alto/v3/alto-3-0.xsd">
	<Description>
		<MeasurementUnit>pixel</MeasurementUnit>
		<sourceImageInformation>
			<fileName>/tmp/tess_qipy5q0u_input.PNG</fileName>
		</sourceImageInformation>
		<OCRProcessing ID="OCR_0">
			<ocrProcessingStep>
				<processingSoftware>
					<softwareName>tesseract 5.3.4</softwareName>
				</processingSoftware>
			</ocrProcessingStep>
		</OCRProcessing>
	</Description>
	<Layout>
		<Page WIDTH="1103" HEIGHT="1795" PHYSICAL_IMG_NR="0" ID="page_0">
			<PrintSpace HPOS="0" VPOS="0" WIDTH="1103" HEIGHT="1795">
				<ComposedBlock ID="cblock_0" HPOS="279" VPOS="147" WIDTH="485" HEIGHT="28">
					<TextBlock ID="block_0" HPOS="279" VPOS="147" WIDTH="485" HEIGHT="28">
						<TextLine ID="line_0" HPOS="279" VPOS="147" WIDTH="485" HEIGHT="28">
							<String ID="string_0" HPOS="279" VPOS="149" WIDTH="28" HEIGHT="18" WC="0.96" CONTENT="94"/><SP WIDTH="175" VPOS="149" HPOS="307"/>
							<String ID="string_1" HPOS="482" VPOS="147" WIDTH="22" HEIGHT="22" WC="0.92" CONTENT="U."/><SP WIDTH="18" VPOS="147" HPOS="504"/>
							<String ID="string_2" HPOS="522" VPOS="147" WIDTH="22" HEIGHT="22" WC="0.91" CONTENT="B."/><SP WIDTH="18" VPOS="147" HPOS="544"/>
							<String ID="string_3" HPOS="562" VPOS="160" WIDTH="26" HEIGHT="2" WC="0.93" CONTENT="—"/><SP WIDTH="19" VPOS="160" HPOS="588"/>
							<String ID="string_4" HPOS="607" VPOS="147" WIDTH="64" HEIGHT="28" WC="0.96" CONTENT="Prop."/><SP WIDTH="17" VPOS="147" HPOS="671"/>
							<String ID="string_5" HPOS="688" VPOS="147" WIDTH="38" HEIGHT="23" WC="0.95" CONTENT="N:o"/><SP WIDTH="18" VPOS="147" HPOS="726"/>
							<String ID="string_6" HPOS="744" VPOS="148" WIDTH="20" HEIGHT="21" WC="0.80" CONTENT="II."/>
						</TextLine>
					</TextBlock>
				</ComposedBlock>
				<ComposedBlock ID="cblock_1" HPOS="249" VPOS="213" WIDTH="751" HEIGHT="386">
					<TextBlock ID="block_1" HPOS="592" VPOS="213" WIDTH="64" HEIGHT="28">
						<TextLine ID="line_1" HPOS="592" VPOS="213" WIDTH="64" HEIGHT="28">
							<String ID="string_7" HPOS="592" VPOS="215" WIDTH="26" HEIGHT="19" WC="0.88" CONTENT="12"/><SP WIDTH="17" VPOS="215" HPOS="618"/>
							<String ID="string_8" HPOS="635" VPOS="213" WIDTH="21" HEIGHT="28" WC="0.75" CONTENT="8."/>
						</TextLine>
					</TextBlock>
					<TextBlock ID="block_2" HPOS="249" VPOS="253" WIDTH="751" HEIGHT="102">
						<TextLine ID="line_2" HPOS="321" VPOS="253" WIDTH="678" HEIGHT="30">
							<String ID="string_9" HPOS="321" VPOS="253" WIDTH="162" HEIGHT="23" WC="0.91" CONTENT="Guvernörens"/><SP WIDTH="23" VPOS="253" HPOS="483"/>
							<String ID="string_10" HPOS="506" VPOS="254" WIDTH="81" HEIGHT="29" WC="0.96" CONTENT="utslag"/><SP WIDTH="19" VPOS="254" HPOS="587"/>
							<String ID="string_11" HPOS="606" VPOS="255" WIDTH="8" HEIGHT="21" WC="0.96" CONTENT="i"/><SP WIDTH="16" VPOS="255" HPOS="614"/>
							<String ID="string_12" HPOS="630" VPOS="254" WIDTH="67" HEIGHT="29" WC="0.96" CONTENT="fråga"/><SP WIDTH="17" VPOS="254" HPOS="697"/>
							<String ID="string_13" HPOS="714" VPOS="254" WIDTH="98" HEIGHT="23" WC="0.93" CONTENT="rörande"/><SP WIDTH="17" VPOS="254" HPOS="812"/>
							<String ID="string_14" HPOS="829" VPOS="253" WIDTH="110" HEIGHT="30" WC="0.90" CONTENT="vallängd"/><SP WIDTH="17" VPOS="253" HPOS="939"/>
							<String ID="string_15" HPOS="956" VPOS="253" WIDTH="43" HEIGHT="23" WC="0.90" CONTENT="till-"/>
						</TextLine>
						<TextLine ID="line_3" HPOS="249" VPOS="288" WIDTH="751" HEIGHT="31">
							<String ID="string_16" HPOS="249" VPOS="288" WIDTH="86" HEIGHT="23" WC="0.96" CONTENT="sändes"/><SP WIDTH="17" VPOS="288" HPOS="335"/>
							<String ID="string_17" HPOS="352" VPOS="289" WIDTH="166" HEIGHT="28" WC="0.96" CONTENT="valnämnden,"/><SP WIDTH="17" VPOS="289" HPOS="518"/>
							<String ID="string_18" HPOS="535" VPOS="296" WIDTH="50" HEIGHT="16" WC="0.96" CONTENT="som"/><SP WIDTH="16" VPOS="296" HPOS="585"/>
							<String ID="string_19" HPOS="601" VPOS="290" WIDTH="60" HEIGHT="22" WC="0.92" CONTENT="låter"/><SP WIDTH="16" VPOS="290" HPOS="661"/>
							<String ID="string_20" HPOS="677" VPOS="290" WIDTH="108" HEIGHT="29" WC="0.92" CONTENT="kungöra"/><SP WIDTH="12" VPOS="290" HPOS="785"/>
							<String ID="string_21" HPOS="797" VPOS="290" WIDTH="104" HEIGHT="29" WC="0.96" CONTENT="utslaget"/><SP WIDTH="11" VPOS="290" HPOS="901"/>
							<String ID="string_22" HPOS="912" VPOS="289" WIDTH="43" HEIGHT="23" WC="0.96" CONTENT="och"/><SP WIDTH="11" VPOS="289" HPOS="955"/>
							<String ID="string_23" HPOS="966" VPOS="289" WIDTH="34" HEIGHT="22" WC="0.96" CONTENT="till"/>
						</TextLine>
						<TextLine ID="line_4" HPOS="249" VPOS="325" WIDTH="750" HEIGHT="30">
							<String ID="string_24" HPOS="249" VPOS="327" WIDTH="145" HEIGHT="26" WC="0.93" CONTENT="guvernören"/><SP WIDTH="21" VPOS="327" HPOS="394"/>
							<String ID="string_25" HPOS="415" VPOS="325" WIDTH="112" HEIGHT="23" WC="0.92" CONTENT="insänder"/><SP WIDTH="17" VPOS="325" HPOS="527"/>
							<String ID="string_26" HPOS="544" VPOS="325" WIDTH="65" HEIGHT="23" WC="0.96" CONTENT="bevis"/><SP WIDTH="17" VPOS="325" HPOS="609"/>
							<String ID="string_27" HPOS="626" VPOS="332" WIDTH="37" HEIGHT="16" WC="0.96" CONTENT="om"/><SP WIDTH="17" VPOS="332" HPOS="663"/>
							<String ID="string_28" HPOS="680" VPOS="325" WIDTH="85" HEIGHT="30" WC="0.96" CONTENT="dagen,"/><SP WIDTH="17" VPOS="325" HPOS="765"/>
							<String ID="string_29" HPOS="782" VPOS="325" WIDTH="30" HEIGHT="23" WC="0.96" CONTENT="då"/><SP WIDTH="16" VPOS="325" HPOS="812"/>
							<String ID="string_30" HPOS="828" VPOS="325" WIDTH="85" HEIGHT="23" WC="0.96" CONTENT="sådant"/><SP WIDTH="16" VPOS="325" HPOS="913"/>
							<String ID="string_31" HPOS="929" VPOS="325" WIDTH="70" HEIGHT="22" WC="0.96" CONTENT="skett."/>
						</TextLine>
					</TextBlock>
					<TextBlock ID="block_3" HPOS="249" VPOS="360" WIDTH="751" HEIGHT="137">
						<TextLine ID="line_5" HPOS="321" VPOS="360" WIDTH="679" HEIGHT="30">
							<String ID="string_32" HPOS="321" VPOS="360" WIDTH="43" HEIGHT="23" WC="0.96" CONTENT="Om"/><SP WIDTH="16" VPOS="360" HPOS="364"/>
							<String ID="string_33" HPOS="380" VPOS="361" WIDTH="104" HEIGHT="29" WC="0.96" CONTENT="utslaget"/><SP WIDTH="16" VPOS="361" HPOS="484"/>
							<String ID="string_34" HPOS="500" VPOS="361" WIDTH="41" HEIGHT="23" WC="0.96" CONTENT="bör"/><SP WIDTH="16" VPOS="361" HPOS="541"/>
							<String ID="string_35" HPOS="557" VPOS="361" WIDTH="120" HEIGHT="23" WC="0.96" CONTENT="nämnden"/><SP WIDTH="17" VPOS="361" HPOS="677"/>
							<String ID="string_36" HPOS="694" VPOS="362" WIDTH="138" HEIGHT="22" WC="0.96" CONTENT="underrätta"/><SP WIDTH="16" VPOS="362" HPOS="832"/>
							<String ID="string_37" HPOS="848" VPOS="361" WIDTH="60" HEIGHT="28" WC="0.96" CONTENT="dem,"/><SP WIDTH="12" VPOS="361" HPOS="908"/>
							<String ID="string_38" HPOS="920" VPOS="361" WIDTH="80" HEIGHT="22" WC="0.96" CONTENT="hvilka"/>
						</TextLine>
						<TextLine ID="line_6" HPOS="249" VPOS="396" WIDTH="751" HEIGHT="31">
							<String ID="string_39" HPOS="249" VPOS="396" WIDTH="103" HEIGHT="29" WC="0.96" CONTENT="utslaget"/><SP WIDTH="15" VPOS="396" HPOS="352"/>
							<String ID="string_40" HPOS="367" VPOS="397" WIDTH="52" HEIGHT="28" WC="0.96" CONTENT="gått"/><SP WIDTH="17" VPOS="397" HPOS="419"/>
							<String ID="string_41" HPOS="436" VPOS="399" WIDTH="68" HEIGHT="25" WC="0.96" CONTENT="emot,"/><SP WIDTH="12" VPOS="399" HPOS="504"/>
							<String ID="string_42" HPOS="516" VPOS="404" WIDTH="86" HEIGHT="21" WC="0.92" CONTENT="genom"/><SP WIDTH="13" VPOS="404" HPOS="602"/>
							<String ID="string_43" HPOS="615" VPOS="397" WIDTH="238" HEIGHT="30" WC="0.91" CONTENT="tillkännagifvande,"/><SP WIDTH="12" VPOS="397" HPOS="853"/>
							<String ID="string_44" HPOS="865" VPOS="404" WIDTH="49" HEIGHT="16" WC="0.96" CONTENT="som"/><SP WIDTH="12" VPOS="404" HPOS="914"/>
							<String ID="string_45" HPOS="926" VPOS="397" WIDTH="74" HEIGHT="22" WC="0.96" CONTENT="under"/>
						</TextLine>
						<TextLine ID="line_7" HPOS="249" VPOS="432" WIDTH="750" HEIGHT="29">
							<String ID="string_46" HPOS="249" VPOS="432" WIDTH="92" HEIGHT="28" WC="0.96" CONTENT="omslag"/><SP WIDTH="16" VPOS="432" HPOS="341"/>
							<String ID="string_47" HPOS="357" VPOS="432" WIDTH="54" HEIGHT="22" WC="0.93" CONTENT="med"/><SP WIDTH="16" VPOS="432" HPOS="411"/>
							<String ID="string_48" HPOS="427" VPOS="434" WIDTH="176" HEIGHT="27" WC="0.90" CONTENT="emottagarens"/><SP WIDTH="17" VPOS="434" HPOS="603"/>
							<String ID="string_49" HPOS="620" VPOS="440" WIDTH="73" HEIGHT="15" WC="0.96" CONTENT="namn"/><SP WIDTH="17" VPOS="440" HPOS="693"/>
							<String ID="string_50" HPOS="710" VPOS="433" WIDTH="44" HEIGHT="22" WC="0.93" CONTENT="och"/><SP WIDTH="18" VPOS="433" HPOS="754"/>
							<String ID="string_51" HPOS="772" VPOS="433" WIDTH="135" HEIGHT="28" WC="0.91" CONTENT="boningsort"/><SP WIDTH="11" VPOS="433" HPOS="907"/>
							<String ID="string_52" HPOS="918" VPOS="432" WIDTH="81" HEIGHT="23" WC="0.92" CONTENT="inläm-"/>
						</TextLine>
						<TextLine ID="line_8" HPOS="249" VPOS="467" WIDTH="296" HEIGHT="30">
							<String ID="string_53" HPOS="249" VPOS="473" WIDTH="44" HEIGHT="16" WC="0.96" CONTENT="nas"/><SP WIDTH="16" VPOS="473" HPOS="293"/>
							<String ID="string_54" HPOS="309" VPOS="467" WIDTH="35" HEIGHT="23" WC="0.96" CONTENT="till"/><SP WIDTH="16" VPOS="467" HPOS="344"/>
							<String ID="string_55" HPOS="360" VPOS="468" WIDTH="185" HEIGHT="29" WC="0.96" CONTENT="postbefordran."/>
						</TextLine>
					</TextBlock>
					<TextBlock ID="block_4" HPOS="249" VPOS="503" WIDTH="751" HEIGHT="96">
						<TextLine ID="line_9" HPOS="321" VPOS="503" WIDTH="679" HEIGHT="31">
							<String ID="string_56" HPOS="321" VPOS="503" WIDTH="109" HEIGHT="30" WC="0.89" CONTENT="Utslaget"/><SP WIDTH="23" VPOS="503" HPOS="430"/>
							<String ID="string_57" HPOS="453" VPOS="504" WIDTH="61" HEIGHT="22" WC="0.96" CONTENT="skall"/><SP WIDTH="16" VPOS="504" HPOS="514"/>
							<String ID="string_58" HPOS="530" VPOS="504" WIDTH="75" HEIGHT="23" WC="0.96" CONTENT="under"/><SP WIDTH="16" VPOS="504" HPOS="605"/>
							<String ID="string_59" HPOS="621" VPOS="505" WIDTH="37" HEIGHT="29" WC="0.96" CONTENT="sju"/><SP WIDTH="17" VPOS="505" HPOS="658"/>
							<String ID="string_60" HPOS="675" VPOS="505" WIDTH="75" HEIGHT="29" WC="0.96" CONTENT="dagar"/><SP WIDTH="17" VPOS="505" HPOS="750"/>
							<String ID="string_61" HPOS="767" VPOS="505" WIDTH="52" HEIGHT="22" WC="0.93" CONTENT="från"/><SP WIDTH="17" VPOS="505" HPOS="819"/>
							<String ID="string_62" HPOS="836" VPOS="504" WIDTH="164" HEIGHT="29" WC="0.92" CONTENT="kungörandet"/>
						</TextLine>
						<TextLine ID="line_10" HPOS="249" VPOS="539" WIDTH="751" HEIGHT="30">
							<String ID="string_63" HPOS="249" VPOS="539" WIDTH="65" HEIGHT="29" WC="0.96" CONTENT="ligga"/><SP WIDTH="16" VPOS="539" HPOS="314"/>
							<String ID="string_64" HPOS="330" VPOS="539" WIDTH="25" HEIGHT="22" WC="0.96" CONTENT="till"/><SP WIDTH="26" VPOS="539" HPOS="355"/>
							<String ID="string_65" HPOS="381" VPOS="540" WIDTH="115" HEIGHT="29" WC="0.96" CONTENT="påseende"/><SP WIDTH="16" VPOS="540" HPOS="496"/>
							<String ID="string_66" HPOS="512" VPOS="541" WIDTH="8" HEIGHT="21" WC="0.96" CONTENT="i"/><SP WIDTH="17" VPOS="541" HPOS="520"/>
							<String ID="string_67" HPOS="537" VPOS="540" WIDTH="52" HEIGHT="23" WC="0.96" CONTENT="stad"/><SP WIDTH="15" VPOS="540" HPOS="589"/>
							<String ID="string_68" HPOS="604" VPOS="540" WIDTH="42" HEIGHT="23" WC="0.96" CONTENT="hos"/><SP WIDTH="12" VPOS="540" HPOS="646"/>
							<String ID="string_69" HPOS="658" VPOS="541" WIDTH="154" HEIGHT="28" WC="0.96" CONTENT="magistraten"/><SP WIDTH="14" VPOS="541" HPOS="812"/>
							<String ID="string_70" HPOS="826" VPOS="540" WIDTH="43" HEIGHT="23" WC="0.96" CONTENT="och"/><SP WIDTH="11" VPOS="540" HPOS="869"/>
							<String ID="string_71" HPOS="880" VPOS="541" WIDTH="29" HEIGHT="28" WC="0.96" CONTENT="på"/><SP WIDTH="12" VPOS="541" HPOS="909"/>
							<String ID="string_72" HPOS="921" VPOS="540" WIDTH="79" HEIGHT="23" WC="0.96" CONTENT="landet"/>
						</TextLine>
						<TextLine ID="line_11" HPOS="249" VPOS="575" WIDTH="393" HEIGHT="24">
							<String ID="string_73" HPOS="249" VPOS="575" WIDTH="42" HEIGHT="22" WC="0.93" CONTENT="hos"/><SP WIDTH="17" VPOS="575" HPOS="291"/>
							<String ID="string_74" HPOS="308" VPOS="575" WIDTH="172" HEIGHT="23" WC="0.88" CONTENT="valnämndens"/><SP WIDTH="16" VPOS="575" HPOS="480"/>
							<String ID="string_75" HPOS="496" VPOS="576" WIDTH="146" HEIGHT="23" WC="0.96" CONTENT="ordförande."/>
						</TextLine>
					</TextBlock>
				</ComposedBlock>
				<ComposedBlock ID="cblock_2" HPOS="246" VPOS="643" WIDTH="753" HEIGHT="434">
					<TextBlock ID="block_5" HPOS="594" VPOS="643" WIDTH="62" HEIGHT="28">
						<TextLine ID="line_12" HPOS="594" VPOS="643" WIDTH="62" HEIGHT="28">
							<String ID="string_76" HPOS="594" VPOS="645" WIDTH="25" HEIGHT="20" WC="0.93" CONTENT="13"/><SP WIDTH="17" VPOS="645" HPOS="619"/>
							<String ID="string_77" HPOS="636" VPOS="643" WIDTH="20" HEIGHT="28" WC="0.90" CONTENT="8."/>
						</TextLine>
					</TextBlock>
					<TextBlock ID="block_6" HPOS="249" VPOS="689" WIDTH="750" HEIGHT="138">
						<TextLine ID="line_13" HPOS="321" VPOS="689" WIDTH="678" HEIGHT="30">
							<String ID="string_78" HPOS="321" VPOS="689" WIDTH="36" HEIGHT="22" WC="0.96" CONTENT="Vill"/><SP WIDTH="26" VPOS="689" HPOS="357"/>
							<String ID="string_79" HPOS="383" VPOS="689" WIDTH="78" HEIGHT="30" WC="0.96" CONTENT="någon"/><SP WIDTH="15" VPOS="689" HPOS="461"/>
							<String ID="string_80" HPOS="476" VPOS="690" WIDTH="57" HEIGHT="22" WC="0.96" CONTENT="söka"/><SP WIDTH="12" VPOS="690" HPOS="533"/>
							<String ID="string_81" HPOS="545" VPOS="690" WIDTH="101" HEIGHT="29" WC="0.96" CONTENT="ändring"/><SP WIDTH="11" VPOS="690" HPOS="646"/>
							<String ID="string_82" HPOS="657" VPOS="691" WIDTH="8" HEIGHT="21" WC="0.96" CONTENT="i"/><SP WIDTH="11" VPOS="691" HPOS="665"/>
							<String ID="string_83" HPOS="676" VPOS="692" WIDTH="160" HEIGHT="27" WC="0.96" CONTENT="guvernörens"/><SP WIDTH="12" VPOS="692" HPOS="836"/>
							<String ID="string_84" HPOS="848" VPOS="691" WIDTH="85" HEIGHT="28" WC="0.96" CONTENT="utslag,"/><SP WIDTH="12" VPOS="691" HPOS="933"/>
							<String ID="string_85" HPOS="945" VPOS="692" WIDTH="54" HEIGHT="27" WC="0.96" CONTENT="göre"/>
						</TextLine>
						<TextLine ID="line_14" HPOS="249" VPOS="724" WIDTH="750" HEIGHT="31">
							<String ID="string_86" HPOS="249" VPOS="724" WIDTH="40" HEIGHT="23" WC="0.96" CONTENT="det"/><SP WIDTH="16" VPOS="724" HPOS="289"/>
							<String ID="string_87" HPOS="305" VPOS="732" WIDTH="85" HEIGHT="22" WC="0.91" CONTENT="genom"/><SP WIDTH="17" VPOS="732" HPOS="390"/>
							<String ID="string_88" HPOS="407" VPOS="725" WIDTH="162" HEIGHT="30" WC="0.91" CONTENT="underdåniga"/><SP WIDTH="18" VPOS="725" HPOS="569"/>
							<String ID="string_89" HPOS="587" VPOS="726" WIDTH="88" HEIGHT="28" WC="0.96" CONTENT="besvär,"/><SP WIDTH="17" VPOS="726" HPOS="675"/>
							<String ID="string_90" HPOS="692" VPOS="726" WIDTH="82" HEIGHT="23" WC="0.93" CONTENT="hvilka"/><SP WIDTH="16" VPOS="726" HPOS="774"/>
							<String ID="string_91" HPOS="790" VPOS="726" WIDTH="103" HEIGHT="29" WC="0.92" CONTENT="ingifvas"/><SP WIDTH="17" VPOS="726" HPOS="893"/>
							<String ID="string_92" HPOS="910" VPOS="726" WIDTH="33" HEIGHT="23" WC="0.93" CONTENT="till"/><SP WIDTH="16" VPOS="726" HPOS="943"/>
							<String ID="string_93" HPOS="959" VPOS="733" WIDTH="40" HEIGHT="22" WC="0.93" CONTENT="gu-"/>
						</TextLine>
						<TextLine ID="line_15" HPOS="249" VPOS="761" WIDTH="750" HEIGHT="30">
							<String ID="string_94" HPOS="249" VPOS="762" WIDTH="113" HEIGHT="21" WC="0.91" CONTENT="vernören"/><SP WIDTH="25" VPOS="762" HPOS="362"/>
							<String ID="string_95" HPOS="387" VPOS="763" WIDTH="81" HEIGHT="21" WC="0.96" CONTENT="senast"/><SP WIDTH="22" VPOS="763" HPOS="468"/>
							<String ID="string_96" HPOS="490" VPOS="761" WIDTH="48" HEIGHT="23" WC="0.96" CONTENT="före"/><SP WIDTH="24" VPOS="761" HPOS="538"/>
							<String ID="string_97" HPOS="562" VPOS="761" WIDTH="103" HEIGHT="23" WC="0.90" CONTENT="klockan"/><SP WIDTH="24" VPOS="761" HPOS="665"/>
							<String ID="string_98" HPOS="689" VPOS="762" WIDTH="42" HEIGHT="23" WC="0.90" CONTENT="tolf"/><SP WIDTH="23" VPOS="762" HPOS="731"/>
							<String ID="string_99" HPOS="754" VPOS="762" WIDTH="14" HEIGHT="22" WC="0.90" CONTENT="å"/><SP WIDTH="20" VPOS="762" HPOS="768"/>
							<String ID="string_100" HPOS="788" VPOS="761" WIDTH="116" HEIGHT="30" WC="0.96" CONTENT="fjortonde"/><SP WIDTH="18" VPOS="761" HPOS="904"/>
							<String ID="string_101" HPOS="922" VPOS="762" WIDTH="77" HEIGHT="29" WC="0.96" CONTENT="dagen"/>
						</TextLine>
						<TextLine ID="line_16" HPOS="250" VPOS="796" WIDTH="400" HEIGHT="31">
							<String ID="string_102" HPOS="250" VPOS="796" WIDTH="59" HEIGHT="23" WC="0.96" CONTENT="efter"/><SP WIDTH="15" VPOS="796" HPOS="309"/>
							<String ID="string_103" HPOS="324" VPOS="797" WIDTH="39" HEIGHT="22" WC="0.96" CONTENT="det"/><SP WIDTH="15" VPOS="797" HPOS="363"/>
							<String ID="string_104" HPOS="378" VPOS="797" WIDTH="105" HEIGHT="29" WC="0.93" CONTENT="utslaget"/><SP WIDTH="16" VPOS="797" HPOS="483"/>
							<String ID="string_105" HPOS="499" VPOS="797" WIDTH="151" HEIGHT="30" WC="0.91" CONTENT="kungjordes."/>
						</TextLine>
					</TextBlock>
					<TextBlock ID="block_7" HPOS="246" VPOS="833" WIDTH="753" HEIGHT="173">
						<TextLine ID="line_17" HPOS="321" VPOS="833" WIDTH="677" HEIGHT="30">
							<String ID="string_106" HPOS="321" VPOS="833" WIDTH="76" HEIGHT="22" WC="0.92" CONTENT="Hafva"/><SP WIDTH="17" VPOS="833" HPOS="397"/>
							<String ID="string_107" HPOS="414" VPOS="833" WIDTH="84" HEIGHT="22" WC="0.96" CONTENT="besvär"/><SP WIDTH="16" VPOS="833" HPOS="498"/>
							<String ID="string_108" HPOS="514" VPOS="833" WIDTH="132" HEIGHT="28" WC="0.93" CONTENT="inkommit,"/><SP WIDTH="17" VPOS="833" HPOS="646"/>
							<String ID="string_109" HPOS="663" VPOS="834" WIDTH="99" HEIGHT="22" WC="0.92" CONTENT="insände"/><SP WIDTH="17" VPOS="834" HPOS="762"/>
							<String ID="string_110" HPOS="779" VPOS="835" WIDTH="147" HEIGHT="28" WC="0.96" CONTENT="guvernören"/><SP WIDTH="11" VPOS="835" HPOS="926"/>
							<String ID="string_111" HPOS="937" VPOS="833" WIDTH="61" HEIGHT="28" WC="0.96" CONTENT="dem,"/>
						</TextLine>
						<TextLine ID="line_18" HPOS="246" VPOS="868" WIDTH="752" HEIGHT="30">
							<String ID="string_112" HPOS="246" VPOS="869" WIDTH="76" HEIGHT="28" WC="0.93" CONTENT="jämte"/><SP WIDTH="25" VPOS="869" HPOS="322"/>
							<String ID="string_113" HPOS="347" VPOS="868" WIDTH="94" HEIGHT="23" WC="0.90" CONTENT="afskrift"/><SP WIDTH="23" VPOS="868" HPOS="441"/>
							<String ID="string_114" HPOS="464" VPOS="869" WIDTH="23" HEIGHT="22" WC="0.96" CONTENT="af"/><SP WIDTH="15" VPOS="869" HPOS="487"/>
							<String ID="string_115" HPOS="502" VPOS="869" WIDTH="104" HEIGHT="29" WC="0.96" CONTENT="utslaget"/><SP WIDTH="16" VPOS="869" HPOS="606"/>
							<String ID="string_116" HPOS="622" VPOS="869" WIDTH="43" HEIGHT="22" WC="0.96" CONTENT="och"/><SP WIDTH="16" VPOS="869" HPOS="665"/>
							<String ID="string_117" HPOS="681" VPOS="869" WIDTH="175" HEIGHT="29" WC="0.96" CONTENT="handlingarna"/><SP WIDTH="16" VPOS="869" HPOS="856"/>
							<String ID="string_118" HPOS="872" VPOS="870" WIDTH="7" HEIGHT="21" WC="0.96" CONTENT="i"/><SP WIDTH="16" VPOS="870" HPOS="879"/>
							<String ID="string_119" HPOS="895" VPOS="869" WIDTH="103" HEIGHT="26" WC="0.96" CONTENT="ärendet,"/>
						</TextLine>
						<TextLine ID="line_19" HPOS="249" VPOS="904" WIDTH="750" HEIGHT="30">
							<String ID="string_120" HPOS="249" VPOS="905" WIDTH="86" HEIGHT="27" WC="0.96" CONTENT="genast"/><SP WIDTH="23" VPOS="905" HPOS="335"/>
							<String ID="string_121" HPOS="358" VPOS="904" WIDTH="59" HEIGHT="23" WC="0.96" CONTENT="efter"/><SP WIDTH="23" VPOS="904" HPOS="417"/>
							<String ID="string_122" HPOS="440" VPOS="904" WIDTH="103" HEIGHT="22" WC="0.95" CONTENT="nämnda"/><SP WIDTH="24" VPOS="904" HPOS="543"/>
							<String ID="string_123" HPOS="567" VPOS="904" WIDTH="45" HEIGHT="23" WC="0.95" CONTENT="tids"/><SP WIDTH="24" VPOS="904" HPOS="612"/>
							<String ID="string_124" HPOS="636" VPOS="905" WIDTH="91" HEIGHT="29" WC="0.94" CONTENT="utgång"/><SP WIDTH="23" VPOS="905" HPOS="727"/>
							<String ID="string_125" HPOS="750" VPOS="905" WIDTH="35" HEIGHT="22" WC="0.94" CONTENT="till"/><SP WIDTH="23" VPOS="905" HPOS="785"/>
							<String ID="string_126" HPOS="808" VPOS="904" WIDTH="91" HEIGHT="23" WC="0.96" CONTENT="landets"/><SP WIDTH="17" VPOS="904" HPOS="899"/>
							<String ID="string_127" HPOS="916" VPOS="905" WIDTH="83" HEIGHT="29" WC="0.92" CONTENT="högsta"/>
						</TextLine>
						<TextLine ID="line_20" HPOS="246" VPOS="939" WIDTH="753" HEIGHT="30">
							<String ID="string_128" HPOS="246" VPOS="939" WIDTH="122" HEIGHT="29" WC="0.91" CONTENT="judiciella"/><SP WIDTH="16" VPOS="939" HPOS="368"/>
							<String ID="string_129" HPOS="384" VPOS="940" WIDTH="148" HEIGHT="29" WC="0.96" CONTENT="myndighet;"/><SP WIDTH="18" VPOS="940" HPOS="532"/>
							<String ID="string_130" HPOS="550" VPOS="947" WIDTH="53" HEIGHT="16" WC="0.96" CONTENT="men"/><SP WIDTH="16" VPOS="947" HPOS="603"/>
							<String ID="string_131" HPOS="619" VPOS="941" WIDTH="8" HEIGHT="22" WC="0.96" CONTENT="i"/><SP WIDTH="16" VPOS="941" HPOS="627"/>
							<String ID="string_132" HPOS="643" VPOS="942" WIDTH="97" HEIGHT="21" WC="0.96" CONTENT="motsatt"/><SP WIDTH="16" VPOS="942" HPOS="740"/>
							<String ID="string_133" HPOS="756" VPOS="940" WIDTH="41" HEIGHT="22" WC="0.93" CONTENT="fall"/><SP WIDTH="14" VPOS="940" HPOS="797"/>
							<String ID="string_134" HPOS="811" VPOS="940" WIDTH="135" HEIGHT="23" WC="0.92" CONTENT="underrätte"/><SP WIDTH="12" VPOS="940" HPOS="946"/>
							<String ID="string_135" HPOS="958" VPOS="947" WIDTH="41" HEIGHT="22" WC="0.93" CONTENT="gu-"/>
						</TextLine>
						<TextLine ID="line_21" HPOS="249" VPOS="976" WIDTH="749" HEIGHT="30">
							<String ID="string_136" HPOS="249" VPOS="977" WIDTH="114" HEIGHT="21" WC="0.91" CONTENT="vernören"/><SP WIDTH="24" VPOS="977" HPOS="363"/>
							<String ID="string_137" HPOS="387" VPOS="976" WIDTH="165" HEIGHT="27" WC="0.92" CONTENT="valnämnden,"/><SP WIDTH="26" VPOS="976" HPOS="552"/>
							<String ID="string_138" HPOS="578" VPOS="978" WIDTH="34" HEIGHT="20" WC="0.93" CONTENT="att"/><SP WIDTH="22" VPOS="978" HPOS="612"/>
							<String ID="string_139" HPOS="634" VPOS="976" WIDTH="103" HEIGHT="30" WC="0.91" CONTENT="utslaget"/><SP WIDTH="20" VPOS="976" HPOS="737"/>
							<String ID="string_140" HPOS="757" VPOS="977" WIDTH="85" HEIGHT="21" WC="0.92" CONTENT="vunnit"/><SP WIDTH="16" VPOS="977" HPOS="842"/>
							<String ID="string_141" HPOS="858" VPOS="976" WIDTH="55" HEIGHT="29" WC="0.93" CONTENT="laga"/><SP WIDTH="15" VPOS="976" HPOS="913"/>
							<String ID="string_142" HPOS="928" VPOS="976" WIDTH="70" HEIGHT="23" WC="0.90" CONTENT="kraft."/>
						</TextLine>
					</TextBlock>
					<TextBlock ID="block_8" HPOS="249" VPOS="1011" WIDTH="750" HEIGHT="66">
						<TextLine ID="line_22" HPOS="321" VPOS="1011" WIDTH="678" HEIGHT="30">
							<String ID="string_143" HPOS="321" VPOS="1011" WIDTH="88" HEIGHT="29" WC="0.92" CONTENT="Högsta"/><SP WIDTH="16" VPOS="1011" HPOS="409"/>
							<String ID="string_144" HPOS="425" VPOS="1012" WIDTH="130" HEIGHT="22" WC="0.92" CONTENT="domstolen"/><SP WIDTH="14" VPOS="1012" HPOS="555"/>
							<String ID="string_145" HPOS="569" VPOS="1012" WIDTH="59" HEIGHT="22" WC="0.93" CONTENT="läter"/><SP WIDTH="11" VPOS="1012" HPOS="628"/>
							<String ID="string_146" HPOS="639" VPOS="1019" WIDTH="85" HEIGHT="22" WC="0.93" CONTENT="genom"/><SP WIDTH="12" VPOS="1019" HPOS="724"/>
							<String ID="string_147" HPOS="736" VPOS="1014" WIDTH="147" HEIGHT="27" WC="0.92" CONTENT="guvernören"/><SP WIDTH="13" VPOS="1014" HPOS="883"/>
							<String ID="string_148" HPOS="896" VPOS="1012" WIDTH="103" HEIGHT="22" WC="0.91" CONTENT="tillställa"/>
						</TextLine>
						<TextLine ID="line_23" HPOS="249" VPOS="1047" WIDTH="433" HEIGHT="30">
							<String ID="string_149" HPOS="249" VPOS="1047" WIDTH="160" HEIGHT="23" WC="0.92" CONTENT="valnämnden"/><SP WIDTH="18" VPOS="1047" HPOS="409"/>
							<String ID="string_150" HPOS="427" VPOS="1049" WIDTH="41" HEIGHT="21" WC="0.93" CONTENT="sitt"/><SP WIDTH="15" VPOS="1049" HPOS="468"/>
							<String ID="string_151" HPOS="483" VPOS="1048" WIDTH="79" HEIGHT="29" WC="0.93" CONTENT="utslag"/><SP WIDTH="15" VPOS="1048" HPOS="562"/>
							<String ID="string_152" HPOS="577" VPOS="1048" WIDTH="8" HEIGHT="22" WC="0.96" CONTENT="i"/><SP WIDTH="16" VPOS="1048" HPOS="585"/>
							<String ID="string_153" HPOS="601" VPOS="1048" WIDTH="81" HEIGHT="22" WC="0.96" CONTENT="saken."/>
						</TextLine>
					</TextBlock>
				</ComposedBlock>
				<GraphicalElement ID="cblock_3" HPOS="360" VPOS="540" WIDTH="7" HEIGHT="311"></GraphicalElement >
				<ComposedBlock ID="cblock_4" HPOS="248" VPOS="1120" WIDTH="751" HEIGHT="361">
					<TextBlock ID="block_9" HPOS="593" VPOS="1120" WIDTH="61" HEIGHT="28">
						<TextLine ID="line_24" HPOS="593" VPOS="1120" WIDTH="61" HEIGHT="28">
							<String ID="string_154" HPOS="593" VPOS="1122" WIDTH="25" HEIGHT="20" WC="0.91" CONTENT="14"/><SP WIDTH="16" VPOS="1122" HPOS="618"/>
							<String ID="string_155" HPOS="634" VPOS="1120" WIDTH="20" HEIGHT="28" WC="0.82" CONTENT="&amp;."/>
						</TextLine>
					</TextBlock>
					<TextBlock ID="block_10" HPOS="249" VPOS="1166" WIDTH="750" HEIGHT="102">
						<TextLine ID="line_25" HPOS="321" VPOS="1166" WIDTH="678" HEIGHT="30">
							<String ID="string_156" HPOS="321" VPOS="1166" WIDTH="46" HEIGHT="22" WC="0.92" CONTENT="Har"/><SP WIDTH="24" VPOS="1166" HPOS="367"/>
							<String ID="string_157" HPOS="391" VPOS="1168" WIDTH="20" HEIGHT="28" WC="0.91" CONTENT="ej"/><SP WIDTH="25" VPOS="1168" HPOS="411"/>
							<String ID="string_158" HPOS="436" VPOS="1167" WIDTH="106" HEIGHT="28" WC="0.92" CONTENT="yrkande"/><SP WIDTH="24" VPOS="1167" HPOS="542"/>
							<String ID="string_159" HPOS="566" VPOS="1174" WIDTH="37" HEIGHT="15" WC="0.96" CONTENT="om"/><SP WIDTH="23" VPOS="1174" HPOS="603"/>
							<String ID="string_160" HPOS="626" VPOS="1168" WIDTH="102" HEIGHT="28" WC="0.96" CONTENT="ändring"/><SP WIDTH="23" VPOS="1168" HPOS="728"/>
							<String ID="string_161" HPOS="751" VPOS="1168" WIDTH="8" HEIGHT="21" WC="0.93" CONTENT="i"/><SP WIDTH="20" VPOS="1168" HPOS="759"/>
							<String ID="string_162" HPOS="779" VPOS="1167" WIDTH="140" HEIGHT="29" WC="0.92" CONTENT="vallängden"/><SP WIDTH="16" VPOS="1167" HPOS="919"/>
							<String ID="string_163" HPOS="935" VPOS="1168" WIDTH="64" HEIGHT="21" WC="0.96" CONTENT="inom"/>
						</TextLine>
						<TextLine ID="line_26" HPOS="249" VPOS="1202" WIDTH="750" HEIGHT="29">
							<String ID="string_164" HPOS="249" VPOS="1202" WIDTH="155" HEIGHT="22" WC="0.93" CONTENT="föreskrifven"/><SP WIDTH="17" VPOS="1202" HPOS="404"/>
							<String ID="string_165" HPOS="421" VPOS="1202" WIDTH="34" HEIGHT="22" WC="0.93" CONTENT="tid"/><SP WIDTH="16" VPOS="1202" HPOS="455"/>
							<String ID="string_166" HPOS="471" VPOS="1202" WIDTH="107" HEIGHT="29" WC="0.92" CONTENT="ingifvits"/><SP WIDTH="16" VPOS="1202" HPOS="578"/>
							<String ID="string_167" HPOS="594" VPOS="1203" WIDTH="34" HEIGHT="22" WC="0.93" CONTENT="till"/><SP WIDTH="18" VPOS="1203" HPOS="628"/>
							<String ID="string_168" HPOS="646" VPOS="1203" WIDTH="167" HEIGHT="27" WC="0.93" CONTENT="valnämnden,"/><SP WIDTH="12" VPOS="1203" HPOS="813"/>
							<String ID="string_169" HPOS="825" VPOS="1203" WIDTH="86" HEIGHT="22" WC="0.89" CONTENT="teckne"/><SP WIDTH="11" VPOS="1203" HPOS="911"/>
							<String ID="string_170" HPOS="922" VPOS="1203" WIDTH="77" HEIGHT="23" WC="0.96" CONTENT="denne"/>
						</TextLine>
						<TextLine ID="line_27" HPOS="250" VPOS="1236" WIDTH="686" HEIGHT="32">
							<String ID="string_171" HPOS="250" VPOS="1236" WIDTH="13" HEIGHT="24" WC="0.91" CONTENT="ä"/><SP WIDTH="16" VPOS="1236" HPOS="263"/>
							<String ID="string_172" HPOS="279" VPOS="1237" WIDTH="102" HEIGHT="29" WC="0.92" CONTENT="längden"/><SP WIDTH="17" VPOS="1237" HPOS="381"/>
							<String ID="string_173" HPOS="398" VPOS="1239" WIDTH="106" HEIGHT="28" WC="0.92" CONTENT="intygan,"/><SP WIDTH="17" VPOS="1239" HPOS="504"/>
							<String ID="string_174" HPOS="521" VPOS="1239" WIDTH="35" HEIGHT="21" WC="0.93" CONTENT="att"/><SP WIDTH="16" VPOS="1239" HPOS="556"/>
							<String ID="string_175" HPOS="572" VPOS="1238" WIDTH="137" HEIGHT="23" WC="0.91" CONTENT="densamma"/><SP WIDTH="17" VPOS="1238" HPOS="709"/>
							<String ID="string_176" HPOS="726" VPOS="1246" WIDTH="56" HEIGHT="22" WC="0.92" CONTENT="eger"/><SP WIDTH="15" VPOS="1246" HPOS="782"/>
							<String ID="string_177" HPOS="797" VPOS="1238" WIDTH="54" HEIGHT="29" WC="0.92" CONTENT="laga"/><SP WIDTH="17" VPOS="1238" HPOS="851"/>
							<String ID="string_178" HPOS="868" VPOS="1239" WIDTH="68" HEIGHT="22" WC="0.96" CONTENT="kraft."/>
						</TextLine>
					</TextBlock>
					<TextBlock ID="block_11" HPOS="248" VPOS="1273" WIDTH="751" HEIGHT="208">
						<TextLine ID="line_28" HPOS="321" VPOS="1273" WIDTH="678" HEIGHT="29">
							<String ID="string_179" HPOS="321" VPOS="1273" WIDTH="46" HEIGHT="22" WC="0.92" CONTENT="Har"/><SP WIDTH="22" VPOS="1273" HPOS="367"/>
							<String ID="string_180" HPOS="389" VPOS="1274" WIDTH="220" HEIGHT="28" WC="0.91" CONTENT="ändringsyrkande"/><SP WIDTH="23" VPOS="1274" HPOS="609"/>
							<String ID="string_181" HPOS="632" VPOS="1274" WIDTH="146" HEIGHT="27" WC="0.92" CONTENT="framställts,"/><SP WIDTH="18" VPOS="1274" HPOS="778"/>
							<String ID="string_182" HPOS="796" VPOS="1274" WIDTH="60" HEIGHT="23" WC="0.93" CONTENT="skall"/><SP WIDTH="16" VPOS="1274" HPOS="856"/>
							<String ID="string_183" HPOS="872" VPOS="1274" WIDTH="127" HEIGHT="27" WC="0.92" CONTENT="nämnden,"/>
						</TextLine>
						<TextLine ID="line_29" HPOS="249" VPOS="1308" WIDTH="750" HEIGHT="31">
							<String ID="string_184" HPOS="249" VPOS="1308" WIDTH="73" HEIGHT="23" WC="0.93" CONTENT="sedan"/><SP WIDTH="15" VPOS="1308" HPOS="322"/>
							<String ID="string_185" HPOS="337" VPOS="1309" WIDTH="118" HEIGHT="28" WC="0.91" CONTENT="yrkandet"/><SP WIDTH="15" VPOS="1309" HPOS="455"/>
							<String ID="string_186" HPOS="470" VPOS="1310" WIDTH="98" HEIGHT="29" WC="0.92" CONTENT="afgjorts"/><SP WIDTH="17" VPOS="1310" HPOS="568"/>
							<String ID="string_187" HPOS="585" VPOS="1317" WIDTH="86" HEIGHT="22" WC="0.93" CONTENT="genom"/><SP WIDTH="16" VPOS="1317" HPOS="671"/>
							<String ID="string_188" HPOS="687" VPOS="1311" WIDTH="87" HEIGHT="28" WC="0.92" CONTENT="utslag,"/><SP WIDTH="18" VPOS="1311" HPOS="774"/>
							<String ID="string_189" HPOS="792" VPOS="1316" WIDTH="50" HEIGHT="16" WC="0.93" CONTENT="som"/><SP WIDTH="11" VPOS="1316" HPOS="842"/>
							<String ID="string_190" HPOS="853" VPOS="1312" WIDTH="83" HEIGHT="21" WC="0.92" CONTENT="vunnit"/><SP WIDTH="9" VPOS="1312" HPOS="936"/>
							<String ID="string_191" HPOS="945" VPOS="1310" WIDTH="54" HEIGHT="28" WC="0.92" CONTENT="laga"/>
						</TextLine>
						<TextLine ID="line_30" HPOS="248" VPOS="1344" WIDTH="751" HEIGHT="31">
							<String ID="string_192" HPOS="248" VPOS="1344" WIDTH="72" HEIGHT="27" WC="0.95" CONTENT="kraft,"/><SP WIDTH="23" VPOS="1344" HPOS="320"/>
							<String ID="string_193" HPOS="343" VPOS="1346" WIDTH="5" HEIGHT="20" WC="0.93" CONTENT="i"/><SP WIDTH="26" VPOS="1346" HPOS="348"/>
							<String ID="string_194" HPOS="374" VPOS="1346" WIDTH="140" HEIGHT="27" WC="0.92" CONTENT="vallängden"/><SP WIDTH="25" VPOS="1346" HPOS="514"/>
							<String ID="string_195" HPOS="539" VPOS="1346" WIDTH="75" HEIGHT="22" WC="0.93" CONTENT="införa"/><SP WIDTH="22" VPOS="1346" HPOS="614"/>
							<String ID="string_196" HPOS="636" VPOS="1346" WIDTH="49" HEIGHT="22" WC="0.93" CONTENT="däri"/><SP WIDTH="16" VPOS="1346" HPOS="685"/>
							<String ID="string_197" HPOS="701" VPOS="1346" WIDTH="158" HEIGHT="28" WC="0.86" CONTENT="tilläfventyrs"/><SP WIDTH="17" VPOS="1346" HPOS="859"/>
							<String ID="string_198" HPOS="876" VPOS="1346" WIDTH="123" HEIGHT="29" WC="0.96" CONTENT="påkallade"/>
						</TextLine>
						<TextLine ID="line_31" HPOS="249" VPOS="1379" WIDTH="750" HEIGHT="32">
							<String ID="string_199" HPOS="249" VPOS="1379" WIDTH="128" HEIGHT="30" WC="0.96" CONTENT="ändringar"/><SP WIDTH="12" VPOS="1379" HPOS="377"/>
							<String ID="string_200" HPOS="389" VPOS="1381" WIDTH="43" HEIGHT="22" WC="0.91" CONTENT="och"/><SP WIDTH="11" VPOS="1381" HPOS="432"/>
							<String ID="string_201" HPOS="443" VPOS="1381" WIDTH="76" HEIGHT="22" WC="0.91" CONTENT="tillika"/><SP WIDTH="12" VPOS="1381" HPOS="519"/>
							<String ID="string_202" HPOS="531" VPOS="1381" WIDTH="39" HEIGHT="22" WC="0.93" CONTENT="vid"/><SP WIDTH="11" VPOS="1381" HPOS="570"/>
							<String ID="string_203" HPOS="581" VPOS="1381" WIDTH="80" HEIGHT="30" WC="0.93" CONTENT="hvarje"/><SP WIDTH="12" VPOS="1381" HPOS="661"/>
							<String ID="string_204" HPOS="673" VPOS="1381" WIDTH="102" HEIGHT="28" WC="0.93" CONTENT="ändring"/><SP WIDTH="12" VPOS="1381" HPOS="775"/>
							<String ID="string_205" HPOS="787" VPOS="1381" WIDTH="96" HEIGHT="29" WC="0.92" CONTENT="angifva"/><SP WIDTH="7" VPOS="1381" HPOS="883"/>
							<String ID="string_206" HPOS="890" VPOS="1381" WIDTH="109" HEIGHT="29" WC="0.92" CONTENT="utslaget,"/>
						</TextLine>
						<TextLine ID="line_32" HPOS="248" VPOS="1416" WIDTH="751" HEIGHT="30">
							<String ID="string_207" HPOS="248" VPOS="1416" WIDTH="31" HEIGHT="28" WC="0.95" CONTENT="pä"/><SP WIDTH="16" VPOS="1416" HPOS="279"/>
							<String ID="string_208" HPOS="295" VPOS="1416" WIDTH="76" HEIGHT="29" WC="0.93" CONTENT="grund"/><SP WIDTH="17" VPOS="1416" HPOS="371"/>
							<String ID="string_209" HPOS="388" VPOS="1416" WIDTH="84" HEIGHT="23" WC="0.92" CONTENT="hvaraf"/><SP WIDTH="15" VPOS="1416" HPOS="472"/>
							<String ID="string_210" HPOS="487" VPOS="1417" WIDTH="45" HEIGHT="22" WC="0.93" CONTENT="den"/><SP WIDTH="16" VPOS="1417" HPOS="532"/>
							<String ID="string_211" HPOS="548" VPOS="1417" WIDTH="120" HEIGHT="28" WC="0.92" CONTENT="vidtagits,"/><SP WIDTH="12" VPOS="1417" HPOS="668"/>
							<String ID="string_212" HPOS="680" VPOS="1417" WIDTH="122" HEIGHT="22" WC="0.93" CONTENT="hvarefter"/><SP WIDTH="10" VPOS="1417" HPOS="802"/>
							<String ID="string_213" HPOS="812" VPOS="1417" WIDTH="101" HEIGHT="29" WC="0.91" CONTENT="längden"/><SP WIDTH="12" VPOS="1417" HPOS="913"/>
							<String ID="string_214" HPOS="925" VPOS="1417" WIDTH="74" HEIGHT="22" WC="0.92" CONTENT="förses"/>
						</TextLine>
						<TextLine ID="line_33" HPOS="248" VPOS="1451" WIDTH="750" HEIGHT="30">
							<String ID="string_215" HPOS="248" VPOS="1451" WIDTH="55" HEIGHT="22" WC="0.92" CONTENT="med"/><SP WIDTH="19" VPOS="1451" HPOS="303"/>
							<String ID="string_216" HPOS="322" VPOS="1452" WIDTH="97" HEIGHT="29" WC="0.92" CONTENT="intygan"/><SP WIDTH="18" VPOS="1452" HPOS="419"/>
							<String ID="string_217" HPOS="437" VPOS="1453" WIDTH="34" HEIGHT="22" WC="0.96" CONTENT="att"/><SP WIDTH="16" VPOS="1453" HPOS="471"/>
							<String ID="string_218" HPOS="487" VPOS="1452" WIDTH="52" HEIGHT="27" WC="0.93" CONTENT="den,"/><SP WIDTH="17" VPOS="1452" HPOS="539"/>
							<String ID="string_219" HPOS="556" VPOS="1453" WIDTH="99" HEIGHT="22" WC="0.92" CONTENT="sälunda"/><SP WIDTH="16" VPOS="1453" HPOS="655"/>
							<String ID="string_220" HPOS="671" VPOS="1453" WIDTH="99" HEIGHT="26" WC="0.91" CONTENT="ändrad,"/><SP WIDTH="17" VPOS="1453" HPOS="770"/>
							<String ID="string_221" HPOS="787" VPOS="1459" WIDTH="55" HEIGHT="22" WC="0.92" CONTENT="eger"/><SP WIDTH="17" VPOS="1459" HPOS="842"/>
							<String ID="string_222" HPOS="859" VPOS="1453" WIDTH="54" HEIGHT="28" WC="0.91" CONTENT="laga"/><SP WIDTH="16" VPOS="1453" HPOS="913"/>
							<String ID="string_223" HPOS="929" VPOS="1453" WIDTH="69" HEIGHT="22" WC="0.96" CONTENT="kraft."/>
						</TextLine>
					</TextBlock>
				</ComposedBlock>
			</PrintSpace>
		</Page>
	</Layout>
</alto>
