1103 1748
277 140 76 23 Ständ.
369 140 38 23 Sv.
421 153 29 3 —
467 140 64 28 Prop.
548 140 38 23 N:o
603 140 22 22 II.
797 142 27 19 87

177 208 34 20 10.
242 205 90 28 Kuopio
349 206 49 21 läns
415 206 58 20 östra
489 205 103 27 valkrets,
610 204 93 23 hvartill
722 204 57 23 höra
789 204 66 23 Libe-

105 240 46 28 lits,
167 240 113 23 Ilomants
297 240 44 23 och
357 240 131 30 Pielisjärvi
504 240 85 28 härad;

178 280 34 19 11.
244 276 55 22 Vasa
324 277 49 21 läns
397 280 58 18 östra
477 277 102 27 valkrets,
600 276 146 23 omfattande
761 275 95 23 Laukas

106 312 43 23 och
164 312 120 22 Kuortane
300 312 84 28 härad;

179 352 33 18 12.
249 348 57 22 Vasa
330 348 49 22 läns
402 348 65 22 södra
490 349 101 27 valkrets,
616 347 144 23 omfattande
776 346 81 24 Ilmola

107 384 73 22 härad
196 385 62 21 samt
273 384 137 22 Korsholms
427 384 72 23 härad
517 384 53 22 med
586 384 123 28 undantag
720 383 24 23 af
754 383 103 23 Ylistaro

107 419 42 23 och
166 419 111 29 Storkyro
294 420 150 27 kommuner;

180 459 33 19 13.
249 456 57 21 Vasa
330 456 50 22 läns
403 463 68 15 norra
494 456 103 28 valkrets,
615 455 93 23 hvartill
725 455 56 23 höra
797 454 60 23 Ylis-

107 492 49 22 taro
173 491 43 22 och
233 491 111 29 Storkyro
361 491 140 23 kommuner
517 491 24 23 af
557 491 135 23 Korsholms
712 491 73 23 härad
795 492 63 21 samt

109 527 78 29 Lappo
204 526 43 23 och
263 526 128 23 Pedersöre
408 527 82 27 härad;

180 566 34 19 14.
246 563 118 27 Uleäborgs
381 564 48 21 läns
444 559 67 26 södra
526 564 103 27 valkrets,
641 562 146 24 omfattande
798 562 60 27 Salo,

108 598 142 30 Haapajärvi
266 598 42 23 och
326 598 93 30 Kajana
429 598 74 24 härad
514 600 63 21 samt
589 598 64 28 Uleä,
664 598 115 27 Uleäsalo,
791 598 67 23 Kem-

109 634 57 30 pele,
182 634 125 30 Lumijoki,
325 634 114 30 Limingo,
456 634 117 28 Temmes,
591 634 115 29 Tyrnävä,
723 634 81 23 Muhos
816 634 43 22 och

109 670 107 30 Utajärvi
233 670 142 23 kommuner
391 670 24 23 af
430 670 59 23 Uleä
505 670 84 28 härad;

182 710 33 18 15.
247 706 119 28 Uleäborgs
382 707 49 21 läns
448 714 68 14 norra
531 707 103 27 valkrets,
651 706 35 22 till
696 706 96 22 hvilken
804 706 57 22 höra

109 741 68 23 Kemi
203 742 73 22 härad
302 743 63 21 samt
386 742 157 27 Kuivaniemi,
567 742 40 30 Ijo,
632 742 160 29 Haukipudas,
813 742 46 22 Kii-

111 777 81 27 minki,
216 777 157 27 Ylikiiminki,
396 777 146 30 Pudasjärvi,
566 778 151 22 Taivalkoski
738 777 42 23 och
797 777 63 23 Kuu-

111 819 65 17 samo
192 813 143 23 kommuner
351 813 24 23 af
390 814 58 22 Uleä
464 814 84 27 härad;
565 815 62 21 samt

183 852 34 20 16.
250 849 170 28 Lappmarkens
443 850 103 27 valkrets,
571 849 147 23 omfattande
734 850 127 29 Lappmar-

112 885 58 22 kens
188 885 79 22 härad.

182 921 58 22 Stad
256 921 111 22 hänföres
383 921 34 22 till
434 921 45 23 den
495 921 112 28 valkrets,
625 921 34 23 till
671 921 96 23 hvilken
777 921 84 29 omgif-

111 956 77 23 vande
205 957 134 29 landsbygd
356 957 72 22 hörer.

182 992 10 22 I
213 992 166 23 förstnämnda
395 993 89 22 femton
501 993 93 23 kretsar
609 993 75 30 väljas
700 999 84 23 genom
801 999 61 16 ome-

112 1027 96 24 delbara
223 1028 44 23 och
283 1029 178 29 proportionella
477 1029 39 22 val
537 1029 234 22 etthundranittionio
786 1028 76 23 landt-

113 1063 123 30 dagsmän,
259 1064 118 23 fördelade
401 1065 30 28 på
454 1065 163 22 valkretsarna
633 1065 59 22 efter
708 1063 155 24 förhållandet

113 1099 87 23 mellan
216 1100 82 23 dessas
316 1100 196 23 mantalsskrifna
523 1100 145 29 befolkning.
693 1100 170 29 Fördelningen

114 1135 139 23 ankommer
278 1136 14 22 å
315 1137 99 22 senaten
437 1138 63 21 samt
522 1138 117 27 uppgöres
659 1136 68 23 hvart
743 1135 78 24 tionde
838 1136 26 23 år

114 1171 41 23 och
172 1171 120 30 kungöres
309 1173 7 21 i
333 1171 294 30 författningssamlingen.

183 1207 180 30 Lappmarkens
379 1207 105 24 valkrets
500 1208 75 29 väljer
591 1215 30 16 en
637 1207 183 30 landtdagsman
835 1207 30 29 på

114 1244 47 21 sätt
176 1244 8 21 i
202 1247 27 18 53
245 1244 14 29 $
277 1245 62 28 sägs.

466 1304 51 29 28.

185 1344 46 23 För
255 1345 81 29 hvarje
359 1345 104 22 valkrets
479 1345 62 23 skall
558 1347 7 21 i
581 1345 46 29 god
643 1345 41 27 tid,
700 1346 72 22 innan
790 1345 75 23 landt-

115 1379 190 30 dagsmannaval
321 1387 57 22 eger
388 1387 60 21 rum,
459 1381 112 22 tillsättas
582 1388 28 15 en
623 1381 178 22 centralnämnd
813 1380 54 23 med

115 1416 47 23 fem
186 1416 162 27 medlemmar,
374 1416 98 23 hvilken
499 1416 189 23 sammanträder
713 1417 8 22 i
744 1416 45 23 den
813 1415 54 24 stad

115 1451 42 23 där
178 1451 172 30 länestyrelsen
372 1451 36 24 för
430 1452 65 23 länet
510 1452 86 23 finnes.
628 1452 239 23 Centralnämnden
852 1447 18 39 i
