1103 1748
347 482 249 23 Reservationer.

469 557 17 22 1

166 620 134 22 Beträffande
316 621 12 27 $
344 623 12 18 5
372 620 22 22 af
404 620 104 29 förslaget
514 621 32 21 till
558 620 222 29 Landtdagsordning,
792 620 61 21 hvari

94 655 35 22 till
143 654 123 22 ständernas
281 654 153 28 godkännande
449 655 129 22 framställas
593 654 104 22 särskilda
713 654 138 29 stadganden,

96 689 81 28 egnade
191 692 33 18 att
238 689 112 21 inskränka
365 689 41 21 den
421 689 106 22 allmänna
542 689 110 27 valrätten,
665 689 94 21 anhåller
776 688 77 22 under-

95 722 94 23 tecknad
203 723 7 21 i
225 723 37 22 det
276 723 93 28 följande
384 723 23 21 få
421 723 119 22 framställa
554 724 43 21 min
613 723 46 22 från
677 723 176 28 utskottsmajori-

95 760 70 19 tetens
182 757 56 22 åsikt
252 757 114 22 afvikande
384 758 91 28 mening.

167 792 65 21 Hvad
254 792 32 21 till
308 799 26 14 en
357 792 71 28 början
451 793 133 21 vidkommer
604 792 37 22 det
656 792 122 29 stadgande,
794 792 60 21 hvari

99 826 93 25 föreslås,
215 829 31 19 att
268 827 76 21 valrätt
359 827 67 21 skulle
441 827 120 22 tillkomma
576 827 75 21 endast
665 827 27 22 de
708 827 145 28 medborgare,

98 860 74 22 hvilka
186 861 46 21 före
247 861 80 21 valåret
341 861 49 28 fyllt
405 861 108 29 tjugufyra
528 861 28 27 år,
571 861 23 22 så
610 861 41 22 kan
665 862 35 28 jag
716 862 17 28 ej
745 864 69 23 annat,
827 863 26 19 än

98 895 57 21 finna
176 896 60 21 detta
257 896 79 28 förslag
350 898 56 19 orätt
421 896 40 22 och
476 896 150 29 oberättigadt,
641 896 40 22 och
696 896 60 22 detta
771 896 28 29 på
814 896 41 20 föl-

98 930 63 28 jande
176 930 99 28 grunder:

169 964 21 28 1)
220 964 48 22 Den
291 964 166 29 medborgerliga
480 964 207 29 myndighetsåldern
709 964 94 22 inträder
817 964 38 21 hos

99 1006 41 19 oss,
154 998 89 22 likasom
258 999 8 21 i
280 999 68 28 öfriga
363 999 150 26 kulturländer,
528 999 97 29 tidigare,
639 999 106 28 nämligen
755 999 37 21 vid
802 1006 53 21 upp-

99 1032 72 22 nädda
193 1034 25 20 21
242 1033 29 26 år,
293 1033 36 22 vid
351 1033 86 22 hvilken
457 1034 101 28 tidpunkt
572 1033 282 29 samhällsförpliktelsernas

99 1066 46 22 ofta
167 1074 41 22 nog
229 1070 64 26 tunga
315 1068 65 21 börda
395 1068 72 28 läggas
483 1068 28 28 på
526 1068 250 21 samhällsmedlemmens
792 1067 64 22 axlar.

99 1100 13 22 I
128 1104 31 18 ett
180 1101 91 22 ordnadt
292 1102 100 22 samhälle
416 1102 65 22 borde
504 1102 124 28 rättigheter
646 1102 75 28 åtfölja
738 1102 119 29 förpliktel-

100 1143 39 19 ser,
161 1136 41 21 och
224 1136 72 22 därför
314 1144 62 21 synes
391 1136 37 22 det
443 1137 45 28 mig
502 1137 64 21 äfven
581 1137 85 21 rättvist
681 1139 32 19 att
728 1136 77 26 fordra,
820 1136 37 21 det

101 1169 40 21 den
163 1170 101 28 politiska
282 1171 104 21 valrätten
400 1170 71 29 gifves
487 1171 166 28 medborgarena
668 1170 36 22 vid
720 1178 80 14 samma
814 1170 42 22 tid-

100 1204 74 29 punkt,
195 1204 37 22 vid
247 1204 84 22 hvilken
347 1205 27 21 de
389 1205 63 22 äfven
468 1206 8 20 i
492 1205 65 28 öfrigt
572 1205 103 21 erkännas
690 1212 51 14 vara
756 1204 101 30 myndiga

101 1238 138 23 medlemmar
253 1240 23 21 af
290 1239 116 22 samhället.

171 1274 20 26 2)
222 1273 83 22 Hittills
327 1274 38 21 har
387 1274 36 21 vid
439 1274 62 21 valen
516 1274 33 21 till
564 1273 98 30 borgare-
677 1274 40 22 och
732 1273 127 22 bondestån-

101 1307 42 22 den
166 1307 78 22 valrätt
265 1308 118 21 tillerkänts
406 1308 74 28 hvarje
503 1309 26 20 21
554 1308 44 28 årig
614 1316 81 21 person,
711 1316 43 13 som
771 1309 7 20 i
794 1308 65 27 öfrigt

101 1345 80 18 ansetts
196 1342 97 29 uppfylla
308 1342 101 28 stadgade
425 1342 208 29 kompetensvillkor.
649 1343 11 20 I
676 1343 37 21 fall
729 1343 132 28 åldersgrän-

101 1383 38 14 sen
161 1376 68 22 skulle
250 1377 60 28 höjas
330 1385 33 18 nu,
386 1377 112 28 samtidigt
512 1385 44 14 som
572 1385 48 14 man
636 1377 91 22 sträfvar
739 1377 32 22 till
787 1385 25 13 en
828 1380 33 18 ut-

102 1410 103 29 vidgning
227 1411 22 21 af
271 1411 41 22 den
333 1411 100 29 politiska
456 1413 122 25 rösträtten,
600 1419 50 14 vore
672 1411 59 22 detta
747 1419 25 14 en
788 1411 71 21 direkt

103 1444 119 29 kränkning
244 1445 22 22 af
288 1445 26 22 de
330 1445 110 28 folklager,
456 1445 76 22 hvilka
546 1445 83 28 hittills,
644 1445 65 22 ehuru
726 1445 26 22 de
768 1445 94 29 fullgjort
