1098 1745
241 148 23 18 18
527 149 23 18 U.
563 149 22 18 B.
599 149 59 24 Prop.
671 149 36 18 N:o
721 149 29 18 10.

240 208 25 22 lit
278 208 54 23 ifrån
347 208 200 29 länestyrelserna
538 204 13 37 i
558 209 80 28 landet,
650 209 40 22 har
701 209 72 22 under
781 209 52 22 åren
846 209 145 22 1901—1905

239 244 6 21 i
263 243 29 23 de
308 244 109 22 särskilda
433 244 66 23 länen
515 245 22 21 ät
553 244 75 23 finska
644 245 44 22 och
705 245 66 28 ryska
788 244 203 29 gärdfarihandlare

240 279 109 23 utfärdats
372 279 101 30 följande
493 280 58 23 antal
576 287 55 22 pass
656 280 36 23 för
713 280 147 23 bedrifvande
881 280 22 22 af
919 280 70 23 sädan

239 315 92 22 handel:

678 405 56 14 Finska
793 405 50 16 Ryska

660 423 89 14 undersåtar
758 413 9 34 |
773 422 90 15 undersåtar
874 413 9 34 |
900 417 63 14 Summa

239 494 105 29 Nylands
360 494 35 22 län
412 512 4 5 .
448 512 4 5 .
628 512 4 5 ,
697 496 44 22 200
760 494 2 28 |
810 496 44 21 328
923 495 44 22 528

261 524 32 22 bo
313 524 44 22 och
375 513 152 63 Björneborgs
556 572 4 4 1
546 512 50 34 län.
647 521 1 8 |
696 526 44 22 326
809 526 44 21 =—692|
905 525 62 27 1,018

239 554 142 22 Tavastehus
397 554 55 23 län
444 550 13 37 .
484 572 4 5 .
591 572 41 5 "N
696 556 43 22 525
809 556 44 20 429
922 555 43 21 954

239 584 111 28 Wiborgs
367 584 49 22 län.
447 602 4 4 .
483 602 4 5 .
519 602 4 5 .
555 602 4 4 .
591 602 40 5 cc
696 586 40 21 521
756 580 17 37 |
791 586 62 26 1,025
870 580 14 37 |
905 584 62 27 1,546
987 586 1 17 |

239 613 32 23 S:t
287 614 96 22 Michels
400 614 51 23 län.
483 632 4 4 .
519 632 4 4 .
555 632 4 4 .
591 632 4 4 .
627 632 4 5 .
710 616 25 21 61
760 617 1 7 |
812 615 63 21 137:
925 614 42 22 198

240 643 92 29 Kuopio
349 644 36 22 län
414 662 2 4 .
447 662 5 4 .
519 662 4 4 os.
555 662 76 4 cc.
710 646 29 21 90
809 645 44 21 599
923 644 43 22 698

238 673 72 23 Wasa
326 674 54 22 län.
412 692 4 4 .
483 692 5 4 oo.
519 692 4 4 0
556 692 75 4 cc.
698 676 41 21 118
809 675 44 21 432
873 689 2 5 |
923 674 64 22 550

239 703 128 29 Uleåborgs
385 704 35 22 län
447 722 4 4 .
483 722 4 4 .
519 722 4 4 .
554 722 5 4 .
590 722 4 4 .
626 722 4 4 .
696 706 39 20 251
754 699 15 37 |
791 705 62 26 1,170
870 699 14 37 |
902 704 60 27 1,421

538 745 95 23 Summa
641 741 17 37 |
676 747 61 27 2,101
759 741 13 37 |
788 747 65 26 4,812
867 741 16 37 |
902 746 74 26 6,913.

311 804 60 23 Efter
387 805 37 22 det
441 805 44 22 den
502 805 82 29 lagliga
599 806 128 28 ordningen
743 806 39 22 vid
793 805 165 29 förvaltningen
967 804 22 22 af

238 840 66 22 länen
320 840 48 22 frän
385 841 61 22 detta
462 841 35 22 ärs
515 841 86 29 ingäng
616 841 6 22 i
639 841 131 23 hufvudsak
786 841 124 27 äterställts,
923 840 66 22 hafva

237 875 188 30 länestyrelserna
441 876 48 22 icke
505 876 107 29 tillämpat
630 877 56 22 1900
702 877 35 22 års
753 876 177 23 administrativa
945 875 44 23 för-

237 911 105 29 ordning,
359 911 44 23 och
420 912 49 22 icke
485 911 68 23 heller
567 912 89 29 beviljat
666 911 323 30 gårdfarihandelsrättigheter

237 947 6 22 i
262 947 92 22 Finland
371 948 21 21 åt
408 947 178 29 kejsaredömets
607 948 137 23 undersåtar.
778 947 35 23 De
828 947 160 28 ansökningar,

237 982 74 23 hvilka
327 983 22 22 af
365 983 109 23 särskilda
490 983 178 28 kejsaredömets
685 983 132 23 undersåtar
833 983 78 29 gjorts,
923 983 66 22 hafva

238 1018 50 23 dels
304 1019 128 27 förkastats,
449 1019 48 22 dels
513 1021 67 20 vänta
596 1019 30 22 de
641 1019 138 23 fortfarande
795 1019 29 28 på
839 1019 130 28 afgörande.

310 1156 35 22 Då
361 1156 223 22 Ekonomiutskottet
596 1156 78 23 skridit
684 1156 28 22 till
721 1157 32 21 att
764 1156 121 28 öfverväga
899 1155 30 22 de
940 1155 48 23 sak-

235 1192 46 28 liga
297 1192 76 22 skälen
390 1192 36 22 för
442 1192 43 22 och
503 1193 61 21 emot
575 1192 210 28 gårdfarihandelns
799 1191 139 29 frigifvande,
949 1190 40 23 har

236 1227 116 23 Utskottet
363 1227 94 23 kommit
468 1228 29 22 till
509 1228 45 22 den
563 1228 174 28 öfvertygelsen,
746 1229 31 21 att
789 1227 60 22 detta
860 1227 62 28 slags
935 1226 53 23 han-

235 1262 37 23 del
289 1263 48 22 icke
353 1270 46 15 mer
414 1263 49 22 från
480 1263 113 22 merkantil
612 1264 115 28 synpunkt
743 1265 25 21 är
779 1262 126 29 oumbärlig
921 1262 6 22 i
941 1262 47 22 vårt

235 1298 59 27 land,
311 1300 52 21 enär
377 1299 44 22 den
434 1298 58 23 fasta
503 1299 161 22 landthandeln
676 1299 68 22 redan
757 1300 23 21 är
789 1298 91 22 allmänt
891 1298 96 21 utbredd

235 1333 45 23 och
302 1341 28 15 en
351 1334 82 22 handel
455 1334 72 22 under
542 1334 177 29 kringvandring
735 1334 121 23 dessutom
874 1335 23 20 är
913 1333 74 28 egnad

234 1371 32 20 att
282 1369 102 23 medföra
401 1369 108 23 särskilda
520 1370 72 22 vådor
602 1370 6 22 i
620 1370 90 23 sanitärt
721 1369 46 24 och
779 1369 82 29 sedligt
873 1369 115 22 afseende.

235 1405 55 22 Men
309 1405 28 22 då
353 1405 154 22 erfarenheten
531 1405 64 23 likväl
612 1405 209 29 vidhandengifver,
836 1406 31 21 att
883 1404 104 29 gårdfari-

234 1440 105 28 handeln,
364 1441 96 27 hvilken,
484 1441 78 23 såsom
578 1441 22 22 af
616 1442 38 21 det
670 1441 140 29 föregående
827 1447 75 22 synes,
919 1440 5 22 i
940 1440 47 22 vårt
