1100 1745
335 154 21 23 U.
374 154 22 23 B.
413 167 29 3 —
459 155 60 28 Prop.
537 155 35 23 N:o
588 155 22 22 11.
821 156 28 20 33

100 226 39 21 ges
150 220 161 26 beräkningar,
325 227 50 13 som
386 220 80 20 kunna
477 227 70 14 anses
556 221 35 20 för
599 221 93 20 absolut
703 221 76 26 säkra,
791 224 14 18 t.
815 228 34 14 ex.

101 257 45 20 den
163 259 32 18 att
211 257 38 20 det
265 256 42 20 alls
323 256 51 20 icke
392 256 66 21 lönar
473 256 34 27 sig
524 258 32 19 att
573 256 115 28 uppställa
705 257 74 21 andra
795 257 55 21 kan-

101 292 96 26 didater,
221 294 30 18 än
275 292 88 20 sädana
388 298 50 14 som
462 292 80 20 kunna
564 292 103 27 päräkna
685 292 127 22 understöd
829 293 25 20 af

102 328 170 27 majoriteterna
291 327 65 21 inom
376 327 28 21 de
425 329 83 19 största
525 328 123 27 partierna,
665 328 25 20 sä
706 329 41 20 äro
763 328 88 21 sädana

102 364 129 20 företräden
255 364 26 20 af
295 363 101 27 negativt
412 364 79 20 värde:
509 364 28 20 de
559 364 94 26 afhälla,
670 370 28 14 en
714 364 45 27 god
776 364 36 21 del
829 364 25 20 af

102 400 140 20 valmännen
259 399 50 21 frän
329 399 147 21 valurnorna.

174 436 30 19 Af
217 435 38 20 det
275 435 97 20 anförda
390 436 64 19 torde
471 436 70 20 redan
559 436 88 26 framgä
663 438 33 18 att
712 436 139 27 farhägorna

102 471 35 21 för
153 473 33 18 att
202 471 28 20 de
246 470 76 21 skilda
339 471 160 21 landsorterna
515 471 19 27 ej
553 471 65 20 skola
635 471 71 21 blifva
723 471 129 21 erforderli-

102 513 42 21 gen
169 507 192 27 representerade,
386 507 18 26 ej
431 507 79 20 kunna
531 513 68 14 anses
618 507 125 26 grundade.
777 507 77 27 Enligt

103 543 61 20 hvad
189 543 158 20 erfarenheten
372 542 49 21 frän
447 543 72 20 andra
541 543 80 20 länder
642 549 38 20 ger
696 543 39 21 vid
752 543 101 26 handen,

103 578 118 27 föreligger
237 579 43 20 hos
302 579 140 20 valmännen
464 579 6 20 i
487 579 128 20 allmänhet
631 585 28 14 en
676 579 176 27 anmärknings-

103 615 55 20 värd
175 615 144 26 benägenhet
331 616 32 18 att
375 615 60 20 rösta
448 615 29 26 pä
490 615 137 20 kandidater
636 615 50 20 frän
698 615 154 20 hemtrakten.

105 650 34 21 Dä
157 657 32 14 nu
212 650 70 27 enligt
298 650 38 21 det
361 650 128 27 föreslagna
507 651 148 26 valsystemet
681 651 68 26 ingen
771 651 82 20 kandi-

104 686 93 21 datlista
223 686 34 21 fär
284 689 99 24 upptaga
410 686 54 21 flere
491 688 30 19 än
543 689 34 18 tre
596 693 78 20 namn,
691 687 68 26 ingen
776 687 77 20 valbe-

104 722 97 27 rättigad
231 722 72 20 heller
330 721 35 21 fär
390 723 62 19 rösta
481 723 29 26 pä
532 723 61 25 flere,
620 723 25 20 sä
672 723 42 20 har
740 729 27 14 en
795 723 58 26 lista,

104 757 94 21 hvilken
214 758 115 26 uppstälts
349 757 25 20 af
396 758 140 20 valmännen
554 758 49 20 ien
629 758 47 20 viss
700 759 67 23 trakt,
793 760 61 19 stora

104 793 98 21 utsikter
222 793 95 21 framför
341 793 73 21 andra
438 793 66 21 listor
524 796 33 18 att
577 794 67 26 kring
660 794 33 26 sig
714 794 75 20 samla
808 794 45 20 val-

104 830 115 20 männens
246 829 51 21 frän
323 829 45 21 den
395 830 91 20 trakten
510 831 79 19 röster.
622 830 94 20 Erinrar
740 836 55 14 man
822 830 33 26 sig

105 865 84 25 vidare,
207 867 38 22 att,
262 865 84 20 medan
363 865 36 20 för
410 865 145 20 närvarande
567 865 78 27 hvarje
657 866 111 26 domsaga
780 872 74 20 repre-

104 903 102 18 senteras
227 900 24 21 af
270 907 29 14 en
320 901 178 26 landtdagsman
516 901 7 20 i
539 901 175 26 bondeständet,
732 901 38 20 det
786 901 70 26 enligt

105 937 44 20 den
166 937 129 26 föreslagna
312 937 104 26 vallagen
434 937 95 20 komme
546 939 32 18 att
590 937 53 20 falla
658 937 141 20 åtminstone
810 937 45 26 två,

106 979 53 14 men
176 972 7 21 i
200 972 27 21 de
247 972 64 21 flesta
323 973 124 26 domsagor
458 975 33 18 tre
504 975 182 24 representanter
697 973 29 27 på
739 979 27 14 en
778 973 77 20 lands-

105 1008 68 27 bygd,
191 1008 142 21 omfattande
351 1015 28 14 en
404 1009 119 26 domsaga,
548 1009 25 20 så
594 1008 73 21 finnes
685 1009 28 20 all
731 1009 125 26 anledning

105 1046 32 19 att
154 1046 89 24 antaga,
261 1046 32 18 alt
306 1044 64 21 inom
383 1044 80 27 hvarje
475 1044 83 21 sådant
569 1044 94 21 område
675 1045 74 20 skulle
761 1044 95 21 komma

105 1082 32 18 att
161 1080 72 27 väljas
258 1079 140 21 åtminstone
423 1086 35 19 en,
484 1087 52 14 men
542 1075 15 37 i
577 1080 96 21 flertalet
696 1080 24 21 af
734 1080 52 21 dem
804 1087 52 14 san-

106 1116 75 20 nolikt
196 1116 46 24 två,
259 1115 6 21 i
283 1122 27 14 en
328 1116 36 20 del
381 1117 14 18 t
413 1123 21 14 o.
451 1123 30 13 m.
499 1118 33 19 tre
549 1118 182 25 representanter
748 1115 108 22 bosatta
845 1111 16 37 i

106 1151 98 26 trakten,
222 1158 29 14 m.
269 1158 19 14 a.
306 1158 27 14 o.:
351 1151 64 21 inom
433 1151 28 21 de
478 1152 65 21 flesta
560 1152 123 26 domsagor
699 1152 59 20 skall
779 1152 77 20 hvart-

106 1187 55 21 dera
178 1187 24 20 af
217 1187 28 21 de
261 1187 39 21 tvä
316 1190 62 18 stora
395 1187 92 28 partier,
499 1188 33 20 till
545 1187 79 21 hvilka
636 1187 96 21 flertalet
744 1187 24 20 af
779 1187 77 20 lands-

106 1223 104 27 bygdens
232 1223 136 27 befolkning
391 1223 39 20 vid
455 1223 67 21 valen
547 1224 94 19 komme
665 1225 33 18 att
714 1223 72 20 räkna
803 1223 55 20 eller

107 1259 60 20 sluta
184 1259 41 26 sig,
242 1259 79 20 kunna
339 1259 105 27 päräkna
461 1261 32 18 att
510 1259 22 20 fä
549 1259 139 20 ätminstone
705 1265 28 14 en
751 1259 49 20 frän
812 1259 45 20 den

106 1295 91 20 trakten
222 1295 86 25 invald,
332 1295 44 20 och
401 1295 119 20 dessutom
545 1295 66 20 skola
628 1296 72 19 röster
713 1294 96 27 afgifvas
825 1294 32 20 äf-

107 1336 42 14 ven
166 1330 36 21 för
218 1330 72 20 andra
307 1330 71 21 listor.
413 1330 43 20 Det
479 1330 66 21 torde
567 1330 50 20 icke
633 1330 99 21 behöfva
749 1330 110 20 särskildt

107 1366 104 26 betonas,
235 1368 30 18 att
289 1366 72 20 ehuru
387 1366 155 26 domsagorna
560 1366 7 20 i
583 1366 136 26 föregäende
736 1366 123 26 utredning

107 1402 140 26 exempelvis
264 1402 88 20 anförts
369 1408 50 14 som
436 1404 32 18 ett
485 1402 60 26 slags
570 1402 112 26 naturliga
699 1402 101 25 enheter,
811 1402 47 19 val-

108 1437 230 26 mansföreningarna
363 1437 51 20 icke
440 1437 29 27 pä
495 1437 69 26 nägot
588 1438 44 19 sätt
658 1438 39 19 äro
723 1437 96 20 bundna
836 1436 25 21 af

107 1473 168 26 domsagornas
291 1474 99 25 gränser.
408 1473 275 26 Valmansföreningarna
700 1473 75 20 bildas
792 1472 65 21 inom

775 1513 11 19 3
