1100 1745
426 130 41 22 N:o
479 130 25 22 11
793 131 28 21 23

96 198 106 22 förvisad
221 198 37 21 till
272 199 100 27 utskott,
395 199 61 22 skall
471 199 45 22 den
534 199 66 28 ligga
614 200 30 28 på
660 199 84 22 bordet
759 199 37 22 till
810 199 41 22 nå-

94 234 42 27 got
158 233 25 21 af
206 233 28 21 de
256 235 105 20 närmast
379 233 105 29 följande
503 234 209 27 sammanträdena,
732 234 30 21 då
777 233 73 22 sådan

94 266 143 29 hänvisning
252 267 61 22 skall
327 267 48 22 ske.
397 267 87 22 Likaså
499 268 61 21 skall
574 268 209 29 petitionsförslag,
800 268 52 21 där-

95 303 36 19 est
152 301 40 22 det
214 301 52 22 icke
290 302 113 28 antingen
428 304 58 20 utan
505 305 35 19 att
555 303 82 28 läggas
652 303 30 28 på
696 303 85 22 bordet
795 303 58 21 eller

95 335 60 22 efter
170 335 174 30 bordläggning
359 337 124 28 förkastas,
500 337 37 21 till
552 337 92 22 utskott
659 337 145 28 hänskjutas.

441 418 25 20 56
490 418 18 27 S.

164 461 260 22 Utskottsbetänkande
436 462 66 28 skall,
514 462 30 21 då
555 462 40 21 det
606 463 74 20 första
688 463 93 28 gången
792 463 60 20 före-

96 495 90 29 drages,
202 495 82 29 läggas
300 497 29 27 på
345 496 88 21 bordet.
462 497 47 21 Vid
524 499 69 19 nästa
608 496 169 30 föredragning
793 497 61 21 skall

98 529 45 29 det,
159 529 76 22 ehvad
250 530 184 29 öfverläggning
450 533 39 26 egt
504 538 50 14 rum
570 531 58 22 eller
643 531 57 28 icke,
713 531 60 28 ånyo
785 531 68 21 bord-

96 563 89 29 läggas,
202 571 36 14 om
254 565 41 21 två
311 565 57 21 eller
382 565 55 21 flere
452 565 152 22 medlemmar
620 565 38 22 det
678 565 96 28 begära;
800 573 53 13 men

97 598 30 21 då
142 598 97 22 ärendet
254 599 74 29 tredje
343 600 94 28 gången
457 600 163 28 förekommer,
634 600 37 21 må
680 599 174 30 bordläggning

97 633 52 22 icke
164 633 81 22 vidare
260 641 44 21 ega
319 641 58 15 rum.

443 704 26 21 57
492 704 17 27 $.

166 749 82 28 Angår
266 749 256 22 utskottsbetänkande
542 749 242 29 lagstiftningsfråga,
805 756 50 15 som

98 783 82 21 väckts
196 790 84 21 genom
293 783 115 28 Kejsaren
419 783 44 22 och
475 783 158 22 Storfurstens
644 784 145 28 proposition
799 783 57 22 eller

99 825 84 20 genom
198 818 90 21 motion
303 818 40 21 vid
359 818 151 29 landtdagen,
522 819 61 21 skall
594 819 96 21 ärendet
700 818 155 22 underkastas

100 854 34 19 tre
149 852 78 21 skilda
243 852 171 28 behandlingar
428 853 9 21 i
452 853 156 28 landtdagens
624 853 100 28 plenum.

168 886 46 22 Vid
230 886 74 22 första
323 886 175 29 behandlingen
516 887 136 29 föredrages
671 887 183 22 utskottsbetän-

99 920 88 22 kandet
202 921 45 21 och
261 921 90 21 lämnas
372 922 24 20 åt
415 921 157 29 landtdagens
592 922 149 21 medlemmar
761 921 95 22 tillfälle

100 957 35 19 att
149 957 65 26 yttra
228 956 37 28 sig
278 956 9 20 i
297 956 90 28 frågan.
418 956 78 21 Sedan
508 956 210 28 öfverläggningen
729 956 127 22 förklarats

101 990 109 27 afslutad,
227 990 157 21 öfverlämnas
400 990 102 29 ärendet,
518 992 58 20 utan
592 992 35 20 att
645 990 77 22 beslut
742 991 8 21 i
769 990 87 28 själfva

100 1024 72 21 saken
195 1024 90 29 fattats,
308 1024 37 22 till
366 1024 157 29 landtdagens
545 1027 63 19 stora
628 1025 97 27 utskott,
747 1032 49 14 som
817 1024 41 22 det

100 1058 90 29 åligger
212 1061 34 19 att
262 1059 51 21 däri
329 1059 91 28 afgifva
435 1059 111 28 yttrande
562 1059 44 22 och
621 1059 130 21 framställa
766 1059 28 22 de
810 1060 47 20 för-

101 1093 57 28 slag,
173 1093 39 21 till
227 1093 80 22 hvilka
322 1094 116 21 utskottet
454 1094 48 21 kan
516 1094 65 21 finna
596 1094 133 28 anledning.

168 1127 48 21 Vid
232 1128 73 21 andra
321 1128 175 28 behandlingen
511 1128 135 28 föredrages
657 1130 63 20 stora
730 1128 128 22 utskottets

101 1161 155 28 betänkande,
281 1162 99 22 hvarvid
405 1162 145 29 landtdagen
576 1162 68 30 ingår
666 1162 8 22 i
697 1162 113 29 pröfning
833 1162 26 22 af

101 1196 154 29 lagförslaget
270 1199 61 19 samt
347 1197 73 21 fattar
435 1197 78 21 beslut
533 1204 37 14 om
582 1197 80 28 hvarje
672 1197 100 21 särskild
782 1197 76 29 punkt

102 1230 55 22 däri.
188 1230 143 22 Godkännes
353 1234 64 18 stora
440 1232 127 21 utskottets
583 1231 89 29 förslag
691 1232 8 20 i
719 1232 46 21 alla
785 1232 71 26 delar,

101 1264 117 30 förklaras
238 1266 73 21 andra
330 1266 175 28 behandlingen
525 1266 109 22 afslutad.
664 1266 57 21 Blef
739 1268 64 19 stora
822 1268 36 19 ut-

102 1299 99 21 skottets
217 1300 90 27 förslag
322 1300 52 21 icke
390 1300 154 21 oförändradt
559 1300 127 29 godkändt,
702 1300 158 21 öfverlämnas

102 1333 160 28 lagförslaget,
279 1334 7 21 i
301 1334 45 21 den
361 1334 89 28 lydelse
466 1334 40 21 det
521 1342 83 21 genom
615 1334 156 28 landtdagens
782 1334 78 21 beslut

102 1367 100 28 erhållit,
219 1369 61 27 ånyo
296 1369 38 20 till
349 1370 63 20 stora
427 1369 123 28 utskottet,
566 1369 30 28 på
611 1369 91 21 hvilket
712 1369 41 21 det
763 1369 96 21 ankom-

103 1409 49 14 mer
167 1404 36 19 att
218 1403 94 21 förorda
327 1403 115 28 förslaget
456 1403 54 22 med
526 1404 56 21 eller
596 1405 58 20 utan
665 1403 127 28 ändringar
803 1403 57 21 eller

103 1438 35 20 att
152 1436 109 31 afstyrka
276 1437 52 21 dess
340 1437 140 32 antagande.
496 1437 80 22 Hafva
586 1437 165 32 förändringar
762 1437 26 21 af
797 1439 64 23 stora
