1106 1750
250 144 13 20 6
491 145 20 22 U.
530 146 22 21 B.
581 158 17 2 —
602 144 74 29 Prop.
695 146 42 22 N:o.
754 146 22 21 11.

249 217 54 14 man
330 211 19 27 ej
374 212 74 20 skulle
473 212 63 20 tolka
559 212 85 27 riktigt,
669 216 38 16 om
733 218 55 14 man
813 210 57 22 fäste
894 212 107 20 afseende

248 247 148 21 uteslutande
412 248 38 20 vid
467 248 110 20 rubriken
599 248 33 20 till
653 248 37 20 det
709 248 94 28 kapitel,
828 248 42 20 där
893 250 31 18 ett
941 248 59 20 stad-

247 284 74 26 gande
337 284 162 20 förekommer.

321 320 31 20 På
369 320 67 20 dessa
453 320 49 20 skäl
520 320 134 21 hemställer
669 320 118 21 Utskottet
803 320 119 20 vördsamt

463 392 31 20 att
515 392 156 20 Presteslåndet
694 392 72 20 måtte
779 391 122 27 godkänna
918 392 29 19 52
963 391 14 27 $
995 391 7 20 i

390 427 107 27 förslaget
517 427 44 21 till:
572 427 216 27 landtdagsordning
805 427 66 27 enligt
889 427 112 21 Utskottets

391 460 143 35 betänkande.
752 472 1 3 i

320 601 145 21 Beträffande
489 602 27 19 57
533 602 13 25 8
563 602 7 20 i
587 602 108 27 förslaget
711 602 34 20 till
770 601 229 28 landtdagsordning,

248 642 50 14 som
316 636 6 21 i
340 637 67 26 öfrigt
422 637 121 26 godkänts,
563 638 43 20 har
620 637 63 21 inom
696 637 159 21 Presteständet
872 638 126 23 anmärkts,

247 673 33 19 att
296 672 66 21 ordet
373 681 7 10 »
387 673 171 21 väliaikaisille»
570 673 71 21 borde
653 674 86 20 ändras
750 673 35 21 till
799 673 199 27 »ylimääräisille».

307 708 54 21 Som
386 709 161 21 förstnämnda
571 709 91 28 uttryck
680 709 184 28 uppenbarligen
881 709 7 20 i
904 709 56 27 följd
977 709 24 20 af

246 743 148 22 förbiseende
411 745 124 20 inkommit
552 745 7 20 i
576 746 75 20 stället
669 745 42 21 för.
721 745 38 21 det
775 751 89 20 senare,
881 745 28 27 pä
927 745 71 20 andra

247 780 84 21 ställen
347 780 7 21 i
371 781 64 26 lagen
453 781 115 26 använda,
585 781 134 21 hemställer
746 781 116 21 Utskottet
881 781 118 20 vördsamt

463 849 31 18 att
509 847 124 20 Ständerna
650 848 66 19 måtte
731 833 123 41 godkänna
871 847 40 20 den
923 846 75 27 finska

390 884 69 19 texten
482 883 49 20 med
547 883 166 27 ofvananförda
730 883 28 27 af
771 883 157 21 Presteständet
943 882 54 27 före-

389 919 80 27 slagna
485 919 138 27 förändring.

324 1051 26 20 75
366 1051 16 26 $
398 1051 25 20 af
437 1051 107 26 förslaget
559 1051 34 20 till
611 1051 24 20 L.
653 1051 26 21 O.
697 1051 43 20 har
756 1051 116 27 godkänts
888 1050 26 21 af
926 1049 72 27 öfriga

246 1086 70 21 ständ
343 1089 64 18 utom
429 1079 28 28 af
478 1087 161 23 Presteständet,
663 1093 51 14 som
731 1087 34 20 till
783 1086 128 21 Utskottets
927 1086 70 20 öfver-

246 1122 106 27 vägande
376 1123 129 26 hänskjutit
536 1123 79 26 frägan
646 1118 115 25 huruvida
787 1122 51 21 icke
862 1122 135 21 lokutionen

249 1159 134 26 »päättänyt
404 1159 206 20 lakiehdotuksen»
629 1159 72 21 borde
718 1159 95 27 utbytas
830 1160 49 18 mot
897 1157 101 27 »hyväk-

246 1196 71 24 synyt
342 1188 216 27 lakiehdotuksen».
599 1195 34 20 Då
661 1195 64 20 ordet
752 1191 119 30 »päättää»
899 1194 28 26 pä
952 1195 45 19 sär-

246 1230 76 20 skilda
340 1230 81 20 ställen
438 1230 25 21 af
477 1230 150 21 förevarande
644 1230 122 27 lagförslag
783 1230 116 20 användts
916 1229 7 20 i
935 1229 62 27 bety-

247 1265 80 21 delsen
346 1268 116 25 »antaga»,
479 1267 43 20 har
538 1267 115 20 Utskottet
669 1268 76 19 ansett
761 1266 34 27 sig
807 1266 56 20 böra
874 1259 124 26 hemställa

461 1328 32 18 att
514 1326 146 27 förevarande
683 1326 15 27 $
718 1327 67 19 måtte
803 1325 27 27 af
843 1324 156 21 Presteständet

388 1362 133 26 godkännas
537 1362 143 27 oförändrad.
