1103 1748
279 148 42 20 116
481 145 23 23 U.
521 146 23 22 B.
560 158 30 3 —
607 146 63 28 Prop.
688 145 37 23 N:o
742 146 22 22 II.

247 210 42 22 vid
306 210 63 23 valet
384 210 72 30 ingen
472 210 93 23 erhållit
582 210 102 23 flertalet
700 210 24 23 af
740 209 29 23 de
786 210 91 29 afgifna
884 211 116 27 rösterna,

247 246 113 22 anställes
382 247 54 28 nytt
456 246 39 23 val
518 246 87 23 mellan
629 246 28 23 de
674 246 46 27 tvä,
737 246 82 22 hvilka
835 246 28 22 de
879 246 70 22 flesta
965 248 33 20 rö-

246 282 82 22 sterna
343 282 105 23 tillfallit.

318 318 31 22 Af
373 318 29 22 de
424 318 100 23 sälunda
543 318 70 23 valde
630 318 62 29 afgä,
709 318 61 22 efter
785 318 109 28 lottning,
913 317 39 23 vid
970 317 30 23 de

246 353 41 23 tvä
310 353 158 30 nästföljande
485 354 69 22 valen
570 354 116 22 hvardera
702 353 95 29 gängen
814 360 30 16 en
861 353 23 23 af
901 353 28 23 de
946 352 52 24 full-

246 388 113 30 mäktige,
383 389 80 23 hvilka
486 391 87 21 utsetts
594 390 36 22 för
647 390 34 22 att
696 389 96 29 deltaga
807 390 8 22 i
833 389 45 23 alla
894 390 14 22 å
925 388 74 24 bank-

245 424 152 30 fullmäktige
421 425 174 23 ankommande
619 425 110 27 ärenden,
751 425 44 23 och
816 432 29 16 en
861 425 25 23 af
902 424 28 23 de
946 424 52 23 full-

247 460 113 30 mäktige,
381 461 82 23 hvilka
483 462 86 22 utsetts
585 461 36 23 för
637 462 35 22 att
688 461 95 29 deltaga
798 462 8 22 i
821 460 177 30 behandlingen

246 497 24 23 af
295 497 28 23 de
345 497 110 28 ärenden,
471 504 51 16 som
538 497 82 23 kunna
637 497 93 29 afgöras
747 497 84 23 endast
848 497 24 23 af
888 497 110 29 samtlige

247 533 216 29 bankfullmäktige
479 534 156 28 gemensamt.

594 600 12 21 4
624 601 22 25 5.

317 647 255 28 Landtdagsordningen
589 647 27 27 af
629 647 42 22 den
872 664 5 10 ,
894 647 102 27 vallagen

245 683 28 27 af
285 690 88 15 samma
389 683 43 28 dag
451 684 58 21 samt
532 683 63 22 dessa
619 683 271 28 öfvergängsstadganden
906 683 65 21 träda
988 682 8 22 i

244 719 105 28 gällande
366 719 61 26 kraft
442 719 42 22 den

460 826 23 28 d)
501 828 32 19 att
547 826 128 22 Ständerna
690 826 67 22 måtte
773 826 36 21 till
824 826 66 21 Hans
906 825 89 28 Kejser-

389 862 44 28 liga
445 862 115 28 Majestäts
577 862 83 28 nädiga
676 862 163 23 bestämmande
850 862 145 28 öfverlämna,

387 898 87 22 hvilken
490 898 43 28 dag
549 898 37 22 bör
597 898 8 22 i
615 899 15 21 4
640 899 15 27 $
666 898 28 28 af
706 898 157 28 ofvanstäende
880 898 41 28 lag,
933 898 63 21 inne-

386 934 101 27 fattande
508 934 275 28 öfvergängsstadganden,
808 935 94 20 utsättas
922 934 72 21 såsom

387 970 50 26 den,
454 970 29 21 då
499 970 42 21 den
557 977 44 21 nya
618 970 242 27 landtdagsordningen
872 970 71 27 jämte
960 970 35 21 till

388 1006 128 21 densamma
540 1005 97 22 hörande
660 1005 74 28 vallag
749 1005 38 21 och
803 1005 191 28 öfvergångsstad-

386 1041 87 28 ganden
489 1041 62 22 skola
567 1042 66 20 träda
648 1041 9 21 i
666 1041 105 27 gällande
786 1040 73 28 kraft;
875 1040 119 22 äfvensom

458 1078 20 26 e)
496 1078 32 20 att
543 1076 127 23 Ständerna
686 1077 9 21 i
718 1076 162 28 sammanhang
903 1076 93 22 härmed

385 1112 68 22 måtte
469 1113 71 21 såsom
556 1112 36 22 sin
607 1112 156 28 underdäniga
779 1112 85 22 önskan
880 1112 72 21 uttala
963 1114 33 20 att

386 1148 78 22 härtill
478 1148 69 22 måtte
571 1148 130 22 bestämmas
726 1148 92 28 lämplig
833 1148 44 28 dag
892 1148 28 27 af
932 1148 64 22 inne-

386 1184 98 21 varande
501 1184 33 22 år.

313 1296 156 29 Helsingfors,
494 1296 23 23 af
541 1296 258 30 Grundlagsutskottet,
824 1296 47 23 den
894 1299 27 19 25
945 1296 47 29 Maj

241 1334 66 20 1906.

312 1431 9 23 I
337 1432 177 29 behandlingen
531 1433 24 22 af
571 1433 64 22 detta
646 1433 87 22 ärende
743 1432 73 23 hafva
827 1432 100 29 deltagit
937 1419 56 36 Her-

238 1473 39 16 rar
293 1467 26 23 R.
336 1467 24 23 F.
377 1468 155 27 Hermanson,
549 1468 146 28 ordförande,
712 1469 63 22 samt
791 1468 20 23 J.
823 1469 28 22 A.
864 1468 130 28 Törngren,

237 1502 29 23 K.
290 1503 25 23 G.
338 1503 41 23 Th.
400 1504 65 27 Rein,
482 1504 25 22 E.
524 1504 25 22 H.
566 1504 132 27 Estlander,
715 1504 23 23 L.
756 1504 23 23 L.
796 1503 115 28 Lindelöf,
928 1503 20 23 J.
966 1503 27 22 R.
