<?xml version="1.0" encoding="UTF-8"?>
<alto xmlns="http://www.loc.gov/standards/alto/ns-v3#" xmlns:xlink="http://www.w3.org/1999/xlink" xmlns:xsi="http://www.w3.org/2001/XMLSchema-instance" xsi:schemaLocation="http://www.loc.gov/standards/alto/ns-v3# http://www.loc.gov/alto/v3/alto-3-0.xsd">
	<Description>
		<MeasurementUnit>pixel</MeasurementUnit>
		<sourceImageInformation>
			<fileName>/tmp/tess_5gk5osve_input.PNG</fileName>
		</sourceImageInformation>
		<OCRProcessing ID="OCR_0">
			<ocrProcessingStep>
				<processingSoftware>
					<softwareName>tesseract 5.3.4</softwareName>
				</processingSoftware>
			</ocrProcessingStep>
		</OCRProcessing>
	</Description>
	<Layout>
		<Page WIDTH="1100" HEIGHT="1745" PHYSICAL_IMG_NR="0" ID="page_0">
			<PrintSpace HPOS="0" VPOS="0" WIDTH="1100" HEIGHT="1745">
				<ComposedBlock ID="cblock_0" HPOS="251" VPOS="136" WIDTH="394" HEIGHT="23">
					<TextBlock ID="block_0" HPOS="251" VPOS="136" WIDTH="394" HEIGHT="23">
						<TextLine ID="line_0" HPOS="251" VPOS="136" WIDTH="394" HEIGHT="23">
							<String ID="string_0" HPOS="251" VPOS="136" WIDTH="27" HEIGHT="21" WC="0.96" CONTENT="36"/><SP WIDTH="288" VPOS="136" HPOS="278"/>
							<String ID="string_1" HPOS="566" VPOS="137" WIDTH="41" HEIGHT="22" WC="0.94" CONTENT="N:o"/><SP WIDTH="12" VPOS="137" HPOS="607"/>
							<String ID="string_2" HPOS="619" VPOS="138" WIDTH="26" HEIGHT="21" WC="0.96" CONTENT="11"/>
						</TextLine>
					</TextBlock>
				</ComposedBlock>
				<ComposedBlock ID="cblock_1" HPOS="222" VPOS="199" WIDTH="760" HEIGHT="105">
					<TextBlock ID="block_1" HPOS="222" VPOS="199" WIDTH="760" HEIGHT="105">
						<TextLine ID="line_1" HPOS="290" VPOS="199" WIDTH="690" HEIGHT="36">
							<String ID="string_3" HPOS="290" VPOS="199" WIDTH="32" HEIGHT="28" WC="0.96" CONTENT="Är"/><SP WIDTH="25" VPOS="199" HPOS="322"/>
							<String ID="string_4" HPOS="347" VPOS="206" WIDTH="171" HEIGHT="29" WC="0.92" CONTENT="omständighet"/><SP WIDTH="24" VPOS="206" HPOS="518"/>
							<String ID="string_5" HPOS="542" VPOS="207" WIDTH="104" HEIGHT="28" WC="0.92" CONTENT="veterlig,"/><SP WIDTH="24" VPOS="207" HPOS="646"/>
							<String ID="string_6" HPOS="670" VPOS="214" WIDTH="49" HEIGHT="15" WC="0.96" CONTENT="som"/><SP WIDTH="23" VPOS="214" HPOS="719"/>
							<String ID="string_7" HPOS="742" VPOS="207" WIDTH="110" HEIGHT="22" WC="0.95" CONTENT="utesluter"/><SP WIDTH="20" VPOS="207" HPOS="852"/>
							<String ID="string_8" HPOS="872" VPOS="207" WIDTH="78" HEIGHT="28" WC="0.96" CONTENT="någon"/><SP WIDTH="22" VPOS="207" HPOS="950"/>
							<String ID="string_9" HPOS="972" VPOS="207" WIDTH="8" HEIGHT="20" WC="0.94" CONTENT="i"/>
						</TextLine>
						<TextLine ID="line_2" HPOS="222" VPOS="239" WIDTH="760" HEIGHT="31">
							<String ID="string_10" HPOS="222" VPOS="239" WIDTH="70" HEIGHT="22" WC="0.95" CONTENT="sådan"/><SP WIDTH="14" VPOS="239" HPOS="292"/>
							<String ID="string_11" HPOS="306" VPOS="239" WIDTH="146" HEIGHT="30" WC="0.96" CONTENT="förteckning"/><SP WIDTH="14" VPOS="239" HPOS="452"/>
							<String ID="string_12" HPOS="466" VPOS="244" WIDTH="117" HEIGHT="25" WC="0.96" CONTENT="upptagen"/><SP WIDTH="16" VPOS="244" HPOS="583"/>
							<String ID="string_13" HPOS="599" VPOS="249" WIDTH="81" HEIGHT="21" WC="0.96" CONTENT="person"/><SP WIDTH="16" VPOS="249" HPOS="680"/>
							<String ID="string_14" HPOS="696" VPOS="241" WIDTH="52" HEIGHT="22" WC="0.93" CONTENT="från"/><SP WIDTH="12" VPOS="241" HPOS="748"/>
							<String ID="string_15" HPOS="760" VPOS="241" WIDTH="90" HEIGHT="28" WC="0.91" CONTENT="valrätt,"/><SP WIDTH="12" VPOS="241" HPOS="850"/>
							<String ID="string_16" HPOS="862" VPOS="241" WIDTH="57" HEIGHT="22" WC="0.93" CONTENT="skall"/><SP WIDTH="11" VPOS="241" HPOS="919"/>
							<String ID="string_17" HPOS="930" VPOS="241" WIDTH="52" HEIGHT="22" WC="0.92" CONTENT="där-"/>
						</TextLine>
						<TextLine ID="line_3" HPOS="222" VPOS="274" WIDTH="529" HEIGHT="30">
							<String ID="string_18" HPOS="222" VPOS="281" WIDTH="37" HEIGHT="14" WC="0.96" CONTENT="om"/><SP WIDTH="15" VPOS="281" HPOS="259"/>
							<String ID="string_19" HPOS="274" VPOS="274" WIDTH="123" HEIGHT="22" WC="0.96" CONTENT="antecknas"/><SP WIDTH="15" VPOS="274" HPOS="397"/>
							<String ID="string_20" HPOS="412" VPOS="275" WIDTH="39" HEIGHT="21" WC="0.96" CONTENT="vid"/><SP WIDTH="15" VPOS="275" HPOS="451"/>
							<String ID="string_21" HPOS="466" VPOS="275" WIDTH="57" HEIGHT="22" WC="0.96" CONTENT="hans"/><SP WIDTH="14" VPOS="275" HPOS="523"/>
							<String ID="string_22" HPOS="537" VPOS="283" WIDTH="70" HEIGHT="14" WC="0.96" CONTENT="namn"/><SP WIDTH="15" VPOS="283" HPOS="607"/>
							<String ID="string_23" HPOS="622" VPOS="276" WIDTH="9" HEIGHT="21" WC="0.95" CONTENT="i"/><SP WIDTH="14" VPOS="276" HPOS="631"/>
							<String ID="string_24" HPOS="645" VPOS="275" WIDTH="106" HEIGHT="29" WC="0.95" CONTENT="längden."/>
						</TextLine>
					</TextBlock>
				</ComposedBlock>
				<ComposedBlock ID="cblock_2" HPOS="218" VPOS="338" WIDTH="763" HEIGHT="475">
					<TextBlock ID="block_2" HPOS="575" VPOS="338" WIDTH="49" HEIGHT="27">
						<TextLine ID="line_4" HPOS="575" VPOS="338" WIDTH="49" HEIGHT="27">
							<String ID="string_25" HPOS="575" VPOS="338" WIDTH="15" HEIGHT="21" WC="0.83" CONTENT="8"/><SP WIDTH="15" VPOS="338" HPOS="590"/>
							<String ID="string_26" HPOS="605" VPOS="340" WIDTH="19" HEIGHT="25" WC="0.79" CONTENT="&amp;."/>
						</TextLine>
					</TextBlock>
					<TextBlock ID="block_3" HPOS="219" VPOS="377" WIDTH="762" HEIGHT="236">
						<TextLine ID="line_5" HPOS="290" VPOS="377" WIDTH="690" HEIGHT="31">
							<String ID="string_27" HPOS="290" VPOS="377" WIDTH="94" HEIGHT="22" WC="0.92" CONTENT="Säsnart"/><SP WIDTH="15" VPOS="377" HPOS="384"/>
							<String ID="string_28" HPOS="399" VPOS="378" WIDTH="44" HEIGHT="21" WC="0.96" CONTENT="den"/><SP WIDTH="15" VPOS="378" HPOS="443"/>
							<String ID="string_29" HPOS="458" VPOS="379" WIDTH="9" HEIGHT="20" WC="0.92" CONTENT="i"/><SP WIDTH="15" VPOS="379" HPOS="467"/>
							<String ID="string_30" HPOS="482" VPOS="379" WIDTH="12" HEIGHT="21" WC="0.92" CONTENT="7"/><SP WIDTH="16" VPOS="379" HPOS="494"/>
							<String ID="string_31" HPOS="510" VPOS="380" WIDTH="13" HEIGHT="26" WC="0.48" CONTENT="&amp;"/><SP WIDTH="16" VPOS="380" HPOS="523"/>
							<String ID="string_32" HPOS="539" VPOS="379" WIDTH="137" HEIGHT="21" WC="0.96" CONTENT="omnämnda"/><SP WIDTH="12" VPOS="379" HPOS="676"/>
							<String ID="string_33" HPOS="688" VPOS="379" WIDTH="147" HEIGHT="29" WC="0.96" CONTENT="förteckning"/><SP WIDTH="16" VPOS="379" HPOS="835"/>
							<String ID="string_34" HPOS="851" VPOS="379" WIDTH="129" HEIGHT="28" WC="0.96" CONTENT="inkommit,"/>
						</TextLine>
						<TextLine ID="line_6" HPOS="221" VPOS="412" WIDTH="759" HEIGHT="29">
							<String ID="string_35" HPOS="221" VPOS="412" WIDTH="59" HEIGHT="21" WC="0.93" CONTENT="skall"/><SP WIDTH="15" VPOS="412" HPOS="280"/>
							<String ID="string_36" HPOS="295" VPOS="413" WIDTH="152" HEIGHT="21" WC="0.88" CONTENT="valnämnden"/><SP WIDTH="20" VPOS="413" HPOS="447"/>
							<String ID="string_37" HPOS="467" VPOS="413" WIDTH="130" HEIGHT="28" WC="0.88" CONTENT="sorgfälligt"/><SP WIDTH="14" VPOS="413" HPOS="597"/>
							<String ID="string_38" HPOS="611" VPOS="414" WIDTH="99" HEIGHT="27" WC="0.92" CONTENT="granska"/><SP WIDTH="19" VPOS="414" HPOS="710"/>
							<String ID="string_39" HPOS="729" VPOS="413" WIDTH="175" HEIGHT="28" WC="0.92" CONTENT="förteckningen"/><SP WIDTH="16" VPOS="413" HPOS="904"/>
							<String ID="string_40" HPOS="920" VPOS="416" WIDTH="60" HEIGHT="19" WC="0.95" CONTENT="samt"/>
						</TextLine>
						<TextLine ID="line_7" HPOS="220" VPOS="445" WIDTH="761" HEIGHT="31">
							<String ID="string_41" HPOS="220" VPOS="445" WIDTH="51" HEIGHT="22" WC="0.91" CONTENT="däri"/><SP WIDTH="13" VPOS="445" HPOS="271"/>
							<String ID="string_42" HPOS="284" VPOS="446" WIDTH="75" HEIGHT="22" WC="0.93" CONTENT="införa"/><SP WIDTH="16" VPOS="446" HPOS="359"/>
							<String ID="string_43" HPOS="375" VPOS="447" WIDTH="84" HEIGHT="22" WC="0.92" CONTENT="sädana"/><SP WIDTH="14" VPOS="447" HPOS="459"/>
							<String ID="string_44" HPOS="473" VPOS="447" WIDTH="181" HEIGHT="28" WC="0.88" CONTENT="valberättigade"/><SP WIDTH="17" VPOS="447" HPOS="654"/>
							<String ID="string_45" HPOS="671" VPOS="455" WIDTH="114" HEIGHT="21" WC="0.96" CONTENT="personer,"/><SP WIDTH="17" VPOS="455" HPOS="785"/>
							<String ID="string_46" HPOS="802" VPOS="455" WIDTH="48" HEIGHT="14" WC="0.93" CONTENT="som"/><SP WIDTH="15" VPOS="455" HPOS="850"/>
							<String ID="string_47" HPOS="865" VPOS="447" WIDTH="116" HEIGHT="22" WC="0.92" CONTENT="tilläfven-"/>
						</TextLine>
						<TextLine ID="line_8" HPOS="220" VPOS="481" WIDTH="759" HEIGHT="30">
							<String ID="string_48" HPOS="220" VPOS="485" WIDTH="49" HEIGHT="24" WC="0.92" CONTENT="tyrs"/><SP WIDTH="15" VPOS="485" HPOS="269"/>
							<String ID="string_49" HPOS="284" VPOS="481" WIDTH="77" HEIGHT="22" WC="0.93" CONTENT="blifvit"/><SP WIDTH="14" VPOS="481" HPOS="361"/>
							<String ID="string_50" HPOS="375" VPOS="482" WIDTH="152" HEIGHT="27" WC="0.91" CONTENT="utelämnade,"/><SP WIDTH="12" VPOS="482" HPOS="527"/>
							<String ID="string_51" HPOS="539" VPOS="483" WIDTH="24" HEIGHT="20" WC="0.93" CONTENT="sä"/><SP WIDTH="11" VPOS="483" HPOS="563"/>
							<String ID="string_52" HPOS="574" VPOS="482" WIDTH="43" HEIGHT="22" WC="0.93" CONTENT="ock"/><SP WIDTH="14" VPOS="482" HPOS="617"/>
							<String ID="string_53" HPOS="631" VPOS="481" WIDTH="52" HEIGHT="22" WC="0.93" CONTENT="frän"/><SP WIDTH="9" VPOS="481" HPOS="683"/>
							<String ID="string_54" HPOS="692" VPOS="481" WIDTH="177" HEIGHT="30" WC="0.92" CONTENT="förteckningen"/><SP WIDTH="9" VPOS="481" HPOS="869"/>
							<String ID="string_55" HPOS="878" VPOS="482" WIDTH="101" HEIGHT="21" WC="0.93" CONTENT="utesluta"/>
						</TextLine>
						<TextLine ID="line_9" HPOS="220" VPOS="515" WIDTH="761" HEIGHT="30">
							<String ID="string_56" HPOS="220" VPOS="515" WIDTH="91" HEIGHT="28" WC="0.93" CONTENT="enhvar,"/><SP WIDTH="19" VPOS="515" HPOS="311"/>
							<String ID="string_57" HPOS="330" VPOS="523" WIDTH="49" HEIGHT="14" WC="0.93" CONTENT="som"/><SP WIDTH="15" VPOS="523" HPOS="379"/>
							<String ID="string_58" HPOS="394" VPOS="516" WIDTH="51" HEIGHT="22" WC="0.92" CONTENT="icke"/><SP WIDTH="15" VPOS="516" HPOS="445"/>
							<String ID="string_59" HPOS="460" VPOS="517" WIDTH="139" HEIGHT="21" WC="0.92" CONTENT="tillkommer"/><SP WIDTH="14" VPOS="517" HPOS="599"/>
							<String ID="string_60" HPOS="613" VPOS="517" WIDTH="90" HEIGHT="21" WC="0.89" CONTENT="valrätt."/><SP WIDTH="30" VPOS="517" HPOS="703"/>
							<String ID="string_61" HPOS="733" VPOS="517" WIDTH="185" HEIGHT="28" WC="0.92" CONTENT="Förteckningen"/><SP WIDTH="15" VPOS="517" HPOS="918"/>
							<String ID="string_62" HPOS="933" VPOS="515" WIDTH="48" HEIGHT="22" WC="0.93" CONTENT="för-"/>
						</TextLine>
						<TextLine ID="line_10" HPOS="220" VPOS="549" WIDTH="759" HEIGHT="30">
							<String ID="string_63" HPOS="220" VPOS="557" WIDTH="36" HEIGHT="14" WC="0.92" CONTENT="ses"/><SP WIDTH="22" VPOS="557" HPOS="256"/>
							<String ID="string_64" HPOS="278" VPOS="549" WIDTH="54" HEIGHT="22" WC="0.92" CONTENT="härä"/><SP WIDTH="22" VPOS="549" HPOS="332"/>
							<String ID="string_65" HPOS="354" VPOS="551" WIDTH="53" HEIGHT="21" WC="0.93" CONTENT="med"/><SP WIDTH="22" VPOS="551" HPOS="407"/>
							<String ID="string_66" HPOS="429" VPOS="551" WIDTH="103" HEIGHT="28" WC="0.92" CONTENT="päskrift,"/><SP WIDTH="17" VPOS="551" HPOS="532"/>
							<String ID="string_67" HPOS="549" VPOS="553" WIDTH="33" HEIGHT="19" WC="0.97" CONTENT="att"/><SP WIDTH="15" VPOS="553" HPOS="582"/>
							<String ID="string_68" HPOS="597" VPOS="551" WIDTH="44" HEIGHT="22" WC="0.96" CONTENT="den"/><SP WIDTH="15" VPOS="551" HPOS="641"/>
							<String ID="string_69" HPOS="656" VPOS="553" WIDTH="69" HEIGHT="26" WC="0.93" CONTENT="utgör"/><SP WIDTH="22" VPOS="553" HPOS="725"/>
							<String ID="string_70" HPOS="747" VPOS="551" WIDTH="232" HEIGHT="28" WC="0.91" CONTENT="röstningsomrädets"/>
						</TextLine>
						<TextLine ID="line_11" HPOS="219" VPOS="584" WIDTH="706" HEIGHT="29">
							<String ID="string_71" HPOS="219" VPOS="584" WIDTH="116" HEIGHT="29" WC="0.92" CONTENT="vallängd,"/><SP WIDTH="16" VPOS="584" HPOS="335"/>
							<String ID="string_72" HPOS="351" VPOS="585" WIDTH="43" HEIGHT="22" WC="0.93" CONTENT="och"/><SP WIDTH="14" VPOS="585" HPOS="394"/>
							<String ID="string_73" HPOS="408" VPOS="585" WIDTH="171" HEIGHT="22" WC="0.92" CONTENT="underskrifves"/><SP WIDTH="16" VPOS="585" HPOS="579"/>
							<String ID="string_74" HPOS="595" VPOS="585" WIDTH="22" HEIGHT="22" WC="0.93" CONTENT="af"/><SP WIDTH="14" VPOS="585" HPOS="617"/>
							<String ID="string_75" HPOS="631" VPOS="586" WIDTH="127" HEIGHT="21" WC="0.92" CONTENT="nämndens"/><SP WIDTH="15" VPOS="586" HPOS="758"/>
							<String ID="string_76" HPOS="773" VPOS="585" WIDTH="152" HEIGHT="22" WC="0.96" CONTENT="medlemmar."/>
						</TextLine>
					</TextBlock>
					<TextBlock ID="block_4" HPOS="218" VPOS="619" WIDTH="761" HEIGHT="165">
						<TextLine ID="line_12" HPOS="289" VPOS="619" WIDTH="689" HEIGHT="29">
							<String ID="string_77" HPOS="289" VPOS="619" WIDTH="44" HEIGHT="21" WC="0.93" CONTENT="Vid"/><SP WIDTH="15" VPOS="619" HPOS="333"/>
							<String ID="string_78" HPOS="348" VPOS="620" WIDTH="172" HEIGHT="28" WC="0.96" CONTENT="granskningen"/><SP WIDTH="15" VPOS="620" HPOS="520"/>
							<String ID="string_79" HPOS="535" VPOS="620" WIDTH="42" HEIGHT="21" WC="0.93" CONTENT="bör"/><SP WIDTH="14" VPOS="620" HPOS="577"/>
							<String ID="string_80" HPOS="591" VPOS="620" WIDTH="178" HEIGHT="22" WC="0.96" CONTENT="kronolänsman"/><SP WIDTH="11" VPOS="620" HPOS="769"/>
							<String ID="string_81" HPOS="780" VPOS="620" WIDTH="54" HEIGHT="21" WC="0.93" CONTENT="eller"/><SP WIDTH="14" VPOS="620" HPOS="834"/>
							<String ID="string_82" HPOS="848" VPOS="619" WIDTH="130" HEIGHT="22" WC="0.48" CONTENT="stadsfiskai"/>
						</TextLine>
						<TextLine ID="line_13" HPOS="218" VPOS="653" WIDTH="761" HEIGHT="30">
							<String ID="string_83" HPOS="218" VPOS="655" WIDTH="102" HEIGHT="26" WC="0.93" CONTENT="närvara,"/><SP WIDTH="16" VPOS="655" HPOS="320"/>
							<String ID="string_84" HPOS="336" VPOS="653" WIDTH="128" HEIGHT="29" WC="0.91" CONTENT="hvarjämte"/><SP WIDTH="17" VPOS="653" HPOS="464"/>
							<String ID="string_85" HPOS="481" VPOS="654" WIDTH="170" HEIGHT="22" WC="0.93" CONTENT="vederbörande"/><SP WIDTH="15" VPOS="654" HPOS="651"/>
							<String ID="string_86" HPOS="666" VPOS="655" WIDTH="144" HEIGHT="28" WC="0.92" CONTENT="presterskap"/><SP WIDTH="16" VPOS="655" HPOS="810"/>
							<String ID="string_87" HPOS="826" VPOS="655" WIDTH="42" HEIGHT="20" WC="0.93" CONTENT="och"/><SP WIDTH="16" VPOS="655" HPOS="868"/>
							<String ID="string_88" HPOS="884" VPOS="654" WIDTH="95" HEIGHT="21" WC="0.92" CONTENT="försam-"/>
						</TextLine>
						<TextLine ID="line_14" HPOS="218" VPOS="687" WIDTH="760" HEIGHT="30">
							<String ID="string_89" HPOS="218" VPOS="687" WIDTH="217" HEIGHT="28" WC="0.92" CONTENT="lingsföreständare"/><SP WIDTH="24" VPOS="687" HPOS="435"/>
							<String ID="string_90" HPOS="459" VPOS="691" WIDTH="38" HEIGHT="19" WC="0.90" CONTENT="äro"/><SP WIDTH="22" VPOS="691" HPOS="497"/>
							<String ID="string_91" HPOS="519" VPOS="689" WIDTH="98" HEIGHT="28" WC="0.90" CONTENT="pliktige"/><SP WIDTH="16" VPOS="689" HPOS="617"/>
							<String ID="string_92" HPOS="633" VPOS="691" WIDTH="34" HEIGHT="19" WC="0.96" CONTENT="att"/><SP WIDTH="14" VPOS="691" HPOS="667"/>
							<String ID="string_93" HPOS="681" VPOS="689" WIDTH="53" HEIGHT="21" WC="0.96" CONTENT="med"/><SP WIDTH="15" VPOS="689" HPOS="734"/>
							<String ID="string_94" HPOS="749" VPOS="688" WIDTH="96" HEIGHT="29" WC="0.96" CONTENT="ledning"/><SP WIDTH="11" VPOS="688" HPOS="845"/>
							<String ID="string_95" HPOS="856" VPOS="688" WIDTH="24" HEIGHT="22" WC="0.93" CONTENT="af"/><SP WIDTH="13" VPOS="688" HPOS="880"/>
							<String ID="string_96" HPOS="893" VPOS="689" WIDTH="85" HEIGHT="28" WC="0.91" CONTENT="kyrko-"/>
						</TextLine>
						<TextLine ID="line_15" HPOS="218" VPOS="721" WIDTH="761" HEIGHT="30">
							<String ID="string_97" HPOS="218" VPOS="721" WIDTH="84" HEIGHT="22" WC="0.96" CONTENT="böcker"/><SP WIDTH="22" VPOS="721" HPOS="302"/>
							<String ID="string_98" HPOS="324" VPOS="722" WIDTH="43" HEIGHT="21" WC="0.96" CONTENT="och"/><SP WIDTH="22" VPOS="722" HPOS="367"/>
							<String ID="string_99" HPOS="389" VPOS="723" WIDTH="96" HEIGHT="28" WC="0.96" CONTENT="register"/><SP WIDTH="14" VPOS="723" HPOS="485"/>
							<String ID="string_100" HPOS="499" VPOS="723" WIDTH="76" HEIGHT="21" WC="0.93" CONTENT="lämna"/><SP WIDTH="15" VPOS="723" HPOS="575"/>
							<String ID="string_101" HPOS="590" VPOS="723" WIDTH="153" HEIGHT="22" WC="0.92" CONTENT="valnämnden"/><SP WIDTH="16" VPOS="723" HPOS="743"/>
							<String ID="string_102" HPOS="759" VPOS="722" WIDTH="147" HEIGHT="29" WC="0.92" CONTENT="erforderliga"/><SP WIDTH="14" VPOS="722" HPOS="906"/>
							<String ID="string_103" HPOS="920" VPOS="730" WIDTH="59" HEIGHT="21" WC="0.92" CONTENT="upp-"/>
						</TextLine>
						<TextLine ID="line_16" HPOS="218" VPOS="755" WIDTH="125" HEIGHT="29">
							<String ID="string_104" HPOS="218" VPOS="755" WIDTH="125" HEIGHT="29" WC="0.92" CONTENT="lysningar."/>
						</TextLine>
					</TextBlock>
					<TextBlock ID="block_5" HPOS="573" VPOS="786" WIDTH="41" HEIGHT="27">
						<TextLine ID="line_17" HPOS="573" VPOS="786" WIDTH="41" HEIGHT="27">
							<String ID="string_105" HPOS="573" VPOS="786" WIDTH="41" HEIGHT="27" WC="0.51" CONTENT="98"/>
						</TextLine>
					</TextBlock>
				</ComposedBlock>
				<ComposedBlock ID="cblock_3" HPOS="216" VPOS="825" WIDTH="762" HEIGHT="336">
					<TextBlock ID="block_6" HPOS="217" VPOS="825" WIDTH="761" HEIGHT="166">
						<TextLine ID="line_18" HPOS="288" VPOS="825" WIDTH="690" HEIGHT="28">
							<String ID="string_106" HPOS="288" VPOS="825" WIDTH="114" HEIGHT="28" WC="0.92" CONTENT="Vallängd"/><SP WIDTH="16" VPOS="825" HPOS="402"/>
							<String ID="string_107" HPOS="418" VPOS="825" WIDTH="58" HEIGHT="22" WC="0.93" CONTENT="skall"/><SP WIDTH="14" VPOS="825" HPOS="476"/>
							<String ID="string_108" HPOS="490" VPOS="825" WIDTH="50" HEIGHT="22" WC="0.93" CONTENT="frän"/><SP WIDTH="15" VPOS="825" HPOS="540"/>
							<String ID="string_109" HPOS="555" VPOS="826" WIDTH="43" HEIGHT="21" WC="0.96" CONTENT="den"/><SP WIDTH="18" VPOS="826" HPOS="598"/>
							<String ID="string_110" HPOS="616" VPOS="826" WIDTH="11" HEIGHT="21" WC="0.96" CONTENT="1"/><SP WIDTH="16" VPOS="826" HPOS="627"/>
							<String ID="string_111" HPOS="643" VPOS="826" WIDTH="35" HEIGHT="21" WC="0.96" CONTENT="till"/><SP WIDTH="17" VPOS="826" HPOS="678"/>
							<String ID="string_112" HPOS="695" VPOS="826" WIDTH="42" HEIGHT="21" WC="0.96" CONTENT="och"/><SP WIDTH="15" VPOS="826" HPOS="737"/>
							<String ID="string_113" HPOS="752" VPOS="826" WIDTH="53" HEIGHT="21" WC="0.96" CONTENT="med"/><SP WIDTH="15" VPOS="826" HPOS="805"/>
							<String ID="string_114" HPOS="820" VPOS="825" WIDTH="44" HEIGHT="22" WC="0.96" CONTENT="den"/><SP WIDTH="16" VPOS="825" HPOS="864"/>
							<String ID="string_115" HPOS="880" VPOS="827" WIDTH="27" HEIGHT="20" WC="0.96" CONTENT="15"/><SP WIDTH="10" VPOS="827" HPOS="907"/>
							<String ID="string_116" HPOS="917" VPOS="833" WIDTH="61" HEIGHT="14" WC="0.96" CONTENT="mars"/>
						</TextLine>
						<TextLine ID="line_19" HPOS="218" VPOS="859" WIDTH="760" HEIGHT="30">
							<String ID="string_117" HPOS="218" VPOS="866" WIDTH="55" HEIGHT="14" WC="0.93" CONTENT="vara"/><SP WIDTH="17" VPOS="866" HPOS="273"/>
							<String ID="string_118" HPOS="290" VPOS="860" WIDTH="14" HEIGHT="21" WC="0.93" CONTENT="&amp;"/><SP WIDTH="17" VPOS="860" HPOS="304"/>
							<String ID="string_119" HPOS="321" VPOS="859" WIDTH="107" HEIGHT="29" WC="0.93" CONTENT="lämpligt"/><SP WIDTH="21" VPOS="859" HPOS="428"/>
							<String ID="string_120" HPOS="449" VPOS="860" WIDTH="64" HEIGHT="21" WC="0.92" CONTENT="ställe"/><SP WIDTH="18" VPOS="860" HPOS="513"/>
							<String ID="string_121" HPOS="531" VPOS="860" WIDTH="63" HEIGHT="21" WC="0.93" CONTENT="inom"/><SP WIDTH="18" VPOS="860" HPOS="594"/>
							<String ID="string_122" HPOS="612" VPOS="860" WIDTH="221" HEIGHT="29" WC="0.90" CONTENT="röstningsomrädet"/><SP WIDTH="17" VPOS="860" HPOS="833"/>
							<String ID="string_123" HPOS="850" VPOS="860" WIDTH="72" HEIGHT="21" WC="0.93" CONTENT="under"/><SP WIDTH="17" VPOS="860" HPOS="922"/>
							<String ID="string_124" HPOS="939" VPOS="860" WIDTH="39" HEIGHT="22" WC="0.93" CONTENT="be-"/>
						</TextLine>
						<TextLine ID="line_20" HPOS="218" VPOS="893" WIDTH="759" HEIGHT="30">
							<String ID="string_125" HPOS="218" VPOS="893" WIDTH="66" HEIGHT="28" WC="0.91" CONTENT="hörig"/><SP WIDTH="22" VPOS="893" HPOS="284"/>
							<String ID="string_126" HPOS="306" VPOS="893" WIDTH="80" HEIGHT="30" WC="0.96" CONTENT="tillsyn"/><SP WIDTH="18" VPOS="893" HPOS="386"/>
							<String ID="string_127" HPOS="404" VPOS="894" WIDTH="111" HEIGHT="29" WC="0.96" CONTENT="framlagd"/><SP WIDTH="22" VPOS="894" HPOS="515"/>
							<String ID="string_128" HPOS="537" VPOS="894" WIDTH="35" HEIGHT="22" WC="0.93" CONTENT="för"/><SP WIDTH="17" VPOS="894" HPOS="572"/>
							<String ID="string_129" HPOS="589" VPOS="895" WIDTH="149" HEIGHT="28" WC="0.93" CONTENT="granskning,"/><SP WIDTH="19" VPOS="895" HPOS="738"/>
							<String ID="string_130" HPOS="757" VPOS="895" WIDTH="94" HEIGHT="21" WC="0.92" CONTENT="hvarom"/><SP WIDTH="23" VPOS="895" HPOS="851"/>
							<String ID="string_131" HPOS="874" VPOS="895" WIDTH="41" HEIGHT="21" WC="0.92" CONTENT="bör"/><SP WIDTH="16" VPOS="895" HPOS="915"/>
							<String ID="string_132" HPOS="931" VPOS="895" WIDTH="46" HEIGHT="21" WC="0.79" CONTENT="till-"/>
						</TextLine>
						<TextLine ID="line_21" HPOS="217" VPOS="927" WIDTH="760" HEIGHT="30">
							<String ID="string_133" HPOS="217" VPOS="927" WIDTH="152" HEIGHT="30" WC="0.90" CONTENT="kännagifvas"/><SP WIDTH="20" VPOS="927" HPOS="369"/>
							<String ID="string_134" HPOS="389" VPOS="929" WIDTH="8" HEIGHT="20" WC="0.96" CONTENT="i"/><SP WIDTH="16" VPOS="929" HPOS="397"/>
							<String ID="string_135" HPOS="413" VPOS="928" WIDTH="44" HEIGHT="21" WC="0.96" CONTENT="den"/><SP WIDTH="19" VPOS="928" HPOS="457"/>
							<String ID="string_136" HPOS="476" VPOS="929" WIDTH="104" HEIGHT="28" WC="0.96" CONTENT="ordning,"/><SP WIDTH="21" VPOS="929" HPOS="580"/>
							<String ID="string_137" HPOS="601" VPOS="936" WIDTH="48" HEIGHT="14" WC="0.96" CONTENT="som"/><SP WIDTH="19" VPOS="936" HPOS="649"/>
							<String ID="string_138" HPOS="668" VPOS="929" WIDTH="35" HEIGHT="22" WC="0.96" CONTENT="för"/><SP WIDTH="17" VPOS="929" HPOS="703"/>
							<String ID="string_139" HPOS="720" VPOS="929" WIDTH="148" HEIGHT="22" WC="0.93" CONTENT="kommunala"/><SP WIDTH="19" VPOS="929" HPOS="868"/>
							<String ID="string_140" HPOS="887" VPOS="929" WIDTH="90" HEIGHT="28" WC="0.90" CONTENT="kungö-"/>
						</TextLine>
						<TextLine ID="line_22" HPOS="218" VPOS="962" WIDTH="227" HEIGHT="29">
							<String ID="string_141" HPOS="218" VPOS="962" WIDTH="69" HEIGHT="21" WC="0.93" CONTENT="relser"/><SP WIDTH="14" VPOS="962" HPOS="287"/>
							<String ID="string_142" HPOS="301" VPOS="965" WIDTH="24" HEIGHT="18" WC="0.92" CONTENT="är"/><SP WIDTH="18" VPOS="965" HPOS="325"/>
							<String ID="string_143" HPOS="343" VPOS="962" WIDTH="102" HEIGHT="29" WC="0.92" CONTENT="stadgad."/>
						</TextLine>
					</TextBlock>
					<TextBlock ID="block_7" HPOS="216" VPOS="997" WIDTH="761" HEIGHT="164">
						<TextLine ID="line_23" HPOS="287" VPOS="997" WIDTH="689" HEIGHT="30">
							<String ID="string_144" HPOS="287" VPOS="997" WIDTH="124" HEIGHT="21" WC="0.92" CONTENT="Förmenar"/><SP WIDTH="18" VPOS="997" HPOS="411"/>
							<String ID="string_145" HPOS="429" VPOS="998" WIDTH="82" HEIGHT="28" WC="0.92" CONTENT="nägon,"/><SP WIDTH="20" VPOS="998" HPOS="511"/>
							<String ID="string_146" HPOS="531" VPOS="1000" WIDTH="34" HEIGHT="19" WC="0.96" CONTENT="att"/><SP WIDTH="14" VPOS="1000" HPOS="565"/>
							<String ID="string_147" HPOS="579" VPOS="998" WIDTH="45" HEIGHT="21" WC="0.93" CONTENT="han"/><SP WIDTH="16" VPOS="998" HPOS="624"/>
							<String ID="string_148" HPOS="640" VPOS="998" WIDTH="138" HEIGHT="29" WC="0.91" CONTENT="obehörigen"/><SP WIDTH="16" VPOS="998" HPOS="778"/>
							<String ID="string_149" HPOS="794" VPOS="998" WIDTH="115" HEIGHT="21" WC="0.91" CONTENT="uteslutits"/><SP WIDTH="16" VPOS="998" HPOS="909"/>
							<String ID="string_150" HPOS="925" VPOS="997" WIDTH="51" HEIGHT="22" WC="0.93" CONTENT="frän"/>
						</TextLine>
						<TextLine ID="line_24" HPOS="218" VPOS="1031" WIDTH="758" HEIGHT="30">
							<String ID="string_151" HPOS="218" VPOS="1031" WIDTH="55" HEIGHT="21" WC="0.95" CONTENT="eller"/><SP WIDTH="22" VPOS="1031" HPOS="273"/>
							<String ID="string_152" HPOS="295" VPOS="1039" WIDTH="75" HEIGHT="14" WC="0.93" CONTENT="annan"/><SP WIDTH="23" VPOS="1039" HPOS="370"/>
							<String ID="string_153" HPOS="393" VPOS="1032" WIDTH="137" HEIGHT="29" WC="0.91" CONTENT="obehörigen"/><SP WIDTH="23" VPOS="1032" HPOS="530"/>
							<String ID="string_154" HPOS="553" VPOS="1032" WIDTH="118" HEIGHT="29" WC="0.92" CONTENT="upptagits"/><SP WIDTH="15" VPOS="1032" HPOS="671"/>
							<String ID="string_155" HPOS="686" VPOS="1033" WIDTH="7" HEIGHT="20" WC="0.93" CONTENT="i"/><SP WIDTH="16" VPOS="1033" HPOS="693"/>
							<String ID="string_156" HPOS="709" VPOS="1032" WIDTH="144" HEIGHT="29" WC="0.90" CONTENT="vallängden,"/><SP WIDTH="21" VPOS="1032" HPOS="853"/>
							<String ID="string_157" HPOS="874" VPOS="1031" WIDTH="42" HEIGHT="22" WC="0.96" CONTENT="och"/><SP WIDTH="19" VPOS="1031" HPOS="916"/>
							<String ID="string_158" HPOS="935" VPOS="1032" WIDTH="41" HEIGHT="21" WC="0.96" CONTENT="vill"/>
						</TextLine>
						<TextLine ID="line_25" HPOS="217" VPOS="1065" WIDTH="760" HEIGHT="30">
							<String ID="string_159" HPOS="217" VPOS="1065" WIDTH="46" HEIGHT="21" WC="0.93" CONTENT="han"/><SP WIDTH="15" VPOS="1065" HPOS="263"/>
							<String ID="string_160" HPOS="278" VPOS="1065" WIDTH="84" HEIGHT="28" WC="0.91" CONTENT="begära"/><SP WIDTH="14" VPOS="1065" HPOS="362"/>
							<String ID="string_161" HPOS="376" VPOS="1066" WIDTH="98" HEIGHT="28" WC="0.92" CONTENT="rättelse,"/><SP WIDTH="16" VPOS="1066" HPOS="474"/>
							<String ID="string_162" HPOS="490" VPOS="1066" WIDTH="99" HEIGHT="21" WC="0.92" CONTENT="inlämne"/><SP WIDTH="14" VPOS="1066" HPOS="589"/>
							<String ID="string_163" HPOS="603" VPOS="1066" WIDTH="128" HEIGHT="29" WC="0.89" CONTENT="skriftligen"/><SP WIDTH="11" VPOS="1066" HPOS="731"/>
							<String ID="string_164" HPOS="742" VPOS="1065" WIDTH="106" HEIGHT="22" WC="0.87" CONTENT="affattadt"/><SP WIDTH="10" VPOS="1065" HPOS="848"/>
							<String ID="string_165" HPOS="858" VPOS="1065" WIDTH="119" HEIGHT="29" WC="0.91" CONTENT="ändrings-"/>
						</TextLine>
						<TextLine ID="line_26" HPOS="216" VPOS="1099" WIDTH="760" HEIGHT="30">
							<String ID="string_166" HPOS="216" VPOS="1099" WIDTH="104" HEIGHT="28" WC="0.92" CONTENT="yrkande"/><SP WIDTH="15" VPOS="1099" HPOS="320"/>
							<String ID="string_167" HPOS="335" VPOS="1100" WIDTH="37" HEIGHT="21" WC="0.93" CONTENT="till"/><SP WIDTH="14" VPOS="1100" HPOS="372"/>
							<String ID="string_168" HPOS="386" VPOS="1100" WIDTH="152" HEIGHT="22" WC="0.92" CONTENT="valnämnden"/><SP WIDTH="15" VPOS="1100" HPOS="538"/>
							<String ID="string_169" HPOS="553" VPOS="1101" WIDTH="43" HEIGHT="21" WC="0.96" CONTENT="den"/><SP WIDTH="17" VPOS="1101" HPOS="596"/>
							<String ID="string_170" HPOS="613" VPOS="1101" WIDTH="26" HEIGHT="21" WC="0.96" CONTENT="16"/><SP WIDTH="16" VPOS="1101" HPOS="639"/>
							<String ID="string_171" HPOS="655" VPOS="1108" WIDTH="59" HEIGHT="14" WC="0.96" CONTENT="mars"/><SP WIDTH="10" VPOS="1108" HPOS="714"/>
							<String ID="string_172" HPOS="724" VPOS="1100" WIDTH="50" HEIGHT="23" WC="0.93" CONTENT="före"/><SP WIDTH="10" VPOS="1100" HPOS="774"/>
							<String ID="string_173" HPOS="784" VPOS="1101" WIDTH="98" HEIGHT="21" WC="0.93" CONTENT="klockan"/><SP WIDTH="11" VPOS="1101" HPOS="882"/>
							<String ID="string_174" HPOS="893" VPOS="1100" WIDTH="43" HEIGHT="22" WC="0.92" CONTENT="tolf"/><SP WIDTH="9" VPOS="1100" HPOS="936"/>
							<String ID="string_175" HPOS="945" VPOS="1101" WIDTH="31" HEIGHT="28" WC="0.97" CONTENT="pä"/>
						</TextLine>
						<TextLine ID="line_27" HPOS="217" VPOS="1133" WIDTH="655" HEIGHT="28">
							<String ID="string_176" HPOS="217" VPOS="1133" WIDTH="76" HEIGHT="28" WC="0.95" CONTENT="dagen"/><SP WIDTH="15" VPOS="1133" HPOS="293"/>
							<String ID="string_177" HPOS="308" VPOS="1134" WIDTH="54" HEIGHT="21" WC="0.93" CONTENT="eller"/><SP WIDTH="16" VPOS="1134" HPOS="362"/>
							<String ID="string_178" HPOS="378" VPOS="1134" WIDTH="146" HEIGHT="22" WC="0.92" CONTENT="därförinnan"/><SP WIDTH="16" VPOS="1134" HPOS="524"/>
							<String ID="string_179" HPOS="540" VPOS="1135" WIDTH="32" HEIGHT="21" WC="0.93" CONTENT="till"/><SP WIDTH="17" VPOS="1135" HPOS="572"/>
							<String ID="string_180" HPOS="589" VPOS="1135" WIDTH="125" HEIGHT="22" WC="0.91" CONTENT="nämndens"/><SP WIDTH="16" VPOS="1135" HPOS="714"/>
							<String ID="string_181" HPOS="730" VPOS="1134" WIDTH="142" HEIGHT="23" WC="0.96" CONTENT="ordförande."/>
						</TextLine>
					</TextBlock>
				</ComposedBlock>
				<ComposedBlock ID="cblock_4" HPOS="214" VPOS="1197" WIDTH="762" HEIGHT="308">
					<TextBlock ID="block_8" HPOS="566" VPOS="1197" WIDTH="61" HEIGHT="30">
						<TextLine ID="line_28" HPOS="566" VPOS="1197" WIDTH="61" HEIGHT="30">
							<String ID="string_182" HPOS="566" VPOS="1198" WIDTH="27" HEIGHT="21" WC="0.92" CONTENT="10"/><SP WIDTH="14" VPOS="1198" HPOS="593"/>
							<String ID="string_183" HPOS="607" VPOS="1197" WIDTH="20" HEIGHT="30" WC="0.90" CONTENT="&amp;."/>
						</TextLine>
					</TextBlock>
					<TextBlock ID="block_9" HPOS="216" VPOS="1237" WIDTH="759" HEIGHT="56">
						<TextLine ID="line_29" HPOS="286" VPOS="1237" WIDTH="689" HEIGHT="29">
							<String ID="string_184" HPOS="286" VPOS="1237" WIDTH="34" HEIGHT="21" WC="0.93" CONTENT="De"/><SP WIDTH="15" VPOS="1237" HPOS="320"/>
							<String ID="string_185" HPOS="335" VPOS="1237" WIDTH="110" HEIGHT="22" WC="0.91" CONTENT="inkomna"/><SP WIDTH="13" VPOS="1237" HPOS="445"/>
							<String ID="string_186" HPOS="458" VPOS="1237" WIDTH="120" HEIGHT="22" WC="0.92" CONTENT="skrifterna"/><SP WIDTH="15" VPOS="1237" HPOS="578"/>
							<String ID="string_187" HPOS="593" VPOS="1237" WIDTH="131" HEIGHT="29" WC="0.92" CONTENT="föredragas"/><SP WIDTH="15" VPOS="1237" HPOS="724"/>
							<String ID="string_188" HPOS="739" VPOS="1238" WIDTH="9" HEIGHT="21" WC="0.93" CONTENT="i"/><SP WIDTH="15" VPOS="1238" HPOS="748"/>
							<String ID="string_189" HPOS="763" VPOS="1237" WIDTH="152" HEIGHT="22" WC="0.90" CONTENT="valnämnden"/><SP WIDTH="15" VPOS="1237" HPOS="915"/>
							<String ID="string_190" HPOS="930" VPOS="1237" WIDTH="45" HEIGHT="22" WC="0.96" CONTENT="den"/>
						</TextLine>
						<TextLine ID="line_30" HPOS="216" VPOS="1271" WIDTH="350" HEIGHT="22">
							<String ID="string_191" HPOS="216" VPOS="1271" WIDTH="28" HEIGHT="20" WC="0.96" CONTENT="16"/><SP WIDTH="16" VPOS="1271" HPOS="244"/>
							<String ID="string_192" HPOS="260" VPOS="1278" WIDTH="58" HEIGHT="14" WC="0.96" CONTENT="mars"/><SP WIDTH="16" VPOS="1278" HPOS="318"/>
							<String ID="string_193" HPOS="334" VPOS="1271" WIDTH="58" HEIGHT="22" WC="0.93" CONTENT="efter"/><SP WIDTH="14" VPOS="1271" HPOS="392"/>
							<String ID="string_194" HPOS="406" VPOS="1272" WIDTH="98" HEIGHT="21" WC="0.93" CONTENT="klockan"/><SP WIDTH="15" VPOS="1272" HPOS="504"/>
							<String ID="string_195" HPOS="519" VPOS="1271" WIDTH="47" HEIGHT="22" WC="0.87" CONTENT="tolf."/>
						</TextLine>
					</TextBlock>
					<TextBlock ID="block_10" HPOS="214" VPOS="1305" WIDTH="762" HEIGHT="200">
						<TextLine ID="line_31" HPOS="285" VPOS="1305" WIDTH="690" HEIGHT="29">
							<String ID="string_196" HPOS="285" VPOS="1305" WIDTH="129" HEIGHT="21" WC="0.95" CONTENT="Innehåller"/><SP WIDTH="22" VPOS="1305" HPOS="414"/>
							<String ID="string_197" HPOS="436" VPOS="1306" WIDTH="66" HEIGHT="21" WC="0.96" CONTENT="skrift"/><SP WIDTH="21" VPOS="1306" HPOS="502"/>
							<String ID="string_198" HPOS="523" VPOS="1306" WIDTH="101" HEIGHT="28" WC="0.96" CONTENT="yrkande"/><SP WIDTH="24" VPOS="1306" HPOS="624"/>
							<String ID="string_199" HPOS="648" VPOS="1309" WIDTH="33" HEIGHT="18" WC="0.93" CONTENT="att"/><SP WIDTH="22" VPOS="1309" HPOS="681"/>
							<String ID="string_200" HPOS="703" VPOS="1307" WIDTH="78" HEIGHT="27" WC="0.95" CONTENT="någon"/><SP WIDTH="22" VPOS="1307" HPOS="781"/>
							<String ID="string_201" HPOS="803" VPOS="1306" WIDTH="9" HEIGHT="20" WC="0.93" CONTENT="i"/><SP WIDTH="24" VPOS="1306" HPOS="812"/>
							<String ID="string_202" HPOS="836" VPOS="1306" WIDTH="139" HEIGHT="28" WC="0.92" CONTENT="vallängden"/>
						</TextLine>
						<TextLine ID="line_32" HPOS="215" VPOS="1340" WIDTH="759" HEIGHT="29">
							<String ID="string_203" HPOS="215" VPOS="1342" WIDTH="117" HEIGHT="26" WC="0.96" CONTENT="upptagen"/><SP WIDTH="24" VPOS="1342" HPOS="332"/>
							<String ID="string_204" HPOS="356" VPOS="1340" WIDTH="58" HEIGHT="21" WC="0.96" CONTENT="skall"/><SP WIDTH="22" VPOS="1340" HPOS="414"/>
							<String ID="string_205" HPOS="436" VPOS="1340" WIDTH="49" HEIGHT="22" WC="0.96" CONTENT="från"/><SP WIDTH="22" VPOS="1340" HPOS="485"/>
							<String ID="string_206" HPOS="507" VPOS="1340" WIDTH="98" HEIGHT="29" WC="0.93" CONTENT="längden"/><SP WIDTH="27" VPOS="1340" HPOS="605"/>
							<String ID="string_207" HPOS="632" VPOS="1340" WIDTH="88" HEIGHT="29" WC="0.92" CONTENT="afföras,"/><SP WIDTH="29" VPOS="1340" HPOS="720"/>
							<String ID="string_208" HPOS="749" VPOS="1340" WIDTH="89" HEIGHT="22" WC="0.92" CONTENT="utfärde"/><SP WIDTH="22" VPOS="1340" HPOS="838"/>
							<String ID="string_209" HPOS="860" VPOS="1340" WIDTH="114" HEIGHT="22" WC="0.95" CONTENT="nämnden"/>
						</TextLine>
						<TextLine ID="line_33" HPOS="216" VPOS="1373" WIDTH="759" HEIGHT="30">
							<String ID="string_210" HPOS="216" VPOS="1381" WIDTH="86" HEIGHT="14" WC="0.95" CONTENT="samma"/><SP WIDTH="19" VPOS="1381" HPOS="302"/>
							<String ID="string_211" HPOS="321" VPOS="1373" WIDTH="45" HEIGHT="29" WC="0.93" CONTENT="dag"/><SP WIDTH="19" VPOS="1373" HPOS="366"/>
							<String ID="string_212" HPOS="385" VPOS="1374" WIDTH="220" HEIGHT="29" WC="0.91" CONTENT="tillkännagifvande"/><SP WIDTH="18" VPOS="1374" HPOS="605"/>
							<String ID="string_213" HPOS="623" VPOS="1375" WIDTH="78" HEIGHT="22" WC="0.95" CONTENT="härom"/><SP WIDTH="20" VPOS="1375" HPOS="701"/>
							<String ID="string_214" HPOS="721" VPOS="1375" WIDTH="35" HEIGHT="22" WC="0.95" CONTENT="till"/><SP WIDTH="16" VPOS="1375" HPOS="756"/>
							<String ID="string_215" HPOS="772" VPOS="1375" WIDTH="80" HEIGHT="28" WC="0.96" CONTENT="denne,"/><SP WIDTH="16" VPOS="1375" HPOS="852"/>
							<String ID="string_216" HPOS="868" VPOS="1373" WIDTH="52" HEIGHT="22" WC="0.92" CONTENT="med"/><SP WIDTH="16" VPOS="1373" HPOS="920"/>
							<String ID="string_217" HPOS="936" VPOS="1382" WIDTH="39" HEIGHT="13" WC="0.91" CONTENT="an-"/>
						</TextLine>
						<TextLine ID="line_34" HPOS="214" VPOS="1407" WIDTH="759" HEIGHT="30">
							<String ID="string_218" HPOS="214" VPOS="1407" WIDTH="92" HEIGHT="29" WC="0.96" CONTENT="visning"/><SP WIDTH="16" VPOS="1407" HPOS="306"/>
							<String ID="string_219" HPOS="322" VPOS="1410" WIDTH="34" HEIGHT="19" WC="0.96" CONTENT="att"/><SP WIDTH="14" VPOS="1410" HPOS="356"/>
							<String ID="string_220" HPOS="370" VPOS="1408" WIDTH="45" HEIGHT="21" WC="0.96" CONTENT="han"/><SP WIDTH="16" VPOS="1408" HPOS="415"/>
							<String ID="string_221" HPOS="431" VPOS="1416" WIDTH="54" HEIGHT="21" WC="0.93" CONTENT="eger"/><SP WIDTH="14" VPOS="1416" HPOS="485"/>
							<String ID="string_222" HPOS="499" VPOS="1409" WIDTH="13" HEIGHT="21" WC="0.92" CONTENT="å"/><SP WIDTH="15" VPOS="1409" HPOS="512"/>
							<String ID="string_223" HPOS="527" VPOS="1409" WIDTH="102" HEIGHT="28" WC="0.91" CONTENT="angifvet"/><SP WIDTH="16" VPOS="1409" HPOS="629"/>
							<String ID="string_224" HPOS="645" VPOS="1409" WIDTH="64" HEIGHT="22" WC="0.96" CONTENT="ställe"/><SP WIDTH="15" VPOS="1409" HPOS="709"/>
							<String ID="string_225" HPOS="724" VPOS="1413" WIDTH="56" HEIGHT="24" WC="0.96" CONTENT="taga"/><SP WIDTH="15" VPOS="1413" HPOS="780"/>
							<String ID="string_226" HPOS="795" VPOS="1409" WIDTH="37" HEIGHT="21" WC="0.96" CONTENT="del"/><SP WIDTH="14" VPOS="1409" HPOS="832"/>
							<String ID="string_227" HPOS="846" VPOS="1408" WIDTH="24" HEIGHT="22" WC="0.95" CONTENT="af"/><SP WIDTH="8" VPOS="1408" HPOS="870"/>
							<String ID="string_228" HPOS="878" VPOS="1408" WIDTH="95" HEIGHT="22" WC="0.96" CONTENT="skriften"/>
						</TextLine>
						<TextLine ID="line_35" HPOS="215" VPOS="1441" WIDTH="761" HEIGHT="30">
							<String ID="string_229" HPOS="215" VPOS="1441" WIDTH="43" HEIGHT="22" WC="0.96" CONTENT="och"/><SP WIDTH="15" VPOS="1441" HPOS="258"/>
							<String ID="string_230" HPOS="273" VPOS="1445" WIDTH="75" HEIGHT="18" WC="0.96" CONTENT="senast"/><SP WIDTH="16" VPOS="1445" HPOS="348"/>
							<String ID="string_231" HPOS="364" VPOS="1442" WIDTH="44" HEIGHT="21" WC="0.96" CONTENT="den"/><SP WIDTH="16" VPOS="1442" HPOS="408"/>
							<String ID="string_232" HPOS="424" VPOS="1443" WIDTH="11" HEIGHT="20" WC="0.94" CONTENT="1"/><SP WIDTH="19" VPOS="1443" HPOS="435"/>
							<String ID="string_233" HPOS="454" VPOS="1443" WIDTH="55" HEIGHT="28" WC="0.96" CONTENT="april"/><SP WIDTH="16" VPOS="1443" HPOS="509"/>
							<String ID="string_234" HPOS="525" VPOS="1443" WIDTH="48" HEIGHT="22" WC="0.96" CONTENT="före"/><SP WIDTH="14" VPOS="1443" HPOS="573"/>
							<String ID="string_235" HPOS="587" VPOS="1443" WIDTH="99" HEIGHT="22" WC="0.93" CONTENT="klockan"/><SP WIDTH="15" VPOS="1443" HPOS="686"/>
							<String ID="string_236" HPOS="701" VPOS="1443" WIDTH="44" HEIGHT="22" WC="0.92" CONTENT="tolf"/><SP WIDTH="15" VPOS="1443" HPOS="745"/>
							<String ID="string_237" HPOS="760" VPOS="1443" WIDTH="35" HEIGHT="21" WC="0.96" CONTENT="till"/><SP WIDTH="15" VPOS="1443" HPOS="795"/>
							<String ID="string_238" HPOS="810" VPOS="1443" WIDTH="114" HEIGHT="21" WC="0.93" CONTENT="nämnden"/><SP WIDTH="16" VPOS="1443" HPOS="924"/>
							<String ID="string_239" HPOS="940" VPOS="1443" WIDTH="36" HEIGHT="21" WC="0.89" CONTENT="in-"/>
						</TextLine>
						<TextLine ID="line_36" HPOS="214" VPOS="1475" WIDTH="326" HEIGHT="30">
							<String ID="string_240" HPOS="214" VPOS="1475" WIDTH="64" HEIGHT="28" WC="0.96" CONTENT="gifva"/><SP WIDTH="15" VPOS="1475" HPOS="278"/>
							<String ID="string_241" HPOS="293" VPOS="1475" WIDTH="100" HEIGHT="29" WC="0.96" CONTENT="skriftlig"/><SP WIDTH="16" VPOS="1475" HPOS="393"/>
							<String ID="string_242" HPOS="409" VPOS="1476" WIDTH="131" HEIGHT="29" WC="0.96" CONTENT="förklaring."/>
						</TextLine>
					</TextBlock>
				</ComposedBlock>
			</PrintSpace>
		</Page>
	</Layout>
</alto>
