1098 1745
428 127 42 21 N:o
482 127 25 21 11
797 127 27 22 41

165 195 120 29 Upptager
312 195 178 22 kandidatlistan
518 195 87 29 jämväl
629 196 129 28 suppleant,
783 195 71 22 införe

96 229 196 22 ombudsmannen
307 229 85 22 honom
407 230 75 22 såsom
497 229 116 22 kandidat.

448 298 28 21 23
492 300 18 25 S.

166 339 47 21 Vill
235 338 209 29 valmansförening
463 339 8 20 i
486 339 125 28 anledning
633 339 71 27 däraf,
724 341 33 19 att
778 339 76 28 någon

98 373 23 22 af
142 372 136 29 föreningen
299 373 119 28 uppställd
438 373 110 22 kandidat
569 373 86 28 jämväl
673 373 151 22 förekommer
843 373 13 21 å

98 415 75 13 annan
198 407 221 29 valmansförenings
444 407 171 27 kandidatlista,
640 408 106 28 utstryka
771 407 84 21 dennes

97 449 70 14 namn
185 441 49 22 från
257 441 34 22 sin
310 441 53 22 lista
381 441 55 22 eller
450 444 84 19 ersätta
550 441 38 22 det
610 441 52 22 med
685 444 75 25 annat,
776 441 80 22 stånde

98 475 38 22 det
151 475 134 30 föreningen
300 475 55 22 fritt.

167 510 130 22 Innehåller
315 510 20 29 ej
351 510 45 22 den
411 510 73 28 skrift,
500 511 149 28 hvarigenom
664 510 134 29 föreningen
814 510 42 21 bil-

98 545 57 28 dats,
170 545 138 29 uttryckligt
322 545 184 28 bemyndigande
521 545 37 22 för
568 545 195 22 ombudsmannen
774 547 34 19 att
819 545 37 21 be-

99 579 60 22 sluta
174 579 71 22 sådan
260 579 88 29 åtgärd,
364 579 45 22 kan
425 579 44 22 den
483 579 106 29 vidtagas
605 579 80 22 endast
700 580 30 27 på
744 579 75 29 grund
834 578 25 22 af

98 613 145 29 dagtecknad
261 613 101 30 skriftlig
380 613 134 30 förklaring,
532 614 94 21 hvilken
645 613 175 22 underskrifvits
836 612 22 22 af

99 648 70 21 minst
183 647 78 22 halfva
271 648 86 21 antalet
367 647 26 22 af
397 647 59 29 dem,
468 655 48 15 som
526 647 166 23 undertecknat
701 647 156 22 förstnämnda

99 682 72 22 skrift.

451 723 29 20 24
494 724 19 26 8.

169 764 114 21 Anmälan
299 771 36 14 om
351 763 97 28 ändring
464 763 23 22 af
502 762 221 29 valmansförenings
738 762 120 21 kandidat-

100 798 53 21 lista
168 798 59 21 skall
242 797 129 28 skriftligen
387 800 67 25 göras
468 797 24 22 af
502 797 196 22 ombudsmannen
708 797 42 21 hos
760 796 98 22 valkret-

100 839 51 14 sens
166 831 173 22 centralnämnd
352 835 76 18 senast
443 832 13 21 å
472 831 109 22 sextonde
597 831 74 29 dagen
686 831 48 21 före
744 830 113 29 valdagen

101 866 41 22 och
157 874 55 14 vara
227 867 25 20 så
267 866 122 27 besannad,
405 873 49 14 som
469 866 8 20 i
492 866 29 21 20
535 867 13 26 &
565 868 68 26 sagts.

169 895 33 27 Är
217 900 20 28 ej
254 900 194 22 ombudsmannen
464 900 55 28 själf
533 899 99 29 befogad
648 902 33 19 att
695 899 94 29 vidtaga
804 898 55 22 änd-

100 934 87 29 ringen,
206 934 58 22 skall
287 934 104 22 anmälan
413 934 91 28 åtföljas
525 934 23 21 af
566 934 69 21 sådan
658 933 132 28 förklaring,
810 940 48 14 som

101 969 7 21 i
130 969 28 21 23
177 970 14 26 8
209 969 13 21 2
237 976 67 14 mom.
327 971 98 25 nämnts,
448 968 44 22 och
514 968 115 22 innehålla
651 967 207 22 ombudsmannens

100 1003 119 22 försäkran
230 1006 34 18 att
273 1002 195 22 underskrifterna
478 1002 135 22 tillkommit
620 1010 83 21 genom
714 1001 145 29 egenhändig

102 1038 185 28 namnteckning.

452 1089 58 27 258

170 1130 62 28 Vilja
251 1130 39 21 två
309 1130 55 21 eller
378 1129 54 21 flere
446 1128 237 28 valmansföreningar
698 1128 52 21 med
764 1128 96 21 hvaran-

102 1164 39 21 dra
157 1164 118 21 samverka
293 1163 37 22 för
344 1164 68 27 valet,
429 1171 42 21 ege
486 1166 46 18 rätt
547 1166 34 18 att
596 1162 162 22 sammansluta
773 1162 35 28 sig
824 1161 36 21 till

102 1200 33 19 ett
149 1198 143 22 valförbund.

171 1232 76 22 Sådan
262 1232 207 28 sammanslutning
485 1232 51 21 sker
551 1238 83 22 genom
648 1230 126 29 förklaring
789 1230 25 21 af
823 1237 38 14 en-

102 1266 57 22 hvar
173 1266 106 29 förening
295 1274 37 14 om
347 1266 107 22 bildande
471 1266 23 22 af
509 1266 160 22 valförbundet
684 1268 60 18 samt
754 1264 106 22 anmälan

102 1301 78 21 därom
195 1301 42 21 hos
252 1301 141 21 valkretsens
409 1300 178 21 centralnämnd.

171 1335 28 28 Ej
217 1336 36 20 må
268 1335 173 28 sammanlagda
456 1335 88 21 antalet
559 1334 23 21 af
597 1337 32 18 ett
645 1333 147 22 valförbunds
805 1333 56 21 kan-

103 1369 88 22 didater
206 1369 124 28 öfverstiga
345 1369 39 22 det
400 1369 62 21 antal
477 1368 184 29 landtdagsmän,
672 1375 48 14 som
731 1367 130 22 valkretsen

104 1411 55 21 eger
173 1403 67 29 välja.
