1100 1745
322 164 30 23 U.
368 164 28 21 B.
411 177 30 2 —
457 164 72 27 Prop.
546 163 41 23 N:o
603 164 22 21 8.
793 165 28 20 58

96 229 86 21 lemnar
198 231 77 26 någon
291 229 113 26 säkerhet,
419 229 100 22 särdeles
531 236 48 15 som
590 229 77 22 banan
678 231 24 19 är
711 228 140 29 jämförelse-

96 264 36 22 vis
148 264 55 29 lång
218 265 37 21 för
272 265 81 22 sådant
369 264 111 23 ändamål.

168 300 110 22 Förutom
301 300 170 22 ofvanberörda
495 301 145 28 synpunkter
665 307 69 22 synes
752 307 37 15 oss
806 299 45 22 den

98 336 198 29 omständigheten
315 336 99 29 förtjäna
431 336 136 27 beaktande,
584 339 33 19 att
631 335 221 30 järnvägsarbetena

98 372 18 29 ej
144 372 71 21 borde
240 372 61 22 delas
326 375 30 26 på
377 375 83 26 många
481 372 46 22 håll
550 372 125 29 samtidigt,
699 372 97 21 emedan
820 374 33 19 ett

98 407 75 30 dylikt
195 407 185 30 tillvägagående
405 408 74 22 skulle
501 408 9 22 i
533 408 48 22 viss
605 411 52 19 mån
680 408 96 28 fördyra
795 407 57 29 byg-

98 440 92 36 gandet.
817 453 5 5 8

170 480 80 22 Under
273 480 81 21 sädant
377 480 144 22 förhällande
538 480 78 22 kunde
634 480 45 21 den
695 480 23 21 af
733 479 119 22 Utskottet

98 516 131 29 föreslagna
244 516 113 21 bandelen
377 515 159 30 Suonenjoki
552 511 131 39 Kurkilahti
697 515 88 22 lemnas
804 515 48 22 där-

100 552 44 21 hän
160 552 43 21 och
219 552 172 21 hufvudvikten
406 552 81 29 läggas
497 555 29 26 pä
538 552 44 21 den
594 552 67 22 delen
673 551 22 22 af
705 551 37 22 för
752 551 101 22 handen-

99 588 101 21 varande
216 588 361 29 sammanbindningsbanefräga,
595 590 32 19 att
642 587 117 28 banlinjen
770 587 83 29 Jyväs-

100 623 111 29 kylä—St
233 624 84 21 Michel
340 623 78 22 blefve
442 631 84 22 genom
551 623 131 30 Styrelsens
698 623 91 28 försorg
804 623 50 21 före

100 662 51 19 näst
173 659 212 22 sammanträdande
409 659 111 30 landtdag
544 663 24 18 sä
583 659 131 26 förberedd,
731 662 33 19 att
779 659 75 22 beslut

101 703 36 14 om
154 695 52 22 dess
222 695 124 29 byggande
362 695 30 22 dä
407 695 79 22 kunde
501 696 76 21 fattas.

171 743 31 21 Vi
217 743 24 21 få
257 743 77 22 därför
349 743 118 22 vördsamt
483 744 92 21 föreslå:

316 806 32 20 att
369 799 100 38 Suolahti
492 799 143 38 Suonenjoki
651 804 145 28 banförslaget
810 803 46 22 icke

245 847 37 15 ens
315 840 137 28 beträffande
482 840 293 28 Suonenjoki—Kurkilahti
796 840 60 21 delen

244 876 71 28 däraf
329 876 129 27 föranleder
483 878 72 27 någon
580 877 77 27 åtgärd
673 876 58 27 från
753 875 103 22 Ständer-

244 919 41 15 nas
300 912 54 22 sida.

174 977 146 28 Helsingfors
338 977 73 30 denf5
429 977 58 29 april
505 981 64 19 1906.

176 1037 64 22 Ferd.
256 1043 42 17 von
314 1037 89 28 Wright.
530 1037 66 23 Ludv.
612 1037 173 23 Wennerström.

371 1090 76 23 Alfred
465 1091 132 23 Carlström.

175 1162 134 22 Konnevesi
333 1165 168 26 vattensystem
526 1165 25 19 är
569 1163 50 21 icke
636 1165 25 19 sä
676 1162 134 26 vidsträckt,
826 1165 33 18 att

104 1198 39 21 det
159 1198 73 21 skulle
251 1198 53 22 löna
324 1198 36 29 sig
379 1201 32 19 att
427 1199 37 21 för
481 1199 125 22 detsamma
621 1199 79 28 bygga
717 1206 28 14 en
760 1197 98 23 särskild

104 1233 110 30 sugbana,
238 1234 94 22 hvarför
356 1234 307 29 Suonenjoki—Kurkilahti
686 1234 87 22 banans
795 1233 63 29 bety-

105 1269 62 22 delse
194 1270 73 21 skulle
294 1270 90 21 komma
411 1272 32 19 att
470 1270 197 29 hufvudsakligen
691 1270 65 21 bestå
776 1269 35 22 uti
827 1271 33 20 att

104 1305 62 21 bilda
182 1312 29 14 en
226 1305 81 29 början
323 1305 35 22 till
369 1306 308 28 sammanbindningsbanan
688 1305 171 29 Suonenjoki—

105 1341 110 21 Suolahti.
246 1342 36 20 Då
303 1341 28 22 de
346 1342 53 21 från
414 1341 132 29 Jyväskylä
561 1341 115 29 utgående
693 1340 167 23 sammanbind-

104 1376 173 29 ningsbanorna
299 1377 74 29 enligt
396 1380 41 19 vär
462 1378 61 21 åsikt
544 1377 56 22 böra
615 1377 134 29 föredragas
764 1376 96 22 framför

105 1412 276 29 Suolahti—Suonenjoki
404 1413 85 26 banan,
506 1413 43 21 och
565 1413 30 21 dä
610 1420 53 14 man
678 1412 134 22 observerar
828 1415 32 18 att

104 1448 119 23 Utskottet
242 1451 13 19 &
270 1448 42 22 sid.
330 1451 28 20 36
375 1448 43 22 och
435 1451 28 20 37
481 1448 9 22 i
506 1448 40 22 sitt
560 1448 145 22 betänkande
720 1448 96 22 föreslär
832 1455 28 14 en

104 1484 134 29 ytterligare
262 1484 126 29 utredning
404 1484 23 22 af
443 1484 32 22 bl.
493 1492 19 14 a.
530 1484 331 29 sammanbindningsbanorna

176 1537 186 24 Järnvägsutskottets
376 1537 110 19 betänkande
499 1538 35 18 N:o
547 1540 16 16 1.
