1103 1825
274 122 28 22 52
591 124 41 22 N:o
644 125 25 22 11

314 193 51 28 Lag
381 200 86 15 samma
481 201 60 21 vare,
558 202 37 14 om
610 194 77 28 någon
702 194 40 22 har
753 194 165 28 jämförelsetal
929 194 8 20 i
948 196 58 20 röst-

245 233 75 23 grupp
337 228 42 21 och
394 228 75 21 tillika
483 228 164 28 jämförelsetal
662 229 74 28 enligt
751 229 27 21 59
794 230 19 26 8.

595 320 25 21 61
638 321 18 26 8.

314 364 27 29 Ej
365 366 37 20 mä
424 365 169 29 jämförelsetal,
613 373 48 15 som
679 367 145 28 uppkommit
842 373 85 22 genom
946 373 59 14 sam-

245 399 153 29 manräkning
421 400 72 29 enligt
517 400 29 22 60
571 402 13 25 $
607 401 11 21 1
641 408 67 14 mom.
730 400 126 29 öfverstiga
882 400 45 27 det,
954 407 51 14 som

246 433 73 22 skulle
342 434 133 22 tillkommit
496 435 117 28 kandidat,
637 443 37 14 om
700 435 45 22 alla
766 435 40 21 där
830 434 93 23 afsedda
945 437 59 19 röst-

244 475 100 22 grupper
359 468 58 22 hade
432 469 89 28 utgjort
537 477 26 14 en
581 472 148 19 sammansatt
744 472 130 27 röstgrupp.

593 561 28 21 62
637 563 18 26 8.

315 606 44 22 Vid
374 606 48 22 lika
436 607 81 21 röstta]
533 607 54 21 eller
599 607 166 28 jämförelsetal
780 607 65 29 afgör
860 606 109 29 lottning.

578 781 15 19 7
610 782 57 22 kap.

244 853 48 20 Om
306 852 178 22 fastställande
500 854 27 20 af
541 855 84 19 valets
640 853 96 27 utgäng
752 855 47 19 och
811 860 41 14 om
869 854 134 20 fullmakts

543 893 159 22 utfärdande.

589 975 28 21 63
633 976 18 26 8.

313 1019 94 22 Säsnart
421 1019 50 22 frän
486 1021 210 28 röstningsomräde
712 1020 50 22 dess
778 1020 115 22 valsedlar
904 1020 37 21 till
951 1028 53 13 cen-

242 1054 160 22 tralnämnden
420 1055 127 28 inkommit,
567 1055 64 22 skola
651 1055 117 28 omslagen
785 1057 90 26 öppnas
894 1054 43 22 och
954 1055 50 21 val-

243 1088 104 22 sedlarna
369 1089 81 21 räknas
472 1089 8 21 i
500 1092 95 19 närvaro
619 1089 22 22 af
662 1089 128 22 nämndens
814 1089 108 28 samtliga
940 1089 64 21 med-

242 1123 101 21 lemmar.

312 1157 106 21 Därefter
440 1157 63 22 skola
520 1157 142 22 valsedlarna
680 1161 90 25 öppnas
791 1157 43 22 och
850 1157 81 22 ordnas
947 1157 57 21 efter

242 1191 28 21 de
278 1191 67 22 enkla
351 1194 151 26 röstgrupper,
509 1191 79 22 hvilka
595 1192 114 21 desamma
715 1192 71 28 bilda,
794 1193 60 20 samt
860 1191 144 22 valsedlarna

242 1226 8 21 i
271 1226 78 28 hvarje
370 1233 74 21 grupp
465 1226 42 22 och
530 1226 27 22 de
572 1227 8 21 i
596 1227 74 21 denna
690 1226 116 29 uppförde
827 1226 178 22 kandidaternes

242 1262 73 20 röster
329 1260 88 22 räknas.

311 1294 123 29 Valsedlar,
450 1295 79 21 hvilka
543 1295 50 21 icke
609 1296 93 20 tillhöra
716 1296 79 28 någon
806 1302 82 21 grupp,
900 1294 105 29 afskiljas

241 1328 51 22 från
308 1328 28 22 de
351 1328 81 29 öfriga;
449 1329 41 21 och
501 1330 185 21 sammanräknas
698 1330 27 21 de
736 1331 82 25 röster,
829 1329 80 21 hvilka
918 1336 85 21 genom

242 1362 84 22 sådana
341 1363 112 21 valsedlar
467 1363 97 22 tillfallit
579 1371 85 14 samma
679 1371 91 21 person.

310 1397 125 28 Valsedlar,
453 1396 86 23 hvilka
550 1398 103 21 befinnas
672 1398 106 28 ogiltiga,
798 1398 81 28 läggas
898 1398 23 20 åt
937 1396 67 22 sidan

242 1431 42 22 och
299 1432 97 21 insättas
412 1432 68 21 sedan
495 1432 6 21 i
518 1432 107 22 särskildt
641 1432 95 28 omslag,
754 1439 51 14 som
820 1432 117 28 förseglas.
