1098 1745
237 148 24 18 20
525 150 22 19 U.
560 150 22 19 B.
595 150 60 23 Prop.
668 151 36 18 N:o
719 151 28 18 10.

237 209 94 28 mening
361 209 49 22 dels
442 209 77 29 tvinga
543 209 235 30 gärdfarihandlarene
803 211 31 21 att
858 209 59 23 afstä
942 210 48 22 frän

237 244 114 23 ockrande
375 245 51 22 med
450 245 152 29 underhaltigt
626 245 68 28 kram,
718 246 49 22 dels
788 247 31 21 att
841 245 36 23 för
892 245 98 22 konkur-

237 286 95 17 rensens
357 281 57 22 skull
439 281 105 29 upphöra
569 282 51 22 med
640 281 211 30 kringvandrandet.
882 281 52 23 Och
951 281 41 22 har

236 316 63 22 inom
324 317 115 22 Utskottet
458 317 13 22 ä
490 317 70 22 andra
577 317 65 22 sidan
659 317 116 29 päpekats,
790 319 31 20 att
837 317 65 22 äfven
919 317 71 22 landt-

236 351 165 29 handlandene,
426 353 40 22 där
486 353 28 22 de
530 353 62 22 finna
609 353 81 22 sädant
706 353 52 22 med
776 353 35 22 sin
827 353 71 22 fördel
915 353 76 22 fören-

236 388 46 29 ligt,
302 388 76 22 kunna
394 389 98 23 utsända
507 395 66 17 varor
589 389 29 22 till
636 389 49 23 salu
702 389 62 23 inom
782 389 37 23 sitt
835 389 93 23 omräde
944 389 45 22 och

236 424 96 22 sälunda
347 425 113 28 ansenligt
476 425 89 22 minska
581 425 133 28 betydelsen
730 425 22 22 af
770 424 130 29 isynnerhet
918 425 72 22 utlän-

235 459 93 29 ningars
344 460 186 29 gärdfarihandel.

307 495 121 24 Anmärkts
445 496 39 22 har
500 496 72 28 äfven,
588 498 31 21 att
635 497 29 22 de
681 503 26 16 ur
722 496 196 29 gärdfarihandeln
940 496 49 22 här-

234 531 100 29 flytande
358 532 88 29 sedliga
470 531 44 23 och
539 532 96 22 sanitära
651 532 90 23 farorna
757 532 30 28 pä
803 533 82 28 mänga
901 533 58 21 orter
975 532 13 22 ä

234 567 160 29 landsbygden
426 569 39 21 äro
491 568 124 29 ansenliga.
648 569 54 21 Men
732 568 102 22 häremot
860 567 39 23 har
924 568 63 22 inom

235 603 115 23 Utskottet
370 603 137 28 framhållits,
526 605 31 21 att
573 604 234 28 gärdfarihandlarene
823 604 5 21 i
846 603 78 29 själfva
940 610 48 16 ver-

233 639 38 22 ket
280 639 86 23 mindre
375 640 64 22 torde
448 639 113 23 befordrat
570 640 189 28 t.ex.spridandet
768 639 22 23 af
798 639 103 23 venerisk
906 639 80 27 smitta,

233 677 29 20 än
278 675 48 22 frän
351 677 34 21 ort
408 676 30 22 till
463 677 34 21 ort
520 676 109 29 flyttande
645 675 179 23 arbetareskaror
840 675 43 23 och
901 675 85 22 sädana

232 711 80 28 jämvä!
334 711 29 28 pä
382 711 131 23 landsorten
537 711 188 29 kringstrykande
744 711 102 28 kvinnor,
863 711 74 22 hvilka
952 712 34 21 ut-

233 747 53 22 öfva
319 747 64 22 otukt
408 748 78 22 säsom
518 747 148 29 lefnadsyrke.
702 747 51 23 Och
782 747 39 22 har
844 753 52 16 man
923 747 62 22 inom

233 783 115 22 Utskottet
371 785 80 26 ansett,
474 785 30 20 att
528 783 45 22 den
596 783 234 29 gärdfarihandlarene
846 783 80 28 älagda
941 783 46 22 för-

232 819 118 28 pliktelsen
371 821 31 21 att
423 819 102 22 anskaffa
550 819 184 28 sundhetsbevis,
759 819 61 22 dock
843 819 42 22 bör
908 819 78 21 kunna

232 855 5 21 i
265 855 76 28 nägon
368 855 52 21 män
447 855 126 29 förebygga
597 855 37 21 det
657 855 91 27 fördärf,
776 861 51 15 som
851 854 30 22 uti
906 854 80 28 ifräga-

231 891 98 22 varande
345 891 109 22 afseende
470 891 97 22 befarats
583 897 85 22 genom
685 891 52 22 dem
755 890 76 28 sprida
840 886 38 37 sig
894 890 91 22 ilands-

231 927 94 21 orterna.
356 927 82 22 Vidare
454 928 24 21 är
493 927 38 22 det
547 926 167 29 otvifvelaktigt,
730 927 32 22 att
777 925 82 23 folkets
880 925 105 22 växande

231 962 142 29 upplysning
388 962 44 23 och
450 962 225 29 omdömesförmäga
692 962 54 22 skall
764 963 56 27 göra
833 961 151 22 allmänheten

231 997 105 29 skarpare
359 998 6 22 i
390 998 154 23 bedömandet
570 998 22 22 af
617 998 29 22 de
671 1004 123 23 personers
820 997 164 27 beskaffenhet,

230 1033 74 22 hvilka
322 1033 76 23 färdas
416 1034 77 23 säsom
510 1033 210 30 gärdfarihandlare,
736 1033 44 23 och
797 1035 24 20 är
831 1032 65 23 äfven
908 1032 76 23 denna

229 1069 172 29 omständighet
422 1070 6 21 i
450 1070 34 22 sin
509 1070 51 22 män
585 1070 74 28 egnad
681 1071 30 21 att
732 1069 90 22 minska
842 1069 29 22 de
888 1068 95 23 sanitära

229 1105 46 22 och
299 1105 87 28 sedliga
408 1105 76 28 vädor,
507 1105 74 22 hvilka
602 1105 60 22 alltid
687 1105 61 22 förut
765 1104 121 23 betraktats
904 1104 79 22 säsom

229 1142 31 21 ett
276 1141 88 29 kraftigt
381 1141 47 22 skäl
445 1143 61 20 emot
522 1141 75 22 denna
613 1141 88 22 handel.

303 1177 36 22 De
365 1177 107 22 sednaste
497 1177 66 22 ärens
589 1177 121 22 händelser
735 1176 67 22 hafva
828 1175 44 23 ock
895 1176 88 27 öppnat

228 1212 165 23 allmänhetens
409 1215 64 26 ögon
490 1213 43 22 och
552 1213 75 28 skärpt
644 1212 54 22 dess
707 1211 133 23 vaksamhet
851 1211 66 22 äfven
930 1210 51 23 med

227 1247 110 23 afseende
353 1248 13 22 å
382 1249 29 22 de
427 1249 105 28 politiska
548 1248 65 27 faror,
630 1247 74 23 hvilka
720 1247 78 22 kunde
809 1246 94 23 orsakas
913 1246 68 27 däraf,

227 1284 32 21 att
290 1291 51 15 man
373 1284 71 23 också
474 1284 119 22 framdeles
626 1283 66 23 sökte
720 1282 105 23 använda
850 1282 132 28 isynnerhet

227 1319 121 23 utländska
374 1319 204 29 gårdfarihandlare
604 1319 78 22 såsom
709 1318 98 28 redskap
830 1317 36 23 för
889 1317 93 29 politisk

226 1355 115 28 agitation.
375 1355 44 22 Det
438 1357 24 21 är
477 1355 113 29 nämligen
607 1357 30 20 att
653 1355 81 27 märka,
750 1355 32 21 att
798 1354 29 22 de
843 1353 76 22 hittills
935 1352 46 29 gäl-

226 1390 69 23 lande
318 1391 167 22 inskränkande
502 1391 198 28 bestämningarna
716 1390 98 23 rörande
829 1388 153 30 gårdfarihan-
