<?xml version="1.0" encoding="UTF-8"?>
<alto xmlns="http://www.loc.gov/standards/alto/ns-v3#" xmlns:xlink="http://www.w3.org/1999/xlink" xmlns:xsi="http://www.w3.org/2001/XMLSchema-instance" xsi:schemaLocation="http://www.loc.gov/standards/alto/ns-v3# http://www.loc.gov/alto/v3/alto-3-0.xsd">
	<Description>
		<MeasurementUnit>pixel</MeasurementUnit>
		<sourceImageInformation>
			<fileName>/tmp/tess_3fl2r_wr_input.PNG</fileName>
		</sourceImageInformation>
		<OCRProcessing ID="OCR_0">
			<ocrProcessingStep>
				<processingSoftware>
					<softwareName>tesseract 5.3.4</softwareName>
				</processingSoftware>
			</ocrProcessingStep>
		</OCRProcessing>
	</Description>
	<Layout>
		<Page WIDTH="1103" HEIGHT="1745" PHYSICAL_IMG_NR="0" ID="page_0">
			<PrintSpace HPOS="0" VPOS="0" WIDTH="1103" HEIGHT="1745">
				<ComposedBlock ID="cblock_0" HPOS="352" VPOS="129" WIDTH="487" HEIGHT="29">
					<TextBlock ID="block_0" HPOS="352" VPOS="129" WIDTH="487" HEIGHT="29">
						<TextLine ID="line_0" HPOS="352" VPOS="129" WIDTH="487" HEIGHT="29">
							<String ID="string_0" HPOS="352" VPOS="129" WIDTH="23" HEIGHT="24" WC="0.93" CONTENT="U."/><SP WIDTH="18" VPOS="129" HPOS="375"/>
							<String ID="string_1" HPOS="393" VPOS="130" WIDTH="22" HEIGHT="22" WC="0.91" CONTENT="B."/><SP WIDTH="17" VPOS="130" HPOS="415"/>
							<String ID="string_2" HPOS="432" VPOS="143" WIDTH="27" HEIGHT="2" WC="0.91" CONTENT="—"/><SP WIDTH="18" VPOS="143" HPOS="459"/>
							<String ID="string_3" HPOS="477" VPOS="130" WIDTH="65" HEIGHT="28" WC="0.96" CONTENT="Prop."/><SP WIDTH="16" VPOS="130" HPOS="542"/>
							<String ID="string_4" HPOS="558" VPOS="130" WIDTH="38" HEIGHT="23" WC="0.94" CONTENT="N:o"/><SP WIDTH="18" VPOS="130" HPOS="596"/>
							<String ID="string_5" HPOS="614" VPOS="131" WIDTH="22" HEIGHT="21" WC="0.94" CONTENT="II."/><SP WIDTH="176" VPOS="131" HPOS="636"/>
							<String ID="string_6" HPOS="812" VPOS="133" WIDTH="27" HEIGHT="19" WC="0.96" CONTENT="91"/>
						</TextLine>
					</TextBlock>
				</ComposedBlock>
				<ComposedBlock ID="cblock_1" HPOS="118" VPOS="194" WIDTH="754" HEIGHT="424">
					<TextBlock ID="block_1" HPOS="118" VPOS="194" WIDTH="754" HEIGHT="209">
						<TextLine ID="line_1" HPOS="119" VPOS="194" WIDTH="751" HEIGHT="28">
							<String ID="string_7" HPOS="119" VPOS="194" WIDTH="143" HEIGHT="27" WC="0.92" CONTENT="manträder,"/><SP WIDTH="17" VPOS="194" HPOS="262"/>
							<String ID="string_8" HPOS="279" VPOS="195" WIDTH="98" HEIGHT="22" WC="0.92" CONTENT="tillsätta"/><SP WIDTH="16" VPOS="195" HPOS="377"/>
							<String ID="string_9" HPOS="393" VPOS="201" WIDTH="27" HEIGHT="16" WC="0.93" CONTENT="en"/><SP WIDTH="18" VPOS="201" HPOS="420"/>
							<String ID="string_10" HPOS="438" VPOS="195" WIDTH="136" HEIGHT="27" WC="0.92" CONTENT="valnämnd,"/><SP WIDTH="17" VPOS="195" HPOS="574"/>
							<String ID="string_11" HPOS="591" VPOS="195" WIDTH="128" HEIGHT="22" WC="0.91" CONTENT="bestäende"/><SP WIDTH="17" VPOS="195" HPOS="719"/>
							<String ID="string_12" HPOS="736" VPOS="195" WIDTH="25" HEIGHT="22" WC="0.96" CONTENT="af"/><SP WIDTH="16" VPOS="195" HPOS="761"/>
							<String ID="string_13" HPOS="777" VPOS="201" WIDTH="28" HEIGHT="16" WC="0.93" CONTENT="en"/><SP WIDTH="15" VPOS="201" HPOS="805"/>
							<String ID="string_14" HPOS="820" VPOS="194" WIDTH="50" HEIGHT="23" WC="0.92" CONTENT="ord-"/>
						</TextLine>
						<TextLine ID="line_2" HPOS="118" VPOS="229" WIDTH="752" HEIGHT="30">
							<String ID="string_15" HPOS="118" VPOS="229" WIDTH="98" HEIGHT="24" WC="0.92" CONTENT="förande"/><SP WIDTH="24" VPOS="229" HPOS="216"/>
							<String ID="string_16" HPOS="240" VPOS="230" WIDTH="42" HEIGHT="23" WC="0.93" CONTENT="och"/><SP WIDTH="16" VPOS="230" HPOS="282"/>
							<String ID="string_17" HPOS="298" VPOS="230" WIDTH="51" HEIGHT="29" WC="0.92" CONTENT="fyra"/><SP WIDTH="17" VPOS="230" HPOS="349"/>
							<String ID="string_18" HPOS="366" VPOS="230" WIDTH="160" HEIGHT="27" WC="0.96" CONTENT="medlemmar,"/><SP WIDTH="18" VPOS="230" HPOS="526"/>
							<String ID="string_19" HPOS="544" VPOS="231" WIDTH="35" HEIGHT="22" WC="0.96" CONTENT="för"/><SP WIDTH="16" VPOS="231" HPOS="579"/>
							<String ID="string_20" HPOS="595" VPOS="232" WIDTH="35" HEIGHT="21" WC="0.96" CONTENT="att"/><SP WIDTH="15" VPOS="232" HPOS="630"/>
							<String ID="string_21" HPOS="645" VPOS="231" WIDTH="64" HEIGHT="22" WC="0.93" CONTENT="inom"/><SP WIDTH="16" VPOS="231" HPOS="709"/>
							<String ID="string_22" HPOS="725" VPOS="231" WIDTH="145" HEIGHT="22" WC="0.92" CONTENT="kommunen"/>
						</TextLine>
						<TextLine ID="line_3" HPOS="119" VPOS="265" WIDTH="752" HEIGHT="30">
							<String ID="string_23" HPOS="119" VPOS="265" WIDTH="98" HEIGHT="23" WC="0.92" CONTENT="förrätta"/><SP WIDTH="15" VPOS="265" HPOS="217"/>
							<String ID="string_24" HPOS="232" VPOS="265" WIDTH="260" HEIGHT="30" WC="0.88" CONTENT="landtdagsmannaval."/><SP WIDTH="32" VPOS="265" HPOS="492"/>
							<String ID="string_25" HPOS="524" VPOS="266" WIDTH="67" HEIGHT="23" WC="0.96" CONTENT="Dock"/><SP WIDTH="17" VPOS="266" HPOS="591"/>
							<String ID="string_26" HPOS="608" VPOS="267" WIDTH="67" HEIGHT="26" WC="0.96" CONTENT="skall,"/><SP WIDTH="18" VPOS="267" HPOS="675"/>
							<String ID="string_27" HPOS="693" VPOS="273" WIDTH="38" HEIGHT="16" WC="0.96" CONTENT="om"/><SP WIDTH="16" VPOS="273" HPOS="731"/>
							<String ID="string_28" HPOS="747" VPOS="267" WIDTH="31" HEIGHT="28" WC="0.96" CONTENT="pä"/><SP WIDTH="16" VPOS="267" HPOS="778"/>
							<String ID="string_29" HPOS="794" VPOS="265" WIDTH="77" HEIGHT="30" WC="0.96" CONTENT="grund"/>
						</TextLine>
						<TextLine ID="line_4" HPOS="119" VPOS="301" WIDTH="752" HEIGHT="30">
							<String ID="string_30" HPOS="119" VPOS="301" WIDTH="25" HEIGHT="23" WC="0.92" CONTENT="af"/><SP WIDTH="22" VPOS="301" HPOS="144"/>
							<String ID="string_31" HPOS="166" VPOS="301" WIDTH="114" HEIGHT="30" WC="0.92" CONTENT="Kejsaren"/><SP WIDTH="24" VPOS="301" HPOS="280"/>
							<String ID="string_32" HPOS="304" VPOS="302" WIDTH="43" HEIGHT="22" WC="0.93" CONTENT="och"/><SP WIDTH="16" VPOS="302" HPOS="347"/>
							<String ID="string_33" HPOS="363" VPOS="302" WIDTH="156" HEIGHT="23" WC="0.92" CONTENT="Storfurstens"/><SP WIDTH="17" VPOS="302" HPOS="519"/>
							<String ID="string_34" HPOS="536" VPOS="302" WIDTH="157" HEIGHT="23" WC="0.91" CONTENT="förordnande"/><SP WIDTH="17" VPOS="302" HPOS="693"/>
							<String ID="string_35" HPOS="710" VPOS="309" WIDTH="45" HEIGHT="22" WC="0.96" CONTENT="nya"/><SP WIDTH="16" VPOS="309" HPOS="755"/>
							<String ID="string_36" HPOS="771" VPOS="302" WIDTH="39" HEIGHT="22" WC="0.93" CONTENT="val"/><SP WIDTH="17" VPOS="302" HPOS="810"/>
							<String ID="string_37" HPOS="827" VPOS="302" WIDTH="44" HEIGHT="22" WC="0.92" CONTENT="för-"/>
						</TextLine>
						<TextLine ID="line_5" HPOS="119" VPOS="337" WIDTH="753" HEIGHT="30">
							<String ID="string_38" HPOS="119" VPOS="338" WIDTH="92" HEIGHT="27" WC="0.92" CONTENT="rättats,"/><SP WIDTH="24" VPOS="338" HPOS="211"/>
							<String ID="string_39" HPOS="235" VPOS="344" WIDTH="32" HEIGHT="23" WC="0.93" CONTENT="ny"/><SP WIDTH="16" VPOS="344" HPOS="267"/>
							<String ID="string_40" HPOS="283" VPOS="337" WIDTH="127" HEIGHT="23" WC="0.91" CONTENT="valnämnd"/><SP WIDTH="17" VPOS="337" HPOS="410"/>
							<String ID="string_41" HPOS="427" VPOS="340" WIDTH="66" HEIGHT="21" WC="0.92" CONTENT="utses"/><SP WIDTH="16" VPOS="340" HPOS="493"/>
							<String ID="string_42" HPOS="509" VPOS="339" WIDTH="8" HEIGHT="22" WC="0.96" CONTENT="i"/><SP WIDTH="13" VPOS="339" HPOS="517"/>
							<String ID="string_43" HPOS="530" VPOS="339" WIDTH="96" HEIGHT="28" WC="0.93" CONTENT="januari"/><SP WIDTH="16" VPOS="339" HPOS="626"/>
							<String ID="string_44" HPOS="642" VPOS="338" WIDTH="88" HEIGHT="23" WC="0.91" CONTENT="mänad"/><SP WIDTH="16" VPOS="338" HPOS="730"/>
							<String ID="string_45" HPOS="746" VPOS="339" WIDTH="51" HEIGHT="21" WC="0.92" CONTENT="äret"/><SP WIDTH="16" VPOS="339" HPOS="797"/>
							<String ID="string_46" HPOS="813" VPOS="337" WIDTH="59" HEIGHT="23" WC="0.95" CONTENT="efter"/>
						</TextLine>
						<TextLine ID="line_6" HPOS="119" VPOS="373" WIDTH="474" HEIGHT="30">
							<String ID="string_47" HPOS="119" VPOS="373" WIDTH="47" HEIGHT="28" WC="0.93" CONTENT="det,"/><SP WIDTH="17" VPOS="373" HPOS="166"/>
							<String ID="string_48" HPOS="183" VPOS="373" WIDTH="134" HEIGHT="23" WC="0.91" CONTENT="hvarunder"/><SP WIDTH="16" VPOS="373" HPOS="317"/>
							<String ID="string_49" HPOS="333" VPOS="373" WIDTH="74" HEIGHT="30" WC="0.92" CONTENT="sagda"/><SP WIDTH="16" VPOS="373" HPOS="407"/>
							<String ID="string_50" HPOS="423" VPOS="374" WIDTH="38" HEIGHT="23" WC="0.93" CONTENT="val"/><SP WIDTH="17" VPOS="374" HPOS="461"/>
							<String ID="string_51" HPOS="478" VPOS="375" WIDTH="39" HEIGHT="28" WC="0.92" CONTENT="egt"/><SP WIDTH="17" VPOS="375" HPOS="517"/>
							<String ID="string_52" HPOS="534" VPOS="380" WIDTH="59" HEIGHT="17" WC="0.94" CONTENT="rum."/>
						</TextLine>
					</TextBlock>
					<TextBlock ID="block_2" HPOS="120" VPOS="404" WIDTH="751" HEIGHT="71">
						<TextLine ID="line_7" HPOS="191" VPOS="404" WIDTH="680" HEIGHT="35">
							<String ID="string_53" HPOS="191" VPOS="404" WIDTH="34" HEIGHT="28" WC="0.92" CONTENT="Är"/><SP WIDTH="21" VPOS="404" HPOS="225"/>
							<String ID="string_54" HPOS="246" VPOS="410" WIDTH="113" HEIGHT="22" WC="0.93" CONTENT="kommun"/><SP WIDTH="22" VPOS="410" HPOS="359"/>
							<String ID="string_55" HPOS="381" VPOS="410" WIDTH="94" HEIGHT="22" WC="0.91" CONTENT="indelad"/><SP WIDTH="20" VPOS="410" HPOS="475"/>
							<String ID="string_56" HPOS="495" VPOS="411" WIDTH="7" HEIGHT="21" WC="0.93" CONTENT="i"/><SP WIDTH="22" VPOS="411" HPOS="502"/>
							<String ID="string_57" HPOS="524" VPOS="410" WIDTH="243" HEIGHT="29" WC="0.92" CONTENT="röstningsomräden,"/><SP WIDTH="22" VPOS="410" HPOS="767"/>
							<String ID="string_58" HPOS="789" VPOS="409" WIDTH="82" HEIGHT="23" WC="0.90" CONTENT="tillsät-"/>
						</TextLine>
						<TextLine ID="line_8" HPOS="120" VPOS="445" WIDTH="543" HEIGHT="30">
							<String ID="string_59" HPOS="120" VPOS="447" WIDTH="35" HEIGHT="20" WC="0.96" CONTENT="tes"/><SP WIDTH="17" VPOS="447" HPOS="155"/>
							<String ID="string_60" HPOS="172" VPOS="451" WIDTH="28" HEIGHT="16" WC="0.93" CONTENT="en"/><SP WIDTH="17" VPOS="451" HPOS="200"/>
							<String ID="string_61" HPOS="217" VPOS="445" WIDTH="74" HEIGHT="23" WC="0.92" CONTENT="sädan"/><SP WIDTH="16" VPOS="445" HPOS="291"/>
							<String ID="string_62" HPOS="307" VPOS="445" WIDTH="90" HEIGHT="23" WC="0.92" CONTENT="nämnd"/><SP WIDTH="15" VPOS="445" HPOS="397"/>
							<String ID="string_63" HPOS="412" VPOS="445" WIDTH="36" HEIGHT="23" WC="0.93" CONTENT="för"/><SP WIDTH="16" VPOS="445" HPOS="448"/>
							<String ID="string_64" HPOS="464" VPOS="446" WIDTH="81" HEIGHT="29" WC="0.92" CONTENT="hvarje"/><SP WIDTH="17" VPOS="446" HPOS="545"/>
							<String ID="string_65" HPOS="562" VPOS="446" WIDTH="101" HEIGHT="22" WC="0.91" CONTENT="omräde."/>
						</TextLine>
					</TextBlock>
					<TextBlock ID="block_3" HPOS="121" VPOS="481" WIDTH="751" HEIGHT="137">
						<TextLine ID="line_9" HPOS="192" VPOS="481" WIDTH="679" HEIGHT="30">
							<String ID="string_66" HPOS="192" VPOS="481" WIDTH="144" HEIGHT="22" WC="0.89" CONTENT="Ordförande"/><SP WIDTH="16" VPOS="481" HPOS="336"/>
							<String ID="string_67" HPOS="352" VPOS="481" WIDTH="43" HEIGHT="22" WC="0.93" CONTENT="och"/><SP WIDTH="15" VPOS="481" HPOS="395"/>
							<String ID="string_68" HPOS="410" VPOS="481" WIDTH="130" HEIGHT="23" WC="0.92" CONTENT="ledamöter"/><SP WIDTH="11" VPOS="481" HPOS="540"/>
							<String ID="string_69" HPOS="551" VPOS="482" WIDTH="7" HEIGHT="22" WC="0.93" CONTENT="i"/><SP WIDTH="10" VPOS="482" HPOS="558"/>
							<String ID="string_70" HPOS="568" VPOS="481" WIDTH="137" HEIGHT="27" WC="0.88" CONTENT="valnämnd,"/><SP WIDTH="10" VPOS="481" HPOS="705"/>
							<String ID="string_71" HPOS="715" VPOS="482" WIDTH="76" HEIGHT="29" WC="0.93" CONTENT="jämte"/><SP WIDTH="11" VPOS="482" HPOS="791"/>
							<String ID="string_72" HPOS="802" VPOS="481" WIDTH="69" HEIGHT="22" WC="0.88" CONTENT="erfor-"/>
						</TextLine>
						<TextLine ID="line_10" HPOS="121" VPOS="516" WIDTH="751" HEIGHT="31">
							<String ID="string_73" HPOS="121" VPOS="516" WIDTH="86" HEIGHT="29" WC="0.92" CONTENT="derligt"/><SP WIDTH="23" VPOS="516" HPOS="207"/>
							<String ID="string_74" HPOS="230" VPOS="516" WIDTH="64" HEIGHT="23" WC="0.93" CONTENT="antal"/><SP WIDTH="22" VPOS="516" HPOS="294"/>
							<String ID="string_75" HPOS="316" VPOS="517" WIDTH="150" HEIGHT="29" WC="0.92" CONTENT="suppleanter"/><SP WIDTH="24" VPOS="517" HPOS="466"/>
							<String ID="string_76" HPOS="490" VPOS="517" WIDTH="35" HEIGHT="22" WC="0.96" CONTENT="för"/><SP WIDTH="22" VPOS="517" HPOS="525"/>
							<String ID="string_77" HPOS="547" VPOS="517" WIDTH="61" HEIGHT="26" WC="0.96" CONTENT="dem,"/><SP WIDTH="18" VPOS="517" HPOS="608"/>
							<String ID="string_78" HPOS="626" VPOS="517" WIDTH="67" HEIGHT="22" WC="0.93" CONTENT="skola"/><SP WIDTH="15" VPOS="517" HPOS="693"/>
							<String ID="string_79" HPOS="708" VPOS="517" WIDTH="75" HEIGHT="30" WC="0.91" CONTENT="väljas"/><SP WIDTH="18" VPOS="517" HPOS="783"/>
							<String ID="string_80" HPOS="801" VPOS="516" WIDTH="71" HEIGHT="23" WC="0.96" CONTENT="bland"/>
						</TextLine>
						<TextLine ID="line_11" HPOS="121" VPOS="552" WIDTH="751" HEIGHT="30">
							<String ID="string_81" HPOS="121" VPOS="552" WIDTH="187" HEIGHT="29" WC="0.92" CONTENT="valberättigade"/><SP WIDTH="23" VPOS="552" HPOS="308"/>
							<String ID="string_82" HPOS="331" VPOS="559" WIDTH="117" HEIGHT="23" WC="0.93" CONTENT="personer,"/><SP WIDTH="23" VPOS="559" HPOS="448"/>
							<String ID="string_83" HPOS="471" VPOS="553" WIDTH="81" HEIGHT="22" WC="0.92" CONTENT="hvilka"/><SP WIDTH="25" VPOS="553" HPOS="552"/>
							<String ID="string_84" HPOS="577" VPOS="555" WIDTH="39" HEIGHT="21" WC="0.90" CONTENT="äro"/><SP WIDTH="17" VPOS="555" HPOS="616"/>
							<String ID="string_85" HPOS="633" VPOS="553" WIDTH="93" HEIGHT="23" WC="0.92" CONTENT="bosatta"/><SP WIDTH="21" VPOS="553" HPOS="726"/>
							<String ID="string_86" HPOS="747" VPOS="554" WIDTH="2" HEIGHT="21" WC="0.92" CONTENT="i"/><SP WIDTH="16" VPOS="554" HPOS="749"/>
							<String ID="string_87" HPOS="765" VPOS="553" WIDTH="107" HEIGHT="22" WC="0.92" CONTENT="kommu-"/>
						</TextLine>
						<TextLine ID="line_12" HPOS="121" VPOS="588" WIDTH="751" HEIGHT="30">
							<String ID="string_88" HPOS="121" VPOS="595" WIDTH="54" HEIGHT="20" WC="0.96" CONTENT="nen,"/><SP WIDTH="12" VPOS="595" HPOS="175"/>
							<String ID="string_89" HPOS="187" VPOS="588" WIDTH="43" HEIGHT="23" WC="0.93" CONTENT="och"/><SP WIDTH="11" VPOS="588" HPOS="230"/>
							<String ID="string_90" HPOS="241" VPOS="588" WIDTH="84" HEIGHT="23" WC="0.92" CONTENT="fortfar"/><SP WIDTH="10" VPOS="588" HPOS="325"/>
							<String ID="string_91" HPOS="335" VPOS="589" WIDTH="69" HEIGHT="22" WC="0.93" CONTENT="deras"/><SP WIDTH="11" VPOS="589" HPOS="404"/>
							<String ID="string_92" HPOS="415" VPOS="589" WIDTH="108" HEIGHT="29" WC="0.92" CONTENT="uppdrag"/><SP WIDTH="11" VPOS="589" HPOS="523"/>
							<String ID="string_93" HPOS="534" VPOS="589" WIDTH="34" HEIGHT="22" WC="0.96" CONTENT="till"/><SP WIDTH="10" VPOS="589" HPOS="568"/>
							<String ID="string_94" HPOS="578" VPOS="589" WIDTH="54" HEIGHT="22" WC="0.96" CONTENT="dess"/><SP WIDTH="11" VPOS="589" HPOS="632"/>
							<String ID="string_95" HPOS="643" VPOS="595" WIDTH="31" HEIGHT="23" WC="0.92" CONTENT="ny"/><SP WIDTH="9" VPOS="595" HPOS="674"/>
							<String ID="string_96" HPOS="683" VPOS="588" WIDTH="89" HEIGHT="23" WC="0.92" CONTENT="nämnd"/><SP WIDTH="8" VPOS="588" HPOS="772"/>
							<String ID="string_97" HPOS="780" VPOS="589" WIDTH="92" HEIGHT="22" WC="0.92" CONTENT="utsetts."/>
						</TextLine>
					</TextBlock>
				</ComposedBlock>
				<ComposedBlock ID="cblock_2" HPOS="122" VPOS="643" WIDTH="753" HEIGHT="286">
					<TextBlock ID="block_4" HPOS="472" VPOS="643" WIDTH="50" HEIGHT="30">
						<TextLine ID="line_13" HPOS="472" VPOS="643" WIDTH="50" HEIGHT="30">
							<String ID="string_98" HPOS="472" VPOS="643" WIDTH="50" HEIGHT="30" WC="0.88" CONTENT="58"/>
						</TextLine>
					</TextBlock>
					<TextBlock ID="block_5" HPOS="193" VPOS="684" WIDTH="441" HEIGHT="30">
						<TextLine ID="line_14" HPOS="193" VPOS="684" WIDTH="441" HEIGHT="30">
							<String ID="string_99" HPOS="193" VPOS="684" WIDTH="9" HEIGHT="23" WC="0.96" CONTENT="I"/><SP WIDTH="16" VPOS="684" HPOS="202"/>
							<String ID="string_100" HPOS="218" VPOS="684" WIDTH="53" HEIGHT="23" WC="0.96" CONTENT="stad"/><SP WIDTH="16" VPOS="684" HPOS="271"/>
							<String ID="string_101" HPOS="287" VPOS="687" WIDTH="25" HEIGHT="20" WC="0.96" CONTENT="är"/><SP WIDTH="16" VPOS="687" HPOS="312"/>
							<String ID="string_102" HPOS="328" VPOS="685" WIDTH="155" HEIGHT="29" WC="0.93" CONTENT="magistraten"/><SP WIDTH="16" VPOS="685" HPOS="483"/>
							<String ID="string_103" HPOS="499" VPOS="685" WIDTH="135" HEIGHT="22" WC="0.91" CONTENT="valnämnd."/>
						</TextLine>
					</TextBlock>
					<TextBlock ID="block_6" HPOS="122" VPOS="715" WIDTH="752" HEIGHT="135">
						<TextLine ID="line_15" HPOS="194" VPOS="715" WIDTH="680" HEIGHT="34">
							<String ID="string_104" HPOS="194" VPOS="715" WIDTH="33" HEIGHT="28" WC="0.96" CONTENT="Är"/><SP WIDTH="15" VPOS="715" HPOS="227"/>
							<String ID="string_105" HPOS="242" VPOS="720" WIDTH="83" HEIGHT="23" WC="0.96" CONTENT="staden"/><SP WIDTH="17" VPOS="720" HPOS="325"/>
							<String ID="string_106" HPOS="342" VPOS="720" WIDTH="95" HEIGHT="23" WC="0.96" CONTENT="indelad"/><SP WIDTH="15" VPOS="720" HPOS="437"/>
							<String ID="string_107" HPOS="452" VPOS="722" WIDTH="8" HEIGHT="21" WC="0.93" CONTENT="i"/><SP WIDTH="10" VPOS="722" HPOS="460"/>
							<String ID="string_108" HPOS="470" VPOS="720" WIDTH="243" HEIGHT="29" WC="0.92" CONTENT="röstningsområden,"/><SP WIDTH="12" VPOS="720" HPOS="713"/>
							<String ID="string_109" HPOS="725" VPOS="720" WIDTH="101" HEIGHT="23" WC="0.96" CONTENT="fördelar"/><SP WIDTH="11" VPOS="720" HPOS="826"/>
							<String ID="string_110" HPOS="837" VPOS="720" WIDTH="37" HEIGHT="28" WC="0.96" CONTENT="sig"/>
						</TextLine>
						<TextLine ID="line_16" HPOS="123" VPOS="755" WIDTH="751" HEIGHT="30">
							<String ID="string_111" HPOS="123" VPOS="757" WIDTH="153" HEIGHT="28" WC="0.96" CONTENT="magistraten"/><SP WIDTH="23" VPOS="757" HPOS="276"/>
							<String ID="string_112" HPOS="299" VPOS="756" WIDTH="35" HEIGHT="23" WC="0.93" CONTENT="för"/><SP WIDTH="19" VPOS="756" HPOS="334"/>
							<String ID="string_113" HPOS="353" VPOS="756" WIDTH="85" HEIGHT="29" WC="0.92" CONTENT="själfva"/><SP WIDTH="15" VPOS="756" HPOS="438"/>
							<String ID="string_114" HPOS="453" VPOS="757" WIDTH="214" HEIGHT="28" WC="0.91" CONTENT="valförrättningen"/><SP WIDTH="16" VPOS="757" HPOS="667"/>
							<String ID="string_115" HPOS="683" VPOS="757" WIDTH="8" HEIGHT="21" WC="0.96" CONTENT="i"/><SP WIDTH="16" VPOS="757" HPOS="691"/>
							<String ID="string_116" HPOS="707" VPOS="755" WIDTH="167" HEIGHT="24" WC="0.96" CONTENT="motsvarande"/>
						</TextLine>
						<TextLine ID="line_17" HPOS="123" VPOS="791" WIDTH="751" HEIGHT="30">
							<String ID="string_117" HPOS="123" VPOS="792" WIDTH="64" HEIGHT="22" WC="0.93" CONTENT="antal"/><SP WIDTH="24" VPOS="792" HPOS="187"/>
							<String ID="string_118" HPOS="211" VPOS="792" WIDTH="149" HEIGHT="29" WC="0.91" CONTENT="afdelningar"/><SP WIDTH="17" VPOS="792" HPOS="360"/>
							<String ID="string_119" HPOS="377" VPOS="792" WIDTH="43" HEIGHT="23" WC="0.93" CONTENT="och"/><SP WIDTH="16" VPOS="792" HPOS="420"/>
							<String ID="string_120" HPOS="436" VPOS="793" WIDTH="102" HEIGHT="22" WC="0.92" CONTENT="inkallar"/><SP WIDTH="15" VPOS="793" HPOS="538"/>
							<String ID="string_121" HPOS="553" VPOS="792" WIDTH="40" HEIGHT="23" WC="0.93" CONTENT="vid"/><SP WIDTH="18" VPOS="792" HPOS="593"/>
							<String ID="string_122" HPOS="611" VPOS="792" WIDTH="70" HEIGHT="23" WC="0.90" CONTENT="behof"/><SP WIDTH="16" VPOS="792" HPOS="681"/>
							<String ID="string_123" HPOS="697" VPOS="792" WIDTH="154" HEIGHT="22" WC="0.95" CONTENT="medlemmar"/><SP WIDTH="16" VPOS="792" HPOS="851"/>
							<String ID="string_124" HPOS="867" VPOS="791" WIDTH="7" HEIGHT="22" WC="0.96" CONTENT="i"/>
						</TextLine>
						<TextLine ID="line_18" HPOS="122" VPOS="827" WIDTH="76" HEIGHT="23">
							<String ID="string_125" HPOS="122" VPOS="827" WIDTH="76" HEIGHT="23" WC="0.95" CONTENT="dessa."/>
						</TextLine>
					</TextBlock>
					<TextBlock ID="block_7" HPOS="123" VPOS="863" WIDTH="752" HEIGHT="66">
						<TextLine ID="line_19" HPOS="194" VPOS="863" WIDTH="681" HEIGHT="30">
							<String ID="string_126" HPOS="194" VPOS="863" WIDTH="86" HEIGHT="23" WC="0.96" CONTENT="Finnes"/><SP WIDTH="24" VPOS="863" HPOS="280"/>
							<String ID="string_127" HPOS="304" VPOS="864" WIDTH="20" HEIGHT="29" WC="0.95" CONTENT="ej"/><SP WIDTH="25" VPOS="864" HPOS="324"/>
							<String ID="string_128" HPOS="349" VPOS="865" WIDTH="131" HEIGHT="28" WC="0.96" CONTENT="magistrat,"/><SP WIDTH="25" VPOS="865" HPOS="480"/>
							<String ID="string_129" HPOS="505" VPOS="864" WIDTH="60" HEIGHT="22" WC="0.93" CONTENT="skall"/><SP WIDTH="24" VPOS="864" HPOS="565"/>
							<String ID="string_130" HPOS="589" VPOS="863" WIDTH="161" HEIGHT="29" WC="0.92" CONTENT="ordningsrätt"/><SP WIDTH="23" VPOS="863" HPOS="750"/>
							<String ID="string_131" HPOS="773" VPOS="863" WIDTH="102" HEIGHT="28" WC="0.96" CONTENT="fullgöra"/>
						</TextLine>
						<TextLine ID="line_20" HPOS="123" VPOS="899" WIDTH="607" HEIGHT="30">
							<String ID="string_132" HPOS="123" VPOS="900" WIDTH="137" HEIGHT="28" WC="0.92" CONTENT="magistrats"/><SP WIDTH="16" VPOS="900" HPOS="260"/>
							<String ID="string_133" HPOS="276" VPOS="901" WIDTH="6" HEIGHT="20" WC="0.96" CONTENT="i"/><SP WIDTH="18" VPOS="901" HPOS="282"/>
							<String ID="string_134" HPOS="300" VPOS="899" WIDTH="77" HEIGHT="24" WC="0.95" CONTENT="denna"/><SP WIDTH="16" VPOS="899" HPOS="377"/>
							<String ID="string_135" HPOS="393" VPOS="900" WIDTH="40" HEIGHT="29" WC="0.96" CONTENT="lag"/><SP WIDTH="15" VPOS="900" HPOS="433"/>
							<String ID="string_136" HPOS="448" VPOS="899" WIDTH="116" HEIGHT="30" WC="0.96" CONTENT="stadgade"/><SP WIDTH="16" VPOS="899" HPOS="564"/>
							<String ID="string_137" HPOS="580" VPOS="899" WIDTH="150" HEIGHT="30" WC="0.96" CONTENT="åligganden."/>
						</TextLine>
					</TextBlock>
				</ComposedBlock>
				<ComposedBlock ID="cblock_3" HPOS="403" VPOS="954" WIDTH="193" HEIGHT="124">
					<TextBlock ID="block_8" HPOS="403" VPOS="954" WIDTH="193" HEIGHT="124">
						<TextLine ID="line_21" HPOS="457" VPOS="954" WIDTH="83" HEIGHT="29">
							<String ID="string_138" HPOS="457" VPOS="957" WIDTH="13" HEIGHT="19" WC="0.96" CONTENT="2"/><SP WIDTH="17" VPOS="957" HPOS="470"/>
							<String ID="string_139" HPOS="487" VPOS="954" WIDTH="53" HEIGHT="29" WC="0.96" CONTENT="kap."/>
						</TextLine>
						<TextLine ID="line_22" HPOS="403" VPOS="1003" WIDTH="193" HEIGHT="28">
							<String ID="string_140" HPOS="403" VPOS="1003" WIDTH="47" HEIGHT="22" WC="0.92" CONTENT="Om"/><SP WIDTH="16" VPOS="1003" HPOS="450"/>
							<String ID="string_141" HPOS="466" VPOS="1003" WIDTH="130" HEIGHT="28" WC="0.90" CONTENT="vallängd."/>
						</TextLine>
						<TextLine ID="line_23" HPOS="475" VPOS="1050" WIDTH="49" HEIGHT="28">
							<String ID="string_142" HPOS="475" VPOS="1053" WIDTH="12" HEIGHT="19" WC="0.93" CONTENT="6"/><SP WIDTH="17" VPOS="1053" HPOS="487"/>
							<String ID="string_143" HPOS="504" VPOS="1050" WIDTH="20" HEIGHT="28" WC="0.82" CONTENT="8."/>
						</TextLine>
					</TextBlock>
				</ComposedBlock>
				<ComposedBlock ID="cblock_4" HPOS="123" VPOS="1090" WIDTH="753" HEIGHT="137">
					<TextBlock ID="block_9" HPOS="123" VPOS="1090" WIDTH="753" HEIGHT="59">
						<TextLine ID="line_24" HPOS="195" VPOS="1090" WIDTH="681" HEIGHT="30">
							<String ID="string_144" HPOS="195" VPOS="1090" WIDTH="118" HEIGHT="29" WC="0.92" CONTENT="Vallängd"/><SP WIDTH="23" VPOS="1090" HPOS="313"/>
							<String ID="string_145" HPOS="336" VPOS="1091" WIDTH="35" HEIGHT="22" WC="0.93" CONTENT="för"/><SP WIDTH="24" VPOS="1091" HPOS="371"/>
							<String ID="string_146" HPOS="395" VPOS="1091" WIDTH="217" HEIGHT="29" WC="0.90" CONTENT="röstningsområde"/><SP WIDTH="24" VPOS="1091" HPOS="612"/>
							<String ID="string_147" HPOS="636" VPOS="1093" WIDTH="116" HEIGHT="27" WC="0.91" CONTENT="uppgöres"/><SP WIDTH="24" VPOS="1093" HPOS="752"/>
							<String ID="string_148" HPOS="776" VPOS="1090" WIDTH="24" HEIGHT="23" WC="0.96" CONTENT="af"/><SP WIDTH="22" VPOS="1090" HPOS="800"/>
							<String ID="string_149" HPOS="822" VPOS="1090" WIDTH="54" HEIGHT="22" WC="0.96" CONTENT="dess"/>
						</TextLine>
						<TextLine ID="line_25" HPOS="123" VPOS="1126" WIDTH="137" HEIGHT="23">
							<String ID="string_150" HPOS="123" VPOS="1126" WIDTH="137" HEIGHT="23" WC="0.90" CONTENT="valnämnd."/>
						</TextLine>
					</TextBlock>
					<TextBlock ID="block_10" HPOS="123" VPOS="1157" WIDTH="753" HEIGHT="70">
						<TextLine ID="line_26" HPOS="195" VPOS="1157" WIDTH="681" HEIGHT="34">
							<String ID="string_151" HPOS="195" VPOS="1157" WIDTH="34" HEIGHT="28" WC="0.95" CONTENT="Är"/><SP WIDTH="15" VPOS="1157" HPOS="229"/>
							<String ID="string_152" HPOS="244" VPOS="1162" WIDTH="54" HEIGHT="23" WC="0.95" CONTENT="stad"/><SP WIDTH="14" VPOS="1162" HPOS="298"/>
							<String ID="string_153" HPOS="312" VPOS="1162" WIDTH="96" HEIGHT="23" WC="0.96" CONTENT="indelad"/><SP WIDTH="15" VPOS="1162" HPOS="408"/>
							<String ID="string_154" HPOS="423" VPOS="1163" WIDTH="8" HEIGHT="22" WC="0.93" CONTENT="i"/><SP WIDTH="16" VPOS="1163" HPOS="431"/>
							<String ID="string_155" HPOS="447" VPOS="1162" WIDTH="242" HEIGHT="29" WC="0.91" CONTENT="röstningsområden,"/><SP WIDTH="12" VPOS="1162" HPOS="689"/>
							<String ID="string_156" HPOS="701" VPOS="1163" WIDTH="116" HEIGHT="28" WC="0.89" CONTENT="uppgöres"/><SP WIDTH="11" VPOS="1163" HPOS="817"/>
							<String ID="string_157" HPOS="828" VPOS="1161" WIDTH="48" HEIGHT="23" WC="0.91" CONTENT="val-"/>
						</TextLine>
						<TextLine ID="line_27" HPOS="123" VPOS="1197" WIDTH="554" HEIGHT="30">
							<String ID="string_158" HPOS="123" VPOS="1197" WIDTH="73" HEIGHT="30" WC="0.96" CONTENT="längd"/><SP WIDTH="17" VPOS="1197" HPOS="196"/>
							<String ID="string_159" HPOS="213" VPOS="1197" WIDTH="35" HEIGHT="23" WC="0.96" CONTENT="för"/><SP WIDTH="16" VPOS="1197" HPOS="248"/>
							<String ID="string_160" HPOS="264" VPOS="1198" WIDTH="81" HEIGHT="29" WC="0.96" CONTENT="hvarje"/><SP WIDTH="17" VPOS="1198" HPOS="345"/>
							<String ID="string_161" HPOS="362" VPOS="1198" WIDTH="94" HEIGHT="23" WC="0.96" CONTENT="område"/><SP WIDTH="18" VPOS="1198" HPOS="456"/>
							<String ID="string_162" HPOS="474" VPOS="1199" WIDTH="24" HEIGHT="22" WC="0.96" CONTENT="af"/><SP WIDTH="17" VPOS="1199" HPOS="498"/>
							<String ID="string_163" HPOS="515" VPOS="1199" WIDTH="162" HEIGHT="28" WC="0.96" CONTENT="magistraten."/>
						</TextLine>
					</TextBlock>
				</ComposedBlock>
				<ComposedBlock ID="cblock_5" HPOS="125" VPOS="1253" WIDTH="754" HEIGHT="213">
					<TextBlock ID="block_11" HPOS="478" VPOS="1253" WIDTH="48" HEIGHT="29">
						<TextLine ID="line_28" HPOS="478" VPOS="1253" WIDTH="48" HEIGHT="29">
							<String ID="string_164" HPOS="478" VPOS="1253" WIDTH="48" HEIGHT="29" WC="0.93" CONTENT="78."/>
						</TextLine>
					</TextBlock>
					<TextBlock ID="block_12" HPOS="125" VPOS="1292" WIDTH="754" HEIGHT="174">
						<TextLine ID="line_29" HPOS="197" VPOS="1292" WIDTH="680" HEIGHT="31">
							<String ID="string_165" HPOS="197" VPOS="1293" WIDTH="82" HEIGHT="23" WC="0.91" CONTENT="Säsom"/><SP WIDTH="17" VPOS="1293" HPOS="279"/>
							<String ID="string_166" HPOS="296" VPOS="1294" WIDTH="115" HEIGHT="29" WC="0.92" CONTENT="underlag"/><SP WIDTH="16" VPOS="1294" HPOS="411"/>
							<String ID="string_167" HPOS="427" VPOS="1294" WIDTH="35" HEIGHT="22" WC="0.93" CONTENT="för"/><SP WIDTH="16" VPOS="1294" HPOS="462"/>
							<String ID="string_168" HPOS="478" VPOS="1294" WIDTH="156" HEIGHT="29" WC="0.93" CONTENT="vallängdens"/><SP WIDTH="17" VPOS="1294" HPOS="634"/>
							<String ID="string_169" HPOS="651" VPOS="1293" WIDTH="150" HEIGHT="30" WC="0.92" CONTENT="uppgörande"/><SP WIDTH="15" VPOS="1293" HPOS="801"/>
							<String ID="string_170" HPOS="816" VPOS="1292" WIDTH="61" HEIGHT="23" WC="0.96" CONTENT="skall"/>
						</TextLine>
						<TextLine ID="line_30" HPOS="125" VPOS="1328" WIDTH="753" HEIGHT="31">
							<String ID="string_171" HPOS="125" VPOS="1329" WIDTH="176" HEIGHT="23" WC="0.93" CONTENT="vederbörande"/><SP WIDTH="16" VPOS="1329" HPOS="301"/>
							<String ID="string_172" HPOS="317" VPOS="1330" WIDTH="222" HEIGHT="22" WC="0.92" CONTENT="mantalsskrifvare"/><SP WIDTH="16" VPOS="1330" HPOS="539"/>
							<String ID="string_173" HPOS="555" VPOS="1330" WIDTH="63" HEIGHT="22" WC="0.96" CONTENT="inom"/><SP WIDTH="16" VPOS="1330" HPOS="618"/>
							<String ID="string_174" HPOS="634" VPOS="1330" WIDTH="94" HEIGHT="29" WC="0.93" CONTENT="januari"/><SP WIDTH="12" VPOS="1330" HPOS="728"/>
							<String ID="string_175" HPOS="740" VPOS="1328" WIDTH="87" HEIGHT="23" WC="0.90" CONTENT="mänad"/><SP WIDTH="12" VPOS="1328" HPOS="827"/>
							<String ID="string_176" HPOS="839" VPOS="1328" WIDTH="39" HEIGHT="22" WC="0.97" CONTENT="det"/>
						</TextLine>
						<TextLine ID="line_31" HPOS="125" VPOS="1365" WIDTH="753" HEIGHT="30">
							<String ID="string_177" HPOS="125" VPOS="1365" WIDTH="32" HEIGHT="27" WC="0.94" CONTENT="är,"/><SP WIDTH="24" VPOS="1365" HPOS="157"/>
							<String ID="string_178" HPOS="181" VPOS="1365" WIDTH="30" HEIGHT="22" WC="0.92" CONTENT="dä"/><SP WIDTH="23" VPOS="1365" HPOS="211"/>
							<String ID="string_179" HPOS="234" VPOS="1365" WIDTH="98" HEIGHT="29" WC="0.91" CONTENT="lagtima"/><SP WIDTH="24" VPOS="1365" HPOS="332"/>
							<String ID="string_180" HPOS="356" VPOS="1365" WIDTH="116" HEIGHT="30" WC="0.91" CONTENT="landtdag"/><SP WIDTH="23" VPOS="1365" HPOS="472"/>
							<String ID="string_181" HPOS="495" VPOS="1366" WIDTH="76" HEIGHT="29" WC="0.92" CONTENT="tredje"/><SP WIDTH="24" VPOS="1366" HPOS="571"/>
							<String ID="string_182" HPOS="595" VPOS="1365" WIDTH="94" HEIGHT="30" WC="0.90" CONTENT="gängen"/><SP WIDTH="18" VPOS="1365" HPOS="689"/>
							<String ID="string_183" HPOS="707" VPOS="1365" WIDTH="60" HEIGHT="22" WC="0.91" CONTENT="efter"/><SP WIDTH="16" VPOS="1365" HPOS="767"/>
							<String ID="string_184" HPOS="783" VPOS="1365" WIDTH="95" HEIGHT="22" WC="0.93" CONTENT="senaste"/>
						</TextLine>
						<TextLine ID="line_32" HPOS="125" VPOS="1401" WIDTH="752" HEIGHT="28">
							<String ID="string_185" HPOS="125" VPOS="1401" WIDTH="256" HEIGHT="28" WC="0.91" CONTENT="landtdagsmannaval"/><SP WIDTH="12" VPOS="1401" HPOS="381"/>
							<String ID="string_186" HPOS="393" VPOS="1402" WIDTH="195" HEIGHT="27" WC="0.95" CONTENT="sammanträder,"/><SP WIDTH="12" VPOS="1402" HPOS="588"/>
							<String ID="string_187" HPOS="600" VPOS="1401" WIDTH="107" HEIGHT="22" WC="0.95" CONTENT="tillställa"/><SP WIDTH="12" VPOS="1401" HPOS="707"/>
							<String ID="string_188" HPOS="719" VPOS="1401" WIDTH="158" HEIGHT="22" WC="0.95" CONTENT="valnämnden"/>
						</TextLine>
						<TextLine ID="line_33" HPOS="125" VPOS="1437" WIDTH="754" HEIGHT="29">
							<String ID="string_189" HPOS="125" VPOS="1443" WIDTH="29" HEIGHT="16" WC="0.96" CONTENT="en"/><SP WIDTH="25" VPOS="1443" HPOS="154"/>
							<String ID="string_190" HPOS="179" VPOS="1437" WIDTH="59" HEIGHT="22" WC="0.96" CONTENT="efter"/><SP WIDTH="25" VPOS="1437" HPOS="238"/>
							<String ID="string_191" HPOS="263" VPOS="1437" WIDTH="29" HEIGHT="29" WC="0.96" CONTENT="by"/><SP WIDTH="24" VPOS="1437" HPOS="292"/>
							<String ID="string_192" HPOS="316" VPOS="1437" WIDTH="41" HEIGHT="23" WC="0.92" CONTENT="och"/><SP WIDTH="25" VPOS="1437" HPOS="357"/>
							<String ID="string_193" HPOS="382" VPOS="1437" WIDTH="236" HEIGHT="23" WC="0.92" CONTENT="hemmansnummer"/><SP WIDTH="22" VPOS="1437" HPOS="618"/>
							<String ID="string_194" HPOS="640" VPOS="1437" WIDTH="61" HEIGHT="27" WC="0.94" CONTENT="eller,"/><SP WIDTH="16" VPOS="1437" HPOS="701"/>
							<String ID="string_195" HPOS="717" VPOS="1437" WIDTH="8" HEIGHT="22" WC="0.96" CONTENT="i"/><SP WIDTH="16" VPOS="1437" HPOS="725"/>
							<String ID="string_196" HPOS="741" VPOS="1437" WIDTH="60" HEIGHT="26" WC="0.96" CONTENT="stad,"/><SP WIDTH="18" VPOS="1437" HPOS="801"/>
							<String ID="string_197" HPOS="819" VPOS="1437" WIDTH="60" HEIGHT="22" WC="0.96" CONTENT="efter"/>
						</TextLine>
					</TextBlock>
				</ComposedBlock>
			</PrintSpace>
		</Page>
	</Layout>
</alto>
