1103 1748
844 167 13 21 9

131 236 122 22 detsamma.
277 235 35 22 Då
328 237 121 22 Utskottets
472 237 70 22 flertal
558 237 8 21 i
580 237 63 22 dessa
660 236 72 29 frågor
747 236 50 22 stält
812 237 33 27 sig
858 235 28 30 på

132 271 41 21 den
189 270 76 29 nådiga
279 271 167 28 propositionens
466 271 136 29 ståndpunkt,
617 273 23 19 är
654 271 38 21 det
706 271 43 20 min
765 269 122 30 skyldighet

131 308 32 18 att
178 306 7 20 i
200 305 84 22 korthet
299 304 117 23 framställa
431 305 40 22 och
486 306 103 21 motivera
604 305 43 21 min
661 305 116 21 afvikande
792 304 61 22 åsikt.

201 339 48 22 Mot
270 339 28 22 de
320 339 119 29 föreslagna
460 342 60 19 stora
538 340 152 21 valkretsarna
704 339 45 22 tala
763 339 67 28 enligt
845 339 42 21 min

131 373 57 22 åsikt
203 373 92 28 följande
311 374 187 29 omständigheter:

201 410 18 22 a)
249 407 82 22 Genom
351 411 32 18 att
397 408 7 21 i
419 408 62 21 dessa
500 412 57 18 stora
576 408 117 21 valkretsar
707 407 94 22 förenats
816 407 72 22 städer

131 455 28 3 —
175 442 63 21 äfven
253 442 27 21 de
295 444 78 20 största
387 456 28 3 —
430 443 40 21 och
485 443 125 28 landsbygd,
627 442 95 22 kommer
737 442 151 28 befolkningen

132 476 28 29 på
176 476 144 29 landsbygden
335 477 7 21 i
357 480 32 19 ett
403 477 93 22 särdeles
510 480 126 25 ogynnsamt
650 477 52 28 läge.
726 476 45 21 Det
782 477 38 20 bör
830 477 58 20 näm-

133 511 56 28 ligen
205 511 54 21 först
274 511 38 22 och
329 511 74 22 främst
417 511 129 28 observeras,
562 514 32 19 att
609 511 137 28 deltagandet
760 511 7 21 i
783 511 60 21 valen
855 510 34 21 för

133 545 125 22 stadsborna
272 547 23 20 är
310 545 85 22 relativt
409 546 86 29 mycket
510 547 76 21 lättare
600 548 26 19 än
642 545 33 22 för
685 545 156 29 landsbygdens
851 544 37 22 be-

134 580 101 28 folkning,
250 579 87 22 hvarför
351 588 48 13 man
416 580 40 21 kan
472 583 49 26 taga
536 580 34 21 för
584 580 74 29 gifvet,
673 583 33 18 att
720 579 61 22 alltid
797 587 25 14 en
835 579 53 22 rela-

133 615 42 20 tivt
195 616 66 20 större
282 617 88 26 procent
383 614 177 29 röstberättigade
576 615 97 21 stadsbor
688 614 95 22 kommer
797 617 33 18 att
844 613 44 22 del-

133 652 50 25 taga
198 649 7 21 i
220 649 68 26 valen,
310 651 26 19 än
358 649 177 29 röstberättigade
557 649 105 22 landsbor.
691 648 80 22 Härtill
794 648 95 21 kommer

133 685 62 24 ännu,
214 686 32 18 att
262 683 27 21 de
304 683 7 21 i
327 683 95 28 vallagen
446 683 114 22 förutsatta
582 683 154 22 förberedande
758 682 132 29 åtgärderna,

135 717 67 21 såsom
219 717 99 22 bildande
333 717 23 22 af
371 717 222 29 valmansföreningar,
608 717 104 28 ingående
722 717 23 22 af
756 716 133 27 valförbund,

134 751 137 29 uppgörande
286 752 23 21 af
324 755 56 18 stora
395 752 163 22 kandidatlistor
573 760 27 13 m.
610 752 29 24 fl.,
649 752 154 28 jämförelsevis
813 751 76 21 lättare

134 785 71 22 kunna
227 785 32 22 fäs
281 786 32 21 till
331 786 61 21 ständ
408 787 7 20 i
431 787 99 21 städerna
544 789 27 18 än
586 787 28 28 pä
628 786 151 29 landsbygden,
795 785 39 22 där
849 785 41 21 den

135 820 59 28 glesa
209 820 146 29 bosättningen
369 821 41 21 och
425 821 41 21 den
484 821 62 22 däraf
561 821 133 28 härflytande
710 820 133 29 svärigheten
858 822 32 19 att

135 854 22 22 fä
172 856 66 20 större
260 855 187 29 valmansgrupper
469 856 94 21 samlade
580 857 40 27 gör
634 855 37 22 det
685 855 86 29 mycket
786 855 58 21 svärt
859 857 32 19 att

134 888 87 29 vidtaga
242 889 73 29 dylika
337 889 103 29 åtgärder.
471 890 75 22 Under
570 890 76 21 sådant
668 889 131 22 förhållande
822 888 68 22 skulle

135 923 144 29 landsbygden
300 924 7 20 i
322 924 26 21 de
364 924 120 28 föreslagna
500 928 56 18 stora
572 924 144 22 valkretsarna
731 923 160 28 otvifvelaktigt

135 958 84 21 komma
239 959 7 20 i
266 958 108 22 städernas
393 959 99 21 ledband.
522 959 67 21 Detta
607 959 39 21 kan
661 960 36 27 jag
711 958 48 22 icke
774 966 50 13 anse
840 965 51 14 vara

135 995 31 18 ett
187 993 89 26 rättvist,
297 994 27 20 än
344 993 83 21 mindre
447 997 32 17 ett
494 993 89 29 lyckligt
598 993 90 29 sakläge.
719 993 42 21 Om
776 992 115 22 förhållan-

135 1026 37 22 det
192 1027 117 27 gestaltade
330 1028 32 28 sig
383 1028 28 25 så,
431 1031 32 18 att
480 1028 110 21 städernas
605 1028 66 26 bästa,
685 1027 81 21 ädlaste
781 1027 40 21 och
837 1029 55 19 mest

135 1060 86 22 bildade
246 1061 136 22 folkelement
401 1062 68 21 skulle
493 1066 49 24 taga
564 1062 41 22 den
627 1062 100 28 politiska
749 1061 112 28 ledningen
883 1061 8 21 i

135 1095 44 21 sina
202 1095 84 27 händer,
310 1096 69 21 kunde
404 1104 48 14 man
478 1099 54 19 ännu
557 1096 53 29 hysa
634 1096 147 28 förhoppning,
803 1098 32 19 att
860 1098 32 18 ett

135 1128 69 29 dylikt
228 1130 108 21 städernas
361 1130 125 22 öfvervälde
510 1132 48 20 icke
584 1130 66 22 skulle
677 1130 96 22 medföra
800 1129 92 22 fördärf-

134 1163 43 28 liga
199 1164 83 28 följder.
311 1165 51 21 Men
385 1164 148 22 erfarenheten
556 1165 47 21 från
625 1168 82 18 senaste
729 1164 56 22 tider
804 1164 39 22 hos
857 1171 35 14 oss

135 1198 62 26 visar,
220 1201 31 18 att
272 1198 157 29 landsbygdens
452 1199 125 28 befolkning
599 1199 39 22 lätt
660 1201 23 19 är
705 1200 7 20 i
734 1199 45 21 fara
794 1202 33 18 att
842 1198 50 22 räka

134 1233 7 20 i
158 1233 91 21 ledband
265 1233 37 22 hos
318 1233 78 22 sådana
411 1234 157 27 stadselement,
583 1242 44 13 som
638 1234 94 29 tydligen
745 1235 55 20 visat
810 1234 32 27 sig
853 1241 39 20 ega

135 1275 26 13 en
184 1267 85 28 mycket
291 1269 60 27 ringa
372 1268 67 21 insikt
460 1269 8 20 i
486 1269 105 21 allmänna
612 1268 176 29 angelägenheter
809 1268 41 21 och
867 1275 26 14 en

135 1301 64 28 högst
220 1302 60 28 ringa
302 1302 95 29 förmåga
419 1305 33 19 att
474 1303 99 21 betrakta
595 1303 62 21 saker
677 1302 40 22 och
739 1303 46 27 ting
804 1301 47 22 från
867 1309 25 14 en

135 1335 79 28 vidare,
229 1336 61 21 öfver
309 1344 52 21 egna
383 1337 39 21 och
445 1341 49 24 eget
509 1338 67 28 partis
591 1337 74 28 trånga
679 1337 102 21 intressen
796 1336 96 29 upphöjd

135 1371 112 28 synpunkt.
269 1370 45 21 Det
328 1373 23 18 är
365 1373 32 19 att
413 1371 81 27 befara,
509 1374 32 19 att
556 1371 119 22 införandet
685 1371 22 21 af
719 1371 76 21 allmän
806 1371 86 28 politisk

136 1406 87 20 rösträtt
237 1404 55 22 blott
307 1405 95 21 kommer
417 1408 32 19 att
464 1413 99 22 uppegga
578 1405 72 29 dylika
664 1405 111 29 själfvalda
788 1405 104 22 folkleda-

135 1446 34 13 res
184 1438 39 22 och
239 1439 124 28 agitatorers
378 1439 144 28 värksamhet,
536 1440 40 21 och
592 1439 144 29 landsbygden
752 1439 95 22 kommer
862 1441 32 19 att

136 1473 33 21 stå
176 1473 7 20 i
191 1473 37 21 det
236 1475 104 20 närmaste
349 1473 91 22 maktlös
448 1477 110 25 gentemot
565 1474 66 26 dem,i
639 1473 99 22 händelse
747 1473 146 28 landsbygden
