1100 1742
266 145 85 23 Ständ.
368 145 39 23 Sv.
423 158 27 3 —
466 146 74 27 Prop.
555 146 44 22 N:o
616 145 38 23 10.
832 146 11 20 7

86 214 64 27 lyder
165 214 6 20 i
188 214 83 27 nådiga
287 214 175 28 propositionen
479 215 94 21 komme
589 214 136 28 stadgandet
744 216 32 19 att
787 214 57 20 hän-

86 248 49 20 föra
151 248 33 27 sig
200 248 67 22 äfven
283 249 33 20 till
333 249 137 21 icke-finske
487 249 157 27 medborgare.
666 249 34 20 Då
716 248 128 22 Ständerna

86 282 125 21 emellertid
239 283 74 20 funnit
337 283 38 20 det
395 289 53 14 vara
465 284 77 25 ovisst,
559 283 115 20 huruvida
691 284 52 19 med
759 283 86 20 föreva-

86 317 70 20 rande
182 319 103 19 moment
321 317 78 20 =afsetts
434 319 32 18 att
493 319 55 25 göra
574 317 98 26 ändring
701 317 5 20 i
737 317 106 26 gällande

88 351 187 26 lagstadganden,
294 353 60 24 samt
372 351 29 21 dä
413 351 69 26 nägra
498 351 196 28 omständigheter
709 351 50 21 icke
775 351 71 20 heller

87 385 115 27 föreligga,
218 392 49 14 som
283 386 72 20 skulle
367 387 54 26 göra
433 386 72 21 sädan
522 386 98 27 ändring
635 385 124 26 önskvärd,
777 385 67 21 hafva

88 419 128 21 Ständerna
232 422 74 19 ansett
322 423 31 18 att
369 420 32 21 till
418 420 174 27 ifrågavarande
607 423 103 18 moment
720 420 71 21 borde
802 419 43 22 till-

88 454 76 26 läggas
180 454 70 21 orden
270 455 71 20 »finsk
358 455 169 26 medborgare».

158 488 30 21 Pä
204 489 74 26 grund
295 489 24 20 af
333 489 167 21 ofvananförda
512 490 49 20 skäl
574 489 21 20 fä
607 489 128 21 Ständerna
746 489 7 20 i
765 489 81 20 under-

88 523 109 26 dänighet
213 523 92 20 anmäla

365 594 31 19 att
417 592 131 26 Ständerna,
565 593 69 20 under
650 593 112 20 uttalande
777 593 28 26 af
817 594 31 19 att

295 626 158 28 förordningen
477 627 27 28 af
524 627 40 21 den
585 628 14 20 2
609 627 45 27 juli
670 627 55 20 1900
740 633 36 14 om
792 627 55 20 han-

297 661 43 20 dels
364 661 94 20 idkande
484 661 28 28 af
535 662 67 27 ryska
624 661 135 28 infödingar,
774 661 72 20 såsom

296 697 53 18 utan
361 695 135 22 Ständernas
508 696 132 21 medverkan
650 695 141 26 tillkommen,
803 695 45 20 icke

297 731 33 26 egt
345 730 60 27 kraft
419 731 27 26 af
459 731 43 26 lag,

365 765 100 26 godkänt
484 765 35 20 det
534 765 6 20 i
555 765 40 20 den
613 764 83 27 nädiga
718 763 128 28 propositio-

297 805 42 14 nen
355 798 106 27 ingående
471 799 249 27 författningsförslaget
731 799 50 20 med
791 798 56 21 vissa

298 833 123 27 ändringar
436 833 40 20 och
494 833 82 27 tillägg,
593 833 32 20 till
639 833 56 28 följd
709 833 85 27 hvaraf
805 833 43 27 för-

299 867 121 27 ordningen
428 867 88 21 komme
523 869 31 19 att
560 868 85 20 erhålla
653 867 97 27 följande
759 867 89 27 lydelse:
