1100 1745
437 134 42 21 N:o
491 134 25 21 11
808 133 26 20 13

106 203 37 22 till
166 203 73 22 sådan
258 202 102 29 rättelse,
376 209 49 15 som
440 202 53 22 med
508 202 208 29 bestämningarna
730 201 9 22 i
754 201 109 28 vallagen

107 241 26 18 är
148 237 108 28 förenlig.

175 272 59 28 Den,
256 271 69 22 hvars
347 271 263 28 landtdagsmannarätt
635 274 25 19 är
684 273 47 19 satt
755 270 9 21 i
789 270 74 28 fråga,

107 306 130 22 bibehåller
256 305 128 22 emellertid
406 306 41 21 sitt
461 306 108 29 uppdrag
584 307 75 20 såsom
675 305 188 28 landtdagsman,

108 340 60 23 intill
186 340 52 22 dess
253 340 47 22 han
315 340 127 22 förklarats
457 340 119 29 obehörig.

458 417 26 20 23
500 416 21 26 8.

178 450 21 26 Å
229 454 45 22 den
304 454 74 22 andra
407 454 77 29 dagen
512 454 183 22 sammanträder
719 453 145 29 landtdagen

108 489 102 22 klockan
225 489 33 22 tio
274 490 51 20 före
340 489 125 29 middagen
481 489 37 21 till
536 489 101 29 plenum,
654 496 50 14 som
718 488 78 29 börjas
812 487 53 23 med

108 531 89 21 upprop
213 524 61 21 efter
289 524 45 21 den
350 524 8 21 i
375 526 24 19 21
417 525 12 26 8
444 524 103 22 nämnda
562 524 157 28 förteckning.
742 523 48 22 Vid
800 522 66 22 detta

108 558 95 29 plenum
218 558 75 28 väljer
307 558 145 28 landtdagen
467 558 64 22 inom
546 558 37 29 sig
597 558 90 22 talman
700 557 44 22 och
754 558 41 21 två
805 556 61 22 vice-

109 592 95 22 talmän.

177 627 111 21 Därefter
310 627 93 28 afgifva
418 627 135 21 talmannen
569 627 44 21 och
628 626 189 22 vicetalmännen
832 625 34 22 in-

109 662 37 21 för
161 661 45 22 den
221 661 141 22 församlade
377 661 152 29 landtdagen,
544 661 59 22 hvar
617 661 61 21 efter
693 668 85 21 annan,
790 660 76 22 denna

108 696 133 28 högtidliga
256 696 137 21 försäkran
380 692 17 36 :

182 730 59 28 >Jag
263 730 73 22 N.N.
356 730 126 28 försäkrar,
499 732 35 20 att
547 730 42 29 jag
603 730 43 22 vill
661 730 8 21 i
684 729 142 29 utöfningen
842 728 26 22 af

111 764 267 29 talmansbefattningen
399 765 60 21 efter
474 764 32 22 all
521 765 49 21 min
586 765 106 28 förmäga
707 762 160 30 upprätthälla

110 799 65 22 såväl
197 798 115 29 Kejsaren
335 799 43 21 och
399 799 158 22 Storfurstens
580 806 49 14 som
651 798 157 28 landtdagens
824 796 43 23 och

110 833 40 22 det
164 833 76 22 finska
256 833 86 22 folkets
358 836 48 19 rätt
420 834 9 21 i
445 834 105 28 enlighet
562 833 53 22 med
630 832 192 30 grundlagarna.>

178 873 68 22 Intill
270 873 51 22 dess
344 873 25 22 sä
388 873 68 28 skett,
473 873 62 22 föres
550 873 67 22 ordet
632 873 27 22 af
672 873 45 21 den
732 872 136 28 landtdags-

110 907 107 29 medlem,
233 914 49 15 som
298 910 26 19 är
338 907 37 22 till
391 908 55 21 åren
463 907 67 22 äldst.
553 907 145 22 Protokollet
708 907 61 22 föres
780 907 27 21 af
816 906 52 28 den,

112 949 50 14 som
176 941 77 22 denne
268 941 81 22 därtill
363 943 80 20 utsett.

182 976 149 21 Sekreterare
360 976 45 22 och
432 976 186 29 kanslipersona!
644 978 98 27 antagas
766 975 30 29 pä
821 976 48 20 sätt

111 1010 145 29 landtdagen
271 1010 146 23 bestämmer.

462 1058 27 20 24
505 1058 20 25 8.

180 1092 22 26 Ä
224 1096 47 29 dag
294 1096 43 22 och
360 1097 87 28 timme,
466 1104 51 14 som
532 1097 114 29 Kejsaren
662 1096 43 23 och
721 1096 147 22 Storfursten

111 1130 55 22 lätit
181 1130 191 30 tillkännagifva,
389 1131 65 22 skola
469 1131 156 29 landtdagens
641 1131 156 28 medlemmar,
809 1131 61 21 efter

113 1165 39 21 det
167 1164 136 30 gudstjänst
318 1166 129 28 förrättats,
464 1166 198 22 sammankomma
672 1166 9 21 i
691 1165 124 28 tronsalen,
827 1164 42 22 där

112 1199 116 29 Kejsaren
244 1199 44 22 och
304 1200 146 22 Storfursten
465 1200 58 22 eller
539 1200 45 22 den
599 1200 46 22 han
661 1200 8 22 i
684 1200 41 21 sitt
740 1199 68 22 ställe
822 1199 48 21 för-

114 1234 84 21 ordnat
220 1234 79 21 hälsar
313 1234 145 29 landtdagen
474 1234 45 22 och
534 1234 115 22 förklarar
665 1234 133 22 densamma
814 1237 56 25 öpp-

112 1268 54 28 nad,
191 1268 121 22 hvarefter
336 1268 145 29 landtdagen
502 1276 84 22 genom
609 1268 135 22 talmannen
766 1268 105 22 frambär

113 1302 126 28 uttrycken
255 1303 27 21 af
295 1302 37 22 sin
346 1302 162 29 undersätliga
523 1302 111 23 vördnad.

464 1372 27 21 25
507 1373 19 26 8.

182 1410 36 21 Dä
241 1410 115 28 landtdag
377 1410 61 22 skall
456 1411 107 28 afslutas,
578 1411 90 22 infinna
683 1411 36 28 sig
734 1409 137 28 landtdags-

116 1448 108 25 männen,
248 1445 61 21 efter
331 1445 116 22 förrättad
469 1445 142 29 gudstjänst,
629 1445 14 22 &
658 1444 45 22 den
718 1444 27 22 af
758 1443 116 30 Kejsaren
