1103 1745
335 147 25 22 U.
377 147 23 22 B.
416 160 29 3 —
462 147 63 28 Prop.
543 147 37 23 N:o
597 148 22 21 II.
795 150 27 19 99

443 215 28 20 28
488 213 21 28 8.

175 253 76 24 Sedan
275 254 141 22 valförbund
432 254 100 23 emellan
549 254 245 29 valmansföreningar
813 261 39 15 an-

80 303 2 2 «+
104 289 77 28 mälts,
205 289 47 23 kan
269 291 7 21 i
292 289 28 23 de
336 289 188 28 kandidatlistor,
541 289 81 23 hvilka
638 289 160 30 förklaringen
816 296 36 16 om

104 325 138 23 förbundets
266 325 108 23 bildande
398 327 124 28 upptager,
547 325 84 23 endast
655 325 73 23 sädan
753 325 101 29 ändring

104 361 108 28 vidtagas
228 367 50 16 som
295 362 7 21 i
318 365 28 18 22
363 362 14 29 &
394 363 26 20 är
436 361 95 23 nämnd.

435 442 13 19 4
465 439 54 29 kap.

105 493 48 22 Om
169 495 205 20 centralnämnds
391 494 187 21 förberedande
593 495 120 27 ätgärder
723 494 42 21 för
776 494 77 21 valet.

447 550 28 19 29
493 547 20 29 8.

177 594 184 23 Centralnämnd
372 595 189 22 sammanträder
572 595 73 22 första
657 595 95 28 gängen
764 595 30 28 pä
805 594 49 23 ord-

105 630 126 23 förandens
255 631 97 22 kallelse
376 635 81 18 senast
478 631 131 29 fyratiofem
627 630 74 29 dagar
717 631 48 22 före
782 630 73 23 landt-

106 666 214 29 dagsmannavalet
342 666 36 23 för
402 668 34 21 att
459 669 88 27 antaga
571 667 145 22 sekreterare
738 668 63 21 samt
818 666 37 22 be-

106 703 103 21 stämma
224 702 34 23 tid
274 702 44 23 och
334 703 68 22 ställe
419 703 35 22 för
470 703 155 28 handlingars
641 702 166 29 emottagande
824 701 32 23 äf-

106 744 97 16 vensom
220 738 102 23 därefter
338 739 14 22 å
368 739 133 26 trettionde,
517 738 144 30 tjuguandra
677 738 43 23 och
736 737 120 23 femtonde

107 773 75 29 dagen
199 773 48 23 före
264 775 62 22 samt
341 778 83 19 senast
440 775 13 22 &
469 775 74 22 andra
560 774 76 29 dagen
651 774 58 23 efter
720 773 135 29 landtdags-

107 809 151 23 mannavalet
282 810 102 22 klockan
408 810 30 23 tio
462 810 50 23 före
535 810 126 29 middagen
678 810 42 22 och
737 809 119 23 förblifver

107 845 81 29 hvarje
207 846 64 28 gäng
287 846 98 27 samlad,
402 847 26 21 sä
444 846 70 29 länge
531 846 131 22 ärendenas
678 845 179 29 handläggning

107 881 39 23 det
161 881 95 23 fordrar.

449 933 28 20 30
493 931 21 28 8.

179 963 20 30 Ä
215 971 125 23 trettionde
356 971 78 30 dagen
450 971 49 23 före
511 971 277 30 landtdagsmannavalet
799 971 57 22 före-

107 1007 86 29 dragas
209 1007 41 22 och
267 1007 118 29 granskas
397 1007 28 22 de
437 1007 166 29 ansökningar,
616 1014 49 16 som
679 1007 52 22 frän
741 1007 115 23 valmans-

108 1043 135 28 föreningar
259 1043 132 22 inkommit.

180 1079 85 22 Finnes
290 1079 106 22 ansökan
420 1079 53 22 icke
496 1086 57 16 vara
573 1079 124 29 behörigen
719 1079 66 29 gjord
802 1079 56 22 eller

107 1115 219 28 valmansförening
336 1115 53 22 icke
402 1115 69 22 hafva
483 1115 103 29 lagligen
599 1115 92 26 bildats,
704 1115 60 22 skall
776 1114 81 23 under-

108 1150 95 23 rättelse
234 1151 121 22 meddelas
378 1151 54 22 dess
456 1151 159 22 ombudsman
639 1152 33 21 att
695 1151 163 28 ansökningen

108 1185 53 23 icke
181 1186 105 27 bifallits,
303 1189 63 20 samt
383 1187 81 22 skälen
482 1187 36 22 för
534 1187 101 28 afslaget
651 1187 75 22 tillika
742 1186 116 29 angifvas.

453 1244 26 19 31
498 1241 19 29 &.

180 1282 34 22 De
231 1283 167 28 ansökningar,
416 1283 81 22 hvilka
512 1282 127 29 behörigen
656 1283 74 28 gjorts
745 1282 35 22 för
794 1281 65 29 lagli-

109 1324 46 22 gen
179 1317 92 23 bildade
294 1318 252 28 valmansföreningar,
566 1318 73 22 förses
662 1317 52 23 med
737 1317 122 29 ordnings-

109 1360 109 16 nummer
233 1355 8 21 i
258 1354 145 29 fortlöpande
420 1353 62 30 följd.

180 1389 184 30 Ansökningens
381 1390 224 29 ordningsnummer
621 1389 97 23 tecknas
727 1389 90 29 jämväl
828 1389 31 22 öf-

109 1426 63 21 verst
188 1425 13 22 å
217 1425 43 22 den
279 1425 165 29 ansökningen
461 1425 130 30 åtföljande
608 1424 126 23 utskriften
746 1425 23 22 af
780 1424 80 23 kandi-

109 1461 119 26 datlistan,
251 1461 132 29 hvarjämte
406 1463 107 20 närmast
532 1461 74 22 under
622 1460 238 29 ordningsnummern
