1103 1750
268 140 27 20 28
440 138 75 23 Ständ.
532 137 37 24 Sv.
585 150 30 3 —
631 138 63 28 Prop.
711 137 37 23 N:o
765 137 22 22 II.

237 209 46 22 gen
305 209 37 16 om
367 202 69 24 deras
455 202 176 30 godkännande
647 202 56 23 eller
720 201 133 30 afböjande,
869 200 119 24 hvarefter

237 238 76 23 andra
329 238 175 30 behandlingen
520 238 116 23 förklaras
653 238 109 23 afslutad.

309 274 84 23 Medan
415 274 74 23 andra
510 274 175 29 behandlingen
702 274 24 23 af
742 274 84 28 frägan
842 273 81 29 pägär,
940 272 47 23 kan

237 310 154 29 landtdagen,
407 310 85 23 liksom
509 310 44 23 ock
570 311 64 22 stora
650 310 121 26 utskottet,
787 309 43 23 där
845 308 86 23 sädant
943 308 43 22 fin-

238 353 43 15 nes
297 346 90 29 nödigt,
403 346 106 23 infordra
526 348 52 27 nytt
594 346 122 23 utlätande
734 346 23 22 af
773 345 39 23 det
827 344 98 27 utskott,
937 350 50 16 som

237 382 60 22 först
313 382 82 23 beredt
412 382 103 23 ärendet.

309 418 46 22 Vid
372 418 75 29 tredje
464 418 184 29 behandlingen,
664 424 51 16 som
732 424 55 23 eger
803 423 52 16 rum
866 416 98 29 tidigast
975 416 13 22 ä

238 453 75 30 tredje
336 454 78 29 dagen
439 454 59 23 efter
521 454 40 23 det
584 453 74 24 andra
680 453 174 29 behandlingen
872 452 116 25 afslutats,

238 489 135 30 föredrages
390 490 96 23 ärendet
497 490 35 23 till
543 490 93 29 slutligt
647 489 137 30 afgörande;
799 489 44 23 och
854 489 47 22 kan
913 487 74 23 landt-

238 525 78 29 dagen
333 526 83 22 härvid
433 527 114 28 antingen
563 525 153 23 oförändradt
730 527 88 27 antaga
829 524 158 29 lagförslaget,

238 561 86 23 sädant
346 561 39 23 det
405 562 39 22 vid
462 562 73 23 andra
552 561 174 30 behandlingen
743 561 124 30 godkänts,
884 560 56 23 eller
955 559 33 23 af-

238 597 55 30 böja
313 598 140 27 detsamma,
474 598 78 22 därest
576 597 59 28 icke,
654 598 78 22 förrän
749 598 141 29 proposition
906 596 81 23 härom

238 633 151 27 framställes,
406 634 106 28 yrkande
523 636 74 27 göres,
611 635 34 21 att
659 634 96 22 ärendet
763 633 60 23 skall
835 633 92 22 lämnas
938 632 49 22 hvi-

237 669 78 23 lande.
347 669 72 23 Göres
443 670 86 23 sädant
551 669 115 30 yrkande,
690 670 140 28 bordlägges
850 668 84 29 frägan
953 667 34 23 till

237 705 104 29 följande
360 706 107 29 plenum;
484 706 154 23 understödes
654 706 118 29 yrkandet
788 705 30 22 dä
835 704 24 23 af
874 704 73 23 minst
958 710 29 16 en

238 741 113 29 tredjedel
369 741 24 23 af
404 742 157 29 landtdagens
573 742 111 28 samtliga
696 742 161 26 medlemmar,
869 740 61 23 skall
940 740 48 28 lag-

237 776 114 30 förslaget
363 778 7 22 i
382 778 54 22 dess
447 778 39 22 vid
497 778 74 23 andra
579 778 175 28 behandlingen
763 776 127 30 godkända
900 776 88 29 lydelse

238 812 73 23 blifva
334 813 110 23 hvilande
466 814 37 22 till
525 814 73 22 första
617 813 115 29 landtdag
752 812 59 24 efter
833 812 40 23 det
889 818 45 23 nya
950 811 38 23 val

237 849 41 28 egt
294 856 59 16 rum.

309 884 68 23 Dock
398 886 38 22 mä
451 885 75 29 fråga,
543 892 50 16 som
610 885 83 23 väckts
710 891 86 23 genom
815 884 113 29 Kejsaren
945 883 43 23 och

237 920 159 23 Storfurstens
411 922 140 28 proposition
569 921 35 23 till
619 922 88 22 urtima
722 920 121 30 landtdag,
855 921 21 28 ej
888 919 100 23 sälunda

237 956 94 23 lämnas
353 956 118 28 hvilande,
496 958 56 22 utan
569 957 62 23 skall
646 957 44 23 den
706 957 40 23 vid
763 962 92 17 samma
874 954 114 30 landtdag

237 991 113 30 slutligen
367 992 100 29 afgöras.

581 1032 28 19 58
625 1029 21 29 &.

309 1069 104 30 Förslag,
430 1076 50 16 som
503 1070 102 23 lämnats
625 1070 109 23 hvilande
750 1070 37 22 till
802 1070 49 22 viss
867 1068 121 30 landtdag,

237 1104 149 30 handlägges
403 1105 82 23 därvid
501 1106 77 23 säsom
596 1106 59 22 hade
670 1106 40 22 det
725 1106 41 22 vid
781 1105 47 23 den
844 1104 143 29 landtdagen

237 1140 134 23 inkommit.
408 1141 67 23 Dock
491 1142 48 22 kan
555 1142 113 29 förslaget
682 1142 54 22 icke
751 1141 137 30 ytterligare
903 1140 85 23 förkla-

237 1182 39 17 ras
292 1176 118 28 hvilande,
427 1177 99 24 säframt
541 1178 53 23 icke
610 1178 102 29 ändring
727 1178 51 23 däri
793 1177 121 29 vidtagits.

579 1241 28 19 59
623 1238 21 29 8.

309 1278 27 29 Ej
354 1279 39 22 mä
410 1279 110 22 hvilande
536 1279 89 30 förslag
639 1281 85 27 utgöra
740 1279 84 22 hinder
840 1278 36 23 för
892 1285 29 22 ny
937 1284 51 23 pro-

236 1314 102 28 position
362 1314 57 23 eller
442 1316 87 22 motion
551 1316 8 22 i
581 1315 46 23 den
643 1315 51 28 sak,
710 1322 52 16 som
779 1315 113 29 förslaget
907 1314 80 29 angär.

578 1378 28 20 60
622 1376 21 28 8.

309 1414 99 30 Förslag
436 1416 121 29 angäende
583 1416 119 28 stiftande,
725 1416 109 30 ändring,
858 1416 131 28 förklaring

237 1450 56 23 eller
308 1450 169 30 upphäfvande
493 1452 24 22 af
533 1452 118 30 grundlag
663 1452 69 28 skall,
743 1452 36 23 för
790 1453 35 22 att
835 1452 65 29 gälla
910 1452 78 22 såsom
