1100 1745
332 154 23 23 U.
372 154 23 23 B.
411 167 29 3 —
456 155 64 28 Prop.
537 155 39 23 N:o
594 155 22 22 II.
791 158 27 19 81

100 218 24 22 af
149 218 144 30 landtdagen
319 220 104 28 antaget,
449 219 61 23 efter
535 220 46 22 den
604 220 149 29 behandling,
775 220 75 22 som
833 214 21 40 i

100 257 26 19 57
143 254 14 29 &
173 256 26 20 är
215 254 108 30 stadgad,
340 254 54 24 med
410 255 102 23 flertalet
522 256 75 22 röster
608 255 39 23 vid
659 256 73 29 tredje
747 256 102 22 behand-

98 289 81 30 lingen
203 290 139 29 godkännas
368 292 35 21 att
423 290 64 24 hvila
508 291 36 23 till
568 291 74 23 första
664 291 58 23 efter
745 298 48 23 nya
812 292 38 22 val

99 326 251 23 sammankommande
374 326 115 30 landtdag
510 328 64 22 samt
592 327 40 23 vid
648 327 78 23 denna
742 327 107 23 oföränd-

98 361 53 23 radt
174 364 101 27 antagas
299 368 84 23 genom
407 362 82 28 beslut,
514 370 51 16 som
589 363 122 23 omfattats
736 363 24 23 af
776 364 74 22 minst

98 398 40 22 två
153 397 142 30 tredjedelar
311 398 24 22 af
351 398 29 22 de
396 398 91 29 afgifna
502 400 113 21 rösterna.

169 433 83 22 Likväl
274 434 47 21 kan
345 434 145 29 landtdagen
514 437 90 26 antaga
622 434 227 29 grundlagsförslag,

98 470 57 21 utan
172 470 35 21 att
222 469 133 23 detsamma
370 469 103 23 lämnats
489 470 118 27 hvilande,
623 471 9 22 i
648 470 113 23 händelse
775 471 75 22 saken

97 505 8 21 i
121 504 95 29 plenum
233 505 125 22 förklarats
376 505 149 23 brådskande
541 513 86 22 genom
644 506 84 27 beslut,
741 512 50 16 som
803 513 47 15 om-

96 540 83 23 fattats
196 540 23 23 af
236 541 73 22 minst
324 541 48 22 fem
388 541 137 29 sjättedelar
541 541 25 23 af
582 542 29 23 de
628 541 92 30 afgifna
737 543 112 26 rösterna,

98 577 62 22 samt
181 577 112 29 förslaget
314 577 40 22 vid
376 577 75 30 tredje
467 577 176 30 behandlingen
661 577 118 30 godkänts
796 577 54 23 med

97 613 40 22 två
152 612 140 30 tredjedelar
308 613 24 22 af
348 613 29 22 de
394 613 91 29 afgifna
500 615 115 21 rösterna.

169 648 42 23 Om
229 648 216 29 ståndsprivilegier
461 649 62 29 gälle
540 649 63 22 hvad
619 649 73 23 ofvan
709 656 37 16 om
764 649 86 29 grund-

95 683 41 30 lag
151 684 114 29 stadgats.

441 736 25 19 61
485 733 20 29 8.

167 779 67 23 Hvad
249 780 8 22 i
274 783 27 19 57
317 780 14 28 8
348 782 26 20 är
390 780 70 29 sagdt
476 780 62 23 skall
554 780 115 23 likaledes
687 780 70 23 lända
772 781 35 22 till
819 780 31 23 ef-

95 815 138 27 terrättelse,
257 815 30 23 då
311 815 68 29 fråga
401 818 26 20 är
447 823 38 15 om
501 816 157 29 stadganden,
679 816 74 29 enligt
771 816 80 23 hvilka

95 851 130 29 bevillning
241 851 56 23 eller
313 851 97 29 ständig
425 851 72 28 skatt,
515 858 51 16 som
584 852 144 22 ankommer
744 852 13 22 &
773 852 76 23 landt-

95 886 90 28 dagens
208 887 134 28 afgörande,
365 887 61 22 skall
445 888 105 28 utgöras,
569 887 55 23 eller
642 894 38 16 om
696 887 155 30 upptagande

95 921 24 23 af
139 922 106 27 statslån,
270 922 60 23 dock
354 924 34 21 att
412 923 85 22 sådant
521 923 91 23 ärende
635 924 20 29 ej
681 923 37 22 må
736 923 115 23 förklaras

95 957 115 28 hvilande,
227 960 62 21 samt
311 959 34 22 att
360 958 89 30 förslag
465 965 38 16 om
521 965 31 23 ny
569 959 56 22 eller
643 959 61 22 ökad
721 959 130 29 bevillning

94 993 57 22 eller
169 1000 32 22 ny
218 994 95 29 ständig
330 994 64 23 skatt
411 995 55 22 eller
482 1001 38 16 om
536 995 154 29 upptagande
711 995 24 22 af
751 995 100 22 statslån

95 1035 68 16 anses
187 1029 108 28 förfallet,
319 1030 80 23 därest
423 1030 39 23 det
485 1032 19 27 ej
524 1031 39 22 vid
579 1031 76 29 tredje
677 1031 175 29 behandlingen

94 1065 121 23 omfattats
240 1065 24 23 af
284 1066 40 22 två
339 1065 140 30 tredjedelar
496 1066 24 23 af
537 1066 29 23 de
585 1066 93 29 afgifna
694 1068 113 21 rösterna.

444 1141 27 20 62
489 1139 20 28 8.

164 1179 156 29 Landtdagen
342 1182 26 20 är
391 1179 112 30 obetaget
520 1181 35 22 att
571 1180 36 22 till
625 1181 42 21 sitt
684 1181 62 22 stora
763 1180 90 23 utskott

93 1214 130 29 hänskjuta
239 1215 70 22 äfven
326 1215 74 22 andra
415 1215 88 29 frågor,
524 1218 31 20 än
573 1215 28 23 de
618 1216 7 21 i
643 1219 34 23 57,
688 1219 27 20 60
728 1215 43 23 och
784 1219 26 19 61
823 1216 29 29 $$

92 1249 105 24 afsedda.
237 1250 59 23 Sker
319 1250 46 27 det,
391 1251 118 29 tillämpas
538 1251 212 29 bestämningarna
769 1252 8 22 i
795 1255 26 19 57
838 1252 15 28 S

92 1285 106 28 sålunda,
217 1287 34 22 att
267 1287 97 22 ärendet
380 1287 122 29 undergår
523 1287 84 22 endast
624 1288 41 22 två
681 1287 172 29 behandlingar

91 1321 43 22 och
151 1321 92 29 afgöres
260 1322 39 22 vid
315 1322 45 22 den
378 1322 75 23 andra
473 1322 25 23 af
514 1322 77 23 dessa.

162 1357 9 22 I
192 1357 92 27 ärende,
301 1364 51 16 som
368 1359 20 27 ej
407 1358 113 23 förvisats
541 1358 37 22 till
595 1360 64 21 stora
675 1358 122 28 utskottet,
814 1358 39 22 må

90 1392 144 29 landtdagen
251 1393 82 22 kunna
352 1393 95 23 besluta
464 1395 35 21 att
516 1394 135 22 detsamma
670 1394 59 22 skall
747 1393 107 29 undergå

90 1428 40 22 två
146 1428 173 29 behandlingar
334 1430 64 21 samt
413 1430 35 21 att
464 1429 41 22 det
523 1429 134 29 afgörande
673 1429 102 22 beslutet
791 1429 61 23 skall

90 1463 73 23 fattas
185 1463 40 23 vid
248 1464 73 23 andra
339 1464 188 29 behandlingen,
545 1471 50 16 som
611 1465 8 22 i
635 1465 84 23 sådant
736 1465 39 22 fall
796 1467 58 27 eger
