1103 1748
260 152 28 19 86
463 150 23 23 U.
506 151 22 22 B.
544 163 30 3 —
590 151 64 28 Prop.
671 151 37 23 N:o
725 152 20 22 II.

567 256 10 18 7
594 252 51 29 kap.

288 324 47 22 Om
351 326 167 21 meddelande
534 326 27 20 af
576 326 170 28 landtdagens
762 326 86 21 beslut
869 326 48 21 och

526 368 157 21 utlåtanden.

573 436 25 19 75
616 432 20 29 8.

299 472 47 23 Har
361 472 144 30 landtdagen
522 475 7 21 i
547 474 128 29 anledning
691 474 24 22 af
730 474 115 29 Kejsaren
862 474 42 22 och
916 473 61 23 Stor-

227 507 104 23 furstens
355 510 142 28 proposition
520 516 37 16 om
582 510 120 27 stiftande,
723 510 108 29 ändring,
847 509 131 29 förklaring

228 543 56 23 eller
309 544 166 30 upphäfvande
500 546 24 22 af
550 546 117 29 grundlag
693 546 57 22 eller
775 546 8 22 i
809 545 129 29 anledning
954 545 24 23 af

227 580 142 29 proposition
387 581 55 23 eller
459 582 89 22 motion
564 582 98 22 rörande
679 588 80 17 annan
775 581 75 23 sådan
865 581 46 29 lag,
927 587 49 17 som

227 615 68 23 beror
318 616 24 22 af
365 616 113 29 Kejsaren
503 618 44 21 och
570 618 155 22 Storfurstens
741 619 64 21 samt
820 617 157 28 landtdagens

227 653 261 22 sammanstämmande
512 653 84 27 beslut,
620 654 91 28 antagit
727 653 89 29 förslag
832 653 35 22 till
883 653 46 28 lag,
946 652 30 23 öf-

226 687 135 23 verlämnas
385 688 115 30 förslaget
518 689 77 29 jämte
618 689 123 23 skrifvelse
765 689 52 22 från
833 689 144 29 landtdagen

227 723 36 22 till
284 723 114 29 Kejsaren
423 724 43 23 och
490 724 157 23 Storfurstens
671 725 110 29 pröfning
803 725 7 22 i
833 724 110 23 afseende
964 724 14 22 å

226 758 153 24 stadfästelse
402 760 42 22 och
463 760 141 23 utfärdande
622 761 23 22 af
660 761 77 28 lagen.
762 761 91 22 Varder
866 760 112 29 förslaget

226 794 54 23 icke
297 795 24 22 af
336 795 114 30 Kejsaren
466 796 43 23 och
524 796 143 23 Storfursten
679 796 152 23 oförändradt
842 796 135 27 fastställdt,

226 830 36 22 till
284 830 58 30 följd
363 831 82 23 hvaraf
468 831 133 24 detsamma
623 833 7 22 i
649 833 35 22 sin
701 832 80 23 helhet
797 832 103 27 förfallit,
917 831 61 24 skall

226 865 83 23 härom
327 867 117 23 meddelas
462 867 46 23 den
525 868 121 28 landtdag,
662 875 50 16 som
723 868 189 23 sammanträder
923 869 55 21 näst

226 902 61 22 efter
303 902 39 22 det
357 902 114 30 Kejsaren
489 904 42 22 och
548 904 155 22 Storfurstens
720 904 157 23 förordnande
892 905 8 21 i
912 906 64 20 ären-

228 938 40 22 det
283 938 88 29 gifvits.

299 968 81 35 Öfriga
404 974 24 23 af
450 975 145 29 landtdagen
616 976 89 23 fattade
733 976 77 22 beslut
826 976 43 22 och
886 975 92 29 afgifna

226 1008 146 30 utlåtanden,
390 1017 49 16 som
452 1013 84 27 utgöra
548 1018 54 16 svar
613 1012 13 22 å
638 1011 114 30 Kejsaren
764 1011 44 23 och
819 1011 158 23 Storfurstens

226 1045 36 22 till
280 1045 145 30 landtdagen
443 1046 90 23 aflåtna
550 1048 168 28 propositioner
734 1048 43 22 och
794 1047 183 29 förfrågningar,

226 1081 28 22 så
270 1081 44 22 ock
329 1081 29 23 de
375 1082 204 30 framställningar
595 1083 34 22 till
644 1083 115 29 Kejsaren
771 1083 43 22 och
825 1082 151 27 Storfursten,

226 1116 83 24 hvilka
324 1117 145 30 landtdagen
486 1118 58 30 eljes
561 1118 101 27 beslutit,
679 1119 67 23 skola
754 1119 92 29 jämväl
858 1118 119 23 meddelas

226 1152 115 30 Kejsaren
363 1153 44 23 och
423 1154 144 22 Storfursten
584 1161 84 22 genom
684 1154 139 23 skrifvelser
839 1154 51 23 från
903 1154 74 23 landt-

225 1188 84 29 dagen.

568 1253 27 19 76
612 1250 20 29 8.

298 1290 61 22 Från
375 1290 146 30 landtdagen
537 1292 119 28 utgående
672 1292 137 22 skrifvelser
825 1293 62 21 samt
903 1291 74 23 landt-

225 1324 164 30 dagsbeslutet
413 1328 123 28 uppsättas
558 1327 43 23 och
624 1327 135 29 expedieras
777 1327 23 23 af
816 1328 34 21 ett
866 1326 112 23 särskildt

225 1361 247 28 expeditionsutskott.

299 1397 25 28 Ej
342 1397 39 22 må
397 1398 77 29 någon
492 1398 132 29 expedition
641 1398 51 23 från
708 1398 145 29 landtdagen
868 1398 64 29 utgå,
944 1399 34 21 in-

225 1438 49 16 nan
298 1432 45 22 den
361 1433 78 22 blifvit
454 1433 113 29 godkänd
584 1434 24 23 af
623 1434 145 29 landtdagen
785 1433 56 23 eller
857 1435 34 21 ett
904 1435 73 28 juste-

224 1468 166 28 ringsutskott.
