1103 1750
255 142 26 20 16
425 140 77 24 Ständ.
518 140 37 23 Sv.
570 153 30 3 —
617 140 64 28 Prop.
698 140 37 24 N:o
753 140 20 22 II.

223 204 110 30 åtgärder
360 205 131 30 uppenbart
516 205 120 29 brottsligt
660 204 137 24 förfarande
823 204 151 23 förekommit

222 240 58 23 eller
295 242 34 21 att
345 240 175 30 otvifvelaktigt
536 242 101 28 misstag
652 241 40 23 vid
707 240 176 24 fastställandet
898 240 26 23 af
934 248 39 15 va-

222 276 46 23 lets
283 277 92 29 utgång
390 278 41 28 egt
445 284 59 16 rum.
536 277 9 22 I
561 276 85 24 sådant
662 277 41 23 fall
715 284 42 22 ege
768 276 152 30 landtdagen,
931 276 43 23 där

222 312 41 23 det
283 312 76 23 tillika
379 315 26 20 är
419 312 93 30 tydligt,
529 314 35 22 att
580 312 180 30 brottsligheten
777 312 56 23 eller
849 312 125 29 misstaget

222 348 94 23 kunnat
336 348 81 24 utöfva
433 348 114 23 inverkan
563 349 31 29 på
609 348 122 30 utgången
748 348 25 23 af
789 348 68 27 valet,
874 348 43 22 och
933 350 40 20 än-

222 384 72 29 dring
309 385 20 29 ej
346 384 81 23 vidare
442 384 49 24 kan
505 385 8 22 i
522 385 145 29 besvärsväg
678 385 93 27 vinnas,
782 384 97 29 vidtaga
890 383 83 30 åtgärd

222 420 36 23 till
274 420 75 23 sådan
364 420 102 28 rättelse,
482 427 51 16 som
549 420 54 23 med
619 420 212 29 bestämningarna
846 420 7 22 i
864 420 109 29 vallagen

223 458 27 21 är
265 455 106 30 förenlig.

295 498 57 28 Den,
374 498 70 23 hvars
466 498 264 30 landtdagsmannarätt
752 501 26 20 är
800 499 47 22 satt
869 499 8 21 i
897 497 75 30 fråga,

223 533 128 24 bibehåller
367 534 128 23 emellertid
512 535 42 22 sitt
569 535 108 29 uppdrag
690 535 79 22 såsom
783 533 191 30 landtdagsman,

222 569 62 23 intill
300 569 54 24 dess
371 570 46 23 han
433 570 125 24 förklarats
575 570 117 30 obehörig.

566 664 28 19 28
610 661 21 29 8.

294 706 22 30 Å
326 714 45 22 den
382 714 75 23 andra
467 714 77 29 dagen
556 714 189 23 sammanträder
755 713 145 30 landtdagen
910 714 63 22 kloc-

222 749 50 23 kan
288 750 30 22 tio
335 749 49 23 före
401 750 125 29 middagen
538 750 34 22 till
583 750 103 29 plenum,
697 756 51 17 som
760 750 80 29 börjas
852 749 53 23 med
916 756 57 22 upp-

222 792 42 22 rop
287 785 58 23 efter
367 785 44 23 den
432 786 8 22 i
461 789 26 19 21
504 786 14 28 8
534 786 106 22 nämnda
655 785 158 29 förteckning.
846 785 46 23 Vid
908 785 66 23 detta

221 820 98 30 plenum
340 821 74 29 väljer
435 821 145 29 landtdagen
603 822 64 22 inom
694 822 38 29 sig
753 821 91 23 talman
867 820 42 24 och
931 820 41 23 två

222 857 150 22 vicetalmän.

294 898 108 23 Därefter
418 899 90 29 afgifva
522 898 139 24 talmannen
678 899 43 22 och
737 898 191 23 vicetalmännen
938 899 35 21 in-

221 934 37 23 för
274 934 45 23 den
335 934 141 24 församlade
486 935 153 29 landtdagen,
656 935 59 22 hvar
726 935 60 22 efter
797 941 85 21 annan,
894 934 79 23 denna

221 970 132 29 högtidliga
369 970 134 23 försäkran:

297 1012 59 29 Jag
375 1012 70 23 N.N.
462 1012 126 27 försäkrar,
606 1013 34 22 att
652 1013 45 29 jag
712 1012 40 23 vill
768 1012 8 22 i
792 1011 141 29 utöfningen
950 1011 24 23 af

221 1047 271 30 talmansbefattningen
508 1048 60 22 efter
584 1048 30 22 all
630 1049 49 21 min
696 1047 108 30 förmäga
814 1047 160 29 upprätthälla

222 1083 67 23 säväl
310 1083 113 29 Kejsaren
446 1084 43 22 och
511 1084 158 22 Storfurstens
689 1090 50 16 som
755 1083 158 29 landtdagens
929 1083 43 23 och

222 1119 40 23 det
278 1119 80 23 finska
373 1119 85 23 folkets
474 1120 47 22 rätt
541 1120 8 22 i
570 1119 104 29 enlighet
695 1119 54 23 med
773 1119 198 29 grundlagarna.*

294 1160 62 23 Intill
376 1161 55 23 dess
447 1162 26 22 sä
489 1161 70 28 skett,
575 1161 60 23 föres
652 1161 65 23 ordet
734 1160 24 23 af
774 1160 46 23 den
836 1160 136 29 landtdags-

222 1197 110 27 medlem,
349 1203 50 16 som
416 1199 25 21 är
452 1197 34 22 till
498 1197 56 23 ären
565 1197 67 22 äldst.
656 1197 144 22 Protokollet
812 1197 61 22 föres
885 1196 23 23 af
920 1196 53 27 den,

222 1239 52 16 som
290 1233 75 22 denne
381 1233 78 22 därtill
474 1234 81 22 utsett.

295 1274 149 23 Sekreterare
473 1275 43 22 och
538 1275 186 29 kanslipersonal
746 1275 101 28 antagas
869 1273 30 30 pä
925 1275 49 20 sätt

221 1309 147 30 landtdagen
385 1310 148 23 bestämmer.

567 1379 28 19 24
611 1376 21 29 8.

295 1416 20 30 Ä
335 1423 48 29 dag
403 1424 43 23 och
466 1424 90 27 timme,
572 1430 50 16 som
639 1424 113 28 Kejsaren
769 1423 43 22 och
829 1422 144 23 Storfursten

221 1458 54 23 lätit
291 1459 188 29 tillkännagifva,
492 1459 66 23 skola
569 1459 158 29 landtdagens
740 1458 160 27 medlemmar,
913 1458 61 22 efter
