1098 1745
359 121 22 18 U.
395 120 21 19 B.
430 120 59 23 Prop.
502 121 36 18 N:o
553 121 29 18 10.
838 120 11 18 3

242 185 163 28 sundhetsbevis,
423 185 115 28 utfärdadt
553 185 30 28 af
589 187 9 21 i
609 186 99 23 Finland
718 185 133 30 legitimerad

241 222 76 22 läkare.
348 221 96 28 Pröfvar
462 223 139 21 Guvernören
613 223 108 21 sökanden
732 229 53 15 vara
796 221 55 28 oför-

241 258 66 29 vitlig,
331 257 86 28 utfärde
437 257 36 28 för
492 259 76 21 honom
584 261 66 25 öppen
666 257 139 29 förpassning
820 257 32 22 til

243 293 134 28 bedrifvande
397 293 30 27 af
438 294 68 22 sådan
525 293 179 30 gärdfarihandel
722 294 60 21 inom
797 294 56 21 länet

242 329 34 27 för
299 331 27 20 ett
346 330 25 21 är
391 330 9 21 i
418 330 81 21 sender.
536 330 39 21 Vill
598 337 81 14 samma
702 336 77 21 person
802 329 51 22 idka

242 365 177 29 gärdfarihandel
437 366 9 21 i
464 365 56 27 flere
540 368 30 19 än
591 366 29 21 ett
640 365 36 22 län
700 365 36 22 bör
757 363 97 24 tillstånd

243 401 97 22 utverkas
355 401 102 22 särskildt
470 401 40 28 för
525 401 76 28 hvarje
616 401 43 28 län,
674 401 42 22 där
730 401 70 22 sådan
815 402 38 21 nä-

243 437 50 28 ring
308 439 27 19 är
349 436 76 28 afsedd
440 438 32 21 att
488 437 112 27 bedrifvas.

173 508 142 23 Beträffande
335 508 70 23 andra
426 510 110 21 momentet
552 508 5 22 i
578 508 38 22 det
636 508 22 22 af
679 508 116 22 Utskottet
810 507 44 23 för-

101 543 86 23 ordade
202 544 256 29 författningsförslaget
479 544 40 22 har
542 544 158 28 Ridderskapet
724 544 36 22 och
786 543 67 23 Adeln

102 578 92 24 beslutit
220 580 55 22 dess
299 580 189 28 omformulering
511 580 5 22 i
539 580 59 28 syfte
623 581 30 21 att
675 580 55 22 dess
757 578 97 23 innehäll

103 615 91 23 komme
210 617 31 21 att
257 616 34 22 stä
307 616 5 22 i
329 616 239 22 öfverensstämmelse
585 616 52 22 med
648 615 60 23 hvad
722 615 133 23 Ridderska-

103 653 38 26 pet
165 651 44 23 och
230 652 73 22 Adeln
326 652 93 22 beslutit
438 652 6 21 i
460 651 109 23 afseende
598 652 5 22 ä
623 658 69 16 mom.
711 652 17 22 1.
760 651 36 22 Då
816 650 39 22 Ut-

104 687 84 22 skottet
210 688 71 22 mäste
306 688 102 28 uppfatta
430 688 163 28 Ridderskapet
614 687 44 23 och
678 687 86 22 Adelns
781 686 75 22 beslut

103 723 120 29 angäende
246 724 96 28 ändring
357 724 21 22 af
394 724 72 22 första
490 724 124 22 momentet
639 722 101 28 sälunda,
762 724 30 20 att
811 722 45 22 ärs-

103 758 64 29 afgift
191 759 36 22 för
250 759 97 23 idkande
363 759 22 22 af
405 759 180 29 gärdfarihandel
608 759 54 22 skall
684 759 103 28 erläggas
812 759 44 21 sär-

105 795 67 22 skildt
196 795 5 21 i
224 795 74 29 hvarje
321 795 42 28 län,
387 795 40 22 där
450 795 99 23 handeln
575 794 55 23 skall
654 794 120 28 bedrifvas,
790 799 68 17 anser

105 830 121 28 Utskottet,
246 832 31 21 att
297 831 76 29 nägon
393 830 98 29 ändring
511 831 5 21 i
538 837 69 16 mom.
630 832 15 20 2
665 830 49 22 icke
728 829 129 23 föranledes

104 866 23 22 af
143 866 44 22 den
204 867 79 28 gjorda
299 867 126 28 ändringen
442 866 5 22 i
465 873 69 16 mom.
553 868 16 20 1.

177 903 177 28 Borgarestämdet
375 902 39 22 har
437 902 37 22 för
498 908 79 16 senare
598 901 122 29 meningen
736 901 6 22 i
760 907 67 16 mom.
844 901 14 21 2

105 938 86 28 antagit
206 937 100 29 Följande
321 937 137 23 förändrade
475 937 94 29 lydelse:

183 974 57 22 »För
256 974 100 22 inkomst
371 974 23 22 af
411 973 71 23 sädan
499 974 80 28 näring
591 973 54 22 skall
657 972 203 29 gärdfarihandlare

107 1009 91 29 erlägga
213 1009 192 23 kommunalskatt
422 1009 29 22 till
468 1009 45 22 den
527 1009 116 27 kommun,
661 1009 89 22 hvarest
765 1007 44 23 han
821 1007 39 22 har

108 1045 37 22 sitt
161 1045 31 22 bo
209 1045 44 22 och
269 1045 103 27 hemvist,
393 1045 57 28 eller,
467 1045 75 22 därest
563 1045 45 22 han
625 1045 48 22 icke
689 1046 53 27 äger
758 1043 80 23 sädant
854 1043 6 21 i

109 1081 99 27 Finland,
214 1081 29 22 till
253 1081 116 27 kommun,
382 1088 51 16 som
444 1083 24 20 är
479 1081 58 23 hans
549 1080 175 29 hufvudsakliga
733 1079 128 29 uppehälis-

108 1119 36 21 ort
160 1117 44 23 och
222 1117 88 23 hvilken
327 1117 45 22 han
389 1119 23 20 är
424 1117 91 29 skyldig
528 1118 31 21 att
572 1116 130 29 uppgifva<.
729 1116 6 22 I
746 1115 116 23 anseende

109 1153 69 22 härtill
190 1153 40 22 har
240 1153 115 23 Utskottet
363 1153 75 22 funnit
448 1153 74 29 riktigt
530 1154 31 21 att
573 1153 2 21 i
586 1152 99 28 enlighet
694 1152 52 22 med
755 1152 107 28 Borgare-

109 1189 103 22 ständets
229 1189 75 22 beslut
319 1188 122 30 förtydliga
458 1190 138 21 momentets
616 1188 97 22 innehäll
729 1194 85 22 genom
831 1186 31 22 til-

109 1225 53 28 lägg
177 1224 22 22 af
216 1225 71 22 orden
300 1225 18 22 »i
335 1224 97 28 landet»,
448 1224 119 22 hvaremot
583 1224 115 22 Utskottet
714 1223 48 22 icke
778 1223 86 22 kunnat

110 1262 101 27 upptaga
227 1260 45 23 den
288 1260 22 23 af
326 1260 193 29 Borgareständet
535 1260 106 22 beslutna
650 1259 136 23 förändrade
796 1258 68 29 lydel-

110 1303 41 16 sen
175 1296 22 22 af
221 1296 29 22 de
272 1296 55 22 sista
348 1296 72 22 orden
447 1296 5 21 i
477 1296 132 26 momentet,
629 1296 52 21 enär
702 1294 74 23 denna
793 1294 72 23 skulle

110 1332 72 22 delvis
203 1332 107 22 innebära
325 1338 29 16 en
371 1332 74 28 saklig
460 1332 98 28 ändring
574 1331 5 22 i
597 1331 54 22 strid
668 1331 52 22 med
737 1330 127 23 Utskottets

110 1367 100 29 tidigare,
226 1367 22 22 af
262 1369 78 20 trenne
351 1367 67 23 ständ
430 1367 125 29 godkända
565 1367 92 28 förslag.

182 1403 161 28 Ridderskapet
365 1403 38 22 och
426 1403 80 22 Adelns
530 1404 58 21 samt
604 1402 170 23 Prästeständets
790 1401 75 22 beslut
