1103 1748
211 1517 15 18 LJ

717 222 39 17 Alt.
770 222 10 17 I
897 221 40 18 Alt.
950 221 20 18 II

701 246 93 33 skenvikt
886 250 92 19 skenvikt

714 281 21 16 25
748 279 32 24 kg.
880 280 60 23 22,343
954 279 32 22 kg.

245 306 103 22 Joensuu
379 307 109 22 Lieksa—
496 315 92 14 Nurmes

274 343 99 20 österom
387 341 70 22 Pielis
472 342 32 22 elf
520 343 41 21 och

274 377 97 20 österom
386 377 130 28 Pielisjärvi
531 377 33 28 sjö
604 377 59 22 Fmk
687 377 128 28 14,120,000
832 390 22 3 —
874 377 127 28 13,736,000

244 405 117 37 Wärtsilä
375 405 117 37 Ilomants
500 424 20 3 —

273 443 227 24 Lieksa—Nurmes
499 439 14 40 .
532 463 2 4 .
565 463 4 4 .
599 463 3 4 .
636 455 7 11 »
686 446 129 28 17,295,000
835 459 18 3 —
874 445 127 28 16,850,00)

312 525 68 21 Hvad
396 525 68 22 sedan
475 525 142 23 vidkommer
630 526 109 29 förslaget
753 529 34 19 att
796 527 125 28 jernvägen
931 526 69 22 Joen-

244 566 65 14 suu—
316 555 84 39 Nurmes
421 560 58 22 skall
487 560 70 22 förses
566 561 52 21 med
625 561 82 22 skenor
715 561 22 22 af
745 561 28 22 25
779 561 32 28 kg
818 561 50 22 vikt
876 569 40 20 per
922 562 77 26 meter,

244 592 67 23 hafva
326 594 78 22 skälen
416 594 76 23 härför
504 595 50 22 icke
568 598 87 19 ansetts
664 603 54 14 vara
732 595 25 22 af
766 603 28 14 en
804 595 122 29 afgörande
936 595 63 28 bety-

244 627 67 22 delse.
340 628 56 22 Dels
411 629 72 22 skulle
498 629 74 22 denna
582 630 87 28 ökning
680 630 25 22 af
713 630 135 21 skenvikten
859 629 103 22 medföra
972 637 26 14 en

243 662 38 21 till
298 662 93 29 360,000
408 664 63 21 mark
488 663 115 22 beräknad
622 665 103 28 stegring
743 664 23 22 af
783 664 217 29 anlägeningskost-

243 697 73 21 naden
332 697 36 22 för
383 697 43 22 den
442 705 31 14 nu
489 697 129 30 föreslagna
632 699 81 28 banan,
733 699 48 22 dels
800 699 73 21 skulle
889 697 110 30 ätgärden

243 731 51 21 icke
315 731 103 22 medföra
440 732 44 22 den
506 733 91 21 dermed
620 733 93 22 aisedda
734 736 90 26 nyttan,
840 733 94 28 sålänge
956 732 44 22 den

243 765 112 22 Karelska
369 766 75 22 banan
460 767 49 21 från
524 767 104 22 Joensuu
643 767 98 28 söderut,
753 768 30 28 på
796 770 46 19 sätt
851 775 32 14 nu
893 770 25 19 är
928 766 70 27 fallet,

244 802 24 19 är
290 799 83 30 belagd
396 801 51 21 med
463 801 83 22 skenor
560 801 24 22 af
599 802 80 21 lättare
695 804 48 27 typ,
760 803 55 20 eller
830 802 67 27 22,343
913 801 33 28 kg
960 809 40 20 per

242 836 77 19 meter.
345 835 49 22 Och
409 835 39 22 det
463 839 25 18 är
502 843 27 14 en
546 836 125 22 tillsvidare
687 839 61 19 ännu
765 836 104 29 oafgjord
885 836 64 28 fråga
962 843 36 14 om

244 868 43 22 och
301 871 42 19 när
358 870 13 20 å
386 869 74 23 denna
474 870 60 22 bana
550 871 27 21 de
592 878 32 14 nu
634 871 141 29 förefintliga
785 871 113 21 skenorna
908 871 92 21 komma

243 906 35 18 att
291 904 94 28 utbytas
401 907 47 19 mot
464 905 84 21 sådana
563 905 23 21 af
600 908 83 26 tyngre
694 908 47 26 typ.
764 905 235 29 Jernvägsutskottet,

243 944 48 15 som
306 938 84 28 jemväl
405 940 210 28 uppmärksammat
634 940 43 21 den
692 940 175 27 inkonsekvens,
884 947 47 14 som
947 940 51 28 låge

242 972 49 21 deri
306 975 34 19 att
355 972 45 22 den
414 981 52 21 nya,
476 974 165 28 trafiksvagare
656 974 66 22 delen
738 974 23 22 af
776 974 74 22 banan
866 974 62 28 finge
944 976 55 19 star-

242 1006 54 22 kare
318 1006 83 22 skenor
416 1010 28 19 än
460 1008 43 21 den
519 1009 82 27 gamla,
617 1008 41 22 har
672 1008 137 29 visserligen
824 1008 125 28 föreslagit,
966 1011 33 19 att

242 1040 135 29 begagnade
400 1042 82 22 lättare
505 1043 82 21 skenor
602 1043 73 21 skulle
690 1043 36 21 till
742 1043 44 21 den
802 1043 73 21 under
889 1042 110 29 byggnad

241 1075 99 22 varande
355 1076 125 29 jernvägen
496 1077 141 29 öfverflyttas
652 1077 49 22 från
713 1078 77 28 någon
802 1077 61 22 äldre
874 1077 64 28 bana,
950 1084 48 15 som

242 1108 7 22 i
265 1108 51 22 dess
339 1110 66 22 ställe
427 1110 91 22 belades
541 1111 51 21 med
610 1119 46 21 nya
671 1112 43 21 och
729 1115 84 25 tyngre
828 1112 88 20 skenor.
946 1111 52 22 Men

242 1150 37 14 om
302 1146 33 19 ett
358 1144 81 22 sådant
457 1145 129 22 förfarande
600 1146 77 27 inslås,
693 1147 24 21 så
733 1153 68 21 synes
816 1146 40 21 det
871 1145 128 29 uppenbart

242 1180 34 19 att
290 1178 176 28 prisskillnaden
482 1180 96 21 emellan
594 1180 28 22 de
637 1183 84 25 tyngre
737 1180 43 22 och
795 1180 82 21 lättare
887 1180 112 21 skenorna

241 1212 8 21 i
265 1212 81 22 sådant
367 1213 42 22 fall
431 1214 50 21 icke
503 1214 42 22 bör
567 1214 91 29 påföras
673 1215 44 22 den
731 1222 47 21 nya
793 1214 76 22 banan
883 1216 56 20 utan
955 1214 43 22 den

241 1247 62 21 äldre
325 1247 102 29 jernväg,
443 1248 40 22 der
504 1249 66 21 dessa
590 1249 82 22 skenor
687 1249 65 22 skola
767 1249 62 21 finna
844 1249 154 28 användning.

309 1281 53 22 Med
385 1282 104 22 afseende
512 1284 12 20 å
548 1283 38 22 det
609 1283 94 22 anförda
725 1283 43 22 vill
786 1283 64 22 Hans
868 1283 130 28 Kejserliga

240 1315 107 28 Majestät
363 1316 83 22 föreslå
462 1317 127 22 Ständerna
605 1320 34 19 att
653 1317 58 22 fatta
727 1318 84 21 beslut:

448 1392 20 26 1)
484 1399 36 14 om
535 1392 125 28 byggande
675 1391 23 22 af
713 1399 28 14 en
756 1392 169 28 normalspårig
937 1391 62 28 jern-

378 1428 46 25 väg
449 1425 49 22 från
524 1425 104 22 Suolahti
652 1426 84 21 station
763 1425 39 22 vid
826 1425 171 29 Haapamäki—

378 1459 262 29 Jyväskylä--Suolahti
655 1460 75 21 banan
745 1460 37 21 till
799 1459 142 29 Suonnejoki
954 1461 44 20 sta-
