1092 1750
251 159 28 20 22

481 291 188 29 Approximativ
686 291 84 27 kalkyl

598 343 52 18 öfver

485 389 279 30 Statsfondens

273 449 198 23 extraordinarie
487 449 103 28 utgifter
606 449 78 23 under
700 449 57 23 åren
775 449 60 22 1906
850 448 46 23 och
913 448 63 22 1907.

262 1516 143 18 Statsutskottets
418 1517 110 17 betänkande
540 1517 37 17 N:o
593 1518 16 16 7.

788 525 40 21 Fy
870 525 23 21 rå)
939 523 37 22 Fe
1022 524 23 21 |7

243 640 64 23 Enligt
320 640 50 18 1906
382 640 32 18 års
426 640 150 18 extraordinarie
587 640 123 23 statsförslag.

216 680 39 18 För
273 680 115 23 uppförande
405 680 20 18 af
443 682 26 16 ett
487 680 77 22 sjukhus
576 680 30 18 för
618 680 116 22 sinnessjuka

252 715 65 23 fångar
329 714 31 18 vid
374 715 99 18 tukthuset
484 715 6 18 i
502 710 42 23 Åbo
556 728 4 4 .
700 728 34 5 <.
750 707 15 36 |
788 715 106 21 100,000/—

216 750 39 18 För
271 749 97 18 underhäll
381 750 19 17 af
413 752 26 16 ett
452 750 101 23 temporärt
568 749 148 23 militärsjukhus
728 750 5 17 i

251 784 146 18 Fedrikshamns
410 784 63 18 stad
462 780 15 30 .
556 798 4 4 5
585 798 4 3 8
788 784 73 22 120,000|
874 794 21 2 —

215 819 36 17 Till
263 818 165 24 beklädnadshjelp
440 820 21 17 åt
471 798 147 39 kronolänsmän.
700 832 33 4 sr
788 818 73 22 109,200]
874 828 21 2 —

216 854 39 18 För
282 854 57 23 inköp
367 854 19 17 af
413 854 85 23 Kauppis
528 853 85 24 lägenhet
636 853 5 17 i
665 853 69 18 Muhos

251 888 67 18 socken
613 901 33 4 SOX
671 901 4 4 28
700 901 4 4 080
729 901 4 4 8
798 888 64 22 23,0001
874 897 21 3 —

216 922 38 18 För
278 922 56 24 inköp
362 923 19 17 af
405 898 74 52 Kojola
497 897 94 53 lägenhet
614 922 5 18 i
644 922 90 18 Sotkamo

251 957 66 18 socken
429 953 9 29 ai
798 957 63 21 20,000]
874 966 21 2 —

215 992 39 17 För
274 991 116 23 uppförande
411 992 19 17 af
451 993 26 16 ett
486 970 141 44 arkeologiskt
621 970 112 39 historiskt-

251 1026 123 23 etnografiskt
386 1032 85 12 museum
483 1026 6 17 i
502 1026 116 23 Helsingfors
786 1026 75 22 400,000|
873 1035 22 2 —

216 1061 38 17 För
266 1060 115 24 uppförande
393 1060 20 18 af
425 1062 28 16 ett
464 1062 45 21 nytt
522 1060 37 18 hus
571 1060 29 19 för
612 1060 62 17 finska
686 1060 47 17 klas-

251 1095 50 17 siska
312 1095 75 23 lyceet
386 1091 11 31 i
399 1095 125 18 Tammerfors
641 1108 4 4 s
670 1108 4 4 wo
700 1109 2 3 =
786 1095 75 21 200,000|
873 1105 22 2 —

216 1130 38 18 För
267 1130 123 23 kanalisering
402 1130 20 18 af
434 1129 81 19 farleden
528 1130 77 18 emellan
618 1129 72 18 Keituri
698 1108 35 39 o

251 1164 130 18 Herraiskoski
394 1164 77 19 forsar
467 1160 10 30 i
484 1164 74 19 Virdois
570 1164 67 19 socken
787 1164 74 21 110,000|
874 1174 21 2 —

216 1199 38 18 För
266 1199 122 23 kanalisering
403 1199 19 18 af
434 1199 98 22 Kiurujoki
545 1199 27 18 älf
583 1199 40 18 frän
636 1199 48 18 Niva
700 1199 33 18 bro

251 1229 50 32 uppät
316 1235 10 16 .
467 1247 4 4 5
496 1247 4 4 x
554 1247 4 4 E
798 1233 63 22 80,000|
874 1243 21 2 —

216 1268 38 18 För
265 1268 129 19 förbättrande
406 1269 20 17 af
438 1247 69 44 Hangö
519 1247 58 39 hamn
787 1267 74 22 550,000|
874 1277 21 2 —

215 1303 39 18 För
267 1303 122 23 vägbyggnad
401 1303 78 19 emellan
488 1303 130 19 Muonioniska
626 1303 35 18 och
670 1282 62 39 Enon-
1013 1311 1 5 '

251 1338 47 18 tekis
310 1338 70 23 kyrkor
788 1337 73 21 100,000|
873 1346 22 2 —
1013 1331 2 31 |

215 1372 38 19 För
263 1372 116 24 uppförande
388 1373 20 18 af
416 1379 22 12 en
445 1373 29 23 fyr
480 1374 11 17 å
497 1348 125 52 klippholmen
630 1352 103 44 Bengtskär
786 1371 75 22 380,000]
873 1381 22 2 —
1013 1364 1 25 i

215 1407 38 18 För
271 1407 123 18 anskaffande
412 1408 20 18 af
444 1413 22 13 en
481 1408 160 23 lysningsapparat
654 1408 27 17 till
693 1408 39 18 Utö

249 1441 30 23 fyr
294 1455 4 4 .
799 1440 62 22 70,000]
874 1450 21 2 —
1013 1431 2 26 i

632 1482 100 23 Transport
745 1464 13 47 |
768 1480 93 23 2,262,200|
880 1490 13 3 —
902 1468 4 35 |
