1100 1745
339 143 21 22 U.
378 143 22 22 B.
417 156 28 2 —
462 144 60 27 Prop.
541 143 35 22 N:o
592 144 22 21 11.
836 144 23 19 11

184 209 77 20 Andra
279 209 151 20 medlemmar
447 209 25 20 af
486 209 111 21 utskottet
611 209 69 21 hafva
692 209 61 21 dock
765 209 50 20 icke
827 215 36 14 ve-

113 245 31 20 lat
162 245 138 20 tillerkänna
318 245 66 20 dessa
402 245 145 27 synpunkter
561 251 28 14 en
603 245 125 26 afgörande
740 245 123 27 betydelse.

187 281 236 27 Myndighetsäldern,
448 281 21 20 d.
487 288 20 13 v.
526 288 16 14 s.
568 281 45 20 den
637 281 153 27 äldersgräns,
815 280 48 21 frän

115 317 95 20 hvilken
227 316 119 21 individen
363 317 43 20 bör
422 317 69 21 hafva
508 319 45 18 rätt
568 319 33 18 att
617 317 54 20 räda
690 317 64 20 öfver
769 317 34 26 sig
814 316 54 27 själf

114 353 44 20 och
176 353 38 20 sitt
230 352 98 27 gods,är
344 353 70 26 nägot
431 353 47 20 helt
494 355 72 18 annat
582 355 29 18 än
624 353 185 26 valrättsäldern,
821 353 44 20 den

114 389 153 26 äldersgräns,
291 389 49 20 frän
359 389 93 20 hvilken
478 389 46 20 han
541 389 43 20 bör
600 389 70 20 hafva
695 390 44 19 rätt
755 391 32 18 att
803 395 61 14 ome-

115 424 89 20 delbart
229 424 89 27 ingripa
342 424 177 21 bestämmande
540 424 7 20 i
564 424 124 27 ledningen
705 424 25 20 af
745 424 38 20 sitt
799 424 67 20 lands

116 459 67 21 öden.
212 459 75 27 Enligt
303 460 76 20 denna
397 460 147 27 uppfattning
561 460 48 27 läge
626 459 108 27 analogin
753 460 52 20 med
823 460 42 19 den

116 495 64 21 ålder
196 494 36 29 (25
248 494 39 29 är),
304 495 29 21 dä
350 497 44 19 rätt
410 498 32 18 att
463 498 63 19 utses
542 496 34 20 till
593 496 149 27 förmyndare
759 495 108 25 inträder,

117 533 107 19 närmare
247 531 33 21 till
305 531 82 26 hands,
412 539 38 13 om
474 533 75 26 nägon
566 531 92 28 analogi
675 532 43 20 alls
734 532 60 20 skall
811 537 56 21 upp-

118 567 84 21 ställas.

190 603 187 21 Vidkommande
394 604 48 21 äter
458 604 177 26 bestämningen
659 610 38 14 om
723 603 145 27 äldersgrän-

119 646 40 14 sen
176 640 7 20 i
200 640 41 20 vär
256 647 31 13 nu
305 639 105 27 gällande
428 640 24 20 L.
462 640 36 27 O.,
515 640 25 21 sä
556 640 35 20 får
608 646 53 14 man
677 639 51 21 icke
740 639 85 21 förbise
837 641 32 18 att

119 676 112 20 valrätten
248 675 35 21 för
299 676 143 20 närvarande
460 677 25 19 är
501 676 95 21 bunden
613 676 38 20 vid
664 675 24 21 sä
701 675 84 27 mänga
796 675 72 20 andra

120 711 186 21 kvalifikationer
322 713 29 19 än
368 712 88 26 äldern,
473 712 95 21 hvarför
580 712 77 20 denna
670 711 51 21 icke
733 711 34 21 fär
779 717 89 15 samma

121 748 125 27 afgörande
263 748 123 27 betydelse.
405 748 52 20 Helt
474 750 72 19 annat
562 748 45 20 blir
623 748 104 20 däremot
745 747 123 21 förhällan-

121 784 45 25 det,
183 784 29 20 dä
229 783 69 27 enligt
314 784 61 20 hvad
393 791 31 13 nu
442 784 102 26 föresläs,
559 784 51 20 hela
623 783 246 27 landtdagsinstitutio-

122 826 44 14 nen
184 820 132 27 omskapas,
333 820 24 20 sä
375 822 31 18 att
422 820 45 20 den
492 821 64 20 inom
576 826 27 14 en
621 819 59 21 enda
697 820 120 19 kammare
833 819 37 20 be-

122 855 88 27 fintliga
228 856 143 26 majoriteten
388 856 64 26 afgör
468 856 112 25 besluten,
598 855 28 27 pä
644 862 87 14 samma
743 855 58 26 gäng
813 861 57 18 som,

122 891 34 21 till
173 891 56 27 följd
246 891 25 21 af
284 892 124 20 valrättens
425 891 191 27 utomordentligt
632 893 61 18 stora
706 890 166 26 utsträckning,

123 927 77 21 denna
213 927 113 27 majoritet
339 928 99 20 erhäller
449 934 28 14 en
492 927 216 27 sammansättning,
718 926 95 21 hvilken
823 926 49 21 icke

123 963 57 21 läter
189 964 34 26 sig
232 964 52 20 med
294 964 107 20 säkerhet
409 964 93 20 förutse.
514 964 42 20 Det
565 970 69 20 synes
643 963 29 20 dä
681 963 50 20 icke
741 962 57 27 ligga
809 964 63 18 utom

124 1000 162 26 möjlighetens
302 1001 76 25 gräns,
387 1002 32 18 att
436 1000 45 20 den
498 1000 57 20 brist
567 999 29 27 pä
609 999 107 26 mognad,
733 1005 50 14 som
801 998 73 20 måste

123 1035 127 21 förefinnas
267 1036 42 20 hos
321 1035 28 21 de
360 1036 93 26 mycket
470 1041 61 21 unga
548 1034 110 28 väljarna,
678 1034 78 21 kunde
773 1034 33 20 till
818 1033 56 27 följd

124 1071 25 21 af
163 1072 67 20 deras
247 1074 60 18 stora
324 1072 62 20 antal
404 1071 97 21 inverka
525 1071 148 26 oförmänligt
691 1070 27 27 pä
736 1071 138 26 representa-

124 1108 92 20 tionens
240 1107 101 21 kvalitet.
374 1107 114 21 Särskildt
512 1107 42 21 bör
577 1106 96 21 beaktas
694 1108 33 18 att
744 1113 27 13 en
788 1106 34 20 till
840 1105 35 21 sin

125 1143 86 21 verkan
229 1143 25 21 sä
270 1143 93 21 alldeles
380 1142 114 28 opröfvad
511 1143 76 20 faktor
604 1149 49 14 som
665 1142 117 20 kvinnans
794 1142 82 20 valrätt

125 1179 83 21 härvid
225 1179 94 21 komme
335 1181 33 18 att
384 1179 133 21 medverka.

198 1215 145 20 Beträffande
365 1214 107 27 slutligen
495 1214 146 27 ungdomens
658 1214 158 26 mottaglighet
842 1212 36 21 för

126 1257 46 21 nya
196 1250 69 26 idéer,
290 1251 24 20 sä
339 1250 111 27 förtjänar
474 1251 77 20 denna
576 1250 132 26 visserligen
733 1250 41 20 allt
796 1249 81 21 erkän-

126 1286 85 26 nande,
236 1293 53 14 men
313 1286 171 27 receptiviteten
506 1286 8 20 i
531 1286 44 20 och
592 1286 35 20 för
643 1285 33 26 sig
692 1286 26 20 är
734 1285 51 21 icke
801 1284 76 27 nägon

127 1322 216 27 hufvudbetingelse
368 1321 35 22 för
427 1324 31 18 ett
482 1321 94 28 lyckligt
602 1321 95 20 lösande
717 1321 26 20 af
757 1319 120 22 samhälls-

128 1358 142 27 problemen,
295 1358 44 21 och
363 1358 36 20 för
422 1357 68 27 öfrigt
515 1357 43 20 bör
581 1357 66 20 äfven
668 1357 44 20 den
729 1356 70 27 nägot
815 1361 62 15 mera

128 1394 115 27 mognade
255 1400 101 14 mannen
374 1393 54 21 eller
444 1393 106 21 kvinnan
567 1393 50 20 icke
634 1393 80 20 kunna
730 1398 68 14 anses
810 1391 68 21 hafva

128 1430 97 21 förlorat
240 1429 118 21 förstäelse
376 1429 43 21 och
435 1429 97 20 intresse
553 1429 35 20 för
607 1429 27 20 de
651 1428 166 20 fruktbärande
834 1433 46 20 nya

129 1465 63 21 idéer
208 1465 43 21 och
269 1465 155 25 sträfvanden,
442 1464 81 21 hvilka
543 1464 62 21 tiden
623 1464 41 20 bär
679 1463 6 20 i
700 1463 37 21 sitt
747 1463 71 20 sköte.
