1103 1750
238 148 13 20 4
440 147 73 24 Ständ.
529 147 35 24 Sv.
581 161 28 2 —
627 148 58 28 Prop.
704 148 37 23 N:o
755 148 23 22 I.

239 214 87 27 årligen
338 215 211 26 sammankomma,
560 215 89 21 hvilket
660 214 100 28 framgår
769 214 87 28 jämväl
868 214 24 21 af
902 215 28 20 26
942 214 44 21 och

239 250 28 20 74
283 248 30 30 $$
329 252 59 18 samt
410 258 27 13 ur
452 251 118 27 ingressen
587 251 33 21 till
638 251 82 27 nådiga
739 250 181 28 propositionen,
933 257 53 14 men

239 286 114 26 uttrycket
379 287 172 21 »annorlunda»
577 288 26 20 är
621 287 111 27 tvetydigt
755 287 44 20 och
817 293 67 20 synes
901 286 87 21 influtit

239 322 25 20 af
285 322 152 26 förbiseende,
462 323 68 21 hafva
555 323 135 26 Ständerna,
712 324 55 20 enär
783 323 62 20 detta
861 322 125 27 stadgande

238 358 51 20 icke
306 358 42 21 bör
364 358 22 21 få
403 359 78 21 lämna
498 366 51 14 rum
567 359 34 21 för
618 358 211 28 missuppfattning,
846 358 35 21 för
897 358 36 20 sin
950 358 36 21 del

238 394 103 26 godkänt
365 394 150 22 förevarande
539 396 13 25 &
577 396 52 20 med
654 396 78 26 utbyte
757 395 25 21 af
803 395 70 27 sagda
895 394 91 27 uttryck

239 432 49 19 mot
304 430 135 21 lokutionen
459 438 90 14 »annan
566 431 43 28 dag
626 431 27 28 af
666 432 66 20 året>.

312 467 37 20 Ett
365 467 7 20 i
389 467 44 20 den
450 467 76 21 finska
543 470 75 18 texten
635 468 34 20 till
686 469 26 19 57
730 467 14 28 &
760 467 25 21 af
799 474 90 13 samma
905 467 81 27 lagför-

239 502 48 27 slag
304 502 190 22 förekommande
511 504 90 26 uttryck
623 504 172 20 »väliaikaisille
808 503 176 28 valtiopäiville»

238 539 44 20 har
305 541 81 18 ersatts
410 539 51 21 med
487 540 37 20 det
548 546 130 20 synonyma
705 539 177 28 »ylimåääräisille
906 539 78 21 valtio-

238 575 115 27 päiville»,
371 575 94 21 hvilken
485 575 144 21 sistnämnda
654 578 57 18 term
736 575 54 28 eljes
814 575 172 27 genomgående

238 611 115 21 användts
370 611 7 21 i
394 612 44 20 den
463 612 82 26 nådiga
570 612 174 27 propositionen
767 612 36 20 för
822 614 32 18 att
873 612 112 20 beteckna

238 647 86 20 urtima
340 647 115 27 landtdag.

311 683 77 27 Enligt
411 684 14 20 4
449 682 16 29 &
490 684 25 20 af
538 683 107 27 förslaget
675 684 33 20 till
733 684 75 26 vallag
835 684 58 20 skall
920 684 65 20 kom-

239 719 200 21 munalnämnden
466 720 7 20 i
500 720 78 26 hvarje
605 720 183 21 landskommun
817 720 19 20 »i
861 719 81 27 början
964 719 24 21 af

238 754 94 28 januari
349 755 85 21 månad
451 756 38 20 det
505 756 31 24 år,
549 756 29 20 då
587 756 93 26 lagtima
692 755 111 27 landtdag
814 755 71 27 tredje
897 755 87 27 gången

239 791 56 21 efter
307 793 89 19 senaste
408 792 247 26 landtdagsmannaval
672 792 207 25 sammanträder»,
890 791 94 21 tillsätta

239 834 28 13 en
285 827 134 26 valnämnd,
435 828 88 20 hvilket
541 828 125 26 stadgande
685 828 74 20 hvilar
772 827 29 27 på
813 828 44 20 den
870 827 115 21 förutsätt-

239 862 85 28 ningen
336 865 33 18 att
377 863 247 27 landtdagsmannaval
641 864 65 20 skola
724 864 107 20 förrättas
847 870 90 14 samma
954 863 31 25 år,

238 905 52 14 som
315 899 94 27 lagtima
433 900 108 26 landtdag
558 900 184 20 sammanträder
758 899 36 21 för
810 899 71 27 tredje
897 899 88 27 gången

239 934 56 21 efter
306 934 38 21 det
353 935 66 21 valen
429 935 33 21 till
472 936 136 20 densamma
619 937 35 25 egt
663 942 58 14 rum.
745 936 134 20 Detsamma
888 934 98 21 innebär

238 970 45 20 ock
292 971 11 19 7
313 971 13 25 $
336 970 7 20 i
352 970 106 28 förslaget
467 971 34 20 till
508 971 79 27 vallag.
604 971 64 21 Och
657 966 10 37 i
678 972 26 20 37
712 972 13 25 8
732 971 92 27 stadgas
833 970 152 28 uttryckligen

239 1008 34 18 att
288 1006 175 28 valförrättning
479 1007 102 26 vidtager
597 1007 44 21 den
660 1008 9 20 1
685 1007 44 27 juli
746 1007 37 21 det
800 1006 31 26 år,
851 1006 29 21 då
892 1006 93 27 lagtima

238 1042 111 26 landtdag
365 1042 70 28 tredje
451 1043 88 27 gången
556 1043 55 20 efter
627 1045 90 19 senaste
737 1042 248 27 landtdagsmannaval

239 1078 176 20 sammanträdt.
447 1078 49 21 Alla
513 1079 66 20 dessa
596 1078 173 27 bestämningar
785 1078 75 20 skulle
877 1078 47 20 åter
940 1078 45 21 för-

238 1115 84 19 utsätta
344 1116 31 18 ett
398 1114 125 27 stadgande
546 1114 7 21 i
574 1114 252 27 landtdagsordningen
843 1116 33 18 att
892 1114 93 26 lagtima

237 1149 111 28 landtdag
374 1150 58 21 skall
461 1150 174 21 sammanträda
662 1151 73 20 under
761 1150 62 21 förra
850 1150 86 21 hälften
963 1150 25 21 af

237 1185 80 27 hvarje
333 1186 32 20 år.

311 1221 34 21 Då
362 1222 126 21 emellertid
502 1222 93 27 jämlikt
613 1223 24 20 17
655 1221 14 29 &
685 1223 6 20 i
704 1223 108 26 förslaget
823 1222 34 20 till
869 1228 31 21 ny
912 1222 72 20 landt-

238 1257 158 27 dagsordning
427 1258 128 21 Monarken
590 1259 45 20 kan
670 1259 137 24 bestämma,
834 1260 32 18 att
893 1258 92 27 lagtima

237 1293 112 27 landtdag
372 1294 59 20 skall
455 1295 173 20 sammanträda
652 1294 56 21 först
732 1294 29 28 på
786 1294 89 26 hösten,
897 1294 25 20 så
939 1293 45 20 kan

238 1329 73 21 sådan
328 1330 136 26 motsägelse
481 1330 84 21 mellan
587 1330 138 21 hithörande
742 1330 174 26 bestämningar
928 1336 57 20 upp-

237 1365 41 25 stä,
292 1368 33 18 att
335 1366 84 20 medan
431 1366 70 27 enligt
512 1366 263 27 landtdagsordningens
787 1366 13 20 3
811 1364 15 29 &
837 1365 101 27 följande
949 1366 36 20 val

236 1400 73 22 borde
334 1407 39 21 ega
398 1408 51 14 rum
472 1402 72 20 under
560 1402 37 20 det
613 1402 71 27 tredje
710 1402 49 20 äret
775 1402 51 20 frän
849 1401 135 27 föregäende

236 1437 45 26 val,
293 1437 28 21 de
333 1444 45 20 nya
391 1438 65 20 valen
473 1438 69 26 enligt
558 1437 26 21 37
602 1438 13 26 &
627 1438 26 20 af
661 1438 109 26 förslaget
781 1437 34 21 till
827 1437 75 27 vallag
914 1437 71 21 borde

237 1478 41 21 ega
301 1480 51 13 rum
377 1475 31 19 ett
432 1474 25 20 är
472 1474 102 26 tidigare,
590 1476 24 24 ty
631 1474 6 20 i
654 1474 37 20 det
707 1476 100 24 antagna
831 1473 63 21 fallet
910 1472 75 22 skulle
