1106 1745
335 144 29 22 U.
381 144 27 22 B.
425 158 27 2 —
470 145 71 29 Prop.
558 145 41 22 N:o
616 145 21 21 8.

395 490 233 29 Järnvägsutskottets
645 491 138 22 betänkande
801 491 36 23 N:o
855 491 5 22 I

326 526 4 22 i
348 526 114 29 anledning
479 526 28 23 af
526 527 59 22 Hans
607 527 120 28 Kejserliga
745 527 116 28 Majestäts

325 561 79 29 nädiga
425 562 135 29 proposition
578 562 115 29 angäende
709 563 75 22 vidare
801 563 60 28 järn-

324 598 191 28 vägsbyggnader.

181 687 52 21 Den
249 687 166 21 förberedande
432 687 206 29 handläggningen
654 688 23 21 af
690 688 75 22 denna
778 688 85 28 nådiga

109 722 142 29 proposition
269 723 41 21 har
327 723 23 21 af
365 723 105 29 samtliga
485 723 67 22 stånd
568 723 161 22 öfverlemnats
745 723 33 22 till
796 723 66 22 Järn-

109 759 177 27 vägsutskottet,
310 766 47 14 som
378 759 73 21 tillika
470 759 8 21 i
495 759 210 29 protokollsutdrag
720 759 90 21 erhållit
826 759 37 21 del

109 794 24 20 af
152 794 28 21 de
200 794 40 21 vid
260 794 105 22 ärendets
381 794 80 22 remiss
477 794 9 22 i
502 795 97 21 stånden
615 795 88 29 afgifna
717 795 145 29 yttrandena.

110 829 32 21 På
166 830 78 21 därom
268 830 66 28 gjord
354 830 169 29 framställning
539 831 41 21 har
595 830 118 22 Utskottet
728 831 43 21 fått
788 830 37 22 del
841 830 22 22 af

110 865 28 21 de
160 865 145 29 handlingar,
326 873 48 14 som
393 866 132 21 tillkommit
543 866 40 21 vid
600 866 106 22 ärendets
721 866 142 28 behandling

109 901 8 20 i
133 901 130 28 Kejserliga
280 901 106 26 Senaten,
403 901 42 22 och
459 902 24 21 af
494 902 51 21 dem
556 902 111 21 inhemtat
678 905 32 18 att
721 902 143 28 omröstning

110 936 40 21 vid
168 937 196 28 föredragningen
384 937 51 22 icke
456 941 40 24 egt
515 945 56 14 rum.
603 938 147 21 Härförutom
766 939 42 20 har
823 937 40 22 Ut-

110 972 88 22 skottet
213 973 50 21 haft
279 975 32 19 att
326 973 65 28 tillgå
407 973 130 22 förhanden
553 973 100 23 varande
669 973 194 29 undersöknings-

110 1008 109 26 material,
236 1009 118 21 äfvensom
372 1011 28 26 på
416 1009 91 22 enskild
525 1013 45 25 väg
586 1010 141 21 tillkommen
739 1009 125 28 utredning

108 1044 120 28 angående
254 1044 112 22 särskilda
390 1044 219 29 bansträckningars
634 1045 118 29 betydelse
775 1045 37 22 för
835 1045 28 21 de

109 1079 75 22 lokala
199 1080 127 22 intressena
342 1080 8 21 i
366 1080 28 21 de
411 1081 140 26 landsdelar,
563 1079 33 23 de
613 1081 89 22 komme
718 1084 32 19 att
766 1081 97 28 betjäna.

181 1247 46 22 Vid
244 1247 171 29 behandlingen
433 1249 23 20 af
473 1249 41 21 här
529 1249 174 28 ifrågavarande
719 1249 84 28 nådiga
814 1255 50 22 pro-

109 1283 100 28 position
226 1283 41 22 har
288 1283 126 26 Utskottet,
435 1284 9 21 i
465 1284 134 28 anslutning
616 1285 34 21 till
667 1285 27 21 de
710 1285 8 20 i
734 1285 131 21 densamma

110 1318 51 28 (sid.
181 1319 23 27 4)
225 1319 96 21 anförda
336 1319 115 21 allmänna
468 1320 108 26 motiven,
593 1323 74 18 ansett
684 1322 31 19 att
731 1320 39 21 det
785 1320 80 21 vidare

109 1354 251 29 järnvägsbyggandet,
377 1355 90 21 hvilket
483 1356 74 20 under
573 1356 29 21 de
618 1359 89 18 senaste
721 1358 53 19 åren
785 1356 24 20 af
819 1362 46 14 om-

109 1390 200 28 ständigheternas
325 1393 73 25 tvång
415 1392 128 20 successivt
559 1391 111 22 minskats
685 1391 8 21 i
709 1391 44 21 den
764 1394 53 18 mån
827 1393 38 26 på-

109 1425 93 28 började
224 1425 71 22 banor
316 1425 77 22 blifvit
413 1426 100 29 färdiga,
532 1427 42 21 bör
595 1429 159 26 återupptagas
771 1427 42 21 och
829 1426 36 21 för

107 1460 125 22 framtiden
253 1461 118 22 bedrifvas
392 1461 8 21 i
421 1462 40 21 det
478 1462 101 29 omfång,
596 1465 33 18 att
645 1462 44 21 den
705 1463 57 20 fasta
778 1462 88 21 kadern

180 1513 186 24 Järnvägsutskottets
379 1514 111 19 betänkande
500 1515 34 18 N:o
547 1517 15 16 1.
