1106 1750
272 155 26 21 18

309 224 12 21 I
337 224 125 29 anledning
479 224 26 22 af
517 224 28 22 de
561 224 90 30 belopp,
671 232 49 14 som
737 225 13 21 &
765 224 28 22 de
809 224 62 22 olika
886 224 111 22 inkomst-

241 257 44 22 och
300 258 181 28 utgiftstitlarna
502 258 79 22 blifvit
596 258 9 22 i
619 258 147 22 förestående
782 258 81 29 kalkyl
878 260 120 28 upptagna

239 291 38 22 för
292 292 25 22 år
333 293 61 27 1907,
410 293 66 21 torde
491 293 47 27 här,
549 292 37 22 för
595 293 78 22 såvidt
683 293 67 22 dessa
761 293 82 29 belopp
855 292 79 23 afvika
945 293 52 21 från

240 325 29 22 de
284 326 8 21 i
307 326 61 22 årets
382 326 147 30 statsförslag
538 329 127 27 upptagna,
677 327 56 23 böra
743 327 110 23 särskildt
863 327 134 22 framhållas

239 360 113 29 följande:

441 460 156 23 Beträffande
613 461 177 23 inkomsterna.

309 529 155 22 Inkomsterna
479 530 53 28 från
543 531 97 21 kronans
649 531 85 27 skogar.
747 543 27 3 —
785 529 163 22 Statsfondens
961 529 34 21 in-

237 563 103 22 komster
348 563 52 23 från
409 564 101 22 kronans
518 564 85 30 skogar
611 565 120 29 uppgingo
740 565 25 21 år
776 565 53 22 1903
837 564 37 22 till
883 564 112 28 6,396,000

238 598 66 22 mark
327 600 61 20 samt
410 599 25 21 år
451 600 56 21 1904
525 599 36 21 till
580 600 111 26 6,055,000
713 600 72 21 mark.
819 598 42 22 Vid
877 599 117 28 utgången

238 632 27 22 af
284 633 131 22 November
437 634 84 22 månad
539 635 54 21 1905
611 634 108 29 utgjorde
735 634 66 22 dessa
817 633 128 22 inkomster
960 633 36 21 för

237 668 73 28 sagda
326 668 25 22 år
369 670 114 26 4,462,000
493 668 65 22 mark
566 671 60 19 samt
636 668 71 22 hafva
717 669 7 21 i
737 670 54 21 1906
802 668 36 22 års
849 668 147 28 statsförslag

237 702 125 22 beräknats
386 702 35 22 till
445 704 112 26 6,400,000
576 703 71 22 mark.
677 703 12 21 I
704 703 58 29 följd
778 701 67 23 häraf
860 702 43 22 och
918 702 29 22 då
963 702 31 22 af-

236 737 144 29 värkningar
398 737 51 22 från
468 737 101 22 kronans
590 737 85 29 skogar
690 737 8 22 i
713 737 45 22 den
775 739 116 19 närmaste
907 736 88 22 framti-

236 771 46 21 den
302 772 66 22 torde
387 772 93 22 komma
502 774 35 20 att
551 779 44 22 ega
616 779 50 14 rum
682 772 9 21 i
706 774 73 20 större
795 772 92 28 mängd,
903 771 42 22 har
959 772 36 21 så-

236 812 50 15 som
303 806 103 22 inkomst
415 806 37 22 för
463 807 25 21 år
501 808 52 21 1907
565 808 89 20 ansetts
665 806 80 22 kunna
755 808 116 27 upptagas
882 806 113 27 6,500,000

236 840 73 22 mark.

305 875 124 22 Räntorna.
445 888 29 3 —
489 875 167 29 Minskningen
677 875 74 22 under
771 874 76 22 denna
863 875 52 21 titel
928 875 66 21 beror

235 908 80 30 därpå,
331 912 35 19 att
381 910 157 22 statsfondens
554 909 221 30 obligationsförråd
790 909 67 22 torde
872 909 55 22 böra
939 909 55 22 ned-

234 943 102 29 bringas,
356 944 9 21 i
380 944 110 22 händelse
509 952 28 14 en
559 944 123 29 ifrågasatt
697 944 145 28 öfverföring
857 944 52 22 från
924 946 70 19 stats-

234 977 100 22 fondens
350 978 131 29 disponibla
500 978 125 30 tillgångar
640 979 36 21 till
692 978 301 22 kommunikationsfonden

234 1012 105 22 kommer
354 1015 35 19 att
404 1020 43 22 ega
462 1020 57 15 rum.

306 1047 205 23 Tullinkomsterna.
529 1061 26 3 —
571 1048 128 28 Angående
710 1048 45 21 den
767 1047 123 22 sannolika
905 1047 88 22 inkom-

234 1083 52 20 sten
301 1082 74 22 under
390 1082 184 29 treårsperioden
596 1084 139 21 1905—1907
752 1082 27 22 af
792 1082 67 22 dessa
873 1082 9 21 i
897 1082 96 22 finansi-

234 1116 34 21 elt
286 1116 108 22 afseende
412 1117 126 29 viktigaste
555 1117 188 21 statsinkomster
761 1116 72 22 hafva
852 1116 141 29 detaljerade

233 1150 157 29 beräkningar
409 1151 142 22 värkställts.
581 1151 11 22 I
612 1151 52 22 stöd
679 1151 27 22 af
718 1150 99 23 sålunda
839 1150 105 23 erhållna
958 1158 35 15 re-

233 1185 73 21 sultat
321 1185 71 22 hafva
407 1185 203 23 tullinkomsterna
625 1186 36 21 för
676 1186 73 29 sagda
759 1186 26 21 år
797 1185 148 29 uppskattats
955 1185 37 22 till

233 1218 103 30 följande
352 1220 74 29 årliga
441 1220 119 22 medeltal:

336 1283 151 29 Importtull.
518 1301 4 5 .
554 1301 4 4 .
589 1300 5 5 .
625 1300 5 5 .
660 1301 5 4 .
696 1285 130 26 37,000,000
842 1283 45 22 mk.

336 1318 151 29 Exporttull.
520 1336 2 4 .
552 1336 5 4 .
587 1335 5 5 .
623 1335 40 5 0...
730 1320 93 24 312,000

337 1353 189 29 Sägningsafgift
550 1371 5 4 .
587 1370 4 5 .
621 1371 5 5 .
657 1370 6 5 .
729 1354 93 26 435,000
853 1370 12 10 ,,

336 1386 281 30 Expeditionskostnader
629 1382 11 38 —
658 1404 4 4 .
729 1389 94 25 400,000
853 1404 12 9 —,,

335 1422 98 22 Diverse
448 1422 89 22 mindre
556 1422 103 22 intrader
746 1424 77 25 10,000
853 1440 11 8 ,,

571 1463 93 22 Summa
681 1459 13 37 =
703 1464 129 27 38,157,000
847 1463 39 21 mk

302 1508 142 18 Statsutskottets
457 1509 108 18 betänkande
577 1510 38 17 N:o
631 1510 14 17 7.
