1100 1745
245 136 32 35 34
564 140 41 22 N:o
618 141 25 20 11

289 209 207 24 Centralnämnden
512 209 108 22 anställer
633 217 27 14 en
672 209 144 28 sekreterare,
827 208 86 29 nödiga
928 208 51 22 räk-

219 250 54 15 nare
289 243 42 22 och
346 251 75 14 annan
436 244 106 28 personal
557 243 36 22 till
609 244 40 21 sitt
664 243 95 22 biträde.

576 307 48 27 38

289 347 258 29 Landtdagsmannaval
562 347 106 22 förrättas
683 347 9 22 i
706 347 80 28 hvarje
797 347 109 21 kommun
918 346 60 27 eller,

220 388 38 15 om
273 381 109 23 kommun
398 385 25 19 är
437 382 92 22 indelad
544 382 8 21 i
567 381 53 23 flere
635 381 232 29 röstningsområden,
882 381 9 21 i
900 380 78 29 hvarje

219 415 82 23 sådant
317 416 96 22 område.

289 450 48 21 Har
351 450 177 22 landskommun
546 450 53 22 flere
615 453 29 19 än
660 453 89 19 ettusen
765 449 135 22 femhundra
914 449 64 21 invå-

219 491 60 20 nare,
296 484 58 21 skall
370 485 43 21 den
430 485 22 21 af
466 485 248 21 kommunalnämnden
729 484 88 22 indelas
832 484 9 21 i
853 484 125 28 röstnings-

220 518 108 22 områden
350 519 58 22 efter
429 519 71 22 sådan
524 519 81 29 grund,
628 522 35 19 att
685 519 76 29 dylikt
783 518 97 28 område,
904 518 74 22 såvidt

220 553 208 22 ortsförhållanden
450 553 20 29 ej
494 557 70 18 annat
585 554 98 28 påkalla,
706 553 108 22 omfattar
831 553 69 28 högst
914 560 65 21 nyss-

219 587 100 22 nämnda
340 588 160 22 invånarantal
519 588 43 21 och
579 588 76 21 tillika
676 588 73 21 bildar
771 595 28 14 en
819 587 159 22 sammanhän-

219 621 76 29 gande
316 622 42 21 och
380 622 57 22 efter
461 622 282 23 samfärdsförhållandena
767 621 122 30 afgränsad
904 621 37 22 del
956 621 23 22 af

219 656 145 22 kommunen.
394 657 122 22 Likaledes
538 657 59 22 skall
620 657 57 28 stad,
696 665 49 14 som
763 657 42 21 har
823 657 53 21 flere
891 659 29 19 än
935 659 43 18 tre-

219 693 66 19 tusen
301 691 115 28 invånare,
432 691 24 22 af
470 691 148 29 magistraten
632 691 88 22 indelas
737 692 7 21 i
759 691 143 28 erforderligt
917 691 62 21 antal

220 725 232 29 röstningsområden.

289 760 117 21 Kommun
422 760 51 22 med
488 760 88 21 mindre
594 760 165 28 invånarantal,
777 763 29 18 än
824 759 66 22 ofvan
908 762 70 26 sagts,

220 794 38 21 må
273 794 48 28 ock,
337 794 41 21 där
395 794 218 22 kommunalnämnd
631 795 55 21 eller
703 794 121 29 magistrat
838 794 92 28 pröfvar
945 795 34 20 så-

220 828 57 22 dant
291 828 87 29 nödigt,
394 829 88 22 indelas
497 829 8 21 i
520 829 230 28 röstningsområden.

289 862 34 22 Af
335 863 220 21 kommunalnämnd
570 864 55 21 eller
640 863 120 28 magistrat
777 863 115 21 verkstäld
906 862 72 22 indel-

220 897 59 28 ning
293 897 79 22 länder
387 897 38 22 till
440 897 156 28 efterrättelse,
612 897 59 22 ändå
686 900 34 19 att
735 898 82 21 besvär
831 897 64 22 öfver
904 897 75 22 beslu-

220 933 35 20 tet
270 931 91 28 anförts,
377 932 62 21 intill
454 931 51 22 dess
520 933 76 27 utslag
611 932 8 21 i
635 931 125 29 anledning
771 931 23 22 af
804 931 108 22 besvären
922 938 57 15 vun-

220 966 36 21 nit
271 966 52 27 laga
337 965 67 22 kraft.

289 999 107 22 Vallokal
415 1001 105 27 upplåtes
536 1001 8 21 i
559 1000 77 28 hvarje
654 1000 208 29 röstningsområde
878 1000 23 21 af
915 1000 64 22 kom-

220 1041 91 14 munen.

578 1063 14 21 4
606 1065 18 25 8.

290 1103 12 21 I
323 1103 79 28 hvarje
424 1103 174 22 landskommun
622 1103 58 22 skall
702 1103 245 22 kommunalnämnden
971 1103 8 21 i

220 1137 81 28 början
317 1137 22 21 af
351 1137 92 28 januari
458 1137 82 22 månad
551 1137 39 22 det
600 1138 29 26 är,
640 1137 30 22 dä
680 1138 97 28 lagtima
787 1137 110 28 landtdag
907 1137 71 28 tredje

220 1172 94 28 gängen
339 1171 57 22 efter
412 1175 88 18 senaste
523 1172 246 28 landtdagsmannaval
794 1172 184 27 sammanträder,

220 1205 97 22 tillsätta
333 1213 28 14 en
376 1206 130 28 valnämnd,
522 1206 122 22 bestäende
659 1206 23 21 af
692 1214 28 14 en
731 1205 135 23 ordförande
877 1206 43 21 och
930 1205 48 30 fyra

219 1239 154 29 medlemmar,
396 1240 36 22 för
454 1243 34 19 att
504 1241 63 20 inom
584 1241 138 21 kommunen
737 1241 96 21 förrätta
848 1240 131 29 landtdags-

220 1275 127 21 mannaval.
378 1275 66 21 Dock
468 1275 64 27 skall,
555 1282 37 14 om
614 1275 29 28 pä
666 1275 74 28 grund
765 1274 22 22 af
808 1275 110 28 Kejsaren
937 1275 42 21 och

220 1307 154 22 Storfurstens
392 1308 152 22 förordnande
559 1316 45 21 nya
618 1309 38 21 val
670 1309 124 27 förrättats,
809 1316 32 20 ny
856 1309 123 21 valnämnd

219 1344 63 19 utses
297 1342 9 21 i
320 1342 89 28 januari
424 1342 83 22 månad
522 1344 47 20 året
580 1342 56 23 efter
652 1343 43 27 det,
711 1342 130 23 hvarunder
856 1343 71 28 sagda
941 1343 38 21 val

219 1379 42 25 egt
275 1384 54 13 rum.

290 1405 33 27 Är
344 1411 110 22 kommun
474 1412 91 21 indelad
588 1412 7 21 i
618 1412 232 29 röstningsomräden,
872 1412 107 21 tillsättos

220 1452 30 14 en
266 1445 68 21 sådan
350 1446 87 21 nämnd
452 1446 36 22 för
501 1447 78 28 hvarje
594 1447 96 21 område.

291 1479 141 22 Ordförande
456 1481 41 21 och
519 1481 123 21 ledamöter
657 1481 8 20 i
680 1480 131 28 valnämnd,
826 1480 70 29 jämte
911 1481 69 21 erfor-

220 1513 85 28 derligt
321 1514 61 21 antal
398 1515 146 28 suppleanter
558 1514 34 22 för
608 1515 58 27 dem,
682 1515 64 21 skola
763 1514 73 29 väljas
851 1514 70 21 bland
932 1515 47 21 val-
