<?xml version="1.0" encoding="UTF-8"?>
<alto xmlns="http://www.loc.gov/standards/alto/ns-v3#" xmlns:xlink="http://www.w3.org/1999/xlink" xmlns:xsi="http://www.w3.org/2001/XMLSchema-instance" xsi:schemaLocation="http://www.loc.gov/standards/alto/ns-v3# http://www.loc.gov/alto/v3/alto-3-0.xsd">
	<Description>
		<MeasurementUnit>pixel</MeasurementUnit>
		<sourceImageInformation>
			<fileName>/tmp/tess_t59xwliw_input.PNG</fileName>
		</sourceImageInformation>
		<OCRProcessing ID="OCR_0">
			<ocrProcessingStep>
				<processingSoftware>
					<softwareName>tesseract 5.3.4</softwareName>
				</processingSoftware>
			</ocrProcessingStep>
		</OCRProcessing>
	</Description>
	<Layout>
		<Page WIDTH="1100" HEIGHT="1745" PHYSICAL_IMG_NR="0" ID="page_0">
			<PrintSpace HPOS="0" VPOS="0" WIDTH="1100" HEIGHT="1745">
				<ComposedBlock ID="cblock_0" HPOS="239" VPOS="142" WIDTH="511" HEIGHT="27">
					<TextBlock ID="block_0" HPOS="239" VPOS="142" WIDTH="511" HEIGHT="27">
						<TextLine ID="line_0" HPOS="239" VPOS="142" WIDTH="511" HEIGHT="27">
							<String ID="string_0" HPOS="239" VPOS="142" WIDTH="27" HEIGHT="20" WC="0.96" CONTENT="10"/><SP WIDTH="210" VPOS="142" HPOS="266"/>
							<String ID="string_1" HPOS="476" VPOS="142" WIDTH="21" HEIGHT="22" WC="0.93" CONTENT="U."/><SP WIDTH="18" VPOS="142" HPOS="497"/>
							<String ID="string_2" HPOS="515" VPOS="142" WIDTH="22" HEIGHT="22" WC="0.91" CONTENT="B."/><SP WIDTH="16" VPOS="142" HPOS="537"/>
							<String ID="string_3" HPOS="553" VPOS="155" WIDTH="29" HEIGHT="2" WC="0.91" CONTENT="—"/><SP WIDTH="17" VPOS="155" HPOS="582"/>
							<String ID="string_4" HPOS="599" VPOS="142" WIDTH="60" HEIGHT="27" WC="0.96" CONTENT="Prop."/><SP WIDTH="18" VPOS="142" HPOS="659"/>
							<String ID="string_5" HPOS="677" VPOS="142" WIDTH="35" HEIGHT="22" WC="0.96" CONTENT="N:o"/><SP WIDTH="16" VPOS="142" HPOS="712"/>
							<String ID="string_6" HPOS="728" VPOS="142" WIDTH="22" HEIGHT="22" WC="0.83" CONTENT="11."/>
						</TextLine>
					</TextBlock>
				</ComposedBlock>
				<ComposedBlock ID="cblock_1" HPOS="234" VPOS="207" WIDTH="751" HEIGHT="351">
					<TextBlock ID="block_1" HPOS="237" VPOS="207" WIDTH="748" HEIGHT="136">
						<TextLine ID="line_1" HPOS="237" VPOS="207" WIDTH="748" HEIGHT="28">
							<String ID="string_7" HPOS="237" VPOS="209" WIDTH="70" HEIGHT="25" WC="0.93" CONTENT="tagas."/><SP WIDTH="17" VPOS="209" HPOS="307"/>
							<String ID="string_8" HPOS="324" VPOS="220" WIDTH="28" HEIGHT="2" WC="0.89" CONTENT="—"/><SP WIDTH="18" VPOS="220" HPOS="352"/>
							<String ID="string_9" HPOS="370" VPOS="208" WIDTH="74" HEIGHT="21" WC="0.95" CONTENT="Innan"/><SP WIDTH="17" VPOS="208" HPOS="444"/>
							<String ID="string_10" HPOS="461" VPOS="208" WIDTH="144" HEIGHT="27" WC="0.96" CONTENT="proposition"/><SP WIDTH="17" VPOS="208" HPOS="605"/>
							<String ID="string_11" HPOS="622" VPOS="215" WIDTH="38" HEIGHT="14" WC="0.93" CONTENT="om"/><SP WIDTH="18" VPOS="215" HPOS="660"/>
							<String ID="string_12" HPOS="678" VPOS="208" WIDTH="64" HEIGHT="21" WC="0.96" CONTENT="bifall"/><SP WIDTH="17" VPOS="208" HPOS="742"/>
							<String ID="string_13" HPOS="759" VPOS="207" WIDTH="54" HEIGHT="22" WC="0.93" CONTENT="eller"/><SP WIDTH="16" VPOS="207" HPOS="813"/>
							<String ID="string_14" HPOS="829" VPOS="207" WIDTH="72" HEIGHT="28" WC="0.92" CONTENT="afslag"/><SP WIDTH="16" VPOS="207" HPOS="901"/>
							<String ID="string_15" HPOS="917" VPOS="207" WIDTH="68" HEIGHT="21" WC="0.92" CONTENT="fram-"/>
						</TextLine>
						<TextLine ID="line_2" HPOS="237" VPOS="244" WIDTH="748" HEIGHT="27">
							<String ID="string_16" HPOS="237" VPOS="244" WIDTH="80" HEIGHT="25" WC="0.87" CONTENT="ställts,"/><SP WIDTH="17" VPOS="244" HPOS="317"/>
							<String ID="string_17" HPOS="334" VPOS="244" WIDTH="46" HEIGHT="20" WC="0.93" CONTENT="kan"/><SP WIDTH="17" VPOS="244" HPOS="380"/>
							<String ID="string_18" HPOS="397" VPOS="244" WIDTH="105" HEIGHT="27" WC="0.91" CONTENT="yrkande"/><SP WIDTH="16" VPOS="244" HPOS="502"/>
							<String ID="string_19" HPOS="518" VPOS="245" WIDTH="66" HEIGHT="26" WC="0.92" CONTENT="göras"/><SP WIDTH="17" VPOS="245" HPOS="584"/>
							<String ID="string_20" HPOS="601" VPOS="245" WIDTH="81" HEIGHT="20" WC="0.92" CONTENT="därom"/><SP WIDTH="17" VPOS="245" HPOS="682"/>
							<String ID="string_21" HPOS="699" VPOS="246" WIDTH="33" HEIGHT="19" WC="0.93" CONTENT="att"/><SP WIDTH="16" VPOS="246" HPOS="732"/>
							<String ID="string_22" HPOS="748" VPOS="244" WIDTH="94" HEIGHT="21" WC="0.92" CONTENT="ärendet"/><SP WIDTH="16" VPOS="244" HPOS="842"/>
							<String ID="string_23" HPOS="858" VPOS="244" WIDTH="59" HEIGHT="20" WC="0.91" CONTENT="skall"/><SP WIDTH="12" VPOS="244" HPOS="917"/>
							<String ID="string_24" HPOS="929" VPOS="244" WIDTH="56" HEIGHT="20" WC="0.91" CONTENT="läm-"/>
						</TextLine>
						<TextLine ID="line_3" HPOS="237" VPOS="279" WIDTH="746" HEIGHT="28">
							<String ID="string_25" HPOS="237" VPOS="286" WIDTH="42" HEIGHT="14" WC="0.93" CONTENT="nas"/><SP WIDTH="17" VPOS="286" HPOS="279"/>
							<String ID="string_26" HPOS="296" VPOS="279" WIDTH="116" HEIGHT="21" WC="0.91" CONTENT="hvilande."/><SP WIDTH="23" VPOS="279" HPOS="412"/>
							<String ID="string_27" HPOS="435" VPOS="280" WIDTH="70" HEIGHT="21" WC="0.92" CONTENT="Göres"/><SP WIDTH="17" VPOS="280" HPOS="505"/>
							<String ID="string_28" HPOS="522" VPOS="280" WIDTH="82" HEIGHT="21" WC="0.92" CONTENT="sädant"/><SP WIDTH="16" VPOS="280" HPOS="604"/>
							<String ID="string_29" HPOS="620" VPOS="280" WIDTH="112" HEIGHT="27" WC="0.93" CONTENT="yrkande,"/><SP WIDTH="11" VPOS="280" HPOS="732"/>
							<String ID="string_30" HPOS="743" VPOS="280" WIDTH="58" HEIGHT="21" WC="0.92" CONTENT="skall"/><SP WIDTH="10" VPOS="280" HPOS="801"/>
							<String ID="string_31" HPOS="811" VPOS="280" WIDTH="94" HEIGHT="20" WC="0.92" CONTENT="ärendet"/><SP WIDTH="11" VPOS="280" HPOS="905"/>
							<String ID="string_32" HPOS="916" VPOS="279" WIDTH="67" HEIGHT="21" WC="0.93" CONTENT="bord-"/>
						</TextLine>
						<TextLine ID="line_4" HPOS="237" VPOS="315" WIDTH="684" HEIGHT="28">
							<String ID="string_33" HPOS="237" VPOS="315" WIDTH="76" HEIGHT="27" WC="0.91" CONTENT="läggas"/><SP WIDTH="17" VPOS="315" HPOS="313"/>
							<String ID="string_34" HPOS="330" VPOS="315" WIDTH="34" HEIGHT="21" WC="0.96" CONTENT="till"/><SP WIDTH="17" VPOS="315" HPOS="364"/>
							<String ID="string_35" HPOS="381" VPOS="316" WIDTH="101" HEIGHT="27" WC="0.93" CONTENT="följande"/><SP WIDTH="19" VPOS="316" HPOS="482"/>
							<String ID="string_36" HPOS="501" VPOS="317" WIDTH="102" HEIGHT="26" WC="0.91" CONTENT="plenum,"/><SP WIDTH="17" VPOS="317" HPOS="603"/>
							<String ID="string_37" HPOS="620" VPOS="316" WIDTH="29" HEIGHT="21" WC="0.93" CONTENT="dä"/><SP WIDTH="20" VPOS="316" HPOS="649"/>
							<String ID="string_38" HPOS="669" VPOS="316" WIDTH="104" HEIGHT="27" WC="0.92" CONTENT="votering"/><SP WIDTH="19" VPOS="316" HPOS="773"/>
							<String ID="string_39" HPOS="792" VPOS="317" WIDTH="52" HEIGHT="25" WC="0.96" CONTENT="äger"/><SP WIDTH="18" VPOS="317" HPOS="844"/>
							<String ID="string_40" HPOS="862" VPOS="322" WIDTH="59" HEIGHT="14" WC="0.96" CONTENT="rum."/>
						</TextLine>
					</TextBlock>
					<TextBlock ID="block_2" HPOS="234" VPOS="350" WIDTH="750" HEIGHT="208">
						<TextLine ID="line_5" HPOS="308" VPOS="350" WIDTH="676" HEIGHT="29">
							<String ID="string_41" HPOS="308" VPOS="351" WIDTH="33" HEIGHT="21" WC="0.93" CONTENT="De"/><SP WIDTH="17" VPOS="351" HPOS="341"/>
							<String ID="string_42" HPOS="358" VPOS="352" WIDTH="165" HEIGHT="27" WC="0.92" CONTENT="anordningar,"/><SP WIDTH="17" VPOS="352" HPOS="523"/>
							<String ID="string_43" HPOS="540" VPOS="352" WIDTH="34" HEIGHT="21" WC="0.93" CONTENT="för"/><SP WIDTH="17" VPOS="352" HPOS="574"/>
							<String ID="string_44" HPOS="591" VPOS="352" WIDTH="77" HEIGHT="21" WC="0.92" CONTENT="hvilka"/><SP WIDTH="18" VPOS="352" HPOS="668"/>
							<String ID="string_45" HPOS="686" VPOS="352" WIDTH="69" HEIGHT="21" WC="0.92" CONTENT="ofvan"/><SP WIDTH="20" VPOS="352" HPOS="755"/>
							<String ID="string_46" HPOS="775" VPOS="351" WIDTH="133" HEIGHT="28" WC="0.92" CONTENT="redogjorts,"/><SP WIDTH="12" VPOS="351" HPOS="908"/>
							<String ID="string_47" HPOS="920" VPOS="350" WIDTH="64" HEIGHT="21" WC="0.96" CONTENT="torde"/>
						</TextLine>
						<TextLine ID="line_6" HPOS="236" VPOS="387" WIDTH="748" HEIGHT="27">
							<String ID="string_48" HPOS="236" VPOS="387" WIDTH="69" HEIGHT="27" WC="0.93" CONTENT="enligt"/><SP WIDTH="25" VPOS="387" HPOS="305"/>
							<String ID="string_49" HPOS="330" VPOS="387" WIDTH="126" HEIGHT="22" WC="0.93" CONTENT="Utskottets"/><SP WIDTH="24" VPOS="387" HPOS="456"/>
							<String ID="string_50" HPOS="480" VPOS="388" WIDTH="152" HEIGHT="21" WC="0.91" CONTENT="förmenande"/><SP WIDTH="24" VPOS="388" HPOS="632"/>
							<String ID="string_51" HPOS="656" VPOS="388" WIDTH="106" HEIGHT="21" WC="0.41" CONTENT="hbefinnas"/><SP WIDTH="24" VPOS="388" HPOS="762"/>
							<String ID="string_52" HPOS="786" VPOS="388" WIDTH="77" HEIGHT="20" WC="0.96" CONTENT="lämna"/><SP WIDTH="20" VPOS="388" HPOS="863"/>
							<String ID="string_53" HPOS="883" VPOS="387" WIDTH="45" HEIGHT="21" WC="0.93" CONTENT="alla"/><SP WIDTH="16" VPOS="387" HPOS="928"/>
							<String ID="string_54" HPOS="944" VPOS="387" WIDTH="40" HEIGHT="21" WC="0.91" CONTENT="nö-"/>
						</TextLine>
						<TextLine ID="line_7" HPOS="236" VPOS="423" WIDTH="747" HEIGHT="27">
							<String ID="string_55" HPOS="236" VPOS="423" WIDTH="52" HEIGHT="27" WC="0.92" CONTENT="diga"/><SP WIDTH="23" VPOS="423" HPOS="288"/>
							<String ID="string_56" HPOS="311" VPOS="424" WIDTH="116" HEIGHT="26" WC="0.92" CONTENT="garantier"/><SP WIDTH="16" VPOS="424" HPOS="427"/>
							<String ID="string_57" HPOS="443" VPOS="424" WIDTH="35" HEIGHT="21" WC="0.96" CONTENT="för"/><SP WIDTH="16" VPOS="424" HPOS="478"/>
							<String ID="string_58" HPOS="494" VPOS="426" WIDTH="32" HEIGHT="19" WC="0.96" CONTENT="att"/><SP WIDTH="17" VPOS="426" HPOS="526"/>
							<String ID="string_59" HPOS="543" VPOS="424" WIDTH="104" HEIGHT="21" WC="0.96" CONTENT="besluten"/><SP WIDTH="17" VPOS="424" HPOS="647"/>
							<String ID="string_60" HPOS="664" VPOS="425" WIDTH="65" HEIGHT="20" WC="0.96" CONTENT="skola"/><SP WIDTH="18" VPOS="425" HPOS="729"/>
							<String ID="string_61" HPOS="747" VPOS="424" WIDTH="67" HEIGHT="20" WC="0.96" CONTENT="fattas"/><SP WIDTH="16" VPOS="424" HPOS="814"/>
							<String ID="string_62" HPOS="830" VPOS="424" WIDTH="56" HEIGHT="20" WC="0.93" CONTENT="efter"/><SP WIDTH="17" VPOS="424" HPOS="886"/>
							<String ID="string_63" HPOS="903" VPOS="428" WIDTH="80" HEIGHT="21" WC="0.92" CONTENT="mogen"/>
						</TextLine>
						<TextLine ID="line_8" HPOS="235" VPOS="458" WIDTH="749" HEIGHT="29">
							<String ID="string_64" HPOS="235" VPOS="459" WIDTH="173" HEIGHT="28" WC="0.35" CONTENT="Ofverläggning"/><SP WIDTH="23" VPOS="459" HPOS="408"/>
							<String ID="string_65" HPOS="431" VPOS="460" WIDTH="28" HEIGHT="27" WC="0.93" CONTENT="pä"/><SP WIDTH="17" VPOS="460" HPOS="459"/>
							<String ID="string_66" HPOS="476" VPOS="461" WIDTH="142" HEIGHT="26" WC="0.96" CONTENT="grundvalen"/><SP WIDTH="18" VPOS="461" HPOS="618"/>
							<String ID="string_67" HPOS="636" VPOS="461" WIDTH="24" HEIGHT="20" WC="0.96" CONTENT="af"/><SP WIDTH="14" VPOS="461" HPOS="660"/>
							<String ID="string_68" HPOS="674" VPOS="467" WIDTH="28" HEIGHT="14" WC="0.96" CONTENT="en"/><SP WIDTH="18" VPOS="467" HPOS="702"/>
							<String ID="string_69" HPOS="720" VPOS="460" WIDTH="25" HEIGHT="21" WC="0.96" CONTENT="sä"/><SP WIDTH="15" VPOS="460" HPOS="745"/>
							<String ID="string_70" HPOS="760" VPOS="459" WIDTH="133" HEIGHT="26" WC="0.93" CONTENT="fullständig"/><SP WIDTH="16" VPOS="459" HPOS="893"/>
							<String ID="string_71" HPOS="909" VPOS="458" WIDTH="75" HEIGHT="21" WC="0.92" CONTENT="utred-"/>
						</TextLine>
						<TextLine ID="line_9" HPOS="235" VPOS="495" WIDTH="749" HEIGHT="27">
							<String ID="string_72" HPOS="235" VPOS="495" WIDTH="62" HEIGHT="27" WC="0.96" CONTENT="ning,"/><SP WIDTH="18" VPOS="495" HPOS="297"/>
							<String ID="string_73" HPOS="315" VPOS="502" WIDTH="49" HEIGHT="14" WC="0.96" CONTENT="som"/><SP WIDTH="26" VPOS="502" HPOS="364"/>
							<String ID="string_74" HPOS="390" VPOS="496" WIDTH="25" HEIGHT="20" WC="0.93" CONTENT="af"/><SP WIDTH="21" VPOS="496" HPOS="415"/>
							<String ID="string_75" HPOS="436" VPOS="496" WIDTH="128" HEIGHT="21" WC="0.91" CONTENT="ärendenas"/><SP WIDTH="17" VPOS="496" HPOS="564"/>
							<String ID="string_76" HPOS="581" VPOS="496" WIDTH="160" HEIGHT="21" WC="0.92" CONTENT="beskaffenhet"/><SP WIDTH="16" VPOS="496" HPOS="741"/>
							<String ID="string_77" HPOS="757" VPOS="496" WIDTH="6" HEIGHT="20" WC="0.93" CONTENT="i"/><SP WIDTH="18" VPOS="496" HPOS="763"/>
							<String ID="string_78" HPOS="781" VPOS="495" WIDTH="78" HEIGHT="27" WC="0.92" CONTENT="hvarje"/><SP WIDTH="17" VPOS="495" HPOS="859"/>
							<String ID="string_79" HPOS="876" VPOS="495" WIDTH="108" HEIGHT="20" WC="0.93" CONTENT="särskildt"/>
						</TextLine>
						<TextLine ID="line_10" HPOS="234" VPOS="530" WIDTH="168" HEIGHT="28">
							<String ID="string_80" HPOS="234" VPOS="530" WIDTH="39" HEIGHT="21" WC="0.93" CONTENT="fall"/><SP WIDTH="18" VPOS="530" HPOS="273"/>
							<String ID="string_81" HPOS="291" VPOS="531" WIDTH="111" HEIGHT="27" WC="0.92" CONTENT="päkallas."/>
						</TextLine>
					</TextBlock>
				</ComposedBlock>
				<ComposedBlock ID="cblock_2" HPOS="228" VPOS="710" WIDTH="754" HEIGHT="779">
					<TextBlock ID="block_3" HPOS="233" VPOS="710" WIDTH="749" HEIGHT="137">
						<TextLine ID="line_11" HPOS="307" VPOS="710" WIDTH="675" HEIGHT="21">
							<String ID="string_82" HPOS="307" VPOS="710" WIDTH="32" HEIGHT="21" WC="0.96" CONTENT="De"/><SP WIDTH="17" VPOS="710" HPOS="339"/>
							<String ID="string_83" HPOS="356" VPOS="710" WIDTH="119" HEIGHT="21" WC="0.93" CONTENT="allmänna"/><SP WIDTH="18" VPOS="710" HPOS="475"/>
							<String ID="string_84" HPOS="493" VPOS="711" WIDTH="111" HEIGHT="20" WC="0.91" CONTENT="villkoren"/><SP WIDTH="19" VPOS="711" HPOS="604"/>
							<String ID="string_85" HPOS="623" VPOS="710" WIDTH="34" HEIGHT="21" WC="0.93" CONTENT="för"/><SP WIDTH="12" VPOS="710" HPOS="657"/>
							<String ID="string_86" HPOS="669" VPOS="711" WIDTH="126" HEIGHT="20" WC="0.92" CONTENT="valrättens"/><SP WIDTH="11" VPOS="711" HPOS="795"/>
							<String ID="string_87" HPOS="806" VPOS="711" WIDTH="125" HEIGHT="20" WC="0.91" CONTENT="utöfvande"/><SP WIDTH="11" VPOS="711" HPOS="931"/>
							<String ID="string_88" HPOS="942" VPOS="717" WIDTH="40" HEIGHT="14" WC="0.93" CONTENT="an-"/>
						</TextLine>
						<TextLine ID="line_12" HPOS="233" VPOS="745" WIDTH="749" HEIGHT="28">
							<String ID="string_89" HPOS="233" VPOS="745" WIDTH="74" HEIGHT="27" WC="0.90" CONTENT="gifvas"/><SP WIDTH="50" VPOS="745" HPOS="307"/>
							<String ID="string_90" HPOS="357" VPOS="747" WIDTH="43" HEIGHT="26" WC="0.85" CONTENT="i58"/><SP WIDTH="19" VPOS="747" HPOS="400"/>
							<String ID="string_91" HPOS="419" VPOS="747" WIDTH="9" HEIGHT="20" WC="0.88" CONTENT="1"/><SP WIDTH="19" VPOS="747" HPOS="428"/>
							<String ID="string_92" HPOS="447" VPOS="753" WIDTH="71" HEIGHT="14" WC="0.96" CONTENT="mom."/><SP WIDTH="34" VPOS="753" HPOS="518"/>
							<String ID="string_93" HPOS="552" VPOS="747" WIDTH="32" HEIGHT="20" WC="0.92" CONTENT="De"/><SP WIDTH="17" VPOS="747" HPOS="584"/>
							<String ID="string_94" HPOS="601" VPOS="748" WIDTH="92" HEIGHT="25" WC="0.95" CONTENT="utgöras"/><SP WIDTH="17" VPOS="748" HPOS="693"/>
							<String ID="string_95" HPOS="710" VPOS="747" WIDTH="25" HEIGHT="20" WC="0.93" CONTENT="af"/><SP WIDTH="14" VPOS="747" HPOS="735"/>
							<String ID="string_96" HPOS="749" VPOS="747" WIDTH="72" HEIGHT="20" WC="0.93" CONTENT="finskt"/><SP WIDTH="15" VPOS="747" HPOS="821"/>
							<String ID="string_97" HPOS="836" VPOS="746" WIDTH="146" HEIGHT="27" WC="0.92" CONTENT="medborger-"/>
						</TextLine>
						<TextLine ID="line_13" HPOS="234" VPOS="782" WIDTH="747" HEIGHT="28">
							<String ID="string_98" HPOS="234" VPOS="782" WIDTH="57" HEIGHT="27" WC="0.92" CONTENT="skap"/><SP WIDTH="18" VPOS="782" HPOS="291"/>
							<String ID="string_99" HPOS="309" VPOS="782" WIDTH="44" HEIGHT="21" WC="0.93" CONTENT="och"/><SP WIDTH="17" VPOS="782" HPOS="353"/>
							<String ID="string_100" HPOS="370" VPOS="783" WIDTH="112" HEIGHT="27" WC="0.91" CONTENT="uppnädd"/><SP WIDTH="18" VPOS="783" HPOS="482"/>
							<String ID="string_101" HPOS="500" VPOS="783" WIDTH="28" HEIGHT="20" WC="0.92" CONTENT="24"/><SP WIDTH="16" VPOS="783" HPOS="528"/>
							<String ID="string_102" HPOS="544" VPOS="783" WIDTH="36" HEIGHT="20" WC="0.92" CONTENT="ärs"/><SP WIDTH="17" VPOS="783" HPOS="580"/>
							<String ID="string_103" HPOS="597" VPOS="783" WIDTH="69" HEIGHT="20" WC="0.92" CONTENT="älder."/><SP WIDTH="33" VPOS="783" HPOS="666"/>
							<String ID="string_104" HPOS="699" VPOS="783" WIDTH="70" HEIGHT="21" WC="0.96" CONTENT="Aktiv"/><SP WIDTH="16" VPOS="783" HPOS="769"/>
							<String ID="string_105" HPOS="785" VPOS="783" WIDTH="44" HEIGHT="20" WC="0.93" CONTENT="och"/><SP WIDTH="17" VPOS="783" HPOS="829"/>
							<String ID="string_106" HPOS="846" VPOS="783" WIDTH="78" HEIGHT="26" WC="0.92" CONTENT="passiv"/><SP WIDTH="11" VPOS="783" HPOS="924"/>
							<String ID="string_107" HPOS="935" VPOS="783" WIDTH="46" HEIGHT="20" WC="0.92" CONTENT="val-"/>
						</TextLine>
						<TextLine ID="line_14" HPOS="233" VPOS="817" WIDTH="307" HEIGHT="30">
							<String ID="string_108" HPOS="233" VPOS="819" WIDTH="45" HEIGHT="19" WC="0.93" CONTENT="rätt"/><SP WIDTH="16" VPOS="819" HPOS="278"/>
							<String ID="string_109" HPOS="294" VPOS="818" WIDTH="163" HEIGHT="21" WC="0.96" CONTENT="sammanfalla"/><SP WIDTH="17" VPOS="818" HPOS="457"/>
							<String ID="string_110" HPOS="474" VPOS="817" WIDTH="21" HEIGHT="30" WC="0.95" CONTENT="(6"/><SP WIDTH="18" VPOS="817" HPOS="495"/>
							<String ID="string_111" HPOS="513" VPOS="817" WIDTH="27" HEIGHT="29" WC="0.71" CONTENT="8)."/>
						</TextLine>
					</TextBlock>
					<TextBlock ID="block_4" HPOS="232" VPOS="854" WIDTH="749" HEIGHT="207">
						<TextLine ID="line_15" HPOS="305" VPOS="854" WIDTH="676" HEIGHT="27">
							<String ID="string_112" HPOS="305" VPOS="854" WIDTH="42" HEIGHT="20" WC="0.93" CONTENT="Det"/><SP WIDTH="25" VPOS="854" HPOS="347"/>
							<String ID="string_113" HPOS="372" VPOS="855" WIDTH="180" HEIGHT="26" WC="0.92" CONTENT="proportionella"/><SP WIDTH="24" VPOS="855" HPOS="552"/>
							<String ID="string_114" HPOS="576" VPOS="855" WIDTH="90" HEIGHT="26" WC="0.89" CONTENT="valsätt,"/><SP WIDTH="25" VPOS="855" HPOS="666"/>
							<String ID="string_115" HPOS="691" VPOS="861" WIDTH="51" HEIGHT="15" WC="0.96" CONTENT="som"/><SP WIDTH="17" VPOS="861" HPOS="742"/>
							<String ID="string_116" HPOS="759" VPOS="856" WIDTH="26" HEIGHT="19" WC="0.93" CONTENT="är"/><SP WIDTH="16" VPOS="856" HPOS="785"/>
							<String ID="string_117" HPOS="801" VPOS="855" WIDTH="73" HEIGHT="20" WC="0.92" CONTENT="afsedt"/><SP WIDTH="17" VPOS="855" HPOS="874"/>
							<String ID="string_118" HPOS="891" VPOS="856" WIDTH="31" HEIGHT="18" WC="0.96" CONTENT="att"/><SP WIDTH="16" VPOS="856" HPOS="922"/>
							<String ID="string_119" HPOS="938" VPOS="855" WIDTH="43" HEIGHT="19" WC="0.96" CONTENT="hos"/>
						</TextLine>
						<TextLine ID="line_16" HPOS="232" VPOS="889" WIDTH="748" HEIGHT="29">
							<String ID="string_120" HPOS="232" VPOS="895" WIDTH="39" HEIGHT="15" WC="0.96" CONTENT="oss"/><SP WIDTH="16" VPOS="895" HPOS="271"/>
							<String ID="string_121" HPOS="287" VPOS="889" WIDTH="95" HEIGHT="27" WC="0.95" CONTENT="införas,"/><SP WIDTH="16" VPOS="889" HPOS="382"/>
							<String ID="string_122" HPOS="398" VPOS="891" WIDTH="66" HEIGHT="20" WC="0.96" CONTENT="torde"/><SP WIDTH="15" VPOS="891" HPOS="464"/>
							<String ID="string_123" HPOS="479" VPOS="897" WIDTH="82" HEIGHT="20" WC="0.96" CONTENT="genom"/><SP WIDTH="16" VPOS="897" HPOS="561"/>
							<String ID="string_124" HPOS="577" VPOS="891" WIDTH="51" HEIGHT="20" WC="0.96" CONTENT="hela"/><SP WIDTH="12" VPOS="891" HPOS="628"/>
							<String ID="string_125" HPOS="640" VPOS="891" WIDTH="38" HEIGHT="20" WC="0.96" CONTENT="det"/><SP WIDTH="11" VPOS="891" HPOS="678"/>
							<String ID="string_126" HPOS="689" VPOS="892" WIDTH="51" HEIGHT="24" WC="0.93" CONTENT="sätt,"/><SP WIDTH="13" VPOS="892" HPOS="740"/>
							<String ID="string_127" HPOS="753" VPOS="890" WIDTH="87" HEIGHT="28" WC="0.92" CONTENT="hvarpä"/><SP WIDTH="12" VPOS="890" HPOS="840"/>
							<String ID="string_128" HPOS="852" VPOS="891" WIDTH="128" HEIGHT="20" WC="0.92" CONTENT="detsamma"/>
						</TextLine>
						<TextLine ID="line_17" HPOS="232" VPOS="926" WIDTH="748" HEIGHT="27">
							<String ID="string_129" HPOS="232" VPOS="926" WIDTH="134" HEIGHT="26" WC="0.92" CONTENT="anordnats,"/><SP WIDTH="18" VPOS="926" HPOS="366"/>
							<String ID="string_130" HPOS="384" VPOS="927" WIDTH="134" HEIGHT="20" WC="0.93" CONTENT="säkerställa"/><SP WIDTH="17" VPOS="927" HPOS="518"/>
							<String ID="string_131" HPOS="535" VPOS="927" WIDTH="85" HEIGHT="20" WC="0.92" CONTENT="invalet"/><SP WIDTH="16" VPOS="927" HPOS="620"/>
							<String ID="string_132" HPOS="636" VPOS="927" WIDTH="24" HEIGHT="20" WC="0.97" CONTENT="af"/><SP WIDTH="10" VPOS="927" HPOS="660"/>
							<String ID="string_133" HPOS="670" VPOS="929" WIDTH="30" HEIGHT="18" WC="0.87" CONTENT="ett"/><SP WIDTH="12" VPOS="929" HPOS="700"/>
							<String ID="string_134" HPOS="712" VPOS="926" WIDTH="132" HEIGHT="27" WC="0.90" CONTENT="tillräckligt"/><SP WIDTH="11" VPOS="926" HPOS="844"/>
							<String ID="string_135" HPOS="855" VPOS="927" WIDTH="63" HEIGHT="20" WC="0.96" CONTENT="antal"/><SP WIDTH="12" VPOS="927" HPOS="918"/>
							<String ID="string_136" HPOS="930" VPOS="933" WIDTH="16" HEIGHT="14" WC="0.96" CONTENT="s."/><SP WIDTH="12" VPOS="933" HPOS="946"/>
							<String ID="string_137" HPOS="958" VPOS="927" WIDTH="22" HEIGHT="20" WC="0.96" CONTENT="k."/>
						</TextLine>
						<TextLine ID="line_18" HPOS="233" VPOS="961" WIDTH="747" HEIGHT="28">
							<String ID="string_138" HPOS="233" VPOS="961" WIDTH="76" HEIGHT="21" WC="0.92" CONTENT="lokala"/><SP WIDTH="15" VPOS="961" HPOS="309"/>
							<String ID="string_139" HPOS="324" VPOS="962" WIDTH="144" HEIGHT="26" WC="0.90" CONTENT="kandidater,"/><SP WIDTH="18" VPOS="962" HPOS="468"/>
							<String ID="string_140" HPOS="486" VPOS="963" WIDTH="93" HEIGHT="20" WC="0.92" CONTENT="hvarför"/><SP WIDTH="16" VPOS="963" HPOS="579"/>
							<String ID="string_141" HPOS="595" VPOS="963" WIDTH="69" HEIGHT="26" WC="0.92" CONTENT="nägot"/><SP WIDTH="11" VPOS="963" HPOS="664"/>
							<String ID="string_142" HPOS="675" VPOS="963" WIDTH="85" HEIGHT="20" WC="0.96" CONTENT="villkor"/><SP WIDTH="11" VPOS="963" HPOS="760"/>
							<String ID="string_143" HPOS="771" VPOS="962" WIDTH="141" HEIGHT="21" WC="0.93" CONTENT="beträffande"/><SP WIDTH="13" VPOS="962" HPOS="912"/>
							<String ID="string_144" HPOS="925" VPOS="963" WIDTH="55" HEIGHT="20" WC="0.91" CONTENT="kan-"/>
						</TextLine>
						<TextLine ID="line_19" HPOS="232" VPOS="997" WIDTH="749" HEIGHT="28">
							<String ID="string_145" HPOS="232" VPOS="997" WIDTH="76" HEIGHT="21" WC="0.91" CONTENT="didats"/><SP WIDTH="24" VPOS="997" HPOS="308"/>
							<String ID="string_146" HPOS="332" VPOS="997" WIDTH="183" HEIGHT="28" WC="0.91" CONTENT="bosättningsort"/><SP WIDTH="24" VPOS="997" HPOS="515"/>
							<String ID="string_147" HPOS="539" VPOS="998" WIDTH="49" HEIGHT="21" WC="0.90" CONTENT="icke"/><SP WIDTH="25" VPOS="998" HPOS="588"/>
							<String ID="string_148" HPOS="613" VPOS="999" WIDTH="78" HEIGHT="20" WC="0.88" CONTENT="behöft"/><SP WIDTH="25" VPOS="999" HPOS="691"/>
							<String ID="string_149" HPOS="716" VPOS="999" WIDTH="71" HEIGHT="20" WC="0.92" CONTENT="fästas"/><SP WIDTH="24" VPOS="999" HPOS="787"/>
							<String ID="string_150" HPOS="811" VPOS="998" WIDTH="38" HEIGHT="21" WC="0.96" CONTENT="vid"/><SP WIDTH="25" VPOS="998" HPOS="849"/>
							<String ID="string_151" HPOS="874" VPOS="998" WIDTH="44" HEIGHT="21" WC="0.92" CONTENT="den"/><SP WIDTH="24" VPOS="998" HPOS="918"/>
							<String ID="string_152" HPOS="942" VPOS="998" WIDTH="39" HEIGHT="20" WC="0.92" CONTENT="all-"/>
						</TextLine>
						<TextLine ID="line_20" HPOS="232" VPOS="1033" WIDTH="748" HEIGHT="28">
							<String ID="string_153" HPOS="232" VPOS="1034" WIDTH="86" HEIGHT="19" WC="0.91" CONTENT="männa"/><SP WIDTH="17" VPOS="1034" HPOS="318"/>
							<String ID="string_154" HPOS="335" VPOS="1034" WIDTH="76" HEIGHT="26" WC="0.93" CONTENT="regeln"/><SP WIDTH="18" VPOS="1034" HPOS="411"/>
							<String ID="string_155" HPOS="429" VPOS="1036" WIDTH="32" HEIGHT="19" WC="0.93" CONTENT="att"/><SP WIDTH="14" VPOS="1036" HPOS="461"/>
							<String ID="string_156" HPOS="475" VPOS="1034" WIDTH="80" HEIGHT="21" WC="0.92" CONTENT="valbar"/><SP WIDTH="11" VPOS="1034" HPOS="555"/>
							<String ID="string_157" HPOS="566" VPOS="1035" WIDTH="25" HEIGHT="20" WC="0.93" CONTENT="är"/><SP WIDTH="11" VPOS="1035" HPOS="591"/>
							<String ID="string_158" HPOS="602" VPOS="1035" WIDTH="94" HEIGHT="26" WC="0.93" CONTENT="enhvar,"/><SP WIDTH="12" VPOS="1035" HPOS="696"/>
							<String ID="string_159" HPOS="708" VPOS="1041" WIDTH="52" HEIGHT="14" WC="0.96" CONTENT="som"/><SP WIDTH="12" VPOS="1041" HPOS="760"/>
							<String ID="string_160" HPOS="772" VPOS="1035" WIDTH="25" HEIGHT="20" WC="0.93" CONTENT="är"/><SP WIDTH="11" VPOS="1035" HPOS="797"/>
							<String ID="string_161" HPOS="808" VPOS="1033" WIDTH="172" HEIGHT="27" WC="0.91" CONTENT="valberättigad."/>
						</TextLine>
					</TextBlock>
					<TextBlock ID="block_5" HPOS="230" VPOS="1069" WIDTH="751" HEIGHT="64">
						<TextLine ID="line_21" HPOS="303" VPOS="1069" WIDTH="678" HEIGHT="28">
							<String ID="string_162" HPOS="303" VPOS="1069" WIDTH="43" HEIGHT="20" WC="0.92" CONTENT="Vid"/><SP WIDTH="9" VPOS="1069" HPOS="346"/>
							<String ID="string_163" HPOS="355" VPOS="1069" WIDTH="157" HEIGHT="22" WC="0.92" CONTENT="bedömandet"/><SP WIDTH="8" VPOS="1069" HPOS="512"/>
							<String ID="string_164" HPOS="520" VPOS="1070" WIDTH="25" HEIGHT="20" WC="0.93" CONTENT="af"/><SP WIDTH="6" VPOS="1070" HPOS="545"/>
							<String ID="string_165" HPOS="551" VPOS="1070" WIDTH="174" HEIGHT="27" WC="0.92" CONTENT="äldersgränsen"/><SP WIDTH="9" VPOS="1070" HPOS="725"/>
							<String ID="string_166" HPOS="734" VPOS="1070" WIDTH="36" HEIGHT="21" WC="0.93" CONTENT="för"/><SP WIDTH="9" VPOS="1070" HPOS="770"/>
							<String ID="string_167" HPOS="779" VPOS="1070" WIDTH="124" HEIGHT="21" WC="0.92" CONTENT="valrättens"/><SP WIDTH="9" VPOS="1070" HPOS="903"/>
							<String ID="string_168" HPOS="912" VPOS="1069" WIDTH="69" HEIGHT="21" WC="0.92" CONTENT="inträ-"/>
						</TextLine>
						<TextLine ID="line_22" HPOS="230" VPOS="1105" WIDTH="719" HEIGHT="28">
							<String ID="string_169" HPOS="230" VPOS="1105" WIDTH="77" HEIGHT="20" WC="0.91" CONTENT="dande"/><SP WIDTH="17" VPOS="1105" HPOS="307"/>
							<String ID="string_170" HPOS="324" VPOS="1105" WIDTH="69" HEIGHT="21" WC="0.92" CONTENT="hafva"/><SP WIDTH="16" VPOS="1105" HPOS="393"/>
							<String ID="string_171" HPOS="409" VPOS="1105" WIDTH="65" HEIGHT="21" WC="0.93" CONTENT="inom"/><SP WIDTH="17" VPOS="1105" HPOS="474"/>
							<String ID="string_172" HPOS="491" VPOS="1106" WIDTH="109" HEIGHT="21" WC="0.91" CONTENT="utskottet"/><SP WIDTH="19" VPOS="1106" HPOS="600"/>
							<String ID="string_173" HPOS="619" VPOS="1106" WIDTH="152" HEIGHT="27" WC="0.91" CONTENT="meningarna"/><SP WIDTH="18" VPOS="1106" HPOS="771"/>
							<String ID="string_174" HPOS="789" VPOS="1105" WIDTH="58" HEIGHT="21" WC="0.93" CONTENT="varit"/><SP WIDTH="15" VPOS="1105" HPOS="847"/>
							<String ID="string_175" HPOS="862" VPOS="1105" WIDTH="87" HEIGHT="21" WC="0.92" CONTENT="delade."/>
						</TextLine>
					</TextBlock>
					<TextBlock ID="block_6" HPOS="228" VPOS="1141" WIDTH="754" HEIGHT="348">
						<TextLine ID="line_23" HPOS="303" VPOS="1141" WIDTH="677" HEIGHT="28">
							<String ID="string_176" HPOS="303" VPOS="1141" WIDTH="44" HEIGHT="20" WC="0.93" CONTENT="Till"/><SP WIDTH="26" VPOS="1141" HPOS="347"/>
							<String ID="string_177" HPOS="373" VPOS="1141" WIDTH="91" HEIGHT="21" WC="0.93" CONTENT="förmän"/><SP WIDTH="25" VPOS="1141" HPOS="464"/>
							<String ID="string_178" HPOS="489" VPOS="1141" WIDTH="35" HEIGHT="21" WC="0.93" CONTENT="för"/><SP WIDTH="23" VPOS="1141" HPOS="524"/>
							<String ID="string_179" HPOS="547" VPOS="1142" WIDTH="76" HEIGHT="20" WC="0.92" CONTENT="21-ärs"/><SP WIDTH="24" VPOS="1142" HPOS="623"/>
							<String ID="string_180" HPOS="647" VPOS="1143" WIDTH="99" HEIGHT="26" WC="0.92" CONTENT="gränsen"/><SP WIDTH="26" VPOS="1143" HPOS="746"/>
							<String ID="string_181" HPOS="772" VPOS="1141" WIDTH="68" HEIGHT="21" WC="0.92" CONTENT="hafva"/><SP WIDTH="25" VPOS="1141" HPOS="840"/>
							<String ID="string_182" HPOS="865" VPOS="1141" WIDTH="115" HEIGHT="27" WC="0.92" CONTENT="ätskilliga"/>
						</TextLine>
						<TextLine ID="line_24" HPOS="231" VPOS="1177" WIDTH="750" HEIGHT="27">
							<String ID="string_183" HPOS="231" VPOS="1183" WIDTH="50" HEIGHT="14" WC="0.95" CONTENT="mer"/><SP WIDTH="15" VPOS="1183" HPOS="281"/>
							<String ID="string_184" HPOS="296" VPOS="1177" WIDTH="55" HEIGHT="20" WC="0.96" CONTENT="eller"/><SP WIDTH="16" VPOS="1177" HPOS="351"/>
							<String ID="string_185" HPOS="367" VPOS="1177" WIDTH="91" HEIGHT="21" WC="0.93" CONTENT="mindre"/><SP WIDTH="25" VPOS="1177" HPOS="458"/>
							<String ID="string_186" HPOS="483" VPOS="1177" WIDTH="184" HEIGHT="21" WC="0.96" CONTENT="beaktansvärda"/><SP WIDTH="25" VPOS="1177" HPOS="667"/>
							<String ID="string_187" HPOS="692" VPOS="1177" WIDTH="198" HEIGHT="27" WC="0.92" CONTENT="omständigheter"/><SP WIDTH="16" VPOS="1177" HPOS="890"/>
							<String ID="string_188" HPOS="906" VPOS="1177" WIDTH="75" HEIGHT="20" WC="0.95" CONTENT="blifvit"/>
						</TextLine>
						<TextLine ID="line_25" HPOS="230" VPOS="1212" WIDTH="750" HEIGHT="28">
							<String ID="string_189" HPOS="230" VPOS="1212" WIDTH="105" HEIGHT="21" WC="0.92" CONTENT="anförda."/><SP WIDTH="33" VPOS="1212" HPOS="335"/>
							<String ID="string_190" HPOS="368" VPOS="1213" WIDTH="50" HEIGHT="20" WC="0.93" CONTENT="Den"/><SP WIDTH="24" VPOS="1213" HPOS="418"/>
							<String ID="string_191" HPOS="442" VPOS="1213" WIDTH="68" HEIGHT="21" WC="0.91" CONTENT="civila"/><SP WIDTH="25" VPOS="1213" HPOS="510"/>
							<String ID="string_192" HPOS="535" VPOS="1213" WIDTH="164" HEIGHT="27" WC="0.92" CONTENT="myndigheten"/><SP WIDTH="25" VPOS="1213" HPOS="699"/>
							<String ID="string_193" HPOS="724" VPOS="1213" WIDTH="104" HEIGHT="21" WC="0.96" CONTENT="inträder"/><SP WIDTH="18" VPOS="1213" HPOS="828"/>
							<String ID="string_194" HPOS="846" VPOS="1213" WIDTH="38" HEIGHT="20" WC="0.96" CONTENT="vid"/><SP WIDTH="18" VPOS="1213" HPOS="884"/>
							<String ID="string_195" HPOS="902" VPOS="1213" WIDTH="25" HEIGHT="20" WC="0.96" CONTENT="21"/><SP WIDTH="19" VPOS="1213" HPOS="927"/>
							<String ID="string_196" HPOS="946" VPOS="1213" WIDTH="34" HEIGHT="25" WC="0.96" CONTENT="är;"/>
						</TextLine>
						<TextLine ID="line_26" HPOS="230" VPOS="1248" WIDTH="750" HEIGHT="28">
							<String ID="string_197" HPOS="230" VPOS="1248" WIDTH="70" HEIGHT="27" WC="0.96" CONTENT="enligt"/><SP WIDTH="17" VPOS="1248" HPOS="300"/>
							<String ID="string_198" HPOS="317" VPOS="1255" WIDTH="31" HEIGHT="14" WC="0.96" CONTENT="nu"/><SP WIDTH="17" VPOS="1255" HPOS="348"/>
							<String ID="string_199" HPOS="365" VPOS="1249" WIDTH="107" HEIGHT="26" WC="0.93" CONTENT="gällande"/><SP WIDTH="24" VPOS="1249" HPOS="472"/>
							<String ID="string_200" HPOS="496" VPOS="1249" WIDTH="222" HEIGHT="27" WC="0.92" CONTENT="landtdagsordning"/><SP WIDTH="24" VPOS="1249" HPOS="718"/>
							<String ID="string_201" HPOS="742" VPOS="1249" WIDTH="43" HEIGHT="20" WC="0.93" CONTENT="har"/><SP WIDTH="21" VPOS="1249" HPOS="785"/>
							<String ID="string_202" HPOS="806" VPOS="1249" WIDTH="174" HEIGHT="26" WC="0.92" CONTENT="äldersgränsen"/>
						</TextLine>
						<TextLine ID="line_27" HPOS="230" VPOS="1283" WIDTH="752" HEIGHT="28">
							<String ID="string_203" HPOS="230" VPOS="1283" WIDTH="36" HEIGHT="21" WC="0.93" CONTENT="för"/><SP WIDTH="16" VPOS="1283" HPOS="266"/>
							<String ID="string_204" HPOS="282" VPOS="1284" WIDTH="126" HEIGHT="21" WC="0.92" CONTENT="utöfvande"/><SP WIDTH="16" VPOS="1284" HPOS="408"/>
							<String ID="string_205" HPOS="424" VPOS="1285" WIDTH="25" HEIGHT="20" WC="0.93" CONTENT="af"/><SP WIDTH="14" VPOS="1285" HPOS="449"/>
							<String ID="string_206" HPOS="463" VPOS="1285" WIDTH="111" HEIGHT="20" WC="0.90" CONTENT="valrätten"/><SP WIDTH="18" VPOS="1285" HPOS="574"/>
							<String ID="string_207" HPOS="592" VPOS="1285" WIDTH="32" HEIGHT="20" WC="0.92" CONTENT="uti"/><SP WIDTH="17" VPOS="1285" HPOS="624"/>
							<String ID="string_208" HPOS="641" VPOS="1285" WIDTH="28" HEIGHT="20" WC="0.93" CONTENT="de"/><SP WIDTH="16" VPOS="1285" HPOS="669"/>
							<String ID="string_209" HPOS="685" VPOS="1285" WIDTH="85" HEIGHT="21" WC="0.93" CONTENT="ofrälse"/><SP WIDTH="17" VPOS="1285" HPOS="770"/>
							<String ID="string_210" HPOS="787" VPOS="1285" WIDTH="97" HEIGHT="20" WC="0.92" CONTENT="ständen"/><SP WIDTH="14" VPOS="1285" HPOS="884"/>
							<String ID="string_211" HPOS="898" VPOS="1284" WIDTH="84" HEIGHT="27" WC="0.91" CONTENT="utgjort"/>
						</TextLine>
						<TextLine ID="line_28" HPOS="229" VPOS="1319" WIDTH="751" HEIGHT="27">
							<String ID="string_212" HPOS="229" VPOS="1319" WIDTH="27" HEIGHT="20" WC="0.96" CONTENT="21"/><SP WIDTH="19" VPOS="1319" HPOS="256"/>
							<String ID="string_213" HPOS="275" VPOS="1319" WIDTH="34" HEIGHT="25" WC="0.93" CONTENT="är;"/><SP WIDTH="21" VPOS="1319" HPOS="309"/>
							<String ID="string_214" HPOS="330" VPOS="1320" WIDTH="134" HEIGHT="26" WC="0.92" CONTENT="ungdomen"/><SP WIDTH="17" VPOS="1320" HPOS="464"/>
							<String ID="string_215" HPOS="481" VPOS="1320" WIDTH="47" HEIGHT="21" WC="0.92" CONTENT="stär"/><SP WIDTH="15" VPOS="1320" HPOS="528"/>
							<String ID="string_216" HPOS="543" VPOS="1320" WIDTH="7" HEIGHT="21" WC="0.95" CONTENT="i"/><SP WIDTH="16" VPOS="1320" HPOS="550"/>
							<String ID="string_217" HPOS="566" VPOS="1322" WIDTH="56" HEIGHT="19" WC="0.96" CONTENT="nära"/><SP WIDTH="17" VPOS="1322" HPOS="622"/>
							<String ID="string_218" HPOS="639" VPOS="1320" WIDTH="99" HEIGHT="21" WC="0.96" CONTENT="kontakt"/><SP WIDTH="17" VPOS="1320" HPOS="738"/>
							<String ID="string_219" HPOS="755" VPOS="1320" WIDTH="52" HEIGHT="20" WC="0.97" CONTENT="med"/><SP WIDTH="17" VPOS="1320" HPOS="807"/>
							<String ID="string_220" HPOS="824" VPOS="1320" WIDTH="44" HEIGHT="20" WC="0.93" CONTENT="och"/><SP WIDTH="18" VPOS="1320" HPOS="868"/>
							<String ID="string_221" HPOS="886" VPOS="1322" WIDTH="94" HEIGHT="18" WC="0.92" CONTENT="emotta-"/>
						</TextLine>
						<TextLine ID="line_29" HPOS="229" VPOS="1355" WIDTH="751" HEIGHT="28">
							<String ID="string_222" HPOS="229" VPOS="1361" WIDTH="40" HEIGHT="20" WC="0.96" CONTENT="ger"/><SP WIDTH="15" VPOS="1361" HPOS="269"/>
							<String ID="string_223" HPOS="284" VPOS="1356" WIDTH="28" HEIGHT="20" WC="0.92" CONTENT="de"/><SP WIDTH="17" VPOS="1356" HPOS="312"/>
							<String ID="string_224" HPOS="329" VPOS="1355" WIDTH="105" HEIGHT="28" WC="0.92" CONTENT="lifligaste"/><SP WIDTH="17" VPOS="1355" HPOS="434"/>
							<String ID="string_225" HPOS="451" VPOS="1356" WIDTH="120" HEIGHT="27" WC="0.96" CONTENT="intrycken"/><SP WIDTH="17" VPOS="1356" HPOS="571"/>
							<String ID="string_226" HPOS="588" VPOS="1357" WIDTH="26" HEIGHT="20" WC="0.96" CONTENT="af"/><SP WIDTH="13" VPOS="1357" HPOS="614"/>
							<String ID="string_227" HPOS="627" VPOS="1357" WIDTH="28" HEIGHT="20" WC="0.93" CONTENT="de"/><SP WIDTH="17" VPOS="1357" HPOS="655"/>
							<String ID="string_228" HPOS="672" VPOS="1357" WIDTH="63" HEIGHT="20" WC="0.96" CONTENT="idéer"/><SP WIDTH="22" VPOS="1357" HPOS="735"/>
							<String ID="string_229" HPOS="757" VPOS="1357" WIDTH="44" HEIGHT="20" WC="0.93" CONTENT="och"/><SP WIDTH="17" VPOS="1357" HPOS="801"/>
							<String ID="string_230" HPOS="818" VPOS="1355" WIDTH="162" HEIGHT="27" WC="0.96" CONTENT="strömningar,"/>
						</TextLine>
						<TextLine ID="line_30" HPOS="229" VPOS="1391" WIDTH="750" HEIGHT="22">
							<String ID="string_231" HPOS="229" VPOS="1397" WIDTH="51" HEIGHT="14" WC="0.96" CONTENT="som"/><SP WIDTH="17" VPOS="1397" HPOS="280"/>
							<String ID="string_232" HPOS="297" VPOS="1397" WIDTH="50" HEIGHT="15" WC="0.96" CONTENT="mer"/><SP WIDTH="16" VPOS="1397" HPOS="347"/>
							<String ID="string_233" HPOS="363" VPOS="1391" WIDTH="55" HEIGHT="21" WC="0.96" CONTENT="eller"/><SP WIDTH="11" VPOS="1391" HPOS="418"/>
							<String ID="string_234" HPOS="429" VPOS="1392" WIDTH="90" HEIGHT="21" WC="0.93" CONTENT="mindre"/><SP WIDTH="15" VPOS="1392" HPOS="519"/>
							<String ID="string_235" HPOS="534" VPOS="1392" WIDTH="70" HEIGHT="21" WC="0.91" CONTENT="blifva"/><SP WIDTH="15" VPOS="1392" HPOS="604"/>
							<String ID="string_236" HPOS="619" VPOS="1392" WIDTH="178" HEIGHT="21" WC="0.91" CONTENT="bestämmande"/><SP WIDTH="11" VPOS="1392" HPOS="797"/>
							<String ID="string_237" HPOS="808" VPOS="1392" WIDTH="35" HEIGHT="20" WC="0.96" CONTENT="för"/><SP WIDTH="11" VPOS="1392" HPOS="843"/>
							<String ID="string_238" HPOS="854" VPOS="1391" WIDTH="45" HEIGHT="21" WC="0.93" CONTENT="den"/><SP WIDTH="12" VPOS="1391" HPOS="899"/>
							<String ID="string_239" HPOS="911" VPOS="1391" WIDTH="68" HEIGHT="20" WC="0.92" CONTENT="fram-"/>
						</TextLine>
						<TextLine ID="line_31" HPOS="229" VPOS="1426" WIDTH="751" HEIGHT="29">
							<String ID="string_240" HPOS="229" VPOS="1426" WIDTH="47" HEIGHT="21" WC="0.92" CONTENT="tida"/><SP WIDTH="18" VPOS="1426" HPOS="276"/>
							<String ID="string_241" HPOS="294" VPOS="1427" WIDTH="172" HEIGHT="27" WC="0.92" CONTENT="utvecklingen;"/><SP WIDTH="15" VPOS="1427" HPOS="466"/>
							<String ID="string_242" HPOS="481" VPOS="1435" WIDTH="29" HEIGHT="13" WC="0.96" CONTENT="m."/><SP WIDTH="13" VPOS="1435" HPOS="510"/>
							<String ID="string_243" HPOS="523" VPOS="1428" WIDTH="21" HEIGHT="20" WC="0.92" CONTENT="fl."/><SP WIDTH="18" VPOS="1428" HPOS="544"/>
							<String ID="string_244" HPOS="562" VPOS="1428" WIDTH="205" HEIGHT="27" WC="0.96" CONTENT="omständigheter,"/><SP WIDTH="18" VPOS="1428" HPOS="767"/>
							<String ID="string_245" HPOS="785" VPOS="1434" WIDTH="49" HEIGHT="14" WC="0.97" CONTENT="som"/><SP WIDTH="18" VPOS="1434" HPOS="834"/>
							<String ID="string_246" HPOS="852" VPOS="1427" WIDTH="76" HEIGHT="20" WC="0.93" CONTENT="finnas"/><SP WIDTH="13" VPOS="1427" HPOS="928"/>
							<String ID="string_247" HPOS="941" VPOS="1433" WIDTH="39" HEIGHT="14" WC="0.93" CONTENT="an-"/>
						</TextLine>
						<TextLine ID="line_32" HPOS="228" VPOS="1462" WIDTH="752" HEIGHT="27">
							<String ID="string_248" HPOS="228" VPOS="1462" WIDTH="62" HEIGHT="27" WC="0.93" CONTENT="gifna"/><SP WIDTH="13" VPOS="1462" HPOS="290"/>
							<String ID="string_249" HPOS="303" VPOS="1463" WIDTH="5" HEIGHT="20" WC="0.96" CONTENT="i"/><SP WIDTH="13" VPOS="1463" HPOS="308"/>
							<String ID="string_250" HPOS="321" VPOS="1470" WIDTH="28" HEIGHT="13" WC="0.96" CONTENT="en"/><SP WIDTH="13" VPOS="1470" HPOS="349"/>
							<String ID="string_251" HPOS="362" VPOS="1464" WIDTH="100" HEIGHT="20" WC="0.96" CONTENT="särskild"/><SP WIDTH="12" VPOS="1464" HPOS="462"/>
							<String ID="string_252" HPOS="474" VPOS="1464" WIDTH="33" HEIGHT="20" WC="0.96" CONTENT="till"/><SP WIDTH="12" VPOS="1464" HPOS="507"/>
							<String ID="string_253" HPOS="519" VPOS="1464" WIDTH="61" HEIGHT="21" WC="0.93" CONTENT="detta"/><SP WIDTH="12" VPOS="1464" HPOS="580"/>
							<String ID="string_254" HPOS="592" VPOS="1464" WIDTH="147" HEIGHT="21" WC="0.92" CONTENT="betänkande"/><SP WIDTH="13" VPOS="1464" HPOS="739"/>
							<String ID="string_255" HPOS="752" VPOS="1463" WIDTH="68" HEIGHT="26" WC="0.92" CONTENT="fogad"/><SP WIDTH="13" VPOS="1463" HPOS="820"/>
							<String ID="string_256" HPOS="833" VPOS="1463" WIDTH="147" HEIGHT="20" WC="0.96" CONTENT="reservation."/>
						</TextLine>
					</TextBlock>
				</ComposedBlock>
			</PrintSpace>
		</Page>
	</Layout>
</alto>
