1103 1745
338 127 24 22 U.
378 127 23 22 B.
417 139 29 2 —
463 127 65 28 Prop.
545 127 38 22 N:o
601 127 22 22 II.
800 129 26 19 79

107 191 144 30 hänvisning
266 191 61 23 skall
342 191 48 23 ske.
417 191 88 23 Likaså
515 191 61 23 skall
588 191 206 29 petitionsförslag,
806 191 50 22 där-

107 229 36 20 est
165 227 39 23 det
225 228 52 22 icke
301 228 113 29 antingen
430 228 57 22 utan
505 228 34 22 att
554 227 85 29 läggas
655 227 30 29 på
702 227 82 22 bordet
800 227 58 22 eller

107 263 60 23 efter
182 263 175 30 bordläggning
372 263 124 27 förkastas,
513 263 35 22 till
564 263 91 22 utskott
671 262 149 30 hänskjutas.

449 344 27 19 56
493 341 20 29 $.

179 382 260 24 Utskottsbetänkande
461 383 68 27 skall,
554 382 30 23 då
606 382 40 23 det
668 382 74 23 första
761 382 96 29 gången

107 418 142 29 föredrages,
271 419 84 29 läggas
378 419 29 29 på
422 419 89 22 bordet.
542 418 46 23 Vid
605 420 69 21 nästa
690 418 168 29 föredragning

108 454 61 23 skall
185 454 45 28 det,
248 454 75 23 ehvad
340 454 182 30 öfverläggning
538 456 40 28 egt
593 461 53 16 rum
660 454 56 22 eller
726 454 60 27 icke,
798 453 60 30 ånyo

109 490 147 29 bordläggas,
277 497 38 16 om
332 491 40 22 två
387 490 56 23 eller
460 490 56 23 flere
534 490 153 23 medlemmar
703 490 40 23 det
760 490 97 29 begära;

109 533 52 16 men
186 526 30 23 då
240 526 97 23 ärendet
352 526 75 29 tredje
443 527 96 28 gången
555 526 165 27 förekommer,
736 526 39 22 må
791 525 66 23 bord-

108 562 116 29 läggning
239 562 52 23 icke
307 562 80 23 vidare
404 569 45 22 ega
464 569 59 16 rum.

449 650 26 18 57
493 647 20 28 8.

181 688 81 29 Angår
277 688 254 23 utskottsbetänkande
547 687 243 30 lagstiftningsfråga,
807 693 51 17 som

110 724 83 22 väckts
209 730 85 23 genom
311 724 112 29 Kejsaren
440 724 44 22 och
500 723 158 24 Storfurstens
674 724 141 29 proposition
828 723 30 22 el-

108 759 34 23 ler
158 766 85 23 genom
262 761 85 22 motion
364 759 39 24 vid
418 759 152 30 landtdagen,
587 759 61 23 skall
665 759 99 23 ärendet
775 759 83 22 under-

109 795 82 23 kastas
213 797 35 21 tre
270 795 78 24 skilda
369 795 173 30 behandlingar
558 796 8 21 i
581 795 158 29 landtdagens
756 795 102 28 plenum.

181 831 45 23 Vid
242 831 73 23 första
332 831 176 29 behandlingen
524 831 135 29 föredrages
672 831 186 22 utskottsbetän-

109 867 90 23 kandet
215 867 43 23 och
273 867 92 23 lämnas
381 868 25 22 åt
421 867 158 29 landtdagens
597 867 153 22 medlemmar
767 866 92 23 tillfälle

111 904 34 22 att
165 905 64 27 yttra
251 905 37 27 sig
303 904 8 22 i
327 903 90 30 frågan.
450 903 79 23 Sedan
545 903 212 29 öfverläggningen
773 902 86 23 förkla-

110 941 48 20 rats
182 939 110 27 afslutad,
316 939 157 23 öfverlämnas
498 939 104 27 ärendet,
624 941 59 20 utan
706 940 34 21 att
760 938 100 23 beslut
848 934 15 37 i

110 975 86 29 själfva
212 975 74 22 saken
302 975 89 28 fattats,
409 975 34 22 till
456 975 158 29 landtdagens
626 975 64 22 stora
700 974 97 27 utskott,
808 981 51 15 som

111 1011 38 22 det
165 1011 90 29 åligger
272 1012 34 21 att
322 1011 50 22 däri
388 1010 92 29 afgifva
498 1011 110 28 yttrande
625 1010 43 23 och
684 1010 131 22 framställa
831 1009 29 22 de

110 1047 95 29 förslag,
222 1047 33 22 till
273 1047 81 22 hvilka
370 1047 115 22 utskottet
501 1047 48 22 kan
566 1046 67 23 finna
651 1046 132 29 anledning.

181 1083 46 22 Vid
250 1083 73 22 andra
346 1082 175 29 behandlingen
538 1082 136 29 föredrages
690 1083 64 21 stora
770 1081 90 23 utskot-

111 1120 44 21 tets
177 1118 159 28 betänkande,
361 1118 98 23 hvarvid
481 1118 144 29 landtdagen
643 1118 67 29 ingår
726 1118 8 21 i
749 1117 112 30 pröfning

111 1155 24 22 af
155 1154 155 29 lagförslaget
333 1156 63 21 samt
417 1154 74 23 fattar
511 1154 78 23 beslut
605 1161 38 15 om
660 1153 82 30 hvarje
758 1153 102 22 särskild

110 1191 77 28 punkt
209 1190 56 23 däri.
298 1190 142 23 Godkännes
463 1192 65 21 stora
543 1189 128 23 utskottets
688 1189 87 29 förslag
790 1190 8 21 i
815 1188 47 23 alla

111 1226 70 27 delar,
198 1226 115 23 förklaras
330 1226 74 23 andra
420 1225 177 30 behandlingen
609 1225 107 23 afslutad.
736 1225 52 22 Blef
798 1226 63 21 stora

111 1262 127 23 utskottets
253 1262 89 29 förslag
358 1261 52 23 icke
426 1261 152 23 oförändradt
593 1261 128 29 godkändt,
738 1261 122 22 öfverläm-

112 1305 43 15 nas
177 1297 161 29 lagförslaget,
354 1298 8 22 i
378 1297 43 23 den
438 1297 91 29 lydelse
545 1297 40 22 det
600 1303 86 22 genom
702 1296 159 28 landtdagens

113 1333 76 23 beslut
205 1333 99 27 erhållit,
320 1334 59 28 ånyo
395 1333 34 22 till
446 1334 66 21 stora
528 1333 121 26 utskottet,
670 1332 30 29 på
716 1331 90 23 hvilket
822 1331 40 22 det

112 1369 138 22 ankommer
266 1370 34 21 att
316 1369 92 22 förorda
424 1369 115 28 förslaget
555 1368 54 23 med
625 1368 55 22 eller
697 1371 59 19 utan
768 1367 92 22 ändrin-

112 1411 42 23 gar
176 1405 56 22 eller
255 1405 35 22 att
313 1405 106 28 afstyrka
441 1404 56 23 dess
519 1403 142 30 antagande.
693 1403 76 23 Hafva
784 1403 77 22 förän-

112 1441 97 28 dringar
232 1440 23 23 af
275 1442 63 21 stora
353 1440 117 23 utskottet
486 1440 133 28 tillstyrkts,
636 1439 103 23 besluter
754 1438 108 23 landtda-
