1089 1745
418 135 40 21 N:o
471 135 25 21 11
785 134 27 21 21

85 203 130 23 makthålla
230 203 101 30 ordning
345 203 42 22 vid
402 202 204 23 sammanträdena
621 203 43 22 och
678 202 89 29 jämväl
782 202 9 22 i
806 202 35 22 öf-

85 239 49 28 rigt
155 239 62 21 vaka
231 238 116 28 däröfver,
364 239 35 20 att
414 237 90 28 sådant,
520 245 50 14 som
585 237 85 22 strider
685 239 49 20 mot
749 237 92 22 landets

86 273 150 30 grundlagar,
259 273 51 21 icke
325 273 38 21 må
379 273 93 21 komma
486 272 75 22 under
576 272 189 29 öfverläggning,
782 273 60 20 samt

87 309 36 20 att
137 307 88 22 afsluta
240 308 100 28 plenum.

155 342 28 29 Ej
206 342 39 21 må
267 342 134 21 talmannen
424 343 55 27 taga
502 341 39 22 del
562 341 9 22 i
587 341 183 28 öfverläggning
786 340 56 22 eller

87 376 152 29 omröstning,
256 376 21 29 ej
293 376 74 21 heller
381 376 87 21 föreslå
483 378 73 19 annat
566 379 30 18 än
608 375 45 28 det,
665 382 49 15 som
726 375 116 22 erfordras

87 410 38 21 för
145 410 179 28 verkställighet
346 411 27 21 af
392 410 182 28 grundlagarna,
594 409 155 29 landtdagens
764 409 79 22 beslut

87 444 56 22 eller
157 445 156 28 landtdagens
329 444 185 29 arbetsordning.

155 479 47 22 Vid
221 479 81 22 förfall
317 479 38 21 för
370 479 136 22 talmannen
522 479 79 22 träder
616 479 8 21 i
639 479 58 21 hans
713 477 69 22 ställe
797 477 46 22 den

87 513 97 22 främste
200 513 62 29 eller,
279 521 36 14 om
331 513 81 22 förfall
428 514 71 21 äfven
515 514 38 21 för
568 513 75 22 denne
659 512 95 29 inträdt,
771 512 72 22 andre

87 548 194 22 vicetalmannen.

436 591 28 19 48
480 590 19 26 8.

157 634 46 22 Vid
228 634 93 29 plenum
344 641 55 22 eger
420 634 82 29 hvarje
524 633 181 30 landtdagsman
722 635 48 20 rätt
786 633 58 22 att
833 629 15 39 i

89 668 45 21 den
157 668 107 29 ordning,
287 669 67 21 hvari
372 669 48 21 han
435 669 37 28 sig
487 668 95 28 anmält,
598 668 89 22 erhålla
702 668 66 22 ordet
784 669 60 20 samt

88 703 38 21 till
141 703 143 28 protokollet
298 703 54 22 fritt
367 703 49 21 tala
431 703 44 22 och
490 705 64 26 yttra
570 703 36 28 sig
621 703 9 21 i
640 703 46 21 alla
696 703 87 28 frågor,
795 709 49 14 som

89 737 29 22 då
133 737 152 29 handläggas,
303 737 43 22 och
362 745 36 14 om
414 737 146 29 lagligheten
576 737 26 21 af
616 737 48 28 allt,
681 744 49 15 som
744 737 9 21 i
767 737 77 21 landt-

89 771 76 29 dagen
190 771 123 29 tilldrager
337 772 44 28 sig.
411 772 29 29 Ej
464 773 38 20 må
524 773 79 27 någon
618 772 54 27 tala,
688 772 73 21 innan
777 771 67 22 ordet

89 805 113 22 tilldelats
217 806 93 27 honom,
326 806 44 22 och
385 806 52 21 icke
452 806 75 22 heller
542 809 65 18 utom
622 806 148 29 protokollet.

157 840 193 29 Landtdagsman
371 841 41 21 bör
427 840 107 29 iakttaga
550 842 35 20 ett
600 840 119 29 allvarligt
734 839 44 22 och
792 843 52 18 vär-

89 874 52 29 digt
165 874 171 29 uppträdande;
358 875 72 29 ingen
452 875 77 21 tillåte
545 875 36 28 sig
596 874 182 29 förolämpande,
794 881 50 21 spe-

89 908 59 22 fulla
163 909 57 21 eller
236 909 55 29 eljes
307 909 129 29 opassande
451 910 97 28 uttryck
566 917 36 14 om
614 908 114 30 styrelsen
738 908 57 22 eller
806 916 38 14 en-

88 943 77 22 skilda
179 950 116 22 personer.
325 944 86 28 Bryter
425 944 79 29 någon
520 944 110 28 häremot,
652 950 42 22 ege
708 943 136 22 talmannen

89 977 64 22 kalla
175 978 86 21 honom
283 978 38 21 till
343 978 132 29 ordningen
498 981 66 26 samt,
587 978 53 21 ifall
662 978 48 21 han
732 977 69 22 däraf
823 978 21 28 ej

89 1012 60 21 låter
166 1012 36 28 sig
217 1014 68 26 rätta,
302 1012 87 29 betaga
404 1013 86 21 honom
506 1013 72 21 ordet.
606 1013 13 21 I
634 1012 73 28 öfrigt
723 1012 122 21 ankomme

89 1047 14 20 å
124 1046 155 29 landtdagens
301 1047 120 28 pröfning,
444 1047 117 21 huruvida
582 1046 187 29 landtdagsman,
796 1053 48 15 som

89 1081 113 21 förbrutit
223 1081 37 28 sig
282 1084 48 18 mot
351 1081 138 28 ordningen,
513 1081 42 22 bör
577 1081 88 21 erhålla
680 1081 165 28 föreställning

89 1115 44 21 och
155 1115 100 28 varning
278 1115 27 22 af
325 1115 143 28 talmannen,
492 1115 56 22 eller
566 1117 30 27 på
612 1116 46 21 viss
674 1115 41 28 tid,
731 1115 21 28 ej
768 1115 76 21 öfver-

89 1149 107 29 stigande
211 1151 40 20 två
266 1149 91 29 veckor,
374 1150 115 21 uteslutas
500 1150 55 21 från
565 1149 155 29 landtdagens
731 1157 114 14 samman-

89 1183 89 28 träden,
202 1183 56 22 eller
280 1184 41 21 vid
344 1184 100 21 domstol
468 1185 81 28 åtalas,
573 1184 57 21 eller
651 1191 37 14 om
712 1183 71 22 saken
804 1183 42 22 bör

89 1217 102 22 förfalla.

438 1267 27 19 49
482 1265 20 28 8.

158 1310 167 28 Landtdagens
345 1310 181 28 förhandlingar
541 1310 41 22 vid
596 1310 95 29 plenum
707 1313 39 18 äro
762 1310 84 22 offent-

89 1344 54 28 liga,
160 1344 98 22 såframt
273 1344 21 28 ej
310 1344 145 29 landtdagen
470 1345 38 21 för
523 1344 59 22 visst
598 1344 43 22 fall
652 1344 145 22 annorlunda
808 1344 38 22 be-

89 1381 116 19 stämmer.

157 1413 47 22 Vid
220 1415 63 19 stora
298 1414 128 21 utskottets
437 1414 189 21 sammanträden
636 1420 43 22 ega
688 1413 158 28 landtdagens

89 1447 110 29 samtliga
213 1447 151 28 medlemmar
379 1450 49 19 rätt
443 1450 36 19 att
495 1451 105 24 närvara,
