1098 1745
226 121 27 21 12
435 121 85 22 Ständ.
536 121 39 22 Sv.
591 134 26 3 —
634 121 75 28 Prop.
725 121 40 22 N:o
780 121 21 22 8.

223 189 83 28 ligger,
329 189 43 22 och
395 189 39 22 det
449 190 7 21 i
473 193 62 18 ännu
558 189 72 29 högre
653 189 64 30 grad,
740 189 97 22 emellan
853 189 130 28 Uleåborgs

224 223 45 22 och
285 224 90 21 Torneå
391 224 109 27 banorna,
516 224 8 21 i
540 225 40 20 det
595 227 35 19 att
645 225 26 21 af
684 224 51 22 dem
754 224 44 22 den
817 231 69 14 norra
905 224 76 21 banan

223 257 44 22 har
290 259 27 20 25
340 259 44 28 kgs
406 259 84 21 skenor
513 262 49 18 mot
584 260 45 20 22.3
653 259 42 28 kgs
719 259 83 21 skenor
818 259 13 21 å
847 258 44 21 den
907 258 75 27 södra,

224 292 97 22 hvilken
337 300 80 14 senare
433 293 128 21 emellertid
578 297 25 17 är
618 294 25 20 så
659 293 132 28 trafiksvag,
809 295 34 20 att
855 296 34 19 ett
899 293 83 28 utbyte

224 326 27 22 af
272 327 52 22 dess
345 327 89 27 skenor,
458 327 71 22 ehuru
553 327 28 22 de
605 327 70 22 redan
691 331 40 18 äro
747 329 27 20 20
790 328 25 21 år
829 327 85 29 gamla,
930 327 52 21 icke

224 365 64 18 ännu
303 362 120 28 påtänkes.
453 362 69 21 Hvad
539 362 50 21 åter
604 362 110 21 beträffar
730 362 43 21 den
789 362 35 21 uti
839 361 45 22 den
895 361 86 28 nådiga

223 396 175 28 propositionen
414 396 8 21 i
438 396 74 21 utsikt
526 396 85 21 ställda
627 397 158 27 möjligheten,
802 399 34 18 att
846 395 136 29 begagnade

223 430 86 21 lättare
332 430 84 21 skenor
437 430 75 21 skulle
534 430 37 21 till
595 430 45 21 den
663 431 74 21 under
753 430 110 29 byggnad
878 430 103 21 varande

220 463 55 29 järn
284 467 71 25 vägen
371 464 145 29 öfverflyttas
532 465 52 22 från
600 465 77 28 någon
693 465 64 21 äldre
773 465 66 26 bana,
851 471 48 15 som
910 465 9 20 i
929 464 53 21 dess

224 498 69 21 ställe
316 499 92 21 belades
431 499 52 21 med
506 506 47 22 nya
574 499 43 22 och
640 502 85 26 tyngre
747 499 89 26 skenor,
859 506 69 21 synes
948 501 35 18 ett

225 533 85 21 sådant
326 533 188 29 tillvägagående
530 534 51 21 icke
594 541 55 14 vara
661 536 34 19 att
705 533 101 28 tillråda,
817 533 30 22 då
859 533 39 22 det
908 533 75 29 gäller

225 567 134 22 utförandet
381 568 26 21 af
427 568 171 25 hufvudbanor,
618 568 96 21 emedan
729 569 78 28 spåret
821 568 31 28 pä
867 567 76 29 grund
959 567 26 22 af

224 601 46 22 den
287 602 63 21 olika
365 603 57 28 grad
439 603 27 21 af
478 603 98 28 slitning
592 603 42 21 och
651 603 160 26 deformation,
833 602 27 22 de
876 602 106 21 enskilda

224 636 92 22 rälerna
330 637 133 28 undergätt,
478 637 77 22 blefve
571 638 93 28 mycket
677 637 88 29 ojämnt
780 638 43 21 och
838 637 37 21 för
890 637 91 21 trafike-

224 671 55 28 ring
300 673 83 19 nästan
406 671 113 29 odugligt,
541 671 159 22 hvarförutom
717 671 172 30 nedläggandet
904 671 27 22 af
943 671 39 22 be-

227 705 109 28 gagnade
359 705 89 28 skenor,
469 706 81 22 hvilka
565 707 8 21 i
589 707 79 28 hvarje
691 707 42 22 fall
755 707 62 21 inom
840 706 54 21 kort
909 706 74 21 mäste

226 741 100 20 ersättas
342 740 52 21 med
410 747 53 22 nya,
478 741 51 20 icke
545 744 26 18 är
586 741 147 22 ekonomiskt
747 741 144 28 förmänligt.

295 774 54 21 Med
371 774 95 22 hänsikt
487 775 80 21 härtill
589 775 43 22 och
653 776 137 28 ytterligare
813 775 169 22 framhällande

223 810 37 19 att
276 808 39 21 det
330 808 83 22 hinder
427 809 37 22 för
478 817 29 14 en
523 809 132 22 omedelbar
670 809 118 22 samtrafik
803 809 86 22 mellan
902 809 80 25 banor,

223 849 50 14 som
297 843 73 21 vällas
394 843 27 22 af
440 844 62 21 olika
525 844 183 29 ofverbyggnad,
724 844 130 29 upphäfver
869 852 27 13 en
913 844 27 21 af
953 844 28 21 de

222 876 130 22 förnämsta
375 877 106 26 fördelar,
503 885 49 14 som
568 878 171 22 eftersträfvats
754 885 83 22 genom
854 881 34 18 att
904 878 78 29 bygga

222 910 48 22 alla
293 911 132 22 statsbanor
448 912 52 22 med
520 920 88 14 samma
629 912 118 29 spärvidd,
763 912 71 22 hafva
849 912 132 22 Ständerna

223 944 171 30 underdänigst
410 946 62 22 velat
487 946 116 22 frambära
619 950 34 18 ett
668 947 121 21 uttalande
804 946 99 22 därhän:

432 1012 31 18 att
485 1009 77 21 skenor
583 1009 30 28 af
624 1010 85 21 mindre
723 1010 45 21 vikt
783 1012 30 18 än
827 1011 30 20 25
873 1009 108 28 kilogram

358 1051 40 20 per
421 1044 94 27 löpande
537 1047 65 18 meter
624 1045 98 27 härefter
745 1045 46 20 icke
816 1045 65 20 mätte
893 1044 43 28 för
955 1044 27 21 de

362 1079 176 27 normalspåriga
561 1079 165 21 statsbonornas
749 1079 95 27 räkning
860 1078 120 28 anskaffas.

292 1151 11 21 I
320 1152 168 28 sammanhang
510 1152 52 22 med
582 1152 82 29 frågan
679 1160 37 14 om
732 1153 139 21 skenvikten
887 1152 42 22 har
943 1152 38 22 till

222 1184 113 30 pröfning
350 1186 120 29 upptagits
486 1186 82 29 frågan
585 1194 36 14 om
637 1187 44 21 den
699 1186 172 22 bestämmande
881 1187 100 29 stignin-

222 1226 54 21 gen,
292 1220 52 21 med
360 1220 96 22 hvilken
472 1221 72 21 banor
559 1221 70 21 borde
645 1222 119 28 anläggas.
795 1221 102 22 Enären
909 1221 72 21 banas

223 1253 266 29 stigningsförhållande
504 1255 93 21 utöfvar
613 1256 25 21 så
648 1258 59 19 stort
717 1255 130 29 inflytande
857 1256 30 27 på
897 1256 83 28 tågens

220 1287 160 30 lastförmåga,
397 1291 35 19 att
447 1292 16 18 t.
479 1297 33 14 ex.
528 1292 34 19 ett
577 1290 134 25 lokomotiv,
728 1297 49 14 som
792 1290 41 21 vid
849 1290 132 28 stigningar

221 1321 28 22 af
263 1323 26 20 12
305 1330 5 13 :
327 1324 56 21 1000
398 1323 87 22 förmår
500 1323 125 30 framsläpa
643 1325 25 21 13
683 1327 28 18 st.
727 1324 126 21 fullastade
865 1323 116 29 godsvag-

219 1363 51 20 nar,
285 1356 74 22 under
374 1357 36 22 för
425 1357 73 29 öfrigt
512 1358 122 21 enahanda
649 1359 85 21 villkor
749 1359 85 28 uppför
848 1358 133 29 stigningar

219 1389 29 22 af
260 1391 28 22 20
304 1398 4 14 :
326 1392 55 21 1000
396 1391 52 22 icke
463 1392 87 21 förmår
565 1393 72 28 draga
651 1393 56 21 flere
722 1397 29 18 än
767 1394 14 20 8
797 1395 27 20 st.
844 1393 49 21 lika
908 1395 72 25 tunga

220 1431 98 22 vagnar,
334 1425 71 22 hafva
421 1427 130 21 Ständerna
566 1427 53 22 med
634 1427 95 22 hänsikt
739 1427 38 22 till
788 1430 34 19 ett
833 1426 148 23 ekonomiskt
