1095 1745
258 109 13 21 6
451 109 83 23 Ständ.
553 109 39 23 Sv.
608 122 25 2 —
650 109 74 28 Prop.
741 110 42 22 N:o
798 109 22 22 8.

258 177 124 22 berättelse
396 177 135 22 meddelade
547 178 100 28 uppgift,
663 180 35 19 att
717 178 130 28 järnvägen
869 176 52 22 från
943 176 69 23 Uleå-

257 211 58 29 borg
335 212 37 21 till
394 212 91 22 Torneå
512 212 94 21 utöfvat
629 214 35 19 ett
685 214 128 26 gynnsamt
831 211 129 29 inflytande
981 210 31 29 på

258 246 239 29 skogsprodukternas
520 246 138 28 afsättning;
681 246 44 22 och
746 253 67 15 anser
827 246 184 28 Forststyrelsen

258 280 78 22 därför
351 282 36 20 att
402 282 34 20 ett
446 280 118 29 ansenligt
585 281 117 28 uppsving
724 281 9 21 i
755 280 160 29 afsättningen
939 282 72 26 ytter-

257 314 73 29 ligare
352 314 75 22 skulle
453 315 66 21 ernäs
542 322 83 21 genom
645 314 189 30 järnvägsnätets
849 314 162 29 utsträckning

255 348 60 22 ifrän
326 349 70 21 Kemi
406 349 37 21 till
453 349 139 22 Rovaniemi
608 349 113 29 kyrkoby.

324 383 145 22 Framhällas
486 384 41 21 bör
542 384 49 25 ock,
608 386 35 18 att
658 384 28 20 de
702 386 103 19 ansatser
818 383 36 21 till
865 390 28 14 en
904 382 106 22 rationell

257 417 186 29 boskapsskötsel
459 418 43 21 och
523 418 227 29 mejerihandtering,
766 425 48 14 som
830 418 74 29 gjorts
924 418 3 21 i
941 417 70 22 Kemi

257 451 77 26 älfdal,
358 452 110 21 särskildt
483 453 8 20 i
506 453 98 21 Tervola
627 452 92 27 socken,
742 452 89 21 utfallit
853 452 157 28 fördelaktigt,

255 486 95 21 hvarför
372 486 52 22 med
448 486 144 22 förbättrade
614 487 227 21 kommunikationer
856 486 44 21 den
915 486 96 28 ymniga

257 521 215 28 gräsväxtligheten
487 521 7 21 i
511 521 43 22 den
578 521 119 22 blifvande
720 521 87 22 banans
830 523 114 19 närmaste
963 527 46 15 om-

256 555 93 29 gifning
374 555 106 30 erbjuder
504 555 147 30 möjligheter
675 556 36 21 till
737 558 35 19 ett
795 555 74 22 lokalt
893 555 117 29 uppsving

256 589 42 22 och
314 590 46 28 god
375 590 104 21 utkomst
494 590 36 21 för
545 590 223 29 ortsbefolkningen.

323 624 139 22 Kostnaden
476 625 37 21 för
523 625 237 21 Kemi--Rovaniemi
772 625 82 26 banan,
868 625 78 28 byggd
958 623 51 22 med

255 666 87 14 samma
357 659 110 28 spårvidd
482 666 48 15 som
546 659 214 29 statsjärnvägarna
776 659 42 22 och
834 659 87 28 dragen
936 659 74 28 enligt

255 701 29 13 en
300 693 140 29 uppgången
463 693 55 29 linje
541 693 52 22 med
615 694 94 21 Laurila
731 693 125 29 haltpunkt
879 693 40 22 vid
940 693 70 22 Uleå-

256 728 176 29 borg—Torneå
452 728 76 22 banan
548 729 75 21 såsom
645 728 178 29 utgångspunkt
837 728 80 21 utmed
932 730 78 19 västra

255 762 110 22 stranden
396 762 25 22 af
448 762 69 22 Kemi
548 764 34 20 älf
610 763 36 21 till
672 762 138 22 Rovaniemi
833 762 112 29 kyrkoby,
968 762 42 21 har

255 796 124 22 beräknats
394 797 36 21 till
447 798 113 25 9,312,000
575 797 72 22 mark.

322 934 44 21 Att
388 934 49 21 åter
460 941 28 14 en
508 934 106 29 järnväg,
630 935 116 28 utgående
762 934 52 21 från
830 933 119 29 Seinäjoki
964 937 46 18 sta-

254 967 50 22 tion
320 968 13 21 å
348 968 62 21 Vasa
432 969 74 21 banan
522 969 8 21 i
546 969 129 28 sydvästlig
698 969 107 28 riktning
825 968 37 21 till
878 968 131 29 hamnplats

254 1001 41 22 vid
316 1002 126 22 Bottniska
464 1003 76 25 viken,
564 1007 24 18 är
611 1003 26 22 af
655 1003 111 22 behofvet
788 1003 110 29 påkallad
913 1002 36 21 för
964 1002 45 21 den

254 1035 106 22 landsdel
382 1037 45 21 den
446 1037 91 22 komme
554 1040 35 19 att
603 1038 160 28 genomskära,
779 1037 42 22 har
836 1037 69 28 länge
920 1037 88 21 insetts.

255 1070 93 22 Banans
372 1071 141 29 behöflighet
536 1072 41 21 har
595 1072 68 21 äfven
680 1072 94 21 erkänts
790 1071 25 22 af
828 1071 91 22 landets
934 1078 74 21 repre-

253 1105 125 26 sentation,
401 1113 49 14 som
472 1106 72 22 redan
559 1107 40 20 vid
617 1107 53 22 1900
686 1107 36 20 års
737 1106 114 28 landtdag
867 1105 87 22 fattade
970 1105 39 22 be-

255 1139 48 22 slut
317 1147 36 14 om
370 1147 29 14 er
415 1141 73 21 sådan
503 1141 71 21 banas
590 1141 123 28 byggande
729 1143 60 19 samt
805 1140 114 29 beviljade
935 1139 74 22 medel

254 1173 37 22 för
305 1174 154 29 påbörjandet
470 1175 27 22 af
510 1175 108 22 arbetena
634 1176 13 20 å
663 1175 138 22 densamma.

322 1208 150 22 Beträffande
488 1209 88 22 banans
592 1209 136 29 sträckning
743 1209 113 22 stannade
879 1209 129 21 Ständerna

253 1242 89 27 därvid,
359 1245 35 19 att
410 1243 76 22 banan
502 1243 74 22 skulle
587 1244 51 21 från
650 1243 119 29 Seinäjoki
779 1243 85 21 station
879 1243 82 28 dragas
972 1243 37 21 till

254 1276 134 29 Kauhajoki
410 1277 75 29 enligt
500 1285 28 14 en
543 1279 141 28 uppgången
699 1278 57 29 linje
772 1281 59 18 samt
845 1277 52 21 från
913 1277 97 28 lämplig

254 1311 76 28 punkt
345 1311 90 29 byggas
450 1312 80 21 vidare
546 1312 36 21 till
598 1312 63 22 såväl
684 1311 158 22 Kristinestad
857 1318 49 14 som
922 1311 86 26 Kaskö,

253 1344 85 22 medan
360 1345 53 21 dess
428 1346 136 28 sträckning
578 1346 9 22 i
602 1346 71 29 öfrigt
689 1346 120 22 äfvensom
825 1345 185 22 bestämmandet

253 1378 28 22 af
300 1379 44 21 den
366 1380 83 28 punkt,
472 1380 41 22 där
528 1380 76 22 banan
620 1381 74 21 skulle
709 1380 110 29 förgrena
833 1380 37 28 sig
886 1380 36 21 till
937 1379 73 29 sagda

252 1413 42 21 två
315 1413 84 28 städer,
422 1414 110 21 öfverläts
555 1414 37 21 till
614 1414 131 29 Styrelsens
761 1413 133 30 afgörande.
924 1413 86 22 Likaså
