1103 1750
259 140 26 20 16

298 207 35 22 Då
350 208 99 22 afseende
465 208 66 22 fästes
547 208 36 22 vid
598 208 193 29 vallagsförslagets
807 208 157 27 bestämningar
977 208 8 20 i

229 243 27 27 85
273 243 33 26 60,
321 243 25 21 61
365 242 40 22 och
421 244 26 20 65
463 242 108 30 angående
586 250 156 21 gemensamma
757 241 126 23 kandidater
898 241 34 21 för
942 241 42 21 val-

227 284 160 22 mansgrupper,
411 276 73 22 hvilka
506 277 18 28 ej
548 277 58 22 bilda
629 276 132 25 valförbund,
784 276 32 22 fås
832 275 94 29 följande
941 276 44 21 val-

228 310 96 22 resultat:

557 346 27 22 K.
599 347 62 25 4,400

558 381 23 21 A.
596 381 63 25 4,200

556 415 25 21 L.
598 416 63 26 4,150

556 449 26 21 B.
598 450 63 26 4,000

555 483 28 22 N.
600 484 61 26 3,900

557 518 27 21 D.
601 519 60 25 3,800

556 554 23 20 P.
600 554 61 26 3,700

570 595 18 14 0.
604 595 15 14 8.
635 596 19 13 v.

298 656 198 29 Valmansgruppen
516 657 22 21 V
558 657 32 20 fär
605 656 88 22 sälunda
708 657 39 21 alls
762 657 62 28 ingen
841 657 144 27 representant

229 691 57 26 vald,
306 691 64 21 ehuru
393 691 41 22 den
448 692 8 20 i
471 691 28 22 all
521 691 193 29 proportionalitets
738 699 62 13 namn
823 690 65 22 borde
911 689 22 22 få
953 690 32 21 sin

229 725 89 22 främste
333 725 103 22 kandidat
450 725 56 26 vald,
521 729 14 18 t.
550 733 18 14 o.
584 733 26 14 m.
626 726 6 21 i
648 726 37 21 det
700 725 37 22 fall
753 728 33 19 att
801 725 119 21 valkretsen
932 724 52 28 egde

229 762 47 19 utse
292 759 73 22 endast
380 760 43 21 fem
439 763 173 26 representanter.
636 760 33 21 De
686 760 63 21 valda
765 759 153 22 kandidaterna
933 766 52 21 upp-

229 793 62 22 bäras
306 795 8 20 i
329 794 97 21 medeltal
442 794 24 21 af
480 795 60 25 2,717
565 796 97 19 röstande
685 795 85 26 enhvar,
794 801 47 14 men
857 793 127 21 kandidaten

229 827 33 27 P.,
277 835 44 14 som
336 828 105 29 uppbäres
456 828 23 21 af
493 829 61 26 3,700
570 829 90 26 valmän,
675 828 42 22 blir
726 829 48 21 icke
785 827 56 22 vald.
865 827 52 21 Man
927 827 59 21 torde

229 862 107 29 knappast
355 863 70 21 kunna
446 863 59 21 finna
527 870 26 14 en
576 865 59 19 värre
655 863 112 28 vrängbild
790 862 23 21 af
830 862 157 28 »proportiona-

229 897 68 21 litet».
326 897 65 22 Klart
412 899 28 24 är,
462 901 32 18 att
521 898 21 27 ju
567 899 67 20 större
663 898 146 21 valkretsarna
832 896 74 26 blifva,
928 895 59 22 desto

229 933 69 20 större
321 931 67 22 blifva
410 932 40 21 ock
466 931 166 29 möjligheterna,
647 935 32 18 att
693 939 75 21 genom
792 931 92 28 valknep
899 929 88 22 beröfva

230 965 27 22 de
273 965 45 22 små
333 966 213 29 valmansgrupperna
562 965 61 22 deras
639 968 42 19 rätt
695 966 33 21 till
738 968 176 26 representanter.
939 964 48 21 Den

230 1000 120 29 föreslagna
365 1001 133 21 valmetoden
513 1008 61 21 synes
590 1000 87 25 sålunda
692 1001 76 21 endast
783 999 105 26 skenbart,
904 1006 47 13 men
968 999 18 27 ej

230 1035 8 20 i
254 1034 145 29 värkligheten
420 1035 129 21 tillförsäkra
571 1035 27 21 de
613 1035 45 21 små
673 1035 215 27 valmansgrupperna
906 1033 81 28 möjlig-

231 1068 38 22 het
284 1072 32 18 att
330 1069 69 22 blifva
413 1069 178 29 representerade.

300 1103 34 22 De
357 1104 23 21 af
401 1105 43 27 mig
465 1103 39 22 här
522 1103 125 22 framstälda
661 1104 160 28 synpunkterna
836 1103 57 27 göra,
908 1105 32 18 att
954 1103 34 27 jag

230 1138 19 27 ej
273 1137 67 22 häller
355 1138 40 21 kan
419 1138 89 22 omfatta
523 1138 37 21 det
574 1138 8 21 i
597 1137 84 30 Nådiga
695 1137 160 30 propositionen
870 1136 118 29 föreslagna

230 1172 106 22 valsättet.

300 1276 52 21 Man
383 1276 69 21 kunde
480 1276 96 21 förmoda
600 1278 33 19 att
656 1275 134 29 synnerligen
813 1273 106 23 bindande
944 1273 45 21 skäl

230 1309 69 22 skulle
320 1310 115 22 framstälts
450 1310 33 22 till
498 1310 82 21 förmån
595 1310 34 20 för
644 1317 25 14 en
685 1308 205 28 valkretsindelning
904 1307 40 22 och
959 1310 30 18 ett

231 1344 85 26 valsätt,
329 1347 109 25 gentemot
452 1344 73 22 hvilka
540 1344 65 28 enligt
620 1344 42 21 min
677 1343 64 22 tanke
752 1342 25 23 så
787 1342 96 28 vägande
893 1341 96 22 anmärk-

230 1379 76 27 ningar
328 1378 72 22 kunna
420 1380 67 26 göras,
510 1386 44 13 som
576 1381 107 25 gentemot
705 1378 26 21 de
747 1377 24 22 af
786 1377 134 28 Regeringen
935 1376 54 20 före-

231 1412 74 28 slagna
334 1413 71 27 gjorts.
436 1412 51 21 Men
517 1412 28 22 då
571 1420 47 14 man
642 1412 59 29 ingår
722 1412 29 28 på
776 1418 26 14 en
825 1410 128 28 granskning
968 1410 22 20 af

230 1447 155 28 motiveringen
392 1447 33 21 till
433 1447 41 22 den
482 1447 117 28 föreslagna
608 1446 103 28 vallagen,
730 1440 84 39 kommer
825 1440 31 39 man
877 1444 65 28 enligt
947 1444 42 21 min
