1103 1748
296 145 76 24 Ständ.
389 145 37 24 Sv.
442 153 28 8 —
487 146 64 28 Prop.
568 145 38 24 N:o
622 146 21 22 II.
788 147 28 20 43

167 210 124 29 Vallängd,
315 217 49 16 som
389 217 55 23 eger
466 211 55 29 laga
544 211 70 27 kraft,
635 211 70 22 lände
727 211 41 22 vid
784 211 64 22 valet

95 246 106 23 orubbad
217 246 35 23 till
268 246 163 23 efterrättelse.

442 293 26 18 15
485 289 20 29 8.

168 329 60 24 Böra
244 329 30 30 pä
289 330 76 29 grund
377 330 24 23 af
411 330 116 30 Kejsaren
538 331 43 22 och
594 330 158 23 Storfurstens
763 329 85 24 förord-

97 365 78 24 nande
198 373 47 22 nya
267 366 37 23 val
328 366 111 23 förrättas
460 367 73 22 innan
549 366 112 29 vallängd
678 366 60 29 änyo
754 367 8 22 i
778 366 70 23 ofvan

97 401 102 30 stadgad
215 401 100 30 ordning
337 403 140 28 upprättats,
494 403 61 22 skall
571 402 46 23 den
633 404 94 21 senaste
744 402 104 29 valläng-

98 437 46 23 den
159 439 75 28 jämte
251 439 6 21 i
275 441 11 20 7
311 439 6 28 &
333 439 146 22 omnämnda
495 438 275 30 tilläggsförteckningar
784 439 66 28 tjäna

98 475 78 22 säsom
193 474 118 29 vallängd.

446 538 27 20 16
490 536 20 28 8.

171 576 58 23 Före
241 577 100 29 nyvalen
352 577 41 23 bör
401 577 143 29 vallängden
552 577 107 29 undergä
667 576 74 24 sädan
750 576 100 30 gransk-

99 613 66 29 ning,
182 619 51 16 som
249 613 7 21 i
273 616 13 19 8
301 613 15 29 $
332 614 73 28 sagts,
422 615 64 21 samt
501 613 146 23 omedelbart
662 612 103 24 därefter
775 612 76 23 under

100 649 32 22 tio
153 648 74 30 dagar
250 655 57 17 vara
328 649 75 23 under
424 648 100 30 behörig
545 649 79 29 tillsyn
640 650 64 21 inom
720 649 130 27 röstnings-

100 684 106 23 omrädet
222 684 123 30 framlagd,
363 684 98 23 hvarom
478 685 42 22 bör
536 685 125 29 kungöras.

172 720 112 23 Yrkande
295 727 38 16 om
343 721 98 22 rättelse
450 721 8 22 i
466 720 143 30 vallängden
618 720 61 23 skall
687 721 64 22 inom
760 726 92 16 samma

100 756 35 22 tid
145 756 43 22 hos
199 756 120 23 nämnden
330 756 135 30 skriftligen
478 756 151 23 framställas.
655 756 69 23 Afser
735 755 118 30 yrkandet

102 793 35 21 att
152 792 78 29 nägon
247 792 41 22 bör
304 792 53 23 frän
368 792 107 29 längden
485 792 122 28 uteslutas,
619 792 102 30 delgifve
731 791 120 23 nämnden

102 828 86 23 honom
209 828 100 22 skriften
325 829 8 21 i
349 828 46 23 den
411 829 8 21 i
438 832 26 19 10
482 829 13 29 &
512 828 154 23 omförmälda
682 828 101 29 ordning
799 827 55 23 med

102 864 147 29 uppmaning
271 866 34 21 att
325 865 65 22 inom
407 865 39 29 sju
462 864 76 30 dagar
553 864 59 23 efter
628 865 122 28 utgängen
768 864 23 23 af
807 863 47 23 den

102 901 8 22 i
128 904 11 19 1
157 907 69 16 mom.
244 900 103 23 nämnda
363 900 34 23 tid
415 901 91 28 afgifva
523 900 104 30 skriftlig
642 900 136 29 förklaring.

174 936 109 23 Därefter
298 936 97 24 förfares
412 937 8 22 i
437 937 99 23 ärendet
551 937 29 29 pä
596 938 49 21 sätt
659 937 7 22 i
685 940 24 19 11
728 937 14 29 &
757 939 25 20 är
794 935 62 23 stad-

103 972 70 29 gadt;
194 972 43 23 och
259 973 40 22 bör
321 974 149 28 guvernören
494 972 141 30 skyndsamt
654 972 145 23 underställa
814 973 42 21 sitt

103 1009 7 21 i
127 1008 75 23 saken
220 1008 134 23 meddelade
366 1009 80 29 utslag
459 1009 95 23 landets
565 1008 85 30 högsta
657 1008 121 30 judiciella
789 1014 65 23 myn-

105 1044 93 29 dighets
214 1044 117 30 pröfning.

455 1084 24 19 17
498 1082 21 28 8.

176 1114 58 31 Äret
257 1122 60 23 efter
337 1122 46 27 det,
405 1122 135 23 hvarunder
556 1122 28 23 de
600 1123 8 22 i
626 1126 25 19 15
669 1123 13 29 8
700 1122 103 22 nämnda
819 1121 38 23 val

105 1158 132 29 försiggätt,
254 1158 61 23 skall
331 1165 30 22 ny
377 1158 141 30 fullständig
529 1158 112 29 vallängd
652 1158 52 22 med
715 1157 142 29 tilläggsför-

105 1194 143 29 teckningar
271 1194 36 22 för
330 1195 40 22 tvä
394 1195 25 22 är
442 1196 119 28 uppgöras
577 1195 7 21 i
600 1194 45 22 den
661 1193 106 29 ordning,
783 1200 51 16 som
850 1194 7 21 i

106 1229 65 23 detta
186 1229 90 29 kapitel
292 1230 114 28 stadgats.

441 1299 13 19 3
471 1296 55 29 kap.

197 1338 47 22 Om
259 1339 269 27 valmansföreningar
544 1340 48 20 och
607 1338 161 22 valförbund.

451 1383 27 20 18
496 1380 21 29 8.

179 1421 76 23 Hafva
271 1421 94 23 valmän
382 1423 7 21 i
406 1429 29 15 en
452 1422 106 23 valkrets
575 1421 34 22 till
625 1423 34 20 ett
674 1421 63 22 antal
752 1420 24 23 af
786 1421 74 22 minst

108 1458 83 23 femtio
207 1463 86 23 genom
309 1464 30 15 en
356 1457 25 23 af
397 1457 53 23 dem
467 1457 180 23 undertecknad
662 1457 69 22 skrift
742 1462 117 17 samman-
