1100 1745
272 126 34 35 44
593 131 42 21 N:o
647 131 25 21 11

246 201 62 19 samt
322 199 9 21 i
346 199 39 21 det
401 198 47 28 fall,
465 206 48 15 som
534 199 142 22 omförmälts
691 199 8 22 i
714 199 28 22 32
764 201 6 26 $
793 199 5 21 2
814 206 72 20 mom.,
903 199 42 21 den
962 201 45 18 sär-

247 233 76 21 skilda
336 233 180 26 kandidatlistan
531 233 120 22 tillsändas
666 234 64 21 såväl
746 233 45 22 alla
805 232 202 23 valmansförenin-

246 274 44 21 gar
305 274 48 16 som
369 267 250 28 kommunalnämnder,
635 268 145 29 magistrater
795 267 42 22 och
854 267 153 28 ordningsrät-

248 304 35 19 ter
304 301 62 22 inom
390 302 130 21 valkretsen
543 301 117 23 äfvensom
675 302 8 21 i
699 302 71 29 öfrigt
788 305 66 26 göras
873 301 134 29 tillgänglig

248 335 36 22 för
299 336 160 22 allmänheten.

600 365 28 22 34
643 367 19 26 8.

318 405 45 21 Vid
381 405 39 22 det
436 406 173 28 sammanträde,
625 413 48 15 som
689 406 105 29 vidtager
810 407 12 20 &
837 405 116 23 femtonde
968 405 39 21 da-

246 446 47 21 gen
316 439 48 22 före
382 440 68 27 valet,
467 439 130 30 föredragas
613 440 43 22 och
671 441 111 28 granskas
796 440 110 21 inkomna
922 440 84 21 anmäl-

248 473 83 29 ningar
353 481 37 14 om
413 474 97 29 ändring
533 474 26 22 af
571 474 69 22 redan
656 474 172 29 offentliggjord
843 473 163 23 kandidatlista

246 507 44 22 och
306 515 36 14 om
357 507 144 23 valförbund.

317 542 54 21 Kan
393 543 104 21 anmälan
520 543 51 21 icke
586 543 141 28 godkännas,
742 543 95 22 förfares
860 543 74 21 säsom
952 542 8 21 i
978 542 29 21 30

246 577 16 26 $
277 576 13 21 2
306 583 67 15 mom.
389 580 70 25 sagts.

316 611 108 22 Härefter
451 612 64 27 skall,
536 612 50 21 med
613 612 95 29 ledning
731 611 25 22 af
776 611 122 30 godkända
920 611 86 22 anmäl-

247 645 89 28 ningar,
353 645 44 22 den
421 646 102 29 tryckta.
533 641 243 39 sammanställoingen
796 646 123 28 behörigen
935 648 70 19 rättas

246 679 44 22 och
306 680 45 21 alla
366 680 36 21 till
417 687 86 15 samma
514 680 138 23 valförbund
662 681 100 22 hörande
772 680 176 22 kandidatlistor
958 680 48 21 däri

246 714 27 21 så
288 713 163 23 sammanföras
466 715 72 21 under
552 723 131 21 gemensam
700 714 133 23 öfverskrift
848 714 43 22 och
908 714 98 22 afskilda

247 747 51 22 från
321 748 74 29 öfriga
417 749 70 28 listor,
511 752 34 19 att
564 749 123 22 förbundet
710 749 43 22 och
772 749 28 22 de
822 749 182 27 kandidatlistor,

247 782 79 22 hvilka
341 783 63 22 detta
420 783 113 29 omfattar,
549 784 104 29 tydligen
668 784 101 22 framstå.
787 785 52 20 Den
854 783 95 22 sålunda
959 783 47 21 till-

247 817 85 21 komna
349 819 243 28 sammanställningen
610 818 23 22 af
647 819 28 21 de
691 819 95 28 slutliga
800 818 206 22 kandidatlistorna

245 851 71 22 varde
330 855 83 25 genast
427 860 82 21 genom
525 853 65 28 tryck
605 853 179 28 mängfaldigad.

591 916 35 21 385
641 917 18 26 S.

316 955 208 22 Centralnämnden
548 957 46 21 låte
618 956 55 21 härå
699 955 135 30 skyndsamt
860 955 80 28 trycka
958 955 48 21 val-

244 989 78 21 sedlar
350 988 36 23 för
408 989 52 22 hela
484 990 129 22 valkretsen
639 990 42 22 och
699 990 108 22 tillsände
830 989 174 22 valnämnden
990 984 18 39 i

247 1023 78 28 hvarje
347 1024 210 28 röstningsområde
576 1024 83 22 sådana
675 1025 35 21 till
727 1024 145 29 erforderligt
887 1024 62 21 antal
964 1031 41 14 un-

244 1057 42 22 der
302 1058 95 28 omslag,
413 1058 126 29 försegladt
561 1059 51 21 med
627 1059 143 22 valkretsens
786 1059 62 28 sigill
861 1058 40 22 och
918 1058 87 21 försedt

247 1091 52 22 med
315 1092 142 29 påteckning
472 1100 36 14 om
524 1093 153 22 valsedlarnas
693 1093 69 22 antal.

315 1126 87 29 Hvarje
424 1127 100 22 valsedel
546 1127 58 22 skall
627 1128 12 21 å
657 1127 49 22 inre
725 1127 66 22 sidan
810 1127 63 22 såväl
887 1127 69 21 hafva
972 1129 33 19 ett

245 1163 106 25 tomrum,
375 1161 74 22 afsedt
471 1164 34 19 att
527 1161 22 22 af
566 1162 90 21 valman
675 1161 85 30 ifyllas,
780 1169 50 14 som
846 1161 42 22 ock
903 1163 101 26 upptaga

244 1195 108 28 samtliga
372 1195 23 22 af
413 1195 200 22 centralnämnden
629 1195 187 30 offentliggjorda
830 1195 176 22 kandidatlistor

245 1228 8 21 i
275 1236 120 22 noggrann
419 1230 233 22 öfverensstämmelse
675 1230 52 22 med
749 1230 29 21 de
799 1230 7 21 i
824 1229 28 22 32
871 1229 42 22 och
931 1229 29 22 34
977 1231 27 25 88

245 1263 134 22 meddelade
401 1263 145 28 föreskrifter,
569 1264 58 22 dock
650 1265 95 21 sålunda
769 1267 34 19 att
817 1264 8 21 i
840 1263 52 22 dem
907 1263 50 22 icke
972 1264 33 21 vi-

244 1297 54 21 dare
314 1297 34 21 får
364 1301 96 19 nämnas
475 1299 125 27 suppleant.

314 1332 149 22 Valsedlarna
478 1333 55 22 böra
547 1340 54 14 vara
617 1334 24 21 så
655 1333 121 27 inrättade,
793 1335 35 20 att
842 1332 86 29 tydligt
938 1332 66 21 fram-

243 1367 43 26 går
308 1366 58 22 huru
389 1367 28 21 de
440 1367 53 22 böra
515 1367 111 28 hopvikas
647 1367 43 22 och
712 1367 114 28 tillslutas,
851 1367 42 22 och
916 1367 22 21 få
954 1367 50 21 icke

243 1403 104 31 upptaga
362 1404 72 19 annat
449 1404 29 19 än
492 1401 60 22 hvad
567 1401 67 22 ofvan
651 1402 110 28 stadgats.
