1106 1748
312 135 77 24 Ständ.
406 135 36 23 Sv.
458 147 30 4 —
504 135 64 28 Prop.
585 134 38 23 N:o
640 134 21 23 II.
807 135 26 20 53

453 203 27 19 47
499 200 20 29 8.

182 243 79 23 Sedan
278 243 97 22 valman
390 242 76 29 inlagt
482 241 120 23 valsedeln
618 242 8 21 i
642 247 83 21 urnan,
743 239 122 24 utmärkes

110 280 8 22 i
139 278 141 30 vallängden
301 280 34 21 att
356 278 48 23 han
422 278 93 22 utöfvat
532 279 37 21 sin
585 277 92 23 valrätt.
710 277 36 22 Då
762 276 103 26 valman,

110 316 8 21 i
135 315 39 22 det
191 314 111 23 afseende
320 317 28 20 46
360 315 14 28 8
386 313 137 28 innehåller,
535 313 63 23 utfär
609 313 87 28 utdrag
707 319 28 16 ur
746 311 119 29 vallängd,

112 351 60 22 skall
188 350 45 23 ock
248 350 81 23 därom
346 351 69 28 göras
431 349 147 29 anteckning
593 349 8 22 i
617 348 110 29 längden.

456 412 28 19 48
501 410 20 28 8.

183 452 37 23 Då
231 451 110 30 uppehåll
351 452 9 21 i
370 451 213 29 valförrättningen
592 452 75 28 göres,
679 450 61 23 skall
751 449 115 23 valurnan

112 488 116 30 förseglas
246 487 53 23 med
316 488 74 22 minst
404 488 36 21 tre
456 486 162 23 närvarandes
635 486 61 30 sigill
714 486 43 23 och
773 485 94 23 sättas
853 481 17 41 i

112 524 80 23 säkert
208 524 84 23 förvar.
324 523 48 23 När
388 523 173 29 förrättningen
573 522 103 24 därefter
687 522 128 26 fortsättes,
827 521 41 23 bör

113 560 129 28 nämnden,
258 561 74 21 innan
348 559 160 29 förseglingen
526 559 127 29 borttages,
670 558 100 23 förvissa
782 559 37 28 sig
829 564 38 16 om

114 598 34 21 att
164 596 94 29 sigillen
275 598 39 20 äro
330 596 108 22 obrutna.

184 632 77 22 Innan
272 631 110 30 uppehåll
393 632 8 22 i
412 631 174 29 förrättningen
598 630 55 23 sker
664 630 55 23 eller
731 631 135 27 röstningen

114 668 116 23 förklaras
247 667 109 27 afslutad,
374 667 66 22 skola
457 667 46 23 alla
518 667 49 22 före
584 666 39 23 det
639 667 7 21 i
659 666 86 23 sådant
757 665 111 23 afseende

114 704 124 22 bestämda
258 703 150 29 klockslaget
428 702 204 24 tillstädeskomne
651 703 95 22 valmän
763 708 44 23 ega
822 703 47 21 rätt

114 741 35 21 att
164 741 71 21 rösta.

459 778 28 20 49
504 775 21 29 8.

187 817 97 23 Såsnart
296 817 137 29 röstningen
446 816 118 27 afslutats,
576 818 95 28 uttagas
684 816 28 22 de
722 816 93 29 afgifna
822 815 47 23 val-

115 853 110 24 sedlarna
241 860 27 15 ur
285 859 76 16 urnan
376 852 44 23 och
429 852 89 23 räknas
530 852 125 30 oöppnade.
682 851 124 24 Likaledes
817 851 52 23 räk-

115 896 43 16 nas
175 889 90 23 antalet
282 889 22 22 af
316 889 28 22 de
356 895 119 23 personer,
487 889 82 22 hvilka
580 889 73 28 enligt
665 888 206 29 anteckningarna

115 926 8 21 i
139 925 144 29 vallängden
299 925 43 22 och
358 925 140 29 protokollet
515 924 90 23 utöfvat
621 924 93 23 valrätt.

188 961 115 29 Samtliga
320 960 92 30 afgifna
427 961 119 23 valsedlar
561 960 110 30 inläggas
683 960 102 23 härefter
795 961 8 21 i
815 959 56 23 håll-

116 997 48 23 fast
184 997 99 29 omslag,
300 997 73 22 hvarå
389 998 73 21 minst
479 998 35 21 tre
532 996 24 23 af
572 996 173 23 valnämndens
760 996 111 22 medlem-

117 1040 51 15 mar
188 1033 27 22 så
236 1032 115 30 anbringa
372 1033 53 22 sina
445 1032 70 30 sigill,
533 1034 34 21 att
583 1032 115 29 omslaget
714 1034 26 21 är
756 1038 115 22 omsorgs-

116 1068 54 23 fullt
186 1068 136 35 försegladt.

188 1104 21 22 Ä
226 1104 116 29 omslaget
357 1104 100 23 tecknas
474 1104 75 23 sedan
564 1104 35 22 till
614 1104 147 23 valkretsens
773 1103 98 23 central-

116 1140 89 22 nämnd
214 1140 71 23 ställd
294 1140 104 30 päskrift
404 1141 63 21 samt
476 1140 95 30 uppgift
579 1146 38 16 om
626 1140 127 29 omslagets
761 1139 110 23 innehäll.

189 1176 155 22 Förekomma
352 1176 125 27 valsedlar,
487 1176 13 22 ä
507 1176 82 23 hvilka
596 1182 79 17 annan
682 1176 110 22 valkrets'
799 1181 73 17 namn

118 1214 26 20 är
155 1212 154 27 antecknadt,
321 1212 67 22 skola
399 1212 61 22 dock
471 1212 70 22 dessa
552 1213 85 28 genast
647 1212 39 22 vid
697 1212 133 28 räkningen
841 1210 32 23 af-

118 1247 83 29 skiljas
218 1247 52 23 frän
288 1248 28 22 de
332 1247 77 29 öfriga
425 1248 43 22 och
481 1248 74 22 sedan
566 1248 30 29 pä
607 1247 125 23 enahanda
743 1248 47 22 sätt
801 1248 72 21 insät-

117 1284 37 22 tas
175 1284 7 21 i
203 1283 93 29 omslag
316 1283 53 23 med
390 1283 109 29 päskrift,
521 1283 70 23 ställd
611 1283 35 23 till
663 1282 211 24 centralnämnden

117 1320 8 21 i
142 1318 75 30 sagda
232 1319 112 23 valkrets.

465 1377 28 19 50
510 1374 21 29 8.

190 1414 53 23 Kan
254 1416 20 29 ej
287 1415 105 29 räkning
402 1415 24 22 af
435 1415 94 29 afgifna
537 1415 116 23 valsedlar
662 1416 85 28 genast
755 1415 50 27 ske,
814 1414 61 29 förty

119 1451 35 22 att
169 1450 66 23 tiden
252 1453 26 20 är
288 1451 68 28 långt
366 1450 169 28 framskriden,
547 1451 98 23 förfares
657 1451 54 22 med
721 1451 117 22 valurnan
849 1449 27 23 sä
