1100 1745
248 149 14 20 8
428 148 84 23 Ständ.
529 148 39 23 Sv.
586 162 26 3 —
629 149 75 28 Prop.
720 149 43 23 N:o
780 148 35 23 10.

524 363 124 27 Förordning
665 361 109 29 angående
790 362 86 28 ändring
892 362 26 22 af
928 362 24 22 10
969 362 15 30 8
998 362 4 22 i

454 397 149 27 förordningen
616 397 26 23 af
654 398 39 22 den
709 398 22 21 31
749 402 58 17 mars
821 397 54 22 1879
892 402 33 17 om
936 397 67 22 närin-

456 437 72 22 garne.

318 506 51 21 Med
387 507 164 27 upphäfvande
567 507 25 20 af
606 508 10 19 1
635 502 12 37 $&
662 508 10 20 6
689 507 51 27 kap.
753 506 189 21 Handelsbalken
954 513 49 14 var-

248 541 40 20 der
311 541 134 27 härigenom
470 541 110 27 stadgadt,
600 544 32 18 att
650 543 25 19 10
690 542 13 25 8
719 541 6 20 i
742 541 163 26 förordningen
921 541 25 20 af
958 541 44 20 den

246 576 26 20 31
294 582 61 14 mars
380 577 54 20 1879
455 583 38 14 om
514 576 138 26 näringarne
668 576 58 20 skall
743 575 86 22 erhålla
845 575 101 28 följande
961 575 43 21 för-

247 610 102 21 ändrade
366 610 95 27 lydelse:

596 657 13 26 8
626 657 32 20 10.

317 714 56 25 Den,
397 721 50 14 som
471 714 40 21 vill
534 714 30 27 pä
586 714 78 21 landet
679 714 7 21 i
703 713 106 22 afseende
833 713 12 21 ä
869 713 135 28 försäljning

247 748 117 26 kringföra
381 748 35 20 för
431 749 85 19 allmän
535 749 85 19 handel
639 748 95 27 lofgifna
751 755 67 14 varor
833 748 49 20 frän
900 747 54 27 gärd
970 747 34 21 till

246 782 62 27 gärd,
331 783 55 21 söke
409 782 101 21 tillständ
534 782 75 21 därtill
631 783 43 21 hos
698 782 172 21 vederbörande
890 783 114 26 guvernör

246 818 44 20 och
307 817 75 27 bifoge
398 817 158 27 ansökningen
573 817 63 27 intyg
652 818 63 20 öfver
731 819 32 19 att
774 817 47 21 han
833 818 25 19 är
869 816 134 27 välfräjdad,

246 857 52 20 eger
320 852 43 20 rätt
384 853 32 19 att
436 851 55 21 räda
507 851 64 21 öfver
586 852 34 25 sig
635 852 44 20 och
696 852 34 20 sin
747 850 121 27 egendom,
884 850 119 22 äfvensom

246 885 184 26 sundhetsbevis,
447 885 117 21 utfärdadt
579 885 45 21 af
618 880 16 37 i
641 885 99 21 Finland
760 884 140 28 legitimerad
919 885 83 20 läkare.

247 920 96 21 Pröfvar
363 921 144 25 guvernören
524 920 118 21 sökanden
659 927 54 14 vara
730 919 122 27 oförvitlig,
868 919 88 21 utfärde
969 919 35 21 för

246 954 88 21 honom
351 955 75 26 öppen
444 954 146 27 förpassning
606 954 32 21 till
655 954 150 21 bedrifvande
816 953 26 21 af
851 953 71 21 sädan
938 953 65 27 gärd-

246 989 130 20 farihandel
399 989 63 20 inom
487 989 60 20 länet
568 989 34 20 för
618 991 30 18 ett
664 989 26 20 är
705 989 6 20 i
726 988 89 21 sänder.
846 988 44 21 Vill
914 994 89 15 samma

247 1029 83 20 person
347 1022 55 21 idka
418 1023 184 26 gärdfarihandel
614 1023 8 20 i
634 1023 54 20 flera
704 1024 29 19 än
745 1025 32 18 ett
787 1023 46 25 län,
849 1022 42 21 bör
901 1021 101 22 tillständ

246 1057 109 21 utverkas
379 1057 108 20 särskildt
510 1057 34 20 för
567 1057 79 27 hvarje
669 1057 47 26 län,
735 1057 43 21 där
793 1057 72 20 sädan
882 1056 81 27 näring
978 1057 26 20 är

246 1091 80 20 afsedd
343 1093 32 18 att
391 1091 121 20 bedrifvas.

317 1126 73 20 Innan
414 1125 145 28 förpassning
582 1125 34 21 till
639 1125 102 21 sökande
763 1125 103 26 utgifves,
882 1125 58 21 skall
956 1125 47 20 han

246 1159 34 21 till
296 1159 172 21 landtränteriet
484 1159 98 21 inbetala
599 1167 27 13 en
643 1160 25 20 af
685 1161 144 26 guvernören
842 1158 104 22 bestämd
958 1159 46 20 ärs-

246 1194 71 27 afgift,
341 1194 71 21 minst
434 1195 28 20 25
486 1194 42 21 och
552 1194 67 27 högst
636 1195 40 20 100
693 1194 73 21 mark.
797 1194 45 20 För
864 1193 101 21 inkomst
981 1193 25 20 af

246 1229 72 20 sädan
342 1228 82 27 näring
448 1229 58 20 skall
521 1228 213 27 gärdfarihandlare
751 1228 90 26 erlägga
857 1227 145 21 kommunal-

246 1263 61 20 skatt
322 1263 34 20 till
372 1263 44 20 den
432 1263 121 26 kommun,
570 1263 92 20 hvarest
677 1263 46 20 han
740 1263 44 20 har
795 1262 38 21 sitt
844 1262 30 21 bo
884 1262 44 21 och
941 1262 62 21 hem-

246 1297 45 20 vist
306 1297 60 25 eller,
382 1297 76 20 därest
474 1297 45 20 han
536 1297 81 20 sädant
634 1297 49 20 icke
699 1303 52 20 eger
767 1297 6 19 i
790 1297 83 25 landet,
889 1296 33 21 till
938 1296 64 20 kom-

246 1338 65 19 mun,
327 1330 94 22 hvilken
438 1331 47 20 han
501 1331 111 27 uppgifvit
628 1338 50 14 som
695 1331 35 21 sin
742 1330 179 26 hufvudsakliga
932 1336 70 21 uppe-

245 1365 103 21 hällsort.

316 1399 108 21 Utöfvare
447 1400 25 20 af
492 1400 184 26 gärdfarihandel
698 1400 60 21 skall
782 1399 123 21 medhafva
930 1399 43 20 och
996 1398 7 21 i

246 1433 79 27 hvarje
348 1434 122 25 kommun,
493 1434 91 21 hvarest
607 1434 46 21 han
676 1434 103 27 vidtager
794 1433 51 22 med
862 1433 141 27 försäljning,

245 1468 37 21 för
297 1467 173 22 vederbörande
493 1468 195 27 polismyndighet
711 1467 99 28 uppvisa
826 1467 176 28 förpassningen
