1100 1745
372 147 22 18 U.
408 147 20 18 B.
442 146 60 24 Prop.
515 147 36 18 N:o
566 147 28 18 10.
851 147 11 18 9

109 212 7 21 i
141 212 198 29 länestyrelsernas
365 212 174 29 förteckningar.
572 212 35 22 Då
633 213 49 21 mot
708 219 31 16 nu
766 212 96 23 berörda

109 247 79 23 ställen
209 248 2 21 i
229 247 165 29 motiveringen
412 247 48 23 icke
476 248 104 22 beslutits
598 247 76 30 nägon
691 249 149 28 anmärkning
856 248 5 21 i

107 283 55 22 flere
184 285 29 21 än
238 285 29 20 ett
293 283 72 28 stånd,
389 290 67 16 anser
479 284 122 27 Utskottet,
624 285 31 21 att
672 283 188 30 motiveringen
847 279 16 38 i

108 319 96 23 berörda
220 319 123 23 afseenden
360 319 43 23 bör
418 319 104 23 förblifva
538 319 144 23 oförändrad.

183 433 30 22 Pä
236 433 75 28 grund
331 433 22 22 af
375 433 29 22 de
424 433 127 29 ändringar,
568 440 51 16 som
639 433 22 22 af
680 433 116 23 Utskottet
815 433 46 22 vid-

111 468 67 29 tagits
202 469 38 22 vid
265 469 160 28 uppgörandet
446 469 22 22 af
487 469 88 29 förslag
594 469 30 22 till
642 469 220 28 sammanjämkning

111 504 23 22 af
154 505 110 22 ständens
287 505 125 28 skiljaktiga
428 505 75 22 beslut
519 505 37 23 vid
574 505 140 29 behandling
729 505 22 22 af
767 505 94 23 Utskot-

108 541 44 21 tets
182 540 143 23 betänkande
350 541 43 22 N:o
422 542 20 27 2,
469 541 74 22 blefve
569 541 128 23 Utskottets
720 541 87 28 förslag
831 541 29 22 till

108 576 221 29 sammanjämkning
345 577 5 21 i
367 577 56 22 dess
440 577 75 22 helhet
532 577 107 28 följande:

323 645 32 19 att
371 643 129 28 Ständerna,
516 643 68 22 under
600 643 108 22 uttalande
727 643 27 26 af
768 645 31 20 att
815 642 46 27 för-

252 679 118 28 ordningen
389 678 28 27 af
429 679 40 22 den
479 679 15 22 2
501 679 45 28 juli
556 679 62 22 1900
628 686 33 15 om
670 679 89 22 handels
769 679 93 22 idkande

252 713 27 28 af
290 714 66 28 ryska
371 714 128 29 infödingar
514 716 67 21 såsom
597 716 54 21 utan
661 715 134 22 Ständernas
806 715 55 21 med-

251 750 82 22 värkan
357 751 135 27 tillkommen,
513 751 45 22 icke
581 752 36 27 ägt
637 749 60 28 kraft
717 749 28 28 af
757 750 39 29 lag,
813 749 48 23 ville

251 786 113 28 godkänna
380 785 90 28 Nädiga
484 786 168 28 propositionens
667 785 82 29 förslag
765 793 33 15 om
809 786 52 21 änd-

252 821 51 29 ring
326 821 28 27 af
370 822 29 21 10
419 823 15 26 $
454 822 9 21 i
479 821 160 29 förordningen
658 825 26 23 a)
700 822 40 21 den
755 822 28 22 31
799 822 63 21 Mars

252 857 59 22 1879
326 865 32 14 om
374 858 138 28 näringarna
526 859 25 20 sä
566 857 100 28 lydande:

468 994 90 29 Förslag
567 994 31 22 till
610 993 129 30 förordning
749 993 113 30 angäende

396 1029 93 30 ändring
513 1029 23 23 af
561 1030 27 21 10
612 1030 12 27 8
644 1030 6 22 i
666 1029 156 30 förordningen
840 1029 22 22 af

396 1065 40 22 den
459 1065 25 22 31
514 1065 58 23 Mars
594 1065 54 22 1879
672 1071 34 16 om
723 1065 138 29 näringarne.

181 1172 54 22 Med
259 1172 163 29 upphäfvande
445 1172 22 22 af
493 1174 8 21 1
528 1172 14 29 8
566 1173 14 22 6
604 1172 48 29 kap.
677 1172 184 23 Handelsbalken

107 1208 81 27 (utesl.)
206 1208 79 22 varder
309 1208 133 29 härigenom
463 1208 112 29 stadgadt,
591 1209 30 22 att
639 1209 27 22 10
682 1208 14 29 &
712 1208 5 22 i
734 1208 128 23 förordnin-

108 1250 45 24 gen
177 1243 22 22 af
220 1244 44 22 den
285 1245 26 21 31
336 1244 63 22 Mars
424 1245 56 21 1879
501 1251 38 16 om
560 1244 132 29 näringarne
709 1243 54 23 skall
781 1243 81 23 erhälla

106 1279 102 28 följande
223 1279 136 22 förändrade
376 1279 95 30 lydelse:

456 1350 14 29 8
488 1352 34 21 10.

182 1398 57 27 Den,
263 1405 52 15 som
338 1398 36 22 vill
399 1398 29 28 pä
452 1398 76 22 landet
549 1398 5 22 i
576 1398 108 22 afseende
700 1398 13 22 å
728 1398 135 28 försäljning

108 1433 115 29 kringföra
243 1434 36 22 för
299 1434 81 22 allmän
400 1434 82 22 handel
505 1434 95 28 lofgifna
615 1440 65 16 varor
695 1433 48 23 frän
760 1433 55 29 gärd
832 1433 30 22 till
