1100 1739
326 137 29 22 U.
372 137 28 21 B.
415 149 30 3 —
461 137 72 28 Prop.
549 136 41 22 N:o
606 136 22 22 8.
794 138 28 20 29

173 202 117 22 Utskottet
306 202 41 21 har
363 202 36 21 för
415 202 36 22 sin
468 202 36 22 del
520 205 55 19 utan
589 201 265 29 meningsskiljaktighet

102 238 95 21 anslutit
217 238 36 28 sig
275 237 35 22 till
329 237 46 22 den
394 245 79 14 senare
493 238 90 22 åsikten
605 238 43 21 och
671 237 95 22 sålunda
785 236 69 29 gifvit

101 273 156 23 Kristinestad
277 273 131 22 företrädet.
440 273 45 21 Till
504 274 51 21 stöd
575 273 78 21 härför
669 275 36 19 må
720 272 133 29 ytterligare

102 309 91 22 anföras
211 312 38 23 att,
266 309 69 21 äfven
351 316 37 14 om
398 309 243 21 hamnförhällandena
649 308 40 22 vid
700 308 88 22 banans
801 308 52 22 slut-

103 346 74 28 punkt
192 352 55 14 vore
264 345 28 21 de
308 345 71 26 bästa,
390 352 28 14 en
429 345 105 22 afsevärd
545 345 70 21 trafik
625 344 51 22 icke
687 344 74 22 skulle
772 344 83 28 dragas

103 381 40 26 dit,
161 381 94 21 emedan
267 381 102 21 området
379 380 74 29 ifråga
464 381 50 21 icke
525 388 54 21 eger
590 380 114 28 naturliga
715 380 140 28 betingelser

102 417 37 21 för
157 417 153 29 uppkomsten
327 417 22 21 af
367 424 29 14 en
412 416 122 22 industriel
550 416 92 22 rörelse.
675 416 78 22 Såsom
769 416 86 21 bekant

102 453 77 21 finnas
195 453 41 21 här
252 452 50 22 icke
319 455 72 19 större
408 452 172 29 skogsresurser
596 452 42 22 och
654 452 51 21 icke
716 452 72 21 heller
798 451 57 21 fors-

103 488 50 22 rika
171 488 137 29 vattendrag
327 488 54 22 eller
402 488 71 22 andra
489 488 139 29 betingelser
643 488 37 21 för
696 495 28 14 en
741 487 113 22 storindu-

104 524 47 22 stri.
187 524 66 22 Inom
277 524 87 22 banans
388 527 53 25 eget
459 524 163 22 trafikområde
644 524 73 21 blifva
740 523 65 21 alltså
828 523 27 21 de

103 563 52 19 rent
175 560 74 22 lokala
269 560 180 26 förhållandena,
472 560 84 22 sådana
575 560 28 22 de
619 559 114 22 härintills
749 559 107 29 gestaltat

104 596 42 29 sig,
162 596 9 21 i
186 596 39 22 allt
241 596 124 28 väsentligt
382 596 170 22 bestämmande
568 596 36 21 för
621 596 52 21 dess
682 595 92 21 rörelse.
800 594 55 22 Vid-

103 632 136 22 kommande
263 634 48 19 åter
334 632 52 21 dess
408 632 119 28 betydelse
549 634 73 19 såsom
643 630 213 30 genomgångslänk

104 668 36 22 för
157 676 28 14 en
201 668 70 21 trafik
287 668 65 21 öfver
368 667 117 29 Seinäjoki
502 668 51 21 från
569 668 71 21 andra
651 667 116 26 bandelar,
778 667 79 21 kunna

104 705 50 21 icke
177 704 72 21 häller
273 707 60 18 stora
357 704 184 28 förhoppningar
564 704 75 28 hysas,
661 703 29 22 då
706 703 26 28 ju
751 703 106 21 sträckan

105 739 207 30 Seinäjoki—Vasa
331 741 38 27 (74
388 740 47 28 km)
456 743 24 18 är
500 740 90 21 kortare
609 743 29 17 än
655 739 28 22 de
698 738 159 29 projekterade

105 776 189 29 sträckningarna
310 775 303 29 Seinäjoki—Kristinestad
624 776 52 27 (108
687 782 58 21 resp.
759 777 42 20 113
810 774 47 28 km)

105 812 42 21 och
164 811 225 29 Seinäjoki—Kaskö
400 812 51 27 (111
465 811 54 28 km),
531 811 92 22 hvartill
634 814 61 18 ännu
706 811 109 25 kommer,
825 812 33 19 att

105 855 29 14 en
144 850 73 19 större
227 851 35 18 ort
273 847 52 22 med
336 847 76 29 gamla
423 847 193 22 affärsrelationer
624 849 46 19 står
679 847 100 21 starkare
787 846 8 21 i
802 846 55 21 kon-

104 883 127 22 kurrensen
252 886 29 18 än
302 883 28 22 de
351 886 49 19 små
419 883 92 28 platser,
532 891 47 14 som
599 883 60 21 varit
674 882 134 21 inskränkta
823 881 35 22 till

105 922 32 19 ett
152 919 72 22 lokalt
240 919 98 22 distrikt.
370 919 79 22 Såsom
468 922 33 19 ett
516 919 88 21 faktum
615 919 104 21 kvarstår
730 921 33 18 att
772 918 85 25 Kaskö,

106 955 92 22 oaktadt
218 955 35 22 sin
274 955 60 28 goda
352 955 75 26 hamn,
450 955 47 21 fört
517 962 28 14 en
565 955 102 28 tynande
683 954 89 21 tillvaro
789 953 69 22 äfven

106 991 73 21 under
200 991 66 26 tider,
288 991 29 21 då
332 990 87 29 jämväl
439 991 36 21 för
496 991 75 28 öfriga
590 990 177 22 österbottniska
783 989 76 22 städer

105 1027 144 28 landsvägen
264 1034 41 14 var
321 1027 45 21 den
383 1027 60 21 enda
459 1026 138 22 trafikleden
613 1026 51 21 från
679 1025 109 22 inlandet.

177 1063 227 30 Hufvudändamålet
428 1063 52 21 med
505 1063 74 21 banan
603 1062 41 21 bör
668 1061 94 26 således,
787 1061 72 28 enligt

105 1099 130 22 Utskottets
251 1099 75 26 tanke,
343 1099 72 21 blifva
432 1101 31 19 att
480 1098 122 29 tillgodose
619 1098 45 21 den
679 1100 81 19 tätaste
774 1097 85 22 bosätt-

105 1135 99 28 ningens
224 1135 69 21 behof
312 1135 43 21 och
375 1134 142 22 understöda
539 1134 28 21 de
585 1134 64 21 förut
664 1133 123 22 bestående
805 1133 53 20 han-

106 1170 223 22 delsförhållandena
349 1173 58 18 samt
427 1170 77 21 därtill
520 1170 84 21 bereda
619 1169 141 26 landsdelen,
777 1169 8 21 i
801 1168 58 21 hvil-

106 1207 45 20 ken
164 1206 137 29 jordbruket
317 1209 24 18 är
356 1206 214 28 hufvudnäringen,
584 1213 29 14 en
624 1205 66 28 länge
702 1203 87 24 saknad
797 1204 62 28 järn-

106 1242 199 29 vägsförbindelse
322 1242 52 22 med
390 1241 90 22 landets
497 1241 152 26 vinterhamn,
665 1241 90 28 Hangö.

177 1278 12 21 I
209 1278 134 28 anslutning
369 1278 35 21 till
423 1277 68 22 dessa
509 1277 150 22 betraktelser
680 1277 40 21 har
741 1276 119 22 Utskottet

106 1314 69 21 äfven
191 1316 75 19 ansett
282 1316 33 19 att
329 1314 138 28 byggandet
483 1314 24 21 af
523 1321 29 14 en
567 1312 227 22 Kristinestadsbana
809 1311 50 22 icke

106 1350 112 21 behöfver
233 1350 135 28 förknippas
385 1349 52 21 med
454 1349 133 22 utförandet
598 1349 23 21 af
632 1348 139 22 omfattande
782 1348 77 20 hamn-

106 1385 174 29 anläggningar,
303 1388 56 18 utan
382 1388 33 18 att
435 1385 95 21 härmed
547 1384 76 22 kunde
644 1386 64 20 anstå
728 1383 60 22 intill
807 1383 53 21 dess

107 1421 130 21 erfarenhet
262 1420 95 22 vunnits
382 1428 36 14 om
443 1420 29 22 de
494 1428 33 14 nu
550 1420 100 22 rådande
670 1418 190 23 hamnförhållan-

107 1457 70 21 denas
199 1456 178 29 otillräcklighet
398 1456 36 22 för
455 1456 46 22 den
517 1459 62 18 ännu
594 1456 73 21 under
686 1463 27 14 en
730 1455 55 28 lång
803 1454 58 28 följd

177 1510 188 23 Järnvägsutskottets
378 1510 109 18 betänkande
501 1509 34 19 N:o
548 1511 15 16 1.
