1109 1750
247 159 12 19 2
482 158 25 22 G.
525 159 28 21 B:
571 171 26 3 —
613 159 74 27 Prop.
703 158 43 22 N:o
763 158 35 22 12.

247 228 62 23 böra
333 229 39 22 för
393 228 141 23 Ständerna
552 229 143 29 framlägga
715 236 30 15 en
765 230 57 21 kort
841 229 164 28 redogörelse

247 263 40 22 för
305 263 166 22 statsvärkets
490 264 127 22 ordinarie
637 264 136 29 tillgängar
793 263 48 23 och
854 263 111 29 utgifter.
991 263 12 22 I

247 297 91 23 sädant
366 297 118 23 afseende
512 298 100 29 bifogas
642 298 36 22 till
703 299 68 22 detta
791 297 161 23 betänkande
972 303 30 16 en

247 332 68 22 tablä
338 332 71 22 öfver
435 333 172 22 statsfondens
627 333 120 29 ställning
766 333 43 22 vid
829 332 130 29 utgängen
979 331 26 22 af

248 366 27 22 är
296 366 74 27 1904,
391 373 30 16 en
441 367 186 28 approximativ
647 367 87 29 kalkyl
747 367 72 22 öfver
833 366 170 23 statsfondens

248 401 119 29 ställning
394 401 42 22 vid
465 401 131 30 utgängen
622 402 25 21 af
669 402 28 22 är
717 401 66 23 1905
805 403 64 20 samt
889 401 115 28 approxi-

247 435 94 22 mativa
369 436 114 29 kalkyler
511 436 72 22 öfver
611 437 171 22 statsfondens
801 436 139 22 inkomster
958 435 45 22 och

247 470 127 22 ordinarie
402 472 65 21 samt
491 471 201 22 extraordinarie
720 471 104 29 utgifter
843 470 80 22 under
944 470 59 22 ären

249 504 68 23 1906
344 505 46 22 och
419 505 76 26 1907,
520 505 88 22 hvilka
628 505 48 22 alla
695 506 136 28 uppgjorts
850 505 31 28 pä
902 505 102 21 Finans-

248 539 184 28 expeditionen.
481 540 50 22 För
564 540 201 29 möjliggörande
801 539 26 22 af
859 539 143 29 jämförelse

247 573 91 23 mellan
357 573 32 23 de
408 574 145 23 beräknade
573 574 138 30 utgifterna
730 574 40 23 för
789 575 61 21 ären
871 573 67 23 1906
957 573 45 23 och

249 608 66 22 1907
341 608 46 23 och
405 609 138 29 utgifterna
563 610 78 28 enligt
659 609 103 23 bokslut
781 609 40 22 för
840 609 31 22 de
890 609 112 21 närmast

248 642 153 29 föregående
427 644 44 21 två
499 644 68 26 åren,
597 644 46 21 har
670 644 128 21 Utskottet
823 644 42 21 vid
886 643 72 22 sidan
979 642 25 22 af

248 677 48 22 den
322 678 201 27 approximativa
549 678 118 29 kalkylen
687 678 72 22 öfver
778 677 172 23 statsfondens
970 677 34 22 in-

248 711 110 22 komster
385 713 45 21 och
459 713 127 22 ordinarie
613 712 103 29 utgifter
744 712 81 23 under
851 712 59 22 ären
938 711 65 22 1906

248 746 46 22 och
323 746 75 27 1907,
423 747 78 29 enligt
525 747 56 22 frän
603 747 187 22 Statskontoret
810 746 113 23 erhällna
942 752 61 22 upp-

247 780 84 29 gifter,
351 781 76 22 infört
445 782 134 28 utgifterna
599 781 78 29 enligt
692 781 99 22 bokslut
805 781 40 22 för
858 781 60 22 åren
935 780 67 23 1904

248 815 46 22 och
324 815 73 22 1905.
437 815 122 30 Slutligen
586 817 47 21 har
652 816 127 22 Utskottet
797 815 48 22 fätt
864 815 40 22 del
923 815 26 22 af
967 821 36 16 or-

248 849 97 22 dinarie
375 850 46 22 och
452 851 200 22 extraordinarie
680 850 193 29 statsförslagen
905 849 39 22 för
976 849 27 22 är

250 883 74 23 1906.

317 918 87 29 Enligt
431 919 25 22 af
484 919 186 22 Statskontoret
698 918 150 23 meddelade
875 917 129 30 uppgifter

249 953 79 22 stälde
356 953 39 29 sig
422 953 235 22 statsinkomsterna
685 954 46 22 och
759 953 139 28 utgifterna
927 951 78 30 enligt

248 986 101 23 bokslut
376 987 39 22 för
443 988 28 22 är
500 988 75 26 1905,
603 988 125 29 jämförda
747 987 58 22 med
825 987 179 22 motsvarande

247 1023 86 26 poster
346 1022 77 29 enligt
436 1022 192 29 statsförslaget,
643 1029 52 16 som
709 1022 115 29 framgär
838 1021 25 22 af
875 1021 127 32 följande
989 1017 18 40 :

419 1125 180 23 Statsinkomst
618 1126 27 22 är
666 1125 67 23 1905
754 1125 80 29 enligt

567 1191 134 24 statsförslaget
849 1191 95 17 bokslutet

248 1230 120 18 Statsfonden
393 1245 4 4 .
421 1245 4 4 .
449 1245 4 4 .
479 1245 4 4 .
507 1245 4 4 «
536 1231 48 18 Fmk
608 1231 107 22 57,859,300:
723 1241 22 3 —
794 1230 50 18 Fmk
868 1230 108 21 60,856,367:
984 1231 22 17 73

247 1265 181 23 Bevillningsfonden
451 1279 4 4 .
480 1279 4 4 .
509 1279 3 4 .
557 1274 6 7 »
617 1266 96 21 3,996,200:
720 1276 22 2 —
817 1273 8 8 »
879 1265 97 21 4,907,354:
984 1265 20 17 77

248 1299 242 19 Kommunikationsfonden
510 1314 1 4 .
554 1308 8 8 =»
604 1301 137 21 =—47,545,660:
732 1295 14 32 —
816 1307 8 8 »
849 1295 9 32 =
867 1299 108 22 48,259,468:
982 1299 22 18 45

248 1333 132 19 Militiefonden
396 1348 3 4 .
424 1348 4 4 .
453 1349 4 3 .
481 1349 4 3 .
510 1348 4 4 .
557 1342 8 9 »
618 1335 96 21 9,241,100:
720 1345 22 2 —
817 1341 7 9 »
868 1334 108 21 —10,231,645:
983 1334 21 17 67

247 1368 214 23 Krigsmanshusfonden
481 1382 4 4 .
510 1382 3 3 .
558 1376 7 8 »
636 1369 79 21 390,100:
723 1379 21 2 —
819 1375 7 9 »
897 1368 80 21 432,906:
984 1368 22 17 34

247 1402 164 19 Bränvinsmedlen
427 1417 1 4 .
456 1417 1 4 .
482 1417 4 4 .
511 1417 4 4 .
559 1410 6 9 »
619 1403 96 22 5,280,100:
723 1413 22 3 —
819 1409 7 9 >
881 1403 97 21 7,149,433:
984 1402 23 18 88

446 1448 77 18 Summa
535 1449 49 18 Fmk
598 1449 147 22 124,312,460:—
770 1437 17 39 —
794 1449 50 17 Fmk
857 1448 119 22 131,837,176:
983 1447 21 18 84

317 1505 142 18 Statsutskottets
471 1506 111 18 betänkande
594 1506 35 18 N:o
645 1507 14 17 7.
