1100 1745
324 151 29 23 U.
370 151 27 22 B.
415 164 28 2 —
458 152 73 27 Prop.
549 151 40 22 N:o
605 151 20 22 8.
797 153 25 19 71

100 224 82 21 genom
206 217 74 21 denna
303 217 86 21 banans
411 217 125 28 byggande
559 216 86 29 skjutas
668 219 13 18 &
703 216 49 22 sido
775 216 34 21 till
826 223 28 14 en

100 253 103 28 aflägsen
219 253 98 21 framtid.

172 288 69 21 Hvad
262 291 47 18 åter
330 291 70 26 angår
419 288 39 21 det
473 288 109 29 lämpliga
598 288 128 21 ordnandet
742 288 23 21 af
781 287 73 28 bygg-

100 323 154 27 nadsarbetet,
266 327 24 18 så
298 323 65 22 torde
372 324 162 28 jordarbetena
544 327 27 25 på
584 324 105 29 Nyslotts
697 323 76 22 banan
784 323 71 21 redan

101 367 54 14 vara
171 359 119 27 afslutade,
309 359 28 22 då
353 367 85 14 samma
454 360 94 21 arbeten
565 363 28 25 på
613 359 151 29 Kronoborgs
780 359 75 21 banan

101 395 78 22 kunna
196 395 100 29 vidtaga.
320 395 45 22 För
376 395 44 22 den
433 396 60 21 skull
504 396 44 21 kan
561 396 44 21 den
615 395 125 22 förnämsta
750 395 105 22 fördelen

102 431 22 21 af
149 431 99 21 arbetets
273 431 210 29 sammanslagning
499 435 30 25 på
553 432 27 20 de
608 431 59 21 båda
682 431 103 21 banorna
805 431 50 20 icke

101 474 62 14 mera
179 470 74 23 ernås,
271 467 29 21 då
315 467 88 21 arbetet
421 470 29 26 på
465 467 317 29 Kronoborgssträckningen
799 466 57 21 efter

102 502 136 29 erforderlig
260 510 32 22 ny
309 503 174 29 undersökning
500 504 45 20 kan
561 503 69 28 börja.
657 502 48 22 Och
727 502 129 28 öfverflytt-

101 538 88 29 ningen
213 539 23 21 af
260 539 125 21 arbetsfolk
407 539 34 21 till
461 539 146 29 Kronoborg,
627 539 70 21 sedan
716 542 15 18 t.
754 546 34 14 ex.
811 538 45 21 för-

102 574 144 29 längningen
264 575 22 21 af
304 575 112 21 Karelska
436 575 74 21 banan
530 575 77 21 blifvit
622 575 83 28 färdig,
724 574 65 22 torde
805 574 51 21 icke

103 610 103 22 medföra
222 611 140 21 nämnvärda
379 611 150 29 svårigheter.

174 646 12 21 I
203 646 38 22 det
259 647 139 28 föregående
417 648 42 20 har
475 647 40 29 jag
535 648 51 20 sökt
605 654 26 14 ur
648 646 73 28 saklig
738 645 119 29 synpunkt

102 682 107 26 förklara,
226 682 93 22 hvarför
332 683 40 28 jag
388 690 67 14 anser
474 683 97 29 onödigt
589 687 32 17 att
637 682 128 22 Ständerna
782 682 75 21 denna

103 721 62 25 gång
182 719 73 21 skulle
275 718 87 22 besluta
383 722 32 18 att
437 718 328 28 Elisenvaara—Kronoborgs
781 718 75 21 banan

104 754 57 21 skall
177 754 97 29 byggas.
298 755 122 21 Dessutom
437 755 46 21 kan
498 755 39 29 jag
553 754 18 29 ej
590 754 119 22 underlåta
725 757 31 18 att
772 761 27 14 ur
812 754 44 20 for-

104 790 52 21 mell
173 790 117 28 synpunkt
310 791 88 27 påpeka
417 793 33 19 att
469 790 128 22 Ständerna
616 790 51 22 icke
685 790 115 28 någonsin
815 789 42 21 fat-

104 828 32 18 tat
155 826 75 21 beslut
251 834 36 13 om
308 826 74 21 denna
399 826 65 26 bana,
481 830 56 18 utan
553 829 97 19 tvärtom
666 834 47 20 nog
729 825 129 29 uppskjutit

104 862 136 27 afgörandet
262 862 34 21 till
319 862 130 21 framtiden.
481 863 66 20 Efter
571 862 38 21 det
633 862 70 21 saken
722 865 76 18 senast
818 868 40 13 var

104 897 74 21 under
195 897 84 26 debatt,
296 898 40 21 har
352 898 51 21 icke
419 905 32 21 ny
468 898 175 28 undersökning
659 897 83 22 utförts
759 897 54 21 eller
825 899 32 19 så-

104 932 60 22 dana
186 941 46 20 nya
257 934 143 28 synpunkter
424 934 95 26 anförts,
545 934 79 21 hvilka
649 933 72 22 skulle
741 933 117 22 förändrat

104 969 179 28 uppfattningen
308 977 35 14 om
364 970 70 21 saken
451 970 56 21 eller
523 970 132 29 grunderna
670 970 35 21 för
720 969 137 22 densamma.

104 1005 52 21 Den
179 1005 170 22 inskränkande
365 1005 177 29 bestämningen
566 1006 7 21 i
593 1006 24 21 L.
639 1005 24 22 O.
683 1008 32 19 att
731 1008 29 26 på
776 1005 83 21 urtima

104 1041 112 28 landtdag
239 1041 153 28 petitionsrätt
408 1042 51 21 icke
478 1042 84 25 finnes,
582 1042 35 21 får
640 1041 73 29 enligt
734 1041 47 21 min
800 1040 58 21 åsikt

103 1076 52 21 icke
179 1080 67 25 göras
271 1077 115 22 illusorisk
410 1077 134 29 derigenom
570 1081 32 18 att
624 1077 118 22 Utskottet
764 1077 96 21 föreslår

104 1116 78 25 någon
206 1113 119 29 obetydlig
348 1113 65 27 bana,
438 1121 49 14 som
515 1114 44 21 kan
585 1121 54 14 vara
665 1114 46 20 lika
737 1114 46 28 god
806 1113 54 21 eller

105 1148 47 22 lika
168 1156 57 21 svag
243 1156 48 14 som
307 1152 81 18 nästan
404 1150 91 21 hvilket
508 1153 68 18 annat
588 1149 134 29 banprojekt
733 1156 48 14 som
793 1149 65 25 helst,

105 1184 83 22 medan
214 1185 119 21 Utskottet
360 1185 119 29 samtidigt
503 1186 51 21 icke
581 1193 66 14 anser
673 1186 35 28 sig
731 1186 79 20 kunna
825 1184 35 22 till

105 1220 121 22 utförande
253 1221 83 21 föreslå
362 1228 40 14 ens
427 1221 28 21 de
477 1222 124 28 järnvägar
625 1221 23 21 af
668 1221 191 25 stambanenatur,

105 1256 79 21 hvilka
201 1256 147 29 Regeringen
363 1256 120 29 föreslagit
501 1258 42 20 och
560 1257 127 21 Ständerna
703 1257 97 28 tidigare
816 1259 43 19 sär-

106 1292 70 21 skildt
192 1292 145 28 petitionerat
356 1299 36 14 om
413 1292 55 21 eller
487 1292 101 22 beslutit.
620 1293 34 28 Ty
669 1292 40 29 jag
724 1293 71 20 håller
811 1292 49 21 före

105 1331 33 17 att
155 1327 74 22 banan
248 1328 35 21 till
302 1328 139 28 Kronoborg
460 1328 52 21 icke
532 1331 24 18 är
575 1331 24 18 så
616 1329 74 28 viktig
706 1331 32 18 att
754 1329 44 20 den
815 1328 45 21 kan

105 1363 61 28 gälla
202 1371 48 14 som
277 1364 49 21 skäl
354 1367 13 18 å
396 1363 142 22 Ständernas
568 1364 49 21 sida
642 1364 36 21 för
705 1363 156 30 upptagandet

106 1399 22 21 af
145 1399 39 21 det
202 1407 47 20 nya
272 1399 125 26 statslänet,
417 1399 18 29 ej
457 1400 74 21 heller
547 1407 65 14 anser
625 1400 40 28 jag
685 1400 74 21 denna
778 1400 82 21 sekun-

106 1435 54 20 dära
177 1435 59 21 bana
252 1443 54 13 vara
327 1435 23 21 af
369 1435 70 22 sådan
459 1436 52 21 vikt
529 1436 36 21 för
585 1436 89 21 landets
687 1435 151 28 järnvägsnät
853 1435 8 21 i

106 1470 52 21 dess
176 1471 78 20 helhet
270 1471 54 21 eller
340 1471 36 21 för
392 1471 173 29 utvidgningen
581 1471 23 21 af
621 1471 61 22 detta
697 1474 46 23 nät,
760 1474 32 19 att
808 1471 53 21 dess

178 1523 185 24 Järnvägsutskottets
376 1524 110 18 betänkande
499 1525 34 17 N:o
547 1526 15 16 1.
