1106 1748
293 138 74 24 Ständ.
384 138 35 24 Sv.
435 151 29 3 —
481 139 61 29 Prop.
559 139 36 22 N:o
610 139 31 22 13.
831 128 14 33 3

174 205 47 32 Lag
241 203 127 34 angående
387 205 129 33 yttrande-,
536 205 171 34 församlings-
727 205 45 28 och

366 253 210 34 föreningsfrihet.

168 325 45 21 Till
230 325 132 27 utveckling
378 325 46 21 och
437 326 126 27 tryggande
579 325 25 22 af
617 325 76 22 finska
710 325 135 28 medborga-

96 368 36 14 res
149 361 119 21 allmänna
284 361 132 27 rättigheter
431 362 82 21 varder
529 361 135 28 härigenom
680 362 53 27 med
744 362 103 27 giltighet

97 397 25 21 af
135 397 113 27 grundlag
264 397 106 28 stadgadt
385 404 51 15 som
452 397 77 28 följer
518 392 15 37 :

169 433 73 21 Finsk
258 433 151 28 medborgare
425 439 52 22 eger
488 434 76 21 ordets
580 434 69 21 frihet
665 436 60 19 samt
739 434 108 27 rättighet

97 472 33 19 att
145 475 85 22 genom
246 470 67 27 tryck
329 470 86 27 utgifva
432 470 67 21 skrift
511 471 55 20 eller
576 470 81 27 bildlig
668 470 178 27 framställning,

98 505 44 22 och
158 505 39 21 må
213 505 19 28 ej
250 505 84 22 hinder
349 505 79 22 härför
443 506 8 21 i
466 506 81 28 förväg
562 507 85 27 läggas.
856 511 2 3 |

169 537 88 27 Finska
269 542 150 28 medborgare
431 548 41 22 ega
483 543 107 27 rättighet
601 545 32 19 att
644 545 55 19 utan
710 542 137 28 föregående

97 578 105 21 tillstånd
219 578 203 22 sammankomma
439 578 36 22 för
491 578 172 28 öfverläggning
679 579 7 21 i
703 579 88 21 allmän
807 585 39 15 an-

97 614 135 27 gelägenhet
248 614 54 21 eller
318 614 7 21 i
342 617 71 19 annat
429 615 72 27 lofligt
517 615 58 27 syfte
592 617 60 19 samt
668 615 63 21 bilda
746 615 100 21 förenin-

98 656 40 21 gar
161 650 35 21 för
220 650 145 28 fullföljande
382 651 24 21 af
420 651 117 25 ändamål,
554 658 50 14 som
622 651 19 27 ej
659 651 71 21 strida
746 653 49 19 mot
811 651 36 27 lag

98 686 55 21 eller
168 686 44 28 god
229 686 47 21 sed.

170 722 147 27 Stadganden
341 723 119 27 angående
484 724 62 20 hvad
566 724 38 20 vid
621 724 67 21 dessa
704 724 144 26 rättigheters

99 758 107 27 utöfning
222 758 114 28 iakttagas
352 759 43 21 bör
410 760 66 20 skola
489 760 121 21 utfärdas
603 754 15 38 i
623 760 44 20 den
679 760 106 27 ordning,
797 766 50 14 som

99 794 71 27 gäller
185 794 36 21 för
237 794 108 22 stiftande
362 794 24 22 af
400 796 88 20 allmän
504 796 43 26 lag.

172 860 113 22 Finlands
302 860 97 22 Ständer
414 861 135 22 framhärda
567 864 40 19 etc.

172 938 144 28 Helsingfors
332 939 45 21 den
393 940 28 20 28
435 939 52 28 juni
505 940 63 21 1906.
