1106 1750
276 146 29 20 44
448 144 78 24 Ständ.
542 144 37 24 Sv.
595 157 29 3 —
641 145 63 27 Prop.
721 144 37 23 N:o
776 144 21 22 Il.

246 208 66 23 slutit
336 210 37 27 sig
395 209 35 23 för
447 210 60 22 visst
522 209 259 29 landtdagsmannaval
798 211 63 20 samt
876 209 8 21 i
900 208 98 22 skriften

246 245 84 22 nämnt
354 244 46 23 den
423 245 56 23 eller
502 245 29 22 de
547 252 118 23 personer,
682 251 37 17 om
736 245 94 22 hvilkas
846 243 109 30 väljande
970 243 29 23 de

247 282 74 25 enats,
346 287 54 16 vare
424 281 75 22 sädan
522 281 220 29 valmansförening
757 279 134 30 berättigad
907 280 34 22 att
957 279 42 23 hos

246 316 148 23 valkretsens
416 317 180 23 centralnämnd
613 317 94 23 anhälla
724 318 34 22 att
774 316 151 29 föreningens
942 315 56 23 kan-

246 351 122 24 didatlista
380 352 180 30 offentliggöres
572 353 44 22 och
626 353 88 22 införes
725 353 8 22 i
745 353 28 22 de
784 351 123 27 valsedlar,
919 351 80 22 hvilka

246 388 64 22 inom
316 388 136 23 valkretsen
461 389 67 22 skola
536 389 40 22 vid
583 388 282 30 landtdagsmannavalet
871 387 127 23 användas.

590 447 26 19 19
633 443 20 29 8.

319 483 80 28 Skrift,
423 484 154 29 hvarigenom
598 485 219 28 valmansförening
839 483 83 26 bildas,
939 482 60 23 skall

248 519 97 29 angifva
358 519 150 30 föreningens
520 521 92 22 hemort
623 521 43 22 och
676 520 122 23 innehålla
809 518 190 30 bemyndigande

247 555 35 22 för
305 556 71 22 minst
396 563 30 16 en
442 556 24 23 af
483 556 151 30 föreningens
652 557 155 22 medlemmar
823 557 35 21 att
873 562 56 16 vara
945 555 54 22 dess

247 592 157 22 ombudsman
418 593 7 21 i
437 592 82 28 saken,
531 592 27 23 så
568 593 44 22 ock
624 600 57 16 vara
692 592 157 30 dagtecknad.
872 591 127 23 Kandidat-

247 627 71 23 listan
335 628 41 22 bör
392 628 86 29 tydligt
495 630 105 27 upptaga
616 636 105 16 namnen
738 630 14 21 å
763 628 29 23 de
804 634 115 23 personer,
931 627 69 29 högst

246 665 36 20 tre
304 663 36 22 till
364 664 95 27 antalet,
480 664 81 23 hvilka
582 664 98 23 föreslås
696 665 36 22 till
747 663 193 29 landtdagsmän,
957 663 42 22 och

247 699 82 23 dessas
345 699 58 29 yrke
420 700 56 23 eller
492 701 76 28 syssla
585 700 44 23 och
647 700 137 30 boningsort
800 702 63 20 samt
878 699 37 23 får
925 699 35 22 för
971 698 28 23 de

246 735 8 22 i
271 739 27 18 22
316 735 43 22 och
375 739 27 19 23
419 736 29 29 88
465 736 105 23 nämnda
586 736 41 23 fall
644 738 104 27 upptaga
765 743 30 16 en
811 735 131 30 suppleant.

319 771 104 23 Skriften
454 772 37 22 får
514 772 44 23 ock
584 772 96 29 angifva
704 772 40 23 det
766 770 233 27 allmänsträfvande,

247 806 90 23 hvilket
364 807 139 30 föreningen
526 814 70 17 anser
618 808 55 23 böra
696 807 165 30 förverkligas,
880 807 55 22 eller
951 807 48 22 viss

246 842 71 28 lösen,
342 849 50 16 som
414 843 130 24 betecknar
559 844 151 29 föreningens
727 844 155 29 uppfattning
897 843 8 22 i
921 843 78 28 någon

247 878 88 23 allmän
350 879 75 29 fråga.

591 913 27 19 20
634 911 21 28 8.

318 950 116 23 Anhållan
452 957 38 16 om
506 951 214 30 offentliggörande
732 951 24 23 af
767 950 232 29 valmansförenings

247 985 171 24 kandidatlista
440 989 67 27 göres
524 987 14 22 å
554 987 151 30 föreningens
722 990 93 26 vägnar
830 986 133 29 skriftligen
976 986 24 22 af

246 1022 212 23 ombudsmannen.
481 1018 47 27 Äro
539 1024 39 21 två
590 1023 56 23 eller
656 1023 56 23 flere
724 1022 159 24 ombudsmän
894 1021 105 27 utsedde,

246 1064 45 22 ega
307 1057 28 23 de
353 1058 57 23 blott
424 1059 158 22 tillsammans
594 1059 117 23 företräda
721 1059 151 28 föreningen;
884 1057 43 24 och
938 1058 61 29 gälle

246 1100 38 16 om
306 1093 89 23 enhvar
416 1094 24 22 af
461 1094 53 23 dem
534 1094 61 23 hvad
613 1094 77 23 nedan
706 1101 38 16 om
762 1094 159 23 ombudsman
937 1096 61 26 sägs.

318 1129 172 30 Ansökningen
500 1130 61 23 skall
572 1130 95 30 åtföljas
678 1130 66 23 såväl
756 1130 26 23 af
792 1130 46 22 den
848 1129 77 27 skrift,
933 1129 66 23 hvar-

246 1165 95 29 igenom
360 1165 248 30 valmansföreningen
628 1166 91 28 bildats,
736 1173 52 16 som
806 1165 24 23 af
847 1164 102 24 särskild
964 1166 35 22 ut-

246 1200 72 23 skrift
339 1201 25 22 af
384 1201 53 23 dess
459 1202 175 23 kandidatlista.
666 1202 9 23 I
692 1202 167 28 ansökningen
876 1201 60 22 skall
952 1207 47 16 om-

246 1236 166 23 budsmannen
433 1237 113 28 försäkra,
572 1239 34 22 att
629 1238 28 23 de
678 1244 119 23 personer,
819 1237 93 22 hvilkas
928 1243 72 16 namn

246 1272 57 29 ingå
326 1273 77 22 såsom
424 1273 173 23 underskrifter
618 1274 14 22 å
652 1273 74 30 sagda
742 1273 79 26 skrift,
839 1272 161 29 egenhändigt

246 1308 173 23 undertecknat
435 1309 139 23 densamma
590 1309 42 23 och
650 1312 38 20 äro
704 1308 196 29 valberättigade,
917 1309 26 22 så
956 1307 44 24 ock

246 1345 36 21 att
306 1343 29 23 de
357 1344 136 30 föreslagna
513 1347 39 20 äro
576 1345 80 29 villiga
680 1347 34 21 att
736 1345 109 28 mottaga
866 1343 134 30 landtdags-

246 1380 205 35 mannauppdrag.

317 1416 21 22 Å
356 1416 165 29 ansökningen
535 1417 61 22 skall
607 1417 78 22 finnas
695 1416 117 23 tecknadt
823 1416 67 23 bevis
902 1415 23 23 af
936 1417 63 21 nota-

246 1451 49 23 rius
323 1451 116 30 publicus,
463 1452 150 30 kronofogde,
638 1453 109 22 länsman
772 1452 57 23 eller
853 1451 147 23 kommunal-
