1095 1745
254 198 14 20 4
448 197 84 23 Ständ.
551 197 38 23 Sv.
605 210 27 3 —
650 198 73 28 Prop.
739 198 42 22 N:o
798 198 21 22 8.

321 265 12 22 I
349 265 45 22 den
409 266 54 21 mån
483 266 45 21 den
551 266 117 22 allmänna
690 266 173 29 gestaltningen
880 265 26 22 af
919 265 89 22 landets

250 299 155 29 järnvägsnät
432 300 128 29 fastslagits.
581 308 85 22 genom
692 301 28 21 de
744 304 63 18 stora
833 300 176 22 stambanornas

254 334 141 29 sträckning,
411 334 47 22 kan
481 334 43 22 och
539 334 42 22 bör
596 334 40 22 vid
651 334 102 30 följande
769 334 183 30 banbyggnader
967 334 43 22 allt

254 375 62 15 mera
337 368 93 29 hänsyn
452 372 65 26 tagas
541 369 37 21 till
601 369 27 21 de
650 372 52 18 rent
724 368 77 22 lokala
823 368 115 22 behofven
957 368 8 21 i
980 368 28 21 de

254 402 137 26 landsdelar,
407 410 48 15 som
471 407 63 17 ännu
550 404 73 21 sakna
634 403 107 29 järnväg.
767 403 123 29 Utgående
905 403 104 21 härifrån

253 436 64 21 finna
332 437 132 21 Ständerna
478 437 41 21 hos
535 437 28 22 de
579 437 117 27 områden,
710 445 48 14 som
770 445 32 14 nu
813 437 55 22 täfla
880 437 51 22 med
942 437 67 22 hvar-

254 470 78 26 andra,
356 478 28 15 en
400 472 116 28 väsentlig
531 471 50 27 och,
597 472 8 21 i
621 471 66 30 fråga
702 479 36 14 om
752 471 256 30 järnvägsbyggnader,

254 505 127 28 afgörande
397 505 94 22 olikhet.
522 506 85 22 Medan
623 507 104 21 området
742 506 85 21 mellan
844 506 106 21 Suolahti
966 505 42 22 och

253 539 143 29 Suonenjoki
412 540 8 21 i
436 541 49 21 sina
509 541 84 21 talrika
615 541 139 28 vattendrag
778 548 53 21 eger
847 541 35 20 för
898 540 44 21 den
957 540 50 21 inre

253 573 97 22 trafiken
366 575 117 28 naturliga
499 575 139 28 hjälpmedel
654 575 26 22 af
693 575 83 29 högsta
787 575 118 28 betydelse
917 574 42 22 och
972 574 36 22 för

253 607 72 30 öfrigt
340 609 8 20 i
363 608 108 23 afsevärd
493 610 58 28 grad
574 613 25 18 är
622 609 107 29 indraget
748 609 63 22 inom
827 609 71 21 redan
914 608 94 29 byggda

254 642 83 22 banors
353 643 197 29 verkningskrets,
566 644 84 21 saknar
666 644 40 21 det
721 643 143 22 vidsträckta
874 643 134 22 nordfinska

253 677 104 22 området
379 677 66 22 dessa
469 678 122 21 förmåner.
622 678 49 21 Här
693 682 83 25 utgöra
798 678 7 21 i
824 678 43 21 allt
882 678 126 28 väsentligt

254 711 171 29 landsvägarna
436 712 28 21 de
474 713 59 21 enda
544 713 314 22 kommunikationslederna.
882 713 37 20 Då
929 712 79 21 vidare

252 745 46 21 den
314 746 156 29 trafikmängd
493 747 66 21 dessa
582 751 72 25 vägar
668 747 66 21 skola
749 749 110 27 upptaga,
875 747 73 21 under
963 747 44 21 den

253 780 137 28 fortgående
406 781 177 29 utvecklingens
598 782 55 28 lopp
669 782 25 21 så
710 782 103 28 tilltagit,
825 784 35 18 att
870 782 61 20 vissa
941 781 67 29 linjer

253 815 51 21 icke
326 822 62 15 mera
412 816 30 28 på
464 819 33 19 ett
512 816 214 22 tillfredsställande
741 819 47 19 sätt
803 816 44 21 och
862 818 56 19 utan
935 816 73 21 öfver-

252 848 87 22 höfvan
363 849 75 28 dryga
462 850 259 22 underhållskostnader
746 851 79 21 kunna
851 850 93 29 betjäna
969 850 39 21 det

251 884 137 28 ytterligare
403 885 106 20 växande
525 885 115 26 behofvet,
657 893 67 20 synes
740 885 40 21 vid
791 884 183 22 bestämmandet
985 884 26 22 af

254 917 44 22 den
314 918 107 29 ordning,
436 919 8 20 i
460 919 94 21 hvilken
570 919 143 22 förbättrade
736 919 162 22 förhållanden
922 919 86 22 medels

253 952 183 29 banbyggnader
454 953 55 22 böra
524 953 176 26 åstadkommas,
717 953 127 22 företrädet
859 953 64 22 såväl
946 953 61 29 prin-

253 987 89 28 cipiellt
357 995 49 14 som
423 988 115 28 praktiskt
551 988 54 21 böra
621 988 76 29 gifvas
713 989 24 20 åt
753 991 32 18 ett
797 988 99 27 område,
908 995 47 14 som
967 988 41 21 har

252 1021 28 21 de
296 1024 71 19 större
388 1022 174 28 svårigheterna
585 1025 35 18 att
640 1023 120 28 bekämpa,
784 1023 55 20 eller
857 1023 68 20 alltså
940 1023 24 21 åt
979 1022 29 22 de

252 1055 94 26 trakter,
363 1063 48 14 som
434 1063 33 14 nu
489 1056 203 29 hufvudsakligast
714 1057 42 21 och
773 1059 82 19 nästan
871 1057 81 21 enbart
968 1061 39 17 äro

252 1089 127 22 hänvisade
404 1091 36 20 till
466 1091 229 28 landsvägstrafiken.
736 1091 87 22 Härtill
848 1091 103 21 kommer
973 1094 35 19 att

252 1124 64 21 såväl
346 1125 25 20 af
392 1125 44 21 den
466 1125 125 29 utredning
611 1125 216 29 järnvägskomitön
853 1125 26 22 af
901 1126 26 21 är
952 1127 55 20 1897

252 1158 117 29 framlagt,
387 1166 47 14 som
452 1159 41 22 ock
509 1159 26 22 af
549 1163 70 18 annat
642 1160 146 29 tillgängligt
812 1159 194 29 undersöknings-

252 1193 104 21 materia]
379 1193 102 29 framgär
499 1197 35 18 att
556 1202 27 13 en
602 1194 35 21 till
654 1194 63 21 detta
736 1194 93 21 omräde
845 1194 86 28 dragen
944 1194 63 29 järn-

252 1227 113 28 vägslinje
388 1227 236 22 Kemi-Rovaniemi
647 1229 91 21 komme
762 1231 35 18 att
816 1227 65 29 gifva
897 1235 28 14 en
940 1229 68 21 säker

252 1261 241 28 exploatationsvinst.

319 1295 46 21 Det
389 1297 92 20 omräde
503 1304 28 14 en
547 1297 72 21 sädan
634 1297 60 21 bana
709 1297 92 21 komme
818 1299 35 19 att
867 1297 98 28 betjäna,
982 1301 25 17 är

251 1328 169 23 vidsträcktare
436 1334 29 17 än
481 1331 72 28 nägot
575 1333 72 19 annat
662 1332 26 20 af
701 1331 27 21 de
744 1338 33 14 nu
792 1331 8 21 i
815 1330 68 30 fräga
897 1331 109 26 varande,

251 1371 53 14 men
325 1364 77 22 tillika
427 1365 26 21 af
472 1365 44 21 den
538 1368 42 24 art,
596 1368 34 18 att
646 1366 31 20 all
693 1366 52 21 dess
761 1365 69 22 trafik
846 1366 37 20 till
899 1365 42 22 och
956 1366 51 21 frän

250 1398 41 20 det
313 1398 76 28 öfriga
411 1399 78 21 landet
511 1400 73 20 mäste
607 1400 83 20 samlas
709 1400 29 29 pä
755 1400 44 21 den
815 1400 60 20 enda
891 1403 51 24 väg,
957 1407 49 14 som

250 1431 69 28 följer
342 1432 70 22 Kemi
436 1433 34 21 älf
490 1433 51 22 frän
557 1433 138 22 Rovaniemi
711 1434 37 21 till
764 1433 51 22 dess
831 1433 81 30 utlopp
928 1434 8 21 i
951 1434 57 21 Bot-

251 1465 127 23 tenhafvet.
412 1467 137 22 Rovaniemi
575 1471 25 18 är
625 1468 154 21 centralorten
806 1468 36 21 för
864 1467 143 26 landsdelen,

250 1501 171 29 uppsamlings-
444 1502 43 21 och
510 1502 222 29 distributionsplats
757 1502 65 21 säväl
837 1502 36 22 för
889 1502 51 21 dess
956 1510 50 21 per-
