1098 1745
242 142 25 18 36
506 145 22 19 U.
542 145 21 18 B.
577 145 60 24 Prop.
649 144 38 20 N:o
702 146 28 18 10.

854 406 139 26 Öfversättning

267 467 44 22 Till
326 468 67 22 Hans
409 469 111 21 Exellens
538 469 245 28 Generalguvernören
800 469 68 28 öfver
882 469 107 22 Finland.

740 571 92 20 Ansökan,
858 570 92 18 inlämnad
975 570 18 17 af

668 601 110 18 fabrikanter
790 601 33 17 och
834 601 108 20 handlande,
952 605 40 12 som

668 631 42 18 idka
729 631 66 18 handel
815 631 41 17 med
870 630 121 18 manufaktur-

667 661 36 18 och
715 661 145 23 galanterivaror.

310 726 30 22 På
362 727 76 28 grund
462 727 21 22 af
504 728 56 21 1734
577 727 35 22 års
629 727 37 28 lag
681 729 24 20 är
720 727 38 22 det
775 727 65 28 ryska
856 726 135 23 kramhand-

237 761 66 23 lande
327 762 43 22 och
397 762 152 22 öfverhufvud
569 762 89 28 enhvar,
678 770 51 15 som
748 762 48 22 icke
812 764 24 20 är
851 762 60 22 finsk
928 762 61 22 med-

236 797 103 29 borgare,
354 798 115 28 förbjudet
484 799 31 21 att
526 798 51 22 idka
589 798 80 22 handel
682 799 5 21 i
700 798 102 28 Finland;
814 798 54 22 efter
880 798 107 22 Finlands

235 833 107 29 förening
358 834 51 22 med
432 834 111 28 Ryssland
561 834 58 22 hade
635 834 61 22 detta
712 834 85 29 lagrum
815 834 47 22 icke
878 834 52 22 bort
947 840 43 22 ega

235 869 142 28 tillämpning
397 870 6 21 i
427 870 108 21 afseende
555 870 13 21 å
592 876 80 22 ryssar,
689 872 53 20 enär
757 870 73 21 finnar
846 870 44 21 och
913 875 76 23 ryssar

236 904 71 23 blifvit
323 905 134 22 undersåtar
472 905 5 22 i
495 912 27 15 en
539 905 44 22 och
596 912 86 15 samma
694 907 52 26 stat;
758 905 121 22 emellertid
891 905 98 28 tillämpa

235 940 30 22 de
281 941 73 22 finska
371 941 187 29 myndigheterna
571 941 13 22 å
595 941 66 29 ryska
672 941 129 28 infödingar
812 941 177 26 bestämmelser,

235 983 52 15 som
312 978 50 21 röra
383 977 147 28 utländingar,
547 977 44 22 och
608 977 69 22 beifra
694 977 171 22 öfverträdelser
880 976 22 22 af
919 976 69 22 dessa

235 1012 78 28 påbud
336 1013 88 28 mycket
445 1014 114 27 strängare
577 1014 29 21 än
626 1013 5 21 i
648 1013 37 28 lag
703 1015 23 20 är
743 1012 111 29 stadgadt.
886 1012 102 29 Skyldig-

235 1047 67 23 heten
318 1049 31 21 att
365 1049 58 22 tillse
438 1050 30 21 att
484 1048 179 29 gärdfarihandel
675 1049 48 22 icke
733 1048 158 27 förekommer,
902 1047 86 28 åligger

234 1083 30 28 på
287 1083 75 22 landet
386 1084 177 23 kronolänsman
585 1084 44 22 och
650 1085 5 21 i
673 1084 50 23 stad
740 1083 136 28 stadsfiskal,
893 1083 92 22 hvarvid

233 1119 70 22 dessa
327 1119 134 28 tjänstemän
483 1120 36 22 för
542 1121 37 21 sitt
600 1120 81 22 besvär
701 1120 103 28 uppbära
820 1126 27 15 en
865 1119 70 29 tredje
951 1119 36 22 del

232 1155 23 22 af
275 1155 36 22 det
331 1155 91 29 belopp,
440 1163 50 15 som
507 1156 81 22 influtit
603 1156 38 22 vid
657 1156 29 22 de
703 1155 159 23 konfiskerade
878 1161 108 16 varornas

232 1191 135 29 försäljning
391 1192 12 22 å
424 1192 97 22 auktion.
555 1192 50 22 Den
624 1192 96 22 anförda
739 1192 66 28 lagen
821 1198 40 22 ger
877 1191 110 26 länsmän,

231 1227 92 22 fiskaler
338 1227 44 22 och
400 1227 69 22 andra
485 1228 133 28 tjenstemän
638 1228 81 22 tillfälle
734 1229 32 20 att
783 1227 77 22 utöfva
872 1227 38 22 allt
922 1226 61 29 slags

231 1263 53 22 våld
301 1263 44 22 och
362 1263 48 22 visa
428 1264 34 21 sin
479 1263 68 29 djupa
564 1263 108 29 afvoghet
689 1265 47 21 mot
753 1269 81 22 ryssar,
848 1262 83 22 hvilket
943 1262 43 21 kan

232 1299 88 27 styrkas
342 1299 52 21 med
416 1305 28 15 en
466 1299 84 28 mängd
566 1299 59 22 fakta
642 1299 60 22 såväl
719 1299 49 21 från
786 1298 92 28 tidigare
894 1298 24 21 år
934 1304 52 15 som

231 1333 66 23 äfven
318 1334 48 22 från
389 1334 138 23 närvarande
549 1335 37 21 tid.
618 1334 78 23 Under
715 1334 94 28 tidigare
825 1334 29 26 år,
871 1334 29 21 då
916 1333 70 28 några

229 1369 118 29 jernvägar
369 1372 62 20 ännu
456 1370 47 22 icke
524 1370 88 28 anlagts
637 1370 4 22 i
665 1370 100 27 Finland,
789 1369 135 29 begagnade
949 1369 36 27 sig

230 1405 150 22 länsmännen
397 1406 22 21 af
431 1406 131 28 rättigheten
573 1407 30 20 att
614 1406 101 28 fråntaga
726 1404 258 30 gårdfarihandlandena

230 1439 67 24 deras
313 1447 66 16 varor
396 1441 44 22 och
458 1441 158 22 konfiskerade
632 1441 47 22 ofta
695 1441 73 22 under
782 1441 75 22 denna
867 1439 120 23 förevänd-
