1098 1745
253 126 11 18 4
516 128 22 18 U.
552 128 22 18 B.
587 128 59 23 Prop.
659 128 37 18 N:o
711 128 28 18 10.

253 192 38 23 har
299 193 111 23 föranledt
422 194 2 22 i
434 201 87 15 samma
530 195 101 21 moment
642 194 125 28 utbytande
777 193 22 22 af
809 193 65 23 ordet
887 200 112 22 »uppger»

253 228 28 23 till
300 230 145 28 »uppgifvit«,
467 230 121 28 hvarjämte
612 236 28 16 en
664 230 87 22 mindre
767 229 89 23 rättelse
872 230 5 21 i
895 229 107 29 språkligt

252 264 108 24 afseende
375 265 106 29 vidtagits
497 266 6 22 i
520 266 45 22 den
581 265 75 23 finska
671 266 82 22 texten.

324 301 114 23 Utskottet
459 302 40 22 har
525 302 95 22 sålunda
646 303 52 21 äran
724 300 84 24 föreslå
833 301 168 29 godkännande

252 336 22 23 af
289 337 68 22 andra
374 339 123 21 momentet
513 338 5 21 i
535 337 100 29 följande
651 337 94 29 lydelse:

465 404 75 22 Innan
570 404 139 28 förpassning
735 403 32 23 till
792 404 92 22 sökande
903 402 97 30 utgifves,

394 440 53 21 skall
467 439 44 22 han
531 439 78 29 (utesl.)
630 439 34 22 till
684 439 165 22 landtränteriet
869 439 91 22 inbetala
975 447 26 14 en

395 475 28 28 af
438 476 137 22 Guvernören
597 475 92 22 bestämd
707 474 113 29 årsafgift,
837 475 66 22 minst
918 475 31 22 25
965 474 36 23 och

394 511 59 30 högst
469 512 46 21 100
534 512 67 21 mark.
632 511 45 23 För
692 512 92 21 inkomst
799 516 24 22 aj
838 511 68 22 sådan
921 511 80 28 näring

393 547 52 22 skall
461 547 205 29 gårdfarihandlare
680 547 85 30 erlägga
781 547 178 22 kommunalskatt
969 547 32 22 till

394 584 38 21 den
456 583 108 28 kommun,
586 583 84 22 hvarest
686 583 44 22 han
745 583 42 22 har
802 583 37 22 sitt
854 583 24 22 bo
894 582 37 23 och
946 583 53 22 hem-

393 619 46 28 vist,
460 619 53 28 eller,
537 619 71 22 därest
623 619 44 22 han
682 620 76 21 sådant
773 619 44 22 icke
833 625 48 22 eger
896 619 9 21 i
921 618 78 27 landet,

393 655 32 22 till
433 656 106 27 kommun,
558 655 83 22 hvilken
657 655 45 22 han
719 654 109 30 uppgifvit
842 662 44 15 som
901 655 35 22 sin
951 653 48 28 huf-

393 691 125 29 vudsakliga
534 691 146 28 wppehållsort.

323 768 5 22 I
345 768 239 23 öfverensstämmelse
608 768 51 22 med
683 768 156 28 Ridderskapet
862 768 36 22 och
922 768 77 22 Adelns

251 805 57 22 samt
331 805 190 29 Borgareständets
544 804 75 23 beslut
643 804 44 23 och
712 804 51 22 med
785 804 89 28 hänsyn
903 804 30 22 till
954 804 43 22 den

249 840 129 29 föreslagna
398 840 135 22 förändrade
553 840 101 29 lydelsen
670 840 22 22 af
708 847 69 16 mom.
795 841 8 21 1
823 840 5 22 i
845 839 154 29 författnings-

249 875 108 29 förslaget
380 883 67 15 anser
470 876 120 27 Utskottet,
614 877 30 21 att
668 876 65 28 tredje
755 877 111 21 momentet
889 875 48 22 icke
955 875 42 22 kan

249 911 124 23 bibehällas
389 911 44 23 och
450 911 33 23 fär
499 911 75 23 därför
588 911 92 23 föreslä:

463 985 31 20 att
516 983 88 22 Präste-
625 984 36 22 och
682 983 166 22 Bondeständen
864 983 65 22 måtte
944 990 53 15 sam-

391 1019 62 28 tycka
474 1019 37 27 till,
533 1021 31 20 att
583 1020 79 21 nämda
678 1021 92 20 moment
794 1026 27 15 ur
844 1018 153 28 författnings-

391 1054 100 29 förslaget
507 1055 103 22 uteslutes.

319 1125 79 29 Fjerde
420 1127 111 21 momentet
552 1126 5 21 i
579 1126 37 22 det
635 1126 22 22 af
678 1126 115 22 Utskottet
813 1125 122 23 förordade
953 1126 44 22 för-

246 1160 220 30 fattningsförslaget
482 1161 39 22 har
536 1161 22 22 af
574 1162 153 27 Ridderskapet
743 1161 36 23 och
794 1161 69 22 Adeln
882 1161 115 29 godkänts

246 1197 6 21 i
274 1196 67 29 öfrigt
362 1198 63 21 utom
447 1197 5 22 i
473 1197 109 22 afseende
597 1197 13 22 ä
626 1197 66 28 tiden,
716 1197 29 22 dä
761 1197 150 29 förpassning
926 1197 71 23 borde

245 1231 37 23 för
292 1232 194 29 polismyndighet
503 1233 115 28 uppvisas,
635 1233 140 22 beträffande
791 1233 89 22 hvilken
897 1235 99 20 omstän-

246 1267 78 29 dighet
341 1268 90 23 ständet
447 1269 80 27 beslöt,
546 1270 30 21 att
592 1268 148 29 förpassning
757 1269 54 22 skall
828 1269 84 22 företes
929 1269 68 28 polis-

246 1303 133 29 myndighet
405 1304 6 21 i
437 1304 44 22 den
508 1304 109 22 kommun
643 1304 221 29 gärdfarihandlaren
894 1305 102 27 besöker,

245 1338 132 23 oberoende
398 1339 22 23 af
440 1346 38 16 om
500 1340 60 22 detta
581 1340 50 22 sker
647 1340 67 22 innan
732 1340 45 22 han
794 1340 74 28 börjar
884 1340 35 22 sin
935 1340 61 22 värk-

246 1374 88 22 samhet
343 1375 51 22 eller
406 1382 84 21 senare,
502 1375 43 23 och
555 1376 71 22 borde
643 1376 5 21 i
665 1376 179 28 förpassningen
860 1375 137 29 anteckning

245 1415 39 16 om
296 1411 139 27 uppteendet
448 1411 22 22 af
476 1411 171 22 vederbörande
656 1412 138 22 värkställas.
817 1412 180 28 Borgareständet
