1103 1745
355 137 23 23 U.
396 137 23 23 B.
435 150 29 3 —
481 137 63 29 Prop.
562 137 37 23 N:o
616 137 20 22 II.
813 140 27 19 71

119 202 82 23 ställas
216 203 8 22 i
241 202 102 29 skriftlig
359 202 134 29 affattning.
520 202 87 23 Senare
618 209 56 16 vare
684 202 186 29 landtdagsman

118 238 53 22 icke
189 238 84 23 tillåtet
289 239 34 21 att
339 238 76 23 väcka
431 239 88 22 motion
535 238 56 23 eller
607 238 207 29 petitionsförslag,
835 238 35 23 sä-

119 273 73 23 framt
211 273 53 24 icke
284 273 85 23 sädant
389 273 199 30 omedelbarligen
609 273 133 24 föranledes
759 273 25 23 af
799 274 73 29 nägot

119 309 24 23 af
163 309 145 29 landtdagen
328 309 73 23 redan
421 309 89 23 fattadt
529 309 79 23 beslut
628 309 56 23 eller
700 316 80 17 annan
796 309 75 23 under

119 345 145 29 landtdagen
279 345 113 23 inträffad
407 345 119 23 händelse.

191 381 86 23 Motion
298 381 60 23 skall
378 381 121 23 innehälla
514 382 8 22 i
538 381 100 30 lagform
656 381 112 23 affattadt
783 381 89 29 förslag

118 416 43 23 och
184 417 41 22 bör
243 417 91 29 jämväl
357 417 96 29 angifva
475 417 29 23 de
525 418 59 26 skäl,
608 417 31 29 pä
659 417 81 22 hvilka
759 417 113 29 förslaget

118 452 112 29 grundas.

190 489 26 29 Ej
241 489 38 22 mä
301 489 104 22 ärenden
427 489 23 22 af
471 489 63 22 olika
550 488 167 23 beskaffenhet
732 489 8 22 i
757 495 29 16 en
802 488 70 23 skrift

119 524 179 23 sammanföras.

464 576 27 19 81
508 573 21 29 8.

191 609 78 28 Äskar
287 614 113 30 Kejsaren
417 614 42 23 och
477 615 145 22 Storfursten
638 614 159 29 landtdagens
813 613 58 24 utlä-

121 650 72 23 tande
215 651 7 22 i
245 653 76 24 ämne,
344 651 97 22 hvarom
462 650 115 30 Kejsaren
598 650 43 23 och
662 650 145 23 Storfursten
824 650 47 23 kan

120 687 58 21 utan
195 686 54 23 dess
261 686 143 23 medverkan
414 686 116 28 förordna,
542 686 61 23 skall
614 685 144 30 landtdagen
770 686 7 22 i
788 685 84 23 sädant

123 721 110 24 afseende
254 722 135 29 handlägga
411 722 75 23 saken
506 722 42 23 och
570 722 121 23 utlätande
707 721 51 24 däri
774 721 97 30 afgifva.

464 791 29 20 32
509 789 21 28 8.

191 841 49 23 Vill
270 841 183 30 landtdagsman
486 842 34 23 till
552 842 100 23 medlem
684 841 24 23 af
740 843 100 21 senaten
864 842 8 21 i

119 877 176 29 angelägenhet
320 877 103 23 hörande
448 878 36 22 till
505 878 59 22 hans
592 877 186 23 ämbetsomräde
804 876 68 23 ställa

120 913 114 29 spörsmål
264 913 35 23 för
334 915 35 21 att
399 913 79 23 såsom
510 913 103 23 särskild
643 913 68 29 fråga
742 914 7 22 i
776 913 96 30 plenum

120 950 126 28 upptagas,
275 949 104 23 aflämne
409 949 134 23 detsamma
568 949 36 23 till
628 949 138 23 talmannen
792 948 80 23 skrift-

119 985 65 28 ligen
212 985 112 22 affattadt
350 985 43 23 och
419 985 24 23 af
470 985 120 23 bestämdt
605 985 111 22 innehåll.
748 985 65 22 Efter
833 984 40 23 det

119 1020 85 30 frägan
228 1021 64 29 legat
316 1021 30 29 pä
366 1021 81 23 bordet
466 1021 36 23 till
518 1023 34 20 ett
568 1021 103 29 följande
688 1021 184 27 sammanträde,

121 1057 90 22 beslute
244 1057 144 29 landtdagen
422 1058 59 22 utan
514 1057 142 29 föregående
685 1057 187 28 öfverläggning,

121 1092 118 23 huruvida
261 1093 139 29 spörsmälet
416 1093 39 22 mä
471 1093 146 22 framställas
634 1093 55 22 eller
704 1093 60 22 icke.
792 1092 9 23 I
816 1092 56 23 hän-

120 1128 64 23 delse
203 1128 23 23 af
245 1128 66 23 bifall
331 1128 120 23 meddelas
472 1129 141 29 spörsmälet
630 1135 84 22 genom
734 1128 139 23 talmannen

119 1163 175 24 vederbörande
310 1164 190 27 senatsmedlem,
518 1165 102 26 hvilken,
636 1164 51 23 ifall
702 1164 48 23 han
766 1165 21 28 ej
806 1170 68 16 anser

119 1200 38 29 sig
180 1199 56 23 böra
257 1199 80 30 afböja
352 1200 164 28 besvarandet,
532 1200 55 23 med
603 1200 137 23 talmannen
756 1199 116 23 öfverens-

121 1235 107 23 kommer
245 1242 37 16 om
299 1235 64 23 tiden
379 1236 35 23 för
429 1235 98 30 frägans
545 1235 150 24 besvarande.

466 1299 29 19 33
512 1296 20 28 &.

193 1342 43 24 Om
268 1342 158 31 landtdagens
454 1342 146 30 befogenhet
623 1344 35 22 att
683 1342 81 30 pröfva
791 1342 83 29 laglig-

121 1378 70 23 heten
216 1379 25 22 af
262 1379 274 29 styrelseledamöternes
557 1378 204 30 ämbetsätgärder
776 1377 43 24 och
836 1384 38 16 om

121 1414 212 29 handläggningen
367 1415 24 22 af
421 1414 91 23 sädana
541 1414 102 23 ärenden
669 1414 97 29 stadgas
794 1415 8 21 i
826 1415 48 21 sär-

121 1450 62 22 skild
199 1450 46 29 lag.
