1098 1745
257 164 28 20 60
449 162 30 23 U.
496 163 27 21 B.
541 175 28 3 —
586 163 72 28 Prop.
675 162 40 23 N:o
732 163 21 21 8.

583 264 40 21 IV.

297 335 60 22 Ense
374 336 51 21 med
436 336 131 22 Utskottets
580 335 113 30 majoritet
704 335 138 22 därutinnan
852 338 33 19 att
896 335 80 22 Karel-

226 371 41 21 ska
289 371 86 22 banans
394 372 149 28 fortsättning
560 371 57 22 skall
634 372 109 29 begynna
757 371 41 22 vid
814 371 106 26 Värtsilä,
932 371 45 22 kan

222 407 42 29 jag
287 407 19 29 ej
330 408 80 21 förena
434 408 48 28 mig
503 408 78 22 därom
598 411 33 19 att
647 408 44 22 den
707 408 74 22 skulle
798 408 82 28 dragas
896 408 81 21 endast

225 442 35 22 till
276 443 125 26 Hiiskoski,
417 447 56 18 utan
489 446 24 19 är
527 443 41 29 jag
584 443 23 22 af
624 444 45 21 den
685 443 59 22 åsikt
759 446 33 19 att
808 443 83 22 Lieksa
908 443 69 22 borde

225 478 136 23 bestämmas
384 479 36 22 till
443 479 54 22 dess
521 479 127 29 slutpunkt.
679 479 12 22 I
707 479 155 22 betänkandet
878 479 99 22 förutses

225 514 136 29 visserligen
384 518 33 19 att
439 515 77 22 denna
538 515 151 30 fortsättning
712 515 8 22 i
744 523 29 14 en
791 515 93 21 framtid
902 515 75 21 blefve

225 550 85 29 möjlig,
335 558 51 14 men
411 559 66 14 anser
495 551 40 29 jag
551 551 147 29 berättigadt,
714 554 33 19 att
763 551 70 21 äfven
849 551 45 21 den
910 551 66 21 nord-

225 586 82 29 ligaste
323 587 67 22 delen
406 587 23 22 af
445 587 39 22 det
499 587 113 22 Karelska
628 587 102 22 området
746 586 118 29 samtidigt
875 594 47 14 som
933 587 43 22 Ilo-

224 623 165 21 mantstrakten
411 623 64 29 finge
493 623 38 22 sitt
547 623 131 29 rättmätiga
693 623 52 22 kraf
760 625 29 27 pä
802 623 123 28 järnvägar
946 625 30 19 ät-

224 657 115 23 minstone
355 659 74 22 delvis
444 659 176 22 tillfredsstäldt.

296 694 79 29 Enligt
399 695 62 22 detta
483 695 88 29 förslag
595 695 90 22 komme
708 695 75 22 banan
807 697 33 19 att
860 695 40 21 vid
916 695 60 20 Hiis-

224 730 66 21 koski
302 730 95 29 öfvergä
407 731 124 28 Koitajoki,
543 731 50 28 och,
605 731 100 29 följande
717 731 166 28 elfvens'norra
891 730 86 26 strand,

223 768 31 26 gå
269 766 34 21 till
319 766 86 22 Pamilo
423 767 43 21 och
482 767 101 21 därifrån
599 767 67 28 längs
682 770 61 19 östra
754 766 109 22 stranden
874 766 23 21 af
907 766 70 22 Pielis

224 801 32 22 elf
278 802 34 21 till
337 802 140 29 Uimaharju,
501 803 119 21 hvarifrån
643 803 45 22 den
712 803 75 21 skulle
809 802 117 22 fortsättas
941 801 36 22 till

223 837 84 22 Lieksa
330 838 72 29 enligt
426 839 44 21 den
494 839 8 20 i
526 839 45 21 den
594 839 85 28 nädiga
694 838 173 29 propositionen
883 838 95 28 angifna

222 873 73 29 linjen
314 873 53 22 från
386 874 105 22 Joensuu
507 874 34 22 till
556 874 106 22 Nurmes.
693 874 80 22 Banan
789 874 90 21 komme
895 873 81 22 härvid

224 911 33 19 att
279 909 80 22 beröra
383 910 44 21 alla
441 910 130 29 Koitajokis
588 913 61 19 stora
664 911 74 21 forsar
753 910 53 21 med
823 917 28 14 en
867 917 109 14 samman-

222 945 55 28 lagd
301 945 61 22 kraft
382 946 171 29 öfverstigande
570 949 80 24 20,000
667 946 144 23 hästkrafter.
843 946 32 21 På
893 949 24 18 sä
933 949 44 18 sätt

223 981 90 21 komme
335 981 45 22 den
402 982 43 21 ock
467 985 33 18 att
522 982 8 21 i
554 983 72 28 högre
648 983 57 28 grad
728 981 108 23 befordra
852 981 66 22 dessa
931 981 45 22 for-

222 1024 49 14 sars
296 1017 107 22 framtida
425 1018 148 29 användning
591 1018 7 21 i
614 1018 128 22 industrins
758 1017 71 29 tjänst
845 1020 58 19 samt
918 1017 58 22 häri-

222 1059 83 22 genom
328 1053 150 29 komplettera
501 1054 42 21 och
570 1054 76 21 stärka
669 1054 45 21 den
737 1054 24 21 af
784 1053 119 22 Utskottet
917 1053 58 22 före-

222 1088 80 29 slagna
315 1084 108 39 Värtsilä
432 1084 129 39 -Hiiskoski
573 1089 82 22 banan.
673 1089 129 30 Pielisjärvi
808 1089 91 26 socken,
907 1089 69 22 hvars

222 1123 108 30 kyrkoby
354 1125 83 22 Lieksa
461 1125 76 22 blefve
561 1125 87 22 banans
672 1125 128 29 slutpunkt,
825 1125 42 21 hör
886 1125 34 22 till
937 1125 38 21 det

221 1159 142 30 nordligaste
387 1161 112 22 Karelens
522 1161 156 28 förmögnaste
702 1161 42 22 och
765 1161 52 21 med
834 1161 92 21 hänsikt
941 1161 34 21 till

221 1195 182 23 handelsrörelse
413 1196 140 29 lifaktigasto
564 1197 134 22 kommuner
709 1197 43 22 och
764 1197 41 21 har
816 1199 32 19 ett
859 1197 117 21 afsevärdt

221 1231 83 28 utbyte
327 1232 52 21 med
403 1233 29 20 de
448 1233 171 28 rysk-karelska
635 1233 127 22 socknarna
778 1235 29 26 pä
823 1232 71 21 andra
910 1232 65 22 sidan

222 1274 37 14 om
283 1267 154 29 riksgränsen.
469 1268 85 21 Vidare
577 1271 36 19 mä
636 1269 100 28 päpekas
757 1271 34 20 att
806 1268 169 21 Pankakoski
962 1263 17 39 i

221 1303 112 21 närheten
359 1303 24 21 af
407 1303 84 22 Lieksa
516 1304 110 28 liggande
652 1304 58 21 bruk
737 1304 53 21 med
815 1307 32 17 ett
863 1303 112 29 träsliperi

220 1338 90 22 komme
327 1341 31 19 att
374 1338 37 23 för
426 1339 113 22 utförseln
555 1339 23 22 af
594 1339 50 22 sina
659 1339 178 29 tillverkningar
848 1338 34 23 till
893 1342 82 19 största

220 1373 68 22 delen
304 1374 70 22 anlita
387 1375 135 28 järnvägen.

291 1409 80 22 Banan
395 1411 89 21 komme
508 1411 96 22 sälunda
627 1411 86 29 dragen
735 1414 33 19 att
791 1411 24 21 fä
831 1418 28 14 en
875 1411 100 28 naturlig

219 1445 128 29 slutpunkt,
377 1447 43 21 och
451 1447 79 26 skulle,
565 1447 118 29 samtidigt
717 1454 50 15 som
799 1447 45 21 den
875 1446 100 22 tillförde

218 1476 122 36 Värtsilä
355 1481 114 23 Hiiskoski
499 1483 75 21 banan
603 1486 32 18 ett
663 1483 118 22 afsevärdt
809 1482 166 26 frakttillskott,

292 1529 187 24 Järnvägsutskottets
491 1530 108 18 betänkande
612 1530 34 18 N:o
659 1532 15 16 1.
