1103 1739
337 139 30 23 U.
383 140 27 21 B.
427 152 28 2 —
471 140 72 28 Prop.
560 139 41 23 N:o
617 140 21 21 8.
808 142 25 20 19

113 204 102 26 hvilken,
232 204 70 29 jämte
324 204 38 22 det
389 204 45 22 den
460 205 148 29 genomlöper
631 205 113 21 områdets
760 205 51 21 bäst
826 204 38 22 be-

113 240 92 21 folkade
224 240 44 26 del,
287 240 73 22 tillika
379 248 55 14 vore
453 240 76 29 egnad
549 243 32 19 att
600 240 129 22 underlätta
750 243 33 19 ett
798 240 67 22 fram-

114 275 47 22 tida
179 276 147 28 utnyttjande
346 276 22 21 af
387 276 114 22 forsarnas
521 276 8 22 i
548 276 66 22 dessa
630 276 72 22 elfvar
718 276 145 22 vattenkraft.

114 311 46 22 För
187 314 33 19 att
245 311 62 22 inom
336 312 86 21 banans
449 312 162 22 trafikområde
637 312 97 28 indraga
757 312 62 22 delar
842 312 23 20 af

114 347 109 22 Tlomants
242 348 108 21 kommun
371 348 43 21 och
434 348 73 21 tillika
525 348 50 21 föra
591 348 76 21 banan
682 351 103 18 närmare
801 348 64 21 Viik-

115 383 100 21 sinselkä
238 384 43 21 och
304 383 136 29 Nuorajärvi
463 384 142 21 vidsträckta
628 386 172 26 vattensystem,
824 384 41 20 har

115 419 62 21 inom
201 419 117 22 Utskottet
339 419 95 22 framom
457 420 75 21 denna
551 419 56 29 linje
624 420 85 28 jämväl
732 420 65 21 stälts
820 419 45 21 den

115 455 129 21 alternativt
270 455 130 29 föreslagna
424 455 161 29 sträckningen
611 458 97 19 österom
734 455 69 22 Pielis
827 455 38 26 elf,

115 490 106 22 afbruten
239 491 126 21 tillsvidare
385 491 8 21 i
412 492 110 21 närheten
543 492 23 21 af
580 491 87 22 Pamilo
683 492 55 26 fors,
755 492 41 21 där
810 491 55 21 fort-

115 527 131 29 sättningen
265 527 23 21 af
306 527 71 28 linjen
395 527 121 22 framdeles
533 528 73 21 skulle
623 527 95 29 öfvergå
733 527 76 22 Koida
825 527 38 26 elf,

115 570 52 14 men
183 563 165 28 kompletterad
364 563 52 21 med
432 570 28 14 en
475 563 36 22 till
527 563 128 29 Lylykoski
672 563 86 29 dragen
774 563 90 21 bibana.

116 598 44 22 Till
178 599 89 21 förmån
286 599 36 21 för
342 599 41 21 sist
401 599 99 21 nämnda
519 599 103 29 riktning
638 600 40 20 har
694 599 115 22 dessutom
828 606 38 14 an-

115 634 64 26 förts,
199 637 33 19 att
250 634 46 22 den
314 635 67 21 södra
402 635 108 21 stranden
529 635 22 21 af
566 635 77 21 Koida
659 635 31 21 elf
705 635 73 21 bättre
795 642 72 22 egnar

117 670 36 29 sig
177 670 36 22 för
239 671 316 29 vattenverksanläggningar
577 671 40 21 vid
643 671 103 21 forsarna
770 674 30 18 än
822 671 45 21 den

117 714 66 14 norra
202 706 116 26 stranden,
339 714 48 14 som
408 710 25 18 är
453 707 72 29 högre
544 707 43 21 och
608 706 127 22 merendels
754 706 112 22 besvärad

117 742 23 22 af
155 742 80 22 branta
251 742 64 29 berg.

188 779 146 21 Gemensamt
357 779 36 21 för
416 779 59 21 båda
498 779 67 22 dessa
587 779 132 29 banförslag
740 779 42 21 har
800 779 68 21 fram-

117 814 82 27 hållits,
225 817 33 19 att
284 814 104 22 Joensuu
413 815 50 21 stad
488 818 68 25 utgör
582 815 146 22 landsdelens
754 815 114 28 naturliga

117 850 127 21 hufvudort
263 851 42 20 och
326 858 82 21 genom
427 851 39 21 sitt
487 858 151 21 gynnsamma
658 851 50 28 läge
728 858 53 21 eger
797 851 70 21 förut-

118 886 127 29 sättningar
260 889 34 19 att
307 887 69 21 äfven
387 887 122 21 framdeles
525 887 78 28 intaga
614 887 87 28 platsen
713 894 48 14 som
772 887 96 21 central-

118 925 35 18 ort
168 922 36 21 för
219 922 169 22 Nordkarelens
405 922 148 22 ekonomiska
569 923 42 21 och
627 922 165 22 intellektuella
803 922 65 22 sträf-

118 958 98 21 vanden.
251 957 92 22 Banans
362 958 71 21 andra
451 959 121 28 ändpunkt
591 958 139 29 Uimaharju,
751 958 117 22 eventuelt

118 993 135 29 Lylykoski,
270 997 24 18 är
310 994 136 29 visserligen
461 994 37 21 för
514 994 142 22 närvarande
672 997 54 18 utan
742 994 126 29 betydelse,

119 1037 52 14 men
193 1037 35 14 om
250 1037 29 14 en
300 1030 145 21 storindustri
465 1030 74 21 skulle
562 1033 83 26 uppstå
668 1030 40 21 vid
731 1030 76 21 Koida
830 1030 38 27 elf,

119 1073 68 21 synes
214 1065 45 26 det,
284 1065 8 22 i
318 1065 149 22 betraktande
493 1066 23 21 af
540 1066 28 21 de
593 1069 96 25 utvägar
712 1073 48 14 som
781 1073 32 14 nu
832 1066 37 21 för

119 1101 64 22 tiden
202 1104 34 19 stå
258 1101 35 22 till
311 1101 60 22 buds
389 1101 37 22 för
444 1105 33 18 att
496 1102 115 21 öfverföra
630 1102 60 21 kraft
711 1105 28 25 på
760 1101 109 22 elektrisk

120 1140 45 25 väg
179 1137 60 21 ifrån
256 1145 28 14 en
300 1140 36 19 ort
351 1137 34 22 till
402 1145 28 14 en
445 1145 84 18 annan,
544 1138 51 21 icke
611 1137 133 29 oantagligt,
760 1140 33 19 att
803 1137 66 22 indu-

120 1173 120 22 striidkare
259 1173 72 22 funne
348 1173 38 22 det
404 1173 53 22 med
473 1173 36 22 sin
525 1173 74 22 fördel
611 1173 109 29 förenligt
735 1176 32 19 att
781 1173 90 28 placera

121 1209 48 21 sina
180 1209 170 22 etablissement
360 1209 8 21 i
379 1209 131 22 omedelbar
520 1209 81 22 närhet
617 1209 36 21 till
665 1209 139 28 järnvägens
816 1209 54 21 änd-

121 1244 90 26 station,
228 1245 40 21 där
284 1245 96 21 sålunda
396 1245 51 21 med
461 1245 65 22 tiden
538 1248 32 19 ett
579 1245 203 22 industricentrum
793 1245 78 21 kunde

121 1283 88 26 uppstå.

192 1316 68 22 Emot
283 1316 28 22 de
335 1317 70 21 ofvan
428 1317 101 21 nämnda
549 1317 60 21 ifrån
631 1317 104 21 Joensuu
756 1316 116 29 utgående

120 1352 102 21 banorna
238 1352 41 22 har
295 1352 23 21 af
334 1352 58 27 dem,
409 1359 48 15 som
473 1353 103 21 förordat
589 1352 100 22 Värtsilä
700 1355 72 19 såsom
784 1352 88 22 banans

123 1388 221 29 begynnelsepunkt,
365 1388 124 26 anmärkts,
513 1391 32 18 att
569 1388 28 21 de
615 1388 51 21 icke
685 1388 93 21 allenast
797 1388 76 21 lemna

121 1424 159 21 hufvuddelen
297 1424 23 22 af
336 1424 38 22 det
389 1424 142 22 ostkarelska
541 1424 108 26 området,
661 1424 91 22 hvarest
763 1424 111 22 behofvet

121 1460 24 21 af
160 1467 46 21 nya
224 1460 275 22 kommunikationsleder
518 1462 24 19 är
558 1463 58 18 mest
631 1460 119 26 kännbart,
766 1460 48 21 helt
829 1460 44 21 och

193 1512 186 24 Järnvägsutskottets
391 1513 109 18 betänkande
513 1513 34 18 N:o
560 1515 15 16 1.
