1106 1750
264 140 28 19 54
435 138 78 23 Ständ.
529 138 36 23 Sv.
582 151 29 3 —
628 139 64 28 Prop.
709 138 37 24 N:o
763 139 21 22 II.

234 208 49 17 som
300 203 7 22 i
323 206 28 19 48
366 203 14 29 &
392 204 73 28 sagts,
477 203 43 23 och
531 203 140 23 verkställes
683 203 29 23 de
725 203 90 29 afgifna
826 203 160 23 valsedlarnas

233 238 103 30 räkning
352 238 42 23 och
411 239 134 23 insättande
561 240 8 22 i
585 240 92 28 omslag
693 239 104 30 följande
813 238 53 30 dag.

578 315 26 19 51
622 312 20 28 8.

305 364 46 23 Vid
374 364 213 30 valförrättningen
611 365 60 23 föres
693 366 25 22 af
742 372 29 16 en
793 364 102 24 medlem
915 366 4 21 i
931 365 54 23 val-

233 400 121 23 nämnden
379 401 120 29 protokoll,
522 401 67 23 hvari
609 403 117 27 upptages
745 401 77 29 dagen
841 400 36 23 för
893 400 92 23 förrätt-

233 436 95 29 ningen,
358 436 29 23 de
416 437 149 22 närvarande
595 437 184 22 medlemmarne
807 436 24 23 af
857 437 127 26 nämnden,

233 471 162 30 klockslagen,
405 472 29 23 dä
441 473 172 29 förrättningen
625 473 88 29 vidtog,
723 472 110 31 uppehåll
838 472 51 23 däri
897 472 88 23 skedde

233 507 45 22 och
293 509 138 28 röstningen
447 509 147 22 förklarades
614 509 109 27 afslutad,
736 509 29 22 de
777 515 117 23 personer,
906 508 80 23 hvilka

233 543 31 29 på
280 543 77 29 grund
374 544 24 23 af
413 544 87 30 utdrag
510 551 28 16 ur
549 546 74 21 annat
633 544 230 30 röstningsområdes
874 543 111 30 vallängd

234 579 99 29 deltagit
349 581 8 21 i
373 581 145 29 röstningen,
535 581 43 23 och
595 581 82 23 hvilka
693 581 24 23 af
733 581 70 23 dessa
821 580 58 23 höra
894 580 35 23 till
945 586 40 17 an-

233 622 48 16 nan
307 616 110 28 valkrets,
443 617 89 23 antalet
551 617 25 23 af
593 617 92 29 afgifna
701 616 118 24 valsedlar
835 616 43 23 och
895 616 24 23 af
935 623 50 23 per-

234 658 74 21 soner,
333 658 50 16 som
408 652 92 24 utöfvat
523 653 92 27 valrätt,
640 655 63 20 samt
727 652 65 24 tiden
812 652 30 23 dä
858 652 29 23 de
903 653 8 21 i
927 656 27 19 49
971 652 14 29 8

233 688 106 22 nämnda
354 689 92 29 omslag
462 688 133 30 förseglats,
612 689 125 23 hvarutom
753 688 30 23 de
799 688 84 23 därvid
900 688 85 29 begag-

233 723 62 23 nade
311 724 94 29 sigillen
421 724 122 30 aftryckas
559 725 7 22 i
583 724 146 30 protokollet.

305 760 181 29 Förrättningen
519 760 98 23 afslutas
647 760 54 23 med
728 760 151 30 protokollets
905 760 80 29 upplä-

234 795 72 23 sande
323 796 43 22 och
384 796 147 30 anteckning
547 796 56 23 därä
620 796 23 23 af
654 796 135 23 nämndens
801 796 138 22 ordförande
951 797 35 21 att

232 831 140 29 protokollet
396 834 25 20 är
446 832 89 29 riktigt,
561 832 118 23 hvarefter
701 832 141 30 protokollet
863 832 123 22 insättes
971 827 18 40 i

234 867 92 29 omslag
349 867 54 23 med
426 868 109 29 påskrift,
557 868 70 22 ställd
650 868 35 22 till
710 868 149 22 valkretsens
886 868 99 22 central-

234 903 96 23 nämnd.

306 939 102 29 Tryckta
433 940 135 22 blanketter
593 940 34 22 till
651 940 114 29 protokoll
793 939 192 23 tillhandahällas

232 974 161 24 valnämnden
410 982 85 22 genom
511 978 112 20 senatens
639 976 90 28 ätgärd.

577 1045 26 19 52
620 1042 21 29 8.

306 1088 160 24 Ordföranden
478 1089 43 23 och
532 1096 29 16 en
573 1090 99 22 medlem
684 1090 6 22 i
703 1088 161 24 valnämnden
876 1088 72 27 skola,
959 1089 27 23 sä

233 1126 67 20 snart
316 1124 42 22 ske
374 1124 55 28 kan,
446 1125 147 29 personligen
611 1125 34 23 till
661 1126 121 22 närmaste
799 1125 142 29 postanstalt
951 1126 34 21 in-

232 1159 81 23 lämna
329 1159 28 24 de
373 1160 8 23 i
397 1164 28 19 49
442 1161 13 29 &
472 1161 105 22 nämnda
593 1161 116 23 valsedlar
725 1162 64 22 samt
799 1160 186 29 valprotokollet,

233 1195 116 23 hvardera
365 1197 75 22 under
456 1198 41 21 sitt
513 1197 97 29 omslag.

576 1266 27 19 53
620 1263 20 28 8.

304 1309 9 22 I
334 1309 178 30 Lappmarkens
533 1310 104 23 valkrets
658 1310 61 22 skall
735 1310 83 28 hvarje
835 1309 96 23 valman
947 1309 38 23 vid

231 1344 257 30 landtdagsmannaval
505 1348 62 20 rösta
583 1346 84 22 endast
681 1346 31 29 pä
728 1353 28 15 en
774 1352 91 22 person,
877 1345 43 22 och
931 1352 56 21 eger

232 1380 48 23 han
302 1380 82 23 därvid
405 1382 110 22 använda
536 1382 74 22 sädan
633 1381 102 23 valsedel
757 1382 46 22 han
821 1380 56 30 sjelf
892 1380 93 23 önskar.

231 1416 45 22 För
292 1416 72 29 öfrigt
380 1417 73 29 gäller
470 1424 37 16 om
521 1417 255 29 landtdagsmannaval
789 1418 7 21 i
808 1416 178 30 Lappmarkens

232 1452 105 23 valkrets
358 1454 8 21 i
386 1453 141 29 tillämpliga
547 1453 64 23 delar
627 1453 61 23 hvad
705 1454 8 21 i
729 1453 80 23 denna
825 1452 40 29 lag
881 1452 104 29 stadgas.
