1103 1750
234 153 13 20 4
469 154 21 22 U:
508 154 22 22 B.
546 166 28 2 —
592 154 59 28 Prop.
670 154 38 22 N:o
723 155 24 21 1.

449 220 50 20 Den
525 221 9 19 1
558 220 44 27 juli
624 221 38 20 det
688 221 32 26 är,
746 221 69 20 under
830 220 83 20 hvilket
929 220 56 21 tiden

377 256 27 26 af
425 258 29 18 tre
470 257 26 19 är
511 256 53 27 från
580 258 84 19 senaste
685 256 244 27 landtdagsmannava!
945 256 40 21 till-

377 292 109 27 ändagär,
496 292 103 27 vidtager
615 292 177 26 valförrättning
808 292 7 20 i
832 292 79 26 hvarje
928 293 55 20 röst-

377 328 163 26 ningsomräde
557 328 102 21 klockan
676 328 39 21 nio
733 335 38 14 om
784 333 127 21 morgonen
925 330 60 19 samt

376 364 84 26 fortgär
483 364 33 20 till
542 364 101 20 klockan
660 364 47 20 ätta
723 364 29 27 pä
769 364 95 20 aftonen
881 364 44 20 och
942 364 42 21 föl-

373 399 70 27 jande
470 400 44 26 dag
541 400 112 21 likaledes
680 400 50 21 frän
758 400 101 20 klockan
883 399 40 21 nio
949 400 34 21 till

376 436 100 20 klockan
496 436 53 26 ätta,
569 436 113 21 hvardera
702 437 73 27 dagen
793 436 53 21 med
863 436 120 21 mellantid

375 472 25 20 af
413 472 67 26 högst
497 472 37 20 två
551 472 94 20 timmar
669 472 70 28 enligt
758 472 171 21 valnämndens
945 472 38 20 be-

377 508 152 20 stämmande.

456 545 21 25 (2
494 550 70 14 mom.
582 544 78 21 säsom
677 544 75 29 förut).

446 598 22 27 d)
484 601 61 18 samt
561 601 32 18 att
608 599 154 21 Presteständet
779 600 66 19 mätte
860 599 122 26 godkänna

374 635 14 19 3
404 634 15 27 $
436 634 28 27 af
475 634 105 27 förslaget
596 635 32 20 tilt
643 635 223 27 landtdagsordning.

303 687 34 21 En
362 688 55 27 följd
442 688 26 21 af
486 688 66 21 dessa
577 689 143 26 stadganden
745 689 80 20 kunde
850 688 131 27 visserligen

230 722 71 21 blifva
318 723 52 26 den,
387 726 32 18 att
435 731 38 14 om
491 725 92 26 lagtima
601 725 110 27 landtdag
727 725 38 20 det
785 725 32 26 är,
836 724 30 21 dä
887 725 34 20 val
941 730 40 21 ega

230 765 59 20 rum,
307 760 183 21 sammankallas
514 761 57 20 först
592 761 73 20 under
682 767 80 14 senare
780 760 104 26 halfäret,
902 761 28 20 de
947 761 34 20 sä-

229 794 72 21 lunda
319 795 66 21 valde
401 797 94 20 komme
512 799 32 18 att
560 797 121 20 öfvervara
698 797 49 27 fyra
764 796 96 27 lagtima
876 797 105 20 landtda-

229 836 46 20 gar.
294 831 53 20 Men
358 838 78 15 annan
447 834 69 25 utväg
527 835 32 18 att
571 835 55 18 ntan
639 833 88 26 sakliga
738 832 127 27 ändringar
877 832 104 27 aflägsna

229 866 28 20 de
267 866 119 27 päpekade
404 869 179 26 motsägelserna
600 869 64 20 torde
679 875 54 14 vara
743 868 54 21 svär
806 870 31 18 att
846 868 73 25 finna;
937 869 43 20 och

229 901 76 27 nägon
321 903 121 26 olägenhet
450 904 25 20 af
482 904 116 27 betydelse
610 904 114 27 uppstode
736 904 137 27 härigenom
885 904 26 27 ej.
935 904 45 20 An-

229 938 64 26 säges
305 940 31 28 ett
347 939 83 20 sädant
443 939 145 22 förhällande
600 940 51 21 icke
662 940 57 21 böra
731 940 154 26 förekomma,
897 939 25 21 sä
935 940 46 20 stär

229 973 38 20 det
283 974 6 20 i
307 973 109 28 Kejsaren
433 975 44 21 och
494 975 153 22 Storfurstens
663 976 65 21 makt
747 978 32 18 att
799 975 123 27 förebygga
943 976 38 20 det

228 1009 110 27 antingen
354 1016 83 21 genom
454 1013 33 19 att
502 1011 63 21 tiden
578 1012 35 20 för
624 1012 94 27 lagtima
729 1011 124 27 landtdags
865 1018 115 14 samman-

228 1045 65 21 träde
309 1046 72 27 väljes
397 1047 26 20 sä
439 1049 31 18 att
492 1047 174 27 ifrågavarande
683 1047 147 21 förhållande
847 1047 19 28 ej
884 1047 46 21 kan
947 1048 32 20 in-

227 1081 74 26 träda,
325 1082 55 20 eller
403 1089 83 20 genom
508 1085 31 18 att
557 1083 107 27 Kejsaren
682 1084 44 20 och
743 1083 142 21 Storfurslen
902 1083 78 27 begag-

229 1123 43 13 nar
289 1117 34 20 sin
340 1119 44 19 rätt
401 1121 32 18 att
449 1119 109 20 förordna
575 1125 38 15 om
632 1126 44 20 nya
693 1120 43 20 val.

299 1153 187 22 Vidkommande
514 1155 71 21 sedan
614 1155 44 21 den
686 1155 74 21 andra
786 1155 185 27 anmärkningen

227 1188 56 20 eller
299 1191 32 18 att
348 1190 129 20 Monarken
500 1191 74 21 skulle
595 1191 81 21 kunna
697 1192 30 26 pä
744 1191 95 21 anfördt
856 1192 50 24 sätt,
924 1193 55 19 utan

226 1226 33 18 att
286 1224 109 22 förordna
423 1232 38 14 om
485 1227 77 26 nyval,
586 1227 129 21 inskränka
739 1226 240 27 landtdagsmännens

226 1260 149 21 verksamhet
399 1262 33 20 till
452 1264 84 18 tvänne
556 1263 143 27 landtdagar,
717 1263 25 21 sä
759 1268 53 21 eger
828 1262 150 21 anmärknin-

225 1301 43 20 gen
293 1296 35 20 sin
353 1297 114 27 riktighet,
492 1304 52 14 men
570 1298 69 27 synes
663 1298 51 21 icke
734 1299 58 20 böra
810 1298 118 20 föranleda
945 1298 34 20 till

226 1331 72 27 nägra
314 1332 132 27 ändringar,
463 1334 29 20 dä
509 1334 37 20 det
563 1341 28 13 en
608 1334 58 27 gäng
683 1335 103 25 erkänts,
803 1336 33 18 att
850 1334 127 20 Monarken

225 1366 44 20 bör
285 1368 81 21 kunna
382 1374 83 22 genom
482 1370 157 20 förordnande
656 1376 38 14 om
713 1370 70 27 nyval
800 1370 104 20 förkorta
915 1370 62 20 tiden

225 1402 36 20 för
277 1403 237 27 landtdagsmännens
532 1406 109 27 uppdrag.
