1100 1748
262 147 27 19 74
455 145 29 23 U.
501 145 27 22 B.
547 158 26 2 —
591 145 71 28 Prop.
679 145 41 22 N:o
737 145 20 21 8.

231 217 52 14 men
305 210 73 21 tillika
401 211 23 20 af
448 211 45 21 den
516 214 34 18 art
569 214 32 18 att
620 211 30 21 all
669 211 53 21 dess
737 210 70 21 trafik
823 209 35 22 till
874 209 42 22 och
932 209 51 21 från

230 246 40 21 det
289 246 74 28 öfriga
386 246 78 22 landet
482 249 71 19 måste
570 247 82 21 samlas
672 249 28 26 på
720 247 45 21 den
785 245 59 22 enda
864 248 51 26 väg,
935 252 48 14 som

229 281 68 28 följer
312 282 68 21 Kemi
396 282 31 21 elf
443 283 51 21 från
510 282 137 22 Rovaniemi
663 283 34 20 till
714 283 52 20 dess
781 282 79 28 utlopp
872 281 7 21 i
890 281 92 21 Botten-

230 317 85 22 hafvet.
347 318 137 21 Rovaniemi
504 321 24 18 är
548 319 151 21 centralorten
718 319 37 21 för
773 317 141 26 landsdelen,
932 317 51 21 dess

230 353 168 29 uppsamlings-
418 355 41 20 och
480 354 227 29 distributionsplats,
728 354 62 21 såväl
811 353 37 22 för
867 353 51 21 dess
935 359 47 22 per-

230 396 51 14 son-
303 397 47 14 som
372 390 51 21 dess
445 390 136 29 godstrafik.
616 390 81 21 Redan
718 390 43 21 den
781 389 75 22 lokala
876 389 107 25 rörelsen,

230 427 75 19 såsom
329 425 45 22 den
398 426 112 21 härintills
535 426 106 29 gestaltat
661 426 41 29 sig,
727 425 100 29 päkallar
847 424 137 29 oafvisligen

230 468 29 14 en
284 469 53 14 snar
360 461 139 30 förbättring
526 462 22 21 af
575 462 259 25 kommunikationerna,
858 461 8 21 i
891 461 37 20 det
952 462 32 19 att

229 497 144 28 landsvägen
397 498 81 21 endast
500 498 52 21 med
577 501 61 18 stora
662 498 143 28 svärigheter
824 497 45 21 kan
888 495 95 23 hällas
969 491 18 41 i

230 533 40 20 det
293 533 66 21 stånd
387 536 32 19 att
446 534 123 28 stockning
592 534 51 21 icke
665 536 101 26 uppstår,
791 533 107 22 särskildt
923 539 59 14 men-

231 568 62 22 föres
310 569 39 21 tid.

302 605 53 21 Men
376 606 75 21 härtill
471 606 101 21 kommer
592 609 60 18 ännu
673 608 32 19 att
725 605 51 22 med
797 604 149 29 upplätandet
961 603 23 21 af

230 647 29 14 en
273 640 98 29 järnväg
387 641 235 22 Kemi--Rovaniemi
638 641 35 22 för
690 641 77 26 trafik,
777 648 47 21 nya
840 640 143 28 möjligheter

230 676 74 22 skulle
325 680 87 25 öppnas
431 677 37 22 för
488 678 144 21 ekonomiskt
651 677 200 29 tillgodogörande
870 676 24 21 af
908 675 74 22 lands-

230 712 80 21 delens
332 713 114 28 naturliga
470 721 106 14 resurser.
609 714 73 21 Dessa
705 713 64 29 ligga
793 711 158 29 förnämligast
974 711 8 21 i

230 748 29 21 de
284 749 110 28 ofantliga
418 749 230 29 skogstillgängarna,
672 749 148 28 upptagande
843 748 45 21 den
911 747 73 22 öfver-

229 785 107 28 vägande
357 785 66 21 delen
443 785 23 22 af
482 785 146 22 landsdelens
644 785 60 22 areal
720 785 44 21 och
780 787 82 18 nästan
878 783 47 22 helt
941 783 42 21 och

230 820 71 21 hället
316 821 116 28 tillhöriga
449 824 80 19 staten.
554 821 140 28 Betydelsen
712 821 37 21 för
765 821 89 20 kronan
870 819 23 22 af
910 819 74 21 denna

226 855 102 30 järnväg
351 857 41 21 har
414 857 69 21 äfven
508 860 44 18 rätt
578 857 144 29 uppskattats
746 856 23 22 af
794 855 188 29 Forststyrelsen,

230 899 49 14 som
299 892 8 21 i
327 892 36 22 sin
384 893 44 21 den
452 896 27 19 21
502 893 48 21 dec.
573 896 56 20 1905
652 892 158 30 dagtecknade
830 895 89 18 senaste
939 894 44 18 ärs-

230 928 122 21 berättelse
369 928 108 22 skrifver:

306 964 51 26 ,Ett
374 965 116 21 verksamt
505 965 74 21 medel
595 965 36 21 för
648 964 149 22 anordnande
811 964 23 21 af
845 971 28 13 en
884 962 99 22 intensiv

230 1000 222 29 skogshushällning
475 1000 7 22 i
506 1008 68 14 norra
597 1001 98 21 Finland
720 1000 136 22 förefunnes
880 998 104 22 otvifvel-

230 1035 75 29 aktigt
335 1036 55 26 däri,
416 1039 32 20 att
474 1038 71 21 denna
569 1038 105 21 landsdels
698 1038 125 27 hufvudort,
849 1035 135 27 Rovaniemi,

228 1072 87 22 ställdes
330 1073 9 21 i
355 1074 119 21 omedelbar
483 1073 134 27 förbindelse
631 1074 47 21 med
688 1074 48 21 vårt
743 1073 152 28 järnvägsnät.
918 1070 66 22 Järn-

230 1110 77 26 vägen
333 1108 73 21 skulle
432 1108 50 21 icke
506 1108 95 22 allenast
625 1108 130 22 underlätta
777 1106 161 23 anskaffandet
962 1105 23 21 af

229 1143 126 21 arbetsfolk
372 1144 34 20 till
422 1144 66 21 dessa
504 1144 59 28 glest
577 1144 105 22 bebodda
694 1144 89 21 trakter
800 1144 43 20 och
854 1142 131 22 säkerställa

229 1178 123 22 tillförseln
369 1180 23 20 af
407 1180 225 26 lifsförnödenheter,
647 1180 150 28 hvarigenom
814 1178 170 22 arbetslönerna

230 1214 78 22 kunde
331 1215 142 29 nedbringas
497 1216 42 21 och
563 1216 99 21 förlänas
686 1223 62 14 mera
772 1215 88 28 stadga,
882 1217 54 18 utan
952 1213 32 22 bi-

230 1251 73 28 droge
316 1251 86 28 jämväl
418 1251 35 22 till
469 1251 98 29 höjande
584 1252 22 21 af
626 1252 70 28 priset
712 1254 29 25 på
757 1250 228 29 skogsprodukterna

229 1293 84 21 genom
338 1290 32 18 att
394 1287 115 28 köparena
536 1287 76 22 kunde
637 1291 104 25 uppgöra
766 1287 92 21 säkrare
882 1285 102 29 kalkyler

229 1322 67 21 öfver
321 1323 197 28 skogsaffärernas
542 1323 144 22 räntabilitet.
719 1323 150 28 Efterfrågan
890 1324 28 26 på
942 1321 42 22 och

228 1357 129 30 afsättning
380 1359 36 21 för
435 1367 29 13 en
484 1362 47 19 stor
552 1359 36 21 del
609 1359 88 21 mindre
717 1358 131 22 värdefulla
864 1358 120 27 skogspro-

229 1393 85 22 dukter
337 1395 78 20 kunde
438 1395 52 21 från
513 1395 141 21 vidsträckta
674 1395 109 21 områden
806 1394 35 21 fås
860 1393 34 22 till
911 1393 73 25 stånd,

228 1429 98 22 emedan
343 1429 141 30 järnvägens
506 1431 119 28 ändpunkt
645 1431 7 20 i
673 1429 139 23 Rovaniemi
833 1437 55 14 vore
908 1431 24 19 så
948 1428 36 21 be-

228 1465 70 28 lägen
314 1468 33 19 att
363 1465 132 22 densamma
510 1466 77 21 kunde
600 1466 66 28 längs
678 1465 190 29 vidtförgrenade
879 1464 107 22 flötleder

302 1518 186 24 Järnvägsutskottets
501 1520 107 17 betänkande
621 1519 33 18 N:o
668 1521 14 16 1.
