1106 1750
252 139 14 20 8
487 140 21 22 U.
527 141 22 21 B.
567 153 28 2 —
612 140 62 28 Prop.
693 140 42 23 N:o.
754 140 21 22 Ii.

396 206 107 27 vallängd
522 207 161 27 ånyo
588 202 15 37 i
616 207 67 27 ofvan
703 207 97 27 stadgad
824 206 99 27 ordning
948 213 56 21 upp-

395 244 88 23 rättats,
507 242 59 22 skall
590 243 45 21 den
660 245 90 19 senaste
777 243 138 27 vallängden
940 243 65 20 jämte

396 279 7 20 i
428 279 12 20 7
464 278 16 28 $
501 279 139 20 omnämnda
665 278 254 28 tilläggsförteckningar
941 278 63 27 tjäna

395 314 77 22 såsom
489 314 114 27 vallängd.

326 458 30 20 56
380 458 15 27 $
419 458 25 20 af
465 458 108 27 förslaget
595 459 35 20 till
647 459 75 27 vallag
738 459 44 20 har
798 458 25 21 af
837 458 168 28 Ridderskapet

250 494 45 20 och
321 493 72 21 Adeln
419 496 60 19 samt
503 494 170 21 Presteståndet
691 495 117 27 godkänts
825 494 70 27 enligt
912 494 91 21 Utskot-

249 531 44 19 tets
312 530 153 26 betänkande,
478 530 66 21 hvari
556 530 142 27 uteslutning
709 530 26 21 af
743 530 150 28 paragrafens
907 531 12 19 2
931 537 70 14 mom.

251 565 144 22 förordades.
428 566 110 21 Däremot
554 566 69 21 hafva
640 566 194 28 Borgareståndet
850 566 44 21 och
914 566 88 21 Bonde-

250 601 92 21 ståndet
367 602 103 26 godkänt
493 602 152 21 förevarande
668 603 13 26 $
701 603 74 20 sådan
792 603 44 20 den
854 602 65 27 lyder
936 602 6 20 i
959 603 43 20 den

250 637 52 21 nåd.
320 638 181 27 propositionen.

322 673 44 21 Vid
394 674 160 27 uppgörandet
570 675 25 20 af
617 674 84 27 förslag
721 675 35 20 till
773 674 230 27 sammanjämkning

250 709 46 21 kan
317 709 115 22 Utskottet
443 710 51 21 icke
506 711 120 20 underlåta
639 713 32 18 att
683 711 111 20 särskildt
805 709 59 22 fästa
876 710 125 27 uppmärk-

250 746 92 20 samhet
359 745 39 21 vid
415 747 37 20 det
469 747 56 20 nära
542 747 177 26 sammanhang,
736 746 67 21 hvari
821 747 28 19 56
873 746 6 25 $
903 747 5 19 2
930 752 70 14 mom.

250 781 47 21 står
312 781 35 21 till
364 782 26 20 61
408 781 19 28 &.
461 781 131 22 Bibehälles
608 782 162 21 förstnämnda
787 782 98 26 lagrum,
903 781 44 21 blir
963 781 38 27 pä-

250 817 90 27 följden
363 817 68 21 häraf
452 819 33 19 att
509 818 86 21 antalet
610 819 156 26 röstgrupper,
784 817 165 21 innehällande
965 823 36 21 ge-

251 859 148 15 mensamma
423 853 144 26 kandidater,
590 854 46 21 kan
653 856 85 25 stegras
755 854 66 21 öfver
837 853 45 20 alla
901 854 100 26 gränser,

249 889 31 20 dä
294 889 26 27 ju
338 889 70 27 enligt
423 890 28 20 56
476 889 5 26 $
506 891 5 19 2
528 896 70 14 mom.
616 890 70 21 redan
704 891 86 20 tvänne
810 889 121 26 valsedlar,
944 895 56 21 upp-

248 925 99 26 tagande
366 931 90 15 samma
473 925 143 26 kandidater,
633 926 70 21 förslä
720 926 36 21 för
769 927 34 19 att
819 925 63 21 bilda
899 931 29 14 en
945 926 55 19 röst-

249 966 81 21 grupp.
357 961 66 20 Detta
440 961 131 21 föranleder
579 961 48 21 äter
636 964 32 18 att
677 963 25 19 61
723 962 4 25 S
737 962 96 20 komme
843 963 33 18 att
884 961 117 27 tillämpas

247 996 7 20 i
271 1003 29 14 en
317 997 166 27 utsträckning,
501 1003 50 15 som
568 997 93 21 alldeles
678 997 50 21 icke
744 997 99 21 därmed
860 997 79 20 afsetts
955 997 44 20 och

248 1038 50 15 som
316 1033 130 26 säkerligen
464 1033 93 21 komme
574 1035 33 18 att
623 1033 60 21 välla
699 1033 48 21 lika
764 1033 102 26 onödiga
883 1039 50 14 som
944 1033 55 20 tids-

247 1067 93 22 ödande
357 1069 125 26 omgängar
498 1069 38 20 vid
553 1069 154 26 uträkningen
719 1069 24 20 af
752 1069 165 21 valresultatet.

319 1103 77 28 Enligt
406 1105 126 20 Utskottets
541 1105 149 26 öfvertygelse
700 1105 75 20 skulle
785 1105 100 20 sålunda
897 1107 30 18 ett
936 1105 62 20 bibe-

246 1139 110 21 hållande
365 1140 25 21 af
399 1141 27 20 56
437 1139 15 29 &
470 1141 5 20 2
488 1147 78 19 mom.,
578 1141 89 20 hvilket
677 1141 184 27 uppenbarligen
873 1146 83 21 genom
969 1143 30 18 ett

246 1175 148 22 förbiseende
410 1176 42 21 fått
469 1176 96 27 inflytai
579 1177 113 27 förslaget,
702 1184 54 14 vara
775 1176 85 27 egnadt
871 1178 32 18 att
912 1177 87 20 diskre-

246 1210 73 21 ditera
332 1212 53 20 hela
397 1214 114 24 systemet.
542 1212 82 21 Härtill
636 1212 43 21 bör
689 1213 78 26 läggas
779 1214 34 18 att
824 1212 175 27 ifrågavarande

246 1246 128 27 stadgande
383 1248 19 26 ej
417 1248 73 20 häller
501 1255 28 13 ur
537 1248 130 28 principiell
679 1248 123 27 synpunkt
811 1248 47 20 kan
867 1248 53 20 med
929 1248 69 20 fram-

245 1282 60 27 gång
323 1282 123 22 försvaras.
475 1284 94 20 Utöfver
584 1284 62 20 hvad
663 1284 117 21 Utskottet
799 1284 7 20 i
819 1284 60 20 detta
891 1283 108 21 afseende

245 1318 72 20 redan
345 1319 96 27 tidigare
465 1320 83 25 anfört,
575 1319 110 27 förtjänar
709 1320 38 20 det
765 1322 33 18 att
814 1320 136 20 framhällas
967 1322 32 17 att

245 1354 141 26 stadgandet
402 1355 7 20 i
425 1355 62 21 vissa
503 1355 40 21 fall
555 1356 25 20 är
591 1356 83 26 egnadt
690 1358 33 18 att
734 1356 78 23 direkt
823 1355 70 21 korsa
904 1355 44 20 den
960 1362 37 13 en-

245 1389 75 21 skilde
332 1390 167 22 medlemmens
508 1391 69 21 afsikt
586 1392 53 20 med
648 1392 59 20 hans
719 1391 110 21 valsedel.
847 1391 44 20 Det
902 1390 35 21 får
947 1391 50 20 icke

246 1427 56 18 utan
319 1426 81 21 vidare
412 1433 145 21 presumeras
568 1429 33 18 att
611 1427 47 21 han
670 1427 88 21 önskar
769 1427 95 20 tillhöra
876 1433 28 14 en
916 1432 81 21 grupp.

245 1460 53 21 Han
316 1462 48 20 kan
380 1462 69 21 hafva
466 1464 71 19 röstat
553 1462 29 27 på
599 1462 43 21 abc
658 1465 55 18 utan
731 1464 32 19 att
780 1463 49 20 han
845 1462 96 21 därmed
960 1468 37 14 ve-
