1100 1745
271 143 28 19 42
467 141 29 23 U.
512 142 27 21 B.
556 155 25 3 —
601 142 72 29 Prop.
691 142 40 23 N:o
748 142 21 22 8.

241 205 104 22 Suolahti
377 206 42 22 och
444 207 143 28 Suonenjoki
610 207 78 22 blifvit
706 207 131 29 föreslagen
860 209 32 20 att
908 207 86 22 utföras

241 241 52 22 med
323 241 128 30 stigningar
478 243 23 21 af
530 243 59 21 ända
619 243 35 22 till
683 247 28 19 20
739 251 4 14 :
762 247 63 18 1000.
865 243 62 22 Enär
957 243 37 21 det

241 285 83 20 genom
351 281 32 18 ett
406 279 103 28 exempel
533 279 78 22 kunde
635 279 160 29 ådagaläggas,
819 281 32 20 att
875 287 28 14 en
923 279 71 21 banas

241 313 259 29 stigningsförhållande
534 315 93 22 utöfvar
659 318 25 19 så
715 318 58 19 stort
805 315 129 28 inflytande
965 318 29 25 på

240 351 81 26 tågens
337 349 154 30 lastförmåga,
509 353 32 19 att
557 354 33 18 ett
605 351 134 26 lokomotiv,
755 358 49 15 som
816 351 39 22 vid
866 351 128 28 stigningar

241 385 24 21 af
290 388 48 20 12:
357 389 56 20 1000
430 386 85 22 förmår
531 387 122 29 framsläpa
679 391 26 19 13
730 390 27 19 st.
778 387 122 22 fullastade
927 387 67 29 gods-

240 428 95 21 vagnar,
359 422 73 21 under
452 423 36 20 för
509 423 71 28 öfrigt
601 424 119 21 enahanda
741 424 75 21 vilkor
838 423 83 28 uppför
941 423 53 28 stig-

240 456 83 29 ningar
339 457 22 22 af
378 461 28 19 20
423 465 4 14 :
447 461 56 20 1000
519 458 51 22 icke
586 459 85 21 förmär
687 459 71 29 draga
773 459 57 21 flere
844 462 28 18 än
883 462 13 19 8
907 461 27 19 st.
948 459 46 21 lika

240 495 72 26 tunga
331 501 94 21 vagnar,
445 495 42 20 och
509 495 29 20 dä
559 495 39 21 det
613 495 74 21 tillika
702 503 42 14 var
760 495 91 26 bekant,
869 497 32 19 att
917 497 24 19 sä
957 495 37 21 väl

241 528 110 22 Savolaks
368 529 74 22 banan
459 537 48 15 som
524 531 43 21 ock
584 531 45 21 den
645 531 140 22 undersökta
800 531 75 21 banan
885 531 35 21 till
931 531 62 21 Bott-

240 564 66 22 niska
328 565 82 22 vikens
433 566 60 26 kust,
518 566 35 21 till
575 567 79 21 hvilka
675 567 72 21 banor
767 567 72 28 linjen
861 566 133 22 Suolahti—

241 599 141 30 Suonenjoki
415 605 100 18 närmast
549 603 102 21 ansluter
682 603 42 28 sig,
759 603 50 21 icke
833 603 70 20 hafva
922 605 72 19 större

241 636 129 29 stigningar
401 640 28 19 än
455 641 26 19 12
508 645 4 14 :
531 641 64 23 1000,
627 639 114 28 föreslogs
776 641 33 19 att
837 638 85 29 jämväl
953 638 41 21 sist

239 673 84 21 nämda
349 673 59 22 bana
434 676 69 19 måtte
531 674 86 22 utföras
645 675 51 21 med
724 674 222 29 maximistigningar
971 674 23 21 af

241 711 28 19 12
285 715 4 14 :
308 712 64 23 1000,
396 709 93 22 hvartill
512 713 25 18 så
558 710 92 29 mycket
673 713 72 19 större
765 710 49 21 skäl
838 713 81 25 ansågs
936 710 57 21 före-

239 743 84 27 finnas,
348 752 49 14 som
423 748 32 19 ett
481 746 81 21 sådant
585 753 107 22 program
716 750 55 18 utan
794 746 119 28 svårighet
928 745 65 22 torde

240 780 78 21 kunna
334 781 113 28 praktiskt
463 782 152 28 genomföras.

311 816 36 21 Då
370 817 119 22 Utskottet
509 817 69 22 äfven
594 818 7 21 i
618 817 42 22 sist
681 818 98 21 berörda
799 817 107 23 afseende
928 824 66 15 anser

240 851 37 29 sig
301 851 55 22 böra
382 853 93 21 omfatta
499 856 89 19 senaste
611 854 212 29 järnvägsutskotts
846 853 93 29 förslag,
959 853 35 21 får

239 887 119 22 Utskottet
378 889 117 22 vördsamt
514 889 90 26 föreslå,
624 893 33 18 att
675 889 130 22 Ständerna
821 889 54 22 ville
894 889 98 22 besluta:

456 957 32 20 att
503 955 38 22 vid
557 956 26 21 de
598 963 32 14 nu
646 956 35 21 till
690 955 121 28 utförande
821 955 126 28 föreslagna
958 955 35 22 ba-

384 997 71 15 norna
466 991 98 22 starkare
575 991 125 28 stigningar
710 995 31 18 än
752 991 30 22 12
793 998 7 14 :
809 991 58 22 1000
875 991 45 22 icke
929 991 65 21 måtte

383 1027 85 21 komma
483 1027 35 21 till
533 1027 152 28 användning.

312 1173 76 22 Sedan
410 1175 82 28 frågan
513 1183 36 14 om
572 1176 105 29 åtgärder
692 1176 37 21 för
745 1175 249 29 expropriationskost-

239 1210 114 21 nadernas
378 1211 175 28 nedbringande
576 1211 39 22 vid
639 1214 86 19 statens
745 1211 249 29 järnvägsbyggnader

239 1249 81 25 egnats
336 1246 168 22 förberedande
520 1247 143 29 behandling
678 1247 62 22 inom
755 1247 46 21 den
813 1247 23 21 af
846 1247 148 28 Regeringen

239 1283 26 19 år
282 1284 56 20 1897
350 1282 95 21 tillsatta
453 1283 220 28 järnvägskomitén,
684 1286 102 26 upptogs
797 1283 75 21 denna
880 1283 65 28 fråga
954 1282 40 22 vid

241 1319 57 20 1900
315 1319 36 19 års
372 1317 113 29 landtdag
507 1318 34 21 till
557 1318 155 29 ompröfning,
730 1319 44 21 och
790 1318 49 22 blef
855 1318 115 28 slutligen,
986 1318 8 21 i

239 1352 237 23 öfverensstämmelse
498 1354 51 21 med
575 1354 140 22 Ständernas
731 1355 8 21 i
756 1354 72 22 saken
850 1354 87 21 fattade
957 1353 38 22 be-

239 1388 52 26 slut,
317 1389 93 28 nådigst
436 1390 122 26 faststäldt,
587 1393 32 18 att
645 1390 36 22 för
708 1391 122 21 arbetenas
854 1389 140 29 påbörjande

238 1426 13 19 3
268 1424 28 21 de
312 1424 40 21 vid
369 1425 71 28 sagda
455 1425 111 29 landtdag
577 1425 105 22 beslutna
692 1425 248 29 Idensalmi—Kajana
951 1425 43 22 och

237 1456 104 39 Nyslott
346 1456 165 39 --Elisenvaara
536 1461 102 22 banorna
664 1462 74 21 skulle
766 1461 128 29 uppställas
921 1463 74 20 såsom

309 1512 186 25 Järnvägsutskottets
507 1515 108 18 betänkande
624 1515 35 18 N:o
671 1516 16 17 1.
