1103 1748
131 946 106 19 D'Hondts

264 152 27 20 20
497 152 21 22 U.
536 153 22 21 B.
575 166 28 2 —
620 154 60 26 Prop
699 154 35 22 N:o
750 154 21 21 Ii.

335 218 73 20 Afven
433 225 37 14 om
495 219 38 20 det
549 220 25 19 är
590 221 32 18 att
639 219 87 21 förutse
742 221 32 19 att
791 220 87 20 antalet
894 220 122 26 petitioner

265 253 118 27 framgent,
411 254 28 21 dä
466 255 138 27 landtdagen
632 255 85 27 ärligen
745 256 191 25 sammanträder,
957 256 58 20 skall

264 289 70 27 nägot
360 290 112 26 minskas,
497 291 107 21 kommer
620 292 37 20 det
673 291 7 21 i
697 292 45 20 alla
767 291 39 21 fall
823 293 33 19 att
872 291 70 21 blifva
960 293 56 19 stort

265 331 45 21 nog
326 326 35 20 för
377 328 32 18 att
426 327 44 20 den
487 327 99 27 omgäng
602 327 38 20 vid
653 327 175 21 skrifvelsernas
840 327 175 27 expedierande,

265 368 50 14 som
343 362 103 26 päkallas
474 363 24 20 af
522 363 202 27 nödvändigheten
753 365 32 18 att
809 363 46 21 läta
880 363 135 21 densamma

265 397 173 22 underskrifvas
462 398 24 21 af
507 399 132 20 tvähundra
664 406 116 20 personer,
805 399 59 21 skall
881 399 71 20 blifva
969 398 46 21 lika

264 433 139 22 tidsödande
419 441 50 14 som
486 434 122 21 obekväm.

337 470 43 20 Det
395 470 44 20 har
459 470 125 21 emellertid
602 473 64 25 synts
684 471 115 21 Utskottet
815 473 32 18 att
863 471 7 20 i
887 477 27 14 en
932 470 84 27 sakligt

265 505 25 21 sä
314 505 153 27 betydelselös
491 507 75 27 punkt
590 513 50 14 som
664 507 77 21 denna
758 507 75 27 nägon
850 507 99 26 ändring
965 506 50 21 icke

265 541 71 21 borde
353 542 25 20 af
392 542 126 21 Ständerna
535 543 119 27 företagas.

483 866 23 27 b)
539 867 111 27 Förslaget
665 866 31 21 till
712 867 81 26 vallag.

337 938 32 20 Pä
385 940 31 18 ett
433 938 107 27 antagligt
552 940 85 25 system
649 938 35 21 för
696 937 182 28 proportionella
889 937 37 20 val
941 937 72 20 mäste

114 973 157 26 regel.
192 969 15 34 —
217 973 54 26 Deni
288 973 95 21 främsta
400 976 100 18 rummet
516 974 80 20 ställas
612 974 44 20 den
675 974 95 21 fordran
783 975 32 18 att
826 973 124 20 rättvisans
963 973 53 20 kraf

137 1006 93 23 fallande

126 1037 122 18 röstskalan.

264 1015 83 21 genom
365 1009 130 21 detsamma
511 1009 124 27 behörigen
652 1010 141 26 tillgodoses.

337 1045 82 20 Därest
435 1045 85 21 antalet
536 1046 90 26 platser,
645 1052 49 14 som
712 1051 83 21 genom
813 1045 67 20 valen
897 1045 66 20 skola
975 1044 37 20 be-

265 1082 77 25 sättas,
359 1081 65 20 alltid
440 1081 44 20 läte
498 1081 59 27 jämt
574 1081 86 20 fördela
677 1081 34 26 sig
727 1081 7 20 i
751 1081 146 20 förhållande
917 1080 34 20 till
963 1086 50 21 par-

263 1116 86 21 tiernas
374 1117 62 20 olika
460 1117 86 26 styrka,
570 1123 54 14 vore
646 1117 138 27 spörsmålet
800 1123 39 14 om
856 1117 45 20 den
918 1115 95 21 rättvisa

264 1152 246 27 fördelningsgrunden
535 1153 136 20 reduceradt
694 1153 34 20 till
753 1159 28 14 en
798 1152 67 20 enkel
882 1152 131 26 räkneupp-

264 1188 46 26 gift.
343 1188 97 27 Antaget
463 1191 31 18 att
518 1191 31 18 ett
573 1189 36 20 val
626 1189 70 26 gäller
713 1195 39 14 sex
769 1189 184 26 representanter
970 1187 44 20 och

264 1226 33 18 att
313 1223 7 21 i
336 1224 129 21 detsamma
482 1225 90 26 deltaga
580 1227 32 18 tre
624 1224 84 27 partier
720 1224 53 21 med
784 1223 130 28 respektive
926 1223 88 26 30,000,

264 1260 80 25 20,000
369 1260 44 21 och
434 1261 78 24 10,000
529 1261 79 25 röster,
625 1260 25 21 så
666 1261 25 20 är
707 1261 39 20 det
764 1260 60 20 klart
840 1261 32 19 att
888 1259 38 20 det
943 1259 71 20 första

264 1295 82 27 partiet
370 1295 43 21 bör
437 1296 85 21 erhålla
546 1298 33 19 tre
604 1297 91 26 platser,
715 1297 38 19 det
770 1295 73 20 andra
859 1295 38 20 två
915 1295 44 20 och
976 1294 39 20 det

263 1331 72 27 tredje
357 1338 35 13 en.
427 1332 51 20 Men
502 1339 38 13 om
561 1332 84 20 mellan
663 1338 90 14 samma
770 1331 86 27 partier
872 1329 142 28 exempelvis

264 1366 35 27 sju
317 1367 86 26 platser
419 1367 64 21 skola
500 1367 107 26 fördelas,
624 1367 138 21 framträder
778 1367 79 26 frågan
875 1373 38 14 om
926 1365 89 21 hvilket

264 1403 59 26 parti
341 1409 49 14 som
409 1403 139 27 rättvisligen
566 1404 46 19 kan
628 1405 54 25 göra
699 1403 104 27 anspråk
820 1403 29 26 på
865 1403 45 19 den
931 1401 84 27 sjunde

264 1438 96 27 platsen.
393 1439 79 20 Svaret
489 1439 71 20 måste
577 1439 87 26 framgå
681 1445 28 14 ur
725 1445 28 14 en
771 1438 147 27 tillämpning
935 1437 30 27 på
976 1437 39 20 det

264 1474 108 29 speciella
388 1475 62 20 fallet
466 1475 22 20 af
504 1481 28 15 en
549 1475 85 21 allmän
652 1474 242 27 fördelningsprincip.
