1106 1748
267 138 13 20 8
460 136 29 23 U.
507 137 28 21 B.
551 150 25 2 —
598 137 72 28 Prop.
687 136 41 23 N:o
744 136 21 22 8.

307 202 148 22 Beträffande
476 202 39 22 det
535 202 184 29 anslagsbelopp,
740 209 48 15 som
808 209 31 14 nu
859 201 77 22 kunde
952 201 36 21 för

233 237 250 29 järnvägsbyggnader
493 238 140 29 disponeras,
649 238 131 21 ankommer
791 237 136 28 visserligen
937 236 51 22 icke

235 276 30 25 på
283 273 230 29 Järnvägsutskottet
528 277 33 18 att
577 274 90 28 slutligt
682 274 71 21 utlåta
769 273 43 29 sig,
828 280 52 15 men
896 273 41 21 har
947 272 40 22 Ut-

236 309 86 22 skottet
338 309 58 22 dock
415 309 110 29 gifvetvis
543 309 52 22 icke
612 310 88 21 kunnat
716 313 29 25 gå
760 309 35 22 till
812 308 141 29 behandling
965 308 23 21 af

236 345 36 21 sin
289 345 93 28 uppgift
397 349 55 18 utan
468 348 33 19 att
516 346 37 21 för
569 346 36 21 sin
621 345 37 22 del
675 345 55 22 söka
745 345 92 22 utfinna
847 344 61 22 vissa
921 347 65 26 grän-

234 387 44 20 ser,
300 381 62 22 inom
378 381 79 22 hvilka
473 381 53 22 dess
548 381 87 29 förslag
656 381 55 22 böra
729 381 132 29 inrymmas.
898 379 88 22 Härvid

234 417 42 20 har
291 417 118 22 Utskottet
424 417 7 21 i
448 417 134 29 anslutning
598 417 35 22 till
649 417 70 22 ofvan
735 417 118 29 påpekade
870 416 116 29 synpunk-

234 455 35 18 ter
285 453 43 21 och
345 453 28 21 de
392 453 140 26 uttalanden,
553 461 47 14 som
617 453 7 21 i
645 453 111 22 särskilda
776 452 66 22 stånd
859 451 72 30 gjorts
947 452 39 21 vid

234 489 110 21 remissen
362 489 22 21 af
404 489 44 21 den
469 489 85 29 nådiga
577 489 180 28 propositionen,
777 488 95 22 kommit
890 488 35 21 till
941 487 45 22 den

234 524 154 29 uppfattning,
405 528 32 18 att
454 525 44 22 dei
511 525 75 22 denna
596 525 106 22 tillmätta
713 525 206 28 anslagsbeloppen
931 523 56 22 böra

232 560 52 21 icke
300 561 137 28 oväsentligt
457 561 61 22 ökas.
554 561 46 22 För
620 564 32 19 ett
671 561 152 29 regelbundet
841 559 146 29 fullföljande

232 595 24 22 af
270 596 247 29 järnvägsbyggnader
533 597 7 21 i
557 597 38 22 det
616 597 73 22 under
705 597 102 22 normala
827 595 159 22 förhållanden

232 631 107 30 brukliga
355 633 122 28 omfånget,
499 635 24 19 är
547 636 32 18 ett
601 633 195 28 medelårsbelopp
817 632 23 21 af
859 632 97 28 ungefär
973 635 12 18 6

232 667 114 22 millioner
361 669 63 20 mark
447 669 153 28 erforderligt,
623 669 89 21 hvilket
734 669 36 21 för
789 671 54 18 åren
865 671 56 19 1906
943 667 41 22 och

234 707 56 19 1907
312 704 68 28 gåfve
398 707 26 20 12
444 705 119 21 millioner.
595 705 145 28 Fråndrages
762 704 103 21 härifrån
885 703 100 29 anslags-

231 743 83 24 posten
329 740 37 21 för
381 740 179 29 komplettering
577 741 22 21 af
615 741 272 28 Nyslott—Elisenvaara
903 739 82 26 banan,

231 775 105 22 kvarstår
360 779 32 18 ett
415 776 163 29 anslagsbehof
600 777 23 20 af
650 779 70 26 något
745 776 66 21 öfver
832 779 12 19 5
873 775 112 22 millioner

231 811 64 21 mark
314 811 36 22 för
368 819 47 21 nya
435 812 190 29 banbyggnader,
645 813 42 20 och
709 812 72 21 håller
805 811 118 22 Utskottet
941 811 44 26 för,

231 849 34 19 att
281 847 69 22 minst
366 847 62 22 detta
448 848 83 28 belopp
548 848 36 21 för
605 851 54 18 åren
680 851 55 20 1906
756 848 44 21 och
819 851 55 19 1907
892 847 41 21 bör
949 847 36 21 för

230 883 129 22 ändamålet
374 884 82 26 anslås,
473 885 119 21 äfvensom
606 887 33 19 att
654 884 40 22 vid
713 886 168 27 programmets
897 886 87 26 uppgö-

230 919 71 21 rande
326 926 27 14 en
373 923 52 25 post
443 920 24 21 af
485 924 12 18 5
518 922 13 19 a
551 924 12 18 6
583 920 112 22 millioner
715 920 42 22 bör
776 920 24 21 få
819 922 94 26 antagas
930 922 55 25 utgå

227 954 86 29 jämväl
329 955 36 21 för
381 958 48 19 året
446 959 65 23 1908,
528 956 72 21 ehuru
621 956 136 28 visserligen
777 955 88 22 besluts
881 954 104 22 fattande

229 990 80 22 härom
325 993 29 26 på
369 998 32 14 nu
418 992 100 21 samlade
535 992 98 21 Ständer
649 991 19 29 ej
686 992 139 22 ankommer.

302 1026 45 22 Det
363 1027 45 21 kan
424 1027 38 21 väl
477 1027 113 22 invändas
607 1030 32 19 att
655 1028 28 21 de
700 1027 93 29 kapital,
811 1027 94 21 hvarom
919 1026 65 28 fråga

229 1062 97 21 sålunda
341 1063 87 26 väckts,
444 1063 51 21 icke
511 1063 76 22 finnas
603 1063 131 29 disponibla
749 1063 3 21 i
764 1062 221 22 kommunikations-

228 1098 90 21 fonden
334 1098 61 26 eller,
412 1101 73 19 såsom
503 1099 88 29 antydt,
608 1106 83 22 genom
707 1098 130 30 upplåning
855 1098 78 21 kunna
950 1098 34 21 till

229 1133 76 21 denna
326 1134 125 29 inbringas.
490 1135 53 21 Men
565 1135 8 21 i
595 1135 134 28 anslutning
750 1135 35 21 till
809 1134 28 22 de
858 1134 8 21 i
885 1134 45 21 den
950 1134 34 20 till

229 1168 129 23 Ständerna
374 1170 84 22 aflåtna
477 1170 85 29 nådiga
582 1171 171 28 propositionen
773 1171 44 21 N:o
835 1174 11 18 7
865 1169 119 29 angående

228 1204 299 24 kommunikationsfonden
543 1206 136 22 framhållna
695 1206 183 29 synpunkterna,
891 1206 41 20 har
943 1205 40 21 Ut-

228 1241 86 21 skottet
330 1245 74 18 ansett
419 1245 33 18 att
468 1241 119 30 möjlighet
601 1243 51 21 icke
669 1243 82 21 saknas
768 1245 40 23 att,
825 1241 52 22 med
891 1241 92 22 hänsikt

227 1276 36 21 till
279 1277 270 29 banbyggnadsarbetets
563 1278 114 21 allmänna
688 1277 128 30 betydelse,
829 1277 78 21 kunna
918 1277 65 21 täcka

228 1312 63 22 detta
306 1312 77 22 behof.
414 1313 12 21 I
442 1314 71 28 sagda
529 1314 84 28 nådiga
630 1314 143 28 proposition
788 1316 67 25 säges
866 1313 116 28 nämligen

227 1350 40 23 att,
280 1347 70 29 jämte
375 1349 38 21 det
435 1349 88 28 förslag
545 1357 36 14 om
597 1352 32 19 ett
649 1348 277 30 järnvägsbyggnadslån
948 1348 35 21 till

227 1383 129 22 Ständerna
372 1384 106 29 afgifves,
501 1385 86 27 ,tillika
608 1385 69 28 tagits
698 1385 8 21 i
726 1385 159 25 betraktande,
905 1386 33 19 att
954 1391 29 14 en

226 1427 114 20 gynnsam
356 1420 110 28 tidpunkt
481 1421 36 21 för
533 1421 72 22 lånets
625 1421 148 28 upptagande
797 1420 113 22 måhända
931 1419 52 22 icke

225 1454 107 23 inträffar
349 1458 25 19 så
390 1459 69 24 snart,
475 1459 32 19 att
519 1456 297 22 kommunikationsfonden
829 1455 154 29 därigenom
969 1450 18 39 i

298 1509 187 23 Järnvägsutskottets
497 1510 108 18 betänkande
617 1510 35 18 N:o
665 1512 16 16 1.
