1103 1750
276 151 27 19 62
447 149 77 24 Ständ.
541 150 37 23 Sv.
594 163 30 3 —
641 151 64 28 Prop.
722 150 37 24 N:o
776 150 22 23 II.

582 219 12 19 8
612 216 54 29 kap.

350 269 47 22 Om
413 270 95 22 besvär
524 271 75 21 öfver
614 271 281 28 landtdagsmannaval.

591 321 27 19 76
635 318 20 29 8.

316 358 47 22 Vill
391 359 79 29 nägon
494 359 140 29 öfverklaga
657 359 262 30 landtdagsmannaval,
943 360 54 28 göre

245 393 40 23 det
306 400 84 23 genom
413 394 121 30 skriftliga
549 395 92 27 besvär,
659 395 81 23 hvilka
756 397 80 21 senast
853 396 13 22 &
882 394 115 30 fjortonde

245 429 78 29 dagen
347 430 58 23 efter
426 430 54 28 den,
501 430 30 24 dä
547 431 76 23 valets
639 432 92 28 utgång
747 431 76 29 enligt
838 434 28 20 66
891 431 5 29 $
913 437 84 23 genom

245 466 85 29 anslag
353 466 210 30 offentliggjordes,
580 467 49 23 före
646 467 101 23 klockan
764 467 43 23 tolf
823 467 29 29 pä
869 466 77 30 dagen
962 466 35 22 till

244 503 148 27 guvernören
409 503 8 22 i
432 502 65 23 länet
512 503 110 29 ingifvas.

568 573 26 19 77
612 570 21 29 8.

316 610 76 23 Hafva
409 611 85 23 besvär
509 611 65 23 öfver
590 611 258 30 landtdagsmannaval
863 611 132 27 inkommit,

245 645 103 24 infordre
365 649 148 27 guvernören
530 649 84 28 genast
631 647 28 23 de
675 648 173 29 upplysningar
858 647 43 23 och
912 646 83 23 förkla-

245 682 88 29 ringar,
357 682 82 24 hvilka
461 683 114 23 besvären
599 683 101 30 påkalla,
724 683 44 23 och
794 683 106 23 meddele
923 682 74 23 sedan

244 717 143 30 skyndsamt
402 719 79 30 utslag
496 720 8 21 i
520 719 81 23 saken.

590 795 27 18 78
634 792 21 28 8.

315 831 131 30 Angående
468 832 213 30 offentliggörande
702 833 24 22 af
742 834 160 28 guvernörens
917 831 80 30 utslag

243 867 44 22 och
308 868 93 23 enskild
417 868 128 29 sakegares
561 869 183 22 underrättande
761 875 39 16 om
816 868 138 27 detsamma,
971 867 26 23 så

245 903 44 22 ock
313 909 38 16 om
373 903 219 30 ändringssökande
608 905 58 26 däri,
686 904 82 23 länder
791 903 35 24 till
842 903 154 24 efterrättelse

244 938 63 23 hvad
322 939 9 22 i
349 943 26 19 12
392 939 43 24 och
452 944 26 19 13
495 941 29 28 88
541 940 115 29 stadgats.

578 1015 12 20 9
607 1012 53 29 kap.

462 1055 132 22 Särskilda
610 1056 168 27 stadganden.

586 1105 26 20 79
629 1103 21 28 8.

316 1143 115 29 Samtliga
452 1143 99 29 utgifter
574 1143 35 23 för
625 1143 189 23 valnämnderna
830 1143 66 22 skola
913 1142 82 30 gäldas

244 1178 25 22 af
284 1178 178 29 kommunerna,
482 1179 122 23 hvaremot
619 1179 130 23 kostnaden
768 1179 36 23 för
820 1178 117 24 valsedlar
953 1178 42 23 och

244 1214 47 23 alla
313 1214 100 30 utgifter
435 1215 36 23 för
494 1215 239 23 centralnämnderna
750 1214 116 24 bestridas
882 1221 29 16 ur
926 1216 69 21 stats-

243 1250 83 23 medel.

314 1286 103 23 Central-
434 1287 44 23 och
491 1287 187 23 valnämnderna
688 1287 146 23 tillkommer
844 1286 151 23 fribrefsrätt.

588 1350 28 20 80
631 1347 21 29 $.

314 1382 34 28 Är
369 1388 8 22 i
399 1388 77 23 denna
492 1388 40 30 lag
546 1388 36 23 för
597 1389 60 22 visst
672 1388 41 23 fall
729 1389 77 22 utsatt
822 1387 48 30 dag
885 1386 110 30 helgdag,

242 1423 63 29 gälle
320 1423 75 24 första
410 1424 101 30 helgfria
526 1424 48 30 dag
590 1424 101 23 därefter
707 1424 79 23 såsom
804 1424 35 22 för
854 1423 85 23 sådant
954 1422 42 24 fall

242 1458 115 24 bestämd.
