1103 1748
275 148 28 20 44
471 146 29 22 U.
517 146 27 22 B.
561 159 29 3 —
606 148 73 26 Prop.
695 146 41 22 N:o
753 146 21 22 8.

245 214 51 25 post
318 211 56 22 eller
397 211 35 22 för
454 211 80 29 hvarje
557 212 91 21 enskild
672 212 110 29 sakegare
804 211 55 22 eller
881 211 37 21 för
938 210 61 22 kom-

244 254 86 14 munen
344 247 9 21 i
370 247 52 22 dess
437 247 85 22 helhet.
549 248 36 21 Då
602 247 39 22 det
657 247 110 29 gifvetvis
781 247 51 22 icke
849 247 45 21 kan
917 246 82 29 ifräga-

243 283 97 26 komma,
370 286 32 18 att
429 283 28 22 de
484 283 103 29 partiella
614 283 90 29 belopp,
732 283 52 22 med
812 282 79 22 hvilka
917 283 81 21 krono-

243 319 161 28 värderingen,
431 322 73 19 såsom
531 319 47 22 ofta
605 323 24 17 är
655 320 69 25 fallet,
754 318 139 29 öfverstiger
919 325 79 22 expro-

243 354 272 30 priationsvärderingen,
548 355 65 22 skola
645 356 82 21 räknas
759 354 173 22 vederbörande
963 354 35 21 till

228 393 3 3 *
243 390 62 29 godo
321 390 9 21 i
345 391 122 28 afräkning
490 394 61 19 emot
573 391 59 26 dem,
654 391 36 22 för
711 391 79 22 hvilka
806 390 153 22 förhållandet
974 393 24 18 är

242 426 119 26 omvändt,
378 429 24 19 är
425 427 38 21 det
485 427 86 28 tydligt
587 430 33 19 att
636 427 124 22 resultaten
778 426 71 22 blifva
865 426 60 22 olika
941 426 57 21 efter

242 462 31 21 de
290 465 34 18 tre
341 462 280 29 beräkningsgrunderna.
648 463 74 22 Dessa
738 463 44 22 och
798 462 108 21 liknande
922 462 75 21 anled-

241 498 86 29 ningar
349 498 35 21 till
406 499 70 21 oreda
497 499 66 21 torde
586 499 126 21 emellertid
729 499 37 22 för
782 498 122 21 framtiden
920 498 78 21 kunna

241 534 125 26 undvikas,
390 535 75 21 därest
489 535 45 21 den
557 535 137 28 förändring
716 535 8 21 i
746 533 251 30 expropriationsförfa-

241 570 82 21 randet
348 570 111 29 vidtages,
490 573 33 19 att
545 570 338 29 expropriationsvärderingen
905 570 91 28 föregär

240 605 235 30 kronovärderingen.
512 607 79 28 Enligt
615 607 61 21 hvad
700 607 119 21 Utskottet
841 606 40 21 har
904 606 36 28 sig
958 605 37 22 be-

240 641 62 27 kant,
323 642 41 21 har
383 643 80 28 åtgärd
484 643 109 27 vidtagits
612 643 37 22 för
667 643 122 21 införande
809 642 23 21 af
851 642 76 21 denna
945 641 50 22 ord-

240 677 58 29 ning
316 677 36 22 för
371 678 106 22 ärendets
496 681 62 26 gång
578 679 40 21 vid
642 679 44 21 den
707 681 63 19 snart
795 678 144 21 förestående
959 685 36 14 ex-

240 713 323 30 propriationsförrättningen
587 715 40 21 vid
651 714 273 29 Nyslott—-Elisenvaara
941 713 54 22 ban-

240 745 118 37 byggnad.
664 763 3 4 :

310 785 36 22 Då
370 786 126 21 emellertid
520 787 107 28 åtgärder
649 787 23 21 af
688 787 76 21 denna
780 789 35 18 art
831 785 50 22 icke
898 788 37 19 äro
952 785 43 22 till-

238 821 102 29 räckliga
355 821 37 22 för
408 825 31 20 ett
455 822 117 22 definitivt
588 823 118 21 ordnande
723 823 23 20 af
757 822 39 21 det
806 821 134 22 invecklade
952 821 43 22 och

238 857 127 29 grannlaga
382 858 330 29 expropriationsförfarandet,
730 857 110 23 särskildt
855 857 8 21 i
879 857 65 29 fråga
958 864 36 14 om

238 893 46 21 den
300 893 38 22 del
349 894 23 21 af
382 894 338 29 expropriationskostnaderna
730 902 49 14 som
791 894 78 21 kunde
876 893 119 22 åhvälfvas

238 928 29 22 de
283 929 135 22 kommuner
433 930 55 22 eller
504 930 104 22 enskilda
625 938 115 21 personer,
757 937 50 15 som
818 930 23 21 af
851 937 59 21 resp.
922 929 71 21 banor

237 967 102 19 närmast
362 966 69 21 hafva
454 974 69 20 gagn,
545 974 69 21 synas
631 966 66 22 dessa
712 966 80 28 frågor
808 966 56 21 böra
877 969 66 25 göras
959 964 35 22 till

236 1000 96 22 föremål
351 1001 36 22 för
406 1002 109 28 grundlig
535 1002 126 28 utredning
677 1002 43 22 och
736 1002 73 28 därpå
825 1001 106 29 grundad
947 1001 46 28 lag-

237 1036 208 30 stiftningsåtgärd.
477 1038 46 21 För
547 1038 62 22 detta
633 1038 104 21 ändamål
761 1045 57 14 vore
837 1040 56 18 utan
911 1037 83 21 tvifvel

236 1072 84 28 nödigt
340 1076 32 18 att
388 1073 141 22 öfverlemna
544 1074 81 28 frågan
641 1074 35 21 till
692 1081 29 14 en
737 1073 94 26 komité,
848 1075 146 19 sammansatt

236 1107 23 22 af
274 1108 7 21 i
298 1108 47 29 lag-
361 1109 43 21 och
421 1109 283 29 expropriationsärenden
720 1109 104 22 förfarna
840 1116 115 22 personer.

308 1144 77 22 Jämte
409 1145 38 21 det
471 1145 117 22 Utskottet
607 1146 8 20 i
631 1146 70 28 öfrigt
718 1145 99 22 rörande
833 1144 93 29 frågans
941 1144 52 22 vikt

237 1180 43 20 och
297 1180 29 21 de
342 1183 103 26 utvägar,
463 1188 47 14 som
527 1181 78 21 kunna
620 1181 76 22 finnas
712 1182 37 20 för
766 1181 54 21 dess
832 1180 107 22 framtida
949 1180 43 22 lös-

237 1215 65 29 ning,
326 1216 102 22 anhåller
443 1220 33 18 att
491 1217 24 21 få
531 1217 96 22 hänvisa
643 1217 35 22 till
693 1216 243 29 Järnvägsutskottets
951 1216 41 21 vid

236 1254 60 20 1900
320 1254 36 19 års
379 1252 112 29 landtdag
514 1256 57 18 samt
592 1253 228 28 järnvägskomiténs
844 1252 23 22 af
889 1255 25 18 år
934 1255 56 20 1897

234 1287 8 21 i
260 1287 72 22 saken
348 1288 88 29 afgifna
451 1289 130 28 yttranden,
598 1289 35 21 får
649 1289 119 22 Utskottet
779 1288 118 22 vördsamt
908 1287 84 22 föreslå

235 1325 34 19 att
292 1323 135 26 Ständerna,
450 1325 52 21 med
521 1325 170 28 godkännande
708 1325 23 21 af
747 1325 46 21 den
810 1323 85 29 nådiga
911 1331 80 21 propo-

234 1359 100 22 sitionen
349 1359 9 22 i
374 1359 78 22 denna
469 1360 43 26 del,
528 1360 55 22 ville
599 1361 97 21 besluta:

451 1434 32 20 att
503 1432 36 27 för
557 1439 34 15 nu
606 1432 135 29 ifrågasatta
757 1433 83 21 banors
856 1431 134 29 beläggande

376 1468 51 21 med
451 1468 72 22 arbete
544 1469 123 27 uppställes
682 1469 74 21 såsom
772 1468 78 27 vilkor,
868 1469 32 20 att
915 1467 73 22 veder-

304 1521 188 23 Järnvägsutskottets
504 1521 108 19 betänkande
625 1521 34 19 N:o
672 1523 15 17 1.
