1103 1745
349 145 22 22 U.
389 145 22 22 B.
428 158 28 2 —
473 145 64 28 Prop.
554 145 38 22 N:o
609 145 22 21 II.
806 146 27 19 85

448 297 12 19 6
477 294 53 29 kap.

222 367 129 34 Åtgärder
366 373 162 22 beträffande
544 373 120 20 Finlands
680 372 75 21 bank.

460 441 27 19 74
503 438 21 29 8.

187 491 154 30 Landtdagen
364 491 110 23 tillsätter
496 491 214 28 bankfullmäktige
727 490 34 23 för
779 491 34 22 att
828 491 35 21 ut-

115 527 54 22 öfva
190 527 122 23 inseendet
334 527 65 23 öfver
420 527 174 29 förvaltningen
612 526 24 23 af
652 526 28 23 de
698 526 73 23 under
787 525 76 23 landt-

115 563 90 29 dagens
228 564 93 28 garanti
343 563 44 32 och
407 563 56 22 vård
480 563 97 22 stående
594 562 115 23 fonderna
725 563 8 21 i
749 561 114 23 Finlands

115 599 65 22 bank
196 599 44 22 och
255 599 129 22 fastställer
395 599 142 23 instruktion
550 599 34 22 för
595 599 60 22 dem.
680 599 96 22 Antalet
788 597 74 23 bank-

115 635 149 28 fullmäktige
280 637 26 20 är
322 642 46 20 sex,
385 635 61 22 dock
462 635 26 22 så
506 636 34 21 att
556 635 108 26 ärenden,
681 641 38 16 om
730 633 82 23 hvilka
824 640 39 16 an-

115 672 42 21 nat
178 671 52 22 icke
246 671 8 22 i
269 671 175 22 instruktionen
469 671 121 26 bestämts,
612 671 82 22 kunna
715 669 148 30 handläggas

115 706 24 23 af
156 708 34 21 tre
207 707 156 28 fullmäktige.

186 742 219 29 Bankfullmäktige
428 743 76 29 väljas
525 742 14 23 å
560 743 98 28 lagtima
679 741 122 29 landtdag,
819 741 43 22 och

114 778 108 29 vidtager
245 778 68 23 deras
337 779 107 28 uppdrag
468 779 93 22 såsnart
585 778 63 22 valet
668 777 131 30 försiggått.
832 777 32 22 Af

115 814 149 29 fullmäktige
287 814 55 29 afgå
364 815 7 21 i
387 815 38 22 tur
448 814 81 29 hvarje
546 815 25 22 år
586 814 46 22 två.
663 813 48 23 Har
726 813 137 28 fullmäktig

115 849 150 24 därförinnan
289 850 82 29 afgått,
397 850 110 23 anställes
530 850 38 22 val
588 849 24 23 af
627 856 32 22 ny
675 849 136 29 fullmäktig
827 849 36 27 för

114 885 45 23 den
176 886 41 27 tid,
234 893 50 16 som
301 886 35 22 för
353 886 46 23 den
416 886 120 29 afgångne
552 886 76 22 skulle
644 885 117 23 återstått.

185 922 44 22 Val
246 922 24 22 af
285 922 217 29 bankfullmäktige
519 921 138 23 verkställes
672 921 23 23 af
707 920 155 23 bankutskot-

114 959 33 21 tet
168 958 44 22 och
227 957 157 30 landtdagens
401 958 117 22 elektorer
534 957 108 27 sålunda,
659 958 34 21 att
709 958 6 21 i
733 957 78 22 stället
827 956 36 23 för

113 993 29 23 de
166 995 7 21 i
194 995 38 21 tur
256 994 116 29 afgående
394 994 82 29 väljas,
502 994 53 22 med
578 993 78 22 slutna
677 993 133 27 röstsedlar,
830 993 34 22 ett

113 1029 49 23 lika
184 1029 63 23 antal
264 1029 222 30 bankfullmäktige,
504 1037 29 15 en
551 1030 34 21 för
601 1030 34 21 att
654 1029 94 28 deltaga
764 1029 7 22 i
788 1028 46 23 alla
850 1027 13 24 å

113 1065 150 29 fullmäktige
278 1065 174 23 ankommande
468 1065 103 23 ärenden
588 1065 50 27 och,
654 1071 84 23 genom
751 1064 113 23 särskildt

113 1101 45 27 val,
181 1108 30 15 en
235 1108 80 16 annan
338 1101 36 23 för
396 1102 34 22 att
452 1101 95 29 deltaga
568 1102 8 21 i
599 1101 173 28 behandlingen
795 1100 24 23 af
835 1100 28 22 de

114 1137 109 27 ärenden,
244 1144 50 16 som
312 1137 80 23 kunna
411 1137 94 29 afgöras
524 1137 84 22 endast
623 1137 24 22 af
660 1137 109 28 samtlige
788 1136 73 22 bank-

113 1173 151 29 fullmäktige
286 1174 156 27 gemensamt.
474 1173 47 22 Har
543 1173 38 22 vid
604 1173 63 22 valet
682 1173 69 28 ingen
769 1171 94 24 erhållit

113 1209 102 22 flertalet
231 1209 24 22 af
271 1209 28 22 de
316 1209 93 28 afgifna
424 1209 114 28 rösterna,
558 1209 109 22 anställes
684 1209 53 28 nytt
753 1208 38 22 val
807 1207 56 22 mel-

113 1245 38 22 lan
168 1244 28 23 de
212 1245 47 26 två,
277 1245 80 22 hvilka
373 1245 29 22 de
418 1245 69 22 flesta
503 1246 106 21 rösterna
624 1244 102 23 tillfallit.

184 1280 34 22 På
238 1287 93 16 samma
346 1281 48 22 sätt
410 1282 64 21 utses
492 1280 24 23 af
532 1280 181 23 bankutskottet
728 1279 43 23 och
787 1279 75 23 landt-

113 1316 90 28 dagens
226 1316 115 22 elektorer
365 1316 90 29 årligen
483 1316 40 22 vid
546 1316 98 28 lagtima
669 1315 115 29 landtdag
811 1314 52 29 fyra

113 1352 113 22 revisorer
250 1353 35 21 att
308 1352 129 23 verkställa
459 1352 45 22 den
529 1352 100 22 revision
654 1351 35 23 för
708 1351 39 22 det
763 1350 98 30 löpande

113 1387 205 30 räkenskapsåret,
343 1394 50 16 som
417 1387 105 23 nämnda
546 1387 80 23 fonder
646 1387 56 23 böra
722 1387 59 22 efter
798 1388 62 21 årets

113 1423 91 29 utgång
219 1423 114 29 undergå,
350 1423 120 23 äfvensom
489 1423 83 29 nödigt
587 1423 64 22 antal
662 1423 151 29 suppleanter
827 1422 36 22 för

114 1459 214 29 bankfullmäktige
345 1459 43 22 och
404 1459 35 22 för
455 1460 151 21 revisorerne.
