1098 1742
344 138 23 18 U.
380 138 22 18 B.
415 137 60 24 Prop.
487 138 38 18 N:o
539 137 29 19 10.
833 136 21 18 15

175 198 127 23 Utskottets
319 197 143 23 betänkande
478 197 45 23 blef
536 197 61 23 dock
607 196 119 30 godkändt
736 196 22 23 af
769 196 85 23 Preste-

103 234 45 23 och
165 233 184 27 Bondestånden,
366 233 82 22 medan
465 233 168 23 reservationen
650 234 83 27 antogs
745 232 21 23 af
780 232 29 23 de
820 232 35 22 två

103 270 73 28 öfriga
193 269 102 27 stånden,
311 269 90 22 hvadan
417 268 79 29 frågan
513 269 71 22 också
600 275 31 16 nu
647 268 82 23 förföll.

177 304 101 23 Därefter
300 311 39 16 var
353 304 79 29 frågan
449 311 38 16 om
501 304 210 29 gårdfarihandelns
726 303 130 30 frigörande

104 341 20 28 ej
148 341 30 28 på
200 340 174 29 dagordningen
398 340 29 22 till
451 340 56 23 dess
531 340 45 23 den
596 340 46 22 åter
658 340 5 22 i
679 339 106 30 förening
804 339 52 23 med

104 377 110 28 förslaget
229 376 30 23 till
275 383 30 22 ny
328 376 131 29 näringslag
479 375 141 23 framträdde.
654 375 50 23 Den
721 375 23 22 år
761 377 58 21 1898
835 375 22 22 af

105 413 133 28 regeringen
262 412 88 22 tillsatta
373 411 100 23 komitén
497 412 36 22 för
558 411 151 30 uppgörande
727 411 22 23 af
771 411 87 28 förslag

106 448 30 22 till
153 455 30 22 ny
199 447 135 29 näringslag,
350 449 81 21 ersatte
447 447 14 30 8
480 449 27 21 10
524 448 5 22 i
546 447 105 29 gällande
666 448 27 22 N.
711 448 20 21 L.
749 447 51 22 med
817 447 40 22 föl-

106 484 73 29 jande,
195 484 5 22 i
218 483 111 23 komiténs
354 483 44 22 den
418 485 26 20 17
459 483 47 29 juni
531 485 57 21 1899
611 483 85 29 afgifna
716 483 142 23 betänkande

107 520 52 22 med
176 526 37 16 n:o
229 520 14 21 9
259 519 138 22 betecknade
413 520 112 28 paragraf:

182 555 82 22 »Finsk
284 555 154 28 medborgare,
455 555 90 23 hvilken
562 555 108 22 åstundar
685 556 31 21 att
731 555 13 22 å
760 555 75 22 landet
851 555 6 21 i

107 591 109 23 afseende
232 591 13 22 ä
259 591 137 28 försäljning
419 591 115 28 kringföra
558 591 162 22 handelsvaror
739 591 48 23 från
804 590 55 29 gård

108 628 30 21 till
160 627 62 29 gård,
245 627 87 22 ansöke
351 633 38 16 om
406 627 104 28 rättighet
534 627 70 22 härtill
629 627 44 22 hos
689 626 171 23 vederbörande

109 663 127 27 Guvernör,
257 669 50 16 som
324 662 55 23 efter
395 662 109 29 pröfning
519 663 22 22 af
558 663 132 22 sökandens
707 662 153 29 oförvitlighet

109 699 99 22 utfärdar
231 698 176 23 tillständsbevis
425 699 5 21 i
446 698 60 23 form
522 699 22 22 af
560 705 29 16 en
610 700 77 27 öppen
706 698 155 29 förpassning,

109 735 106 28 gällande
230 734 35 22 för
281 735 29 22 ett
327 734 22 22 är
365 734 5 22 i
388 734 89 23 sender.
500 734 141 29 Rättigheten
658 735 30 22 att
704 734 102 23 beskatta
820 733 42 24 slik

110 770 169 29 näringsidkare
301 770 74 22 tillhör
398 770 45 22 den
462 770 118 28 kommun,
596 770 90 23 hvarest
702 770 44 23 han
761 772 24 21 är
801 776 60 16 man-

110 806 163 23 talsskrifven.»

183 842 41 22 Till
241 841 135 29 motivering
391 841 22 23 af
424 841 81 23 denna
521 842 103 28 paragraf
640 842 65 22 anför
716 842 106 27 komiten,
832 843 31 20 att

112 878 30 22 de
158 877 145 29 synpunkter,
327 877 75 22 hvilka
425 877 95 29 tidigare
543 877 101 29 betingat
660 877 166 23 bibehällandet
842 876 21 23 af

111 913 218 29 inskränkningarna
349 913 5 21 i
375 913 205 29 gärdfarihandeln,
607 920 93 16 numera
726 913 48 23 icke
798 912 66 23 hafva

113 955 87 17 samma
224 948 158 29 tillämplighet.
414 949 6 22 I
437 948 46 23 den
500 950 52 21 män
569 949 44 23 den
629 949 59 23 fasta
704 948 159 23 landthandeln

113 984 130 28 utvecklats,
255 984 40 23 har
305 984 146 29 möjligheten
462 984 37 23 för
509 985 233 29 gärdfarihandlarena
750 986 31 21 att
789 984 76 23 fordra

113 1020 98 29 oskäligt
228 1020 61 29 höga
305 1020 46 28 pris
366 1020 36 22 för
419 1020 49 22 sina
484 1027 66 16 varor
566 1021 117 27 minskats,
699 1020 90 23 hvarför
799 1020 66 29 gärd-

113 1056 140 22 farihandeln
278 1062 97 21 numera,
399 1056 74 22 under
497 1056 61 23 sund
582 1056 141 23 konkurrens
747 1056 53 22 med
821 1056 44 22 den

113 1092 59 22 fasta
188 1092 161 22 landthandeln
365 1092 77 22 kunde
458 1098 70 16 anses
543 1098 90 16 snarare
643 1099 52 15 vara
705 1092 44 23 den
760 1091 107 29 köpande

114 1127 151 23 allmänheten
289 1128 30 22 till
342 1134 62 22 gagn
428 1129 29 21 än
483 1128 30 22 till
531 1128 76 22 skada.
639 1128 51 22 Den
706 1128 98 28 partiella
820 1128 47 25 rätt,

115 1164 27 22 N.
160 1163 21 23 L.
198 1163 124 29 medgifver
343 1164 30 22 till
395 1163 189 29 gärdfarihandel,
602 1164 130 22 förutsätter
747 1170 35 22 en,
798 1163 69 29 enligt

116 1199 60 23 hvad
190 1199 153 23 erfarenheten
359 1200 64 27 visat,
434 1200 5 21 i
451 1200 117 28 praktiken
581 1200 25 22 sä
616 1200 58 28 godt
689 1206 51 16 som
751 1199 117 23 outförbar

116 1234 100 29 eftersyn
232 1235 22 22 af
269 1235 249 29 gärdfarihandlarenes
542 1236 138 27 varuförräd,
703 1235 44 23 och
770 1236 98 22 bestäm-

117 1270 86 29 ningar,
228 1277 51 16 som
299 1271 48 22 icke
363 1270 77 24 kunna
456 1271 134 28 efterlefvas,
606 1273 81 27 utgöra
703 1278 28 16 en
747 1270 122 29 beständig

116 1306 58 22 källa
197 1306 30 22 till
251 1306 215 29 lagöfverträdelser.
499 1307 106 23 Komiten
628 1307 74 29 ansåg
721 1307 60 22 dock
799 1306 70 23 finskt

117 1342 208 29 medborgareskap
348 1342 139 23 fortfarande
511 1343 56 22 böra
591 1344 81 28 utgöra
695 1344 30 21 ett
740 1342 79 23 villkor
834 1342 37 22 för

117 1377 194 29 gärdfarihandels
338 1378 155 24 bedrifvande.
525 1378 67 23 Detta
616 1380 78 28 syntes
717 1379 99 22 komiten
833 1378 37 22 be-

118 1413 88 29 tingadt
222 1413 22 23 af
260 1414 141 28 ordningens
425 1414 45 22 och
497 1414 147 23 säkerhetens
668 1415 101 27 intresse,
788 1414 83 22 hvilket
