1106 1750
265 152 28 20 20

234 219 85 22 räknas
334 220 37 22 för
386 220 26 22 år
428 222 61 26 1907,
504 228 52 14 men
571 220 105 22 däremot
687 228 28 14 en
726 220 89 29 ökning
825 220 27 22 af
859 220 132 22 inkomsten

234 261 85 21 genom
341 254 148 30 inbetalning
509 255 26 21 af
547 255 188 29 köpeskillingen
749 255 37 22 för
800 255 142 29 lägenheter,
957 255 34 21 in-

234 289 61 21 lösta
310 289 36 21 för
360 289 45 21 den
416 290 123 22 obesuttna
551 290 180 28 befolkningens
742 290 106 28 räkning,
859 290 66 21 torde
935 297 56 14 vara

234 326 36 18 att
280 326 93 24 emotse,
384 324 41 22 har
435 324 192 22 totalinkomsten
635 324 52 22 från
695 324 178 30 ifrågavarande
880 324 111 22 inkomst-

234 358 53 21 titel
302 358 119 29 upptagits
437 358 36 22 till
489 360 92 24 500,000
596 359 71 22 mark.

304 392 121 29 Kejserliga
449 393 107 22 Senatens
579 394 98 28 tryckeri.
693 407 28 3 —
736 394 52 21 Den
803 393 42 22 här
860 392 131 22 beräknade

234 426 72 29 högre
330 427 131 22 inkomsten
483 430 25 19 är
531 427 82 23 endast
629 435 28 15 en
672 428 59 30 följd
746 428 26 23 af
785 427 135 23 förändradt
935 427 56 22 bok-

234 461 138 30 föringssätt
386 463 40 22 vid
441 463 132 29 tryckeriet.

452 573 157 23 Beträffande
628 573 144 29 utgifterna.

308 637 314 29 Generalguvernörskansliet.
637 651 28 3 —
679 637 38 22 Då
732 645 28 14 en
771 636 135 30 minskning
916 636 8 22 i
935 636 54 22 kan-

234 671 65 21 sliets
314 672 280 29 tjänstemannapersonal
610 672 66 22 torde
691 680 56 14 vara
757 674 36 20 att
803 673 93 25 emotse,
907 671 40 22 har
961 678 28 14 en

234 706 136 29 minskning
379 706 9 22 i
398 706 129 29 utgifterna
537 706 36 22 för
584 706 99 22 kansliet
694 708 88 20 ansetts
793 706 78 22 kunna
882 713 43 21 ega
933 713 56 14 rum.

305 740 125 22 Tukthusen
441 741 38 22 och
489 741 213 28 arbetsfängelserna
711 743 59 20 samt
781 741 59 21 läns-
851 741 38 21 och
899 741 92 21 härads-

233 776 149 27 fängelserna.
400 789 26 2 —
441 776 12 21 I
469 775 58 29 följd
542 776 26 22 af
581 783 29 14 en
625 775 124 29 ifrågasatt
764 775 135 29 förhöjning
914 775 27 21 af
953 774 37 22 be-

233 810 133 28 tjeningens
377 810 170 22 löneförmåner
558 810 71 22 hafva
639 810 199 29 utgiftsbeloppen
849 810 37 21 för
896 810 26 21 år
935 810 54 21 1907

233 844 104 29 förhöjts.

305 879 177 28 Tullkamrarna,
507 880 180 28 bevakningarna
708 880 39 21 och
765 879 184 28 expeditionerna.
963 892 28 2 —

233 913 213 29 Utgiftsbeloppets
466 914 89 28 ökning
573 914 74 21 under
665 914 76 21 denna
757 913 51 21 titel
824 913 67 21 beror
902 912 89 29 jämväl

234 947 27 21 af
274 955 28 13 en
317 947 124 29 ifrågasatt
455 948 189 29 löneförhöjning
659 948 24 22 åt
698 947 201 29 tullbetjeningen.

304 982 251 29 Revierförvaltningen.
571 996 24 3 —
615 982 176 30 Förhöjningen
809 984 48 20 mot
876 983 55 21 1906
954 982 37 21 års

233 1016 149 29 statsförslag
397 1017 67 22 beror
479 1018 30 28 på
524 1025 28 14 en
565 1018 124 28 ifrågasatt
703 1016 190 30 löneförhöjning
907 1017 25 21 åt
942 1017 48 21 lan-

232 1051 52 21 dets
300 1051 164 22 forstmästare.

304 1086 201 28 Normallyceerna.
517 1100 24 2 —--
553 1086 36 22 Då
599 1086 52 22 från
664 1086 193 22 nästkommande
867 1085 54 22 höst
933 1086 58 21 real-

232 1120 70 28 linjer
317 1120 65 22 skola
396 1120 100 22 inrättas
511 1121 40 21 vid
566 1121 205 29 normallyceerna,
783 1120 70 22 hafva
863 1120 128 29 utgifterna

232 1154 75 22 under
322 1154 76 23 denna
413 1155 52 22 titel
481 1156 78 21 blifvit
573 1156 112 29 förhöjda.

302 1190 275 23 Fruntimmersskolorna.
604 1204 27 3 —
656 1190 176 29 Förhöjningen
857 1192 49 19 mot
930 1190 60 21 årets

232 1223 149 30 statsförslag
406 1224 66 22 beror
494 1225 30 28 på
547 1225 155 28 uppkomsten
725 1225 26 22 af
770 1225 37 21 till
821 1224 170 22 Universitetet

232 1257 100 22 ledande
347 1258 255 29 fortbildningsklasser
612 1259 36 22 för
658 1259 107 29 kvinliga
777 1259 76 21 elever
863 1258 40 22 vid
914 1258 77 22 finska

232 1290 269 25 fruntimmersskolorna
516 1293 8 22 i
539 1293 154 30 Helsingfors.

303 1328 274 28 Distriktsinspektorerna
591 1329 37 27 för
642 1329 124 27 folkskolor.
787 1342 28 2 —
830 1327 105 23 Emedan
951 1334 40 15 sex

232 1368 47 21 nya
296 1361 343 30 folkskoleinspektorsdistrikt
653 1363 66 21 torde
734 1363 94 21 komma
843 1364 35 20 att
892 1362 99 22 inrättas

232 1396 72 21 hafva
319 1396 129 29 utgifterna
463 1398 120 28 upptagits
599 1398 35 21 till
649 1398 70 28 högre
735 1397 92 29 belopp.

307 1430 223 24 Veterinärväsendet.
547 1445 27 3 —
589 1432 64 21 Enär
668 1432 40 21 det
722 1432 8 21 i
747 1430 172 29 statsförslaget
934 1438 57 22 upp-

233 1466 73 27 tagna
321 1465 107 29 anslaget
442 1466 37 22 för
493 1466 139 22 hämmande
643 1466 26 22 af
677 1466 169 22 smittosamma
858 1465 133 29 sjukdomar

303 1512 142 18 Statsutskottets
458 1513 107 18 betänkande
578 1513 38 17 N:o
632 1514 15 16 7.
