<?xml version="1.0" encoding="UTF-8"?>
<alto xmlns="http://www.loc.gov/standards/alto/ns-v3#" xmlns:xlink="http://www.w3.org/1999/xlink" xmlns:xsi="http://www.w3.org/2001/XMLSchema-instance" xsi:schemaLocation="http://www.loc.gov/standards/alto/ns-v3# http://www.loc.gov/alto/v3/alto-3-0.xsd">
	<Description>
		<MeasurementUnit>pixel</MeasurementUnit>
		<sourceImageInformation>
			<fileName>/tmp/tess__903ywv1_input.PNG</fileName>
		</sourceImageInformation>
		<OCRProcessing ID="OCR_0">
			<ocrProcessingStep>
				<processingSoftware>
					<softwareName>tesseract 5.3.4</softwareName>
				</processingSoftware>
			</ocrProcessingStep>
		</OCRProcessing>
	</Description>
	<Layout>
		<Page WIDTH="1106" HEIGHT="1748" PHYSICAL_IMG_NR="0" ID="page_0">
			<PrintSpace HPOS="0" VPOS="0" WIDTH="1106" HEIGHT="1748">
				<ComposedBlock ID="cblock_0" HPOS="289" VPOS="154" WIDTH="567" HEIGHT="30">
					<TextBlock ID="block_0" HPOS="289" VPOS="154" WIDTH="567" HEIGHT="30">
						<TextLine ID="line_0" HPOS="289" VPOS="154" WIDTH="567" HEIGHT="30">
							<String ID="string_0" HPOS="289" VPOS="156" WIDTH="84" HEIGHT="23" WC="0.89" CONTENT="Ständ."/><SP WIDTH="13" VPOS="156" HPOS="373"/>
							<String ID="string_1" HPOS="386" VPOS="156" WIDTH="39" HEIGHT="22" WC="0.93" CONTENT="Sv."/><SP WIDTH="18" VPOS="156" HPOS="425"/>
							<String ID="string_2" HPOS="443" VPOS="169" WIDTH="24" HEIGHT="3" WC="0.93" CONTENT="—"/><SP WIDTH="16" VPOS="169" HPOS="467"/>
							<String ID="string_3" HPOS="483" VPOS="156" WIDTH="74" HEIGHT="28" WC="0.96" CONTENT="Prop."/><SP WIDTH="18" VPOS="156" HPOS="557"/>
							<String ID="string_4" HPOS="575" VPOS="156" WIDTH="40" HEIGHT="22" WC="0.96" CONTENT="N:o"/><SP WIDTH="16" VPOS="156" HPOS="615"/>
							<String ID="string_5" HPOS="631" VPOS="154" WIDTH="36" HEIGHT="23" WC="0.96" CONTENT="12."/><SP WIDTH="175" VPOS="154" HPOS="667"/>
							<String ID="string_6" HPOS="842" VPOS="154" WIDTH="14" HEIGHT="22" WC="0.96" CONTENT="5"/>
						</TextLine>
					</TextBlock>
				</ComposedBlock>
				<ComposedBlock ID="cblock_1" HPOS="102" VPOS="226" WIDTH="763" HEIGHT="1275">
					<TextBlock ID="block_1" HPOS="102" VPOS="226" WIDTH="755" HEIGHT="134">
						<TextLine ID="line_1" HPOS="102" VPOS="226" WIDTH="754" HEIGHT="31">
							<String ID="string_7" HPOS="102" VPOS="227" WIDTH="78" HEIGHT="30" WC="0.92" CONTENT="nädig"/><SP WIDTH="18" VPOS="227" HPOS="180"/>
							<String ID="string_8" HPOS="198" VPOS="228" WIDTH="158" HEIGHT="28" WC="0.94" CONTENT="proposition"/><SP WIDTH="18" VPOS="228" HPOS="356"/>
							<String ID="string_9" HPOS="374" VPOS="234" WIDTH="40" HEIGHT="16" WC="0.93" CONTENT="om"/><SP WIDTH="19" VPOS="234" HPOS="414"/>
							<String ID="string_10" HPOS="433" VPOS="227" WIDTH="154" HEIGHT="29" WC="0.91" CONTENT="tryckfrihet,"/><SP WIDTH="18" VPOS="227" HPOS="587"/>
							<String ID="string_11" HPOS="605" VPOS="233" WIDTH="76" HEIGHT="23" WC="0.92" CONTENT="synes"/><SP WIDTH="18" VPOS="233" HPOS="681"/>
							<String ID="string_12" HPOS="699" VPOS="226" WIDTH="110" HEIGHT="23" WC="0.93" CONTENT="nämnda"/><SP WIDTH="14" VPOS="226" HPOS="809"/>
							<String ID="string_13" HPOS="823" VPOS="226" WIDTH="33" HEIGHT="22" WC="0.92" CONTENT="öf-"/>
						</TextLine>
						<TextLine ID="line_2" HPOS="104" VPOS="261" WIDTH="753" HEIGHT="30">
							<String ID="string_14" HPOS="104" VPOS="262" WIDTH="154" HEIGHT="29" WC="0.92" CONTENT="verstyrelse"/><SP WIDTH="18" VPOS="262" HPOS="258"/>
							<String ID="string_15" HPOS="276" VPOS="262" WIDTH="54" HEIGHT="23" WC="0.92" CONTENT="icke"/><SP WIDTH="19" VPOS="262" HPOS="330"/>
							<String ID="string_16" HPOS="349" VPOS="268" WIDTH="68" HEIGHT="16" WC="0.93" CONTENT="mera"/><SP WIDTH="19" VPOS="268" HPOS="417"/>
							<String ID="string_17" HPOS="436" VPOS="262" WIDTH="77" HEIGHT="22" WC="0.91" CONTENT="hafva"/><SP WIDTH="19" VPOS="262" HPOS="513"/>
							<String ID="string_18" HPOS="532" VPOS="262" WIDTH="79" HEIGHT="29" WC="0.92" CONTENT="nägot"/><SP WIDTH="17" VPOS="262" HPOS="611"/>
							<String ID="string_19" HPOS="628" VPOS="261" WIDTH="177" HEIGHT="29" WC="0.92" CONTENT="berättigande"/><SP WIDTH="14" VPOS="261" HPOS="805"/>
							<String ID="string_20" HPOS="819" VPOS="261" WIDTH="38" HEIGHT="22" WC="0.96" CONTENT="för"/>
						</TextLine>
						<TextLine ID="line_3" HPOS="104" VPOS="296" WIDTH="752" HEIGHT="30">
							<String ID="string_21" HPOS="104" VPOS="297" WIDTH="38" HEIGHT="22" WC="0.93" CONTENT="sin"/><SP WIDTH="20" VPOS="297" HPOS="142"/>
							<String ID="string_22" HPOS="162" VPOS="298" WIDTH="112" HEIGHT="22" WC="0.91" CONTENT="existens"/><SP WIDTH="19" VPOS="298" HPOS="274"/>
							<String ID="string_23" HPOS="293" VPOS="297" WIDTH="46" HEIGHT="22" WC="0.93" CONTENT="och"/><SP WIDTH="14" VPOS="297" HPOS="339"/>
							<String ID="string_24" HPOS="353" VPOS="297" WIDTH="115" HEIGHT="29" WC="0.92" CONTENT="anslaget"/><SP WIDTH="11" VPOS="297" HPOS="468"/>
							<String ID="string_25" HPOS="479" VPOS="296" WIDTH="40" HEIGHT="23" WC="0.93" CONTENT="för"/><SP WIDTH="13" VPOS="296" HPOS="519"/>
							<String ID="string_26" HPOS="532" VPOS="297" WIDTH="145" HEIGHT="22" WC="0.92" CONTENT="densamma"/><SP WIDTH="14" VPOS="297" HPOS="677"/>
							<String ID="string_27" HPOS="691" VPOS="296" WIDTH="66" HEIGHT="28" WC="0.92" CONTENT="förty"/><SP WIDTH="12" VPOS="296" HPOS="757"/>
							<String ID="string_28" HPOS="769" VPOS="296" WIDTH="87" HEIGHT="22" WC="0.96" CONTENT="kunna"/>
						</TextLine>
						<TextLine ID="line_4" HPOS="103" VPOS="332" WIDTH="69" HEIGHT="28">
							<String ID="string_29" HPOS="103" VPOS="332" WIDTH="69" HEIGHT="28" WC="0.89" CONTENT="utgä."/>
						</TextLine>
					</TextBlock>
					<TextBlock ID="block_2" HPOS="103" VPOS="360" WIDTH="754" HEIGHT="136">
						<TextLine ID="line_5" HPOS="173" VPOS="360" WIDTH="684" HEIGHT="28">
							<String ID="string_30" HPOS="173" VPOS="360" WIDTH="173" HEIGHT="28" WC="0.44" CONTENT="Ötverskottet"/><SP WIDTH="26" VPOS="360" HPOS="346"/>
							<String ID="string_31" HPOS="372" VPOS="366" WIDTH="7" HEIGHT="22" WC="0.96" CONTENT="i"/><SP WIDTH="27" VPOS="366" HPOS="379"/>
							<String ID="string_32" HPOS="406" VPOS="366" WIDTH="125" HEIGHT="22" WC="0.93" CONTENT="allmänna"/><SP WIDTH="28" VPOS="366" HPOS="531"/>
							<String ID="string_33" HPOS="559" VPOS="365" WIDTH="156" HEIGHT="22" WC="0.92" CONTENT="statsfonden"/><SP WIDTH="28" VPOS="365" HPOS="715"/>
							<String ID="string_34" HPOS="743" VPOS="365" WIDTH="47" HEIGHT="22" WC="0.93" CONTENT="har"/><SP WIDTH="27" VPOS="365" HPOS="790"/>
							<String ID="string_35" HPOS="817" VPOS="364" WIDTH="40" HEIGHT="22" WC="0.90" CONTENT="be-"/>
						</TextLine>
						<TextLine ID="line_6" HPOS="103" VPOS="399" WIDTH="754" HEIGHT="30">
							<String ID="string_36" HPOS="103" VPOS="400" WIDTH="105" HEIGHT="23" WC="0.92" CONTENT="räknats"/><SP WIDTH="18" VPOS="400" HPOS="208"/>
							<String ID="string_37" HPOS="226" VPOS="400" WIDTH="87" HEIGHT="29" WC="0.92" CONTENT="uppgä"/><SP WIDTH="19" VPOS="400" HPOS="313"/>
							<String ID="string_38" HPOS="332" VPOS="400" WIDTH="28" HEIGHT="22" WC="0.96" CONTENT="är"/><SP WIDTH="20" VPOS="400" HPOS="360"/>
							<String ID="string_39" HPOS="380" VPOS="400" WIDTH="66" HEIGHT="22" WC="0.96" CONTENT="1906"/><SP WIDTH="19" VPOS="400" HPOS="446"/>
							<String ID="string_40" HPOS="465" VPOS="400" WIDTH="35" HEIGHT="22" WC="0.93" CONTENT="till"/><SP WIDTH="19" VPOS="400" HPOS="500"/>
							<String ID="string_41" HPOS="519" VPOS="400" WIDTH="62" HEIGHT="22" WC="0.89" CONTENT="Fmk"/><SP WIDTH="20" VPOS="400" HPOS="581"/>
							<String ID="string_42" HPOS="601" VPOS="399" WIDTH="189" HEIGHT="27" WC="0.91" CONTENT="9,112,562:31"/><SP WIDTH="21" VPOS="399" HPOS="790"/>
							<String ID="string_43" HPOS="811" VPOS="399" WIDTH="46" HEIGHT="22" WC="0.95" CONTENT="och"/>
						</TextLine>
						<TextLine ID="line_7" HPOS="104" VPOS="434" WIDTH="752" HEIGHT="30">
							<String ID="string_44" HPOS="104" VPOS="435" WIDTH="28" HEIGHT="22" WC="0.96" CONTENT="är"/><SP WIDTH="16" VPOS="435" HPOS="132"/>
							<String ID="string_45" HPOS="148" VPOS="435" WIDTH="74" HEIGHT="26" WC="0.96" CONTENT="1907,"/><SP WIDTH="21" VPOS="435" HPOS="222"/>
							<String ID="string_46" HPOS="243" VPOS="435" WIDTH="56" HEIGHT="22" WC="0.93" CONTENT="med"/><SP WIDTH="19" VPOS="435" HPOS="299"/>
							<String ID="string_47" HPOS="318" VPOS="434" WIDTH="164" HEIGHT="30" WC="0.92" CONTENT="iakttagande"/><SP WIDTH="20" VPOS="434" HPOS="482"/>
							<String ID="string_48" HPOS="502" VPOS="434" WIDTH="25" HEIGHT="22" WC="0.93" CONTENT="af"/><SP WIDTH="18" VPOS="434" HPOS="527"/>
							<String ID="string_49" HPOS="545" VPOS="434" WIDTH="192" HEIGHT="28" WC="0.91" CONTENT="ofvanantydda"/><SP WIDTH="10" VPOS="434" HPOS="737"/>
							<String ID="string_50" HPOS="747" VPOS="434" WIDTH="109" HEIGHT="26" WC="0.91" CONTENT="rättelse,"/>
						</TextLine>
						<TextLine ID="line_8" HPOS="104" VPOS="469" WIDTH="292" HEIGHT="27">
							<String ID="string_51" HPOS="104" VPOS="470" WIDTH="36" HEIGHT="22" WC="0.93" CONTENT="till"/><SP WIDTH="19" VPOS="470" HPOS="140"/>
							<String ID="string_52" HPOS="159" VPOS="470" WIDTH="139" HEIGHT="26" WC="0.91" CONTENT="8,902,000"/><SP WIDTH="20" VPOS="470" HPOS="298"/>
							<String ID="string_53" HPOS="318" VPOS="469" WIDTH="78" HEIGHT="23" WC="0.96" CONTENT="mark."/>
						</TextLine>
					</TextBlock>
					<TextBlock ID="block_3" HPOS="104" VPOS="502" WIDTH="759" HEIGHT="618">
						<TextLine ID="line_9" HPOS="172" VPOS="502" WIDTH="686" HEIGHT="30">
							<String ID="string_54" HPOS="172" VPOS="504" WIDTH="55" HEIGHT="22" WC="0.93" CONTENT="Den"/><SP WIDTH="21" VPOS="504" HPOS="227"/>
							<String ID="string_55" HPOS="248" VPOS="504" WIDTH="200" HEIGHT="28" WC="0.92" CONTENT="approximativa"/><SP WIDTH="20" VPOS="504" HPOS="448"/>
							<String ID="string_56" HPOS="468" VPOS="504" WIDTH="119" HEIGHT="28" WC="0.93" CONTENT="kalkylen"/><SP WIDTH="16" VPOS="504" HPOS="587"/>
							<String ID="string_57" HPOS="603" VPOS="504" WIDTH="71" HEIGHT="21" WC="0.93" CONTENT="öfver"/><SP WIDTH="13" VPOS="504" HPOS="674"/>
							<String ID="string_58" HPOS="687" VPOS="502" WIDTH="171" HEIGHT="23" WC="0.92" CONTENT="statsfondens"/>
						</TextLine>
						<TextLine ID="line_10" HPOS="104" VPOS="537" WIDTH="754" HEIGHT="31">
							<String ID="string_59" HPOS="104" VPOS="539" WIDTH="199" HEIGHT="22" WC="0.92" CONTENT="extraordinarie"/><SP WIDTH="19" VPOS="539" HPOS="303"/>
							<String ID="string_60" HPOS="322" VPOS="538" WIDTH="103" HEIGHT="30" WC="0.96" CONTENT="utgifter"/><SP WIDTH="18" VPOS="538" HPOS="425"/>
							<String ID="string_61" HPOS="443" VPOS="538" WIDTH="81" HEIGHT="22" WC="0.93" CONTENT="under"/><SP WIDTH="19" VPOS="538" HPOS="524"/>
							<String ID="string_62" HPOS="543" VPOS="538" WIDTH="59" HEIGHT="22" WC="0.87" CONTENT="ären"/><SP WIDTH="20" VPOS="538" HPOS="602"/>
							<String ID="string_63" HPOS="622" VPOS="537" WIDTH="161" HEIGHT="23" WC="0.91" CONTENT="1906—1907"/><SP WIDTH="14" VPOS="537" HPOS="783"/>
							<String ID="string_64" HPOS="797" VPOS="543" WIDTH="61" HEIGHT="22" WC="0.91" CONTENT="upp-"/>
						</TextLine>
						<TextLine ID="line_11" HPOS="104" VPOS="572" WIDTH="755" HEIGHT="30">
							<String ID="string_65" HPOS="104" VPOS="575" WIDTH="83" HEIGHT="27" WC="0.92" CONTENT="tager:"/><SP WIDTH="27" VPOS="575" HPOS="187"/>
							<String ID="string_66" HPOS="214" VPOS="573" WIDTH="77" HEIGHT="29" WC="0.96" CONTENT="enligt"/><SP WIDTH="29" VPOS="573" HPOS="291"/>
							<String ID="string_67" HPOS="320" VPOS="573" WIDTH="67" HEIGHT="23" WC="0.93" CONTENT="1906"/><SP WIDTH="26" VPOS="573" HPOS="387"/>
							<String ID="string_68" HPOS="413" VPOS="573" WIDTH="41" HEIGHT="22" WC="0.91" CONTENT="ärs"/><SP WIDTH="25" VPOS="573" HPOS="454"/>
							<String ID="string_69" HPOS="479" VPOS="572" WIDTH="198" HEIGHT="23" WC="0.92" CONTENT="extraordinarie"/><SP WIDTH="23" VPOS="572" HPOS="677"/>
							<String ID="string_70" HPOS="700" VPOS="572" WIDTH="159" HEIGHT="28" WC="0.92" CONTENT="statsförslag"/>
						</TextLine>
						<TextLine ID="line_12" HPOS="105" VPOS="606" WIDTH="753" HEIGHT="29">
							<String ID="string_71" HPOS="105" VPOS="608" WIDTH="137" HEIGHT="26" WC="0.59" CONTENT="2,485,520"/><SP WIDTH="23" VPOS="608" HPOS="242"/>
							<String ID="string_72" HPOS="265" VPOS="608" WIDTH="80" HEIGHT="26" WC="0.93" CONTENT="mark;"/><SP WIDTH="25" VPOS="608" HPOS="345"/>
							<String ID="string_73" HPOS="370" VPOS="608" WIDTH="147" HEIGHT="21" WC="0.92" CONTENT="därutöfver"/><SP WIDTH="24" VPOS="608" HPOS="517"/>
							<String ID="string_74" HPOS="541" VPOS="606" WIDTH="126" HEIGHT="29" WC="0.96" CONTENT="beviljade"/><SP WIDTH="24" VPOS="606" HPOS="667"/>
							<String ID="string_75" HPOS="691" VPOS="606" WIDTH="94" HEIGHT="29" WC="0.96" CONTENT="anslag,"/><SP WIDTH="21" VPOS="606" HPOS="785"/>
							<String ID="string_76" HPOS="806" VPOS="612" WIDTH="52" HEIGHT="15" WC="0.96" CONTENT="som"/>
						</TextLine>
						<TextLine ID="line_13" HPOS="104" VPOS="640" WIDTH="754" HEIGHT="30">
							<String ID="string_77" HPOS="104" VPOS="642" WIDTH="54" HEIGHT="22" WC="0.91" CONTENT="icke"/><SP WIDTH="13" VPOS="642" HPOS="158"/>
							<String ID="string_78" HPOS="171" VPOS="642" WIDTH="136" HEIGHT="22" WC="0.91" CONTENT="utbetalats"/><SP WIDTH="19" VPOS="642" HPOS="307"/>
							<String ID="string_79" HPOS="326" VPOS="642" WIDTH="45" HEIGHT="22" WC="0.93" CONTENT="och"/><SP WIDTH="20" VPOS="642" HPOS="371"/>
							<String ID="string_80" HPOS="391" VPOS="642" WIDTH="21" HEIGHT="28" WC="0.91" CONTENT="ej"/><SP WIDTH="21" VPOS="642" HPOS="412"/>
							<String ID="string_81" HPOS="433" VPOS="641" WIDTH="77" HEIGHT="23" WC="0.93" CONTENT="heller"/><SP WIDTH="19" VPOS="641" HPOS="510"/>
							<String ID="string_82" HPOS="529" VPOS="641" WIDTH="83" HEIGHT="22" WC="0.92" CONTENT="säsom"/><SP WIDTH="21" VPOS="641" HPOS="612"/>
							<String ID="string_83" HPOS="633" VPOS="641" WIDTH="76" HEIGHT="28" WC="0.92" CONTENT="utgift"/><SP WIDTH="12" VPOS="641" HPOS="709"/>
							<String ID="string_84" HPOS="721" VPOS="640" WIDTH="137" HEIGHT="29" WC="0.92" CONTENT="upptagits,"/>
						</TextLine>
						<TextLine ID="line_14" HPOS="107" VPOS="674" WIDTH="752" HEIGHT="31">
							<String ID="string_85" HPOS="107" VPOS="676" WIDTH="139" HEIGHT="27" WC="0.89" CONTENT="1,997,000"/><SP WIDTH="30" VPOS="676" HPOS="246"/>
							<String ID="string_86" HPOS="276" VPOS="676" WIDTH="82" HEIGHT="27" WC="0.89" CONTENT="mark;"/><SP WIDTH="36" VPOS="676" HPOS="358"/>
							<String ID="string_87" HPOS="394" VPOS="676" WIDTH="96" HEIGHT="29" WC="0.89" CONTENT="anslag,"/><SP WIDTH="25" VPOS="676" HPOS="490"/>
							<String ID="string_88" HPOS="515" VPOS="683" WIDTH="40" HEIGHT="15" WC="0.92" CONTENT="om"/><SP WIDTH="31" VPOS="683" HPOS="555"/>
							<String ID="string_89" HPOS="586" VPOS="675" WIDTH="99" HEIGHT="22" WC="0.91" CONTENT="hvilkas"/><SP WIDTH="30" VPOS="675" HPOS="685"/>
							<String ID="string_90" HPOS="715" VPOS="674" WIDTH="144" HEIGHT="30" WC="0.91" CONTENT="beviljande"/>
						</TextLine>
						<TextLine ID="line_15" HPOS="106" VPOS="709" WIDTH="754" HEIGHT="31">
							<String ID="string_91" HPOS="106" VPOS="711" WIDTH="82" HEIGHT="22" WC="0.91" CONTENT="Eders"/><SP WIDTH="20" VPOS="711" HPOS="188"/>
							<String ID="string_92" HPOS="208" VPOS="711" WIDTH="141" HEIGHT="29" WC="0.92" CONTENT="Kejserliga"/><SP WIDTH="19" VPOS="711" HPOS="349"/>
							<String ID="string_93" HPOS="368" VPOS="711" WIDTH="130" HEIGHT="28" WC="0.91" CONTENT="Majestäts"/><SP WIDTH="17" VPOS="711" HPOS="498"/>
							<String ID="string_94" HPOS="515" VPOS="711" WIDTH="79" HEIGHT="22" WC="0.93" CONTENT="Senat"/><SP WIDTH="18" VPOS="711" HPOS="594"/>
							<String ID="string_95" HPOS="612" VPOS="710" WIDTH="39" HEIGHT="22" WC="0.96" CONTENT="för"/><SP WIDTH="18" VPOS="710" HPOS="651"/>
							<String ID="string_96" HPOS="669" VPOS="709" WIDTH="105" HEIGHT="22" WC="0.93" CONTENT="Finland"/><SP WIDTH="20" VPOS="709" HPOS="774"/>
							<String ID="string_97" HPOS="794" VPOS="709" WIDTH="66" HEIGHT="22" WC="0.92" CONTENT="hem-"/>
						</TextLine>
						<TextLine ID="line_16" HPOS="107" VPOS="744" WIDTH="753" HEIGHT="29">
							<String ID="string_98" HPOS="107" VPOS="746" WIDTH="74" HEIGHT="26" WC="0.93" CONTENT="ställt,"/><SP WIDTH="15" VPOS="746" HPOS="181"/>
							<String ID="string_99" HPOS="196" VPOS="745" WIDTH="106" HEIGHT="27" WC="0.92" CONTENT="660,000"/><SP WIDTH="14" VPOS="745" HPOS="302"/>
							<String ID="string_100" HPOS="316" VPOS="745" WIDTH="82" HEIGHT="27" WC="0.92" CONTENT="mark;"/><SP WIDTH="17" VPOS="745" HPOS="398"/>
							<String ID="string_101" HPOS="415" VPOS="746" WIDTH="64" HEIGHT="21" WC="0.93" CONTENT="samt"/><SP WIDTH="16" VPOS="746" HPOS="479"/>
							<String ID="string_102" HPOS="495" VPOS="745" WIDTH="146" HEIGHT="22" WC="0.92" CONTENT="därutöfver"/><SP WIDTH="19" VPOS="745" HPOS="641"/>
							<String ID="string_103" HPOS="660" VPOS="744" WIDTH="117" HEIGHT="29" WC="0.92" CONTENT="möjligen"/><SP WIDTH="20" VPOS="744" HPOS="777"/>
							<String ID="string_104" HPOS="797" VPOS="744" WIDTH="63" HEIGHT="21" WC="0.92" CONTENT="före-"/>
						</TextLine>
						<TextLine ID="line_17" HPOS="106" VPOS="778" WIDTH="753" HEIGHT="31">
							<String ID="string_105" HPOS="106" VPOS="780" WIDTH="150" HEIGHT="22" WC="0.96" CONTENT="kommande"/><SP WIDTH="20" VPOS="780" HPOS="256"/>
							<String ID="string_106" HPOS="276" VPOS="780" WIDTH="199" HEIGHT="22" WC="0.96" CONTENT="extraordinarie"/><SP WIDTH="19" VPOS="780" HPOS="475"/>
							<String ID="string_107" HPOS="494" VPOS="779" WIDTH="103" HEIGHT="30" WC="0.93" CONTENT="utgifter"/><SP WIDTH="21" VPOS="779" HPOS="597"/>
							<String ID="string_108" HPOS="618" VPOS="778" WIDTH="144" HEIGHT="27" WC="0.83" CONTENT="14,854,561"/><SP WIDTH="18" VPOS="778" HPOS="762"/>
							<String ID="string_109" HPOS="780" VPOS="778" WIDTH="79" HEIGHT="25" WC="0.96" CONTENT="mark,"/>
						</TextLine>
						<TextLine ID="line_18" HPOS="106" VPOS="813" WIDTH="754" HEIGHT="30">
							<String ID="string_110" HPOS="106" VPOS="815" WIDTH="60" HEIGHT="22" WC="0.92" CONTENT="eller"/><SP WIDTH="18" VPOS="815" HPOS="166"/>
							<String ID="string_111" HPOS="184" VPOS="814" WIDTH="186" HEIGHT="29" WC="0.91" CONTENT="sammanlagdt"/><SP WIDTH="20" VPOS="814" HPOS="370"/>
							<String ID="string_112" HPOS="390" VPOS="814" WIDTH="150" HEIGHT="26" WC="0.92" CONTENT="19,997,081"/><SP WIDTH="16" VPOS="814" HPOS="540"/>
							<String ID="string_113" HPOS="556" VPOS="813" WIDTH="78" HEIGHT="27" WC="0.93" CONTENT="mark,"/><SP WIDTH="15" VPOS="813" HPOS="634"/>
							<String ID="string_114" HPOS="649" VPOS="813" WIDTH="102" HEIGHT="22" WC="0.91" CONTENT="hvilken"/><SP WIDTH="13" VPOS="813" HPOS="751"/>
							<String ID="string_115" HPOS="764" VPOS="819" WIDTH="96" HEIGHT="16" WC="0.96" CONTENT="summa"/>
						</TextLine>
						<TextLine ID="line_19" HPOS="107" VPOS="847" WIDTH="754" HEIGHT="31">
							<String ID="string_116" HPOS="107" VPOS="849" WIDTH="57" HEIGHT="22" WC="0.91" CONTENT="med"/><SP WIDTH="34" VPOS="849" HPOS="164"/>
							<String ID="string_117" HPOS="198" VPOS="849" WIDTH="93" HEIGHT="22" WC="0.79" CONTENT="inemot"/><SP WIDTH="33" VPOS="849" HPOS="291"/>
							<String ID="string_118" HPOS="324" VPOS="849" WIDTH="14" HEIGHT="22" WC="0.95" CONTENT="2"/><SP WIDTH="29" VPOS="849" HPOS="338"/>
							<String ID="string_119" HPOS="367" VPOS="849" WIDTH="117" HEIGHT="29" WC="0.95" CONTENT="miljoner"/><SP WIDTH="33" VPOS="849" HPOS="484"/>
							<String ID="string_120" HPOS="517" VPOS="848" WIDTH="71" HEIGHT="23" WC="0.83" CONTENT="mark"/><SP WIDTH="31" VPOS="848" HPOS="588"/>
							<String ID="string_121" HPOS="619" VPOS="848" WIDTH="149" HEIGHT="28" WC="0.83" CONTENT="öfverstiger"/><SP WIDTH="30" VPOS="848" HPOS="768"/>
							<String ID="string_122" HPOS="798" VPOS="847" WIDTH="63" HEIGHT="22" WC="0.92" CONTENT="före-"/>
						</TextLine>
						<TextLine ID="line_20" HPOS="106" VPOS="882" WIDTH="753" HEIGHT="29">
							<String ID="string_123" HPOS="106" VPOS="884" WIDTH="110" HEIGHT="22" WC="0.93" CONTENT="nämnda"/><SP WIDTH="16" VPOS="884" HPOS="216"/>
							<String ID="string_124" HPOS="232" VPOS="884" WIDTH="148" HEIGHT="22" WC="0.67" CONTENT="öfverskott."/><SP WIDTH="31" VPOS="884" HPOS="380"/>
							<String ID="string_125" HPOS="411" VPOS="884" WIDTH="38" HEIGHT="22" WC="0.96" CONTENT="Då"/><SP WIDTH="20" VPOS="884" HPOS="449"/>
							<String ID="string_126" HPOS="469" VPOS="884" WIDTH="42" HEIGHT="22" WC="0.93" CONTENT="det"/><SP WIDTH="18" VPOS="884" HPOS="511"/>
							<String ID="string_127" HPOS="529" VPOS="882" WIDTH="135" HEIGHT="24" WC="0.95" CONTENT="emellertid"/><SP WIDTH="17" VPOS="882" HPOS="664"/>
							<String ID="string_128" HPOS="681" VPOS="883" WIDTH="28" HEIGHT="21" WC="0.93" CONTENT="är"/><SP WIDTH="20" VPOS="883" HPOS="709"/>
							<String ID="string_129" HPOS="729" VPOS="882" WIDTH="130" HEIGHT="29" WC="0.96" CONTENT="antagligt,"/>
						</TextLine>
						<TextLine ID="line_21" HPOS="107" VPOS="916" WIDTH="754" HEIGHT="31">
							<String ID="string_130" HPOS="107" VPOS="920" WIDTH="35" HEIGHT="20" WC="0.92" CONTENT="att"/><SP WIDTH="18" VPOS="920" HPOS="142"/>
							<String ID="string_131" HPOS="160" VPOS="919" WIDTH="54" HEIGHT="21" WC="0.90" CONTENT="icke"/><SP WIDTH="20" VPOS="919" HPOS="214"/>
							<String ID="string_132" HPOS="234" VPOS="918" WIDTH="48" HEIGHT="22" WC="0.96" CONTENT="alla"/><SP WIDTH="20" VPOS="918" HPOS="282"/>
							<String ID="string_133" HPOS="302" VPOS="918" WIDTH="30" HEIGHT="22" WC="0.96" CONTENT="de"/><SP WIDTH="19" VPOS="918" HPOS="332"/>
							<String ID="string_134" HPOS="351" VPOS="918" WIDTH="7" HEIGHT="22" WC="0.93" CONTENT="i"/><SP WIDTH="19" VPOS="918" HPOS="358"/>
							<String ID="string_135" HPOS="377" VPOS="918" WIDTH="119" HEIGHT="29" WC="0.91" CONTENT="kalkylen"/><SP WIDTH="19" VPOS="918" HPOS="496"/>
							<String ID="string_136" HPOS="515" VPOS="919" WIDTH="131" HEIGHT="27" WC="0.92" CONTENT="upptagna"/><SP WIDTH="13" VPOS="919" HPOS="646"/>
							<String ID="string_137" HPOS="659" VPOS="919" WIDTH="68" HEIGHT="20" WC="0.93" CONTENT="stora"/><SP WIDTH="15" VPOS="919" HPOS="727"/>
							<String ID="string_138" HPOS="742" VPOS="916" WIDTH="119" HEIGHT="22" WC="0.92" CONTENT="arbetena"/>
						</TextLine>
						<TextLine ID="line_22" HPOS="107" VPOS="951" WIDTH="754" HEIGHT="24">
							<String ID="string_139" HPOS="107" VPOS="953" WIDTH="99" HEIGHT="22" WC="0.96" CONTENT="komma"/><SP WIDTH="20" VPOS="953" HPOS="206"/>
							<String ID="string_140" HPOS="226" VPOS="953" WIDTH="36" HEIGHT="22" WC="0.95" CONTENT="till"/><SP WIDTH="19" VPOS="953" HPOS="262"/>
							<String ID="string_141" HPOS="281" VPOS="952" WIDTH="134" HEIGHT="23" WC="0.95" CONTENT="utförande"/><SP WIDTH="19" VPOS="952" HPOS="415"/>
							<String ID="string_142" HPOS="434" VPOS="952" WIDTH="60" HEIGHT="22" WC="0.93" CONTENT="eller"/><SP WIDTH="19" VPOS="952" HPOS="494"/>
							<String ID="string_143" HPOS="513" VPOS="952" WIDTH="79" HEIGHT="23" WC="0.96" CONTENT="blifva"/><SP WIDTH="20" VPOS="952" HPOS="592"/>
							<String ID="string_144" HPOS="612" VPOS="952" WIDTH="121" HEIGHT="22" WC="0.96" CONTENT="slutförda"/><SP WIDTH="14" VPOS="952" HPOS="733"/>
							<String ID="string_145" HPOS="747" VPOS="951" WIDTH="66" HEIGHT="22" WC="0.93" CONTENT="inom"/><SP WIDTH="14" VPOS="951" HPOS="813"/>
							<String ID="string_146" HPOS="827" VPOS="951" WIDTH="34" HEIGHT="21" WC="0.92" CONTENT="in-"/>
						</TextLine>
						<TextLine ID="line_23" HPOS="106" VPOS="985" WIDTH="755" HEIGHT="31">
							<String ID="string_147" HPOS="106" VPOS="987" WIDTH="144" HEIGHT="22" WC="0.92" CONTENT="nevarande"/><SP WIDTH="19" VPOS="987" HPOS="250"/>
							<String ID="string_148" HPOS="269" VPOS="987" WIDTH="181" HEIGHT="29" WC="0.92" CONTENT="finansperiod,"/><SP WIDTH="21" VPOS="987" HPOS="450"/>
							<String ID="string_149" HPOS="471" VPOS="988" WIDTH="27" HEIGHT="21" WC="0.96" CONTENT="är"/><SP WIDTH="19" VPOS="988" HPOS="498"/>
							<String ID="string_150" HPOS="517" VPOS="987" WIDTH="42" HEIGHT="22" WC="0.96" CONTENT="det"/><SP WIDTH="19" VPOS="987" HPOS="559"/>
							<String ID="string_151" HPOS="578" VPOS="986" WIDTH="133" HEIGHT="26" WC="0.96" CONTENT="sannolikt,"/><SP WIDTH="18" VPOS="986" HPOS="711"/>
							<String ID="string_152" HPOS="729" VPOS="987" WIDTH="35" HEIGHT="21" WC="0.96" CONTENT="att"/><SP WIDTH="12" VPOS="987" HPOS="764"/>
							<String ID="string_153" HPOS="776" VPOS="986" WIDTH="31" HEIGHT="22" WC="0.93" CONTENT="de"/><SP WIDTH="14" VPOS="986" HPOS="807"/>
							<String ID="string_154" HPOS="821" VPOS="985" WIDTH="40" HEIGHT="22" WC="0.92" CONTENT="be-"/>
						</TextLine>
						<TextLine ID="line_24" HPOS="106" VPOS="1020" WIDTH="757" HEIGHT="29">
							<String ID="string_155" HPOS="106" VPOS="1022" WIDTH="114" HEIGHT="22" WC="0.91" CONTENT="räknade"/><SP WIDTH="28" VPOS="1022" HPOS="220"/>
							<String ID="string_156" HPOS="248" VPOS="1022" WIDTH="235" HEIGHT="22" WC="0.90" CONTENT="statsinkomsterna"/><SP WIDTH="29" VPOS="1022" HPOS="483"/>
							<String ID="string_157" HPOS="512" VPOS="1022" WIDTH="39" HEIGHT="22" WC="0.91" CONTENT="för"/><SP WIDTH="24" VPOS="1022" HPOS="551"/>
							<String ID="string_158" HPOS="575" VPOS="1020" WIDTH="119" HEIGHT="29" WC="0.91" CONTENT="perioden"/><SP WIDTH="23" VPOS="1020" HPOS="694"/>
							<String ID="string_159" HPOS="717" VPOS="1020" WIDTH="70" HEIGHT="22" WC="0.93" CONTENT="skola"/><SP WIDTH="19" VPOS="1020" HPOS="787"/>
							<String ID="string_160" HPOS="806" VPOS="1020" WIDTH="57" HEIGHT="22" WC="0.93" CONTENT="fullt"/>
						</TextLine>
						<TextLine ID="line_25" HPOS="108" VPOS="1055" WIDTH="754" HEIGHT="23">
							<String ID="string_161" HPOS="108" VPOS="1056" WIDTH="106" HEIGHT="22" WC="0.92" CONTENT="betäcka"/><SP WIDTH="14" VPOS="1056" HPOS="214"/>
							<String ID="string_162" HPOS="228" VPOS="1056" WIDTH="71" HEIGHT="22" WC="0.91" CONTENT="säväl"/><SP WIDTH="14" VPOS="1056" HPOS="299"/>
							<String ID="string_163" HPOS="313" VPOS="1056" WIDTH="31" HEIGHT="22" WC="0.93" CONTENT="de"/><SP WIDTH="13" VPOS="1056" HPOS="344"/>
							<String ID="string_164" HPOS="357" VPOS="1056" WIDTH="126" HEIGHT="22" WC="0.91" CONTENT="ordinarie"/><SP WIDTH="15" VPOS="1056" HPOS="483"/>
							<String ID="string_165" HPOS="498" VPOS="1062" WIDTH="52" HEIGHT="16" WC="0.96" CONTENT="som"/><SP WIDTH="15" VPOS="1062" HPOS="550"/>
							<String ID="string_166" HPOS="565" VPOS="1056" WIDTH="30" HEIGHT="22" WC="0.93" CONTENT="de"/><SP WIDTH="14" VPOS="1056" HPOS="595"/>
							<String ID="string_167" HPOS="609" VPOS="1055" WIDTH="198" HEIGHT="22" WC="0.92" CONTENT="extraordinarie"/><SP WIDTH="20" VPOS="1055" HPOS="807"/>
							<String ID="string_168" HPOS="827" VPOS="1056" WIDTH="35" HEIGHT="20" WC="0.92" CONTENT="ut-"/>
						</TextLine>
						<TextLine ID="line_26" HPOS="106" VPOS="1091" WIDTH="116" HEIGHT="29">
							<String ID="string_169" HPOS="106" VPOS="1091" WIDTH="116" HEIGHT="29" WC="0.91" CONTENT="gifterna."/>
						</TextLine>
					</TextBlock>
					<TextBlock ID="block_4" HPOS="108" VPOS="1124" WIDTH="755" HEIGHT="126">
						<TextLine ID="line_27" HPOS="177" VPOS="1124" WIDTH="682" HEIGHT="30">
							<String ID="string_170" HPOS="177" VPOS="1125" WIDTH="184" HEIGHT="29" WC="0.92" CONTENT="Behällningen"/><SP WIDTH="23" VPOS="1125" HPOS="361"/>
							<String ID="string_171" HPOS="384" VPOS="1125" WIDTH="8" HEIGHT="22" WC="0.96" CONTENT="i"/><SP WIDTH="23" VPOS="1125" HPOS="392"/>
							<String ID="string_172" HPOS="415" VPOS="1124" WIDTH="126" HEIGHT="22" WC="0.93" CONTENT="allmänna"/><SP WIDTH="28" VPOS="1124" HPOS="541"/>
							<String ID="string_173" HPOS="569" VPOS="1124" WIDTH="156" HEIGHT="22" WC="0.93" CONTENT="statsfonden"/><SP WIDTH="28" VPOS="1124" HPOS="725"/>
							<String ID="string_174" HPOS="753" VPOS="1124" WIDTH="48" HEIGHT="22" WC="0.96" CONTENT="den"/><SP WIDTH="28" VPOS="1124" HPOS="801"/>
							<String ID="string_175" HPOS="829" VPOS="1124" WIDTH="30" HEIGHT="21" WC="0.96" CONTENT="31"/>
						</TextLine>
						<TextLine ID="line_28" HPOS="110" VPOS="1158" WIDTH="753" HEIGHT="30">
							<String ID="string_176" HPOS="110" VPOS="1160" WIDTH="134" HEIGHT="22" WC="0.96" CONTENT="december"/><SP WIDTH="14" VPOS="1160" HPOS="244"/>
							<String ID="string_177" HPOS="258" VPOS="1160" WIDTH="66" HEIGHT="22" WC="0.93" CONTENT="1905"/><SP WIDTH="14" VPOS="1160" HPOS="324"/>
							<String ID="string_178" HPOS="338" VPOS="1159" WIDTH="118" HEIGHT="29" WC="0.91" CONTENT="utgjorde"/><SP WIDTH="12" VPOS="1159" HPOS="456"/>
							<String ID="string_179" HPOS="468" VPOS="1159" WIDTH="63" HEIGHT="22" WC="0.92" CONTENT="Fmk"/><SP WIDTH="14" VPOS="1159" HPOS="531"/>
							<String ID="string_180" HPOS="545" VPOS="1159" WIDTH="212" HEIGHT="26" WC="0.92" CONTENT="60,015,932:27,"/><SP WIDTH="15" VPOS="1159" HPOS="757"/>
							<String ID="string_181" HPOS="772" VPOS="1158" WIDTH="91" HEIGHT="22" WC="0.92" CONTENT="hvaraf"/>
						</TextLine>
						<TextLine ID="line_29" HPOS="108" VPOS="1192" WIDTH="755" HEIGHT="31">
							<String ID="string_182" HPOS="108" VPOS="1194" WIDTH="116" HEIGHT="29" WC="0.96" CONTENT="omkring"/><SP WIDTH="22" VPOS="1194" HPOS="224"/>
							<String ID="string_183" HPOS="246" VPOS="1194" WIDTH="96" HEIGHT="22" WC="0.96" CONTENT="hälften"/><SP WIDTH="19" VPOS="1194" HPOS="342"/>
							<String ID="string_184" HPOS="361" VPOS="1194" WIDTH="51" HEIGHT="22" WC="0.96" CONTENT="kan"/><SP WIDTH="19" VPOS="1194" HPOS="412"/>
							<String ID="string_185" HPOS="431" VPOS="1200" WIDTH="74" HEIGHT="16" WC="0.96" CONTENT="anses"/><SP WIDTH="20" VPOS="1200" HPOS="505"/>
							<String ID="string_186" HPOS="525" VPOS="1200" WIDTH="60" HEIGHT="16" WC="0.93" CONTENT="vara"/><SP WIDTH="20" VPOS="1200" HPOS="585"/>
							<String ID="string_187" HPOS="605" VPOS="1193" WIDTH="141" HEIGHT="29" WC="0.90" CONTENT="disponibel"/><SP WIDTH="18" VPOS="1193" HPOS="746"/>
							<String ID="string_188" HPOS="764" VPOS="1193" WIDTH="39" HEIGHT="22" WC="0.93" CONTENT="för"/><SP WIDTH="20" VPOS="1193" HPOS="803"/>
							<String ID="string_189" HPOS="823" VPOS="1192" WIDTH="40" HEIGHT="22" WC="0.92" CONTENT="all-"/>
						</TextLine>
						<TextLine ID="line_30" HPOS="108" VPOS="1228" WIDTH="237" HEIGHT="22">
							<String ID="string_190" HPOS="108" VPOS="1229" WIDTH="92" HEIGHT="21" WC="0.91" CONTENT="männa"/><SP WIDTH="20" VPOS="1229" HPOS="200"/>
							<String ID="string_191" HPOS="220" VPOS="1228" WIDTH="125" HEIGHT="22" WC="0.91" CONTENT="ändamäl."/>
						</TextLine>
					</TextBlock>
					<TextBlock ID="block_5" HPOS="110" VPOS="1262" WIDTH="755" HEIGHT="239">
						<TextLine ID="line_31" HPOS="178" VPOS="1262" WIDTH="686" HEIGHT="23">
							<String ID="string_192" HPOS="178" VPOS="1263" WIDTH="49" HEIGHT="22" WC="0.95" CONTENT="För"/><SP WIDTH="27" VPOS="1263" HPOS="227"/>
							<String ID="string_193" HPOS="254" VPOS="1263" WIDTH="84" HEIGHT="22" WC="0.93" CONTENT="denna"/><SP WIDTH="27" VPOS="1263" HPOS="338"/>
							<String ID="string_194" HPOS="365" VPOS="1262" WIDTH="60" HEIGHT="22" WC="0.91" CONTENT="fond"/><SP WIDTH="29" VPOS="1262" HPOS="425"/>
							<String ID="string_195" HPOS="454" VPOS="1262" WIDTH="94" HEIGHT="22" WC="0.90" CONTENT="förestä"/><SP WIDTH="25" VPOS="1262" HPOS="548"/>
							<String ID="string_196" HPOS="573" VPOS="1262" WIDTH="80" HEIGHT="22" WC="0.96" CONTENT="under"/><SP WIDTH="27" VPOS="1262" HPOS="653"/>
							<String ID="string_197" HPOS="680" VPOS="1262" WIDTH="31" HEIGHT="22" WC="0.96" CONTENT="de"/><SP WIDTH="26" VPOS="1262" HPOS="711"/>
							<String ID="string_198" HPOS="737" VPOS="1262" WIDTH="127" HEIGHT="21" WC="0.96" CONTENT="närmaste"/>
						</TextLine>
						<TextLine ID="line_32" HPOS="110" VPOS="1296" WIDTH="754" HEIGHT="30">
							<String ID="string_199" HPOS="110" VPOS="1298" WIDTH="61" HEIGHT="22" WC="0.96" CONTENT="åren"/><SP WIDTH="27" VPOS="1298" HPOS="171"/>
							<String ID="string_200" HPOS="198" VPOS="1297" WIDTH="62" HEIGHT="22" WC="0.96" CONTENT="flere"/><SP WIDTH="31" VPOS="1297" HPOS="260"/>
							<String ID="string_201" HPOS="291" VPOS="1297" WIDTH="144" HEIGHT="29" WC="0.90" CONTENT="betydande"/><SP WIDTH="30" VPOS="1297" HPOS="435"/>
							<String ID="string_202" HPOS="465" VPOS="1297" WIDTH="111" HEIGHT="29" WC="0.95" CONTENT="utgifter,"/><SP WIDTH="32" VPOS="1297" HPOS="576"/>
							<String ID="string_203" HPOS="608" VPOS="1296" WIDTH="77" HEIGHT="22" WC="0.93" CONTENT="bland"/><SP WIDTH="21" VPOS="1296" HPOS="685"/>
							<String ID="string_204" HPOS="706" VPOS="1296" WIDTH="85" HEIGHT="22" WC="0.95" CONTENT="hvilka"/><SP WIDTH="32" VPOS="1296" HPOS="791"/>
							<String ID="string_205" HPOS="823" VPOS="1296" WIDTH="41" HEIGHT="22" WC="0.96" CONTENT="mä"/>
						</TextLine>
						<TextLine ID="line_33" HPOS="110" VPOS="1330" WIDTH="754" HEIGHT="30">
							<String ID="string_206" HPOS="110" VPOS="1332" WIDTH="105" HEIGHT="22" WC="0.89" CONTENT="nämnas"/><SP WIDTH="28" VPOS="1332" HPOS="215"/>
							<String ID="string_207" HPOS="243" VPOS="1332" WIDTH="42" HEIGHT="22" WC="0.92" CONTENT="det"/><SP WIDTH="27" VPOS="1332" HPOS="285"/>
							<String ID="string_208" HPOS="312" VPOS="1331" WIDTH="115" HEIGHT="27" WC="0.92" CONTENT="förskott,"/><SP WIDTH="30" VPOS="1331" HPOS="427"/>
							<String ID="string_209" HPOS="457" VPOS="1338" WIDTH="53" HEIGHT="15" WC="0.96" CONTENT="som"/><SP WIDTH="28" VPOS="1338" HPOS="510"/>
							<String ID="string_210" HPOS="538" VPOS="1332" WIDTH="7" HEIGHT="21" WC="0.95" CONTENT="i"/><SP WIDTH="28" VPOS="1332" HPOS="545"/>
							<String ID="string_211" HPOS="573" VPOS="1331" WIDTH="110" HEIGHT="29" WC="0.96" CONTENT="enlighet"/><SP WIDTH="24" VPOS="1331" HPOS="683"/>
							<String ID="string_212" HPOS="707" VPOS="1330" WIDTH="56" HEIGHT="22" WC="0.93" CONTENT="med"/><SP WIDTH="19" VPOS="1330" HPOS="763"/>
							<String ID="string_213" HPOS="782" VPOS="1330" WIDTH="82" HEIGHT="22" WC="0.92" CONTENT="Eders"/>
						</TextLine>
						<TextLine ID="line_34" HPOS="111" VPOS="1364" WIDTH="754" HEIGHT="31">
							<String ID="string_214" HPOS="111" VPOS="1366" WIDTH="141" HEIGHT="29" WC="0.96" CONTENT="Kejserliga"/><SP WIDTH="19" VPOS="1366" HPOS="252"/>
							<String ID="string_215" HPOS="271" VPOS="1366" WIDTH="130" HEIGHT="28" WC="0.96" CONTENT="Majestäts"/><SP WIDTH="14" VPOS="1366" HPOS="401"/>
							<String ID="string_216" HPOS="415" VPOS="1366" WIDTH="25" HEIGHT="21" WC="0.93" CONTENT="ät"/><SP WIDTH="15" VPOS="1366" HPOS="440"/>
							<String ID="string_217" HPOS="455" VPOS="1366" WIDTH="109" HEIGHT="21" WC="0.93" CONTENT="Senaten"/><SP WIDTH="15" VPOS="1366" HPOS="564"/>
							<String ID="string_218" HPOS="579" VPOS="1366" WIDTH="69" HEIGHT="28" WC="0.92" CONTENT="gifna"/><SP WIDTH="13" VPOS="1366" HPOS="648"/>
							<String ID="string_219" HPOS="661" VPOS="1364" WIDTH="204" HEIGHT="29" WC="0.96" CONTENT="bemyndigande"/>
						</TextLine>
						<TextLine ID="line_35" HPOS="112" VPOS="1399" WIDTH="753" HEIGHT="23">
							<String ID="string_220" HPOS="112" VPOS="1400" WIDTH="63" HEIGHT="22" WC="0.96" CONTENT="skall"/><SP WIDTH="13" VPOS="1400" HPOS="175"/>
							<String ID="string_221" HPOS="188" VPOS="1400" WIDTH="36" HEIGHT="22" WC="0.93" CONTENT="till"/><SP WIDTH="13" VPOS="1400" HPOS="224"/>
							<String ID="string_222" HPOS="237" VPOS="1400" WIDTH="326" HEIGHT="22" WC="0.91" CONTENT="kommunikationsfonden"/><SP WIDTH="14" VPOS="1400" HPOS="563"/>
							<String ID="string_223" HPOS="577" VPOS="1399" WIDTH="140" HEIGHT="22" WC="0.91" CONTENT="öfverföras"/><SP WIDTH="14" VPOS="1399" HPOS="717"/>
							<String ID="string_224" HPOS="731" VPOS="1399" WIDTH="62" HEIGHT="22" WC="0.96" CONTENT="intill"/><SP WIDTH="14" VPOS="1399" HPOS="793"/>
							<String ID="string_225" HPOS="807" VPOS="1399" WIDTH="58" HEIGHT="21" WC="0.96" CONTENT="dess"/>
						</TextLine>
						<TextLine ID="line_36" HPOS="111" VPOS="1433" WIDTH="754" HEIGHT="30">
							<String ID="string_226" HPOS="111" VPOS="1436" WIDTH="35" HEIGHT="21" WC="0.96" CONTENT="ett"/><SP WIDTH="18" VPOS="1436" HPOS="146"/>
							<String ID="string_227" HPOS="164" VPOS="1436" WIDTH="56" HEIGHT="27" WC="0.93" CONTENT="nytt"/><SP WIDTH="27" VPOS="1436" HPOS="220"/>
							<String ID="string_228" HPOS="247" VPOS="1434" WIDTH="105" HEIGHT="22" WC="0.91" CONTENT="statslån"/><SP WIDTH="29" VPOS="1434" HPOS="352"/>
							<String ID="string_229" HPOS="381" VPOS="1434" WIDTH="32" HEIGHT="28" WC="0.96" CONTENT="på"/><SP WIDTH="25" VPOS="1434" HPOS="413"/>
							<String ID="string_230" HPOS="438" VPOS="1434" WIDTH="169" HEIGHT="29" WC="0.96" CONTENT="fördelaktiga"/><SP WIDTH="20" VPOS="1434" HPOS="607"/>
							<String ID="string_231" HPOS="627" VPOS="1433" WIDTH="90" HEIGHT="22" WC="0.96" CONTENT="villkor"/><SP WIDTH="18" VPOS="1433" HPOS="717"/>
							<String ID="string_232" HPOS="735" VPOS="1433" WIDTH="49" HEIGHT="22" WC="0.92" CONTENT="kan"/><SP WIDTH="20" VPOS="1433" HPOS="784"/>
							<String ID="string_233" HPOS="804" VPOS="1439" WIDTH="61" HEIGHT="22" WC="0.92" CONTENT="upp-"/>
						</TextLine>
						<TextLine ID="line_37" HPOS="112" VPOS="1467" WIDTH="753" HEIGHT="34">
							<String ID="string_234" HPOS="112" VPOS="1470" WIDTH="80" HEIGHT="29" WC="0.95" CONTENT="tagas,"/><SP WIDTH="12" VPOS="1470" HPOS="192"/>
							<String ID="string_235" HPOS="204" VPOS="1471" WIDTH="65" HEIGHT="22" WC="0.96" CONTENT="samt"/><SP WIDTH="18" VPOS="1471" HPOS="269"/>
							<String ID="string_236" HPOS="287" VPOS="1469" WIDTH="145" HEIGHT="32" WC="0.96" CONTENT="beviljande"/><SP WIDTH="21" VPOS="1469" HPOS="432"/>
							<String ID="string_237" HPOS="453" VPOS="1469" WIDTH="25" HEIGHT="23" WC="0.96" CONTENT="af"/><SP WIDTH="19" VPOS="1469" HPOS="478"/>
							<String ID="string_238" HPOS="497" VPOS="1469" WIDTH="40" HEIGHT="22" WC="0.96" CONTENT="lån"/><SP WIDTH="15" VPOS="1469" HPOS="537"/>
							<String ID="string_239" HPOS="552" VPOS="1469" WIDTH="44" HEIGHT="23" WC="0.96" CONTENT="och"/><SP WIDTH="15" VPOS="1469" HPOS="596"/>
							<String ID="string_240" HPOS="611" VPOS="1468" WIDTH="97" HEIGHT="25" WC="0.96" CONTENT="direkta"/><SP WIDTH="19" VPOS="1468" HPOS="708"/>
							<String ID="string_241" HPOS="727" VPOS="1467" WIDTH="138" HEIGHT="26" WC="0.96" CONTENT="understöd"/>
						</TextLine>
					</TextBlock>
				</ComposedBlock>
			</PrintSpace>
		</Page>
	</Layout>
</alto>
