1100 1748
267 150 40 19 112
472 148 23 23 U.
512 149 22 22 B.
551 161 29 3 —
597 149 63 28 Prop.
678 149 38 23 N:o
733 149 20 22 II.

308 231 10 9 »
321 212 45 23 Vid
382 213 263 30 landtdagsmannaval,
662 220 50 16 som
729 213 45 23 den

233 247 121 24 förrättats
365 249 8 22 i
465 249 111 28 valkrets,
588 249 43 22 har
641 249 71 27 N.N.,,
722 249 93 23 bosatt.
828 267 3 4 .
844 267 12 9 .,
867 249 76 22 blifvit
951 252 35 20 ut-

234 283 58 23 sedd
307 284 36 22 till
359 284 103 23 medlem
479 285 24 22 af
514 285 225 23 Storfurstendömet
749 285 113 22 Finlands
872 285 114 28 landtdag

233 319 37 22 för
285 319 64 23 tiden
366 320 53 23 från
436 320 76 23 denne
528 320 48 29 dag
591 321 60 22 intill
668 321 54 22 dess
739 321 158 29 nästföljande
911 321 74 22 landt-

233 355 189 29 dagsmannaval
444 357 116 27 slutförts;
584 357 43 22 och
649 357 75 29 gäller
743 357 65 22 detta
824 357 68 29 intyg
907 357 78 22 såsom

232 391 351 29 landtdagsmannafullmakt.*
618 392 40 23 Ort
674 393 42 22 och
733 392 41 23 tid.

304 427 46 23 Vid
366 428 161 29 uppkommen
541 428 104 29 ledighet
656 428 107 23 utfärdar
775 428 210 23 centralnämnden

232 462 112 23 fullmakt
360 463 24 23 åt
401 463 53 28 den,
471 471 51 16 som
535 464 97 29 jämlikt
648 468 26 19 67
692 465 14 28 &
723 464 61 23 skall
798 464 67 23 träda
876 465 7 22 i
894 464 46 23 den
953 464 31 23 af-

232 499 108 29 gångnes
357 499 73 23 ställe.
463 500 9 22 I
488 500 86 23 sådant
590 500 41 23 fall
646 501 42 22 bör
704 500 111 23 fullmakt
831 507 57 16 vara
904 500 24 23 af
944 500 40 23 föl-

229 534 74 30 jande
320 535 96 29 lydelse:

305 602 10 9 »
319 583 77 23 Sedan
407 584 39 22 vid
457 584 263 29 landtdagsmannaval,
732 591 51 16 som
793 584 46 22 den

376 620 121 23 förrättats
508 621 8 21 i
796 620 110 27 valkrets,
917 620 66 22 N.N.

232 654 61 23 valts
309 655 35 23 till
361 656 101 22 medlem
479 656 24 22 af
514 656 225 23 Storfurstendömet
747 656 113 22 Finlands
870 656 114 29 landtdag

232 690 36 23 för
279 690 65 24 tiden
354 691 53 23 frän
689 692 61 22 intill
761 692 54 22 dess
826 692 157 29 nästföljande

231 726 258 30 landtdagsmannaval
505 728 112 27 slutförts,
635 735 52 15 men
705 728 78 22 denna
794 728 60 29 plats
866 728 77 23 blifvit
954 728 29 22 le-

231 761 48 30 dig,
295 762 49 28 har,
361 763 75 29 enligt
452 767 28 19 67
497 764 14 28 8
527 764 8 22 i
550 764 110 29 vallagen
676 764 24 22 af
716 764 46 22 den

376 818 4 8 ,
397 799 78 28 N.N,
492 800 79 22 bosatt
585 818 62 9 ....,
660 800 77 22 blifvit
749 799 85 23 utsedd
845 800 35 22 att
890 799 94 23 inträda

231 832 78 24 säsom
327 834 103 23 medlem
448 835 24 23 af
486 835 155 29 landidagen;
654 836 43 22 och
709 836 74 28 gäller
793 835 65 23 detta
869 836 68 28 intyg
948 835 34 23 sä-

231 876 50 16 som
300 870 350 30 landtdagsmannafullmakt.*
683 871 41 24 Ort
740 871 44 24 och
800 870 39 24 tid.

576 935 26 19 69
620 933 20 27 8.

302 972 53 22 Alla
379 973 117 23 valsedlar
516 973 66 23 skola
604 974 56 22 härä
676 974 102 22 insättas
798 974 4 21 i
818 974 96 28 omslag,
932 980 50 16 som

230 1007 117 29 förseglas
364 1008 54 22 med
435 1009 224 23 centralnämndens
676 1010 43 22 och
735 1009 169 23 ordförandens
920 1009 62 29 sigill

230 1043 42 22 och
290 1044 106 22 förvaras
412 1044 60 22 intill
489 1044 53 23 dess
560 1045 158 29 nästföljande
735 1045 39 22 val
790 1044 132 30 försiggätt.

301 1079 117 29 Samtliga
441 1080 157 29 uträkningar
620 1081 66 22 skola
702 1080 174 30 genomdragas
892 1080 43 23 och
952 1081 29 29 pä

230 1114 127 24 enahanda
373 1117 48 21 sätt
436 1116 115 29 förseglas
568 1118 61 21 samt
645 1116 105 23 förvaras
767 1117 79 21 säsom
858 1116 78 28 bilaga
947 1116 34 22 till

229 1150 145 28 protokollet.

572 1215 27 19 70
616 1212 20 28 8.

301 1252 36 22 Dä
360 1252 111 30 uppehäll
494 1254 9 21 i
517 1253 175 29 förrättningen
708 1254 63 26 sker,
788 1253 66 23 skola
870 1253 110 29 samtliga

227 1287 118 23 valsedlar
365 1288 45 22 och
425 1288 157 30 uträkningar
597 1289 75 23 hällas
688 1290 27 21 sä
731 1288 129 26 förvarade,
878 1290 34 22 att
927 1288 53 23 icke

227 1323 80 29 nägon
323 1324 43 22 har
383 1324 101 29 tillgäng
498 1324 36 22 till
550 1324 128 23 desamma.

572 1388 26 19 71
616 1384 20 29 8.

299 1424 45 23 Vid
368 1425 224 24 centralnämndens
615 1425 195 24 sammanträden
827 1426 61 23 föres
904 1427 74 28 proto-

226 1459 55 28 koll,
307 1460 66 23 hvari
396 1462 117 28 upptages
537 1461 77 30 dagen
634 1462 35 22 för
688 1461 194 28 sammanträdet,
900 1461 86 24 klock-.
