1106 1750
248 158 13 20 2
436 157 85 23 Ständ.
538 158 38 22 Sv.
599 171 20 3 —
636 158 73 28 Prop.
726 157 44 23 N:o
787 158 33 21 12.

248 228 195 24 skoleväsendet
461 230 8 22 i
488 230 86 22 landet
592 230 81 22 under
692 230 60 22 åren
774 230 66 22 1906
859 230 46 22 och
927 230 74 25 1907,

247 270 40 14 om
318 264 143 29 antagande
489 265 25 21 af
533 265 253 29 stämpelbevillning,
807 264 138 29 bevillning
965 264 38 22 för

248 298 168 28 maltdrycker
436 299 46 22 och
501 299 140 30 bevillning
659 300 39 21 för
717 299 113 29 spelkort
846 299 81 21 under
940 305 62 15 sam-

246 338 41 16 ma
312 332 35 27 år,
367 333 142 29 hvarjämte
529 334 80 22 Eders
629 334 141 29 Kejserliga
789 334 118 28 Majestät
925 334 7 21 i
953 334 49 21 sär-

246 366 66 22 skild
340 367 77 30 nådig
442 368 157 28 proposition
622 369 36 21 till
679 368 143 23 Ständerna
841 368 95 22 lämnat
955 368 46 22 för-

246 400 56 30 slag
329 402 35 22 till
392 403 127 29 reglering
538 403 26 22 af
582 403 282 29 bevillningsbudgeten
883 402 39 22 för
941 402 60 22 åren

247 436 67 23 1906
333 436 45 23 och
400 437 74 23 1907.

314 471 89 23 Ehuru
432 472 36 22 till
495 473 91 22 urtima
613 473 123 28 landtdag
759 472 53 22 icke
832 472 169 22 öfverlämnas

244 505 86 30 någon
354 507 106 22 relation
488 513 39 16 om
547 507 165 22 statsverkets
732 507 110 22 tillstånd
863 507 45 22 och
929 507 71 22 Stän-

244 539 80 23 derna
342 541 99 22 således
461 541 53 23 icke
534 541 53 23 haft
606 542 137 29 anledning
763 543 35 20 att
817 542 59 28 ingå
895 541 7 22 i
916 548 30 15 en
961 541 40 22 de-

244 575 106 29 taljerad
380 576 158 30 granskning
566 576 80 27 däraf,
672 577 46 22 har
747 576 155 23 Ständernas
923 576 77 22 Stats-

244 610 103 26 utskott,
368 617 52 16 som
440 611 42 22 det
501 611 77 29 enligt
606 611 6 29 $
632 612 33 22 36
685 612 7 21 i
709 611 290 29 Landtdagsordningen

243 644 97 29 åligger
351 647 35 20 att
396 646 96 28 afgifva
503 646 160 22 betänkande
674 646 64 22 huru
748 645 81 23 medel
840 645 36 22 till
889 646 110 28 fyllande

244 678 26 22 af
296 679 98 23 landets
422 680 84 26 behof,
535 680 83 22 såvidt
646 681 21 29 ej
688 680 165 22 statsverkets
873 680 125 22 ordinarie

242 713 136 30 tillgångar
408 714 85 23 därtill
520 715 85 27 förslå,
625 715 71 22 skola
716 714 139 26 anskaffas,
875 714 64 22 dock
958 721 41 15 an-

242 749 49 21 sett
314 748 38 29 sig
376 748 63 23 böra
466 749 141 29 framlägga
635 756 30 16 en
690 750 57 22 kort
771 749 162 29 redogörelse
960 749 39 22 för

242 783 166 22 statsverkets
427 784 127 22 ordinarie
567 784 135 29 tillgångar
715 784 46 22 och
774 783 111 29 utgifter.
909 784 88 22 Denna

242 817 161 29 redogörelse
428 818 46 22 har
501 818 123 29 grundats
646 819 32 28 på
703 818 111 30 följande
837 818 159 28 handlingar,

240 850 87 23 hvilka
355 852 25 22 af
411 852 273 30 Finansexpeditionen
709 854 7 21 i
745 853 82 22 Eders
856 852 141 30 Kejserliga

240 885 130 29 Majestäts
391 887 79 23 Senat
482 887 39 22 för
534 888 106 26 Finland
651 888 189 25 öfverlämnats,
855 887 125 29 nämligen
991 894 4 15 :

240 920 69 22 tablå
328 921 73 23 öfver
414 922 171 22 statsfondens
598 922 120 29 ställning
732 922 42 22 vid
789 922 130 28 utgången
931 921 25 22 af
969 922 27 21 år

241 954 75 27 1904,
327 956 185 28 approximativ
521 956 86 29 kalkyl
614 956 72 22 öfver
694 956 171 23 statsfondens
877 956 119 28 ställning

239 989 43 22 vid
308 990 128 30 utgången
461 990 25 23 af
504 991 28 21 år
552 991 66 22 1905
638 993 64 20 samt
722 990 203 29 approximativa
944 990 51 22 kal-

238 1023 72 28 kyler
338 1025 72 22 öfver
438 1025 170 23 statsfondens
637 1026 137 22 inkomster
802 1025 46 22 och
867 1025 127 22 ordinarie

237 1060 65 20 samt
326 1060 199 22 extraordinarie
550 1060 103 29 utgifter
674 1060 82 22 under
781 1060 61 22 åren
863 1059 66 23 1906
948 1060 44 21 och

239 1092 76 23 1907.
340 1094 130 29 Därjämte
486 1094 77 22 hafva
581 1094 56 23 från
655 1094 188 23 Statskontoret
862 1094 131 22 öfverläm-

237 1129 57 20 nats
321 1129 130 29 uppgifter
481 1129 129 29 angående
638 1129 172 22 statsfondens
830 1128 104 29 utgifter
953 1135 40 15 en-

236 1161 46 30 ligt
300 1162 102 23 bokslut
420 1163 40 22 för
480 1164 58 22 åren
560 1163 65 23 1904
644 1164 46 22 och
711 1163 77 23 1905.

306 1197 242 23 Statsinkomsterna
566 1198 46 22 och
631 1198 138 29 utgifterna
789 1197 90 22 ställde
898 1197 40 29 sig
950 1204 41 15 en-

234 1230 47 30 ligt
300 1231 101 23 bokslut
419 1232 40 23 för
472 1233 28 22 år
514 1233 74 26 1905,
602 1233 125 28 jämförda
741 1232 58 23 med
812 1232 179 22 motsvarande

236 1268 85 25 poster
340 1267 78 28 enligt
438 1267 190 29 statsförslaget,
648 1267 82 22 såsom
750 1267 87 28 följer:
