1103 1748
357 128 24 23 U.
398 128 23 23 B.
437 141 29 3 —
482 128 64 29 Prop.
563 128 37 23 N:o
618 129 20 22 II.
814 131 26 19 67

120 193 35 23 för
175 193 216 30 offentliggörande
412 193 24 23 af
451 193 167 30 författningar
634 195 7 21 i
654 193 101 23 Finland
771 195 27 21 är
812 193 60 23 före-

120 229 113 24 skrifven.

191 265 166 23 Förordnande
373 272 38 16 om
422 272 48 23 nya
479 265 38 23 val
529 265 121 23 meddelas
661 265 116 30 därjämte
789 272 82 23 guver-

120 303 98 21 nörerne
239 302 64 22 samt
323 301 29 22 de
373 301 166 29 myndigheter
558 301 44 23 och
623 301 121 27 nämnder,
762 302 14 22 å
791 301 81 23 hvilka

119 337 83 23 valens
218 337 190 23 föranstaltande
425 337 145 22 ankommer.

464 418 27 19 21
508 415 22 29 8.

191 463 51 22 Den
269 462 53 30 dag,
350 462 13 23 &
388 462 96 23 hvilken
506 462 145 30 landtdagen
673 463 61 22 skall
754 469 118 17 samman-

121 499 103 26 komma,
243 498 55 23 böra
313 498 110 30 samtlige
437 498 185 29 landtdagsmän
632 498 53 23 frän
697 498 102 23 klockan
810 499 63 22 elfva

123 534 49 23 före
189 534 134 29 middagen,
339 535 9 22 i
364 534 44 23 den
426 541 86 22 genom
530 535 84 28 anslag
627 537 109 20 närmare
747 535 125 22 tillkänna-

121 570 68 29 gifna
205 570 107 29 ordning,
329 570 73 23 förete
418 571 52 22 sina
486 570 136 23 fullmakter
638 570 35 23 för
687 570 46 23 den
745 571 55 22 eller
811 570 61 27 dem,

122 612 50 17 som
189 605 114 30 Kejsaren
317 606 44 23 och
372 606 146 23 Storfursten
529 606 119 23 förordnat
659 607 34 22 att
703 606 171 23 fullmakterna

121 642 113 29 granska.
267 642 36 23 Dä
313 641 112 24 fullmakt
435 642 74 23 första
519 641 93 30 gången
624 642 92 27 företes,
728 642 144 23 undersökes

121 677 118 24 huruvida
259 677 46 24 den
326 680 26 20 är
371 677 111 24 utfärdad
499 678 23 23 af
540 677 96 30 behörig
652 678 139 29 myndighet
806 678 44 23 och
864 678 9 22 i

121 713 157 24 föreskrifven
294 713 67 24 form.

192 749 159 30 Förteckning
376 749 65 24 öfver
464 749 28 23 de
514 749 127 30 behörigen
663 749 210 30 befullmäktigade

121 785 186 23 medlemmarne
328 785 61 23 skall
409 785 103 30 följande
532 785 47 30 dag
594 785 50 24 före
660 785 102 23 klockan
777 787 32 22 tio
824 786 49 22 före

121 821 129 29 middagen
266 821 191 23 tillhandahällas
472 821 152 30 landtdagen.

193 857 204 29 Landtdagsman,
413 864 50 16 som
480 857 105 23 infinner
598 858 37 29 sig
647 857 58 23 efter
715 857 158 30 landtdagens

122 893 90 29 början,
229 900 56 22 eger
300 893 43 23 där
358 894 83 28 intaga
456 894 57 27 säte,
530 894 73 22 sedan
621 894 46 22 han
684 894 36 22 för
735 894 138 22 talmannen

121 930 111 28 uppvisat
251 929 74 29 enligt
351 933 1 19 1
370 936 69 16 mom.
456 929 110 29 godkänd
583 929 116 23 fullmakt.

466 1004 28 19 22
511 1002 21 28 8.

194 1048 48 23 Har
256 1048 198 30 landtdagsmans
470 1048 112 24 fullmakt
597 1048 53 23 icke
667 1048 78 23 blifvit
755 1048 118 30 godkänd,

122 1091 43 22 ege
182 1084 145 30 landtdagen
343 1086 48 21 rätt
407 1086 35 22 att
457 1085 89 29 pröfva,
562 1084 116 24 huruvida
694 1085 47 23 han
757 1084 73 24 likväl
844 1084 30 30 pä

121 1120 78 29 grund
217 1120 24 23 af
257 1120 140 23 densamma
413 1121 39 22 mä
468 1122 83 28 intaga
568 1122 50 22 säte
633 1121 8 22 i
657 1120 151 30 landtdagen.

195 1156 72 22 Göres
289 1156 76 23 under
386 1156 146 30 landtdagen
552 1157 30 29 pä
603 1156 76 30 grund
700 1156 26 23 af
741 1156 78 23 denna
834 1156 41 29 lag

123 1192 162 29 anmärkning
305 1193 50 21 mot
375 1192 196 29 landtdagsmans
588 1192 143 29 behörighet,
748 1192 126 23 ankomme

122 1228 114 23 likaledes
263 1228 54 23 dess
339 1228 130 29 pröfvande
492 1229 13 22 å
527 1228 150 29 landtdagen,
700 1228 100 23 såframt
820 1228 54 23 icke

123 1270 93 16 samma
228 1264 161 29 anmärkning
400 1271 85 22 genom
497 1264 85 23 besvär
593 1264 65 23 öfver
667 1264 63 23 valet
739 1264 73 23 redan
823 1263 51 23 dra-

122 1300 47 28 gits
181 1299 57 23 eller
249 1302 66 20 ännu
325 1299 49 23 kan
385 1299 86 30 dragas
482 1300 76 23 under
568 1299 146 30 vederbörlig
723 1299 151 30 myndighets

123 1335 134 29 afgörande.

193 1371 9 22 I
218 1371 71 29 öfrigt
305 1371 40 22 må
360 1371 69 29 fråga
444 1377 39 16 om
495 1371 140 30 giltigheten
647 1371 23 22 af
681 1371 193 30 landtdagsman-

122 1406 70 23 naval
208 1406 53 23 icke
277 1407 40 22 vid
334 1407 115 29 landtdag
462 1408 125 28 upptagas,
596 1408 67 22 utom
673 1407 30 22 då
715 1407 161 28 anmärkning

123 1443 69 28 göres
208 1442 88 28 därom,
313 1443 35 22 att
365 1442 149 23 beträffande
529 1443 63 22 valet
608 1443 55 22 eller
679 1443 77 22 därtill
771 1442 103 23 hörande
