<?xml version="1.0" encoding="UTF-8"?>
<alto xmlns="http://www.loc.gov/standards/alto/ns-v3#" xmlns:xlink="http://www.w3.org/1999/xlink" xmlns:xsi="http://www.w3.org/2001/XMLSchema-instance" xsi:schemaLocation="http://www.loc.gov/standards/alto/ns-v3# http://www.loc.gov/alto/v3/alto-3-0.xsd">
	<Description>
		<MeasurementUnit>pixel</MeasurementUnit>
		<sourceImageInformation>
			<fileName>/tmp/tess_tp2w0_r__input.PNG</fileName>
		</sourceImageInformation>
		<OCRProcessing ID="OCR_0">
			<ocrProcessingStep>
				<processingSoftware>
					<softwareName>tesseract 5.3.4</softwareName>
				</processingSoftware>
			</ocrProcessingStep>
		</OCRProcessing>
	</Description>
	<Layout>
		<Page WIDTH="1098" HEIGHT="1745" PHYSICAL_IMG_NR="0" ID="page_0">
			<PrintSpace HPOS="0" VPOS="0" WIDTH="1098" HEIGHT="1745">
				<ComposedBlock ID="cblock_0" HPOS="238" VPOS="145" WIDTH="511" HEIGHT="26">
					<TextBlock ID="block_0" HPOS="238" VPOS="145" WIDTH="511" HEIGHT="26">
						<TextLine ID="line_0" HPOS="238" VPOS="145" WIDTH="511" HEIGHT="26">
							<String ID="string_0" HPOS="238" VPOS="145" WIDTH="23" HEIGHT="18" WC="0.95" CONTENT="22"/><SP WIDTH="264" VPOS="145" HPOS="261"/>
							<String ID="string_1" HPOS="525" VPOS="148" WIDTH="23" HEIGHT="18" WC="0.91" CONTENT="U."/><SP WIDTH="13" VPOS="148" HPOS="548"/>
							<String ID="string_2" HPOS="561" VPOS="148" WIDTH="22" HEIGHT="18" WC="0.89" CONTENT="B."/><SP WIDTH="14" VPOS="148" HPOS="583"/>
							<String ID="string_3" HPOS="597" VPOS="148" WIDTH="59" HEIGHT="23" WC="0.96" CONTENT="Prop."/><SP WIDTH="13" VPOS="148" HPOS="656"/>
							<String ID="string_4" HPOS="669" VPOS="148" WIDTH="37" HEIGHT="18" WC="0.96" CONTENT="N:o"/><SP WIDTH="15" VPOS="148" HPOS="706"/>
							<String ID="string_5" HPOS="721" VPOS="148" WIDTH="28" HEIGHT="18" WC="0.95" CONTENT="10."/>
						</TextLine>
					</TextBlock>
				</ComposedBlock>
				<ComposedBlock ID="cblock_1" HPOS="234" VPOS="206" WIDTH="759" HEIGHT="1174">
					<TextBlock ID="block_1" HPOS="236" VPOS="206" WIDTH="757" HEIGHT="675">
						<TextLine ID="line_1" HPOS="237" VPOS="206" WIDTH="756" HEIGHT="30">
							<String ID="string_6" HPOS="237" VPOS="206" WIDTH="44" HEIGHT="22" WC="0.91" CONTENT="tets"/><SP WIDTH="17" VPOS="206" HPOS="281"/>
							<String ID="string_7" HPOS="298" VPOS="206" WIDTH="152" HEIGHT="29" WC="0.91" CONTENT="öfvertygelse"/><SP WIDTH="17" VPOS="206" HPOS="450"/>
							<String ID="string_8" HPOS="467" VPOS="206" WIDTH="49" HEIGHT="23" WC="0.96" CONTENT="icke"/><SP WIDTH="16" VPOS="206" HPOS="516"/>
							<String ID="string_9" HPOS="532" VPOS="214" WIDTH="41" HEIGHT="16" WC="0.96" CONTENT="ens"/><SP WIDTH="12" VPOS="214" HPOS="573"/>
							<String ID="string_10" HPOS="585" VPOS="214" WIDTH="85" HEIGHT="22" WC="0.96" CONTENT="genom"/><SP WIDTH="12" VPOS="214" HPOS="670"/>
							<String ID="string_11" HPOS="682" VPOS="209" WIDTH="127" HEIGHT="27" WC="0.96" CONTENT="strängaste"/><SP WIDTH="11" VPOS="209" HPOS="809"/>
							<String ID="string_12" HPOS="820" VPOS="207" WIDTH="84" HEIGHT="23" WC="0.96" CONTENT="förbud"/><SP WIDTH="11" VPOS="207" HPOS="904"/>
							<String ID="string_13" HPOS="915" VPOS="208" WIDTH="78" HEIGHT="22" WC="0.96" CONTENT="kunde"/>
						</TextLine>
						<TextLine ID="line_2" HPOS="238" VPOS="241" WIDTH="753" HEIGHT="31">
							<String ID="string_14" HPOS="238" VPOS="241" WIDTH="46" HEIGHT="22" WC="0.96" CONTENT="helt"/><SP WIDTH="20" VPOS="241" HPOS="284"/>
							<String ID="string_15" HPOS="304" VPOS="242" WIDTH="44" HEIGHT="22" WC="0.96" CONTENT="och"/><SP WIDTH="20" VPOS="242" HPOS="348"/>
							<String ID="string_16" HPOS="368" VPOS="242" WIDTH="66" HEIGHT="22" WC="0.94" CONTENT="hållet"/><SP WIDTH="16" VPOS="242" HPOS="434"/>
							<String ID="string_17" HPOS="450" VPOS="243" WIDTH="163" HEIGHT="29" WC="0.96" CONTENT="tillintetgöras,"/><SP WIDTH="24" VPOS="243" HPOS="613"/>
							<String ID="string_18" HPOS="637" VPOS="245" WIDTH="53" HEIGHT="21" WC="0.96" CONTENT="utan"/><SP WIDTH="21" VPOS="245" HPOS="690"/>
							<String ID="string_19" HPOS="711" VPOS="244" WIDTH="91" HEIGHT="22" WC="0.95" CONTENT="komme"/><SP WIDTH="16" VPOS="244" HPOS="802"/>
							<String ID="string_20" HPOS="818" VPOS="244" WIDTH="44" HEIGHT="22" WC="0.95" CONTENT="den"/><SP WIDTH="18" VPOS="244" HPOS="862"/>
							<String ID="string_21" HPOS="880" VPOS="244" WIDTH="63" HEIGHT="22" WC="0.95" CONTENT="likväl"/><SP WIDTH="17" VPOS="244" HPOS="943"/>
							<String ID="string_22" HPOS="960" VPOS="245" WIDTH="31" HEIGHT="21" WC="0.96" CONTENT="att"/>
						</TextLine>
						<TextLine ID="line_3" HPOS="237" VPOS="276" WIDTH="753" HEIGHT="32">
							<String ID="string_23" HPOS="237" VPOS="276" WIDTH="97" HEIGHT="28" WC="0.92" CONTENT="fortfara,"/><SP WIDTH="31" VPOS="276" HPOS="334"/>
							<String ID="string_24" HPOS="365" VPOS="278" WIDTH="164" HEIGHT="23" WC="0.90" CONTENT="förorsakande"/><SP WIDTH="32" VPOS="278" HPOS="529"/>
							<String ID="string_25" HPOS="561" VPOS="279" WIDTH="105" HEIGHT="29" WC="0.96" CONTENT="ständiga"/><SP WIDTH="32" VPOS="279" HPOS="666"/>
							<String ID="string_26" HPOS="698" VPOS="280" WIDTH="148" HEIGHT="22" WC="0.90" CONTENT="trakasserier."/><SP WIDTH="40" VPOS="280" HPOS="846"/>
							<String ID="string_27" HPOS="886" VPOS="280" WIDTH="42" HEIGHT="21" WC="0.96" CONTENT="För"/><SP WIDTH="30" VPOS="280" HPOS="928"/>
							<String ID="string_28" HPOS="958" VPOS="280" WIDTH="32" HEIGHT="21" WC="0.96" CONTENT="att"/>
						</TextLine>
						<TextLine ID="line_4" HPOS="237" VPOS="313" WIDTH="754" HEIGHT="29">
							<String ID="string_29" HPOS="237" VPOS="313" WIDTH="100" HEIGHT="23" WC="0.95" CONTENT="undvika"/><SP WIDTH="36" VPOS="313" HPOS="337"/>
							<String ID="string_30" HPOS="373" VPOS="314" WIDTH="68" HEIGHT="22" WC="0.94" CONTENT="dessa"/><SP WIDTH="37" VPOS="314" HPOS="441"/>
							<String ID="string_31" HPOS="478" VPOS="314" WIDTH="44" HEIGHT="23" WC="0.94" CONTENT="och"/><SP WIDTH="37" VPOS="314" HPOS="522"/>
							<String ID="string_32" HPOS="559" VPOS="315" WIDTH="50" HEIGHT="22" WC="0.91" CONTENT="lösa"/><SP WIDTH="31" VPOS="315" HPOS="609"/>
							<String ID="string_33" HPOS="640" VPOS="315" WIDTH="45" HEIGHT="23" WC="0.91" CONTENT="den"/><SP WIDTH="31" VPOS="315" HPOS="685"/>
							<String ID="string_34" HPOS="716" VPOS="315" WIDTH="100" HEIGHT="27" WC="0.91" CONTENT="konflikt"/><SP WIDTH="32" VPOS="315" HPOS="816"/>
							<String ID="string_35" HPOS="848" VPOS="322" WIDTH="52" HEIGHT="16" WC="0.95" CONTENT="som"/><SP WIDTH="34" VPOS="322" HPOS="900"/>
							<String ID="string_36" HPOS="934" VPOS="316" WIDTH="57" HEIGHT="21" WC="0.96" CONTENT="1900"/>
						</TextLine>
						<TextLine ID="line_5" HPOS="237" VPOS="349" WIDTH="753" HEIGHT="31">
							<String ID="string_37" HPOS="237" VPOS="349" WIDTH="37" HEIGHT="22" WC="0.90" CONTENT="ärs"/><SP WIDTH="23" VPOS="349" HPOS="274"/>
							<String ID="string_38" HPOS="297" VPOS="350" WIDTH="176" HEIGHT="22" WC="0.92" CONTENT="administrativa"/><SP WIDTH="23" VPOS="350" HPOS="473"/>
							<String ID="string_39" HPOS="496" VPOS="350" WIDTH="136" HEIGHT="30" WC="0.92" CONTENT="förordning"/><SP WIDTH="23" VPOS="350" HPOS="632"/>
							<String ID="string_40" HPOS="655" VPOS="351" WIDTH="161" HEIGHT="23" WC="0.92" CONTENT="ästadkommit"/><SP WIDTH="24" VPOS="351" HPOS="816"/>
							<String ID="string_41" HPOS="840" VPOS="351" WIDTH="43" HEIGHT="22" WC="0.93" CONTENT="och"/><SP WIDTH="17" VPOS="351" HPOS="883"/>
							<String ID="string_42" HPOS="900" VPOS="350" WIDTH="90" HEIGHT="23" WC="0.92" CONTENT="hvilken"/>
						</TextLine>
						<TextLine ID="line_6" HPOS="238" VPOS="385" WIDTH="753" HEIGHT="31">
							<String ID="string_43" HPOS="238" VPOS="385" WIDTH="157" HEIGHT="29" WC="0.92" CONTENT="Lagutskottet"/><SP WIDTH="26" VPOS="385" HPOS="395"/>
							<String ID="string_44" HPOS="421" VPOS="386" WIDTH="5" HEIGHT="22" WC="0.95" CONTENT="i"/><SP WIDTH="29" VPOS="386" HPOS="426"/>
							<String ID="string_45" HPOS="455" VPOS="386" WIDTH="37" HEIGHT="22" WC="0.93" CONTENT="sitt"/><SP WIDTH="26" VPOS="386" HPOS="492"/>
							<String ID="string_46" HPOS="518" VPOS="387" WIDTH="104" HEIGHT="28" WC="0.91" CONTENT="yttrande"/><SP WIDTH="31" VPOS="387" HPOS="622"/>
							<String ID="string_47" HPOS="653" VPOS="387" WIDTH="111" HEIGHT="29" WC="0.88" CONTENT="klargjort,"/><SP WIDTH="28" VPOS="387" HPOS="764"/>
							<String ID="string_48" HPOS="792" VPOS="386" WIDTH="40" HEIGHT="23" WC="0.96" CONTENT="har"/><SP WIDTH="27" VPOS="386" HPOS="832"/>
							<String ID="string_49" HPOS="859" VPOS="387" WIDTH="132" HEIGHT="29" WC="0.96" CONTENT="regeringen"/>
						</TextLine>
						<TextLine ID="line_7" HPOS="237" VPOS="422" WIDTH="754" HEIGHT="29">
							<String ID="string_50" HPOS="237" VPOS="422" WIDTH="74" HEIGHT="21" WC="0.94" CONTENT="ansett"/><SP WIDTH="23" VPOS="422" HPOS="311"/>
							<String ID="string_51" HPOS="334" VPOS="418" WIDTH="10" HEIGHT="38" WC="0.40" CONTENT="|"/><SP WIDTH="4" VPOS="418" HPOS="344"/>
							<String ID="string_52" HPOS="348" VPOS="422" WIDTH="142" HEIGHT="29" WC="0.40" CONTENT="nödvändigt"/><SP WIDTH="38" VPOS="422" HPOS="490"/>
							<String ID="string_53" HPOS="528" VPOS="424" WIDTH="32" HEIGHT="20" WC="0.92" CONTENT="att"/><SP WIDTH="37" VPOS="424" HPOS="560"/>
							<String ID="string_54" HPOS="597" VPOS="422" WIDTH="84" HEIGHT="23" WC="0.94" CONTENT="föreslå"/><SP WIDTH="39" VPOS="422" HPOS="681"/>
							<String ID="string_55" HPOS="720" VPOS="423" WIDTH="71" HEIGHT="22" WC="0.95" CONTENT="sådan"/><SP WIDTH="39" VPOS="423" HPOS="791"/>
							<String ID="string_56" HPOS="830" VPOS="423" WIDTH="97" HEIGHT="28" WC="0.95" CONTENT="ändring"/><SP WIDTH="41" VPOS="423" HPOS="927"/>
							<String ID="string_57" HPOS="968" VPOS="422" WIDTH="23" HEIGHT="22" WC="0.94" CONTENT="af"/>
						</TextLine>
						<TextLine ID="line_8" HPOS="237" VPOS="456" WIDTH="753" HEIGHT="31">
							<String ID="string_58" HPOS="237" VPOS="456" WIDTH="180" HEIGHT="29" WC="0.79" CONTENT="Näringslagens"/><SP WIDTH="27" VPOS="456" HPOS="417"/>
							<String ID="string_59" HPOS="444" VPOS="452" WIDTH="14" HEIGHT="39" WC="0.77" CONTENT="—"/><SP WIDTH="9" VPOS="452" HPOS="458"/>
							<String ID="string_60" HPOS="467" VPOS="459" WIDTH="26" HEIGHT="21" WC="0.95" CONTENT="10"/><SP WIDTH="46" VPOS="459" HPOS="493"/>
							<String ID="string_61" HPOS="539" VPOS="458" WIDTH="21" HEIGHT="29" WC="0.50" CONTENT="8,"/><SP WIDTH="40" VPOS="458" HPOS="560"/>
							<String ID="string_62" HPOS="600" VPOS="459" WIDTH="31" HEIGHT="21" WC="0.92" CONTENT="att"/><SP WIDTH="40" VPOS="459" HPOS="631"/>
							<String ID="string_63" HPOS="671" VPOS="458" WIDTH="196" HEIGHT="29" WC="0.88" CONTENT="gärdfarihandeln"/><SP WIDTH="25" VPOS="458" HPOS="867"/>
							<String ID="string_64" HPOS="892" VPOS="452" WIDTH="11" HEIGHT="39" WC="0.58" CONTENT="="/><SP WIDTH="13" VPOS="452" HPOS="903"/>
							<String ID="string_65" HPOS="916" VPOS="458" WIDTH="74" HEIGHT="22" WC="0.58" CONTENT="blefve"/>
						</TextLine>
						<TextLine ID="line_9" HPOS="237" VPOS="492" WIDTH="752" HEIGHT="31">
							<String ID="string_66" HPOS="237" VPOS="492" WIDTH="53" HEIGHT="22" WC="0.92" CONTENT="med"/><SP WIDTH="31" VPOS="492" HPOS="290"/>
							<String ID="string_67" HPOS="321" VPOS="493" WIDTH="109" HEIGHT="22" WC="0.76" CONTENT="särskilda"/><SP WIDTH="26" VPOS="493" HPOS="430"/>
							<String ID="string_68" HPOS="456" VPOS="493" WIDTH="180" HEIGHT="30" WC="0.93" CONTENT="begränsningar"/><SP WIDTH="26" VPOS="493" HPOS="636"/>
							<String ID="string_69" HPOS="662" VPOS="494" WIDTH="64" HEIGHT="29" WC="0.92" CONTENT="loflig"/><SP WIDTH="25" VPOS="494" HPOS="726"/>
							<String ID="string_70" HPOS="751" VPOS="494" WIDTH="59" HEIGHT="22" WC="0.96" CONTENT="både"/><SP WIDTH="25" VPOS="494" HPOS="810"/>
							<String ID="string_71" HPOS="835" VPOS="494" WIDTH="36" HEIGHT="22" WC="0.93" CONTENT="för"/><SP WIDTH="26" VPOS="494" HPOS="871"/>
							<String ID="string_72" HPOS="897" VPOS="494" WIDTH="31" HEIGHT="22" WC="0.91" CONTENT="in-"/><SP WIDTH="17" VPOS="494" HPOS="928"/>
							<String ID="string_73" HPOS="945" VPOS="493" WIDTH="44" HEIGHT="23" WC="0.96" CONTENT="och"/>
						</TextLine>
						<TextLine ID="line_10" HPOS="237" VPOS="528" WIDTH="754" HEIGHT="31">
							<String ID="string_74" HPOS="237" VPOS="528" WIDTH="144" HEIGHT="29" WC="0.95" CONTENT="utlänningar"/><SP WIDTH="15" VPOS="528" HPOS="381"/>
							<String ID="string_75" HPOS="396" VPOS="529" WIDTH="6" HEIGHT="22" WC="0.96" CONTENT="i"/><SP WIDTH="18" VPOS="529" HPOS="402"/>
							<String ID="string_76" HPOS="420" VPOS="529" WIDTH="98" HEIGHT="29" WC="0.96" CONTENT="enlighet"/><SP WIDTH="24" VPOS="529" HPOS="518"/>
							<String ID="string_77" HPOS="542" VPOS="529" WIDTH="52" HEIGHT="23" WC="0.93" CONTENT="med"/><SP WIDTH="19" VPOS="529" HPOS="594"/>
							<String ID="string_78" HPOS="613" VPOS="530" WIDTH="202" HEIGHT="29" WC="0.76" CONTENT="näringsirihetens"/><SP WIDTH="20" VPOS="530" HPOS="815"/>
							<String ID="string_79" HPOS="835" VPOS="530" WIDTH="156" HEIGHT="29" WC="0.96" CONTENT="grundsatser,"/>
						</TextLine>
						<TextLine ID="line_11" HPOS="237" VPOS="564" WIDTH="754" HEIGHT="31">
							<String ID="string_80" HPOS="237" VPOS="564" WIDTH="30" HEIGHT="22" WC="0.93" CONTENT="till"/><SP WIDTH="24" VPOS="564" HPOS="267"/>
							<String ID="string_81" HPOS="291" VPOS="564" WIDTH="87" HEIGHT="23" WC="0.93" CONTENT="hvilkas"/><SP WIDTH="19" VPOS="564" HPOS="378"/>
							<String ID="string_82" HPOS="397" VPOS="565" WIDTH="137" HEIGHT="29" WC="0.92" CONTENT="utvidgning"/><SP WIDTH="16" VPOS="565" HPOS="534"/>
							<String ID="string_83" HPOS="550" VPOS="566" WIDTH="158" HEIGHT="29" WC="0.92" CONTENT="utvecklingen"/><SP WIDTH="16" VPOS="566" HPOS="708"/>
							<String ID="string_84" HPOS="724" VPOS="566" WIDTH="66" HEIGHT="23" WC="0.92" CONTENT="äfven"/><SP WIDTH="16" VPOS="566" HPOS="790"/>
							<String ID="string_85" HPOS="806" VPOS="566" WIDTH="6" HEIGHT="21" WC="0.96" CONTENT="i"/><SP WIDTH="16" VPOS="566" HPOS="812"/>
							<String ID="string_86" HPOS="828" VPOS="566" WIDTH="70" HEIGHT="22" WC="0.96" CONTENT="andra"/><SP WIDTH="16" VPOS="566" HPOS="898"/>
							<String ID="string_87" HPOS="914" VPOS="565" WIDTH="77" HEIGHT="23" WC="0.97" CONTENT="länder"/>
						</TextLine>
						<TextLine ID="line_12" HPOS="237" VPOS="600" WIDTH="754" HEIGHT="31">
							<String ID="string_88" HPOS="237" VPOS="600" WIDTH="108" HEIGHT="23" WC="0.90" CONTENT="tenderar."/><SP WIDTH="36" VPOS="600" HPOS="345"/>
							<String ID="string_89" HPOS="381" VPOS="601" WIDTH="82" HEIGHT="23" WC="0.93" CONTENT="Denna"/><SP WIDTH="21" VPOS="601" HPOS="463"/>
							<String ID="string_90" HPOS="484" VPOS="601" WIDTH="233" HEIGHT="30" WC="0.93" CONTENT="lagstiftningsätgärd"/><SP WIDTH="21" VPOS="601" HPOS="717"/>
							<String ID="string_91" HPOS="738" VPOS="604" WIDTH="23" HEIGHT="21" WC="0.93" CONTENT="är"/><SP WIDTH="16" VPOS="604" HPOS="761"/>
							<String ID="string_92" HPOS="777" VPOS="602" WIDTH="43" HEIGHT="22" WC="0.93" CONTENT="ock"/><SP WIDTH="16" VPOS="602" HPOS="820"/>
							<String ID="string_93" HPOS="836" VPOS="602" WIDTH="6" HEIGHT="21" WC="0.96" CONTENT="i"/><SP WIDTH="16" VPOS="602" HPOS="842"/>
							<String ID="string_94" HPOS="858" VPOS="601" WIDTH="133" HEIGHT="28" WC="0.96" CONTENT="fullständig"/>
						</TextLine>
						<TextLine ID="line_13" HPOS="237" VPOS="635" WIDTH="753" HEIGHT="31">
							<String ID="string_95" HPOS="237" VPOS="635" WIDTH="239" HEIGHT="24" WC="0.85" CONTENT="Ofverensstämmelse"/><SP WIDTH="16" VPOS="635" HPOS="476"/>
							<String ID="string_96" HPOS="492" VPOS="637" WIDTH="52" HEIGHT="23" WC="0.93" CONTENT="med"/><SP WIDTH="14" VPOS="637" HPOS="544"/>
							<String ID="string_97" HPOS="558" VPOS="639" WIDTH="115" HEIGHT="21" WC="0.92" CONTENT="1904—05"/><SP WIDTH="12" VPOS="639" HPOS="673"/>
							<String ID="string_98" HPOS="685" VPOS="639" WIDTH="36" HEIGHT="21" WC="0.92" CONTENT="års"/><SP WIDTH="10" VPOS="639" HPOS="721"/>
							<String ID="string_99" HPOS="731" VPOS="637" WIDTH="121" HEIGHT="29" WC="0.91" CONTENT="landtdags"/><SP WIDTH="12" VPOS="637" HPOS="852"/>
							<String ID="string_100" HPOS="864" VPOS="639" WIDTH="61" HEIGHT="21" WC="0.93" CONTENT="stora"/><SP WIDTH="11" VPOS="639" HPOS="925"/>
							<String ID="string_101" HPOS="936" VPOS="637" WIDTH="54" HEIGHT="28" WC="0.93" CONTENT="peti-"/>
						</TextLine>
						<TextLine ID="line_14" HPOS="237" VPOS="672" WIDTH="753" HEIGHT="30">
							<String ID="string_102" HPOS="237" VPOS="672" WIDTH="48" HEIGHT="22" WC="0.93" CONTENT="tion"/><SP WIDTH="24" VPOS="672" HPOS="285"/>
							<String ID="string_103" HPOS="309" VPOS="673" WIDTH="119" HEIGHT="28" WC="0.92" CONTENT="angäende"/><SP WIDTH="24" VPOS="673" HPOS="428"/>
							<String ID="string_104" HPOS="452" VPOS="673" WIDTH="81" HEIGHT="29" WC="0.92" CONTENT="lagliga"/><SP WIDTH="21" VPOS="673" HPOS="533"/>
							<String ID="string_105" HPOS="554" VPOS="673" WIDTH="170" HEIGHT="23" WC="0.92" CONTENT="förhällandens"/><SP WIDTH="21" VPOS="673" HPOS="724"/>
							<String ID="string_106" HPOS="745" VPOS="673" WIDTH="157" HEIGHT="23" WC="0.92" CONTENT="äterställande"/><SP WIDTH="16" VPOS="673" HPOS="902"/>
							<String ID="string_107" HPOS="918" VPOS="673" WIDTH="5" HEIGHT="22" WC="0.93" CONTENT="i"/><SP WIDTH="18" VPOS="673" HPOS="923"/>
							<String ID="string_108" HPOS="941" VPOS="673" WIDTH="49" HEIGHT="22" WC="0.93" CONTENT="Fin-"/>
						</TextLine>
						<TextLine ID="line_15" HPOS="237" VPOS="708" WIDTH="753" HEIGHT="31">
							<String ID="string_109" HPOS="237" VPOS="708" WIDTH="59" HEIGHT="27" WC="0.93" CONTENT="land,"/><SP WIDTH="23" VPOS="708" HPOS="296"/>
							<String ID="string_110" HPOS="319" VPOS="709" WIDTH="31" HEIGHT="22" WC="0.92" CONTENT="uti"/><SP WIDTH="18" VPOS="709" HPOS="350"/>
							<String ID="string_111" HPOS="368" VPOS="709" WIDTH="89" HEIGHT="22" WC="0.93" CONTENT="hvilken"/><SP WIDTH="17" VPOS="709" HPOS="457"/>
							<String ID="string_112" HPOS="474" VPOS="709" WIDTH="79" HEIGHT="29" WC="0.91" CONTENT="jämväl"/><SP WIDTH="17" VPOS="709" HPOS="553"/>
							<String ID="string_113" HPOS="570" VPOS="709" WIDTH="148" HEIGHT="30" WC="0.93" CONTENT="uttryckligen"/><SP WIDTH="16" VPOS="709" HPOS="718"/>
							<String ID="string_114" HPOS="734" VPOS="710" WIDTH="132" HEIGHT="22" WC="0.92" CONTENT="förutsättes"/><SP WIDTH="14" VPOS="710" HPOS="866"/>
							<String ID="string_115" HPOS="880" VPOS="709" WIDTH="43" HEIGHT="22" WC="0.93" CONTENT="och"/><SP WIDTH="12" VPOS="709" HPOS="923"/>
							<String ID="string_116" HPOS="935" VPOS="709" WIDTH="55" HEIGHT="28" WC="0.93" CONTENT="peti-"/>
						</TextLine>
						<TextLine ID="line_16" HPOS="236" VPOS="743" WIDTH="753" HEIGHT="31">
							<String ID="string_117" HPOS="236" VPOS="743" WIDTH="99" HEIGHT="23" WC="0.92" CONTENT="tioneras"/><SP WIDTH="26" VPOS="743" HPOS="335"/>
							<String ID="string_118" HPOS="361" VPOS="751" WIDTH="38" HEIGHT="15" WC="0.93" CONTENT="om"/><SP WIDTH="25" VPOS="751" HPOS="399"/>
							<String ID="string_119" HPOS="424" VPOS="745" WIDTH="198" HEIGHT="29" WC="0.91" CONTENT="undanrödjandet"/><SP WIDTH="16" VPOS="745" HPOS="622"/>
							<String ID="string_120" HPOS="638" VPOS="745" WIDTH="22" HEIGHT="22" WC="0.96" CONTENT="af"/><SP WIDTH="18" VPOS="745" HPOS="660"/>
							<String ID="string_121" HPOS="678" VPOS="747" WIDTH="57" HEIGHT="21" WC="0.93" CONTENT="1900"/><SP WIDTH="16" VPOS="747" HPOS="735"/>
							<String ID="string_122" HPOS="751" VPOS="745" WIDTH="36" HEIGHT="22" WC="0.93" CONTENT="ärs"/><SP WIDTH="17" VPOS="745" HPOS="787"/>
							<String ID="string_123" HPOS="804" VPOS="745" WIDTH="104" HEIGHT="28" WC="0.92" CONTENT="olagliga,"/><SP WIDTH="16" VPOS="745" HPOS="908"/>
							<String ID="string_124" HPOS="924" VPOS="745" WIDTH="65" HEIGHT="28" WC="0.93" CONTENT="gärd-"/>
						</TextLine>
						<TextLine ID="line_17" HPOS="236" VPOS="779" WIDTH="753" HEIGHT="31">
							<String ID="string_125" HPOS="236" VPOS="779" WIDTH="140" HEIGHT="23" WC="0.92" CONTENT="farihandeln"/><SP WIDTH="17" VPOS="779" HPOS="376"/>
							<String ID="string_126" HPOS="393" VPOS="781" WIDTH="96" HEIGHT="22" WC="0.92" CONTENT="rörande"/><SP WIDTH="15" VPOS="781" HPOS="489"/>
							<String ID="string_127" HPOS="504" VPOS="781" WIDTH="140" HEIGHT="29" WC="0.93" CONTENT="förordning."/><SP WIDTH="25" VPOS="781" HPOS="644"/>
							<String ID="string_128" HPOS="669" VPOS="781" WIDTH="53" HEIGHT="23" WC="0.93" CONTENT="Och"/><SP WIDTH="16" VPOS="781" HPOS="722"/>
							<String ID="string_129" HPOS="738" VPOS="781" WIDTH="34" HEIGHT="22" WC="0.92" CONTENT="fär"/><SP WIDTH="16" VPOS="781" HPOS="772"/>
							<String ID="string_130" HPOS="788" VPOS="780" WIDTH="201" HEIGHT="23" WC="0.92" CONTENT="Ekonomiutskot-"/>
						</TextLine>
						<TextLine ID="line_18" HPOS="236" VPOS="815" WIDTH="752" HEIGHT="31">
							<String ID="string_131" HPOS="236" VPOS="816" WIDTH="31" HEIGHT="21" WC="0.96" CONTENT="tet"/><SP WIDTH="16" VPOS="816" HPOS="267"/>
							<String ID="string_132" HPOS="283" VPOS="815" WIDTH="36" HEIGHT="23" WC="0.93" CONTENT="för"/><SP WIDTH="15" VPOS="815" HPOS="319"/>
							<String ID="string_133" HPOS="334" VPOS="815" WIDTH="68" HEIGHT="29" WC="0.96" CONTENT="öfrigt"/><SP WIDTH="16" VPOS="815" HPOS="402"/>
							<String ID="string_134" HPOS="418" VPOS="816" WIDTH="6" HEIGHT="22" WC="0.96" CONTENT="i"/><SP WIDTH="17" VPOS="816" HPOS="424"/>
							<String ID="string_135" HPOS="441" VPOS="816" WIDTH="60" HEIGHT="22" WC="0.93" CONTENT="detta"/><SP WIDTH="8" VPOS="816" HPOS="501"/>
							<String ID="string_136" HPOS="509" VPOS="816" WIDTH="109" HEIGHT="23" WC="0.96" CONTENT="afseende"/><SP WIDTH="11" VPOS="816" HPOS="618"/>
							<String ID="string_137" HPOS="629" VPOS="816" WIDTH="79" HEIGHT="23" WC="0.96" CONTENT="förena"/><SP WIDTH="12" VPOS="816" HPOS="708"/>
							<String ID="string_138" HPOS="720" VPOS="817" WIDTH="36" HEIGHT="29" WC="0.96" CONTENT="sig"/><SP WIDTH="11" VPOS="817" HPOS="756"/>
							<String ID="string_139" HPOS="767" VPOS="823" WIDTH="39" HEIGHT="16" WC="0.93" CONTENT="om"/><SP WIDTH="12" VPOS="823" HPOS="806"/>
							<String ID="string_140" HPOS="818" VPOS="816" WIDTH="170" HEIGHT="29" WC="0.93" CONTENT="Lagutskottets"/>
						</TextLine>
						<TextLine ID="line_19" HPOS="236" VPOS="850" WIDTH="339" HEIGHT="31">
							<String ID="string_141" HPOS="236" VPOS="850" WIDTH="6" HEIGHT="22" WC="0.93" CONTENT="i"/><SP WIDTH="18" VPOS="850" HPOS="242"/>
							<String ID="string_142" HPOS="260" VPOS="851" WIDTH="91" HEIGHT="22" WC="0.92" CONTENT="ärendet"/><SP WIDTH="16" VPOS="851" HPOS="351"/>
							<String ID="string_143" HPOS="367" VPOS="851" WIDTH="85" HEIGHT="28" WC="0.92" CONTENT="afgifna"/><SP WIDTH="16" VPOS="851" HPOS="452"/>
							<String ID="string_144" HPOS="468" VPOS="852" WIDTH="107" HEIGHT="29" WC="0.92" CONTENT="yttrande."/>
						</TextLine>
					</TextBlock>
					<TextBlock ID="block_2" HPOS="234" VPOS="887" WIDTH="755" HEIGHT="493">
						<TextLine ID="line_20" HPOS="310" VPOS="887" WIDTH="679" HEIGHT="30">
							<String ID="string_145" HPOS="310" VPOS="887" WIDTH="62" HEIGHT="22" WC="0.92" CONTENT="Inom"/><SP WIDTH="26" VPOS="887" HPOS="372"/>
							<String ID="string_146" HPOS="398" VPOS="887" WIDTH="114" HEIGHT="22" WC="0.92" CONTENT="Utskottet"/><SP WIDTH="16" VPOS="887" HPOS="512"/>
							<String ID="string_147" HPOS="528" VPOS="887" WIDTH="40" HEIGHT="22" WC="0.93" CONTENT="har"/><SP WIDTH="15" VPOS="887" HPOS="568"/>
							<String ID="string_148" HPOS="583" VPOS="887" WIDTH="133" HEIGHT="30" WC="0.92" CONTENT="visserligen"/><SP WIDTH="17" VPOS="887" HPOS="716"/>
							<String ID="string_149" HPOS="733" VPOS="887" WIDTH="89" HEIGHT="23" WC="0.93" CONTENT="uttalats"/><SP WIDTH="18" VPOS="887" HPOS="822"/>
							<String ID="string_150" HPOS="840" VPOS="887" WIDTH="44" HEIGHT="22" WC="0.96" CONTENT="den"/><SP WIDTH="17" VPOS="887" HPOS="884"/>
							<String ID="string_151" HPOS="901" VPOS="887" WIDTH="88" HEIGHT="27" WC="0.96" CONTENT="tanken,"/>
						</TextLine>
						<TextLine ID="line_21" HPOS="235" VPOS="923" WIDTH="754" HEIGHT="29">
							<String ID="string_152" HPOS="235" VPOS="923" WIDTH="38" HEIGHT="26" WC="0.93" CONTENT="att,"/><SP WIDTH="17" VPOS="923" HPOS="273"/>
							<String ID="string_153" HPOS="290" VPOS="924" WIDTH="53" HEIGHT="21" WC="0.93" CONTENT="enär"/><SP WIDTH="15" VPOS="924" HPOS="343"/>
							<String ID="string_154" HPOS="358" VPOS="923" WIDTH="39" HEIGHT="22" WC="0.93" CONTENT="vär"/><SP WIDTH="19" VPOS="923" HPOS="397"/>
							<String ID="string_155" HPOS="416" VPOS="923" WIDTH="236" HEIGHT="29" WC="0.93" CONTENT="näringslagstiftning"/><SP WIDTH="17" VPOS="923" HPOS="652"/>
							<String ID="string_156" HPOS="669" VPOS="924" WIDTH="113" HEIGHT="28" WC="0.92" CONTENT="snarligen"/><SP WIDTH="18" VPOS="924" HPOS="782"/>
							<String ID="string_157" HPOS="800" VPOS="923" WIDTH="54" HEIGHT="22" WC="0.93" CONTENT="skall"/><SP WIDTH="17" VPOS="923" HPOS="854"/>
							<String ID="string_158" HPOS="871" VPOS="923" WIDTH="118" HEIGHT="27" WC="0.92" CONTENT="revideras,"/>
						</TextLine>
						<TextLine ID="line_22" HPOS="236" VPOS="957" WIDTH="753" HEIGHT="31">
							<String ID="string_159" HPOS="236" VPOS="957" WIDTH="169" HEIGHT="30" WC="0.96" CONTENT="ifrågavarande"/><SP WIDTH="19" VPOS="957" HPOS="405"/>
							<String ID="string_160" HPOS="424" VPOS="960" WIDTH="27" HEIGHT="21" WC="0.96" CONTENT="10"/><SP WIDTH="17" VPOS="960" HPOS="451"/>
							<String ID="string_161" HPOS="468" VPOS="959" WIDTH="13" HEIGHT="28" WC="0.93" CONTENT="8"/><SP WIDTH="11" VPOS="959" HPOS="481"/>
							<String ID="string_162" HPOS="492" VPOS="959" WIDTH="22" HEIGHT="22" WC="0.93" CONTENT="af"/><SP WIDTH="10" VPOS="959" HPOS="514"/>
							<String ID="string_163" HPOS="524" VPOS="959" WIDTH="165" HEIGHT="29" WC="0.92" CONTENT="Näringslagen"/><SP WIDTH="13" VPOS="959" HPOS="689"/>
							<String ID="string_164" HPOS="702" VPOS="959" WIDTH="29" HEIGHT="28" WC="0.96" CONTENT="pä"/><SP WIDTH="12" VPOS="959" HPOS="731"/>
							<String ID="string_165" HPOS="743" VPOS="965" WIDTH="87" HEIGHT="16" WC="0.93" CONTENT="samma"/><SP WIDTH="10" VPOS="965" HPOS="830"/>
							<String ID="string_166" HPOS="840" VPOS="959" WIDTH="64" HEIGHT="28" WC="0.96" CONTENT="gång"/><SP WIDTH="7" VPOS="959" HPOS="904"/>
							<String ID="string_167" HPOS="911" VPOS="959" WIDTH="78" HEIGHT="22" WC="0.96" CONTENT="kunde"/>
						</TextLine>
						<TextLine ID="line_23" HPOS="236" VPOS="994" WIDTH="753" HEIGHT="29">
							<String ID="string_168" HPOS="236" VPOS="995" WIDTH="64" HEIGHT="27" WC="0.92" CONTENT="tagas"/><SP WIDTH="25" VPOS="995" HPOS="300"/>
							<String ID="string_169" HPOS="325" VPOS="995" WIDTH="72" HEIGHT="22" WC="0.93" CONTENT="under"/><SP WIDTH="24" VPOS="995" HPOS="397"/>
							<String ID="string_170" HPOS="421" VPOS="995" WIDTH="173" HEIGHT="28" WC="0.91" CONTENT="handläggning"/><SP WIDTH="23" VPOS="995" HPOS="594"/>
							<String ID="string_171" HPOS="617" VPOS="995" WIDTH="44" HEIGHT="22" WC="0.96" CONTENT="och"/><SP WIDTH="20" VPOS="995" HPOS="661"/>
							<String ID="string_172" HPOS="681" VPOS="997" WIDTH="31" HEIGHT="20" WC="0.93" CONTENT="att"/><SP WIDTH="15" VPOS="997" HPOS="712"/>
							<String ID="string_173" HPOS="727" VPOS="995" WIDTH="158" HEIGHT="28" WC="0.92" CONTENT="föreliggande"/><SP WIDTH="15" VPOS="995" HPOS="885"/>
							<String ID="string_174" HPOS="900" VPOS="994" WIDTH="89" HEIGHT="29" WC="0.92" CONTENT="Nädiga"/>
						</TextLine>
						<TextLine ID="line_24" HPOS="235" VPOS="1030" WIDTH="753" HEIGHT="29">
							<String ID="string_175" HPOS="235" VPOS="1030" WIDTH="147" HEIGHT="28" WC="0.96" CONTENT="proposition"/><SP WIDTH="24" VPOS="1030" HPOS="382"/>
							<String ID="string_176" HPOS="406" VPOS="1031" WIDTH="76" HEIGHT="22" WC="0.96" CONTENT="därför"/><SP WIDTH="14" VPOS="1031" HPOS="482"/>
							<String ID="string_177" HPOS="496" VPOS="1031" WIDTH="36" HEIGHT="22" WC="0.97" CONTENT="för"/><SP WIDTH="16" VPOS="1031" HPOS="532"/>
							<String ID="string_178" HPOS="548" VPOS="1031" WIDTH="75" HEIGHT="22" WC="0.93" CONTENT="denna"/><SP WIDTH="16" VPOS="1031" HPOS="623"/>
							<String ID="string_179" HPOS="639" VPOS="1031" WIDTH="63" HEIGHT="28" WC="0.93" CONTENT="gäng"/><SP WIDTH="15" VPOS="1031" HPOS="702"/>
							<String ID="string_180" HPOS="717" VPOS="1030" WIDTH="77" HEIGHT="23" WC="0.92" CONTENT="kunde"/><SP WIDTH="16" VPOS="1030" HPOS="794"/>
							<String ID="string_181" HPOS="810" VPOS="1030" WIDTH="92" HEIGHT="22" WC="0.91" CONTENT="förfalla."/><SP WIDTH="32" VPOS="1030" HPOS="902"/>
							<String ID="string_182" HPOS="934" VPOS="1030" WIDTH="54" HEIGHT="22" WC="0.96" CONTENT="Men"/>
						</TextLine>
						<TextLine ID="line_25" HPOS="235" VPOS="1065" WIDTH="753" HEIGHT="30">
							<String ID="string_183" HPOS="235" VPOS="1065" WIDTH="41" HEIGHT="22" WC="0.93" CONTENT="har"/><SP WIDTH="16" VPOS="1065" HPOS="276"/>
							<String ID="string_184" HPOS="292" VPOS="1066" WIDTH="115" HEIGHT="23" WC="0.92" CONTENT="Utskottet"/><SP WIDTH="16" VPOS="1066" HPOS="407"/>
							<String ID="string_185" HPOS="423" VPOS="1067" WIDTH="80" HEIGHT="27" WC="0.93" CONTENT="funnit,"/><SP WIDTH="15" VPOS="1067" HPOS="503"/>
							<String ID="string_186" HPOS="518" VPOS="1068" WIDTH="31" HEIGHT="21" WC="0.93" CONTENT="att"/><SP WIDTH="16" VPOS="1068" HPOS="549"/>
							<String ID="string_187" HPOS="565" VPOS="1067" WIDTH="78" HEIGHT="28" WC="0.92" CONTENT="frägan"/><SP WIDTH="17" VPOS="1067" HPOS="643"/>
							<String ID="string_188" HPOS="660" VPOS="1073" WIDTH="39" HEIGHT="16" WC="0.93" CONTENT="om"/><SP WIDTH="16" VPOS="1073" HPOS="699"/>
							<String ID="string_189" HPOS="715" VPOS="1066" WIDTH="197" HEIGHT="29" WC="0.92" CONTENT="gärdfarihandeln"/><SP WIDTH="13" VPOS="1066" HPOS="912"/>
							<String ID="string_190" HPOS="925" VPOS="1067" WIDTH="24" HEIGHT="20" WC="0.96" CONTENT="är"/><SP WIDTH="11" VPOS="1067" HPOS="949"/>
							<String ID="string_191" HPOS="960" VPOS="1072" WIDTH="28" HEIGHT="15" WC="0.96" CONTENT="en"/>
						</TextLine>
						<TextLine ID="line_26" HPOS="236" VPOS="1101" WIDTH="753" HEIGHT="30">
							<String ID="string_192" HPOS="236" VPOS="1101" WIDTH="71" HEIGHT="22" WC="0.91" CONTENT="sädan"/><SP WIDTH="18" VPOS="1101" HPOS="307"/>
							<String ID="string_193" HPOS="325" VPOS="1102" WIDTH="153" HEIGHT="29" WC="0.92" CONTENT="specialfräga,"/><SP WIDTH="16" VPOS="1102" HPOS="478"/>
							<String ID="string_194" HPOS="494" VPOS="1104" WIDTH="30" HEIGHT="21" WC="0.93" CONTENT="att"/><SP WIDTH="11" VPOS="1104" HPOS="524"/>
							<String ID="string_195" HPOS="535" VPOS="1103" WIDTH="133" HEIGHT="22" WC="0.92" CONTENT="densamma"/><SP WIDTH="10" VPOS="1103" HPOS="668"/>
							<String ID="string_196" HPOS="678" VPOS="1103" WIDTH="35" HEIGHT="22" WC="0.97" CONTENT="väl"/><SP WIDTH="12" VPOS="1103" HPOS="713"/>
							<String ID="string_197" HPOS="725" VPOS="1103" WIDTH="43" HEIGHT="21" WC="0.93" CONTENT="kan"/><SP WIDTH="15" VPOS="1103" HPOS="768"/>
							<String ID="string_198" HPOS="783" VPOS="1102" WIDTH="62" HEIGHT="22" WC="0.92" CONTENT="lösas"/><SP WIDTH="12" VPOS="1102" HPOS="845"/>
							<String ID="string_199" HPOS="857" VPOS="1101" WIDTH="132" HEIGHT="23" WC="0.92" CONTENT="oberoende"/>
						</TextLine>
						<TextLine ID="line_27" HPOS="235" VPOS="1137" WIDTH="754" HEIGHT="29">
							<String ID="string_200" HPOS="235" VPOS="1137" WIDTH="23" HEIGHT="22" WC="0.96" CONTENT="af"/><SP WIDTH="23" VPOS="1137" HPOS="258"/>
							<String ID="string_201" HPOS="281" VPOS="1137" WIDTH="29" HEIGHT="22" WC="0.95" CONTENT="de"/><SP WIDTH="16" VPOS="1137" HPOS="310"/>
							<String ID="string_202" HPOS="326" VPOS="1137" WIDTH="81" HEIGHT="28" WC="0.93" CONTENT="beslut,"/><SP WIDTH="17" VPOS="1137" HPOS="407"/>
							<String ID="string_203" HPOS="424" VPOS="1137" WIDTH="84" HEIGHT="23" WC="0.92" CONTENT="hvartill"/><SP WIDTH="17" VPOS="1137" HPOS="508"/>
							<String ID="string_204" HPOS="525" VPOS="1145" WIDTH="52" HEIGHT="15" WC="0.93" CONTENT="man"/><SP WIDTH="16" VPOS="1145" HPOS="577"/>
							<String ID="string_205" HPOS="593" VPOS="1138" WIDTH="54" HEIGHT="28" WC="0.92" CONTENT="eljes"/><SP WIDTH="17" VPOS="1138" HPOS="647"/>
							<String ID="string_206" HPOS="664" VPOS="1138" WIDTH="103" HEIGHT="22" WC="0.96" CONTENT="kommer"/><SP WIDTH="17" VPOS="1138" HPOS="767"/>
							<String ID="string_207" HPOS="784" VPOS="1137" WIDTH="51" HEIGHT="22" WC="0.93" CONTENT="med"/><SP WIDTH="16" VPOS="1137" HPOS="835"/>
							<String ID="string_208" HPOS="851" VPOS="1137" WIDTH="109" HEIGHT="22" WC="0.92" CONTENT="afseende"/><SP WIDTH="16" VPOS="1137" HPOS="960"/>
							<String ID="string_209" HPOS="976" VPOS="1137" WIDTH="13" HEIGHT="22" WC="0.93" CONTENT="ä"/>
						</TextLine>
						<TextLine ID="line_28" HPOS="235" VPOS="1173" WIDTH="752" HEIGHT="29">
							<String ID="string_210" HPOS="235" VPOS="1173" WIDTH="266" HEIGHT="29" WC="0.91" CONTENT="näringslagstiftningen"/><SP WIDTH="10" VPOS="1173" HPOS="501"/>
							<String ID="string_211" HPOS="511" VPOS="1173" WIDTH="43" HEIGHT="23" WC="0.96" CONTENT="och"/><SP WIDTH="10" VPOS="1173" HPOS="554"/>
							<String ID="string_212" HPOS="564" VPOS="1175" WIDTH="30" HEIGHT="21" WC="0.91" CONTENT="att"/><SP WIDTH="9" VPOS="1175" HPOS="594"/>
							<String ID="string_213" HPOS="603" VPOS="1174" WIDTH="52" HEIGHT="28" WC="0.91" CONTENT="inga"/><SP WIDTH="12" VPOS="1174" HPOS="655"/>
							<String ID="string_214" HPOS="667" VPOS="1174" WIDTH="85" HEIGHT="28" WC="0.93" CONTENT="sakliga"/><SP WIDTH="12" VPOS="1174" HPOS="752"/>
							<String ID="string_215" HPOS="764" VPOS="1173" WIDTH="47" HEIGHT="23" WC="0.93" CONTENT="skäl"/><SP WIDTH="18" VPOS="1173" HPOS="811"/>
							<String ID="string_216" HPOS="829" VPOS="1173" WIDTH="95" HEIGHT="22" WC="0.93" CONTENT="sälunda"/><SP WIDTH="15" VPOS="1173" HPOS="924"/>
							<String ID="string_217" HPOS="939" VPOS="1173" WIDTH="48" HEIGHT="22" WC="0.93" CONTENT="frän"/>
						</TextLine>
						<TextLine ID="line_29" HPOS="235" VPOS="1208" WIDTH="753" HEIGHT="30">
							<String ID="string_218" HPOS="235" VPOS="1208" WIDTH="76" HEIGHT="23" WC="0.93" CONTENT="denna"/><SP WIDTH="12" VPOS="1208" HPOS="311"/>
							<String ID="string_219" HPOS="323" VPOS="1209" WIDTH="116" HEIGHT="28" WC="0.91" CONTENT="synpunkt"/><SP WIDTH="9" VPOS="1209" HPOS="439"/>
							<String ID="string_220" HPOS="448" VPOS="1210" WIDTH="91" HEIGHT="28" WC="0.92" CONTENT="betinga"/><SP WIDTH="9" VPOS="1210" HPOS="539"/>
							<String ID="string_221" HPOS="548" VPOS="1211" WIDTH="30" HEIGHT="20" WC="0.93" CONTENT="ett"/><SP WIDTH="10" VPOS="1211" HPOS="578"/>
							<String ID="string_222" HPOS="588" VPOS="1209" WIDTH="147" HEIGHT="23" WC="0.92" CONTENT="förkastande"/><SP WIDTH="10" VPOS="1209" HPOS="735"/>
							<String ID="string_223" HPOS="745" VPOS="1209" WIDTH="23" HEIGHT="22" WC="0.96" CONTENT="af"/><SP WIDTH="12" VPOS="1209" HPOS="768"/>
							<String ID="string_224" HPOS="780" VPOS="1209" WIDTH="43" HEIGHT="22" WC="0.93" CONTENT="den"/><SP WIDTH="12" VPOS="1209" HPOS="823"/>
							<String ID="string_225" HPOS="835" VPOS="1209" WIDTH="89" HEIGHT="28" WC="0.93" CONTENT="Nädiga"/><SP WIDTH="13" VPOS="1209" HPOS="924"/>
							<String ID="string_226" HPOS="937" VPOS="1215" WIDTH="51" HEIGHT="22" WC="0.92" CONTENT="pro-"/>
						</TextLine>
						<TextLine ID="line_30" HPOS="234" VPOS="1244" WIDTH="755" HEIGHT="30">
							<String ID="string_227" HPOS="234" VPOS="1244" WIDTH="139" HEIGHT="28" WC="0.93" CONTENT="positionen."/><SP WIDTH="25" VPOS="1244" HPOS="373"/>
							<String ID="string_228" HPOS="398" VPOS="1245" WIDTH="99" HEIGHT="29" WC="0.91" CONTENT="Frägans"/><SP WIDTH="11" VPOS="1245" HPOS="497"/>
							<String ID="string_229" HPOS="508" VPOS="1245" WIDTH="169" HEIGHT="28" WC="0.96" CONTENT="uppskjutande"/><SP WIDTH="11" VPOS="1245" HPOS="677"/>
							<String ID="string_230" HPOS="688" VPOS="1245" WIDTH="38" HEIGHT="23" WC="0.97" CONTENT="vid"/><SP WIDTH="11" VPOS="1245" HPOS="726"/>
							<String ID="string_231" HPOS="737" VPOS="1245" WIDTH="77" HEIGHT="22" WC="0.93" CONTENT="denna"/><SP WIDTH="10" VPOS="1245" HPOS="814"/>
							<String ID="string_232" HPOS="824" VPOS="1245" WIDTH="109" HEIGHT="28" WC="0.92" CONTENT="landtdag"/><SP WIDTH="16" VPOS="1245" HPOS="933"/>
							<String ID="string_233" HPOS="949" VPOS="1245" WIDTH="40" HEIGHT="22" WC="0.96" CONTENT="har"/>
						</TextLine>
						<TextLine ID="line_31" HPOS="234" VPOS="1279" WIDTH="755" HEIGHT="30">
							<String ID="string_234" HPOS="234" VPOS="1279" WIDTH="69" HEIGHT="24" WC="0.92" CONTENT="desto"/><SP WIDTH="11" VPOS="1279" HPOS="303"/>
							<String ID="string_235" HPOS="314" VPOS="1281" WIDTH="87" HEIGHT="22" WC="0.96" CONTENT="mindre"/><SP WIDTH="18" VPOS="1281" HPOS="401"/>
							<String ID="string_236" HPOS="419" VPOS="1281" WIDTH="47" HEIGHT="22" WC="0.96" CONTENT="skäl"/><SP WIDTH="16" VPOS="1281" HPOS="466"/>
							<String ID="string_237" HPOS="482" VPOS="1281" WIDTH="35" HEIGHT="22" WC="0.96" CONTENT="för"/><SP WIDTH="17" VPOS="1281" HPOS="517"/>
							<String ID="string_238" HPOS="534" VPOS="1281" WIDTH="41" HEIGHT="28" WC="0.96" CONTENT="sig,"/><SP WIDTH="17" VPOS="1281" HPOS="575"/>
							<String ID="string_239" HPOS="592" VPOS="1287" WIDTH="51" HEIGHT="16" WC="0.96" CONTENT="som"/><SP WIDTH="19" VPOS="1287" HPOS="643"/>
							<String ID="string_240" HPOS="662" VPOS="1281" WIDTH="29" HEIGHT="22" WC="0.96" CONTENT="de"/><SP WIDTH="15" VPOS="1281" HPOS="691"/>
							<String ID="string_241" HPOS="706" VPOS="1281" WIDTH="126" HEIGHT="27" WC="0.89" CONTENT="konflikter,"/><SP WIDTH="9" VPOS="1281" HPOS="832"/>
							<String ID="string_242" HPOS="841" VPOS="1280" WIDTH="74" HEIGHT="23" WC="0.92" CONTENT="hvilka"/><SP WIDTH="12" VPOS="1280" HPOS="915"/>
							<String ID="string_243" HPOS="927" VPOS="1280" WIDTH="62" HEIGHT="22" WC="0.92" CONTENT="förut"/>
						</TextLine>
						<TextLine ID="line_32" HPOS="234" VPOS="1314" WIDTH="754" HEIGHT="29">
							<String ID="string_244" HPOS="234" VPOS="1314" WIDTH="117" HEIGHT="29" WC="0.91" CONTENT="päpekats,"/><SP WIDTH="21" VPOS="1314" HPOS="351"/>
							<String ID="string_245" HPOS="372" VPOS="1316" WIDTH="5" HEIGHT="22" WC="0.96" CONTENT="i"/><SP WIDTH="22" VPOS="1316" HPOS="377"/>
							<String ID="string_246" HPOS="399" VPOS="1316" WIDTH="61" HEIGHT="22" WC="0.95" CONTENT="detta"/><SP WIDTH="25" VPOS="1316" HPOS="460"/>
							<String ID="string_247" HPOS="485" VPOS="1316" WIDTH="36" HEIGHT="22" WC="0.93" CONTENT="fall"/><SP WIDTH="27" VPOS="1316" HPOS="521"/>
							<String ID="string_248" HPOS="548" VPOS="1316" WIDTH="91" HEIGHT="22" WC="0.92" CONTENT="komme"/><SP WIDTH="24" VPOS="1316" HPOS="639"/>
							<String ID="string_249" HPOS="663" VPOS="1318" WIDTH="31" HEIGHT="20" WC="0.92" CONTENT="att"/><SP WIDTH="24" VPOS="1318" HPOS="694"/>
							<String ID="string_250" HPOS="718" VPOS="1316" WIDTH="97" HEIGHT="27" WC="0.92" CONTENT="fortfara,"/><SP WIDTH="25" VPOS="1316" HPOS="815"/>
							<String ID="string_251" HPOS="840" VPOS="1316" WIDTH="148" HEIGHT="22" WC="0.92" CONTENT="medförande"/>
						</TextLine>
						<TextLine ID="line_33" HPOS="234" VPOS="1351" WIDTH="443" HEIGHT="29">
							<String ID="string_252" HPOS="234" VPOS="1351" WIDTH="154" HEIGHT="29" WC="0.91" CONTENT="mängfaldiga"/><SP WIDTH="16" VPOS="1351" HPOS="388"/>
							<String ID="string_253" HPOS="404" VPOS="1352" WIDTH="113" HEIGHT="28" WC="0.93" CONTENT="praktiska"/><SP WIDTH="17" VPOS="1352" HPOS="517"/>
							<String ID="string_254" HPOS="534" VPOS="1352" WIDTH="143" HEIGHT="28" WC="0.92" CONTENT="svärigheter."/>
						</TextLine>
					</TextBlock>
				</ComposedBlock>
			</PrintSpace>
		</Page>
	</Layout>
</alto>
