1100 1745
340 149 23 23 U.
380 150 23 22 B.
419 162 29 4 —
465 150 64 28 Prop.
547 149 37 23 N:o
601 150 20 22 II.
797 151 27 20 63

104 214 55 23 eller
174 214 30 29 pä
220 214 58 23 flere
295 216 30 21 än
343 215 34 22 ett
392 214 68 23 ställe
477 214 94 30 afgifvit
587 215 36 22 sin
634 216 54 26 röst,
700 214 57 23 eller
767 221 86 23 genom

102 249 55 23 våld
173 250 56 23 eller
245 250 40 22 hot
295 251 59 21 stört
365 250 148 28 valfriheten,
525 250 63 23 ända
599 250 34 23 till
642 250 123 30 utgången
777 250 24 23 af
811 250 40 23 det

104 286 70 29 sjätte
188 286 164 22 kalenderäret
364 286 59 22 efter
433 286 46 28 det,
490 286 30 23 dä
530 286 82 29 slutlig
623 286 54 22 dom
687 286 8 22 i
705 286 76 23 saken
793 286 60 29 gafs.

455 361 12 19 6
484 358 21 29 8.

175 405 88 23 Valbar
283 405 34 23 till
333 405 184 29 landtdagsman
534 408 32 25 är,
583 407 58 21 utan
658 405 111 23 afseende
786 405 14 24 ä
815 406 39 22 bo-

104 441 113 28 ningsort,
235 441 88 23 enhvar
339 447 51 16 som
407 443 26 20 är
448 441 179 29 valberättigad.

457 510 10 19 7
485 507 20 29 8.

177 554 160 30 Tjänsteman,
354 561 51 16 som
421 555 69 22 söker
506 554 54 23 med
571 555 38 22 sin
620 554 235 30 ämbetsmyndighet

104 590 99 23 inverka
218 591 31 28 på
264 590 262 29 landtdagsmannaval,
543 591 69 22 miste
629 591 111 22 ämbetet.

176 626 47 23 Har
242 626 80 29 någon
341 633 87 22 genom
448 626 115 23 lockande
585 627 54 22 eller
659 626 122 23 tubbande
797 627 60 22 stört

104 662 147 27 valfriheten,
268 662 95 23 straffes
380 662 55 23 med
451 662 107 29 fängelse
575 663 20 29 ej
613 662 64 23 öfver
688 664 34 21 tre
733 662 122 23 månader.

104 698 117 23 Använde
237 697 48 24 han
301 698 54 23 våld
371 698 56 23 eller
443 698 47 28 hot,
506 705 56 16 vare
579 698 94 23 straffet
685 698 106 29 fängelse
803 697 54 24 från

105 733 43 23 och
169 733 54 24 med
244 741 29 15 en
294 734 88 23 månad
401 734 35 22 till
457 734 44 23 och
520 734 54 23 med
590 735 33 22 ett
639 735 35 26 år;
690 736 26 20 är
731 734 48 23 han
796 735 61 28 tjän-

105 770 100 26 steman,
221 770 70 22 miste
307 769 117 29 därjämte
439 770 114 28 tjänsten.

176 805 102 23 Lämnar
301 805 172 29 arbetsgifvare
497 805 60 27 icke,
581 805 59 23 efter
663 805 130 29 möjlighet,
815 804 42 23 hos

104 840 87 23 honom
207 841 93 23 anstäld
316 841 175 29 valberättigad
508 841 89 23 tillfälle
614 842 34 22 att
663 841 81 23 utöfva
761 841 97 27 valrätt,

105 876 95 23 straffes
217 876 54 23 med
288 877 73 22 böter.

458 940 13 19 8
487 937 22 29 8.

176 984 27 30 Ej
226 985 39 22 må
285 984 52 28 den,
357 991 51 16 som
428 985 31 29 på
475 985 78 29 grund
569 985 24 22 af
607 985 108 29 vallagen
732 985 126 22 förklarats

105 1027 57 16 vara
177 1020 36 23 till
228 1020 184 29 landtdagsman
429 1021 62 27 vald,
504 1021 88 22 befrias
604 1021 52 22 från
667 1021 65 22 detta
743 1020 114 30 uppdrag,

106 1056 42 23 där
163 1056 48 23 han
227 1057 20 28 ej
265 1056 88 23 förmår
368 1057 51 22 visa
432 1056 56 29 laga
498 1056 78 23 förfall
587 1057 55 22 eller
653 1057 72 22 annat
736 1057 59 26 skäl,
807 1063 50 16 som

106 1092 24 23 af
145 1091 144 30 landtdagen
305 1092 146 29 godkännes.

459 1165 50 28 98.
769 1185 2 2 :

176 1205 196 30 Landtdagsman
393 1208 26 20 är
439 1206 86 29 pliktig
545 1207 34 22 att
596 1207 7 21 i
618 1205 141 30 utöfningen
775 1205 25 23 af
816 1206 42 21 sitt

105 1241 108 30 uppdrag
233 1241 27 22 sä
276 1241 94 28 handla,
387 1248 50 16 som
454 1243 48 21 rätt
517 1241 44 23 och
577 1242 102 29 sanning
695 1241 77 30 bjuda.
804 1241 52 22 Han

106 1279 26 20 är
147 1277 82 22 därvid
245 1277 95 29 skyldig
357 1278 35 21 att
404 1277 109 29 iakttaga
524 1277 176 30 grundlagarna
712 1277 44 22 och
767 1279 26 20 är
803 1277 53 22 icke

107 1312 94 22 bunden
218 1312 24 22 af
257 1312 76 29 nägra
349 1312 74 23 andra
443 1312 154 23 föreskrifter.

453 1382 26 19 10
497 1379 20 29 8.

177 1425 26 30 Ej
221 1425 40 23 mä
276 1425 186 30 landtdagsman
477 1426 124 29 förvägras
617 1427 34 21 att
664 1425 95 23 inställa
770 1426 37 29 sig
818 1425 38 22 vid

105 1461 115 29 landtdag.
240 1461 43 22 och
304 1463 42 21 sitt
365 1461 54 24 värf
439 1461 89 23 utöfva.
