1098 1745
343 163 29 22 U.
389 163 27 22 B.
433 176 28 3 —
478 164 72 27 Prop.
566 163 41 22 N:o
624 163 21 22 8.
815 166 27 19 59

118 235 67 14 serna
200 228 9 21 i
224 228 100 22 Karelen
340 228 135 29 tillgodoses
490 229 73 28 enligt
579 229 48 21 min
643 229 60 28 äsigt
720 229 18 28 ej
756 229 72 21 häller
844 231 29 26 pä

118 266 33 19 ett
174 264 212 21 tillfredsställande
409 267 45 19 sätt
470 272 83 21 genom
570 265 152 21 realiserande
738 265 24 21 af
776 264 95 22 Utskot-

118 302 45 19 tets
179 299 93 30 förslag.
303 300 26 29 Ej
347 300 72 22 häller
435 300 215 22 öfverensstämmer
665 301 132 21 Utskottets
813 299 60 22 äsikt

118 335 54 22 med
187 335 179 30 befolkningens
382 336 87 29 tydligt
482 337 101 21 uttalade
594 336 174 29 önskningsmäl
780 343 36 14 om
828 335 45 22 den

119 371 119 22 blifvande
254 371 87 22 banans
358 372 140 29 sträckning.

192 407 33 22 Pä
241 407 76 29 grund
337 408 23 21 af
387 408 39 21 det
441 408 71 21 ofvan
535 408 96 21 anförda
651 408 35 21 fär
700 408 40 29 jag
756 407 118 22 vördsamt

119 443 85 22 föreslä
219 446 33 19 att
269 443 134 27 Ständerna,
426 444 52 21 med
499 444 170 29 godkännande
684 444 9 21 i
709 444 76 21 denna
800 443 74 29 punkt

120 479 23 21 af
160 479 45 22 den
220 479 53 22 nåd.
290 479 180 29 propositionen,
486 480 54 21 ville
557 480 36 22 för
609 480 35 21 sin
661 480 38 21 del
714 479 98 22 besluta:

336 549 32 20 att
409 555 27 14 en
474 547 160 28 normalspårig
665 547 97 28 järnväg
798 547 77 28 bygges

259 583 58 26 från
345 583 99 22 Joensuu
472 584 49 21 stad
546 585 101 20 vesterom
673 583 68 22 Pielis
766 583 29 27 elf
820 584 56 20 samt

265 621 88 20 österom
381 619 127 28 Pielisjärvi
534 619 31 28 sjö
591 622 60 24 öfver
680 619 132 27 Uimaharju
838 618 37 22 och

265 655 80 22 Lieksa
367 655 32 22 til
420 655 96 22 Nurmes
537 656 9 21 i
562 655 92 28 enlighet
669 655 47 22 med
732 654 73 28 derför
820 661 55 21 upp-

265 691 71 28 gjordt
360 691 88 28 förslag
477 691 42 28 för
553 699 26 14 en
602 691 109 22 beräknad
737 691 90 22 kostnad
851 689 26 28 af

265 727 142 28 13,640,000
428 728 70 27 mark,
519 727 84 28 hvaraf
611 727 42 28 för
669 727 111 22 arbetenas
796 725 80 28 bedrif-

265 763 68 22 vande
344 763 70 22 under
424 763 183 28 finansperioden
625 763 151 22 1906—1907
790 762 86 22 amvisas

266 799 129 27 1.000,000
411 799 69 22 mark.

194 845 147 29 Helsingfors
357 846 45 21 den
420 849 12 19 6
449 846 58 28 april
524 849 64 20 1906.

382 899 52 23 Emil
452 899 28 23 af
494 900 126 23 Hällström.

195 952 86 23 Härom
297 953 80 22 förena
393 953 45 29 sig:

197 1001 86 29 August
301 1002 100 28 Ramsay.
580 1002 16 23 J.
613 1002 16 22 J.
645 1001 145 24 Westerlund.

197 1049 68 23 Gösta
283 1049 130 24 Grotenfelt.
584 1050 67 23 Juuso
669 1049 106 29 Hedberg.

197 1097 16 22 J.
232 1097 13 22 1.
263 1097 134 23 Gummerus.
551 1097 66 23 Ludv.
633 1097 173 23 Wennerström.

196 1151 11 20 I
223 1151 118 22 Utskottet
355 1151 42 21 har
411 1151 47 28 jag,
475 1152 74 21 ehuru
565 1151 19 28 ej
602 1151 136 28 deltagande
749 1151 9 21 i
768 1151 44 22 den
824 1150 54 22 slut-

123 1186 48 29 liga
191 1187 180 28 omröstningen,
388 1187 96 21 anslutit
502 1187 49 28 mig
569 1187 34 22 till
620 1187 28 21 de
663 1187 9 21 i
688 1187 75 21 denna
778 1193 100 15 reserva-

123 1221 50 22 tion
189 1223 101 21 uttalade
306 1223 121 21 åsikterna.

614 1265 63 23 Erkki
696 1265 110 23 Peltonen.

197 1538 187 23 Järnvägsutskottets
397 1539 111 18 betänkande
520 1539 35 18 N:o
568 1541 16 16 1.
