1103 1748
276 100 28 20 28

244 163 9 22 i
278 162 110 24 afseende
408 163 14 23 å
441 163 46 23 den
504 163 87 23 sociala
607 163 176 30 utvecklingen,
802 162 194 30 befolkningstät-

245 198 78 28 heten,
345 198 314 24 kommunikationsmedlen
682 206 30 16 m.
735 206 31 16 m.
789 201 39 20 äro
844 199 8 22 i
868 198 47 30 hög
937 198 59 29 grad

245 234 136 28 olikartade,
402 235 95 23 komme
517 234 28 24 de
561 236 8 22 i
585 234 70 24 dessa
680 234 128 24 afseenden
825 234 91 23 mindre
932 234 63 30 lyck-

245 270 44 30 ligt
310 270 87 24 lottade
419 270 98 24 delarna
541 271 24 23 af
587 271 136 23 valkretsen
746 273 30 20 än
800 270 136 30 ytterligare
961 271 36 21 att

244 306 138 23 förfördelas
398 306 39 23 vid
453 306 76 24 valen.
555 306 90 24 Sådant
660 309 26 21 är
702 306 158 24 förhållandet
875 307 8 21 i
899 312 97 23 synner-

244 342 42 22 het
308 342 48 28 där,
378 342 97 24 hvarest
491 343 74 22 större
582 342 80 24 städer
677 342 44 24 och
736 344 47 22 tätt
799 342 124 23 befolkade
940 341 56 29 byg-

244 378 48 27 der,
314 378 113 23 särskildt
447 385 29 16 en
499 378 74 23 sådan
594 378 102 23 storstad
720 385 50 16 som
787 378 152 29 Helsingfors,
956 379 40 21 äro

244 414 111 23 förenade
371 414 8 22 i
395 421 93 16 samma
503 414 105 23 valkrets
625 414 54 23 med
695 421 30 16 en
741 414 132 23 vidsträckt
883 414 43 22 och
934 414 61 29 jäm-

245 449 121 23 förelsevis
389 450 60 29 glest
473 450 111 23 befolkad
604 450 110 23 landsort.
747 450 77 29 Något
840 449 91 23 mindre
947 448 48 23 val-

244 485 93 23 kretsar
359 488 30 21 än
405 486 29 22 de
449 486 136 29 föreslagna
601 488 39 20 äro
656 486 74 30 enligt
745 486 43 22 vår
803 485 73 23 tanke
893 484 102 24 nödvän-

244 521 56 29 diga
313 522 91 29 jämväl
421 522 24 22 af
460 522 77 27 orsak,
555 522 34 22 att
604 521 104 30 nyheten
725 522 25 23 af
764 521 41 23 det
818 520 178 31 proportionella

244 557 113 23 valsättet
379 557 42 23 och
445 557 30 23 de
501 557 147 30 svårigheter
663 557 135 23 detsamma
814 557 69 23 äfven
900 557 8 22 i
924 556 71 29 öfrigt

245 593 110 29 erbjuder
366 593 53 23 icke
432 593 73 23 måtte
518 593 77 23 alltför
605 594 83 29 skarpt
698 593 132 23 framträda
840 592 44 24 och
894 592 101 23 sålunda

244 630 86 27 genast
353 628 54 24 från
430 629 83 30 början
534 635 58 17 vara
615 629 92 29 egnade
732 629 36 22 att
789 629 8 22 i
816 628 46 29 hög
878 627 59 30 grad
952 627 43 23 hos

243 665 56 22 vida
321 665 67 29 lager
412 665 24 23 af
461 665 169 30 befolkningen
653 664 180 24 misskreditera
853 663 64 24 detta
933 664 8 22 i
957 664 38 29 sig

244 700 57 30 själf
316 701 98 22 rättvisa
431 701 93 23 valsätt.

315 736 31 23 Vi
368 737 107 23 erkänna
490 737 77 29 villigt
584 738 35 22 att
634 737 39 22 det
688 736 181 30 proportionella
884 735 113 23 valsättet

243 772 134 29 principielt
400 773 72 28 taget,
496 772 59 23 först
577 772 31 23 då
630 773 68 22 ernår
720 773 38 22 sin
779 772 156 29 fulländning,
952 774 43 20 när

244 807 54 24 hela
320 808 81 23 landet
423 809 70 28 utgör
515 815 30 16 en
567 808 62 23 enda
650 808 112 28 valkrets,
782 809 62 22 samt
861 809 34 22 att
911 808 82 29 hvarje

244 843 229 30 valkretsindelning
490 846 26 21 är
532 851 29 16 en
577 844 115 23 afvikelse
707 843 53 24 från
772 843 65 24 detta
848 843 67 27 ideal,
927 843 66 23 desto

244 882 73 21 större
329 881 29 29 ju
374 880 111 23 talrikare
501 880 164 24 valkretsarna
680 882 46 22 äro.
758 880 55 23 Men
829 880 29 23 de
872 879 123 30 praktiska

244 916 44 22 och
304 916 152 23 valtekniska
467 916 178 30 svärigheterna
656 918 39 21 äro
707 916 85 23 härvid
802 916 73 22 likväl
886 916 27 22 sä
923 917 71 25 stora,

244 953 36 21 att
301 952 63 22 inom
387 952 123 23 Utskottet
532 953 72 28 ingen
627 953 79 22 ansett
724 952 40 22 det
780 958 56 16 vara
853 952 91 34 möjligt
961 953 34 21 att

244 988 55 22 med
315 994 42 16 ens
373 988 80 29 uppnä
469 988 66 22 detta
545 988 245 29 proportionalitetens
801 987 67 23 ideal.
890 988 21 22 A
922 987 73 23 andra

244 1023 66 23 sidan
334 1026 26 20 är
382 1023 41 23 det
438 1023 155 30 obestridligt,
610 1025 35 21 att
660 1023 39 23 det
714 1023 180 30 proportionella
910 1023 84 23 valsät-

242 1060 47 22 tets
311 1059 222 29 hufvudsakligaste
556 1059 101 23 fördelar
678 1059 83 23 kunna
783 1059 69 23 ernäs
868 1058 71 23 äfven
956 1065 38 16 om

243 1094 165 24 valkretsarna
424 1097 39 20 äro
480 1094 114 30 betydligt
610 1094 98 28 mindre,
724 1096 64 22 samt
804 1096 35 22 att
854 1094 40 23 det
910 1094 85 22 endast

244 1130 100 23 sälunda
364 1132 26 20 är
406 1130 93 30 möjligt
514 1132 35 21 att
564 1130 106 23 undvika
686 1130 28 23 de
730 1130 125 30 praktiska
871 1130 122 28 olägenhe-

242 1167 44 26 ter,
302 1166 81 23 hvilka
400 1166 72 23 blifva
488 1166 41 22 allt
542 1167 74 22 större
624 1167 28 29 ju
662 1166 161 23 vidsträktare
832 1165 163 23 valkretsarna

243 1204 47 20 äro.
315 1201 33 23 En
364 1202 236 28 valkretsindelning,
617 1208 50 16 som
684 1202 54 22 bäst
754 1203 133 21 motsvarar
901 1201 94 23 landets

242 1237 138 23 nuvarande
395 1238 140 28 utveckling
550 1237 43 23 och
609 1237 165 23 förhällanden
790 1236 43 24 och
850 1236 76 23 tillika
942 1236 54 23 fullt

242 1272 182 24 tillfredsställer
443 1268 11 38 —
460 1273 349 29 proportionalitetsprincipens
827 1268 13 38 —
849 1272 146 29 berättigade

242 1308 140 30 fordringar,
400 1308 69 24 ernäs
485 1309 74 29 enligt
574 1309 42 22 vär
632 1309 62 29 äsigt
710 1315 86 23 genom
813 1308 93 23 landets
922 1308 73 22 indel-

243 1344 58 29 ning
316 1344 7 22 i
340 1344 138 27 valkretsar,
494 1344 24 23 af
533 1344 81 23 hvilka
629 1344 81 29 hvarje
727 1344 61 29 egde
803 1345 53 21 utse
874 1347 71 19 7—10
961 1350 34 16 re-

242 1380 172 28 presentanter,
430 1379 122 30 själffallet
567 1379 36 23 för
618 1380 27 22 sä
660 1379 50 23 vidt
730 1379 31 23 de
777 1379 79 23 lokala
870 1379 125 23 förhällan-

242 1414 62 23 dena
319 1415 7 22 i
343 1414 79 24 skilda
432 1415 134 23 landsdelar
576 1415 53 23 icke
641 1415 219 29 nödvändiggjorde
872 1414 123 29 undantag
