1098 1745
352 145 23 18 U.
387 145 21 18 B.
421 144 60 24 Prop.
494 145 36 18 N:o
545 145 29 18 10.
839 143 22 19 19

111 204 52 22 land
180 204 40 22 har
237 204 88 29 ganska
341 204 68 29 djupa
425 204 122 23 historiska
563 205 73 26 rötter,
652 204 49 22 icke
716 204 86 22 kunnat
817 203 44 23 för-

112 239 98 28 hindras,
234 241 53 21 utan
311 241 30 21 att
366 240 70 22 sädan
455 240 89 27 handel,
568 241 56 21 trots
640 241 31 21 att
687 239 44 23 den
748 240 54 22 varit
818 239 43 23 för-

112 275 92 29 bjuden,
228 275 63 23 likväl
312 275 91 30 fortgätt
422 276 73 22 under
510 275 166 28 århundraden,
692 275 39 23 har
747 275 115 23 Utskottet

112 313 74 21 ansett
202 319 51 15 vara
269 312 70 22 bättre
355 313 30 21 att
401 312 94 29 lofgifva
511 312 75 23 denna
602 312 89 27 handel,
707 318 51 16 men
776 311 86 22 medels

112 347 111 23 särskilda
248 348 169 29 bestämningar
444 348 45 23 och
514 348 181 29 begränsningar
721 349 56 27 göra
807 347 55 22 dess

112 383 167 23 öfvervakande
295 383 99 23 effektivt
408 385 64 26 samt,
489 384 73 23 såvidt
578 384 88 29 möjligt
682 385 29 24 är,
721 383 142 22 förekomma

112 419 23 22 af
151 419 133 23 densamma
299 419 140 29 härflytande
454 420 77 22 vådor.

185 455 40 22 Till
243 455 52 23 stöd
311 455 36 22 för
363 456 74 22 denna
453 456 36 22 sin
506 455 140 29 ståndpunkt
662 455 98 22 anhåller
771 454 92 23 Utskot-

113 492 32 21 tet
165 492 31 21 att
215 491 23 22 få
253 491 94 23 hänvisa
363 491 29 22 till
409 491 29 22 de
455 491 53 28 skäl,
525 491 74 23 hvilka
620 492 116 21 1877—78
755 491 35 22 års
809 491 54 28 Lag-

113 526 46 23 och
194 527 201 22 Ekonomiutskott
420 527 5 22 i
449 527 100 29 enlighet
580 527 52 22 med
664 526 200 29 näringsfrihetens

115 563 149 28 grundsatser
285 563 5 22 i
312 563 37 22 sitt
373 563 142 23 betänkande
538 563 118 22 framhållit
680 563 29 22 till
725 562 88 23 förmån
829 561 36 23 för

115 598 209 29 gärdfarihandelns
340 599 135 28 frigifvande
490 599 44 23 och
551 599 75 22 hvilka
642 599 93 28 tidigare
745 598 119 23 relaterats.

115 634 54 23 Värt
193 635 65 22 lands
282 635 129 28 utveckling
434 635 55 22 efter
513 635 72 29 sagda
608 634 32 23 tid
664 641 69 22 synes
755 634 60 29 gifva
833 635 32 27 yt-

115 670 103 29 terligare
249 671 52 22 stöd
327 671 36 22 för
393 671 76 22 denna
497 671 65 28 äsigt.
600 671 79 22 Under
704 670 29 22 de
759 670 108 22 sednaste

115 707 31 21 30
168 706 53 22 ären
245 706 66 23 hafva
335 707 250 22 kommunikationerna
606 707 5 21 i
632 707 48 22 värt
703 706 51 22 land
774 706 6 21 i
807 712 59 22 myc-

116 741 37 23 ket
176 741 49 30 hög
247 742 55 29 grad
325 742 135 23 förbättrats.
492 743 53 22 Värt
568 743 157 28 järnvägsnäts
741 741 69 29 längd
827 741 40 22 har

116 777 64 23 vuxit
203 777 48 23 frän
275 779 43 21 885
342 778 43 23 km.
409 779 24 22 är
458 779 57 22 1876
539 778 29 22 till
593 779 64 27 3,329
681 778 43 22 km.
750 777 23 22 är
801 777 66 26 1904;

116 814 204 28 ängbätslinjernas
344 814 59 22 antal
427 814 44 23 och
496 814 69 29 längd
588 813 40 23 har
652 813 69 23 starkt
740 813 66 22 ökats
823 812 44 23 och

117 849 49 23 icke
190 850 68 22 minst
280 850 29 28 pä
325 850 29 22 de
370 850 46 22 inre
432 851 97 22 vattnen.
562 850 6 22 I
586 849 159 23 motsvarande
761 849 52 22 män
829 848 40 22 har

118 885 106 22 likaledes
256 885 171 23 handlandenes
452 886 5 22 i
483 886 105 22 städerna
618 884 196 29 varuomsättning
840 884 29 28 pä

119 921 158 29 landsbygden
299 921 71 23 ökats.
402 921 119 29 Samtidigt
545 921 41 23 har
608 921 45 23 den
676 921 58 22 fasta
753 920 116 22 landthan-

117 957 67 22 delns
201 957 117 29 betydelse
334 957 91 29 tilltagit,
442 957 94 23 hvarom
552 957 72 23 vitnar
640 957 28 22 bl.
684 963 18 16 a.
713 956 44 23 den
769 957 100 22 omstän-

118 993 116 28 digheten,
257 994 30 21 att
311 993 83 22 antalet
419 993 193 22 landthandlande
635 993 63 22 vuxit
722 992 71 23 under
817 992 52 22 ären

121 1029 146 22 1875—1905
289 1029 48 22 frän
356 1029 62 27 1,432
435 1029 29 22 till
482 1029 70 22 omkr.
568 1030 71 26 5,100.
670 1029 49 22 Alla
737 1028 68 22 dessa
822 1034 47 16 om-

119 1064 155 29 ständigheter
300 1065 72 22 mäste
397 1065 67 22 verka
487 1066 31 21 att
542 1064 209 30 gärdfarihandelns
774 1063 97 23 faktiska

118 1100 119 29 betydelse
252 1100 36 23 för
303 1100 227 29 landtbefolkningen
547 1101 47 28 gätt
610 1101 73 27 nedät,
699 1100 44 22 och
761 1100 6 21 i
785 1105 86 17 samma

120 1136 52 22 män
184 1136 73 23 mäste
269 1136 66 23 äfven
346 1136 29 23 de
386 1136 75 23 denna
472 1136 82 23 handel
568 1136 135 23 vidlädande
716 1135 155 29 olägenheter-

120 1179 42 15 nas
179 1172 117 29 betydelse
312 1172 107 23 minskas.

193 1208 63 22 Inom
273 1207 115 23 Utskottet
405 1207 39 23 har
459 1207 134 29 visserligen
609 1207 48 22 frän
676 1206 135 23 ekonomisk
821 1212 51 23 syn-

118 1243 75 29 punkt
212 1245 61 21 ännu
289 1243 90 23 uttalats
394 1243 107 29 farhägor
517 1243 85 28 därom,
618 1244 30 21 att
664 1242 208 29 gärdfarihandelns

118 1279 149 29 fullständiga
285 1279 135 29 frigitvande
435 1279 78 23 kunde
530 1279 101 22 medföra
647 1279 103 28 ansenlig
766 1277 69 24 skada
851 1277 22 22 ät

119 1315 54 22 våra
188 1314 58 23 fasta
261 1314 192 23 landthandlande
469 1314 46 23 och
531 1315 22 22 ät
568 1314 39 23 vär
622 1314 167 22 andelshandel.
807 1312 67 23 Dock

121 1350 73 23 mäste
216 1350 83 23 folkets
321 1351 105 28 stegrade
447 1350 187 22 varukännedom
659 1351 57 21 samt
733 1349 72 23 stads-
829 1348 44 23 och

121 1386 290 23 landsortshandlandenas
429 1386 61 23 förut
506 1386 99 28 antydda
616 1385 127 29 inflytande,
755 1384 119 23 äfvensom

122 1422 46 22 den
191 1422 23 22 af
237 1422 52 22 dem
305 1422 150 22 åstadkomna
471 1422 173 22 konkurrensen
660 1421 69 29 enligt
746 1420 128 23 Utskottets
