1103 1748
279 159 26 21 36

248 221 138 22 underställas
409 222 124 21 monarkens
556 222 159 28 godkännande.
746 221 45 22 Det
806 229 27 14 nu
849 221 92 22 rådande
957 222 49 21 sak-

248 255 57 28 läget
319 257 24 20 är
358 255 66 22 likväl
439 257 19 27 ej
474 256 82 27 sådant,
570 259 32 19 att
616 257 38 21 det
663 257 68 21 skulle
742 263 62 14 mana
813 256 39 26 till,
862 258 33 19 att
904 255 32 22 till
949 255 56 22 stån-

247 289 42 22 den
303 290 88 21 insända
406 290 85 29 förslag,
506 290 73 22 hvilka
594 291 6 20 i
615 291 99 21 afsevärd
729 290 52 29 grad
798 290 67 21 skulle
876 289 73 22 afvika
959 289 46 22 från

247 323 42 23 den
304 323 77 30 nådiga
395 325 173 28 propositionens.
588 325 169 22 Förhållandena
773 325 75 21 kräfva
863 324 89 21 framför
967 323 39 22 allt

247 361 32 18 ett
294 358 77 22 snabbt
386 359 126 26 handlande,
527 359 64 28 något
606 367 44 14 som
665 359 56 22 dock
737 360 17 27 ej
771 359 61 22 torde
842 359 70 21 kunna
923 358 82 29 uppnås

247 392 130 22 annorlunda
392 395 26 19 än
433 400 75 21 genom
524 393 168 29 kompromisser.
707 393 32 22 På
754 393 65 22 sådan
834 393 68 28 grund
918 392 37 22 ber
969 393 36 28 jag

247 426 80 27 därför,
341 430 32 19 att
396 427 22 22 få
440 428 8 21 i
463 427 121 22 hufvudsak
599 427 129 22 understöda
742 427 38 22 det
794 427 80 28 förslag
889 427 32 22 till
937 427 68 22 krets-

247 461 114 28 indelning,
377 469 44 14 som
437 462 59 29 ingår
511 463 7 20 i
534 462 35 21 hrr
584 461 132 23 Grotenfelts
732 470 26 13 m.
774 462 34 21 fl:s
824 463 135 24 reservation,
974 465 32 18 ett

247 495 87 29 förslag,
349 503 44 15 som
409 497 122 28 visserligen
548 497 54 22 lider
616 497 23 21 af
653 496 256 29 förmedlingsförslagens
921 496 84 28 vanliga

249 529 82 27 brister,
348 538 47 14 men
411 538 44 14 som
470 531 56 22 dock
541 532 8 20 i
564 531 67 29 någon
642 531 46 22 mån
700 531 68 22 skulle
779 531 93 21 afvända
881 531 27 22 de
919 531 86 28 olägen-

248 564 67 26 heter,
337 564 79 27 hvilka,
437 573 44 14 som
498 573 48 14 man
566 566 41 21 kan
622 566 86 26 förutse,
724 566 84 21 komme
824 568 32 19 att
871 565 51 29 följa
937 565 23 21 af
975 568 31 19 ett

247 598 154 28 godkännande
416 600 23 21 af
453 600 41 21 den
510 600 84 28 Nådiga
608 601 162 28 propositionen.

646 664 15 21 J.
678 664 21 22 R.
716 663 219 23 Danielson-Kalmari.

380 1470 116 24 Helsingfors
509 1471 49 18 1906.
583 1471 116 24 Helsingfors
712 1471 162 23 Centraltryckeri.
