<?xml version="1.0" encoding="UTF-8"?>
<alto xmlns="http://www.loc.gov/standards/alto/ns-v3#" xmlns:xlink="http://www.w3.org/1999/xlink" xmlns:xsi="http://www.w3.org/2001/XMLSchema-instance" xsi:schemaLocation="http://www.loc.gov/standards/alto/ns-v3# http://www.loc.gov/alto/v3/alto-3-0.xsd">
	<Description>
		<MeasurementUnit>pixel</MeasurementUnit>
		<sourceImageInformation>
			<fileName>/tmp/tess_h0bq8yfx_input.PNG</fileName>
		</sourceImageInformation>
		<OCRProcessing ID="OCR_0">
			<ocrProcessingStep>
				<processingSoftware>
					<softwareName>tesseract 5.3.4</softwareName>
				</processingSoftware>
			</ocrProcessingStep>
		</OCRProcessing>
	</Description>
	<Layout>
		<Page WIDTH="1100" HEIGHT="1742" PHYSICAL_IMG_NR="0" ID="page_0">
			<PrintSpace HPOS="0" VPOS="0" WIDTH="1100" HEIGHT="1742">
				<ComposedBlock ID="cblock_0" HPOS="373" VPOS="142" WIDTH="490" HEIGHT="24">
					<TextBlock ID="block_0" HPOS="373" VPOS="142" WIDTH="490" HEIGHT="24">
						<TextLine ID="line_0" HPOS="373" VPOS="142" WIDTH="490" HEIGHT="24">
							<String ID="string_0" HPOS="373" VPOS="143" WIDTH="22" HEIGHT="18" WC="0.89" CONTENT="U."/><SP WIDTH="13" VPOS="143" HPOS="395"/>
							<String ID="string_1" HPOS="408" VPOS="142" WIDTH="22" HEIGHT="19" WC="0.92" CONTENT="B."/><SP WIDTH="13" VPOS="142" HPOS="430"/>
							<String ID="string_2" HPOS="443" VPOS="142" WIDTH="60" HEIGHT="24" WC="0.96" CONTENT="Prop."/><SP WIDTH="12" VPOS="142" HPOS="503"/>
							<String ID="string_3" HPOS="515" VPOS="143" WIDTH="37" HEIGHT="18" WC="0.96" CONTENT="N:o"/><SP WIDTH="15" VPOS="143" HPOS="552"/>
							<String ID="string_4" HPOS="567" VPOS="143" WIDTH="28" HEIGHT="18" WC="0.95" CONTENT="10."/><SP WIDTH="244" VPOS="143" HPOS="595"/>
							<String ID="string_5" HPOS="839" VPOS="143" WIDTH="24" HEIGHT="18" WC="0.96" CONTENT="29"/>
						</TextLine>
					</TextBlock>
				</ComposedBlock>
				<ComposedBlock ID="cblock_1" HPOS="106" VPOS="201" WIDTH="757" HEIGHT="919">
					<TextBlock ID="block_1" HPOS="108" VPOS="201" WIDTH="755" HEIGHT="424">
						<TextLine ID="line_1" HPOS="110" VPOS="201" WIDTH="753" HEIGHT="30">
							<String ID="string_6" HPOS="110" VPOS="201" WIDTH="48" HEIGHT="23" WC="0.93" CONTENT="salu"/><SP WIDTH="25" VPOS="201" HPOS="158"/>
							<String ID="string_7" HPOS="183" VPOS="202" WIDTH="134" HEIGHT="28" WC="0.92" CONTENT="kringforsla"/><SP WIDTH="19" VPOS="202" HPOS="317"/>
							<String ID="string_8" HPOS="336" VPOS="202" WIDTH="74" HEIGHT="22" WC="0.92" CONTENT="finska"/><SP WIDTH="19" VPOS="202" HPOS="410"/>
							<String ID="string_9" HPOS="429" VPOS="202" WIDTH="169" HEIGHT="27" WC="0.92" CONTENT="industrialster,"/><SP WIDTH="17" VPOS="202" HPOS="598"/>
							<String ID="string_10" HPOS="615" VPOS="202" WIDTH="74" HEIGHT="23" WC="0.96" CONTENT="hvilka"/><SP WIDTH="16" VPOS="202" HPOS="689"/>
							<String ID="string_11" HPOS="705" VPOS="203" WIDTH="29" HEIGHT="21" WC="0.96" CONTENT="de"/><SP WIDTH="16" VPOS="203" HPOS="734"/>
							<String ID="string_12" HPOS="750" VPOS="202" WIDTH="40" HEIGHT="23" WC="0.92" CONTENT="här"/><SP WIDTH="16" VPOS="202" HPOS="790"/>
							<String ID="string_13" HPOS="806" VPOS="210" WIDTH="57" HEIGHT="21" WC="0.92" CONTENT="upp-"/>
						</TextLine>
						<TextLine ID="line_2" HPOS="111" VPOS="237" WIDTH="752" HEIGHT="30">
							<String ID="string_14" HPOS="111" VPOS="237" WIDTH="65" HEIGHT="28" WC="0.91" CONTENT="köpa."/><SP WIDTH="24" VPOS="237" HPOS="176"/>
							<String ID="string_15" HPOS="200" VPOS="250" WIDTH="28" HEIGHT="3" WC="0.90" CONTENT="—"/><SP WIDTH="25" VPOS="250" HPOS="228"/>
							<String ID="string_16" HPOS="253" VPOS="238" WIDTH="75" HEIGHT="22" WC="0.95" CONTENT="Skulle"/><SP WIDTH="20" VPOS="238" HPOS="328"/>
							<String ID="string_17" HPOS="348" VPOS="238" WIDTH="46" HEIGHT="22" WC="0.93" CONTENT="åter"/><SP WIDTH="15" VPOS="238" HPOS="394"/>
							<String ID="string_18" HPOS="409" VPOS="238" WIDTH="204" HEIGHT="29" WC="0.91" CONTENT="gårdfarihandlare"/><SP WIDTH="16" VPOS="238" HPOS="613"/>
							<String ID="string_19" HPOS="629" VPOS="240" WIDTH="104" HEIGHT="27" WC="0.91" CONTENT="ertappas"/><SP WIDTH="18" VPOS="240" HPOS="733"/>
							<String ID="string_20" HPOS="751" VPOS="238" WIDTH="51" HEIGHT="23" WC="0.92" CONTENT="med"/><SP WIDTH="16" VPOS="238" HPOS="802"/>
							<String ID="string_21" HPOS="818" VPOS="239" WIDTH="45" HEIGHT="22" WC="0.92" CONTENT="för-"/>
						</TextLine>
						<TextLine ID="line_3" HPOS="110" VPOS="273" WIDTH="753" HEIGHT="30">
							<String ID="string_22" HPOS="110" VPOS="273" WIDTH="98" HEIGHT="28" WC="0.92" CONTENT="säljning"/><SP WIDTH="22" VPOS="273" HPOS="208"/>
							<String ID="string_23" HPOS="230" VPOS="273" WIDTH="22" HEIGHT="22" WC="0.93" CONTENT="af"/><SP WIDTH="23" VPOS="273" HPOS="252"/>
							<String ID="string_24" HPOS="275" VPOS="274" WIDTH="105" HEIGHT="28" WC="0.69" CONTENT="»olofliga"/><SP WIDTH="15" VPOS="274" HPOS="380"/>
							<String ID="string_25" HPOS="395" VPOS="280" WIDTH="78" HEIGHT="16" WC="0.96" CONTENT="varor»"/><SP WIDTH="19" VPOS="280" HPOS="473"/>
							<String ID="string_26" HPOS="492" VPOS="274" WIDTH="79" HEIGHT="29" WC="0.95" CONTENT="(gifter,"/><SP WIDTH="18" VPOS="274" HPOS="571"/>
							<String ID="string_27" HPOS="589" VPOS="276" WIDTH="167" HEIGHT="27" WC="0.92" CONTENT="sprängämnen"/><SP WIDTH="17" VPOS="276" HPOS="756"/>
							<String ID="string_28" HPOS="773" VPOS="281" WIDTH="28" HEIGHT="15" WC="0.93" CONTENT="m."/><SP WIDTH="17" VPOS="281" HPOS="801"/>
							<String ID="string_29" HPOS="818" VPOS="275" WIDTH="45" HEIGHT="27" WC="0.87" CONTENT="m.),"/>
						</TextLine>
						<TextLine ID="line_4" HPOS="110" VPOS="308" WIDTH="751" HEIGHT="30">
							<String ID="string_30" HPOS="110" VPOS="308" WIDTH="26" HEIGHT="23" WC="0.96" CONTENT="så"/><SP WIDTH="15" VPOS="308" HPOS="136"/>
							<String ID="string_31" HPOS="151" VPOS="310" WIDTH="39" HEIGHT="21" WC="0.92" CONTENT="äro"/><SP WIDTH="17" VPOS="310" HPOS="190"/>
							<String ID="string_32" HPOS="207" VPOS="309" WIDTH="145" HEIGHT="28" WC="0.92" CONTENT="Strafflagens"/><SP WIDTH="17" VPOS="309" HPOS="352"/>
							<String ID="string_33" HPOS="369" VPOS="309" WIDTH="268" HEIGHT="23" WC="0.91" CONTENT="ansvarsbestämmelser"/><SP WIDTH="15" VPOS="309" HPOS="637"/>
							<String ID="string_34" HPOS="652" VPOS="310" WIDTH="5" HEIGHT="21" WC="0.96" CONTENT="i"/><SP WIDTH="18" VPOS="310" HPOS="657"/>
							<String ID="string_35" HPOS="675" VPOS="309" WIDTH="75" HEIGHT="22" WC="0.97" CONTENT="denna"/><SP WIDTH="12" VPOS="309" HPOS="750"/>
							<String ID="string_36" HPOS="762" VPOS="310" WIDTH="35" HEIGHT="22" WC="0.93" CONTENT="del"/><SP WIDTH="11" VPOS="310" HPOS="797"/>
							<String ID="string_37" HPOS="808" VPOS="310" WIDTH="53" HEIGHT="28" WC="0.92" CONTENT="jäm-"/>
						</TextLine>
						<TextLine ID="line_5" HPOS="109" VPOS="344" WIDTH="753" HEIGHT="30">
							<String ID="string_38" HPOS="109" VPOS="344" WIDTH="118" HEIGHT="23" WC="0.92" CONTENT="förelsevis"/><SP WIDTH="25" VPOS="344" HPOS="227"/>
							<String ID="string_39" HPOS="252" VPOS="346" WIDTH="96" HEIGHT="28" WC="0.93" CONTENT="stränga,"/><SP WIDTH="24" VPOS="346" HPOS="348"/>
							<String ID="string_40" HPOS="372" VPOS="345" WIDTH="154" HEIGHT="23" WC="0.92" CONTENT="hvarförutom"/><SP WIDTH="21" VPOS="345" HPOS="526"/>
							<String ID="string_41" HPOS="547" VPOS="345" WIDTH="84" HEIGHT="29" WC="0.96" CONTENT="jämlikt"/><SP WIDTH="16" VPOS="345" HPOS="631"/>
							<String ID="string_42" HPOS="647" VPOS="346" WIDTH="147" HEIGHT="28" WC="0.93" CONTENT="regeringens"/><SP WIDTH="16" VPOS="346" HPOS="794"/>
							<String ID="string_43" HPOS="810" VPOS="353" WIDTH="52" HEIGHT="21" WC="0.90" CONTENT="pro-"/>
						</TextLine>
						<TextLine ID="line_6" HPOS="109" VPOS="381" WIDTH="751" HEIGHT="28">
							<String ID="string_44" HPOS="109" VPOS="381" WIDTH="101" HEIGHT="27" WC="0.96" CONTENT="position"/><SP WIDTH="24" VPOS="381" HPOS="210"/>
							<String ID="string_45" HPOS="234" VPOS="387" WIDTH="80" HEIGHT="16" WC="0.96" CONTENT="varans"/><SP WIDTH="24" VPOS="387" HPOS="314"/>
							<String ID="string_46" HPOS="338" VPOS="381" WIDTH="98" HEIGHT="28" WC="0.96" CONTENT="tagande"/><SP WIDTH="23" VPOS="381" HPOS="436"/>
							<String ID="string_47" HPOS="459" VPOS="381" WIDTH="5" HEIGHT="22" WC="0.96" CONTENT="i"/><SP WIDTH="25" VPOS="381" HPOS="464"/>
							<String ID="string_48" HPOS="489" VPOS="381" WIDTH="80" HEIGHT="28" WC="0.94" CONTENT="beslag"/><SP WIDTH="16" VPOS="381" HPOS="569"/>
							<String ID="string_49" HPOS="585" VPOS="383" WIDTH="22" HEIGHT="20" WC="0.93" CONTENT="är"/><SP WIDTH="16" VPOS="383" HPOS="607"/>
							<String ID="string_50" HPOS="623" VPOS="381" WIDTH="154" HEIGHT="23" WC="0.79" CONTENT="föreskrifven."/><SP WIDTH="31" VPOS="381" HPOS="777"/>
							<String ID="string_51" HPOS="808" VPOS="381" WIDTH="52" HEIGHT="23" WC="0.96" CONTENT="Och"/>
						</TextLine>
						<TextLine ID="line_7" HPOS="109" VPOS="416" WIDTH="752" HEIGHT="30">
							<String ID="string_52" HPOS="109" VPOS="416" WIDTH="29" HEIGHT="22" WC="0.95" CONTENT="då"/><SP WIDTH="16" VPOS="416" HPOS="138"/>
							<String ID="string_53" HPOS="154" VPOS="417" WIDTH="69" HEIGHT="28" WC="0.96" CONTENT="enligt"/><SP WIDTH="17" VPOS="417" HPOS="223"/>
							<String ID="string_54" HPOS="240" VPOS="417" WIDTH="126" HEIGHT="22" WC="0.96" CONTENT="Utskottets"/><SP WIDTH="16" VPOS="417" HPOS="366"/>
							<String ID="string_55" HPOS="382" VPOS="416" WIDTH="87" HEIGHT="29" WC="0.93" CONTENT="förslag"/><SP WIDTH="16" VPOS="416" HPOS="469"/>
							<String ID="string_56" HPOS="485" VPOS="417" WIDTH="195" HEIGHT="28" WC="0.92" CONTENT="gårdfarihandeln"/><SP WIDTH="12" VPOS="417" HPOS="680"/>
							<String ID="string_57" HPOS="692" VPOS="417" WIDTH="29" HEIGHT="22" WC="0.96" CONTENT="till"/><SP WIDTH="12" VPOS="417" HPOS="721"/>
							<String ID="string_58" HPOS="733" VPOS="423" WIDTH="27" HEIGHT="16" WC="0.96" CONTENT="en"/><SP WIDTH="12" VPOS="423" HPOS="760"/>
							<String ID="string_59" HPOS="772" VPOS="417" WIDTH="89" HEIGHT="29" WC="0.96" CONTENT="mycket"/>
						</TextLine>
						<TextLine ID="line_8" HPOS="108" VPOS="452" WIDTH="754" HEIGHT="29">
							<String ID="string_60" HPOS="108" VPOS="452" WIDTH="129" HEIGHT="29" WC="0.91" CONTENT="väsendtlig"/><SP WIDTH="15" VPOS="452" HPOS="237"/>
							<String ID="string_61" HPOS="252" VPOS="453" WIDTH="36" HEIGHT="22" WC="0.93" CONTENT="del"/><SP WIDTH="16" VPOS="453" HPOS="288"/>
							<String ID="string_62" HPOS="304" VPOS="452" WIDTH="74" HEIGHT="23" WC="0.91" CONTENT="blefve"/><SP WIDTH="16" VPOS="452" HPOS="378"/>
							<String ID="string_63" HPOS="394" VPOS="453" WIDTH="115" HEIGHT="22" WC="0.95" CONTENT="beroende"/><SP WIDTH="16" VPOS="453" HPOS="509"/>
							<String ID="string_64" HPOS="525" VPOS="453" WIDTH="22" HEIGHT="22" WC="0.96" CONTENT="af"/><SP WIDTH="12" VPOS="453" HPOS="547"/>
							<String ID="string_65" HPOS="559" VPOS="453" WIDTH="144" HEIGHT="28" WC="0.96" CONTENT="vederbörlig"/><SP WIDTH="12" VPOS="453" HPOS="703"/>
							<String ID="string_66" HPOS="715" VPOS="453" WIDTH="147" HEIGHT="28" WC="0.96" CONTENT="myndighets"/>
						</TextLine>
						<TextLine ID="line_9" HPOS="108" VPOS="487" WIDTH="752" HEIGHT="30">
							<String ID="string_67" HPOS="108" VPOS="487" WIDTH="105" HEIGHT="28" WC="0.96" CONTENT="kontroll,"/><SP WIDTH="17" VPOS="487" HPOS="213"/>
							<String ID="string_68" HPOS="230" VPOS="488" WIDTH="42" HEIGHT="22" WC="0.96" CONTENT="kan"/><SP WIDTH="17" VPOS="488" HPOS="272"/>
							<String ID="string_69" HPOS="289" VPOS="488" WIDTH="37" HEIGHT="23" WC="0.96" CONTENT="det"/><SP WIDTH="16" VPOS="488" HPOS="326"/>
							<String ID="string_70" HPOS="342" VPOS="490" WIDTH="64" HEIGHT="27" WC="0.96" CONTENT="tagas"/><SP WIDTH="17" VPOS="490" HPOS="406"/>
							<String ID="string_71" HPOS="423" VPOS="488" WIDTH="35" HEIGHT="22" WC="0.93" CONTENT="för"/><SP WIDTH="16" VPOS="488" HPOS="458"/>
							<String ID="string_72" HPOS="474" VPOS="489" WIDTH="75" HEIGHT="28" WC="0.90" CONTENT="gifvet,"/><SP WIDTH="16" VPOS="489" HPOS="549"/>
							<String ID="string_73" HPOS="565" VPOS="490" WIDTH="31" HEIGHT="21" WC="0.93" CONTENT="att"/><SP WIDTH="16" VPOS="490" HPOS="596"/>
							<String ID="string_74" HPOS="612" VPOS="489" WIDTH="144" HEIGHT="28" WC="0.91" CONTENT="utprånglare"/><SP WIDTH="15" VPOS="489" HPOS="756"/>
							<String ID="string_75" HPOS="771" VPOS="489" WIDTH="22" HEIGHT="22" WC="0.92" CONTENT="af"/><SP WIDTH="10" VPOS="489" HPOS="793"/>
							<String ID="string_76" HPOS="803" VPOS="489" WIDTH="57" HEIGHT="22" WC="0.92" CONTENT="olof-"/>
						</TextLine>
						<TextLine ID="line_10" HPOS="109" VPOS="523" WIDTH="752" HEIGHT="29">
							<String ID="string_77" HPOS="109" VPOS="523" WIDTH="44" HEIGHT="29" WC="0.96" CONTENT="liga"/><SP WIDTH="15" VPOS="523" HPOS="153"/>
							<String ID="string_78" HPOS="168" VPOS="531" WIDTH="66" HEIGHT="15" WC="0.96" CONTENT="varor"/><SP WIDTH="15" VPOS="531" HPOS="234"/>
							<String ID="string_79" HPOS="249" VPOS="524" WIDTH="75" HEIGHT="23" WC="0.96" CONTENT="lättare"/><SP WIDTH="16" VPOS="524" HPOS="324"/>
							<String ID="string_80" HPOS="340" VPOS="526" WIDTH="28" HEIGHT="20" WC="0.96" CONTENT="än"/><SP WIDTH="16" VPOS="526" HPOS="368"/>
							<String ID="string_81" HPOS="384" VPOS="524" WIDTH="61" HEIGHT="22" WC="0.96" CONTENT="förut"/><SP WIDTH="16" VPOS="524" HPOS="445"/>
							<String ID="string_82" HPOS="461" VPOS="524" WIDTH="76" HEIGHT="23" WC="0.96" CONTENT="kunna"/><SP WIDTH="17" VPOS="524" HPOS="537"/>
							<String ID="string_83" HPOS="554" VPOS="525" WIDTH="75" HEIGHT="22" WC="0.96" CONTENT="ställas"/><SP WIDTH="17" VPOS="525" HPOS="629"/>
							<String ID="string_84" HPOS="646" VPOS="525" WIDTH="29" HEIGHT="21" WC="0.96" CONTENT="till"/><SP WIDTH="12" VPOS="525" HPOS="675"/>
							<String ID="string_85" HPOS="687" VPOS="531" WIDTH="87" HEIGHT="21" WC="0.96" CONTENT="ansvar,"/><SP WIDTH="10" VPOS="531" HPOS="774"/>
							<String ID="string_86" HPOS="784" VPOS="524" WIDTH="77" HEIGHT="23" WC="0.95" CONTENT="hvaraf"/>
						</TextLine>
						<TextLine ID="line_11" HPOS="108" VPOS="559" WIDTH="753" HEIGHT="30">
							<String ID="string_87" HPOS="108" VPOS="566" WIDTH="29" HEIGHT="15" WC="0.96" CONTENT="en"/><SP WIDTH="21" VPOS="566" HPOS="137"/>
							<String ID="string_88" HPOS="158" VPOS="560" WIDTH="96" HEIGHT="29" WC="0.95" CONTENT="naturlig"/><SP WIDTH="15" VPOS="560" HPOS="254"/>
							<String ID="string_89" HPOS="269" VPOS="560" WIDTH="55" HEIGHT="29" WC="0.96" CONTENT="följd"/><SP WIDTH="16" VPOS="560" HPOS="324"/>
							<String ID="string_90" HPOS="340" VPOS="562" WIDTH="29" HEIGHT="25" WC="0.95" CONTENT="är,"/><SP WIDTH="16" VPOS="562" HPOS="369"/>
							<String ID="string_91" HPOS="385" VPOS="561" WIDTH="31" HEIGHT="21" WC="0.96" CONTENT="att"/><SP WIDTH="17" VPOS="561" HPOS="416"/>
							<String ID="string_92" HPOS="433" VPOS="559" WIDTH="120" HEIGHT="23" WC="0.93" CONTENT="Guvernör"/><SP WIDTH="16" VPOS="559" HPOS="553"/>
							<String ID="string_93" HPOS="569" VPOS="560" WIDTH="120" HEIGHT="22" WC="0.92" CONTENT="framdeles"/><SP WIDTH="17" VPOS="560" HPOS="689"/>
							<String ID="string_94" HPOS="706" VPOS="560" WIDTH="48" HEIGHT="22" WC="0.96" CONTENT="icke"/><SP WIDTH="16" VPOS="560" HPOS="754"/>
							<String ID="string_95" HPOS="770" VPOS="560" WIDTH="91" HEIGHT="29" WC="0.96" CONTENT="beviljar"/>
						</TextLine>
						<TextLine ID="line_12" HPOS="108" VPOS="595" WIDTH="482" HEIGHT="30">
							<String ID="string_96" HPOS="108" VPOS="595" WIDTH="22" HEIGHT="22" WC="0.96" CONTENT="åt"/><SP WIDTH="17" VPOS="595" HPOS="130"/>
							<String ID="string_97" HPOS="147" VPOS="596" WIDTH="70" HEIGHT="22" WC="0.96" CONTENT="sådan"/><SP WIDTH="17" VPOS="596" HPOS="217"/>
							<String ID="string_98" HPOS="234" VPOS="602" WIDTH="84" HEIGHT="22" WC="0.93" CONTENT="person"/><SP WIDTH="16" VPOS="602" HPOS="318"/>
							<String ID="string_99" HPOS="334" VPOS="595" WIDTH="256" HEIGHT="30" WC="0.91" CONTENT="gårdfarihandelspass."/>
						</TextLine>
					</TextBlock>
					<TextBlock ID="block_2" HPOS="107" VPOS="631" WIDTH="755" HEIGHT="417">
						<TextLine ID="line_13" HPOS="181" VPOS="631" WIDTH="679" HEIGHT="29">
							<String ID="string_100" HPOS="181" VPOS="631" WIDTH="114" HEIGHT="23" WC="0.94" CONTENT="Utskottet"/><SP WIDTH="23" VPOS="631" HPOS="295"/>
							<String ID="string_101" HPOS="318" VPOS="631" WIDTH="40" HEIGHT="23" WC="0.94" CONTENT="har"/><SP WIDTH="19" VPOS="631" HPOS="358"/>
							<String ID="string_102" HPOS="377" VPOS="631" WIDTH="94" HEIGHT="23" WC="0.96" CONTENT="kommit"/><SP WIDTH="16" VPOS="631" HPOS="471"/>
							<String ID="string_103" HPOS="487" VPOS="632" WIDTH="29" HEIGHT="21" WC="0.96" CONTENT="till"/><SP WIDTH="17" VPOS="632" HPOS="516"/>
							<String ID="string_104" HPOS="533" VPOS="632" WIDTH="45" HEIGHT="22" WC="0.93" CONTENT="den"/><SP WIDTH="17" VPOS="632" HPOS="578"/>
							<String ID="string_105" HPOS="595" VPOS="632" WIDTH="173" HEIGHT="28" WC="0.91" CONTENT="öfvertygelsen,"/><SP WIDTH="16" VPOS="632" HPOS="768"/>
							<String ID="string_106" HPOS="784" VPOS="633" WIDTH="31" HEIGHT="21" WC="0.96" CONTENT="att"/><SP WIDTH="16" VPOS="633" HPOS="815"/>
							<String ID="string_107" HPOS="831" VPOS="632" WIDTH="29" HEIGHT="22" WC="0.95" CONTENT="de"/>
						</TextLine>
						<TextLine ID="line_14" HPOS="108" VPOS="667" WIDTH="752" HEIGHT="29">
							<String ID="string_108" HPOS="108" VPOS="667" WIDTH="77" HEIGHT="28" WC="0.90" CONTENT="vådor,"/><SP WIDTH="26" VPOS="667" HPOS="185"/>
							<String ID="string_109" HPOS="211" VPOS="667" WIDTH="73" HEIGHT="23" WC="0.93" CONTENT="hvilka"/><SP WIDTH="26" VPOS="667" HPOS="284"/>
							<String ID="string_110" HPOS="310" VPOS="667" WIDTH="98" HEIGHT="23" WC="0.90" CONTENT="befarats"/><SP WIDTH="25" VPOS="667" HPOS="408"/>
							<String ID="string_111" HPOS="433" VPOS="668" WIDTH="84" HEIGHT="28" WC="0.96" CONTENT="uppstå"/><SP WIDTH="23" VPOS="668" HPOS="517"/>
							<String ID="string_112" HPOS="540" VPOS="674" WIDTH="85" HEIGHT="22" WC="0.93" CONTENT="genom"/><SP WIDTH="24" VPOS="674" HPOS="625"/>
							<String ID="string_113" HPOS="649" VPOS="667" WIDTH="211" HEIGHT="29" WC="0.91" CONTENT="gårdfarihandelns"/>
						</TextLine>
						<TextLine ID="line_15" HPOS="107" VPOS="703" WIDTH="753" HEIGHT="29">
							<String ID="string_114" HPOS="107" VPOS="703" WIDTH="141" HEIGHT="28" WC="0.90" CONTENT="frigifvande,"/><SP WIDTH="24" VPOS="703" HPOS="248"/>
							<String ID="string_115" HPOS="272" VPOS="704" WIDTH="6" HEIGHT="21" WC="0.93" CONTENT="i"/><SP WIDTH="23" VPOS="704" HPOS="278"/>
							<String ID="string_116" HPOS="301" VPOS="703" WIDTH="129" HEIGHT="29" WC="0.92" CONTENT="väsendtlig"/><SP WIDTH="23" VPOS="703" HPOS="430"/>
							<String ID="string_117" HPOS="453" VPOS="703" WIDTH="55" HEIGHT="29" WC="0.96" CONTENT="grad"/><SP WIDTH="17" VPOS="703" HPOS="508"/>
							<String ID="string_118" HPOS="525" VPOS="703" WIDTH="77" HEIGHT="22" WC="0.93" CONTENT="kunna"/><SP WIDTH="16" VPOS="703" HPOS="602"/>
							<String ID="string_119" HPOS="618" VPOS="703" WIDTH="95" HEIGHT="29" WC="0.92" CONTENT="afvärjas"/><SP WIDTH="16" VPOS="703" HPOS="713"/>
							<String ID="string_120" HPOS="729" VPOS="710" WIDTH="85" HEIGHT="22" WC="0.96" CONTENT="genom"/><SP WIDTH="17" VPOS="710" HPOS="814"/>
							<String ID="string_121" HPOS="831" VPOS="703" WIDTH="29" HEIGHT="22" WC="0.96" CONTENT="de"/>
						</TextLine>
						<TextLine ID="line_16" HPOS="108" VPOS="739" WIDTH="754" HEIGHT="29">
							<String ID="string_122" HPOS="108" VPOS="739" WIDTH="166" HEIGHT="22" WC="0.91" CONTENT="inskränkande"/><SP WIDTH="16" VPOS="739" HPOS="274"/>
							<String ID="string_123" HPOS="290" VPOS="739" WIDTH="170" HEIGHT="29" WC="0.96" CONTENT="bestämningar"/><SP WIDTH="17" VPOS="739" HPOS="460"/>
							<String ID="string_124" HPOS="477" VPOS="739" WIDTH="114" HEIGHT="22" WC="0.96" CONTENT="Utskottet"/><SP WIDTH="16" VPOS="739" HPOS="591"/>
							<String ID="string_125" HPOS="607" VPOS="739" WIDTH="122" HEIGHT="28" WC="0.96" CONTENT="föreslagit,"/><SP WIDTH="10" VPOS="739" HPOS="729"/>
							<String ID="string_126" HPOS="739" VPOS="739" WIDTH="43" HEIGHT="22" WC="0.96" CONTENT="och"/><SP WIDTH="12" VPOS="739" HPOS="782"/>
							<String ID="string_127" HPOS="794" VPOS="745" WIDTH="68" HEIGHT="16" WC="0.96" CONTENT="anser"/>
						</TextLine>
						<TextLine ID="line_17" HPOS="109" VPOS="775" WIDTH="751" HEIGHT="28">
							<String ID="string_128" HPOS="109" VPOS="775" WIDTH="36" HEIGHT="28" WC="0.96" CONTENT="sig"/><SP WIDTH="24" VPOS="775" HPOS="145"/>
							<String ID="string_129" HPOS="169" VPOS="775" WIDTH="115" HEIGHT="22" WC="0.96" CONTENT="Utskottet"/><SP WIDTH="16" VPOS="775" HPOS="284"/>
							<String ID="string_130" HPOS="300" VPOS="775" WIDTH="89" HEIGHT="22" WC="0.96" CONTENT="således"/><SP WIDTH="17" VPOS="775" HPOS="389"/>
							<String ID="string_131" HPOS="406" VPOS="775" WIDTH="77" HEIGHT="22" WC="0.96" CONTENT="kunna"/><SP WIDTH="16" VPOS="775" HPOS="483"/>
							<String ID="string_132" HPOS="499" VPOS="775" WIDTH="92" HEIGHT="22" WC="0.96" CONTENT="förorda"/><SP WIDTH="16" VPOS="775" HPOS="591"/>
							<String ID="string_133" HPOS="607" VPOS="776" WIDTH="30" HEIGHT="21" WC="0.96" CONTENT="ett"/><SP WIDTH="16" VPOS="776" HPOS="637"/>
							<String ID="string_134" HPOS="653" VPOS="775" WIDTH="169" HEIGHT="28" WC="0.95" CONTENT="godkännande"/><SP WIDTH="16" VPOS="775" HPOS="822"/>
							<String ID="string_135" HPOS="838" VPOS="775" WIDTH="22" HEIGHT="22" WC="0.96" CONTENT="af"/>
						</TextLine>
						<TextLine ID="line_18" HPOS="108" VPOS="811" WIDTH="751" HEIGHT="29">
							<String ID="string_136" HPOS="108" VPOS="811" WIDTH="88" HEIGHT="29" WC="0.92" CONTENT="Nådiga"/><SP WIDTH="24" VPOS="811" HPOS="196"/>
							<String ID="string_137" HPOS="220" VPOS="811" WIDTH="187" HEIGHT="29" WC="0.91" CONTENT="propositionens"/><SP WIDTH="24" VPOS="811" HPOS="407"/>
							<String ID="string_138" HPOS="431" VPOS="811" WIDTH="87" HEIGHT="29" WC="0.96" CONTENT="förslag"/><SP WIDTH="23" VPOS="811" HPOS="518"/>
							<String ID="string_139" HPOS="541" VPOS="811" WIDTH="118" HEIGHT="29" WC="0.93" CONTENT="angående"/><SP WIDTH="21" VPOS="811" HPOS="659"/>
							<String ID="string_140" HPOS="680" VPOS="811" WIDTH="179" HEIGHT="28" WC="0.91" CONTENT="Näringslagens"/>
						</TextLine>
						<TextLine ID="line_19" HPOS="110" VPOS="846" WIDTH="748" HEIGHT="30">
							<String ID="string_141" HPOS="110" VPOS="848" WIDTH="26" HEIGHT="21" WC="0.96" CONTENT="10"/><SP WIDTH="24" VPOS="848" HPOS="136"/>
							<String ID="string_142" HPOS="160" VPOS="847" WIDTH="14" HEIGHT="28" WC="0.54" CONTENT="8"/><SP WIDTH="25" VPOS="847" HPOS="174"/>
							<String ID="string_143" HPOS="199" VPOS="854" WIDTH="68" HEIGHT="15" WC="0.96" CONTENT="mom."/><SP WIDTH="26" VPOS="854" HPOS="267"/>
							<String ID="string_144" HPOS="293" VPOS="849" WIDTH="8" HEIGHT="20" WC="0.96" CONTENT="1"/><SP WIDTH="27" VPOS="849" HPOS="301"/>
							<String ID="string_145" HPOS="328" VPOS="847" WIDTH="52" HEIGHT="22" WC="0.96" CONTENT="med"/><SP WIDTH="24" VPOS="847" HPOS="380"/>
							<String ID="string_146" HPOS="404" VPOS="847" WIDTH="29" HEIGHT="22" WC="0.95" CONTENT="de"/><SP WIDTH="16" VPOS="847" HPOS="433"/>
							<String ID="string_147" HPOS="449" VPOS="848" WIDTH="126" HEIGHT="28" WC="0.95" CONTENT="ändringar,"/><SP WIDTH="16" VPOS="848" HPOS="575"/>
							<String ID="string_148" HPOS="591" VPOS="847" WIDTH="74" HEIGHT="22" WC="0.96" CONTENT="hvilka"/><SP WIDTH="16" VPOS="847" HPOS="665"/>
							<String ID="string_149" HPOS="681" VPOS="847" WIDTH="115" HEIGHT="22" WC="0.96" CONTENT="Utskottet"/><SP WIDTH="16" VPOS="847" HPOS="796"/>
							<String ID="string_150" HPOS="812" VPOS="846" WIDTH="46" HEIGHT="22" WC="0.96" CONTENT="däri"/>
						</TextLine>
						<TextLine ID="line_20" HPOS="107" VPOS="882" WIDTH="753" HEIGHT="29">
							<String ID="string_151" HPOS="107" VPOS="882" WIDTH="65" HEIGHT="28" WC="0.90" CONTENT="gjort."/><SP WIDTH="24" VPOS="882" HPOS="172"/>
							<String ID="string_152" HPOS="196" VPOS="896" WIDTH="28" HEIGHT="2" WC="0.90" CONTENT="—"/><SP WIDTH="24" VPOS="896" HPOS="224"/>
							<String ID="string_153" HPOS="248" VPOS="883" WIDTH="55" HEIGHT="22" WC="0.96" CONTENT="Med"/><SP WIDTH="25" VPOS="883" HPOS="303"/>
							<String ID="string_154" HPOS="328" VPOS="883" WIDTH="109" HEIGHT="22" WC="0.96" CONTENT="afseende"/><SP WIDTH="23" VPOS="883" HPOS="437"/>
							<String ID="string_155" HPOS="460" VPOS="883" WIDTH="46" HEIGHT="22" WC="0.93" CONTENT="åter"/><SP WIDTH="23" VPOS="883" HPOS="506"/>
							<String ID="string_156" HPOS="529" VPOS="883" WIDTH="13" HEIGHT="21" WC="0.91" CONTENT="å"/><SP WIDTH="23" VPOS="883" HPOS="542"/>
							<String ID="string_157" HPOS="565" VPOS="882" WIDTH="188" HEIGHT="29" WC="0.91" CONTENT="propositionens"/><SP WIDTH="20" VPOS="882" HPOS="753"/>
							<String ID="string_158" HPOS="773" VPOS="882" WIDTH="87" HEIGHT="28" WC="0.96" CONTENT="förslag"/>
						</TextLine>
						<TextLine ID="line_21" HPOS="108" VPOS="918" WIDTH="750" HEIGHT="29">
							<String ID="string_159" HPOS="108" VPOS="918" WIDTH="96" HEIGHT="22" WC="0.89" CONTENT="rörande"/><SP WIDTH="16" VPOS="918" HPOS="204"/>
							<String ID="string_160" HPOS="220" VPOS="918" WIDTH="33" HEIGHT="29" WC="0.51" CONTENT="&amp;:s"/><SP WIDTH="17" VPOS="918" HPOS="253"/>
							<String ID="string_161" HPOS="270" VPOS="919" WIDTH="69" HEIGHT="22" WC="0.96" CONTENT="andra"/><SP WIDTH="16" VPOS="919" HPOS="339"/>
							<String ID="string_162" HPOS="355" VPOS="918" WIDTH="44" HEIGHT="22" WC="0.96" CONTENT="och"/><SP WIDTH="18" VPOS="918" HPOS="399"/>
							<String ID="string_163" HPOS="417" VPOS="918" WIDTH="70" HEIGHT="29" WC="0.96" CONTENT="tredje"/><SP WIDTH="16" VPOS="918" HPOS="487"/>
							<String ID="string_164" HPOS="503" VPOS="920" WIDTH="107" HEIGHT="25" WC="0.96" CONTENT="moment,"/><SP WIDTH="15" VPOS="920" HPOS="610"/>
							<String ID="string_165" HPOS="625" VPOS="918" WIDTH="34" HEIGHT="22" WC="0.96" CONTENT="får"/><SP WIDTH="16" VPOS="918" HPOS="659"/>
							<String ID="string_166" HPOS="675" VPOS="918" WIDTH="120" HEIGHT="27" WC="0.96" CONTENT="Utskottet,"/><SP WIDTH="12" VPOS="918" HPOS="795"/>
							<String ID="string_167" HPOS="807" VPOS="918" WIDTH="51" HEIGHT="22" WC="0.97" CONTENT="med"/>
						</TextLine>
						<TextLine ID="line_22" HPOS="107" VPOS="953" WIDTH="753" HEIGHT="30">
							<String ID="string_168" HPOS="107" VPOS="954" WIDTH="146" HEIGHT="28" WC="0.96" CONTENT="åberopande"/><SP WIDTH="16" VPOS="954" HPOS="253"/>
							<String ID="string_169" HPOS="269" VPOS="954" WIDTH="21" HEIGHT="22" WC="0.93" CONTENT="af"/><SP WIDTH="17" VPOS="954" HPOS="290"/>
							<String ID="string_170" HPOS="307" VPOS="954" WIDTH="169" HEIGHT="29" WC="0.92" CONTENT="Lagutskottets"/><SP WIDTH="17" VPOS="954" HPOS="476"/>
							<String ID="string_171" HPOS="493" VPOS="954" WIDTH="114" HEIGHT="22" WC="0.96" CONTENT="utlåtande"/><SP WIDTH="12" VPOS="954" HPOS="607"/>
							<String ID="string_172" HPOS="619" VPOS="954" WIDTH="5" HEIGHT="22" WC="0.96" CONTENT="i"/><SP WIDTH="12" VPOS="954" HPOS="624"/>
							<String ID="string_173" HPOS="636" VPOS="955" WIDTH="81" HEIGHT="25" WC="0.96" CONTENT="ämnet,"/><SP WIDTH="13" VPOS="955" HPOS="717"/>
							<String ID="string_174" HPOS="730" VPOS="953" WIDTH="78" HEIGHT="23" WC="0.96" CONTENT="förena"/><SP WIDTH="16" VPOS="953" HPOS="808"/>
							<String ID="string_175" HPOS="824" VPOS="953" WIDTH="36" HEIGHT="29" WC="0.96" CONTENT="sig"/>
						</TextLine>
						<TextLine ID="line_23" HPOS="108" VPOS="989" WIDTH="751" HEIGHT="30">
							<String ID="string_176" HPOS="108" VPOS="997" WIDTH="37" HEIGHT="15" WC="0.96" CONTENT="om"/><SP WIDTH="25" VPOS="997" HPOS="145"/>
							<String ID="string_177" HPOS="170" VPOS="990" WIDTH="55" HEIGHT="22" WC="0.93" CONTENT="dess"/><SP WIDTH="23" VPOS="990" HPOS="225"/>
							<String ID="string_178" HPOS="248" VPOS="990" WIDTH="86" HEIGHT="29" WC="0.94" CONTENT="förslag"/><SP WIDTH="22" VPOS="990" HPOS="334"/>
							<String ID="string_179" HPOS="356" VPOS="992" WIDTH="31" HEIGHT="20" WC="0.96" CONTENT="att"/><SP WIDTH="24" VPOS="992" HPOS="387"/>
							<String ID="string_180" HPOS="411" VPOS="990" WIDTH="38" HEIGHT="22" WC="0.96" CONTENT="det"/><SP WIDTH="18" VPOS="990" HPOS="449"/>
							<String ID="string_181" HPOS="467" VPOS="990" WIDTH="60" HEIGHT="22" WC="0.96" CONTENT="förra"/><SP WIDTH="16" VPOS="990" HPOS="527"/>
							<String ID="string_182" HPOS="543" VPOS="990" WIDTH="45" HEIGHT="22" WC="0.96" CONTENT="helt"/><SP WIDTH="17" VPOS="990" HPOS="588"/>
							<String ID="string_183" HPOS="605" VPOS="989" WIDTH="43" HEIGHT="23" WC="0.96" CONTENT="och"/><SP WIDTH="18" VPOS="989" HPOS="648"/>
							<String ID="string_184" HPOS="666" VPOS="989" WIDTH="66" HEIGHT="22" WC="0.93" CONTENT="hållet"/><SP WIDTH="16" VPOS="989" HPOS="732"/>
							<String ID="string_185" HPOS="748" VPOS="989" WIDTH="111" HEIGHT="22" WC="0.92" CONTENT="uteslutes"/>
						</TextLine>
						<TextLine ID="line_24" HPOS="107" VPOS="1026" WIDTH="316" HEIGHT="22">
							<String ID="string_186" HPOS="107" VPOS="1026" WIDTH="44" HEIGHT="22" WC="0.91" CONTENT="oeh"/><SP WIDTH="18" VPOS="1026" HPOS="151"/>
							<String ID="string_187" HPOS="169" VPOS="1026" WIDTH="37" HEIGHT="22" WC="0.93" CONTENT="det"/><SP WIDTH="18" VPOS="1026" HPOS="206"/>
							<String ID="string_188" HPOS="224" VPOS="1026" WIDTH="94" HEIGHT="22" WC="0.92" CONTENT="sednare"/><SP WIDTH="16" VPOS="1026" HPOS="318"/>
							<String ID="string_189" HPOS="334" VPOS="1026" WIDTH="89" HEIGHT="22" WC="0.91" CONTENT="ändras."/>
						</TextLine>
					</TextBlock>
					<TextBlock ID="block_3" HPOS="106" VPOS="1060" WIDTH="753" HEIGHT="60">
						<TextLine ID="line_25" HPOS="179" VPOS="1060" WIDTH="680" HEIGHT="31">
							<String ID="string_190" HPOS="179" VPOS="1062" WIDTH="31" HEIGHT="22" WC="0.96" CONTENT="På"/><SP WIDTH="23" VPOS="1062" HPOS="210"/>
							<String ID="string_191" HPOS="233" VPOS="1062" WIDTH="73" HEIGHT="29" WC="0.95" CONTENT="grund"/><SP WIDTH="24" VPOS="1062" HPOS="306"/>
							<String ID="string_192" HPOS="330" VPOS="1062" WIDTH="21" HEIGHT="22" WC="0.96" CONTENT="af"/><SP WIDTH="24" VPOS="1062" HPOS="351"/>
							<String ID="string_193" HPOS="375" VPOS="1062" WIDTH="38" HEIGHT="22" WC="0.91" CONTENT="det"/><SP WIDTH="16" VPOS="1062" HPOS="413"/>
							<String ID="string_194" HPOS="429" VPOS="1061" WIDTH="142" HEIGHT="29" WC="0.91" CONTENT="ofvansagda"/><SP WIDTH="15" VPOS="1061" HPOS="571"/>
							<String ID="string_195" HPOS="586" VPOS="1061" WIDTH="33" HEIGHT="22" WC="0.93" CONTENT="får"/><SP WIDTH="16" VPOS="1061" HPOS="619"/>
							<String ID="string_196" HPOS="635" VPOS="1060" WIDTH="224" HEIGHT="23" WC="0.91" CONTENT="Ekonomiutskottet"/>
						</TextLine>
						<TextLine ID="line_26" HPOS="106" VPOS="1098" WIDTH="226" HEIGHT="22">
							<String ID="string_197" HPOS="106" VPOS="1098" WIDTH="118" HEIGHT="22" WC="0.92" CONTENT="vördsamt"/><SP WIDTH="15" VPOS="1098" HPOS="224"/>
							<String ID="string_198" HPOS="239" VPOS="1098" WIDTH="93" HEIGHT="22" WC="0.96" CONTENT="föreslå:"/>
						</TextLine>
					</TextBlock>
				</ComposedBlock>
				<ComposedBlock ID="cblock_2" HPOS="247" VPOS="1156" WIDTH="613" HEIGHT="137">
					<TextBlock ID="block_4" HPOS="247" VPOS="1156" WIDTH="613" HEIGHT="137">
						<TextLine ID="line_27" HPOS="322" VPOS="1156" WIDTH="536" HEIGHT="29">
							<String ID="string_199" HPOS="322" VPOS="1158" WIDTH="35" HEIGHT="21" WC="0.93" CONTENT="att"/><SP WIDTH="23" VPOS="1158" HPOS="357"/>
							<String ID="string_200" HPOS="380" VPOS="1157" WIDTH="134" HEIGHT="22" WC="0.92" CONTENT="Ständerna"/><SP WIDTH="23" VPOS="1157" HPOS="514"/>
							<String ID="string_201" HPOS="537" VPOS="1157" WIDTH="59" HEIGHT="21" WC="0.93" CONTENT="ville"/><SP WIDTH="17" VPOS="1157" HPOS="596"/>
							<String ID="string_202" HPOS="613" VPOS="1156" WIDTH="128" HEIGHT="29" WC="0.93" CONTENT="godkänna"/><SP WIDTH="20" VPOS="1156" HPOS="741"/>
							<String ID="string_203" HPOS="761" VPOS="1156" WIDTH="97" HEIGHT="28" WC="0.92" CONTENT="Nådiga"/>
						</TextLine>
						<TextLine ID="line_28" HPOS="247" VPOS="1190" WIDTH="613" HEIGHT="32">
							<String ID="string_204" HPOS="247" VPOS="1194" WIDTH="189" HEIGHT="28" WC="0.90" CONTENT="propositionens"/><SP WIDTH="19" VPOS="1194" HPOS="436"/>
							<String ID="string_205" HPOS="455" VPOS="1192" WIDTH="98" HEIGHT="29" WC="0.96" CONTENT="förslag"/><SP WIDTH="22" VPOS="1192" HPOS="553"/>
							<String ID="string_206" HPOS="575" VPOS="1199" WIDTH="36" HEIGHT="15" WC="0.94" CONTENT="om"/><SP WIDTH="24" VPOS="1199" HPOS="611"/>
							<String ID="string_207" HPOS="635" VPOS="1192" WIDTH="103" HEIGHT="29" WC="0.95" CONTENT="ändring"/><SP WIDTH="18" VPOS="1192" HPOS="738"/>
							<String ID="string_208" HPOS="756" VPOS="1191" WIDTH="28" HEIGHT="29" WC="0.96" CONTENT="af"/><SP WIDTH="15" VPOS="1191" HPOS="784"/>
							<String ID="string_209" HPOS="799" VPOS="1192" WIDTH="28" HEIGHT="22" WC="0.89" CONTENT="10"/><SP WIDTH="14" VPOS="1192" HPOS="827"/>
							<String ID="string_210" HPOS="841" VPOS="1190" WIDTH="19" HEIGHT="30" WC="0.89" CONTENT="$"/>
						</TextLine>
						<TextLine ID="line_29" HPOS="250" VPOS="1227" WIDTH="607" HEIGHT="30">
							<String ID="string_211" HPOS="250" VPOS="1230" WIDTH="8" HEIGHT="20" WC="0.96" CONTENT="i"/><SP WIDTH="11" VPOS="1230" HPOS="258"/>
							<String ID="string_212" HPOS="269" VPOS="1228" WIDTH="172" HEIGHT="29" WC="0.95" CONTENT="förordningen"/><SP WIDTH="16" VPOS="1228" HPOS="441"/>
							<String ID="string_213" HPOS="457" VPOS="1228" WIDTH="30" HEIGHT="28" WC="0.96" CONTENT="af"/><SP WIDTH="13" VPOS="1228" HPOS="487"/>
							<String ID="string_214" HPOS="500" VPOS="1228" WIDTH="44" HEIGHT="22" WC="0.96" CONTENT="den"/><SP WIDTH="15" VPOS="1228" HPOS="544"/>
							<String ID="string_215" HPOS="559" VPOS="1228" WIDTH="29" HEIGHT="22" WC="0.95" CONTENT="31"/><SP WIDTH="17" VPOS="1228" HPOS="588"/>
							<String ID="string_216" HPOS="605" VPOS="1228" WIDTH="68" HEIGHT="22" WC="0.96" CONTENT="Mars"/><SP WIDTH="17" VPOS="1228" HPOS="673"/>
							<String ID="string_217" HPOS="690" VPOS="1227" WIDTH="58" HEIGHT="23" WC="0.96" CONTENT="1879"/><SP WIDTH="15" VPOS="1227" HPOS="748"/>
							<String ID="string_218" HPOS="763" VPOS="1234" WIDTH="37" HEIGHT="16" WC="0.93" CONTENT="om"/><SP WIDTH="16" VPOS="1234" HPOS="800"/>
							<String ID="string_219" HPOS="816" VPOS="1230" WIDTH="41" HEIGHT="19" WC="0.92" CONTENT="nä-"/>
						</TextLine>
						<TextLine ID="line_30" HPOS="250" VPOS="1264" WIDTH="286" HEIGHT="29">
							<String ID="string_220" HPOS="250" VPOS="1266" WIDTH="111" HEIGHT="27" WC="0.95" CONTENT="ringarna"/><SP WIDTH="16" VPOS="1266" HPOS="361"/>
							<String ID="string_221" HPOS="377" VPOS="1265" WIDTH="28" HEIGHT="21" WC="0.95" CONTENT="så"/><SP WIDTH="16" VPOS="1265" HPOS="405"/>
							<String ID="string_222" HPOS="421" VPOS="1264" WIDTH="115" HEIGHT="29" WC="0.96" CONTENT="lydande:"/>
						</TextLine>
					</TextBlock>
				</ComposedBlock>
			</PrintSpace>
		</Page>
	</Layout>
</alto>
