1109 1748
441 179 53 21 N:o
512 178 51 23 13.

330 452 73 26 Hans
424 452 175 34 Kejserliga
622 452 153 34 Majestäts
799 451 87 35 nådiga

261 493 152 33 proposition
439 493 40 25 till
505 493 110 26 Finlands
642 493 99 26 Ständer
771 502 38 17 om
838 493 48 33 Lag

262 532 120 34 angående
389 534 132 32 yttrande-,
528 534 163 33 församlings-
699 534 46 26 och
751 533 134 33 förenings-

264 574 82 25 frihet.

197 642 103 21 Emedan
315 642 110 21 Finlands
441 643 141 28 grundlagar
591 643 51 21 icke
653 643 115 21 innehålla
778 642 107 29 stadgan-

124 677 45 21 den
193 684 36 14 om
244 677 111 28 rättighet
369 676 36 21 för
419 677 75 21 finska
509 677 149 28 medborgare
673 677 38 21 till
726 677 75 21 ordets
817 676 68 21 frihet

124 713 60 20 samt
195 713 34 19 att
244 718 83 21 genom
342 712 67 27 tryck
424 711 91 28 utgifva
531 711 66 22 skrift
608 712 55 21 eller
672 711 83 28 bildlig
765 711 121 22 framställ-

124 746 64 27 ning,
205 745 19 28 ej
241 745 71 22 heller
327 745 118 28 angående
460 745 179 28 medborgarene
654 745 173 22 tillkommande
842 744 44 22 för-

125 780 120 28 samlings-
261 780 43 21 och
321 779 196 29 föreningsfrihet,
533 780 41 21 har
589 780 64 21 Hans
673 779 130 28 Kejserliga
817 779 69 28 Maje-

124 816 48 19 stät
191 814 62 22 velat
267 814 8 21 i
291 814 102 28 enlighet
409 814 51 21 med
476 815 26 20 71
519 815 12 26 $
547 814 8 21 i
570 814 263 29 Landtdagsordningen
848 813 34 21 till

126 848 139 21 Ständernas
289 848 129 29 antagande
443 847 140 22 öfverlämna
607 847 101 29 följande
738 847 86 29 förslag
849 847 36 21 till

125 883 271 29 grundlagsstadganden
411 883 8 21 i
435 883 65 21 dessa
516 886 91 18 ämnen:

334 1031 97 33 Förslag
463 1031 41 25 till
533 1031 41 33 lag
603 1030 121 34 angående
754 1030 131 34 yttrande-,

265 1071 162 33 församlings-
447 1072 46 25 och
511 1071 205 33 föreningsfrihet.

196 1140 46 22 Till
260 1141 135 27 utveckling
416 1141 43 21 och
481 1141 130 29 tryggande
626 1140 23 22 af
665 1141 72 21 finska
752 1140 135 28 medborga-

126 1182 36 14 res
185 1176 115 20 allmänna
315 1176 136 28 rättigheter
466 1176 81 21 varder
563 1176 134 28 härigenom
713 1175 51 21 med
779 1174 108 28 giltighet

127 1209 23 21 af
165 1210 114 28 grundlag
295 1210 109 28 stadgadt
419 1217 49 14 som
484 1209 77 29 följer:

196 1244 73 20 Finsk
286 1244 149 28 medborgare
456 1251 54 21 eger
529 1244 75 21 ordets
620 1244 68 21 frihet
703 1246 58 18 samt
776 1243 111 28 rättighet

128 1279 34 20 att
183 1285 85 21 genom
290 1278 67 28 tryck
379 1278 91 28 utgifva
494 1278 67 22 skrift
585 1278 54 21 eller
661 1278 82 28 bildlig
765 1277 122 21 framställ-

127 1312 64 28 ning,
207 1312 44 22 och
266 1313 37 21 må
319 1312 18 28 ej
355 1312 81 22 hinder
450 1312 79 22 härför
545 1313 7 20 i
567 1312 82 28 förväg
664 1313 85 27 läggas.

196 1346 86 22 Finska
297 1347 148 27 medborgare
462 1354 43 20 ega
520 1347 110 27 rättighet
641 1349 34 19 att
685 1349 55 18 utan
750 1345 137 29 föregående

127 1380 105 21 tillstånd
247 1381 196 20 sammankomma
458 1381 35 20 för
509 1380 178 29 öfverläggning
700 1380 9 21 i
720 1381 84 20 allmän
819 1387 68 20 ange-

127 1415 108 27 lägenhet
255 1415 54 20 eller
324 1415 8 20 i
348 1417 70 18 annat
438 1414 77 28 lofligt
531 1414 58 29 syfte
605 1417 58 18 samt
678 1414 64 21 bilda
757 1413 132 28 föreningar

127 1448 35 22 för
179 1448 146 29 fullföljande
349 1448 21 22 af
393 1449 114 28 ändamål,
526 1456 50 14 som
594 1448 19 29 ej
631 1449 70 21 strida
716 1451 47 19 mot
777 1449 40 27 lag
833 1448 55 21 eller

128 1483 47 28 god
191 1483 44 21 sed.
