1100 1748
275 144 28 20 26
470 142 29 23 U.
515 143 27 22 B.
560 156 28 2 —
604 143 72 29 Prop.
693 143 41 23 N:o
751 143 20 22 8.

245 214 47 15 som
313 207 71 22 redan
403 208 40 22 vid
464 211 57 20 1900
542 211 36 19 års
597 209 111 28 landtdag
723 208 87 22 fattade
826 208 75 22 beslut
917 216 35 14 om
970 215 27 14 en

246 243 69 22 sådan
337 243 70 22 banas
428 244 125 29 byggande
572 247 58 19 samt
645 244 115 29 beviljade
776 244 74 22 medel
866 244 36 22 för
917 244 81 29 påbör-

242 278 69 29 jande
327 279 23 22 af
366 279 107 22 arbetena
490 283 12 18 &
518 281 137 21 densamma.

315 315 36 21 Då
370 315 60 22 olika
446 316 85 21 åsikter
547 316 126 22 emellertid
690 317 80 28 gjorde
787 316 36 29 sig
838 316 106 29 gällande
960 316 36 21 be-

244 351 114 22 träffande
382 351 87 22 banans
493 352 121 29 slutpunkt
636 352 40 21 vid
700 353 91 25 kusten,
810 352 8 21 i
837 352 39 21 det
898 355 32 19 att
950 351 47 22 dels

244 386 78 23 Kaskö
339 387 49 22 dels
406 387 155 22 Kristinestad
581 388 141 27 förordades,
744 388 110 21 stannade
871 388 127 21 Ständerna

244 422 8 21 i
270 423 278 30 sammanjämkningsväg
565 424 88 26 därvid,
669 427 32 18 att
716 424 112 22 hvardera
846 427 65 18 orten
925 423 72 22 skulle

245 458 23 21 af
283 458 76 22 banan
376 459 97 26 beröras,
491 460 95 21 sålunda
602 463 33 18 att
649 460 76 21 denna
735 460 51 21 från
798 459 116 29 Seinäjoki
925 459 72 22 skulle

246 494 81 29 dragas
353 495 35 21 till
414 495 130 29 Kauhajoki
570 496 73 29 enligt
666 499 33 18 ett
721 495 161 29 föreliggande
904 495 93 28 förslag,

245 530 82 22 medan
350 531 53 22 dess
427 531 79 22 vidare
526 532 134 28 sträckning
681 532 117 21 äfvensom
819 531 179 22 bestämmandet

245 566 23 21 af
283 566 44 22 den
346 567 80 28 punkt,
447 567 41 22 där
506 567 76 22 banan
602 568 73 21 skulle
696 569 108 28 förgrena
823 567 37 29 sig
875 567 34 22 till
928 567 70 29 sagda

245 605 39 18 två
308 603 82 26 städer,
414 603 108 22 öfverläts
542 603 33 22 till
595 603 129 29 Styrelsens
746 603 132 29 afgörande.
915 603 82 22 Likaså

246 637 73 23 skulle
335 639 87 22 banans
438 639 117 29 spårvidd,
572 639 94 22 hvilken
683 640 23 21 af
722 639 128 22 Ständerna
864 639 134 22 förordades

245 673 34 22 till
295 678 41 22 0,76
352 682 29 19 m,
398 675 90 28 slutligt
503 675 129 22 fastställas
642 675 24 22 af
681 675 156 29 Regeringen.

316 711 132 21 Emellertid
470 711 40 21 har
531 711 63 22 detta
610 711 81 26 beslut,
708 719 49 14 som
773 711 24 22 af
815 711 129 28 Kejserliga
960 711 36 21 Se-

245 748 69 19 naten
329 747 121 26 förordats,
467 747 50 22 icke
533 747 83 22 vunnit
632 747 64 22 Hans
707 747 117 29 Majestäts
836 747 84 28 nådiga
931 746 65 22 beak-

244 782 75 26 tande,
336 786 55 17 utan
406 783 48 21 fick
470 783 80 28 frägan
566 783 96 22 förfalla.

316 818 35 21 Då
374 818 82 29 frågan
478 826 36 14 om
539 819 45 21 den
608 818 223 29 sydösterbottniska
852 818 146 22 landsdelens

244 853 121 23 förseende
389 855 51 21 med
460 854 99 30 järnväg
577 862 32 14 nu
630 857 60 27 ånyo
709 858 68 26 göres
796 854 34 22 till
850 854 94 22 föremål
963 855 35 21 för

246 889 138 23 Ständernas
401 890 211 30 öfverläggningar,
629 898 69 21 synes
712 890 97 22 sälunda
820 890 50 22 icke
884 890 114 29 päkalladt

244 928 33 18 att
299 926 54 28 ingä
375 929 29 25 pä
423 934 29 14 en
474 930 104 18 närmare
599 926 139 30 motivering
753 926 24 22 af
793 934 28 14 en
842 926 70 22 sädan
928 926 70 22 banas

246 960 148 30 behöflighet,
411 962 19 28 ej
448 962 71 22 häller
535 962 23 22 af
574 962 39 22 det
628 962 143 29 berättigade
788 962 81 26 däruti,
880 964 34 20 att
924 962 74 21 denna

245 997 70 21 sedan
335 998 68 28 länge
423 998 114 22 beroende
558 998 157 29 banbyggnad
732 998 100 22 omsider
848 998 101 21 kommer
964 998 34 21 till

245 1033 127 27 utförande,
392 1034 94 22 hvarför
507 1034 68 22 äfven
596 1034 124 26 Utskottet,
737 1034 52 22 med
807 1034 141 21 hänvisande
965 1034 33 21 till

244 1068 98 30 tidigare
358 1070 126 28 utredning
498 1070 9 21 i
524 1070 69 22 saken
610 1070 42 22 och
670 1070 108 22 särskildt
794 1070 139 21 Ständernas
950 1070 47 20 däri

244 1107 26 18 är
294 1108 56 20 1900
370 1105 35 21 till
424 1106 64 21 Hans
507 1106 129 28 Kejserliga
655 1106 105 28 Majestät
779 1106 86 21 aflätna
887 1105 111 22 underdä-

244 1140 55 29 niga
315 1141 104 28 petition,
436 1141 140 22 omedelbart
592 1142 44 21 kan
653 1142 96 29 öfvergä
764 1142 36 21 till
816 1142 81 28 frägan
908 1148 36 15 om
961 1141 37 21 ba-

244 1183 58 15 nans
318 1177 134 29 sträckning
468 1178 42 21 och
527 1178 120 28 slutpunkt
663 1178 40 21 vid
720 1177 86 22 hafvet.

315 1212 12 21 I
336 1212 66 23 dessa
412 1213 124 22 afseenden
547 1214 69 21 hafva
625 1213 291 30 meningsskiljaktigheter
924 1212 74 22 denna

244 1250 63 27 gäng
327 1248 51 22 icke
398 1249 120 22 framträdt
538 1249 61 22 inom
618 1250 119 21 Utskottet
752 1249 9 22 i
777 1256 85 15 samma
878 1249 56 28 grad
950 1256 48 14 som

244 1283 41 22 vid
304 1284 141 29 landtdagen
466 1289 56 18 1900
544 1285 42 22 och
606 1285 8 22 i
630 1288 89 19 senaste
735 1285 124 28 landtdags
874 1284 124 29 Järnvägs-

244 1319 94 22 utskott.
369 1320 53 21 Full
441 1321 195 29 samstämmighet
656 1321 41 22 har
712 1321 118 28 nämligen
846 1320 51 22 rädt
914 1321 84 25 därom,

244 1358 33 19 att
295 1356 85 21 tanken
402 1359 29 26 pä
452 1357 75 21 denna
548 1357 70 21 banas
639 1357 126 28 byggande
781 1356 123 29 tvägrenig
920 1356 78 21 ätmin-

244 1394 66 19 stone
325 1391 128 22 tillsvidare
469 1392 41 22 bör
526 1392 97 22 förfalla.

315 1427 80 22 Ehuru
414 1427 140 22 sistnämnda
573 1428 65 26 åsikt,
658 1435 37 15 om
711 1428 46 22 den
771 1427 23 22 af
809 1427 128 22 Ständerna
953 1435 45 14 om-

243 1462 76 27 fattas,
334 1463 97 22 innebär
446 1471 29 14 en
491 1463 111 22 afvikelse
617 1464 52 21 frän
685 1464 142 21 Ständernas
843 1463 40 22 vid
896 1467 56 18 1900
963 1466 36 19 ärs

315 1516 187 23 Järnvägsutskottets
514 1517 108 18 betänkande
634 1517 36 18 N:o
683 1519 15 17 1.
