1103 1745
338 139 29 22 U.
384 139 27 22 B.
428 152 28 3 —
473 139 71 28 Prop.
560 140 41 22 N:o
618 140 22 21 8.
809 143 25 18 15

113 204 166 21 kationsbehof.
319 205 32 20 På
374 205 53 20 ved-
454 205 42 21 och
521 205 124 28 stockskog
669 205 76 21 finnes
769 204 98 29 tillgång

113 239 39 22 vid
179 240 113 21 hvardera
317 240 111 26 banorna;
453 241 111 21 särskilda
589 241 73 21 forsar
690 241 77 21 finnes
791 241 75 24 äfven,

113 283 52 14 men
188 276 23 21 af
234 276 67 21 dessa
325 277 89 20 komma
437 276 27 21 de
488 280 72 18 större
584 277 42 21 och
651 284 61 13 mera
735 276 132 29 betydande

113 314 103 19 närmare
228 311 275 29 Suolahti—Suonenjoki
514 312 82 22 banan.
620 307 78 26 Äfven
710 312 33 21 uti
755 315 32 18 ett
798 315 69 19 annat

113 348 109 22 afseende
242 355 54 22 eger
313 348 70 28 sagda
402 348 58 21 bana
479 352 31 17 ett
530 348 84 29 viktigt
630 348 121 21 företräde.
783 349 83 20 Medan

113 384 28 21 de
158 385 22 20 af
195 384 303 29 Jyväskylä—Pieksämäki
519 385 74 20 banan
610 384 97 21 berörda
723 384 89 29 sjöarna
828 387 39 18 äro

109 420 169 27 jämförelsevis
294 422 47 18 små
357 420 43 21 och
417 423 54 18 utan
488 420 119 28 synnerlig
621 420 76 25 trafik,
711 420 94 27 bringar
817 420 48 20 där-

113 459 60 18 emot
203 455 274 28 Suolahti—Suonenjoki
508 455 75 22 banan
611 455 177 29 vidtutgrenade
815 455 50 21 med

113 491 157 28 regelbunden
289 491 293 28 ängbätskommunikation
598 491 108 22 försedda
723 491 59 28 sjöar
798 491 7 21 i
821 491 45 22 för-

113 527 103 22 bindelse
232 527 52 21 med
300 527 130 21 hvarandra
446 528 42 21 och
502 527 134 29 järnvägen.

185 563 47 21 Sist
255 563 95 21 anförda
369 563 118 28 synpunkt
502 563 112 22 frambars
630 566 73 19 såsom
720 566 32 19 ett
768 563 96 28 kraftigt

113 599 50 21 stöd
186 599 35 21 för
245 599 134 28 byggandet
403 599 22 21 af
444 599 276 28 Suolahti-Suonenjoki
741 599 75 21 banan
832 599 33 21 uti

113 635 44 20 den
181 635 34 20 till
239 638 89 18 senaste
353 635 153 21 ständermöte
528 635 170 21 öfverlemnade
715 635 84 28 nådiga
815 642 51 21 pro-

112 671 99 28 position
234 671 7 20 i
263 671 195 28 järnvägsfrågor,
476 671 42 22 och
543 671 123 22 betonades
684 671 55 26 däri,
755 671 109 21 hurusom

113 707 44 20 den
181 707 35 21 för
237 714 28 13 en
289 707 53 28 lång
363 707 34 20 tid
422 707 70 21 sedan
516 710 12 18 å
549 707 57 21 bane
628 707 80 28 bragta
728 707 81 28 frågan
829 714 35 14 om

113 742 155 29 kanalisering
284 743 22 20 af
318 742 27 21 de
357 750 54 14 norr
423 750 36 14 om
470 743 109 28 Päijänne
591 743 96 28 belägna
698 743 167 28 vattendragen

113 785 81 22 genom
212 778 75 21 denna
302 778 158 29 banbyggnad
477 778 77 22 kunde
570 779 94 28 bringas
680 779 33 21 till
725 786 28 14 en
764 778 101 29 naturlig

112 814 132 29 afslutning.
269 814 80 21 Banan
365 815 73 20 skulle
455 815 115 28 nämligen
583 815 65 21 skära
659 815 133 21 Konnevesi
804 817 61 19 stora

113 850 40 28 sjö,
177 851 68 20 hvars
270 850 140 21 förbindelse
433 858 83 20 genom
536 851 67 21 kanal
620 851 51 21 med
687 851 82 21 TIisvesi
785 850 78 21 beräk-

111 888 51 19 nats
184 890 52 24 taga
260 893 28 14 en
311 886 98 21 kostnad
431 886 23 21 af
477 894 17 14 c.
522 889 117 23 1,400,000
656 886 62 21 mark
735 886 7 21 i
759 886 104 28 anspråk.

111 922 52 21 Den
187 922 73 21 skulle
284 922 108 28 därjämte
417 922 81 21 beröra
522 922 28 21 de
567 922 192 28 mellanligganda
775 922 90 28 sjöarna

111 957 153 22 Koskelovesi
281 958 42 21 och
339 958 134 21 Hankavesi
490 963 58 17 samt
563 958 80 28 längre
658 958 58 21 fram
732 958 52 28 löpa
797 958 7 21 i
814 960 51 18 när-

112 994 69 21 heten
205 994 22 20 af
250 994 127 28 Kynsivesi
401 997 173 25 vattensystem.
608 994 41 22 Uti
674 994 38 21 det
735 994 130 28 uppgjorda

111 1030 109 28 förslaget
244 1030 35 21 till
301 1037 28 14 en
351 1030 99 28 järnväg
473 1030 60 21 ifrån
554 1030 140 28 Suonenjoki
710 1030 34 21 till
761 1030 103 21 Suolahti

111 1065 67 29 ingår
205 1065 108 29 därjämte
339 1073 28 13 en
395 1065 84 22 bibana
501 1066 34 21 till
559 1066 77 28 Kuhjo
660 1066 39 21 vik
723 1066 22 21 af
767 1066 97 25 Keitele,

112 1108 81 22 genom
211 1102 68 20 hvars
296 1101 121 21 utförande
434 1102 45 20 den
493 1101 85 29 jämväl
595 1102 107 28 påtänkta
718 1101 145 22 kanaliserin-

112 1144 44 21 gen
173 1138 22 20 af
212 1137 165 29 Temintaipale
393 1140 41 18 näs
450 1138 36 21 för
502 1138 201 21 ästadkommande
723 1138 22 20 af
766 1145 28 13 en
812 1137 51 21 obe-

112 1173 98 21 hindrad
234 1173 176 28 sjöförbindelse
438 1174 83 20 mellan
544 1174 134 21 Konnevesi
701 1174 42 21 och
766 1173 97 25 Keitele,

113 1209 114 21 beräknad
244 1214 33 16 att
293 1209 102 21 medföra
412 1217 28 13 en
457 1210 99 21 kostnad
568 1210 22 20 af
602 1212 93 23 552,000
708 1210 69 26 mark,
790 1209 73 21 skulle

111 1244 85 22 förlora
213 1245 34 21 sin
263 1245 126 28 betydelse.

183 1280 35 21 Då
238 1281 149 21 förenämnda
410 1281 58 21 bana
484 1281 35 21 till
534 1281 78 28 Kuhjo
630 1281 123 21 emellertid
769 1288 95 14 numera

111 1316 58 21 efter
186 1315 103 22 Suolahti
307 1316 85 21 banans
409 1317 163 20 fullbordande
588 1317 50 20 icke
653 1324 68 21 synes
731 1317 90 20 komma
831 1319 34 18 att

111 1352 104 21 medföra
230 1352 155 21 kostnaderna
401 1353 161 21 motsvarande
578 1360 68 21 gagn,
663 1353 92 20 hvarför
771 1352 45 21 den
833 1351 30 22 äf-

111 1395 44 13 ven
170 1387 116 22 uteslutits
302 1388 51 20 från
369 1388 159 28 banförslaget
544 1391 24 18 så
578 1389 37 20 väl
626 1389 31 20 uti
671 1388 43 21 den
729 1388 33 21 till
773 1390 90 19 senaste

111 1423 110 28 landtdag
238 1423 90 28 afgifna
344 1431 47 14 som
405 1424 32 21 uti
450 1424 44 21 den
506 1432 32 13 nu
549 1424 158 28 föreliggande
717 1424 84 28 nådiga
813 1430 50 21 pro-

111 1459 136 28 positionen,
272 1459 41 21 och
339 1459 28 21 då
392 1459 27 22 de
444 1460 76 28 öfriga
544 1459 58 29 sjöar
622 1460 74 21 banan
717 1459 73 26 berör,
812 1459 51 21 med

182 1512 188 23 Järnvägsutskottets
383 1512 109 18 betänkande
506 1513 34 18 N:o
553 1515 15 16 1.
