1098 1714
379 149 22 18 U.
414 149 21 18 B.
449 149 59 23 Prop.
520 149 38 18 N:o
572 148 29 19 10.
853 147 10 17 7

114 210 42 27 ling
172 211 38 20 och
227 211 84 25 uppköp
328 210 19 20 af
363 210 87 25 lumpor,
467 215 44 15 som
527 209 55 20 finsk
596 209 135 26 medborgare
741 214 50 21 eger
801 208 64 20 under

114 246 106 20 enahanda
243 246 65 20 vilkor
330 246 73 25 jämväl
427 245 97 24 bedrifva,
548 245 68 20 kunna
640 246 18 25 ej
679 245 94 20 hänföras
793 245 71 19 härtill.

114 282 51 20 Enär
181 283 166 25 propositionens
363 281 115 26 stadgande
493 283 6 18 i
511 282 49 19 sista
571 281 111 20 momentet
693 281 20 20 af
731 281 26 20 10
768 281 13 25 $
791 280 74 26 jämväl

114 318 68 20 bleive
198 318 114 26 tillämpligt
328 317 11 20 ä
356 317 112 26 utländing,
486 318 65 19 skulle
568 317 54 20 detta
639 316 80 21 således
735 317 90 19 medföra
840 321 24 15 en

116 354 123 26 utvidgning
262 354 72 20 endast
357 353 47 20 med
421 353 97 20 afseende
535 352 11 21 ä
563 353 27 20 ett
606 353 45 26 slag
667 353 19 20 af
703 353 39 19 den
759 352 106 26 utländing

115 390 63 26 enligt
199 390 13 20 5
228 395 61 15 mom.
311 390 25 19 12
353 389 13 26 &
382 389 153 20 tillkommande
551 389 172 20 koncessionsiria
739 389 126 25 näringsrätt.

115 425 31 21 Då
169 425 141 27 Lapgutskottet
334 425 112 20 emellertid
469 425 65 20 funnit
558 425 34 20 det
615 430 46 15 vara
677 425 72 23 ovisst,
765 423 100 21 huruvida

114 461 47 20 med
185 461 132 20 förevarande
340 463 91 18 moment
454 461 20 20 af
491 461 26 20 10
534 461 12 26 &
563 461 70 20 afsetts
649 461 28 19 att
693 461 49 26 göra
758 460 85 25 ändring
859 460 6 19 i

114 498 95 25 gällande
233 497 168 27 lagstadganden,
426 498 52 19 samt
502 497 25 20 dä
551 497 61 26 nägra
632 496 174 27 omständigheter
821 495 45 20 icke

115 533 63 20 häller
201 533 107 26 föreligga,
332 539 45 14 som
401 533 67 20 skulle
492 535 49 24 göra
558 533 39 20 den
614 532 115 27 ifrågasatta
746 532 119 26 rättigheten

114 569 31 20 för
161 569 107 20 icke-finsk
284 569 134 26 medborgare
434 570 28 19 att
477 571 6 18 i
500 569 69 20 landet
585 569 46 20 idka
647 569 85 26 uppköp
749 568 19 20 af
787 568 79 25 lumpor

115 605 108 24 önskvärd,
248 605 35 20 har
307 605 142 26 Lagutskottet
472 605 54 20 velat
548 604 75 21 föreslå
643 605 28 20 att
690 605 49 20 sista
756 604 110 20 momentet

116 640 60 21 mätte
193 641 73 20 erhälla
282 641 91 26 följande
389 641 121 20 förändrade
526 641 89 25 lydelse:

405 735 8 8 »
418 717 140 28 Uppsamling
581 719 38 20 och
644 719 83 25 uppköp
744 718 19 20 af
779 719 86 24 lumpor,

330 756 62 25 tagel,
408 755 64 24 borst,
489 755 41 24 här,
547 755 138 24 kreatursben,
697 755 50 19 horn
759 755 38 19 och
807 754 60 19 annat

331 791 65 26 dylikt
419 791 54 20 aifall
500 793 20 18 är
548 791 75 20 enhvar
645 790 58 27 finsk
732 789 136 26 medborgare

331 828 46 19 utan
401 827 92 20 anmälan
518 827 48 20 eller
590 827 93 20 särskildt
706 825 89 21 tillständ
812 825 55 20 med-

331 863 85 26 giivet*.

188 940 135 27 Helsingfors,
341 941 39 19 den
399 941 25 20 12
441 941 43 25 juni
503 940 63 21 1906.

345 1024 27 20 Pä
389 1024 152 27 Lagutskottets
558 1026 84 25 vägnar:

363 1094 26 23 P.
406 1095 24 23 S.
448 1094 178 24 Svinhufvud.

605 1167 55 21 Axel
675 1167 120 26 Cederberg.
