1106 1745
318 140 76 23 Ständ.
411 139 36 24 Sv.
465 153 27 2 —
509 141 65 28 Prop.
591 140 38 23 N:o
645 141 22 22 II.
812 143 26 20 51

461 209 27 19 39
505 205 21 29 8.

188 254 65 22 Inom
280 253 56 23 eller
361 253 67 23 invid
454 253 102 23 vallokal
582 253 39 23 må
643 254 20 29 ej
690 253 33 23 tal
746 253 82 27 hållas,
848 253 21 29 ej

117 289 72 23 heller
211 289 93 30 tryckta
327 289 56 23 eller
403 289 92 22 skrifna
516 295 89 23 upprop
623 289 79 22 anslås
719 289 55 22 eller
791 289 34 22 till
841 289 29 22 de

118 325 110 30 väljande
244 325 99 22 utdelas.

462 388 28 19 40
507 385 21 29 8.

188 424 22 31 Å
225 432 174 23 valnämndens
415 432 106 23 vårdnad
538 432 69 29 ligge,
625 434 34 21 att
675 432 45 22 den
735 432 24 22 af
769 432 101 22 valkret-

118 475 56 16 sens
196 468 180 23 centralnämnd
399 467 194 30 offentliggjorda
615 467 255 29 sammanställningen

119 504 24 23 af
164 504 111 23 anmälda
292 504 96 29 slutliga
404 504 183 23 kandidatlistor
603 503 78 23 finnes
699 503 111 30 anslagen
828 503 43 22 och

118 540 71 23 äfven
204 541 9 22 i
229 539 71 30 öfrigt
320 542 34 21 att
370 540 67 29 tillgå
454 540 66 23 såväl
536 540 8 22 i
560 539 86 30 själfva
662 539 143 24 valrummet
821 545 50 17 som

118 577 8 21 i
142 575 166 30 angränsande
325 583 53 16 rum
394 575 43 23 och
454 575 96 23 förrum.

463 639 28 19 41
509 636 21 29 8.

190 683 46 23 Vid
252 683 256 30 landtdagsmannaval
525 683 61 23 skall
607 685 102 21 närvara
729 683 102 22 särskild
848 682 24 23 af

119 719 159 23 valnämnden
303 721 104 27 antagen
429 726 93 22 person,
544 719 96 23 hvilken
658 719 41 22 bör
715 719 29 29 på
761 718 110 23 anhållan

120 755 24 23 af
165 755 97 23 valman
284 755 92 23 biträda
392 755 77 23 denne
485 755 40 23 vid
541 755 124 23 införande
682 755 24 22 af
722 754 151 29 erforderliga

120 791 170 29 beteckningar
305 792 9 21 i
330 791 111 23 valsedel.

190 827 107 22 Biträdet
322 827 61 23 skall
399 828 178 28 samvetsgrant
592 827 101 28 fullgöra
709 827 107 22 valmans
833 833 40 16 an-

120 863 96 29 visning
235 863 122 22 äfvensom
375 863 155 29 hemlighålla
546 863 63 22 hvad
624 863 47 22 han
688 863 38 21 vid
743 862 130 22 valförrätt-

120 899 90 28 ningen
241 898 69 23 erfar.
350 898 84 29 Bryter
460 898 48 23 han
534 898 113 28 häremot,
674 898 95 22 straffes
795 897 76 23 såsom

120 935 146 29 tjänsteman
282 934 36 22 för
334 934 64 22 brott
413 935 8 21 i
437 935 113 29 tjänsten.

465 1010 28 18 42
511 1007 21 28 8.

192 1047 46 23 Vid
263 1048 214 29 valförrättningen
503 1048 61 22 skall
581 1047 130 23 nämndens
735 1046 138 23 ordförande

121 1083 145 23 omedelbart
281 1085 75 21 innan
372 1084 139 28 röstningen
529 1084 76 28 börjar
621 1084 52 22 visa
685 1083 29 22 de
725 1082 148 23 närvarande

121 1120 35 22 att
180 1119 118 23 valurnan
324 1122 26 20 är
373 1121 49 21 tom
446 1121 63 21 samt
529 1119 73 23 sedan
622 1120 77 28 öppna
718 1118 39 23 det
775 1118 99 29 omslag,

121 1154 67 24 hvari
204 1154 29 23 de
249 1155 120 23 nämnden
386 1155 114 23 tillsända
517 1155 149 23 valsedlarna
682 1158 39 20 äro
738 1155 94 22 insatta.

468 1224 29 20 48
513 1222 21 28 8.

192 1268 109 29 Valman,
326 1275 51 17 som
402 1269 40 22 vill
462 1269 82 23 utöfva
563 1270 36 22 sin
619 1269 92 27 valrätt,
729 1268 93 23 anmäle
839 1268 36 28 sig

122 1304 42 23 hos
180 1304 158 23 valnämnden
356 1304 36 23 för
408 1305 131 29 uttagande
557 1305 24 22 af
596 1304 110 23 valsedel.

467 1373 30 20 44
513 1371 21 28 8.

193 1417 46 23 Vid
265 1418 63 23 valet
354 1425 43 22 ege
424 1418 83 29 hvarje
534 1418 94 23 valman
648 1419 47 21 rätt
713 1419 35 21 att
767 1418 64 22 rösta
846 1416 30 30 på

123 1453 69 30 högst
214 1455 34 21 tre
272 1460 118 23 personer,
415 1453 43 23 och
483 1454 42 23 bör
544 1454 47 22 han
612 1453 82 23 därvid
713 1453 30 29 på
762 1453 40 23 det
821 1453 54 26 sätt,
