1098 1742
328 163 28 22 U.
373 163 26 21 B.
418 176 25 2 —
459 163 74 28 Prop.
549 162 47 23 N:o
610 163 22 21 9.
850 162 12 19 3

106 237 154 29 myndigades
285 237 107 24 Senaten,
414 238 31 27 pä
468 239 47 19 sätt
537 236 103 29 framgår
654 244 28 14 ur
697 236 167 29 förordningen

104 271 44 20 den
169 272 15 20 4
206 271 67 28 April
297 272 61 25 1864,
382 273 35 18 att
439 271 36 20 till
491 270 262 29 Hypoteksföreningen
770 270 94 21 utfärda

104 305 121 21 försäkran
242 312 36 14 om
289 305 45 21 den
345 305 98 21 sälunda
457 305 26 21 af
492 305 132 21 Ständerna
637 304 115 29 beviljade
764 305 100 28 garanti.

104 339 53 21 Med
180 339 52 21 stöd
256 338 24 22 af
301 339 76 22 denna
399 339 92 28 garanti
514 342 91 25 upptog
620 339 137 28 föreningen
774 339 44 21 den
835 339 28 20 15

104 373 62 21 Mars
183 374 54 21 1865
254 373 26 21 af
296 373 131 22 bankhuset
441 373 31 22 M.
488 373 27 22 A.
532 380 47 14 von
594 373 140 21 Rothschild
749 373 20 21 &
785 373 78 21 Söhne

105 401 7 22 i
128 401 128 22 Frankfurt
272 409 19 14 a.
306 403 31 20 M.
353 405 34 18 ett
401 402 40 21 län
457 403 25 20 af
496 403 12 20 3
524 401 107 29 miljoner
646 401 76 22 thaler
733 409 84 21 genom
827 404 36 18 ut-

105 435 112 22 färdande
232 436 26 21 af
272 436 154 29 obligationer
440 437 101 28 löpande
557 436 52 21 med
624 438 7 20 4
637 437 73 27 !/,9/,
718 436 60 29 årlig
788 439 74 22 ränta;

105 470 43 21 och
164 471 124 28 betingade
303 471 36 28 sig
355 471 146 28 långifvaren
517 471 84 22 härvid
617 478 28 14 en
661 471 168 28 kapitalrabatt
840 469 26 22 af

106 505 26 21 18
140 505 34 27 %.
205 505 35 21 Af
252 505 28 21 de
296 505 97 22 sålunda
408 505 105 22 erhållna
529 505 91 22 medlen
636 505 110 29 utgäfvos
755 505 35 21 till
799 504 65 29 jord-

106 547 67 20 egare
194 540 7 21 i
217 539 79 22 landet
312 540 192 29 amorteringslån
521 543 48 18 mot
584 539 141 29 erläggande
741 539 26 22 af
780 547 28 14 en
824 546 40 14 an-

105 574 76 21 nuitet
197 573 26 22 af
236 575 12 20 6
264 575 33 26 ?/,,
312 574 85 22 hvaraf
407 576 12 20 5
429 575 27 27 1/,
468 578 73 23 ränta,
553 575 27 26 !/,
588 575 28 27 %/
624 573 240 29 förvaltningsbidrag

106 607 43 22 och
154 609 132 21 återstoden
292 609 147 28 amortering.
444 609 228 28 Amorteringstiden
679 608 142 22 beräknades
828 607 36 22 till

106 644 26 20 57
149 643 25 21 år
184 643 43 21 och
238 643 28 21 de
278 643 73 22 under
362 643 75 22 denna
449 644 35 21 tid
496 644 36 21 till
543 643 152 22 oförändradt
705 643 83 28 belopp
798 643 66 28 utgå-

107 677 59 22 ende
186 678 162 21 annuiteterna
368 678 143 22 innefattade
532 678 142 28 amortering
694 677 19 29 ej
735 677 89 22 mindre
841 677 26 20 af

107 711 85 28 själfva
206 712 159 22 lånesumman
381 716 27 17 än
426 713 69 21 äfven
511 713 27 21 af
546 712 45 21 den
605 712 68 21 andel
684 712 35 21 uti
729 711 136 22 förenämda

106 746 174 29 kapitalrabatt,
296 754 49 14 som
361 747 92 29 belöpte
469 748 36 28 sig
520 748 30 28 pä
563 747 76 21 denna
653 754 96 14 summa.
780 747 12 20 TI
807 745 58 29 följd

107 780 69 21 häraf
186 781 50 21 blef
246 781 39 21 det
298 781 83 29 nödigt
394 785 34 18 att
438 782 77 21 införa
527 790 28 13 en
569 782 147 27 bestämning
728 781 86 26 därom,
831 783 35 18 att

107 815 179 28 ifrägavarande
308 816 38 21 län
369 817 78 20 kunde
463 816 49 21 före
529 816 229 29 amorteringstidens
775 815 90 29 utgäng

107 849 139 22 återbetalas
262 851 81 21 endast
359 851 52 21 med
427 851 85 28 tillägg
528 851 26 21 af
568 858 28 14 en
612 851 47 20 viss
671 850 116 21 beräknad
796 850 69 21 andel

106 884 35 20 uti
165 884 44 21 den
233 884 280 29 kapitalrabattsfordran,
530 892 48 14 som
595 885 138 29 föreningen
748 885 60 21 hade
824 884 41 21 hos

108 918 159 28 läntagarena.

177 952 52 22 Den
244 953 67 21 svära
327 953 118 28 missväxt,
460 961 48 14 som
520 954 8 21 i
539 954 71 21 slutet
620 954 26 21 af
656 954 123 22 1860-talet
790 953 75 21 öfver-

108 986 53 28 gick
184 987 86 27 landet,
286 987 118 22 medförde
420 988 130 22 emellertid
566 991 62 19 stora
643 988 107 22 förluster
766 988 35 21 för
816 987 50 28 Hy-

108 1021 229 29 poteksföreningen,
360 1029 48 14 som
431 1030 42 14 var
494 1026 105 25 tvungen
627 1025 35 19 att
691 1022 121 28 öfvertaga
838 1028 28 14 en

108 1055 85 29 mängd
209 1056 8 20 i
233 1056 136 28 föreningen
386 1056 112 22 belänade
513 1057 147 28 egendomar.
690 1056 50 22 Med
758 1056 108 22 afseende

109 1090 13 20 ä
145 1089 28 21 de
196 1090 108 22 förluster
327 1090 138 29 föreningen
482 1092 39 21 vid
537 1092 120 28 utgången
674 1090 24 22 af
713 1091 25 21 år
755 1092 55 20 1876
826 1090 40 22 vid

108 1124 169 29 försäljningen
302 1125 26 21 af
347 1125 180 29 ifrägavarande
549 1126 137 28 lägenheter
708 1126 69 20 redan
806 1125 60 27 lidit,

108 1158 138 28 uppgäende
269 1159 37 21 till
322 1160 108 28 omkring
447 1161 91 27 634,000
555 1160 71 26 mark,
642 1160 95 21 hvilken
753 1167 89 14 summa
857 1159 9 21 i

108 1192 58 28 följd
188 1193 26 21 af
226 1194 135 21 emotsedda
375 1194 138 29 ytterligare
528 1194 110 22 förluster
653 1194 27 22 af
692 1194 121 22 enahanda
829 1194 37 21 be-

109 1227 131 22 skaffenhet
261 1229 84 27 ansägs
369 1228 92 23 komma
485 1231 34 19 att
534 1228 124 22 framdeles
673 1228 139 27 fördubblas,
829 1228 37 22 be-

109 1262 46 21 slöt
170 1262 137 29 föreningen
323 1266 35 18 att
374 1263 82 29 bringa
471 1264 37 20 sin
522 1263 222 29 bekymmersamma
755 1263 113 27 ställning

109 1296 73 21 under
193 1296 131 29 Styrelsens
340 1298 117 28 pröfning.
473 1298 54 21 Med
544 1298 168 22 framhållande
728 1298 26 21 af
764 1297 104 28 antydda

110 1331 199 29 omständigheter
327 1332 78 22 anhöll
421 1331 271 29 Hypoteksföreningen,
709 1332 51 21 med
775 1332 92 27 hänsyn

110 1365 110 22 särskildt
243 1366 35 21 till
301 1366 46 21 den
361 1366 141 29 föreningen
517 1367 40 21 vid
574 1367 112 21 1863—64
702 1367 36 21 års
754 1366 114 28 landtdag

110 1400 115 28 beviljade
248 1400 99 28 garanti,
370 1403 35 19 att
427 1401 37 21 till
481 1400 144 22 Ständernas
641 1404 105 18 närmare
762 1400 105 22 öfvervä-

110 1435 76 28 gande
209 1435 74 21 skulle
305 1435 160 26 öfverlämnas,
489 1435 116 21 huruvida
627 1435 53 21 icke
702 1435 69 28 giltig
790 1434 78 22 anled-

110 1469 58 28 ning
191 1469 141 21 förekomme
355 1469 36 21 till
415 1469 143 28 afskrifning
581 1469 27 21 af
628 1469 39 22 det
690 1469 38 22 lån
748 1469 12 22 å
776 1470 92 26 600,000

180 1509 142 18 Statsutskottets
335 1509 111 18 betänkande
459 1509 36 18 N:o
509 1510 16 17 6.
