1103 1750
246 149 13 22 8
431 149 85 24 Ständ.
533 150 39 23 Sv.
588 164 25 2 —
630 149 73 30 Prop.
722 149 45 24 N:o
785 148 34 24 12.

315 222 87 30 Enligt
430 222 154 23 Ständernas
603 223 43 22 vid
666 222 172 23 1904—1905
858 222 41 22 års
918 222 80 22 landt-

247 256 50 30 dag
310 257 95 22 fattade
419 258 81 21 beslut
519 258 64 21 skall
603 257 34 22 till
651 257 173 22 bestridandet
837 256 25 23 af
876 256 123 22 allmänna

246 292 103 28 utgifter
369 292 38 22 för
425 292 156 28 landtdagen
600 292 28 22 är
643 292 65 22 1907
724 292 126 22 äfvensom
864 291 36 23 till
913 291 87 22 bestri-

247 326 94 22 dandet
357 326 25 22 af
397 326 96 22 värden
513 326 45 22 och
578 326 158 22 underhället
754 326 80 22 under
853 326 60 22 ären
933 326 65 22 1905

245 360 97 22 —1907
358 361 25 22 af
400 361 177 22 ständerhuset
595 363 64 20 samt
679 360 155 23 Ständernas
863 360 71 22 arkiv
953 360 46 22 och

246 394 120 23 bibliotek
389 396 59 28 utgå
468 396 114 25 533,000
607 396 78 26 mark,
706 396 96 25 hvaraf,
828 395 62 22 efter
910 394 89 29 afdrag

247 430 26 21 af
301 430 78 22 under
399 431 27 21 är
447 430 65 22 1905
532 430 176 22 utanordnade
728 430 91 26 35,400
838 430 78 25 mark,
937 429 62 22 äter-

246 464 52 22 stär
317 464 112 26 497,600
447 465 71 21 mark
538 465 38 21 för
596 464 59 22 ären
677 464 66 22 1906
762 465 46 21 och
829 464 73 22 1907.
932 464 11 22 I
959 470 40 16 an-

246 499 91 22 seende
369 500 83 21 därtill
480 501 36 20 att
542 499 286 28 folkrepresentationen
864 498 134 22 framdeles

246 533 111 23 kommer
377 536 34 20 att
434 535 98 28 utgöras
561 533 25 23 af
613 540 30 16 en
668 534 128 22 kammare
824 534 6 21 i
852 533 85 22 stället
960 533 39 21 för

245 568 32 22 de
287 569 148 22 nuvarande
453 569 56 28 fyra
529 568 114 27 ständen,
655 568 71 23 torde
737 568 113 29 anslaget
860 568 38 22 för
909 567 90 22 kansli-

245 603 138 22 kostnader
410 603 85 22 kunna
517 603 134 22 reduceras
670 603 56 22 med
746 603 95 22 hälften
861 603 25 22 af
904 602 42 23 det
965 609 33 15 nu

245 637 146 23 beräknade
410 638 126 29 beloppet,
551 638 59 22 eller
622 638 56 22 med
691 637 96 27 50,000
801 637 78 22 mark.
906 637 92 22 Vidare

245 672 130 23 bortfaller
402 673 141 22 kostnaden
567 672 39 22 för
633 679 30 16 en
691 672 109 23 tilltänkt
828 673 97 21 remont
951 671 46 22 och

245 707 153 29 ommälning
424 707 24 22 af
467 707 30 22 de
516 707 148 22 nuvarande
682 707 170 28 plenisalarna
874 706 55 22 med
949 712 49 16 om-

245 741 74 29 kring
341 742 96 27 25,000
450 742 78 22 mark.
555 742 11 21 I
584 741 114 29 anslaget
716 741 39 22 för
774 741 96 22 värden
890 741 25 22 af
933 741 65 22 stän-

245 776 119 22 derhuset
388 776 128 22 förefanns
545 776 42 22 vid
611 776 125 29 utgängen
760 775 24 22 af
810 775 28 22 är
858 775 65 22 1905
952 775 46 22 hos

245 811 292 22 ständerhusekonomen
551 817 30 16 en
592 811 105 22 koniant
708 810 146 29 behällning
866 810 24 21 af
905 809 93 26 12,600

245 845 77 28 mark,
341 845 112 27 hvarför,
474 852 39 15 om
533 845 73 22 dessa
626 848 36 19 tre
680 847 86 26 poster
788 844 151 29 frändragas
963 843 34 23 of-

244 880 163 22 vannämnda
427 880 95 29 anslag,
548 880 143 22 äterstoden
716 879 48 22 blir
786 879 113 26 410,000
917 879 78 21 mark.

244 913 91 23 Härtill
353 914 47 23 bör
419 915 63 22 dock
496 915 89 28 läggas
605 914 104 23 arfvode
729 915 25 21 ät
780 913 50 22 200
851 913 146 29 landtdags-

243 949 58 21 män
321 949 13 21 ä
356 949 72 25 1,400
447 949 79 26 mark,
538 949 59 22 eller
608 949 163 22 tillsammans
789 947 114 27 280,000
916 947 79 26 mark,

244 986 63 19 samt
331 983 194 22 resekostnader
552 983 38 22 för
615 983 246 29 landtdagsmännen
886 982 56 22 med
961 983 34 21 ett

243 1017 143 22 beräknadt
415 1018 92 29 belopp
527 1018 25 21 af
564 1018 95 26 20,000
677 1017 79 26 mark,
776 1017 46 22 och
842 1017 74 28 utgör
935 1016 60 23 säle-

243 1052 44 22 des
307 1052 42 22 det
367 1053 163 28 erforderliga
552 1053 115 28 anslaget
683 1051 111 29 710,000
813 1051 78 22 mark.

312 1086 92 23 Vidare
434 1087 77 22 hafva
542 1087 142 22 Ständerna
712 1086 56 23 med
800 1085 136 29 anledning
972 1085 25 22 af

243 1121 48 22 den
316 1121 315 28 representationsreform,
649 1127 52 16 som
727 1127 104 16 numera
850 1120 57 22 frän
927 1119 70 23 Stän-

243 1155 92 23 dernas
357 1156 55 22 sida
443 1156 122 26 beslutits,
597 1156 59 29 tagit
685 1155 82 23 under
796 1154 199 29 öfvervägande,

242 1190 87 22 hvilka
354 1190 119 30 ätgärder
506 1190 84 23 kunde
624 1197 61 15 vara
716 1189 135 29 päkallade
886 1188 39 23 för
962 1190 35 21 att

241 1224 122 23 Finlands
387 1232 51 22 nya
461 1225 199 28 representation
684 1226 101 21 snarast
804 1224 97 28 möjligt
920 1223 76 22 mätte

241 1258 86 23 kunna
349 1260 187 22 sammanträda
560 1260 8 21 i
596 1266 31 16 en
647 1259 87 22 härför
754 1258 83 30 egnad
856 1258 75 26 lokal,
951 1257 46 23 och

242 1293 77 22 hafva
339 1294 143 22 Ständerna
502 1295 88 25 ansett,
604 1295 34 21 att
652 1294 25 22 ät
689 1292 234 29 Bankfullmäktige
936 1292 61 22 kun-

241 1328 32 22 de
295 1328 169 22 öfverlämnas
496 1330 34 20 att
549 1328 91 28 själfva
660 1328 58 22 eller
737 1334 92 22 genom
848 1333 30 15 en
898 1326 25 22 af
941 1326 56 22 dem

241 1362 40 22 för
299 1362 143 23 ändamälet
470 1363 88 22 utsedd
586 1362 162 22 kommission
768 1362 115 28 uppgöra
902 1360 95 29 förslag

240 1396 8 22 i
277 1397 110 22 ärendet.
425 1397 89 22 Säsom
541 1397 158 29 lämpligaste
728 1397 80 27 utväg
834 1396 38 21 för
898 1397 35 20 att
952 1394 45 22 till-

241 1431 95 28 godose
364 1438 34 15 nu
424 1432 102 28 angifna
546 1432 76 21 behof
640 1430 152 23 framställer
811 1430 38 28 sig
868 1429 129 29 möjlighe-

241 1466 41 21 ten
303 1466 24 21 af
347 1468 35 20 att
401 1466 13 22 å
434 1466 42 22 det
494 1467 67 21 öster
575 1472 39 16 om
628 1466 179 22 ständerhuset
820 1464 108 29 belägna
941 1463 56 23 obe-
