1109 1750
278 149 28 19 64
450 146 78 24 Ständ.
544 146 38 24 Sv.
598 160 30 2 —
645 147 65 28 Prop.
727 146 37 24 N:o
781 146 21 22 II.

602 212 50 29 38.

318 253 36 23 Då
370 253 38 23 val
425 254 23 22 af
460 253 219 30 bankfullmäktige
690 254 75 23 första
776 253 96 29 gången
883 252 61 23 skall
956 258 45 24 ega

246 296 54 16 rum
307 289 97 29 jämligt
417 293 26 19 74
454 290 15 29 8
479 290 7 22 i
499 290 267 30 landtdagsordningen,
777 290 42 22 bör
830 289 64 23 valet
902 288 99 23 omfatta

246 324 30 24 de
297 325 8 22 i
329 326 76 28 sagda
428 326 112 29 paragraf
561 326 145 23 omnämnda
727 333 41 16 sex
784 324 216 30 bankfullmäktige

246 362 44 22 och
314 362 141 23 verkställas
479 362 115 23 särskildt
616 362 36 22 för
675 362 83 30 hvarje
774 361 144 29 fullmäktig.
954 361 47 23 Har

244 398 41 22 vid
304 398 62 23 valet
382 398 72 29 ingen
474 398 93 22 erhållit
583 398 101 23 flertalet
702 398 24 23 af
741 398 28 23 de
787 397 91 29 afgifna
886 398 113 26 rösterna,

247 434 113 22 anställes
382 435 54 28 nytt
458 434 38 22 val
519 434 88 23 mellan
629 434 29 22 de
674 434 47 27 två,
738 434 82 23 hvilka
836 433 28 22 de
880 433 71 23 flesta
966 434 33 21 rö-

247 470 82 22 sterna
345 469 102 24 tillfallit.

318 505 32 23 Af
372 505 29 23 de
423 505 101 24 sålunda
543 505 70 24 valde
630 505 62 30 afgå,
710 506 60 23 efter
785 505 111 29 lottning,
914 505 40 22 vid
971 504 29 23 de

245 541 41 22 två
310 541 159 30 nästföljande
485 542 69 23 valen
571 541 116 24 hvardera
703 542 95 29 gången
815 547 30 16 en
862 541 24 22 af
902 541 29 22 de
947 540 52 23 tull-

246 575 112 31 mäktige,
383 577 81 24 hvilka
486 579 88 22 utsetts
594 577 38 24 för
647 579 35 21 att
697 577 96 30 deltaga
809 577 8 23 i
834 577 45 23 alla
896 577 13 23 å
925 576 74 24 bank-

245 612 151 30 fullmäktige
420 614 176 23 ankommande
620 614 111 27 ärenden,
752 613 44 23 och
818 620 28 16 en
863 613 24 23 af
903 613 28 22 de
947 612 52 23 full-

246 648 113 30 mäktige,
381 649 81 24 hvilka
482 651 87 22 utsetts
585 650 36 22 för
637 651 35 22 att
688 650 95 29 deltaga
798 650 9 22 i
822 648 175 30 behandlingen

245 685 25 23 af
294 685 28 23 de
344 686 109 28 ärenden,
470 693 50 16 som
537 686 83 23 kunna
636 686 94 29 afgöras
747 685 85 24 endast
848 685 25 23 af
889 685 109 29 samtlige

246 721 217 31 bankfullmäktige
479 723 157 29 gemensamt.

594 792 14 19 4
624 788 22 29 8.

316 836 270 30 Landtdagsordningen
603 836 25 23 af
644 836 45 22 den
868 853 4 10 ,
889 834 109 30 vallagen

245 871 25 23 af
286 878 92 16 samma
393 872 48 29 dag
456 873 62 22 samt
534 872 70 23 dessa
620 870 296 31 öfvergångsstadganden
931 870 67 24 träda

244 908 8 22 i
268 907 110 30 gällande
393 908 66 23 kraft
474 908 46 22 den

316 1015 112 23 Finlands
444 1015 101 23 Ständer
561 1016 137 22 framhärda
714 1016 42 22 etc.

315 1068 148 30 Helsingfors
480 1069 44 23 den
543 1074 10 19 1
568 1071 55 29 juni
641 1074 63 19 1906.
