1103 1748
273 145 26 19 18
443 142 76 23 Ständ.
536 142 37 23 Sv.
591 155 26 3 —
635 143 64 28 Prop.
716 143 37 22 N:o
771 143 20 22 II.

313 207 113 29 Kejsaren
442 207 43 23 och
502 207 159 23 Storfurstens
680 207 136 23 skrifvelser
835 207 42 22 och
892 207 100 29 proposi-

241 243 82 27 tioner,
340 243 81 23 hvilka
437 243 85 22 aflätas
537 243 60 23 efter
608 243 159 30 landtdagens
778 243 130 29 öppnande,
920 243 73 22 öfver-

241 278 92 23 lämnas
350 279 34 22 till
401 279 140 23 densamma
558 285 86 23 genom
661 286 28 15 en
706 279 102 23 ledamot
825 278 24 23 af
865 279 105 22 senaten.

587 360 28 19 27
632 357 20 28 8.

314 404 97 23 Säsnart
427 405 98 28 lagtima
540 404 115 29 landtdag
666 406 107 28 öppnats,
785 404 41 23 bör
839 403 154 23 statsverkets

241 439 106 23 tillstånd
371 440 34 23 för
427 440 145 29 landtdagen
595 441 119 28 uppvisas,
737 441 29 28 pä
788 440 39 23 det
849 439 144 29 landtdagen

243 475 39 23 mä
298 475 114 28 inhämta,
429 476 60 23 huru
504 476 103 23 kronans
624 476 131 23 inkomster
768 475 77 23 blifvit
857 475 34 23 till
901 475 92 22 landets

242 518 64 22 gagn
323 511 43 23 och
383 512 67 23 bästa
467 511 115 24 använda.

587 588 28 18 28
632 584 18 29 &

315 631 9 23 I
348 632 104 29 enlighet
475 632 55 23 med
553 632 46 22 den
623 634 53 25 rätt,
701 638 50 16 som
773 631 116 23 härintills
906 631 88 22 tillhört

247 666 138 28 Ständerna,
402 670 26 20 är
442 668 100 29 lagtima
558 668 115 29 landtdag
688 667 134 29 berättigad
841 668 35 22 att
892 667 33 23 till
942 667 51 29 Kej-

245 710 71 16 saren
339 704 42 22 och
406 704 144 22 Storfursten
575 704 131 22 framställa
730 704 130 29 petitioner,
884 703 14 23 &
914 703 80 22 hvilka

245 738 116 30 Kejsaren
386 739 42 23 och
453 739 144 23 Storfursten
614 740 73 22 fäster
703 740 40 22 det
759 739 111 23 afseende
886 739 46 23 han
950 739 43 22 fin-

244 781 43 16 ner
303 775 34 22 för
353 775 80 23 landet
449 776 94 28 nyttigt.

315 811 96 29 Förslag
426 812 35 22 till
477 811 113 28 adresser,
608 811 98 23 afsedda
718 812 35 22 att
767 811 24 22 af
801 810 146 29 landtdagen
959 810 34 23 till

243 846 114 30 Kejsaren
382 847 43 22 och
449 847 145 23 Storfursten
614 847 84 23 aflätas
716 848 7 22 i
739 846 199 29 utomordentliga
953 846 40 22 fall

245 882 57 23 eller
328 883 54 22 med
407 883 127 29 anledning
559 883 24 23 af
607 883 116 23 särskilda
746 883 161 28 tilldragelser,
928 882 66 23 skola

243 918 108 29 undergå
374 919 168 23 förberedande
564 919 150 29 granskning
736 920 7 21 i
767 918 91 23 utskott
874 919 8 22 i
898 918 45 23 den
959 918 35 23 för

243 955 126 28 petitioner
385 955 114 29 stadgade
518 955 107 29 ordning.

588 1030 27 19 29
632 1027 21 29 8.

315 1074 155 29 Landtdagen
487 1081 55 23 eger
558 1075 47 22 rätt
616 1076 35 21 att
661 1076 105 28 upptaga
778 1074 25 22 af
813 1074 181 28 landtdagsman

243 1109 128 29 behörigen
387 1110 72 22 väckt
475 1111 87 22 motion
579 1117 38 15 om
629 1110 119 27 stiftande,
761 1110 102 28 ändring
873 1109 55 23 eller
939 1116 55 22 upp-

242 1144 120 24 häfvande
379 1146 24 22 af
418 1146 74 22 sädan
508 1146 45 29 lag,
571 1152 50 16 som
638 1146 67 22 beror
718 1146 25 22 af
754 1146 113 29 Kejsaren
879 1145 43 23 och
933 1144 60 23 Stor-

242 1180 106 23 furstens
364 1182 63 22 samt
442 1181 157 29 landtdagens
615 1180 261 24 sammanstämmande
891 1181 83 22 beslut.

315 1216 25 30 Ej
359 1217 38 22 mä
413 1217 60 23 dock
491 1218 86 22 motion
593 1217 88 23 väckas
698 1217 100 23 rörande
809 1216 119 30 grundlag
939 1216 56 23 eller

242 1252 41 29 lag
299 1259 37 16 om
353 1252 75 23 landt-
445 1253 56 23 eller
517 1253 162 29 sjöförsvarets
695 1253 171 29 organisation;
881 1252 42 23 och
934 1252 61 23 skall

243 1287 149 24 beträffande
413 1288 128 30 kyrkolags
563 1288 113 23 stiftande
692 1289 63 29 gälla
772 1288 63 23 hvad
851 1288 80 22 därom
948 1290 46 20 sär-

242 1323 74 23 skildt
332 1326 25 20 är
374 1324 116 29 stadgadt.

587 1388 28 19 30
631 1385 21 28 8.

314 1425 86 23 Motion
425 1426 55 22 eller
502 1426 200 29 petitionsförslag
718 1426 39 22 mä
773 1426 64 22 inom
854 1425 86 29 fjorton
956 1425 38 22 da-

241 1467 45 22 gar
302 1461 59 22 efter
377 1461 156 30 landtdagens
552 1461 122 30 öppnande
691 1461 25 23 af
726 1461 186 29 landtdagsman
923 1461 71 22 fram-
