1100 1748
255 123 32 36 40
575 128 41 22 N:o
628 128 25 21 11

299 196 103 23 Skriften
417 197 35 22 får
468 197 42 22 ock
526 197 94 28 angifva
635 197 39 22 det
690 196 223 27 allmänsträfvande,
929 196 58 21 hvil-

229 231 41 21 ket
291 231 135 29 föreningen
448 238 66 15 anser
532 231 56 22 böra
606 231 158 29 förverkligas,
785 231 55 21 eller
854 230 47 22 viss
916 230 70 27 lösen,

229 273 49 14 som
299 266 124 22 betecknar
444 266 147 29 föreningens
613 266 150 29 uppfattning
783 265 8 22 i
806 266 76 28 någon
902 265 83 22 allmän

228 299 71 30 fråga.

576 330 28 21 20
619 331 19 26 8.

297 369 116 22 Anhällan
436 377 37 14 om
495 370 207 29 offentliggörande
721 369 24 22 af
764 368 221 29 valmansförenings

228 403 165 22 kandidatlista
410 407 67 26 göres
495 405 13 21 å
530 404 146 29 föreningens
698 399 89 34 vägnar
811 403 130 28 skriftligen
964 403 22 21 af

228 437 201 23 ombudsmannen.
459 433 46 27 Äro
519 439 39 21 två
576 439 55 21 eller
647 439 54 21 flere
717 438 150 22 ombudsmän
883 437 101 28 utsedde,

228 478 44 21 ega
286 472 28 21 de
329 472 61 22 blott
407 473 150 22 tillsammans
575 473 113 22 företräda
708 473 143 28 föreningen;
867 472 42 22 och
924 472 61 28 gälle

228 513 37 14 om
281 507 85 21 enhvar
379 507 23 22 af
417 507 50 22 dem
482 507 62 22 hvad
560 507 73 22 nedan
650 515 37 14 om
702 507 151 22 ombudsman
868 510 60 25 sägs.

296 541 168 30 Ansökningen
479 542 59 22 skall
553 542 91 29 åtföljas
660 543 63 21 såväl
738 541 23 22 af
773 541 43 22 den
826 541 73 28 skrift,
910 541 74 22 hvari-

226 582 85 21 genom
325 576 239 29 valmansföreningen
578 576 91 29 bildats,
686 584 49 14 som
750 576 23 21 af
783 575 97 22 särskild
891 575 93 22 utskrift

227 608 27 22 af
271 609 50 22 dess
340 610 170 22 kandidatlista.
540 611 12 20 I
567 611 158 28 ansökningen
745 610 59 22 skall
824 609 160 22 ombudsman-

226 651 46 14 nen
286 643 108 29 försäkra,
414 647 34 19 att
466 645 28 22 de
512 652 112 21 personer,
645 645 90 21 hvilkas
755 651 69 15 namn
839 645 55 28 ingå
909 645 74 20 såsom

226 677 165 24 underskrifter
402 680 12 21 å
422 679 71 30 sagda
503 679 73 28 skrift,
588 679 157 29 egenhändigt
754 679 166 22 undertecknat
930 679 53 21 den-

225 719 88 15 samma
335 713 40 22 och
399 717 39 18 äro
460 714 187 29 valberättigade,
663 715 25 20 så
704 715 42 20 ock
762 716 35 19 att
811 713 28 22 de
854 713 129 28 föreslagna

225 749 40 19 äro
280 747 81 34 villiga
377 750 35 20 att
426 751 102 26 mottaga
542 748 318 29 landtdagsmannauppdrag.

294 782 21 21 Å
331 783 159 28 ansökningen
509 783 58 22 skall
586 783 73 22 finnas
678 783 109 22 tecknadt
802 782 64 22 bevis
881 782 23 21 af
918 786 64 18 nota-

224 815 48 22 rius
287 817 112 28 publicus,
414 817 148 30 kronofogde,
573 818 104 21 länsman
688 818 55 21 eller
752 817 230 22 kommunalnämnds

224 850 143 29 ordförande,
390 852 51 21 med
464 852 79 28 vittne,
560 855 33 18 att
616 852 195 22 ombudsmannen
827 851 155 29 egenhändigt

223 884 167 23 undertecknat
405 887 163 28 ansökningen.

293 919 49 21 Har
357 920 194 22 ombudsmannen
570 921 147 28 uppsåtligen
732 921 56 21 eller
803 920 22 22 af
838 920 143 22 vårdslöshet

223 953 93 29 intygat
330 954 61 22 hvad
406 955 51 22 icke
468 958 24 18 är
502 958 57 25 sant,
570 956 55 21 eller
636 956 54 28 eljes
701 956 8 21 i
720 956 90 28 sysslan
820 955 60 28 felat,
893 955 87 21 straffes

223 988 75 21 såsom
313 988 139 28 tjänsteman
467 989 35 22 för
517 990 61 21 brott
593 990 7 21 i
616 990 106 28 tjänsten.

574 1059 26 21 21
617 1060 19 25 $.

291 1097 291 30 Ansökningshandlingar,
599 1098 78 22 hvilka
687 1099 7 21 i
705 1099 29 21 20
744 1100 13 26 8
769 1101 135 25 omnämnts,
916 1099 64 21 skola

222 1130 26 21 af
267 1131 195 23 ombudsmannen
481 1132 53 29 själf
549 1133 54 21 eller
618 1140 81 22 genom
716 1133 202 28 befullmäktigadt
933 1140 46 14 om-

221 1164 49 22 bud
288 1166 35 20 till
342 1166 142 22 valkretsens
502 1167 171 22 centralnämnd
691 1167 100 29 ingifvas
807 1170 76 19 senast
898 1168 12 20 ä
926 1170 54 19 tret-

221 1198 104 23 tioförsta
340 1200 75 29 dagen
431 1200 48 22 före
493 1201 119 29 valdagen.

290 1234 77 22 Hafva
388 1235 166 29 handlingarna
576 1236 121 22 inlämnats
713 1237 36 21 till
765 1235 174 29 postbefordran
954 1237 24 20 sä

220 1268 76 29 tidigt,
312 1272 34 19 att
361 1269 28 22 de
404 1273 76 18 senast
496 1271 13 20 &
522 1265 155 34 nyssnämnda
692 1271 46 28 dag
753 1270 52 22 bort
819 1270 35 22 till
864 1271 113 21 nämnden

220 1302 123 27 inkomma,
358 1311 54 14 vare
428 1305 43 21 ock
486 1304 38 22 det
539 1305 64 28 gildt.

570 1362 28 21 22
614 1363 18 26 8.

289 1400 87 22 Aflider
390 1402 82 28 nägon,
488 1409 49 14 som
553 1405 24 18 är
592 1403 13 20 &
620 1402 222 28 valmansförenings
858 1401 119 22 kandidat-

218 1434 54 21 lista
285 1438 133 26 «upptagen,
436 1437 55 21 eller
513 1436 100 22 befinnes
633 1437 45 21 han
693 1437 50 22 icke
759 1444 62 13 mera
836 1436 79 22 valbar
937 1436 41 21 bör

218 1469 197 22 ombudsmannen
430 1471 104 28 utstryka
549 1471 56 21 hans
621 1479 69 13 namn
704 1471 51 21 frän
772 1471 72 21 listan.
