1103 1748
97 224 85 23 Ständ.
210 225 52 22 Skr.
290 237 27 4 —
339 224 133 28 Ritningar
499 225 46 22 och
572 224 212 27 kostnadsförslag
812 223 41 23 till

166 259 154 28 tillbyggnad
336 259 47 23 och
398 259 148 28 omändring
561 259 27 22 af
601 258 183 23 ständerhuset.

373 501 168 22 Finlands
565 501 164 22 Ständers
750 499 104 23 skrif-

304 536 91 22 velse
417 536 41 22 till
482 535 230 28 Bankfullmäktige
730 534 125 28 angående

305 570 110 28 uppdrag
431 571 37 21 att
483 570 49 22 låta
549 570 110 28 uppgöra
673 570 125 27 ritningar
809 569 46 23 och

304 604 212 28 kostnadsförslag
529 605 41 22 till
580 604 156 28 tillbyggnad
747 604 47 22 och
806 610 49 16 om-

305 638 106 28 ändring
427 638 28 22 af
470 638 182 23 ständerhuset.

145 872 58 28 Till
222 872 136 28 Finlands
377 873 137 27 Ständers
533 873 271 35 Bankfullmäktige.

169 1011 52 22 Med
237 1011 115 29 anledning
367 1011 23 21 af
405 1011 41 22 den
460 1012 98 21 beslutna
568 1011 288 29 representationsreformen

98 1046 67 21 hafva
181 1046 120 22 Ständerna
316 1047 53 27 tagit
384 1046 68 21 under
467 1046 168 28 öfvervägande,
660 1046 74 21 hvilka
756 1046 101 28 åtgärder

99 1080 72 22 kunde
195 1088 51 14 vara
269 1080 111 28 påkallade
403 1080 36 22 för
460 1084 32 18 att
513 1080 103 22 Finlands
632 1088 40 21 nya
688 1082 169 27 representation

99 1118 84 18 snarast
198 1115 81 28 möjligt
295 1114 64 22 måtte
375 1112 73 24 kunna
464 1115 160 21 sammanträda
639 1116 7 20 i
661 1122 26 14 en
703 1115 73 21 härför
788 1114 70 29 egnad

100 1149 63 27 lokal,
186 1149 40 21 och
242 1150 6 20 i
264 1149 59 21 detta
346 1149 57 28 syfte
419 1149 22 21 åt
456 1149 201 28 Bankfullmäktige
679 1149 89 21 beslutit
786 1149 72 21 öfver-

100 1184 71 20 lämna
185 1186 32 18 att
232 1183 77 29 själfva
325 1183 51 21 eller
391 1190 78 21 genom
486 1191 26 13 en
528 1184 23 20 af
567 1183 48 21 dem
631 1183 33 21 för
679 1183 122 21 ändamålet
824 1186 34 18 ut-

100 1218 53 21 sedd
169 1218 137 21 kommission
323 1219 96 27 uppgöra
438 1217 84 29 förslag
536 1219 7 19 i
560 1218 93 21 ärendet.
683 1217 76 22 Såsom
775 1217 83 29 lämpli-

100 1255 61 25 gaste
183 1254 67 26 utväg
272 1252 34 20 för
321 1255 31 18 att
367 1252 115 28 tillgodose
499 1260 28 13 nu
544 1252 88 28 angifna
649 1252 65 21 behof
729 1252 129 21 framställer

101 1287 33 27 sig
156 1286 138 28 möjligheten
314 1286 23 21 af
352 1289 31 18 att
398 1286 13 20 å
427 1286 37 21 det
480 1288 58 20 öster
553 1294 34 13 om
603 1286 150 21 ständerhuset
768 1286 89 28 belägna

101 1320 128 29 obebyggda
252 1320 96 22 området
373 1320 93 29 uppföra
495 1328 26 14 en
547 1320 140 28 tillbyggnad,
712 1320 146 29 inrymmande

101 1356 76 20 främst
192 1362 25 14 en
232 1355 34 21 för
277 1356 41 20 200
329 1358 173 25 representanter
514 1355 77 21 afsedd
602 1355 95 28 plenisal,
707 1354 151 22 motsvarande

101 1390 43 21 alla
159 1389 75 22 nutida
250 1389 121 28 fordringar
381 1389 28 28 på
420 1389 208 28 ändamålsenlighet
641 1389 41 22 och
693 1389 165 28 bekvämlighet.

102 1424 52 21 Med
174 1423 84 29 hänsyn
273 1423 70 21 därtill
359 1427 31 18 att
406 1424 106 27 ritningar
528 1423 41 22 och
585 1423 184 28 kostnadsförslag
784 1424 30 20 till
832 1431 26 13 en

102 1458 66 21 sådan
184 1457 132 29 tillbyggnad
334 1458 51 21 böra
401 1458 107 28 föreligga
524 1458 83 27 färdiga
624 1457 36 22 vid
676 1458 41 21 den
731 1457 127 22 kommande

101 1492 142 28 landtdagens
266 1492 208 27 sammanträdande,
496 1492 66 21 hafva
584 1492 119 21 Ständerna
720 1492 63 21 bland
800 1492 58 21 kost-
