1100 1745
367 431 231 28 Reservationer.

475 504 18 21 1.

177 570 36 20 Då
226 569 40 29 jag
282 569 50 22 icke
353 570 88 20 kunnat
457 570 81 21 förena
553 570 48 28 mig
618 577 36 14 om
670 570 130 21 Utskottets
816 570 45 21 för-

108 606 55 28 slag,
180 605 35 22 för
225 608 24 18 sä
257 605 51 21 vidt
320 605 38 21 det
368 605 60 21 afser
440 605 278 29 Suonenjoki—Suolahti
732 606 82 25 banan,
826 613 37 13 an-

107 641 71 21 håller
191 641 40 29 jag
247 641 93 21 härmed
357 641 24 21 få
396 641 129 29 framlägga
541 642 46 21 min
603 641 124 22 afvikande
744 641 100 29 mening.

179 678 82 27 Nägon
278 677 157 29 skiljaktighet
450 678 84 20 mellan
549 677 131 22 Utskottets
691 678 42 20 och
745 677 48 21 min
804 677 60 21 äsikt

107 713 8 21 i
131 713 65 29 fråga
212 720 37 14 om
267 713 175 29 behöfligheten
461 713 23 21 af
501 714 45 21 den
561 713 103 29 antydda
680 713 75 21 banan
770 713 93 21 förefin-

107 756 42 14 nes
165 748 27 29 ej,
208 749 8 21 i
233 749 38 21 det
287 751 31 19 att
336 748 69 22 äfven
418 749 41 28 jag
476 749 102 21 ansluter
594 749 47 29 mig
657 749 35 21 till
708 749 45 21 den
769 748 94 22 motive-

108 784 52 29 ring
183 784 118 22 Utskottet
319 785 8 21 i
347 784 39 22 sitt
410 784 146 22 betänkande
575 785 125 21 framhällit
719 785 34 21 till
775 784 89 22 förmän

107 820 36 22 för
160 820 75 22 denna
250 820 65 22 bana.
348 821 36 21 De
401 820 55 27 skäl,
476 820 117 22 Utskottet
609 821 76 21 anfört
701 828 47 14 som
766 820 51 22 stöd
829 820 36 22 för

107 856 82 26 banan,
206 859 38 18 äro
265 856 68 21 äfven
352 859 25 18 sä
393 856 125 27 bindande,
538 860 33 17 att
590 857 28 20 de
637 856 8 21 i
663 856 73 21 likhet
751 856 52 21 med
821 856 44 21 den

108 894 88 26 utgäng
214 892 82 28 frägan
313 892 73 21 erhöll
402 892 63 21 inom
484 892 230 29 Järnvägsutskottet
732 892 41 21 vid
792 891 72 22 landt-

108 928 75 28 dagen
204 931 116 19 1904—05
341 927 59 22 hade
421 928 54 21 bort
490 929 53 20 leda
558 928 34 21 till
609 931 32 18 ett
657 928 169 29 godkännande
843 927 23 22 af

108 963 82 26 banan,
209 963 8 21 i
235 963 52 22 dess
303 964 84 21 helhet.
418 964 37 21 De
472 964 56 26 skäl,
545 971 47 14 som
609 965 36 20 för
662 967 32 18 ett
709 967 24 18 är
742 964 71 21 sedan
829 971 36 14 an-

108 999 77 22 fördes
201 999 35 22 till
251 999 90 22 förmän
356 1000 37 21 för
410 1000 77 21 denna
500 999 229 30 järnvägsbyggnad,
746 1000 70 21 hafva
831 999 34 21 in-

108 1035 101 28 galunda
224 1035 95 22 förlorat
335 1035 36 22 sin
382 1035 116 29 giltighet,
510 1039 55 18 utan
576 1035 123 22 framträda
710 1036 94 21 fastmer
814 1035 52 22 med

109 1071 95 29 styrkan
220 1071 23 21 af
259 1074 32 19 ett
307 1071 128 29 trängande
451 1071 78 22 behof.

179 1108 53 20 Den
251 1108 59 21 enda
330 1108 167 28 skiljaktighet,
515 1116 48 14 som
581 1108 127 22 förefinnes
727 1108 83 22 mellan
825 1108 41 21 Ut-

110 1143 95 21 skottets
225 1144 150 28 uppfattning
394 1144 44 21 och
457 1144 49 21 min
526 1144 142 28 ständpunkt
686 1144 8 21 i
714 1144 75 21 denna
805 1143 60 29 järn-

109 1179 130 29 vägsfräga,
257 1179 74 21 bestär
348 1180 56 25 däri,
421 1182 33 19 att
465 1180 120 22 Utskottet
601 1188 72 18 anser,
685 1183 33 18 att
733 1179 133 29 byggnads-

109 1215 88 21 arbetet
214 1215 7 21 i
241 1215 57 28 följd
320 1215 23 21 af
362 1215 121 22 bristande
503 1216 74 21 medel
597 1216 74 21 denna
690 1218 62 26 gäng
771 1216 42 21 bör
829 1215 37 21 be-

109 1253 95 26 gränsas
220 1251 34 21 till
266 1251 114 21 bandelen
399 1247 162 38 Suonenjoki-—
573 1247 135 38 Kurkilahti.
730 1251 137 22 Kostnaden

108 1286 37 22 för
170 1286 51 22 hela
247 1286 70 29 linjen
345 1286 280 29 Suonenjoki—Suolahti
647 1290 24 18 är
694 1287 117 22 beräknad
833 1287 35 21 till

111 1324 117 24 6,640,000
245 1323 70 25 mark,
332 1323 43 20 och
392 1323 30 21 dä
439 1323 306 28 Suonenjoki—Kurkilahti
757 1323 74 21 banan
843 1325 24 18 är

110 1357 116 22 beräknad
242 1358 34 21 till
294 1365 28 14 en
339 1358 96 21 kostnad
455 1359 23 20 af
495 1362 118 25 2,250,000
630 1359 70 26 mark,
716 1361 90 26 uppgär
823 1358 44 21 den

110 1401 94 18 summa,
221 1401 48 14 som
286 1394 86 28 utgjort
389 1394 85 21 hinder
491 1395 36 21 för
542 1395 131 21 Utskottets
687 1395 75 21 beslut
779 1402 36 14 om
831 1394 37 21 ba-

110 1436 57 14 nans
183 1429 125 29 byggande
324 1429 8 22 i
348 1430 52 21 hela
420 1430 54 21 dess
495 1431 77 28 längd,
588 1431 35 20 till
639 1432 33 19 ett
690 1430 139 28 totalbelopp
847 1429 23 22 af

110 1467 119 24 4,890,000
256 1465 69 21 mark.
359 1465 78 29 Högst
464 1467 73 20 sällan
560 1467 42 20 har
625 1466 58 21 dock
709 1466 40 21 vid
773 1473 29 14 en
826 1466 43 21 och

181 1518 192 23 Järnvägsutskotteis
386 1519 112 18 betänkande
510 1519 35 18 N:o
558 1521 16 16 1.
