1103 1745
339 136 28 22 U.
385 136 27 21 B.
429 148 27 3 —
473 135 71 27 Prop.
561 135 40 22 N:o
618 135 21 22 8.
823 137 12 19 3

115 201 75 21 kande
213 200 59 29 lagts
295 200 34 22 till
353 200 82 29 grund,
459 200 70 22 likväl
553 200 52 22 med
626 200 91 21 erinran
737 200 77 21 därom
833 202 32 18 att

116 236 70 29 sagda
207 236 149 26 betänkande,
377 244 48 14 som
442 236 22 21 af
480 239 39 19 tvä
535 236 67 22 ständ
618 236 116 21 lemnades
751 235 114 22 obehand-

115 272 54 26 ladt,
190 272 24 22 af
234 275 31 19 ett
286 272 122 22 förkastats
429 272 43 22 och
493 272 82 22 endast
591 272 22 21 af
630 274 32 19 ett
677 272 121 28 godkänts,
815 271 50 21 icke

116 308 67 21 ledde
204 308 34 21 till
258 308 110 28 lagenligt
389 308 174 26 ständerbeslut,
585 308 91 21 hvadan
694 307 171 29 propositionen

115 344 85 21 förföll.
231 344 35 20 Dä
286 344 75 21 härtill
381 344 101 21 kommer
501 347 39 23 att,
556 344 8 20 i
583 344 125 28 anledning
724 343 23 21 af
763 342 101 22 landtda-

116 387 57 21 gens
195 380 146 28 upplösning,
365 380 34 21 tid
422 380 50 21 icke
495 380 118 21 förefanns
633 380 35 20 för
690 379 132 29 afgifvande
843 378 23 21 af

117 416 164 21 reservationer
301 415 33 21 till
351 416 70 27 sagda
437 416 151 25 betänkande,
603 416 118 20 äfvensom
732 418 32 18 att
782 422 84 14 samma

116 451 106 22 Utskotts
238 451 123 28 vidlyftiga
377 451 42 22 och
435 451 108 29 utförliga
559 451 144 21 betänkande
719 451 8 20 i
742 450 124 29 anledning

117 487 23 21 af
162 487 38 21 det
222 490 60 18 stora
303 487 61 21 antal
385 487 120 28 petitioner
525 487 8 21 i
551 487 196 28 järnvägsfrågor,
769 493 47 14 som
832 485 34 22 till

118 523 123 22 detsamma
261 523 162 26 remitterades,
441 523 85 28 jämväl
546 523 84 21 förblef
651 523 154 22 obehandladt
824 522 42 21 och

117 559 6 21 i
144 559 70 28 öfrigt
237 567 40 13 var
297 559 160 28 ofullständigt
478 559 121 25 såtillvida,
616 562 31 18 att
668 559 69 21 äfven
761 559 34 20 till
819 558 47 21 det-

118 602 84 14 samma
218 595 103 21 anmälda
337 595 165 22 reservationer
518 595 23 21 af
552 595 88 28 antydd
651 595 66 21 orsak
728 595 50 21 icke
790 594 77 21 kunde

118 631 105 28 afgifvas,
244 631 99 28 framgår
367 631 90 22 tillfullo
483 634 32 18 att
536 631 38 21 det
595 631 107 25 material,
728 633 27 26 på
779 630 87 21 hvilket

117 667 171 28 propositionen
309 667 34 21 till
363 675 32 13 nu
415 667 99 22 samlade
535 667 99 21 Ständer
655 667 140 28 uppbyggts,
816 666 51 21 icke

118 703 44 20 kan
182 710 67 14 anses
268 703 63 28 gifva
352 705 31 19 ett
403 703 98 21 adekvat
517 703 92 28 uttryck
626 703 35 21 för
678 710 28 14 en
722 702 95 22 faktiskt
833 704 34 19 ut-

118 739 55 20 redd
191 739 54 20 eller
260 739 23 20 af
298 739 141 28 landtdagen
453 741 24 19 år
490 742 115 19 1904—05
618 739 109 21 omfattad
738 738 129 28 åskådning

118 774 117 28 angående
252 774 38 21 det
303 774 224 29 järnvägsprogram,
545 782 48 14 som
609 774 73 21 under
699 774 44 21 den
754 776 113 19 närmaste

117 810 122 21 framtiden
258 810 71 21 borde
350 810 73 28 följas.
454 810 27 28 Ej
502 810 71 21 häller
593 810 89 22 anföras
698 810 8 21 i
723 810 43 21 den
783 810 84 27 nådiga

119 846 170 28 propositionen
309 848 71 26 några
401 846 112 22 särskilda
529 846 54 26 skäl,
601 854 48 13 som
666 846 72 22 skulle
754 846 114 28 berättiga

119 881 28 22 de
163 884 39 19 två
217 885 117 25 upptagna
349 881 102 22 banorna
467 882 34 21 till
518 884 32 19 ett
565 881 101 29 afgjordt
676 881 115 22 företräde
801 881 66 21 fram-

118 918 35 21 för
177 917 71 21 andra
271 925 54 18 som,
345 917 84 28 jämväl
454 918 35 26 de,
509 918 23 21 af
555 918 98 28 tidigare
670 917 199 29 järnvägsutskott

118 956 74 18 varmt
210 953 113 22 förordats
343 953 42 22 och
401 953 35 21 till
452 954 43 21 och
512 954 51 21 med
580 954 23 21 af
619 954 127 22 Ständerna
762 953 39 21 vid
816 953 51 21 tidi-

119 997 53 20 gare
188 989 135 28 landtdagar
339 989 83 22 vunnit
439 989 39 22 det
494 990 133 26 understöd,
645 993 32 18 att
688 989 22 22 af
726 990 51 21 dem
791 997 28 13 en
830 989 37 21 be-

119 1025 75 21 slutits
217 1025 34 21 till
275 1025 121 21 utförande
420 1025 43 21 och
488 1025 119 28 angående
626 1033 29 14 en
670 1033 76 13 annan
761 1024 107 22 anhållits

119 1068 35 14 om
169 1061 70 28 nådig
261 1061 148 28 proposition.
443 1061 46 21 Vid
512 1061 80 22 sådant
607 1061 142 21 förhållande
766 1061 40 21 har
827 1060 42 22 Ut-

119 1097 91 26 skottet,
227 1097 50 21 med
300 1097 129 21 betonande
446 1097 23 21 af
485 1097 28 22 de
530 1097 69 22 ofvan
615 1097 125 21 relaterade
756 1097 112 21 allmänna

119 1133 102 21 motiven
250 1133 37 21 för
313 1133 44 21 den
387 1133 34 21 till
449 1141 32 13 nu
507 1133 118 28 pågående
652 1133 81 21 urtima
759 1133 110 28 landtdag

119 1169 87 28 afgifna
229 1169 84 28 nådiga
335 1169 172 28 propositionen
523 1169 8 21 i
547 1169 198 28 järnvägsfrågan,
762 1169 60 21 velat
845 1175 24 14 se

119 1204 87 21 dennas
221 1205 132 28 kärnpunkt
369 1205 62 28 ligga
444 1205 49 28 just
508 1205 7 21 i
532 1205 126 28 principen,
674 1208 32 18 att
723 1205 50 21 med
791 1204 78 22 vidare

117 1240 246 29 järnvägsbyggnader
385 1241 50 21 icke
459 1243 70 19 måtte
549 1240 133 29 ytterligare
709 1243 63 19 anstå
794 1243 24 18 så
837 1242 32 19 att

119 1275 168 22 kontinuiteten
311 1276 138 29 äfventyras,
475 1284 51 13 men
550 1277 49 20 icke
615 1276 7 21 i
640 1276 229 29 detaljprogrammet,

120 1312 117 28 angående
262 1312 88 21 hvilket
372 1314 21 19 åt
418 1312 128 21 Ständerna
570 1312 41 21 bör
635 1312 123 28 inrymmas
780 1311 89 22 tillfälle

119 1350 33 18 att
168 1347 35 28 sig
219 1348 77 20 utlåta.

190 1383 35 21 Då
244 1384 79 20 vidare
338 1383 8 21 i
363 1384 45 20 den
423 1384 86 28 nådiga
525 1383 171 29 propositionen
712 1383 107 21 hänvisas
835 1383 34 21 till

120 1419 44 20 den
184 1419 35 20 till
239 1422 88 18 senaste
348 1419 111 28 landtdag
475 1419 85 21 aflåtna
575 1419 84 28 nådiga
675 1419 171 28 propositionen
862 1418 8 21 i

120 1457 82 23 ämnet,
222 1455 101 25 hvilken,
347 1455 75 21 därest
442 1455 211 28 landtdagsarbetet
672 1455 28 21 då
716 1455 87 21 kunnat
819 1461 50 14 nor-

190 1507 187 24 Järnvägsutskottets
392 1508 109 18 betänkande
515 1508 34 17 N:o
562 1509 14 16 1.
