1100 1748
215 134 28 20 28
454 136 22 22 U.
492 136 22 21 B.
533 148 27 2 —
577 136 61 27 Prop.
655 136 35 22 N:o
706 136 22 22 11.

215 202 78 24 annat,
317 200 133 22 förutsätter
471 202 234 26 enmansvalkretsar,
733 208 52 14 men
810 202 26 20 är
858 201 51 21 icke
926 208 38 13 an-

215 236 105 20 vändbar
335 236 7 21 i
359 237 63 27 fråga
444 244 38 14 om
499 237 181 27 proportionella
697 238 44 20 val.
773 237 52 21 Och
841 237 68 21 äfven
926 236 40 21 der

215 274 31 18 ett
261 273 150 26 utjämnande
428 272 24 21 af
461 272 83 22 anförd
556 272 160 22 beskaffenhet
728 273 106 21 kommer
845 273 33 20 till
891 272 74 26 stånd,

216 308 75 20 skulle
303 308 82 21 sådant
399 308 60 22 dock
471 308 51 22 icke
534 309 40 21 ske
587 311 55 19 utan
654 311 33 19 att
698 309 55 21 flere
763 314 101 22 grupper
872 308 24 21 af
903 308 61 21 med-

215 344 96 26 borgare
320 345 78 23 varda,
406 350 83 22 genom
500 345 28 20 de
538 351 48 15 mer
596 345 54 21 eller
660 345 91 21 mindre
759 344 142 28 godtyckligt
910 350 56 22 upp-

215 380 86 27 dragna
309 380 142 28 geografiska
460 382 133 25 gränserna,
602 381 28 27 på
638 383 31 19 ett
675 380 125 27 onaturligt
806 382 44 19 sätt
856 380 110 21 afskurna

215 415 51 21 från
284 416 138 21 samverkan
440 416 52 21 med
509 417 132 20 hvarandra
658 417 44 21 och
719 417 116 21 uteslutna
847 416 50 21 från
909 416 57 26 möj-

216 452 98 26 ligheten
331 454 33 19 att
380 458 84 22 genom
480 454 61 25 dem,
558 453 36 21 för
610 453 78 21 hvilka
708 453 28 21 de
748 453 68 21 hafva
828 452 138 26 förtroende,

215 488 90 27 deltaga
322 488 7 21 i
346 488 28 21 de
391 489 125 27 afgörande
533 489 121 27 rådslagen
672 489 119 27 angående
807 489 57 20 allas
876 494 90 21 gemen-

215 530 90 15 samma
322 525 196 26 angelägenheter.

288 560 43 21 Det
354 561 47 20 kan
424 560 141 28 följaktligen
582 561 51 21 icke
650 562 73 20 nekas
740 563 31 19 att
788 561 27 21 de
832 561 7 20 i
856 560 38 21 det
910 560 56 21 före-

215 596 88 26 gående
314 596 99 21 berörda
424 597 176 21 förhållandena
613 597 111 21 innebära
737 599 30 19 ett
778 597 72 26 afsteg
861 596 50 21 från
923 596 43 20 den

215 632 133 27 uppställda
357 633 161 26 grundsatsen,
526 635 32 18 att
570 633 44 20 alla
624 633 34 20 till
667 633 127 26 fullmogen
806 632 63 21 ålder
880 632 86 21 komna

217 667 153 28 medborgare
386 668 56 21 böra
460 668 21 21 få
498 675 55 14 vara
569 669 60 24 med,
647 669 44 20 och
708 668 119 27 föreligger
843 669 43 20 här
902 667 65 21 alltså

213 703 89 26 jämväl
326 710 28 15 en
379 704 120 27 obillighet
521 707 49 18 mot
586 705 60 26 dem,
664 711 49 14 som
731 705 97 20 sålunda
846 704 120 21 uteslutits.

217 739 8 20 I
250 739 84 21 sakens
356 742 70 19 natur
442 740 69 27 ligger
527 747 51 20 nog,
596 743 32 18 att
644 741 38 20 det
699 741 72 20 måste
788 747 54 14 vara
860 740 108 20 flertalets

216 775 54 25 röst,
288 781 50 15 som
355 775 45 21 blir
417 777 44 20 den
478 776 107 27 slutligen
602 776 132 27 afgörande.
759 777 52 20 Men
824 783 38 14 om
874 776 94 27 afsteget

216 810 51 21 från
291 812 161 26 grundsatsen,
476 814 33 19 att
533 813 43 20 alla
600 814 56 19 böra
673 812 23 21 få
712 819 55 14 vara
785 813 52 20 med
854 818 38 15 om
916 811 51 21 räd-

216 847 78 26 slagen
319 848 44 20 och
386 855 38 14 om
449 848 119 21 bildandet
592 849 24 20 af
634 849 46 20 den
701 848 122 28 majoritet,
840 854 50 15 som
909 847 59 21 skall

216 889 56 15 vara
295 884 45 20 den
364 884 132 27 afgörande,
520 886 66 26 göres
610 887 56 19 utan
687 884 125 28 tvingande
834 884 58 26 skäl,
908 884 22 20 d.
947 885 19 19 ä.

216 920 57 20 utan
297 922 32 18 att
352 920 39 21 det
412 920 61 21 visar
489 920 33 28 sig
538 920 105 28 omöjligt
662 922 32 19 att
710 921 7 20 i
734 920 124 28 praktiken
874 926 92 21 genom-

216 954 51 21 föra
283 955 28 21 de
327 956 155 26 grundsatser,
491 956 80 21 hvilka
588 963 53 14 man
656 957 112 27 uppställt
784 956 76 21 såsom
879 956 87 26 riktiga,

216 990 56 21 eller
287 997 38 15 om
343 991 38 21 det
398 992 52 20 sker
466 992 97 21 emedan
582 999 54 14 man
648 999 69 14 anser
728 993 38 20 det
777 998 55 14 vara
844 992 25 20 af
878 992 90 20 mindre

216 1026 117 27 betydelse
349 1027 117 21 huruvida
483 1028 90 20 mindre
596 1028 208 27 meningsgrupper
815 1028 22 20 få
848 1034 53 14 vara
915 1027 52 20 med

216 1062 56 20 eller
295 1069 37 14 om
357 1063 29 21 de
403 1064 119 24 uteslutas,
539 1064 25 20 så
581 1064 69 26 ligger
666 1064 51 20 häri
734 1070 28 14 en
779 1063 188 27 hänsynslöshet,

215 1098 121 21 besläktad
361 1100 53 20 med
434 1099 45 21 den
503 1100 153 26 uppfattning,
681 1100 62 20 inför
767 1099 94 21 hvilken
886 1099 38 20 det
943 1100 25 19 är

216 1133 46 21 den
283 1136 58 25 yttre
362 1135 101 25 makten,
484 1142 49 14 som
551 1136 42 20 har
610 1137 49 23 rätt,
677 1142 53 14 vare
747 1135 34 27 sig
797 1135 29 20 då
844 1136 32 19 att
892 1135 76 20 denna

216 1169 138 22 innehafves
376 1171 25 20 af
420 1178 28 14 en
470 1171 54 21 eller
540 1172 25 20 af
583 1171 103 21 flertalet.

287 1202 73 24 Äfven
385 1206 35 21 för
445 1207 133 21 samhällets
602 1213 56 21 egen
683 1207 69 25 skull,
776 1206 28 28 på
821 1206 38 21 det
876 1208 31 19 att
923 1206 44 20 alla

215 1241 65 21 sidor
296 1242 25 20 af
334 1242 192 21 förekommande
543 1243 75 27 frågor
634 1243 38 20 må
689 1243 71 21 varda
777 1242 114 21 beaktade
908 1244 60 18 samt

216 1276 116 22 bedömda
357 1278 53 20 med
435 1278 44 21 den
499 1278 75 27 insigt,
592 1285 50 14 som
659 1278 47 21 står
722 1278 111 21 nationen
850 1278 34 20 till
901 1278 67 25 buds,

215 1313 27 19 är
266 1313 37 21 det
327 1314 25 20 af
374 1314 53 26 vigt,
452 1316 32 19 att
506 1315 28 20 de
551 1314 62 21 olika
630 1320 131 22 grupperna
779 1314 24 20 af
818 1314 150 26 medborgare

216 1349 72 20 varda
304 1349 64 21 inom
387 1349 260 28 folkrepresentationen
665 1350 138 20 företrädda.

288 1385 100 20 Beaktas
412 1385 43 21 bör
477 1385 68 21 äfven
570 1388 32 18 att
625 1386 28 20 de
677 1385 92 21 mindre
794 1385 174 26 meningsgrup-

216 1425 73 21 perna
313 1420 51 21 icke
381 1421 59 20 blott
456 1423 92 24 utgöras
564 1421 25 21 af
603 1421 95 25 sådana,
715 1427 51 15 som
783 1421 19 26 ej
819 1421 93 20 tillhöra
929 1419 39 21 nå-

217 1457 38 24 got
272 1456 25 20 af
311 1456 28 21 de
356 1459 60 18 stora
435 1457 114 27 partierna
566 1457 7 20 i
590 1457 84 25 landet,
692 1459 55 18 utan
762 1457 88 26 jämväl
866 1456 26 20 af
906 1455 62 21 med-
