1089 1745
273 146 27 21 22
587 147 41 22 N:o
641 147 25 21 11

588 211 27 20 50
630 211 20 26 8.

312 254 47 22 Vid
369 255 157 28 landtdagens
537 255 180 28 förhandlingar
728 254 118 22 användes
857 254 77 22 finska
944 254 56 21 eller

243 289 100 22 svenska
358 289 101 29 språket.

588 337 24 20 51
630 337 19 26 8.

313 382 113 22 Senatens
437 382 148 28 ordförande,
593 381 194 23 viceordförande
797 381 44 23 och
852 381 77 29 öfriga
937 381 62 23 med-

242 416 98 22 lemmar
353 424 44 21 ega
411 419 48 19 rätt
472 419 35 19 att
518 417 124 21 öfvervara
652 416 156 29 landtdagens
819 416 180 29 förhandlingar

243 451 44 21 och
309 451 94 28 deltaga
425 452 9 21 i
457 451 245 29 öfverläggningarna,
725 458 54 15 men
793 451 53 21 icke
861 451 9 21 i
885 451 112 27 besluten,

243 485 42 22 där
301 485 28 22 de
345 486 21 28 ej
382 489 39 18 äro
437 485 150 22 medlemmar
602 486 26 21 af
641 485 151 29 landtdagen.
809 485 48 22 Vill
866 485 98 22 medlem
974 485 26 22 af

243 522 96 19 senaten
354 522 64 27 yttra
433 520 43 29 sig,
491 521 78 28 gifves
583 520 87 22 honom
685 521 68 21 ordet
767 520 101 22 framom
882 520 79 21 andra.

311 555 46 21 Det
373 555 135 22 ankommer
523 555 30 28 på
568 557 63 20 stora
645 555 116 22 utskottet
777 557 34 19 att
819 555 99 27 besluta,
929 554 69 22 huru-

241 589 56 21 vida
308 591 107 20 senatens
426 589 150 22 medlemmar
591 590 38 21 må
643 589 9 22 i
667 589 127 22 utskottets
810 589 187 22 sammanträden

242 623 45 22 och
302 623 208 30 öfverläggningar
525 624 100 29 deltaga.

591 693 26 22 52
633 694 19 27 8.

314 738 29 29 Ej
369 739 38 21 må
432 747 77 13 annan
537 742 31 19 än
593 739 52 28 den,
671 746 48 15 som
745 739 83 21 tillhör
852 738 146 29 evangelisk-

241 772 121 22 lutherska
385 773 213 28 trosbekännelsen,
615 773 94 30 deltaga
724 773 9 22 i
748 773 208 28 handläggningen
972 773 27 21 af

241 807 89 29 förslag
345 807 99 22 rörande
461 807 115 29 kyrkolag
591 808 37 21 för
643 807 122 22 lutherska
780 806 217 29 församlingarna
982 802 18 38 i

240 840 82 23 landet
337 841 56 22 eller
409 842 66 21 deras
491 842 109 29 kyrkliga
615 842 164 22 förhållanden
795 842 8 21 i
819 841 79 29 öfrigt.

589 912 26 21 53
631 913 20 25 8.

309 956 12 21 I
343 956 52 28 mål,
413 964 48 14 som
477 960 37 18 rör
529 957 180 28 landtdagsman
725 956 156 29 personligen,
897 957 37 21 må
949 956 47 22 han

239 990 40 21 väl
289 990 9 21 i
307 990 218 29 öfverläggningen,
536 999 53 14 men
601 991 20 28 ej
633 991 7 21 i
651 991 114 22 beslutets
777 991 107 21 fattande
895 991 100 28 deltaga.

587 1067 27 20 54
630 1067 19 26 8.

308 1111 115 28 Kejsaren
442 1112 43 21 och
504 1112 157 21 Storfurstens
677 1111 177 30 propositioner,
866 1111 25 22 så
902 1111 43 22 ock
955 1111 41 22 vid

238 1145 147 28 landtdagen
400 1146 85 21 väckta
499 1146 120 28 motioner,
628 1147 38 20 må
680 1146 53 22 icke
749 1145 36 22 till
801 1145 82 29 slutlig
893 1145 103 22 behand-

239 1179 51 28 ling
312 1180 126 28 företagas,
455 1180 72 21 innan
551 1180 146 22 betänkande
713 1180 68 22 öfver
796 1180 53 21 dem
865 1181 26 20 af
904 1180 92 21 utskott

239 1213 117 29 afgifvits.

307 1249 180 22 Förberedande
497 1249 146 28 granskning
653 1249 8 22 i
672 1250 92 21 utskott
773 1249 141 28 underligga
924 1249 71 21 äfven

239 1283 108 27 ärenden,
371 1291 49 14 som
441 1283 94 28 jämlikt
551 1286 24 19 31
593 1285 12 26 &
624 1284 158 21 öfverlämnas
797 1283 38 22 till
850 1283 145 28 landtdagen

238 1317 84 21 endast
336 1317 9 21 i
361 1318 108 21 afseende
485 1318 14 20 å
513 1318 127 22 utlåtande.

585 1377 26 20 55
627 1375 18 28 $.

306 1420 90 22 Varder
411 1421 21 28 ej
448 1421 143 28 proposition
605 1421 57 21 eller
681 1421 96 25 motion,
792 1424 44 18 när
854 1420 46 21 den
919 1420 76 22 första

237 1455 95 30 gången
348 1455 37 22 till
401 1455 178 30 handläggning
597 1455 164 28 förekommer,
777 1457 85 32 genast
877 1455 117 32 enhälligt
