1103 1750
234 146 12 19 2
470 145 20 23 U.
508 146 22 21 B.
547 158 29 2 —
594 146 60 27 Prop.
671 146 36 22 N:o
723 146 22 21 11.

234 210 45 22 den
304 211 75 21 blifvit
403 212 60 26 vald,
488 212 182 20 sammankallar
694 211 94 27 lagtima
816 210 108 28 landtdag
948 211 34 21 tili

234 247 82 21 hösten
338 248 56 20 efter
410 248 73 20 valen.

306 283 49 21 Den
380 283 71 21 första
476 284 25 20 af
522 284 66 20 dessa
606 283 184 27 anmärkningar
806 282 60 21 afser
881 282 101 27 följande

235 319 144 21 förhällande
388 328 4 12 :

307 355 76 27 Enligt
407 356 12 20 3
443 356 13 25 &
476 355 7 20 i
503 355 108 27 förslaget
627 355 33 20 till
677 354 223 28 landtdagsordning
917 354 64 21 skola

234 391 249 27 landtdagsmannaval
508 391 107 21 förrättas
635 391 66 20 hvart
718 391 71 26 tredje
806 390 25 21 är
848 391 43 20 och
908 390 73 21 landt-

234 427 171 26 dagsmännens
423 427 105 27 uppdrag
544 427 94 21 fortfara
655 427 59 20 intill
732 427 52 21 dess
802 428 65 19 nästa
879 427 36 20 val
928 427 54 20 slut-

233 463 64 20 förts.
325 463 76 27 Enligt
416 464 13 20 4
445 462 15 29 &
476 463 25 21 af
514 463 108 27 förslaget
635 463 34 20 till
686 463 75 26 vallag
778 462 60 20 skall
854 462 47 21 äter
917 463 64 20 kom-

234 499 199 21 munalnämnden
461 499 7 20 i
495 499 79 26 hvarje
600 499 184 20 landskommun
814 498 19 20 »i
857 498 81 27 början
961 498 24 21 af

231 535 93 26 januari
341 535 86 21 mänad
444 536 39 20 det
499 535 32 25 är,
544 535 29 20 dä
582 534 93 28 lagtima
688 534 112 26 landtdag
810 534 71 27 tredje
893 534 87 27 gängen

234 570 56 21 efter
301 573 90 19 senaste
403 571 248 27 landtdagsmannaval
669 570 207 26 sammanträder»,
887 570 94 21 tillsätta

233 614 29 13 en
279 607 133 26 valnämnd,
429 607 89 21 hvilket
536 607 125 26 stadgande
681 607 75 20 hvilar
768 606 30 27 pä
810 607 44 20 den
867 607 115 20 förutsätt-

233 643 84 26 ningen
330 645 32 18 att
371 643 248 27 landtdagsmannaval
638 643 64 20 skola
720 643 108 20 förrättas
844 649 89 14 samma
950 642 31 24 är,

233 685 51 14 som
309 679 94 27 lagtima
427 679 110 26 landtdag
554 679 184 20 sammanträder
755 679 35 20 för
807 678 70 26 tredje
893 678 87 27 gången

233 715 56 20 efter
310 715 38 20 det
369 715 44 20 den
429 715 75 20 blifvit.
521 715 59 20 vald.
614 715 133 20 Detsamma
764 713 99 22 innebär
879 714 44 20 ock
941 715 10 19 7
969 714 12 25 &

233 751 6 20 i
264 751 107 27 förslaget
390 751 33 20 till
440 751 80 26 vallag.
554 751 50 20 Och
621 751 7 20 i
645 751 26 20 37
689 751 12 26 &
720 750 92 27 stadgas
829 750 151 27 uttryckligen

233 789 32 18 att
282 787 175 27 valförrättning
473 787 103 26 vidtager
592 787 44 20 den
655 788 8 19 1
680 787 44 26 juli
741 787 39 20 det
796 785 32 27 år,
848 785 28 21 då
888 786 92 26 lagtima

232 823 111 26 landtdag
359 823 71 27 tredje
446 823 88 26 gången
552 823 55 20 efter
624 825 89 18 senaste
733 821 248 27 landtdagsmannaval

233 859 175 20 sammanträdt.
423 853 10 37 '
440 859 49 20 Alla
507 859 66 20 dessa
590 859 174 26 bestämningar
780 857 70 21 bafva
866 857 48 20 åter
937 857 44 21 för-

233 897 71 18 utsatt
328 895 135 26 stadgandet
488 895 6 20 i
521 895 24 20 17
564 895 12 25 &
594 895 24 20 af
632 894 110 21 Senatens
760 893 86 26 förslag
861 893 33 20 till
912 893 24 20 L.
954 893 26 20 O.

232 933 33 18 att
290 931 93 26 lagtima
408 931 109 26 landtdag
542 930 58 21 skall
625 929 175 22 sammanträda
823 929 74 20 under
921 929 60 20 förra

233 967 87 20 hälften
337 967 25 20 af
376 967 79 26 hvarje
472 967 30 24 är,
519 966 115 27 nämligen
652 966 44 21 den
715 967 9 19 1
743 965 109 21 februari.

306 1003 34 20 Dä
364 1009 31 13 nu
414 1002 126 21 emellertid
557 1002 7 20 i
580 1002 56 26 följd
653 1002 25 20 af
691 1002 45 20 den
754 1001 99 26 ändring
870 1000 111 27 sistsagda

233 1039 13 25 3
264 1038 25 20 af
303 1038 110 21 Senatens
431 1038 83 27 förslag
530 1038 34 20 till
576 1038 24 21 L.
614 1038 26 21 O.
653 1037 129 27 undergätt,
795 1037 128 20 Monarken
935 1037 45 20 kan

233 1074 136 26 bestämma,
382 1076 33 18 att
426 1075 93 26 lagtima
531 1074 110 26 landtdag
658 1074 59 20 skall
733 1072 176 21 sammanträda
925 1072 56 21 först

234 1110 28 26 på
279 1110 89 25 hösten,
386 1110 24 20 så
427 1110 46 20 kan
491 1110 72 20 sådan
580 1109 136 27 motsägelse
733 1109 87 20 mellan
842 1108 138 20 hithörande

232 1145 174 27 bestämningar
425 1146 91 27 uppstå,
534 1147 38 25 att,
584 1145 83 21 medan
680 1145 71 27 enligt
762 1144 217 26 landtdagsordnin-

232 1188 44 20 gen
303 1182 100 26 följande
431 1182 35 20 val
484 1182 71 20 borde
572 1187 39 21 ega
629 1188 50 14 rum
693 1181 74 20 under
784 1180 38 20 det
838 1180 70 26 tredje
935 1180 46 20 året

232 1218 51 20 från
297 1218 135 26 föregående
443 1218 44 25 val,
500 1218 27 20 de
539 1224 45 20 nya
596 1218 65 20 valen
679 1217 70 26 enligt
766 1216 27 20 37
812 1216 13 26 $
842 1216 25 20 af
875 1216 107 26 förslaget

232 1253 34 21 till
292 1254 74 26 vallag
390 1254 71 20 borde
485 1259 40 21 ega
548 1260 51 14 rum
617 1255 30 18 ett
663 1253 25 21 år
703 1253 105 26 tidigare,
826 1254 23 24 ty
866 1251 7 20 i
889 1252 37 20 det
943 1258 38 14 an-

231 1291 68 25 tagna
323 1289 63 21 fallet
402 1290 74 20 skulle
493 1290 37 20 det
546 1289 91 20 inträffa
653 1289 71 20 redan
742 1290 32 18 ett
790 1288 26 20 är
832 1287 101 27 tidigare,
950 1290 32 18 att

232 1325 138 27 landtdagen
397 1325 184 20 sammanträder
607 1324 82 27 »tredje
714 1324 89 26 gängen
821 1323 56 21 efter
893 1325 89 19 senaste

232 1360 271 27 landtdagsmannaval».

305 1396 44 20 Till
361 1396 191 27 undanrödjande
564 1396 25 20 af
598 1396 75 20 denna
685 1395 149 26 obestridliga
846 1395 137 26 motsägelse

231 1432 36 20 får
284 1432 113 21 Utskottet
414 1433 117 20 vördsamt
547 1432 131 20 hemställa:
