1100 1748
261 134 28 20 68
467 132 24 22 U.
508 132 22 22 B.
547 145 29 3 —
593 132 63 28 Prop.
674 132 36 23 N:o
728 132 21 22 il.

231 196 109 29 åtgärder
368 196 131 30 uppenbart
524 197 120 29 brottsligt
668 196 135 24 förfarande
829 196 152 23 förekommit

230 232 57 23 eller
302 234 35 21 att
353 232 175 30 otvifvelaktigt
544 233 101 29 misstag
660 232 40 23 vid
715 232 176 23 fastställandet
907 232 24 23 af
942 239 39 16 va-

229 268 45 22 lets
290 269 93 29 utgång
398 270 39 27 egt
453 275 59 16 rum.
544 268 9 23 I
569 268 85 23 sådant
669 268 42 23 fall
722 275 43 23 ege
775 268 153 29 landtdagen,
939 268 42 22 där

230 303 40 23 det
289 304 76 22 tillika
386 306 26 20 är
427 304 92 30 tydligt,
537 306 35 21 att
588 304 181 29 brottsligheten
785 304 56 23 eller
857 304 124 28 misstaget

229 339 94 23 kunnat
343 340 82 23 utöfva
440 340 115 23 inverkan
572 340 30 30 på
617 340 122 29 utgången
756 340 25 22 af
796 340 69 27 valet,
882 340 44 22 och
942 342 39 20 än-

230 375 70 30 dring
316 376 21 29 ej
354 376 80 22 vidare
450 376 49 23 kan
513 377 8 21 i
530 376 146 29 besvärsväg
686 376 93 27 vinnas,
790 375 97 29 vidtaga
898 374 83 30 åtgärd

229 411 36 23 till
281 412 75 22 sådan
372 412 101 27 rättelse,
491 419 50 15 som
557 412 54 22 med
627 412 212 29 bestämningarna
854 412 8 22 i
872 411 110 29 vallagen

231 449 26 21 är
273 447 107 29 förenlig.

302 489 57 27 Den,
382 490 71 22 hvars
475 490 264 29 landtdagsmannarätt
761 492 26 20 är
808 490 48 22 satt
877 490 8 22 i
906 488 74 30 fråga,

230 524 128 24 bibehåller
374 526 129 22 emellertid
520 526 41 22 sitt
577 526 108 29 uppdrag
698 526 79 23 såsom
790 525 192 29 landtdagsman,

229 561 62 23 intill
307 561 55 23 dess
379 561 46 23 han
441 562 126 22 förklarats
583 562 117 29 obehörig.

573 649 28 19 23
617 646 21 28 8.

302 691 21 30 Å
333 698 45 23 den
390 699 75 23 andra
475 698 77 30 dagen
564 699 189 23 sammanträder
763 698 145 30 landtdagen
919 698 63 23 kloc-

229 734 50 22 kan
294 735 32 22 tio
342 734 50 23 före
410 734 125 30 middagen
546 735 35 22 till
591 735 103 29 plenum,
706 742 51 16 som
769 735 78 29 börjas
859 734 54 23 med
924 741 56 23 upp-

229 776 42 23 rop
295 770 59 22 efter
376 770 44 23 den
441 771 8 22 i
470 774 26 20 21
514 771 14 29 &
544 770 105 24 nämnda
664 770 158 30 förteckning.
854 770 47 23 Vid
917 770 65 23 detta

229 805 97 29 plenum
348 806 74 29 väljer
443 806 146 30 landtdagen
612 807 64 22 inom
702 807 38 29 sig
760 807 92 23 talman
873 806 44 23 och
939 806 41 22 två

230 842 150 22 vicetalmän.

301 883 109 24 Därefter
425 884 90 29 afgifva
531 884 138 23 talmannen
685 884 43 23 och
744 884 192 23 vicetalmännen
946 884 35 22 in-

229 919 36 22 för
281 919 45 23 den
343 920 142 23 församlade
496 920 152 29 landtdagen,
664 920 58 23 hvar
734 920 60 23 efter
805 927 85 20 annan,
902 919 78 24 denna

228 955 133 30 högtidliga
377 955 134 24 försäkran:

303 997 60 29 vJag
382 997 71 23 N.N.
470 997 125 28 försäkrar,
613 999 34 22 att
659 999 44 28 jag
719 997 40 23 vill
775 998 8 22 i
799 997 141 30 utöfningen
957 997 24 22 af

227 1032 273 30 talmansbefattningen
517 1033 59 23 efter
591 1033 30 23 all
638 1035 49 21 min
703 1033 108 30 förmåga
821 1033 159 30 upprätthålla

229 1068 66 23 såväl
317 1068 114 30 Kejsaren
454 1069 43 22 och
519 1069 158 23 Storfurstens
696 1076 51 16 som
763 1069 158 28 landtdagens
937 1069 42 22 och

230 1103 41 23 det
287 1104 81 23 finska
383 1104 85 23 folkets
485 1106 46 21 rätt
552 1106 7 21 i
581 1105 104 29 enlighet
704 1105 55 22 med
781 1104 198 30 grundlagarna.*

300 1146 62 22 Intill
384 1146 54 23 dess
455 1147 26 22 sä
497 1147 70 27 skett,
583 1147 60 22 föres
660 1147 65 22 ordet
741 1146 25 23 af
781 1146 46 23 den
843 1146 137 29 landtdags-

228 1181 111 28 medlem,
355 1188 51 16 som
423 1185 26 20 är
459 1182 36 23 till
506 1183 56 22 ären
573 1182 66 23 äldst.
664 1182 143 23 Protokollet
818 1182 62 23 föres
891 1182 24 22 af
927 1181 54 28 den,

227 1223 54 16 som
298 1217 76 23 denne
390 1217 78 23 därtill
484 1219 80 22 utsett.

301 1259 150 23 Sekreterare
481 1259 43 23 och
545 1259 185 30 kanslipersonal
753 1261 101 27 antagas
876 1259 31 29 pä
933 1260 47 21 sätt

227 1293 147 30 landtdagen
393 1295 147 23 bestämmer.

574 1358 28 19 24
618 1355 21 29 8.

299 1394 21 30 Ä
341 1401 48 30 dag
409 1402 43 23 och
474 1403 89 26 timme,
579 1409 50 16 som
645 1402 114 30 Kejsaren
775 1402 44 23 och
835 1401 145 24 Storfursten

225 1436 55 23 lätit
295 1437 190 29 tillkännagifva,
500 1437 66 23 skola
577 1437 157 30 landtdagens
746 1437 161 27 medlemmar,
920 1437 60 22 efter
