1100 1745
334 137 21 23 U.
373 138 22 21 B.
413 150 26 3 —
458 138 60 28 Prop.
537 138 34 23 N:o
588 139 23 21 |.
846 140 13 20 3

109 203 116 26 dubblats,
242 205 60 19 samt
318 205 32 19 att
366 203 45 21 den
423 203 7 21 i
440 204 107 20 städerna
563 204 91 21 bosatta
671 205 66 20 delen
750 205 24 20 af
783 205 76 21 denna

109 239 176 21 samhällsklass
302 239 89 27 uppgår
407 239 34 21 till
458 239 88 22 inemot
562 240 28 20 33
599 245 22 17 %
633 240 25 21 af
667 241 120 20 städernas
799 247 59 14 sam-

109 275 123 27 manlagda
248 275 142 27 befolkning.
423 276 50 20 Den
490 276 109 27 politiska
616 277 113 25 väckelse,
747 283 51 14 som
818 283 41 14 un-

109 311 39 20 der
172 311 28 21 de
225 312 103 19 närmast
352 311 111 21 förflutna
487 311 54 21 åren
563 312 90 20 kunnat
664 312 114 27 iakttagas
795 313 63 21 inom

109 347 44 20 alla
178 347 175 27 samhällslager
377 349 55 18 utan
456 348 124 26 undantag,
597 348 43 20 har
656 348 129 27 ytterligare
802 350 57 25 steg-

109 385 35 18 rat
175 383 209 26 omotsvarigheten
415 383 85 21 mellan
527 384 38 20 det
591 383 86 21 sociala
703 384 33 26 lif,
766 391 51 14 som
834 384 25 21 sä

110 419 73 19 starkt
204 419 116 20 utvecklat
344 419 41 26 sig,
413 419 45 20 och
489 419 259 27 ständsförfattningens
779 420 80 26 trånga

110 453 91 22 former.
234 454 32 21 Ur
282 455 149 26 synpunkten
448 455 25 20 af
487 455 28 20 de
531 455 120 20 allmänna
674 455 184 21 samhällsända-

110 490 76 20 mälen
210 490 72 21 mäste
307 492 30 19 ett
361 490 85 21 snabbt
469 491 45 20 och
538 491 143 26 fullständigt
710 491 149 28 afhjälpande

110 526 24 20 af
155 527 103 20 nämnda
282 526 204 21 missförhällande
511 527 124 20 betecknas
659 533 51 15 som
735 533 28 15 en
787 527 25 21 af
831 527 28 21 de

110 564 58 18 mest
187 562 202 27 maktpäliggande
400 563 122 27 uppgifter,
539 563 140 26 lagstiftaren
704 563 44 21 hos
764 570 38 14 oss
820 563 38 21 nä-

109 597 82 27 gonsin
212 598 49 21 haft
284 598 33 27 sig
341 599 109 26 förelagd.
483 599 72 20 Dessa
571 599 117 26 ändamål,
712 599 109 21 behofvet
837 599 24 20 af

109 633 75 21 ökade
209 634 114 27 garantier
346 635 36 20 för
405 635 38 20 det
467 635 94 26 fredliga
587 635 177 20 kulturarbetets
778 635 81 27 jämna

110 669 58 27 gäng
185 672 61 18 samt
262 670 203 27 nödvändigheten
485 673 32 18 att
533 671 88 20 befästa
633 671 44 20 och
689 671 107 27 fördjupa
806 671 51 20 soli-

110 705 193 21 daritetskänslan
328 707 86 20 mellan
431 707 28 20 de
476 707 63 20 olika
556 707 185 25 folkelementen,
766 707 92 27 päkalla

109 741 70 27 enligt
204 742 126 21 Utskottets
353 743 70 20 tanke
452 745 31 18 ett
499 743 134 26 obetingadt
649 743 170 26 godkännande
836 743 25 20 af

109 777 223 28 grundprinciperna
358 778 34 21 för
417 779 38 20 det
478 779 7 20 i
507 779 43 20 den
576 779 82 26 nådiga
683 779 175 27 propositionen

110 813 136 21 utvecklade
263 814 205 27 reformförslaget:
490 815 43 20 den
551 815 119 20 allmänna
687 815 44 20 och
748 815 46 20 lika
811 814 47 21 val-

110 849 73 20 rätten
200 852 60 18 samt
277 850 254 26 enkammarsystemet.

182 933 52 21 Med
258 934 45 20 den
322 934 119 20 allmänna
462 934 44 21 och
530 934 47 20 lika
594 935 134 19 rösträttens
746 936 60 18 samt
821 940 38 14 en-

110 969 229 27 kammarsystemets
363 969 122 21 införande
507 971 25 19 är
548 970 79 26 frågan
644 976 37 14 om
699 970 161 27 tillämpandet

110 1004 24 21 af
148 1007 32 18 ett
196 1005 177 27 proportionellt
389 1006 84 20 valsätt
489 1006 29 26 på
535 1006 37 20 det
591 1005 116 21 intimaste
722 1006 137 21 förbunden.

182 1041 50 21 Den
256 1041 129 27 grundsats,
412 1042 29 26 på
463 1042 96 20 hvilken
575 1042 135 26 yrkandena
727 1042 30 26 på
773 1042 87 20 allmän

110 1076 43 21 och
179 1076 47 21 lika
250 1078 93 20 rösträtt
364 1077 69 27 hvila,
458 1077 99 21 innebär
577 1079 33 19 att
625 1078 23 20 åt
664 1078 44 20 alla
726 1078 134 20 samhällets

109 1112 35 20 till
168 1118 83 21 mogen
276 1113 63 21 ålder
361 1113 88 21 komna
474 1114 153 20 medlemmar
651 1114 42 20 bör
709 1114 152 20 tillerkännas

110 1155 28 13 en
162 1148 277 22 medbestämmanderätt
464 1149 7 20 i
497 1150 88 20 landets
610 1150 190 26 angelägenheter
816 1149 44 21 och

110 1184 149 27 följaktligen,
284 1186 42 19 när
350 1184 83 22 folkets
458 1186 45 20 rätt
526 1185 91 21 utöfvas
641 1191 82 21 genom
748 1192 28 14 en
803 1185 59 21 folk-

111 1220 189 27 representation,
313 1222 31 19 ett
361 1220 98 27 verkligt
475 1221 44 21 och
536 1221 47 20 lika
600 1221 127 27 inflytande
745 1221 29 27 pä
786 1227 76 21 repre-

110 1256 158 21 sentationens
293 1256 217 28 sammansättning.
549 1257 51 20 Och
617 1257 29 20 dä
663 1257 61 20 olika
742 1257 121 26 meningar

111 1292 77 20 finnas
209 1292 64 20 inom
290 1292 123 21 samhället
429 1295 61 17 samt
506 1293 67 20 dessa
589 1293 110 20 omfattas
715 1293 25 20 af
754 1294 30 19 ett
800 1292 63 21 olika

111 1327 63 20 antal]
198 1327 158 27 medborgare,
381 1329 25 19 är
423 1328 38 21 det
477 1335 28 14 en
522 1328 94 21 fordran
633 1328 25 20 af
672 1335 90 14 samma
778 1328 84 27 grund-

110 1365 54 24 sats,
186 1365 32 18 att
240 1363 23 20 ät
279 1363 27 20 de
331 1363 75 21 skilda
424 1364 238 27 meningsgrupperna
679 1369 83 21 genom
785 1364 75 26 valsy-

111 1400 83 19 stemet
217 1399 127 26 inrymmes
372 1399 83 21 sädant
475 1399 126 27 inflytande
618 1399 29 27 pä
671 1399 80 20 valens
779 1399 85 26 utgäng

112 1434 42 20 och
183 1435 223 26 representationens
430 1435 217 26 sammansätining,
669 1441 49 14 som
736 1437 129 18 motsvarar

112 1470 66 20 deras
203 1471 85 26 styrka,
314 1471 52 20 med
391 1471 73 20 andra
489 1471 49 25 ord,
562 1473 33 18 att
616 1471 27 20 de
660 1471 64 20 inom
742 1470 123 21 samhället
