1098 1745
340 152 28 22 U.
385 152 27 21 B.
429 165 29 2 —
475 152 71 27 Prop.
563 151 41 22 N:o
621 151 21 21 8.
808 153 26 19 81

116 217 52 22 med
192 217 7 21 i
223 217 163 28 beräkningen,
410 220 54 18 enär
487 219 165 26 programmets
669 216 121 21 utförande
806 215 59 22 blott

118 253 89 21 komme
227 256 32 18 att
275 253 53 21 bero
345 256 28 25 på
389 260 29 14 en
434 253 66 21 enkel
517 252 166 28 anslagsfråga,
700 252 95 21 hvilken
811 256 55 16 utan

116 296 28 14 en
166 289 147 28 vidlyftigare
337 289 154 21 förberedelse
515 289 79 20 hunné
618 288 90 28 afgöras
732 288 23 21 af
779 287 44 22 den
840 290 24 18 år

118 328 56 19 1907
198 325 211 21 sammanträdande
428 324 148 28 landtdagen.
608 323 49 22 Och
674 323 100 22 därefter
790 323 76 21 finner

116 360 117 21 Utskottet
257 363 32 18 att
305 360 27 21 de
347 360 130 28 föreslagna
487 359 232 29 penningebeloppen
729 359 56 22 böra
796 359 69 21 känn-

117 396 50 21 bart
189 396 61 26 ökas,
273 397 42 20 och
335 403 65 14 anser
417 399 31 18 att
465 396 35 21 för
517 399 55 18 åren
589 399 57 19 1906
663 396 42 21 och
724 399 55 19 1907
797 395 68 21 erfor-

118 432 51 20 dras
186 432 164 28 sammanlagdt
369 435 25 19 12
411 431 55 29 milj.
483 432 43 20 och
538 431 36 21 för
586 434 24 18 år
623 435 55 18 1908
691 431 106 28 omkring
808 433 57 19 5—6

117 467 103 29 miljoner
246 468 69 23 mark,
339 470 54 18 enär
420 467 45 21 den
483 467 52 21 nåd.
553 467 172 28 propositionen
741 467 42 21 N:o
801 470 10 18 7
829 474 37 13 an-

117 504 87 28 gående
232 503 294 21 kommunikationsfonden
549 503 73 28 enligt
643 503 128 21 Utskottets
798 503 68 21 tanke

118 539 82 21 sådant
215 539 78 22 tilläte:

188 575 46 21 Vid
261 575 108 28 pröfning
395 575 22 21 af
443 575 79 21 hvilka
549 575 63 21 delar
634 574 22 22 af
679 575 78 21 landet
772 574 93 22 sedan
852 570 17 37 i

116 611 7 21 i
148 611 93 21 främsta
265 614 95 18 rummet
383 610 71 22 borde
475 611 24 21 få
515 610 49 22 sina
580 610 52 22 kraf
647 613 29 26 på
689 610 124 29 järnvägar
829 610 36 22 be-

117 647 88 25 aktade,
228 647 40 21 har
288 647 115 21 Utskottet
419 647 112 28 enhälligt
547 649 75 19 ansett
637 650 32 18 att
682 646 184 29 järnvägsbygg-

116 682 101 22 naderna
246 683 70 21 borde
337 682 99 22 fördelas
457 682 74 28 jämnt
555 682 65 22 öfver
643 682 50 22 hela
721 682 84 26 landet,
823 682 42 22 och

118 718 75 22 denna
212 718 131 29 fördelning
361 719 40 20 har
417 718 118 22 Utskottet
551 718 119 22 verkställt
686 721 24 19 så
727 726 48 14 som
791 718 22 22 af
830 718 37 21 be-

117 754 126 22 tänkandet
258 754 105 28 framgår.

188 790 53 21 Man
264 790 44 21 kan
330 790 71 28 enligt
423 790 47 21 min
490 790 68 21 tanke
576 790 58 21 dock
651 790 51 21 med
719 790 48 22 skäl
783 790 82 28 ifråga-

117 828 58 19 sätta
196 826 134 28 billigheten
354 826 33 21 uti
411 826 76 21 denna
508 826 139 28 fördelning.
687 826 45 21 För
754 826 113 21 mellersta

116 861 111 21 Finlands
249 862 140 28 trafikrayon
405 862 42 21 har
462 862 138 28 visserligen
616 870 28 13 en
660 870 31 20 ny
700 862 98 28 järnväg
809 862 57 21 före-

117 897 85 28 slagits,
228 905 51 13 men
301 897 8 21 i
333 897 74 21 stället
431 898 41 20 har
496 897 45 21 den
565 897 67 22 södra
656 897 171 29 trafikrayonen
843 897 24 21 af

117 933 113 21 mellersta
250 933 105 26 Finland,
377 941 47 13 som
446 936 29 25 på
491 933 58 21 intet
566 936 44 18 sätt
626 933 44 21 kan
687 933 90 28 betjäna
793 933 35 28 sig
844 933 23 21 af

118 969 251 21 kommunikationerna
384 969 7 20 i
409 969 44 21 den
466 969 159 21 förstnämnda
636 977 107 20 rayonen,
756 969 41 22 och
810 969 57 21 hvil-

118 1004 45 21 ken
186 1005 104 20 omfattar
312 1005 116 21 trakterna
452 1008 61 18 öster
536 1005 42 21 och
599 1005 81 28 sydost
699 1013 35 13 om
750 1005 116 28 Päijänne,

117 1043 47 18 åter
186 1040 77 21 blifvit
286 1041 114 21 utesluten
424 1049 27 13 ur
473 1041 131 21 Utskottets
626 1041 92 28 förslag.
750 1041 45 21 Det
812 1048 54 14 vore

118 1076 57 21 dock
200 1076 71 29 enligt
291 1077 45 20 min
352 1077 69 20 tanke
437 1077 71 21 redan
525 1079 29 26 på
570 1077 64 21 tiden
650 1079 31 19 att
698 1077 83 21 bereda
797 1077 70 21 äfven

117 1112 75 21 denna
216 1112 59 22 trakt
296 1112 117 29 möjlighet
436 1112 35 22 till
494 1113 126 26 förkofran,
640 1113 91 21 hvartill
752 1114 43 20 den
813 1116 54 25 äger

118 1148 113 21 utmärkta
247 1148 144 28 betingelser,
409 1149 42 21 och
469 1149 89 21 hvilket
574 1149 45 21 den
634 1152 24 18 så
668 1149 67 28 länge
745 1149 43 21 fått
799 1151 69 20 vänta

118 1186 37 26 på;
174 1184 38 21 det
228 1191 53 14 vore
299 1184 68 22 äfven
383 1187 28 25 på
427 1184 65 22 tiden
508 1189 32 16 att
556 1184 65 29 skipa
632 1184 93 22 rättvisa
736 1188 21 18 åt
769 1184 98 22 Heinola

117 1220 56 25 stad,
191 1220 93 21 hvilken
300 1228 93 13 numera
410 1223 24 18 är
449 1222 42 20 den
514 1222 54 21 enda
589 1220 22 21 af
627 1223 54 18 våra
691 1220 175 26 inlandsstäder,

117 1262 47 14 som
188 1255 81 21 saknar
283 1255 259 29 järnvägsförbindelse,
557 1256 42 22 och
612 1256 93 21 hvilken
716 1264 83 20 genom
810 1256 57 28 byg-

116 1291 86 28 gandet
228 1291 21 21 af
279 1291 185 22 Savolaksbanan
489 1292 95 21 förlorat
608 1300 28 13 en
659 1295 46 18 stor
727 1292 36 21 del
786 1292 23 21 af
831 1292 36 21 sin

116 1326 75 26 trafik,
216 1327 41 20 och
281 1327 36 21 för
342 1327 93 21 hvilken
457 1327 151 28 möjligheten
624 1327 35 21 till
674 1327 117 22 förkofran
809 1327 57 21 däri-

116 1369 81 21 genom
216 1363 173 28 omintetgjorts.

188 1398 45 21 Vid
252 1401 56 19 1882
325 1401 36 18 års
377 1399 112 28 landtdag
505 1399 101 21 uttalade
618 1399 35 28 sig
664 1399 127 21 Ständerna
803 1399 28 21 bl.
844 1406 23 13 a:

190 1434 59 26 ,För
273 1437 32 18 att
327 1434 78 21 kunna
429 1435 52 20 med
506 1435 128 28 möjligaste
654 1437 81 19 största
755 1435 112 21 snabbhet

118 1469 42 21 och
185 1469 106 22 säkerhet
309 1470 76 28 fortgä
401 1470 51 21 med
470 1470 172 28 utvidgningen
658 1470 22 21 af
693 1470 174 28 järnvägsnätet

187 1522 184 23 Järnvägsutskottets
384 1523 108 18 betänkande
505 1523 34 18 N:o
553 1525 15 16 1.
784 1523 11 18 6
