1098 1745
234 203 13 19 2
426 202 85 24 Ständ.
528 203 39 23 Sv.
583 216 28 3 —
627 204 73 28 Prop.
717 204 44 22 N:o
777 204 22 22 8.

234 270 131 23 Ständerna
379 272 8 21 i
402 272 188 30 underdånighet
605 273 90 29 afgifva
714 273 109 29 följande.

302 306 12 21 I
329 306 135 29 anslutning
480 307 36 21 till
532 307 29 22 de
576 307 8 21 i
600 307 44 21 den
660 307 86 29 nådiga
761 307 174 29 propositionen
952 314 39 14 an-

233 339 67 23 förda
323 340 117 22 allmänna
461 341 104 21 motiven
587 341 38 21 för
647 342 160 28 upptagandet
829 342 27 21 af
869 341 122 29 järnvägs-

232 374 225 28 byggnadsärenden
474 375 39 21 vid
529 376 76 21 denna
617 376 85 22 urtima
713 376 114 28 landtdag
837 376 71 21 hafva
921 375 69 22 äfven

232 408 132 23 Ständerna
393 412 77 19 ansett
499 413 35 19 att
563 410 136 29 byggandet
730 411 25 21 af
782 418 47 20 nya
856 410 134 29 järnvägar,

232 442 91 22 hvilket
352 443 74 22 under
454 444 29 21 de
511 448 92 18 senaste
625 445 55 21 åren
703 445 27 22 af
749 444 241 29 omständigheternas

231 477 75 29 tvång
326 478 126 22 successivt
474 479 113 22 minskats
602 479 8 21 i
626 479 45 21 den
694 480 53 21 mån
770 479 126 29 påbörjade
917 478 73 22 banor

231 511 79 22 blifvit
333 512 97 29 färdiga,
454 513 41 22 bör
517 513 36 22 för
575 513 126 22 framtiden
725 513 116 22 bedrifvas
857 513 7 22 i
881 513 39 21 det
942 519 47 15 om-

230 545 64 30 fång,
318 549 34 19 att
374 547 44 21 den
441 547 61 22 fasta
524 548 87 21 kadern
630 548 26 21 af
669 548 68 27 befäl,
753 548 91 21 förmän
861 547 43 22 och
920 550 68 18 stam-

231 580 105 22 arbetare
358 581 7 21 i
388 581 57 29 följd
469 581 26 22 af
517 582 101 21 arbetets
644 582 171 28 inskränkning
840 582 51 21 icke
916 581 72 22 måtte

230 614 107 29 skingras
353 615 43 22 och
411 615 95 22 därmed
522 623 27 14 en
565 616 74 21 under
655 617 73 21 åratal
743 616 89 22 samlad
857 615 131 22 erfarenhet

229 649 31 28 gå
269 649 107 22 förlorad.
392 650 112 22 Förutom
513 651 44 21 den
567 651 150 21 ekonomiska
731 651 116 28 rubbning
855 653 34 18 ett
899 650 90 21 afbrott

229 684 7 21 i
250 684 248 29 järnvägsbyggandet
514 685 74 22 skulle
599 685 112 22 innebära
725 685 36 22 för
773 685 66 21 dessa
852 692 101 21 grupper
964 684 27 21 af

229 718 157 29 medborgare,
415 719 75 21 skulle
520 727 28 14 en
578 720 171 28 inskränkning
774 719 26 22 af
823 719 164 28 arbetsplanen

230 753 90 21 minska
336 753 232 23 förvärfsutsikterna
583 754 36 21 för
635 754 27 21 de
678 754 80 22 skaror
773 754 27 21 af
813 753 120 28 tillfälliga
952 760 34 14 ar-

229 787 85 26 betare,
330 794 48 14 som
394 787 78 21 funnit
488 788 35 21 sin
540 788 115 29 bärgning
670 788 40 22 vid
725 788 110 22 arbetena
851 788 30 28 på
897 787 28 21 de
939 794 47 22 nya

228 821 105 29 linjerna.

296 856 12 21 I
323 855 44 22 den
384 856 85 28 nådiga
480 857 173 28 propositionen
665 856 132 22 framhålles
809 856 118 28 därjämte,
941 855 44 22 och

226 889 84 22 främst
326 889 44 25 det,
387 893 35 18 att
436 898 46 21 nya
494 890 182 29 järnvägslinjer
692 891 55 21 böra
766 894 124 25 upptagas,
915 893 70 21 ,enär

227 931 29 14 en
273 924 100 29 alltjämt
388 924 136 29 fortgående
547 925 141 28 förbättring
704 925 25 22 af
742 925 29 21 de
787 924 50 21 inre
853 924 130 21 kommuni-

226 959 138 20 kationerna
386 962 25 18 är
434 962 34 18 ett
490 959 151 28 oeftergifligt
663 959 86 21 villkor
771 958 36 22 för
822 961 34 18 ett
874 958 110 21 framtida

226 992 72 22 ökadt
313 993 202 28 tillgodogörande
531 993 27 22 af
571 993 90 22 landets
673 993 140 29 produktiva
823 999 102 14 resurser
939 992 44 22 och

221 1027 91 28 jämväl
339 1027 35 21 för
400 1027 38 22 det
464 1027 72 30 öfriga
562 1028 259 28 utvecklingsarbetet*.
854 1027 71 21 Detta
947 1030 36 18 ut-

225 1061 94 22 talande
335 1062 47 21 står
398 1062 7 21 i
422 1062 43 21 full
480 1062 239 21 öfverensstämmelse
735 1061 52 22 med
803 1061 45 21 den
861 1061 122 28 järnvägs-

224 1095 92 29 politik,
342 1096 130 21 Ständerna
495 1097 42 20 allt
561 1096 71 21 sedan
652 1096 190 29 järnvägsnätets
859 1095 72 22 första
947 1098 35 18 ut-

224 1130 192 29 vecklingsskede
432 1131 108 28 upptagit
556 1131 43 21 och
615 1131 26 21 af
653 1131 28 21 de
697 1138 79 14 vunna
792 1130 127 21 resultaten
930 1129 52 22 fun-

223 1164 37 21 nit
276 1164 126 22 bekräftad.
434 1165 48 21 Och
501 1165 35 27 då,
552 1165 59 21 efter
627 1165 27 21 de
670 1165 204 21 konstitutionella
888 1164 94 21 former-

223 1206 43 14 nas
282 1199 170 26 återställande,
468 1199 44 22 den
536 1207 39 14 oro
592 1199 43 22 och
650 1199 143 28 stagnation,
809 1206 49 14 som
875 1198 108 22 öfverallt

223 1233 79 28 tryckt
324 1233 128 28 samhället,
475 1241 95 14 numera
592 1234 89 28 begynt
704 1234 55 21 vika
782 1233 36 21 för
835 1233 86 28 ljusare
936 1233 45 21 för-

222 1267 148 29 hoppningar
393 1275 36 14 om
453 1268 130 27 framtiden,
602 1268 121 21 väckande
737 1267 185 28 företagsamhet
937 1267 44 21 och

222 1301 115 22 manande
348 1301 36 21 till
395 1302 82 21 rastlös
488 1302 142 28 utveckling,
647 1302 77 21 träder
739 1301 207 28 nödvändigheten
957 1301 27 21 af

222 1335 29 21 de
274 1336 49 20 inre
346 1336 267 21 kommunikationernas
637 1336 160 22 förbättrande
813 1336 58 21 fram
888 1335 51 21 med
955 1336 26 20 så

222 1370 93 27 mycket
330 1373 73 18 större
419 1370 87 28 styrka.

290 1404 123 28 Utgående
436 1404 52 21 från
510 1404 66 21 dessa
599 1404 118 21 allmänna
739 1404 148 28 synpunkter
909 1403 72 22 hafva

221 1437 131 22 Ständerna
382 1438 105 28 godkänt
516 1439 40 21 det
584 1439 8 20 i
617 1439 44 21 den
692 1439 86 28 nådiga
804 1437 175 30 propositionen

220 1472 130 29 framlagda
380 1473 111 28 förslaget
516 1480 37 15 om
578 1473 152 28 fortsättning
756 1473 27 21 af
805 1473 44 21 den
872 1472 108 21 karelska

219 1506 77 21 banan
323 1507 51 20 med
397 1507 108 21 sträckan
530 1507 354 22 Joensuu—Lieksa—Nurmes.
922 1506 58 22 Där-
