1100 1745
367 129 22 22 U.
406 129 22 22 B.
445 141 27 2 —
489 129 62 27 Prop.
568 128 37 22 N:o
621 128 22 22 11.
853 127 27 20 27

205 194 44 21 Vid
261 194 191 27 genomförandet
463 194 24 21 af
494 196 31 19 ett
532 194 177 27 proportionellt
720 193 84 21 valsätt
812 193 69 20 fram-
911 189 96 34 Valkreis:

132 230 47 21 står
195 230 79 27 frågan
299 237 38 14 om
362 230 170 21 valkretsarnes
557 229 87 22 storlek
668 229 78 21 såsom
770 236 28 14 en
815 229 25 20 af
853 220 175 29 deindelningen.

132 266 57 21 allra
206 266 126 27 vigtigaste.

205 303 34 20 De
253 302 157 27 grundsatser,
435 302 29 27 på
487 301 81 22 hvilka
592 301 136 28 yrkandena
749 301 30 28 på
795 301 88 21 allmän

133 338 44 21 och
194 338 46 21 lika
259 339 94 20 rösträtt
368 340 80 25 ytterst
473 338 66 21 stöda
563 337 41 27 sig,
621 337 120 27 innebära,
758 337 77 21 såsom
852 343 31 14 re-

134 374 46 21 dan
196 374 96 27 tidigare
309 374 100 27 antydts,
426 376 33 18 att
474 374 45 21 alla
536 374 28 20 de
590 373 63 21 olika
669 373 214 27 meningsgrupper,

133 416 50 14 som
200 409 76 21 finnas
300 410 71 20 bland
396 409 189 27 medborgarene,
602 409 73 27 skola,
696 409 75 21 såvidt
788 409 95 27 möjligt,

132 451 55 15 vara
204 445 133 21 företrädda
353 445 7 20 i
377 445 44 21 den
434 445 143 26 församling,
593 451 50 15 som
656 445 30 27 på
697 445 123 20 nationens
831 445 52 26 väg-

132 487 43 15 nar
192 481 89 21 rådslår
297 481 44 21 och
357 481 102 20 besluter
475 488 38 14 om
536 481 53 21 dess
611 481 197 27 angelägenheter.
841 481 42 20 Ta-

133 523 39 21 gas
189 524 32 13 nu
237 517 159 21 valkretsarne
413 517 58 26 små,
487 517 26 21 så
529 517 96 20 komma
649 517 98 21 berörda
763 517 121 26 grundsat-

134 559 35 14 ser
193 553 50 20 icke
268 553 34 20 till
326 553 35 20 sin
386 555 50 19 rätt.
477 553 166 21 Förhållandet
666 553 51 24 blir,
741 559 39 14 om
807 552 44 21 ock
877 552 7 20 i

135 589 89 26 ringare
241 589 62 26 grad,
321 589 129 20 detsamma
467 595 51 15 som
530 589 7 20 i
549 589 235 21 enmansvalkretsar:
795 590 15 19 t.
823 595 20 14 o.
853 595 30 14 m.

134 625 131 26 betydande
289 625 149 26 minoriteter,
462 625 80 21 hvilka
567 625 78 21 kunde
669 625 71 21 varda
767 631 117 21 represen-

132 661 77 20 terade
235 661 37 21 vid
298 661 139 27 landidagen
462 668 37 14 om
525 661 157 21 valkretsarne
698 661 90 27 gjordes
805 662 78 23 större,

134 697 111 20 uteslutas
261 697 51 20 frän
336 697 137 27 rättigheten
497 699 33 19 att
553 697 70 22 hafva
644 697 76 27 nägon
743 697 140 21 förtroende-

134 739 54 14 man
205 733 6 20 i
229 733 269 27 folkrepresentationen.
531 733 35 21 En
587 733 123 26 minoritet,
727 739 50 14 som
795 733 89 20 kanske

133 768 51 21 icke
208 769 26 20 är
257 768 133 27 tillräckligt
413 769 63 20 stark
501 769 36 21 för
561 771 32 19 att
609 769 80 21 kunna
705 769 25 20 af
744 768 141 28 exempelvis

134 804 46 21 fem
197 805 92 26 platser,
307 805 80 21 hvilka
404 811 29 14 en
449 805 102 21 valkrets
567 811 52 21 eger
635 805 95 26 besätta,
748 805 87 26 förfoga
852 805 33 20 öf-

134 847 39 14 ver
197 847 36 19 en,
257 841 47 20 kan
328 841 60 20 dock
410 847 56 14 vara
490 843 48 19 stor
562 847 45 21 nog
630 841 36 20 för
682 843 32 18 att
729 841 75 20 förmä
820 841 64 20 inom

134 876 28 20 de
187 876 75 20 skilda
284 876 127 21 områdena
431 876 25 21 af
470 883 28 14 en
515 878 72 19 större
603 876 101 21 valkrets
720 876 123 28 uppsamla
860 876 25 20 sä

134 911 84 27 många
242 913 79 25 röster,
345 914 33 19 att
402 912 44 21 den
470 912 72 21 bland
566 912 47 21 åtta
632 912 55 21 eller
702 912 32 21 tio
751 912 84 27 platser
851 918 33 14 er-

134 947 62 21 öfrar
211 954 36 14 en.

206 984 43 20 Det
273 984 43 20 bör
337 984 75 20 tillika
431 984 163 27 ihägkommas
615 986 32 19 att
668 984 28 21 de
716 990 169 21 ogynnsamma

136 1019 170 27 värkningarna
315 1020 25 20 af
346 1020 172 21 valkretsarnas
530 1020 135 27 minskning
673 1020 88 21 drabba
771 1020 114 28 majorite-

134 1056 64 19 terna
210 1055 47 21 lika
270 1056 36 20 väl
315 1062 50 14 som
376 1056 180 21 minoriteterna.
575 1057 121 20 Förlusten
706 1056 24 21 af
737 1056 149 21 öfverskotts-

134 1092 74 19 röster
224 1092 69 20 växer
309 1092 53 20 med
379 1092 171 21 valkretsarnas
571 1093 70 26 antal,
656 1093 44 20 och
717 1092 85 28 följden
819 1092 69 21 häraf

135 1126 46 21 kan
205 1126 32 21 bli
254 1129 33 19 att
303 1128 230 27 proportionaliteten
550 1128 8 21 i
574 1128 28 21 de
625 1128 62 21 olika
711 1128 174 28 meningsgrup-

136 1168 83 20 pernas
236 1164 182 26 representation
435 1164 7 20 i
459 1164 102 27 betydlig
578 1164 54 21 män
644 1164 96 21 läderas.
765 1164 50 21 Den
827 1164 59 21 otill-

137 1197 177 23 fredsställande
326 1199 114 27 utgängen
453 1199 24 21 af
484 1200 174 27 omröstningen
659 1193 11 39 i
683 1206 27 14 en
721 1200 54 21 liten
785 1200 101 21 valkrets

135 1233 46 21 kan
205 1234 134 28 visserligen
364 1235 73 21 delvis
460 1236 97 20 komma
573 1238 33 18 att
622 1236 116 27 utjämnas
754 1242 82 20 genom
853 1238 33 18 att

135 1268 38 22 det
189 1276 44 14 ena
249 1270 88 28 gängen
362 1271 47 21 kan
434 1278 55 14 vara
513 1272 45 20 den
579 1278 50 20 ena,
646 1272 73 20 andra
735 1272 87 27 gängen
840 1272 45 20 den

136 1305 72 20 andra
225 1306 239 27 meningsriktningen
483 1313 51 14 som
550 1307 103 21 förlorar.
679 1308 66 20 Detta
761 1309 53 25 äger
825 1308 60 20 dock

136 1341 81 20 endast
241 1341 73 22 delvis
337 1343 35 20 sin
390 1343 115 26 riktighet,
522 1345 25 25 ty
563 1343 44 20 den
625 1343 38 21 vid
679 1343 164 27 majoritetsval
861 1343 24 21 sä

136 1376 47 21 ofta
201 1377 132 28 åberopade
349 1379 177 26 tröstegrunden
543 1381 32 18 att
591 1379 156 21 valresultatet
762 1379 7 20 i
786 1379 36 21 sin
838 1379 47 20 hel-

136 1412 39 20 het
191 1413 129 21 merendels
344 1414 89 21 utvisar
456 1415 114 20 hurusom
587 1415 123 27 oförtjänta
726 1415 108 27 nederlag
856 1415 29 27 pä

136 1449 31 19 ett
183 1448 47 21 häll
255 1449 126 26 utjämnats
406 1456 83 21 genom
514 1451 46 20 lika
578 1451 122 27 oförtjänta
717 1457 76 21 segrar
809 1451 29 27 pä
855 1453 31 18 ett
