1100 1745
242 127 29 20 26
481 128 22 23 U.
520 128 21 22 B.
561 140 26 3 —
605 128 61 27 Prop.
685 128 35 22 N:o
736 128 22 22 11.

240 193 46 26 tits,
310 193 43 21 har
374 193 38 21 det
427 193 163 21 förekommits
607 195 32 19 att
655 193 70 28 några
743 193 145 21 afsevärdare
905 193 85 21 röstbe-

240 229 56 27 lopp
320 229 47 26 gått
390 229 123 26 förlorade,
535 229 88 21 hvilket
640 229 54 28 eljes
710 229 77 21 blifvit
803 229 69 26 fallet,
890 235 53 14 vare
959 229 33 26 sig

241 264 106 27 sålunda,
368 267 33 18 att
421 265 77 27 någon
515 265 52 21 lista
584 265 83 21 samlat
684 265 67 27 kring
767 265 34 27 sig
817 267 31 18 ett
865 266 71 19 större
953 271 37 14 an-

239 301 33 20 tal
289 302 72 19 röster
377 302 29 19 än
423 301 122 21 tredubbla
565 301 205 27 fördelningstalet,
787 301 55 20 eller
857 301 32 25 så,
906 303 33 18 att
954 300 37 21 lis-

240 339 52 18 tans
316 337 80 20 rösttal
419 337 51 21 icke
491 337 46 27 gått
559 344 47 21 upp
622 337 35 20 till
673 337 38 20 det
727 337 152 21 sistnämnda.
897 337 95 26 Antaget

240 374 34 19 att
297 372 197 28 fördelningstalet
518 373 70 27 ligger
612 373 108 27 omkring
737 373 72 27 3,000,
827 373 74 20 skulle
918 379 28 14 en
962 372 30 27 på

240 414 56 21 egen
324 409 64 21 hand
414 410 141 26 opererande
589 410 215 26 valmansförening
832 409 53 21 med
914 409 78 26 10,000

240 445 74 20 röster
338 445 79 20 kunna
442 445 160 27 genomdrifva
625 445 61 21 valet
709 445 26 21 af
753 447 34 19 tre
804 445 143 26 kandidater,
963 451 28 14 en

241 480 105 27 förening
363 481 52 20 med
433 482 65 25 2,000
515 483 74 19 röster
604 482 43 20 alls
663 481 69 27 ingen
750 481 119 21 kandidat.
901 481 46 20 Om
963 481 28 20 de

241 516 105 21 däremot
373 517 63 20 bilda
460 517 107 25 förbund,
593 517 88 27 förfoga
705 517 28 21 de
757 517 156 20 tillsammans
929 516 63 21 öfver

243 553 78 26 12,000
338 553 74 20 röster
427 553 44 20 och
488 553 74 21 eröfra
579 553 53 21 med
649 553 108 21 säkerhet
773 553 50 27 fyra
838 553 90 26 platser,
939 552 51 21 tack

242 595 53 14 vare
312 589 44 20 den
373 589 200 27 omständigheten
585 591 32 18 att
629 589 28 21 de
667 591 68 19 tusen
747 589 244 21 öfverskottsrösterna

241 625 51 20 från
317 625 44 20 den
385 625 60 21 förra
465 625 81 21 kunna
563 625 78 27 läggas
658 625 34 20 till
708 625 29 21 de
753 625 56 27 eljes
825 624 166 27 betydelselösa

242 661 66 26 2,000
332 662 105 20 rösterna
461 661 6 20 i
492 661 44 21 den
561 667 80 15 senare
666 661 143 26 föreningen,
835 667 49 14 som
910 667 31 14 nu
958 660 34 21 får

243 696 36 21 sin
296 697 95 20 främste
408 697 112 21 kandidat
536 697 59 21 vald.

312 733 115 20 Anmälan
450 739 38 15 om
513 733 112 27 ingående
642 733 25 20 af
681 733 140 21 valförbund
839 733 58 20 skall
909 733 82 20 under-

241 769 97 20 tecknas
355 769 25 20 af
396 769 71 20 minst
483 769 78 20 halfva
578 769 86 20 antalet
679 769 25 20 af
718 769 61 26 dem,
791 775 51 14 som
856 769 135 20 underteck-

242 806 40 19 nat
305 805 43 20 den
375 805 73 26 skrift,
472 805 152 27 hvarigenom
648 805 136 27 föreningen
800 805 91 20 bildats.
925 805 65 20 Inom

243 840 115 21 Utskottet
376 841 42 20 har
429 841 139 20 framhållits
580 843 32 18 att
624 841 69 27 sagda
703 841 148 26 bestämning
862 841 50 20 icke
921 840 70 21 borde

242 876 67 26 göras
333 876 139 27 ovillkorlig,
489 879 55 18 utan
569 876 38 21 det
631 877 90 20 lämnas
743 878 70 25 öppet
829 876 35 21 för
880 876 111 27 förening,

241 918 51 14 som
317 912 24 21 så
365 913 94 25 önskar,
483 915 32 18 att
537 915 50 18 utse
604 915 31 18 ett
655 913 62 20 antal
734 912 196 24 förtroendemän,
947 912 43 20 för-

241 947 97 27 slagsvis
361 948 39 25 tio,
425 949 52 20 med
502 948 186 27 bemyndigande
712 951 33 18 att
761 948 8 21 i
786 948 61 21 detta
863 950 61 18 samt
941 948 6 20 i
964 949 27 19 22

241 984 45 20 och
310 984 28 20 23
362 983 30 29 $$
412 984 92 27 angifna
521 984 39 21 fall
577 987 143 24 gemensamt
737 984 90 21 besluta
844 984 44 20 och
906 984 84 20 handla

241 1018 14 21 å
275 1019 146 28 föreningens
438 1021 93 26 vägnar.
549 1020 78 21 Under
637 1020 152 21 erkännande
805 1020 26 20 af
840 1021 32 19 att
891 1019 100 21 införan-

241 1055 39 20 det
300 1055 25 20 af
341 1062 29 14 en
386 1055 63 28 dylik
461 1056 129 20 institution
601 1056 78 20 kunde
691 1063 54 14 vara
758 1055 34 21 till
804 1055 104 28 praktisk
920 1057 71 25 nytta,

241 1091 43 20 har
308 1091 116 21 Utskottet
440 1092 60 20 dock
516 1091 51 21 icke
583 1093 74 19 ansett
673 1091 136 27 förändring
825 1091 139 26 nödvändig.

313 1127 319 21 Valförbundsinstitutionen
671 1127 98 21 innebär
802 1134 28 13 en
861 1127 130 26 betydande

243 1163 88 26 garanti
356 1163 36 20 för
415 1165 32 18 att
471 1163 44 21 den
540 1163 105 21 enskilda
669 1163 156 21 valmannens
847 1164 48 19 röst
917 1163 28 27 på
962 1165 30 18 ett

242 1198 104 21 effektivt
362 1200 45 20 sätt
424 1199 107 20 kommer
547 1199 71 20 saken
635 1199 34 20 till
685 1199 61 26 godo
763 1199 6 20 i
787 1199 44 20 alla
849 1199 27 20 de
893 1199 46 25 fall,
951 1199 42 20 där

243 1233 45 21 den
312 1234 110 27 antingen
447 1235 50 20 icke
521 1235 91 20 behöfts
636 1235 54 20 eller
708 1235 52 20 icke
778 1235 65 20 räckt
859 1234 33 21 till
909 1235 36 20 för
961 1236 31 19 att

241 1270 160 26 genomdrifva
423 1271 60 20 valet
506 1271 25 20 af
550 1271 44 20 den
619 1271 54 20 eller
694 1271 28 20 de
739 1277 118 21 personer,
875 1270 23 21 åt
913 1270 78 21 hvilka

241 1305 46 20 den
311 1305 82 21 främst
410 1307 97 19 ämnats.
539 1307 162 19 Medvetandet
720 1307 84 19 härom
821 1307 26 19 är
863 1305 70 27 enligt
954 1306 37 20 Ut-
1013 1306 2 2 '

241 1341 97 21 skottets
357 1342 70 20 tanke
445 1342 82 26 egnadt
550 1344 33 18 att
605 1342 7 20 i
633 1342 46 27 hög
700 1342 56 27 grad
774 1341 168 21 vidmakthålla
959 1341 32 20 in-

241 1378 81 19 tresset
347 1377 36 21 för
404 1377 66 21 valen
492 1378 43 20 och
553 1377 74 21 förmå
644 1378 142 20 valmännen
803 1379 33 18 att
852 1377 78 20 talrikt
946 1377 46 20 del-

240 1414 52 25 taga
310 1413 6 20 i
333 1413 60 20 dem.
