1103 1745
345 141 23 23 U.
385 142 23 22 B.
425 154 27 2 —
470 141 63 28 Prop.
551 141 37 23 N:o
605 141 21 22 Il.

136 558 249 34 Landtdagsordning
405 558 44 27 för
468 557 246 28 Storfurstendömet
734 557 108 27 Finland.

446 645 11 19 1
475 641 53 29 kap.

353 703 135 20 Allmänna
504 703 118 27 grunder.

464 782 11 19 1
489 763 24 50 8.

185 838 225 22 Storfurstendömet
430 838 112 22 Finlands
562 837 115 29 landtdag
693 838 171 29 representerar

114 873 41 22 det
170 873 81 23 finska
266 873 80 23 folket.

467 943 13 18 2
492 940 26 29 S.

187 999 156 29 Landtdagen
359 999 76 23 bildar
450 1006 30 15 en
496 999 130 26 kammare,
643 998 127 23 bestäende
782 998 23 23 af
816 998 48 22 tvä-

116 1034 93 23 hundra
224 1035 191 29 landtdagsmän.

466 1122 13 19 3
496 1119 20 29 &.

188 1177 268 30 Landtdagsmannaval
466 1178 111 23 förrättas
588 1178 69 23 hvart
667 1177 75 30 tredje
754 1178 25 22 är
788 1177 79 23 samti-

117 1213 52 29 digt
184 1213 9 22 i
208 1213 54 23 hela
277 1213 87 23 landet.
387 1214 208 29 Landtdagsmans
606 1213 108 30 uppdrag
723 1213 107 29 vidtager
841 1213 27 22 sä

116 1250 68 21 snart
203 1249 49 23 han
272 1249 126 23 förklarats
418 1249 55 23 vald
495 1250 43 23 och
554 1249 84 24 fortfar
653 1249 60 23 intill
730 1249 53 23 dess
800 1250 68 21 nästa

116 1285 40 22 val
171 1285 113 22 slutförts.

190 1320 114 30 Kejsaren
324 1321 43 22 och
390 1321 145 23 Storfursten
560 1328 56 22 eger
634 1320 61 23 dock
710 1321 47 22 rätt
773 1321 41 26 att,
830 1326 38 16 om

117 1356 48 22 han
182 1356 77 22 finner
275 1356 40 23 det
331 1356 88 30 nödigt,
435 1356 109 23 förordna
560 1363 38 16 om
615 1363 46 23 nya
676 1356 39 22 val
726 1356 48 22 före
785 1356 83 28 utgän-

118 1398 46 22 gen
181 1391 24 22 af
220 1392 46 22 den
288 1392 2 22 i
308 1396 11 18 1
338 1398 69 16 mom.
424 1392 106 22 nämnda
545 1392 193 29 treärsperioden.
769 1391 9 22 1
795 1391 74 22 sädan

117 1427 116 22 händelse
249 1427 74 28 skola,
340 1427 100 23 säframt
456 1429 19 28 ej
494 1434 32 23 ny
537 1427 142 30 upplösning
690 1427 24 22 af
724 1427 146 28 landtdagen

118 1469 57 22 eger
198 1469 61 21 rum,
283 1463 246 28 landtdagsmännens
552 1463 137 22 fullmakter
707 1462 63 29 gälla
787 1464 34 21 tre
838 1461 31 23 är.
