1100 1748
264 124 33 36 50
585 130 40 22 N:o
637 131 26 21 11

573 203 16 18 6
606 203 58 22 kap.

361 263 42 20 Om
419 263 148 26 grunderna
582 263 41 21 för
639 263 238 27 röstberäkningen.

585 309 29 21 54
629 310 18 26 8.

307 347 57 28 Den,
388 349 29 27 på
438 348 95 22 hvilken
555 349 92 21 valman
665 349 8 22 i
691 349 96 22 främsta
801 351 98 20 rummet
917 350 81 26 röstat,

238 382 140 22 tillkommer
400 391 27 13 en
449 385 54 26 röst,
524 383 43 22 den
588 383 70 22 andra
676 384 8 21 i
702 384 128 28 ordningen
847 391 28 14 en
890 382 49 23 half
954 383 42 21 och

237 416 44 21 den
298 416 71 29 tredje
385 425 27 14 en
427 417 122 29 tredjedels
564 421 54 18 röst.

306 451 177 29 Sammanlagda
498 452 109 29 beloppet
622 452 25 22 af
660 452 27 22 de
699 455 80 25 röster,
791 453 84 21 enhvar
885 451 111 22 kandidat

237 485 95 22 sålunda
347 486 97 28 erhållit,
459 489 70 26 utgör
543 487 57 21 hans
615 487 87 22 rösttal.

585 544 28 21 55
627 545 19 27 8.

304 578 33 27 Är
358 585 75 28 någon
458 584 23 22 af
503 585 58 28 dem,
585 585 29 28 på
636 584 79 22 hvilka
736 585 93 21 valman
846 585 79 26 röstat,
943 583 53 22 icke

235 617 79 22 valbar
336 619 55 21 eller
412 619 51 22 icke
481 619 51 21 med
552 619 117 28 tydlighet
688 619 135 27 betecknad,
841 618 62 29 gälle
922 617 72 22 likväl

235 653 148 22 valmannens
398 656 49 19 röst
460 653 36 22 för
511 653 28 22 de
555 653 79 29 öfriga.

303 687 49 22 Har
366 687 92 22 valman
474 688 13 21 å
503 688 33 21 sin
552 687 101 22 valsedel
668 688 102 21 utmärkt
784 688 55 21 flere
855 690 29 19 än
900 694 27 14 en
938 686 57 22 kan-

234 721 123 29 didatlista,

303 756 55 21 eller
373 756 8 21 i
396 756 44 21 den
456 756 25 21 af
493 756 83 22 honom
592 757 116 21 utmärkta
722 755 182 23 kandidatlistan
920 755 73 22 vidta-

234 790 35 28 git
285 797 75 15 annan
376 791 97 28 ändring
489 794 29 18 än
534 790 23 22 af
571 798 110 15 namnens
697 789 176 30 ordningsföljd,

303 825 54 22 eller
367 825 41 22 har
417 825 92 22 valman
519 825 8 21 i
538 825 116 29 valsedeln
665 825 92 22 skrifvit
767 825 54 22 flere
832 827 29 19 än
872 827 35 19 tre
916 831 78 21 namn,

303 859 54 22 eller
372 859 81 22 försett
467 859 118 22 valsedeln
600 859 52 22 med
667 859 108 22 särskildt
791 859 79 22 märke
886 859 55 21 eller
956 858 37 22 sin

232 894 186 28 namnteckning,

301 928 56 22 eller
372 928 101 22 användt
488 936 74 14 annan
578 931 28 19 än
622 928 70 22 sådan
706 928 109 27 valsedel,
833 934 48 15 som
893 927 41 22 hos
944 928 50 21 val-

232 962 114 22 nämnden
361 963 105 28 uttagits,

302 998 55 20 eller
372 997 101 22 befinnes
489 997 100 22 valsedel
604 997 50 22 icke
669 1004 53 15 vara
738 996 145 29 afstämplad,

301 1039 54 14 vare
370 1032 70 21 sådan
455 1032 100 21 valsedel
571 1032 90 28 ogiltig.

577 1089 28 21 56
620 1090 19 26 8.

300 1126 125 31 Valsedlar,
447 1129 80 22 hvilka
548 1128 104 29 afgifvits
672 1128 35 22 för
725 1135 89 15 samma
828 1127 164 22 valmansföre-

230 1163 69 29 nings
324 1164 169 28 kandidatlista,
521 1164 62 28 gälla
607 1163 150 21 tillsammans
781 1162 77 21 såsom
883 1169 28 14 en
932 1164 61 19 röst-

230 1205 81 21 grupp.

299 1232 76 22 Hafva
390 1233 39 21 två
444 1233 55 21 eller
513 1232 54 22 flere
581 1231 26 23 af
620 1232 28 21 de
658 1231 121 28 valsedlar,
790 1231 8 21 i
808 1230 80 23 hvilka
898 1231 91 21 valmän

230 1266 92 22 skrifvit
345 1267 49 21 sina
415 1267 146 21 kandidaters
582 1273 76 20 namn,
679 1266 45 21 alla
741 1265 138 22 kandidater
897 1271 94 22 gemen-

230 1307 92 22 samma,
341 1309 65 14 anses
424 1301 67 22 äfven
511 1301 27 21 de
556 1301 150 21 tillsammans
722 1301 78 20 såsom
816 1307 28 13 en
859 1301 131 26 röstgrupp,

229 1335 76 22 sävidt
319 1335 51 22 icke
386 1335 7 22 i
408 1335 28 22 46
459 1337 5 26 $
479 1335 14 22 2
508 1342 66 15 mom.
585 1335 36 22 för
631 1335 41 21 där
681 1333 103 23 nämnda
794 1333 42 22 fall
847 1333 144 22 annorlunda

230 1369 109 29 stadgats.

576 1398 27 22 57
619 1399 19 26 8.

297 1438 172 21 Kandidaterna
483 1438 60 21 inom
560 1445 86 14 samma
660 1439 126 27 röstgrupp
797 1435 68 23 hafva
875 1435 115 22 företräde

227 1472 96 22 framför
337 1472 127 22 hvarandra
479 1472 56 21 efter
550 1472 113 21 storleken
679 1471 23 22 af
717 1471 30 22 de
763 1471 88 28 rösttal,
867 1470 79 21 hvilka
959 1469 31 22 de
