1103 1745
339 134 30 23 U.
384 134 28 22 B.
428 147 30 2 —
474 134 72 27 Prop.
562 133 42 22 N:o
620 133 22 22 8.
823 135 13 19 5

278 200 314 28 Elisenvaara—Kronoborgs
608 200 79 22 banan.

183 247 130 22 Utskottets
336 247 88 29 förslag
447 247 8 21 i
480 247 75 22 denna
574 247 74 28 punkt
663 247 42 20 har
722 246 22 21 af
760 245 106 29 samtliga

111 283 74 26 stånd,
209 283 52 22 med
287 283 140 22 omfattande
450 283 24 21 af
498 283 43 21 den
558 282 35 22 till
609 282 157 22 betänkandet
782 281 84 28 fogade

111 319 174 22 reservationen
304 320 53 25 VII,
373 319 131 22 förkastats.

340 379 204 23 Lahtis—Heinola
560 379 77 22 banan.

184 421 70 21 Detta
270 420 139 29 banförslag,
427 428 48 14 som
491 420 133 22 framburits
640 419 8 22 i
665 419 45 21 den
725 419 35 21 till
774 419 94 22 Utskot-

112 459 45 19 tets
173 456 146 22 betänkande
340 456 85 29 fogade
446 456 172 22 reservationen
636 456 43 26 IX,
696 456 41 20 har
753 455 115 22 omfattats

113 492 23 22 af
161 492 202 29 Borgareståndet,
379 492 72 22 likväl
474 492 53 22 med
544 492 45 21 den
605 491 99 29 ändring
720 493 32 20 att
767 491 37 21 för
820 490 48 22 däri

113 528 150 22 omförmälda
285 528 208 28 järnvägsarbeten
516 528 74 22 skulle
615 528 37 21 för
677 530 54 19 åren
752 530 114 20 1906—07

113 564 96 30 beviljas
224 566 33 20 ett
264 564 84 29 belopp
360 564 23 21 af
395 567 118 23 1,000,000
524 564 71 26 mark,
605 571 52 14 men
667 563 42 21 har
720 563 23 21 af
754 562 29 22 de
794 562 75 29 öfriga

115 600 103 22 Stånden
233 600 130 22 förkastats.

185 695 33 21 Af
242 695 28 22 de
294 695 266 29 banbyggnadsförslag,
585 702 48 15 som
658 694 95 22 sålunda
768 694 101 22 behand-

115 731 50 27 lats,
186 731 70 22 hafva
276 731 28 21 de
328 734 39 18 två
383 731 143 22 sistnämnda
544 732 37 21 för
598 731 75 22 denna
689 734 62 26 gång
766 730 102 22 förfallit.

113 768 109 20 Däremot
245 774 68 22 synas
330 767 116 29 förslagen
463 768 98 21 rörande
578 767 45 22 den
642 767 104 21 karelska
765 767 43 21 och
825 766 45 22 den

114 802 224 30 sydösterbottniska
353 803 138 29 järnvägen:
504 803 70 22 hafva
589 802 83 22 vunnit
689 802 39 22 det
743 802 127 22 understöd

115 841 32 19 att
164 839 28 21 de
208 839 79 21 kunna
302 838 90 29 påkalla
407 839 101 29 förnyad
527 838 117 30 pröfning,
664 838 135 29 isynnerhet
818 838 52 21 med

115 874 93 22 hänsikt
228 874 35 21 till
282 877 33 19 att
335 875 37 21 det
388 875 62 21 förra
466 875 9 21 i
491 874 202 29 propositionsväg
708 874 118 29 framlagts
842 875 29 27 på

116 910 77 29 grund
217 910 23 21 af
263 910 191 29 ständerpetition
477 911 8 21 i
506 913 82 24 ämnet,
598 911 81 21 medan
689 913 47 19 åter
745 910 39 22 det
792 917 79 14 senare

117 947 40 20 har
186 946 75 22 stödet
285 946 22 21 af
331 946 171 22 ständerbeslut
527 946 40 22 vid
596 947 138 28 landtdagen
762 949 24 18 år
807 948 63 20 1900.

115 981 47 22 Vid
187 982 80 21 sådant
291 982 145 22 förhållande
460 983 43 21 och
527 983 53 21 med
604 982 127 22 beaktande
755 982 23 21 af
802 981 70 22 ofvan

116 1017 136 22 framhållna
280 1018 113 22 allmänna
417 1019 120 28 synpunkt
560 1018 96 22 rörande
673 1018 169 22 kontinuiteten
864 1017 8 22 i

115 1053 332 30 järnvägsbyggnadsarbetet,
455 1054 95 22 hvilken
566 1055 51 21 icke
633 1054 34 22 till
682 1054 57 22 fullo
755 1054 45 21 kan
816 1061 56 21 upp-

117 1089 124 27 rätthållas,
273 1090 76 22 därest
375 1090 336 29 nybyggnadsverksamheten
736 1090 136 22 inskränkes

116 1125 35 22 till
176 1126 81 21 endast
281 1126 46 22 den
348 1134 32 14 nu
404 1126 108 22 beslutna
533 1126 234 22 Kemi—Rovaniemi
789 1126 83 25 banan,

117 1168 70 22 synes
210 1162 118 22 Utskottet
352 1164 40 24 att,
417 1170 37 14 om
475 1162 67 22 dessa
561 1162 132 29 banförslag
709 1162 93 29 pröfvas
818 1162 55 21 böra

116 1197 35 22 till
177 1197 100 29 förnyad
301 1197 144 29 behandling
469 1201 120 26 upptagas,
613 1198 87 22 Präste-
724 1198 43 22 och
783 1197 89 22 Bonde-

118 1232 108 22 ståndens
244 1233 77 22 beslut
332 1234 97 21 rörande
442 1234 46 21 den
499 1234 103 22 karelska
611 1234 75 22 banan
693 1234 118 22 äfvensom
818 1232 55 23 Rid-

119 1268 122 29 derskapet
254 1269 43 22 och
308 1269 89 22 Adelns
409 1270 43 21 och
464 1270 206 29 Borgareståndets
686 1270 75 21 beslut
777 1269 97 22 rörande

118 1304 45 21 den
186 1305 225 28 sydösterbottniska
436 1305 76 22 banan
533 1306 55 21 böra
600 1306 80 28 läggas
696 1306 34 21 till
746 1305 76 29 grund
838 1305 36 21 för

119 1347 28 14 en
170 1340 77 21 sådan.
281 1340 48 22 Och
352 1341 37 21 får
407 1341 121 22 Utskottet
543 1341 8 22 i
567 1341 133 28 anslutning
715 1341 77 22 härtill
807 1340 65 22 vörd-

118 1379 57 18 samt
192 1376 119 22 hemställa
328 1379 32 18 att
371 1376 175 30 Ridderskapet
556 1377 42 22 och
608 1376 77 23 Adeln
697 1380 57 19 samt
764 1377 110 28 Borgare-

119 1411 92 22 ståndet
234 1414 69 19 måtte
320 1412 95 22 omfatta
431 1412 90 23 Präste-
535 1413 43 22 och
593 1413 191 22 Bondeståndens
801 1411 75 22 beslut

119 1447 98 22 därhän:

189 1501 187 23 Järnvägsutskottets
389 1501 111 19 betänkande
512 1502 35 19 N:o
560 1503 16 17 1.
608 1501 266 24 Sammanjämkningsförslag.
