1103 1739
266 143 27 20 20
458 142 29 22 U.
503 142 28 22 B.
547 155 29 2 —
593 142 71 29 Prop.
680 142 41 23 N:o
738 143 21 22 8.

234 206 71 21 hållet
326 206 115 27 oberördt,
466 211 54 18 utan
541 207 69 22 äfven
631 210 38 19 äro
690 207 225 22 otillfredsställande
937 207 48 22 där-

234 242 104 26 utinnan,
359 245 33 19 att
408 243 27 21 de
455 243 51 22 icke
525 246 30 19 nå
570 243 59 22 fram
645 243 32 22 till
700 243 94 22 Koitere
810 243 117 22 malmrika
943 243 40 28 sjö,

234 277 66 22 invid
316 278 68 22 hvars
400 281 165 26 vattensystem
581 282 67 23 stora,
665 279 89 22 kronan
770 279 42 22 och
826 279 104 22 enskilda
940 279 44 22 till-

234 313 82 29 höriga
332 314 82 29 skogar
429 315 133 26 förefinnas,
579 315 43 22 och
638 315 51 22 från
705 315 95 22 hvilken
812 323 28 13 en
853 315 131 28 betydande

234 352 174 27 varutransport
426 357 55 15 vore
502 353 33 19 att
550 351 107 28 påräkna,
674 351 76 22 därest
766 351 217 21 kommunikations-

233 385 173 22 förhållandena
428 386 70 22 vinna
516 387 105 28 varaktig
640 387 145 28 förbättring.
824 387 36 21 Då
876 386 108 29 därjämte

234 421 46 21 den
296 421 179 29 hufvudsakliga
486 423 98 21 trafiken
596 423 60 21 ifrån
667 423 175 28 ifrågavarande
855 422 129 22 landsdelar

234 457 68 21 söker
318 457 35 29 sig
370 458 98 26 söderut,
483 458 34 21 till
527 458 100 22 Värtsilä
639 458 54 22 eller
703 458 96 28 Viborg,
810 458 82 22 medan
904 458 79 21 endast

232 500 32 14 en
284 492 89 22 mindre
394 494 37 21 del
451 494 23 21 af
493 494 99 21 trafiken
611 496 40 26 går
666 494 35 22 till
716 494 105 22 Joensuu
837 494 57 26 stad,
911 493 72 22 skulle

233 528 88 22 banans
337 529 97 22 ledande
449 530 36 21 till
501 530 142 21 sistnämnda
659 533 41 23 ort,
716 537 55 15 vare
787 530 35 28 sig
838 532 76 19 vester
929 529 55 22 eller

232 567 64 19 öster
319 572 36 14 om
377 565 70 22 Pielis
471 566 38 26 elf,
531 566 109 21 innebära
664 573 29 14 en
716 565 132 29 betydande
870 568 83 26 omväg
975 566 9 20 i

230 600 132 28 jämförelse
386 601 51 21 med
461 602 62 21 hvad
541 602 153 21 förhållandet
713 602 85 26 blefve,
818 608 37 15 om
875 602 44 20 den
938 608 45 22 nya

233 636 71 29 linjen
328 636 73 22 skulle
425 637 63 22 ledas
511 637 45 22 den
580 638 89 21 rakaste
692 640 76 26 vägen
786 638 9 20 i
814 637 45 22 den
879 637 104 21 karelska

233 672 88 22 banans
337 672 195 30 hufvudriktning
548 673 55 22 eller
619 674 95 21 sålunda
730 674 34 21 till
780 673 100 22 Värtsilä
893 673 89 22 station.

304 708 36 22 De
356 708 71 22 banor
443 709 84 27 hvilka,
541 709 100 22 förutom
657 710 45 21 den
717 709 9 22 i
739 709 172 29 propositionen
925 709 57 21 före-

232 744 81 28 slagna
328 744 71 22 linien
430 745 334 26 Joensuu—Lieksa—Nurmes,
779 745 23 21 af
812 745 61 21 olika
883 752 100 21 grupper

232 780 63 22 inom
309 780 117 22 Utskottet
440 780 154 27 understödts,
606 780 66 22 deras
685 781 70 29 längd
767 781 43 21 och
821 780 161 29 anläggnings-

232 816 100 21 kostnad
347 816 89 28 framgå
451 816 24 22 af
489 816 171 22 nedanstående
676 817 78 21 tabell:

613 871 37 17 Alt.
664 871 7 17 I
856 870 37 18 Alt.
907 870 15 18 Il

555 900 92 18 skenvikt
660 900 53 23 22,343
725 901 31 23 kg.
812 900 90 18 skenvikt
915 900 22 17 25
951 900 30 23 kg.

230 935 129 22 Joensuu—
367 931 133 37 Uimaharju
522 954 3 3 .
543 939 46 23 47,7
597 936 44 22 km.
651 936 329 26 3,960,000
784 931 16 37 —
811 936 118 26 4,070,000
941 931 44 37 mk.

230 971 233 22 Joensuu—Pamilo.
481 989 4 4 .
503 989 4 4 .
525 989 4 4 .
546 975 47 23 47,5
618 989 10 10 ,
654 975 279 23 3,860,000
790 967 15 36 —
817 975 116 23 3,970,000
955 989 10 9 ,

231 1003 110 38 Värtsilä
350 1007 131 22 -Hiiskoski
506 1025 26 4 ..
549 1011 46 23 85,6
620 1025 10 10 ,
655 1011 278 23 6,800,000—7,000,000
955 1024 10 10 ,

303 1043 34 21 De
354 1043 82 21 mellan
453 1043 65 22 dessa
533 1043 72 22 banor
621 1043 108 29 liggande
745 1043 97 28 linjerna
858 1043 42 21 och
916 1043 6 21 i
940 1043 39 21 det

230 1078 140 29 föregående
398 1079 96 21 berörda
521 1079 84 22 bibana
631 1082 38 19 äro
695 1079 77 22 nedan
798 1079 182 26 sammanstälda,

232 1114 81 21 därvid
338 1114 42 21 bör
404 1115 125 26 anmärkas,
555 1117 32 19 att
615 1115 163 29 sträckningen
802 1114 178 22 Pamilo—Hiis-

230 1149 68 22 koski
313 1150 51 21 icke
380 1150 77 22 blifvit
472 1153 29 26 pä
516 1151 65 21 fältet
596 1151 134 22 undersökt:

662 1205 38 18 Alt.
713 1205 8 17 I
865 1204 38 18 Alt.
917 1204 16 17 II

581 1235 91 18 skenvikt
685 1235 53 21 22,343
750 1235 32 22 kg.
809 1234 90 18 skenvikt
912 1233 23 18 25
948 1234 31 23 kg.

229 1269 134 29 Uimaharju
376 1265 104 37 —Pamilo
496 1287 1 4 .
521 1287 1 4 .
542 1287 1 4 .
574 1270 65 23 9km.
670 1273 130 23 720,000—
833 1273 93 22 740,000
935 1269 44 22 mk.

229 1305 245 22 Pamilo—Hiiskoski.
492 1323 4 4 .
517 1323 1 4 .
539 1323 1 4 .
559 1309 26 19 13
611 1323 10 10 ,
648 1309 117 23 1,040,000
786 1309 140 22 —1,070,000
948 1322 10 10 ,

229 1341 290 29 Hiiskoski—Lylykoski.
541 1359 1 4 .
559 1345 27 19 10
611 1359 10 10 ,
670 1345 130 23 800,000—
831 1344 95 23 822,000
949 1359 8 8 ,

300 1389 47 21 Vid
363 1389 142 28 omröstning
521 1389 95 22 emellan
632 1389 70 22 ofvan
716 1389 102 22 nämnda
833 1388 146 22 hufvudrikt-

228 1424 84 29 ningar
331 1424 41 21 har
391 1425 142 28 majoriteten
552 1425 7 21 i
578 1425 118 22 Utskottet
712 1425 105 21 omfattat
832 1425 46 21 den
891 1424 89 21 direkta

228 1459 73 29 linjen
319 1460 118 21 Värtsilä
452 1455 121 37 Hiiskoski.

300 1512 184 24 Järnvägsutskottets
496 1514 107 18 betänkande
615 1513 34 18 N:o
662 1515 16 17 8.
