1103 1745
444 118 40 21 No
500 118 14 21 8
816 118 12 20 7

238 186 49 21 tion
310 186 39 22 vid
372 186 110 22 Savolaks
504 186 81 28 banan,
601 186 53 22 med
670 194 28 14 en
713 186 108 22 skenvikt
836 186 25 21 af

238 220 28 21 25
281 220 32 28 kg
328 228 41 21 per
383 223 71 19 meter
470 221 42 21 och
526 221 8 21 i
550 220 71 29 öfrigt
633 221 73 28 enligt
716 220 76 22 derför
801 228 57 20 upp-

239 254 77 28 gjordt
331 254 92 29 förslag,
435 254 35 22 för
486 262 27 14 en
528 255 116 21 beräknad
659 255 200 21 kostnadssumma

239 288 22 22 af
276 289 116 28 6,640,000
407 289 72 28 mark;

307 323 21 27 2)
345 331 36 14 om
396 323 124 29 byggande
536 324 22 21 af
574 332 28 14 en
617 324 167 28 normalspärig
799 323 59 29 jern-

239 360 45 26 väg
299 358 51 21 frän
364 358 104 22 Joensuu
478 359 56 28 stad,
545 361 114 19 vesterom
669 358 71 22 Pielis
751 358 37 28 elf,
800 360 60 20 samt

239 394 99 19 österom
363 392 129 28 Pielisjärvi
515 392 33 29 sjö
570 392 65 23 öfver
656 392 136 29 Uimaharju
817 392 41 22 och

239 426 83 21 Lieksa
344 427 37 20 till
402 427 97 21 Nurmes
516 427 52 21 med
584 435 27 14 en
628 427 107 22 skenvikt
751 426 22 22 af
788 427 69 27 22,343

238 461 32 27 kg.
289 468 40 21 per
347 463 72 19 meter
439 464 59 19 samt
512 461 8 22 i
536 461 72 28 öfrigt
623 461 73 28 enligt
712 461 75 22 derför
802 468 56 21 upp-

238 494 78 29 gjordt
325 495 92 28 förslag,
429 495 35 22 för
472 503 28 14 en
510 496 99 21 kostnad
618 495 25 22 af
650 496 128 27 13,280,000
785 495 73 27 mark;

307 530 21 27 3)
352 532 46 19 att:
407 529 35 22 för
461 530 107 21 arbetena
584 531 12 20 &
611 530 149 21 förenämnda
774 533 84 18 tvenne

236 563 178 29 järnvägslinier
433 564 71 22 under
524 565 53 21 ären
594 565 56 21 1906
666 565 40 21 och
724 565 55 21 1907
796 564 62 22 anvi-

241 605 35 15 sas
292 599 167 28 sammanlagdt
474 599 115 28 3,000,000
603 599 73 28 mark;

307 633 21 26 4)
352 635 34 20 att
408 633 34 22 för
465 633 65 22 dessa
549 634 83 21 banors
647 634 145 28 beläggande
807 633 51 22 med

239 667 77 22 arbete
331 669 126 28 uppställes
468 669 73 21 säsom
552 669 81 27 vilkor,
646 671 33 19 att
689 668 170 23 vederbörande

239 702 134 22 kommuner
389 703 54 21 eller
458 703 104 22 enskilda
581 711 107 20 personer
703 704 9 21 i
726 703 82 28 förväg
823 705 36 19 ut-

239 736 60 22 fästa
321 737 36 28 sig
377 740 34 19 att
431 745 95 14 ansvara
540 737 35 22 för
590 737 39 22 det
644 738 90 28 belopp,
750 737 109 22 hvarmed

237 770 118 28 jordlösen
377 771 43 21 och
442 772 128 28 ersättning
585 771 36 22 för
637 771 22 22 af
673 772 127 28 jernvägen
815 770 44 22 för-

240 805 109 22 orsakade
361 806 147 28 olägenheter
518 806 45 22 kan
573 806 93 22 komma
674 808 33 19 att
718 805 142 23 öfverskrida

241 839 59 21 hvad
323 840 110 28 styrelsen
452 840 31 28 pä
498 840 74 29 grund
588 840 22 22 af
626 840 96 22 särskild
737 840 123 28 värdering

239 873 93 28 pröfvar
348 874 93 28 skäligt;
458 873 118 23 äfvensom

308 908 21 27 5)
349 911 34 18 att
402 908 37 22 för
456 908 146 22 bestridande
618 909 23 21 af
656 909 153 21 kostnaderna
823 908 37 21 för

240 941 184 23 förekommande
430 942 307 29 jernvägsundersökningar
742 943 42 22 och
790 943 70 21 andra

240 977 7 20 i
266 977 165 29 sammanhang
448 977 94 22 härmed
560 978 94 21 stäende
672 978 93 21 arbeten
784 978 75 21 ansläs

239 1011 72 22 under
329 1012 54 21 åren
406 1012 141 21 1906—-1907
570 1014 34 19 ett
626 1012 84 28 belopp
729 1012 23 21 af
768 1012 93 28 100,000

243 1045 67 22 mark.

308 1121 100 28 Nädigst
432 1121 108 28 godkänd
563 1122 6 21 i
596 1121 120 29 Tsarskoje
739 1121 51 22 Selo
816 1121 43 22 den

240 1155 37 28 9/32
293 1155 110 22 Februari
420 1156 61 21 1906.

362 1252 302 22 Ministerstatssekreterare
679 1253 112 28 Langhoff.
