1098 1745
230 174 13 22 8
458 174 29 23 U.
505 175 26 21 B.
550 187 27 3 —
593 174 74 28 Prop.
685 174 40 22 N:o
741 174 22 22 9.

230 242 94 22 vember
342 243 61 27 1904,
420 242 153 29 bemyndigat
588 242 147 21 direktionen
747 244 34 19 att
791 241 100 27 anhålla,
902 243 34 19 att
946 241 44 21 den

230 276 98 28 garanti,
353 276 37 22 till
413 276 84 29 belopp
513 276 26 22 af
553 277 126 27 30,000,000
694 276 71 26 mark,
781 283 48 14 som
845 282 84 22 genom
945 275 45 22 för-

232 310 132 29 ordningen
389 310 25 22 af
435 310 45 22 den
503 312 27 20 29
553 310 99 22 Januari
673 312 60 24 1895)
750 311 60 27 ånyo
826 310 163 21 tillförsäkrats

230 344 274 30 Hypoteksföreningen,
521 344 43 22 och
580 344 95 22 hvilken
687 344 91 29 garanti
789 344 134 28 föreningen
934 344 56 21 fort-

229 378 99 23 farande
350 379 81 29 åtnjöt,
447 379 77 22 kunde
540 379 73 22 varda
628 379 261 29 Hypoteksföreningen
904 378 37 22 till
957 380 34 20 ett

228 413 106 29 förhöjdt
352 414 83 28 belopp
452 414 26 21 af
491 415 128 25 50,000,000
635 414 65 21 mark
716 413 106 28 beviljad.

303 447 53 22 Med
372 447 126 30 anledning
507 447 26 22 af
546 448 77 21 denna
637 447 158 22 direktionens
810 447 36 22 för
858 447 131 28 Hypoteks-

230 482 142 28 föreningen
396 482 110 21 anhållan
521 482 114 21 förelades
653 482 130 21 Ständerna
797 481 40 22 vid
852 484 78 19 senast
945 481 44 22 för-

230 517 104 21 samlade
350 517 114 28 landtdag
478 517 145 28 proposition
641 517 85 25 därom,
743 519 34 19 att
787 516 113 21 Finlands
910 516 79 28 Hypo-

230 550 162 29 teksförening
408 551 75 21 skulle
499 551 154 21 tillförsäkras
669 551 92 28 garanti
776 551 36 20 för
826 550 163 29 uppfyllandet

229 585 28 21 af
278 585 27 22 de
328 585 154 22 förbindelser
504 585 144 29 föreningen,
665 585 59 22 efter
739 585 79 29 hvarje
833 585 64 28 gång
912 587 77 19 utvär-

229 619 59 22 kadt
303 619 114 27 tillstånd,
425 619 77 22 kunde
517 619 80 22 ikläda
607 620 36 28 sig
653 620 40 21 vid
706 619 149 30 upptagande
866 620 13 21 å
892 619 97 21 utrikes-

228 657 38 18 ort
282 654 25 21 af
321 654 46 27 lån,
382 654 60 22 dock
458 654 51 22 icke
524 654 37 22 till
579 654 72 29 högre
661 655 82 28 belopp
755 658 28 17 än
795 657 35 18 att
839 653 150 29 föreningens

228 688 130 22 utländska
378 689 68 21 skuld
463 689 204 21 sammanräknadt
682 689 20 28 ej
717 689 130 28 öfverstege
862 689 125 27 50,000,000

229 723 73 21 mark.

301 757 76 21 Sedan
394 757 130 21 Ständerna
540 757 8 21 i
563 757 147 29 underdånig
725 757 122 21 skrifvelse
863 756 26 22 af
901 757 43 21 den
962 757 25 21 15

228 791 69 29 April
306 793 55 21 1905
371 792 95 26 anmält,
477 794 35 19 att
523 792 186 26 Statsutskottet,
720 792 36 21 till
767 791 68 22 hvars
848 791 141 28 behandling

228 826 46 21 den
298 826 86 28 nådiga
407 826 174 28 propositionen
597 826 172 28 öfverlämnats,
785 826 50 21 icke
851 826 138 21 medhunnit

229 860 87 21 dennas
337 860 147 29 behandling,
503 860 43 21 har
561 860 37 21 till
613 868 32 13 nu
660 860 137 22 församlade
812 860 86 21 urtima
913 860 75 21 landt-

228 893 48 29 dag
299 894 167 22 öfverlämnats
488 895 144 28 proposition
651 895 7 21 i
674 894 121 22 enahanda
811 894 61 29 syfte
888 901 47 14 som
952 893 35 22 till

228 931 94 19 senaste
337 929 121 29 landtdag.

298 963 35 21 Af
354 963 158 22 direktionens
527 963 37 22 för
579 963 261 29 Hypoteksföreningen
856 963 37 22 för
907 963 80 21 räken-

228 997 122 29 skapsåret
367 999 55 20 1905
438 997 90 29 afgifna
544 998 123 21 berättelse
683 998 42 21 har
733 997 122 23 Utskottet
866 997 121 26 inhämtat,

227 1034 37 19 att
287 1031 26 22 af
333 1032 274 29 Hypoteksföreningens
623 1032 99 29 tidigare
737 1032 125 21 utländska
877 1032 38 21 lån
931 1031 56 22 fort-

227 1066 97 21 farande
349 1066 101 27 utestod,
468 1067 69 20 sedan
555 1067 28 20 de
599 1067 64 21 äldre
678 1067 69 21 lånen
763 1066 26 22 af
802 1067 53 20 åren
873 1067 54 20 1865
944 1066 43 21 och

227 1101 57 21 1884
302 1100 123 22 efterhand
440 1101 167 27 konverterats,
624 1101 82 21 endast
720 1103 13 20 4
745 1101 101 27 9/,-lånet
856 1100 26 22 af
890 1101 25 21 år
926 1101 61 27 1887,

226 1134 86 22 hvaraf
325 1135 41 21 vid
380 1135 121 28 utgången
517 1135 26 22 af
557 1136 24 21 år
597 1137 55 20 1905
663 1136 59 21 åter-

298 1169 52 21 stod
366 1172 35 19 ett
416 1169 83 29 belopp
517 1169 25 22 af
573 1186 5 5 .
610 1187 4 4 .
645 1187 4 4 .
681 1186 4 4 .
717 1187 3 3 .
737 1169 58 22 Fmk
825 1170 116 25 6,067,000:
959 1181 27 4 —

226 1203 48 21 Vid
291 1210 87 15 samma
394 1203 111 29 tidpunkt
520 1204 102 21 återstod

298 1238 13 21 å
327 1239 55 20 1895
399 1238 36 21 års
451 1239 38 20 län
535 1256 4 3 .
573 1256 3 3 so
608 1256 3 3 oo
643 1255 39 4 cc
713 1255 4 4 co
759 1255 12 8 »
824 1239 117 26 6,980,000:
959 1251 27 2 —

297 1272 13 21 å
326 1273 55 20 1902
398 1273 36 20 års
450 1272 39 21 lån
533 1288 5 5 .
569 1289 4 4 .
604 1288 5 5 so
641 1289 3 4 .«
677 1289 4 5 .
713 1289 4 4 -
758 1289 11 8 »
809 1273 132 25 15,599,000:
958 1285 28 3 —

226 1310 59 22 eller
301 1311 89 21 således
402 1319 29 14 en
442 1312 159 28 sammanlagd
611 1312 111 22 utländsk

297 1345 68 21 skuld
381 1346 26 21 af
426 1363 4 4 .
461 1362 5 5 .
497 1362 4 5 .
533 1363 4 4 .
569 1363 4 5 .
605 1363 4 4 .
641 1364 4 4 .
677 1363 4 5 .
713 1363 4 5 .
733 1346 61 22 Fmk
810 1347 132 26 28,646,000:
959 1358 26 4 —

296 1408 51 21 Den
359 1408 121 22 inhemska
488 1409 240 28 obligationsskulden
738 1409 103 28 uppgick
851 1408 40 22 vid
899 1416 86 14 samma

225 1441 36 22 tid
280 1442 36 21 till
332 1442 103 29 följande
451 1443 90 29 belopp:

297 1517 143 18 Statsutskottets
453 1517 109 18 betänkande
574 1518 38 17 N:o
626 1519 16 16 6.
