1100 1745
447 135 40 21 N:o
499 135 26 21 11
816 135 25 20 11

116 202 110 22 händelse
242 202 61 22 skall
318 203 61 21 efter
392 203 102 28 nyvalen
505 203 98 28 lagtima
613 203 114 28 landtdag
739 203 61 28 ånyo
811 210 60 15 sam-

116 237 149 22 mankomma
280 237 13 21 å
309 237 74 22 första
395 237 76 29 dagen
481 237 9 22 i
501 237 46 22 den
556 237 205 28 kalendermånad,
773 245 49 14 som
832 237 40 22 be-

114 278 92 21 gynner
220 273 54 20 näst
289 271 61 22 efter
365 271 70 22 nittio
451 271 72 30 dagar
536 271 54 22 från
601 271 179 30 upplösningen,
792 271 56 22 eller
858 271 14 21 å

115 305 45 22 den
171 305 101 29 tidigare
282 305 52 29 dag,
346 313 49 14 som
407 305 26 22 af
443 305 114 29 Kejsaren
568 305 44 22 och
623 305 147 22 Storfursten
778 308 92 19 utsatts.

183 339 114 22 Utfärdas
319 340 159 21 förordnande
501 348 38 14 om
561 347 47 21 nya
630 340 39 21 val
691 341 61 20 efter
771 340 40 21 det
825 340 47 27 lag-

115 374 58 21 tima
181 374 114 28 landtdag
312 374 99 29 åtskilts,
429 375 43 21 och
487 375 80 21 kunna
581 374 70 22 valen
667 374 21 29 ej
699 374 112 22 slutföras
822 375 50 21 före

116 408 44 22 den
183 409 75 21 första
280 409 76 28 dagen
379 409 9 21 i
410 409 159 28 nästföljande
588 409 105 21 februari
707 409 92 28 månad,
815 415 57 22 upp-

115 442 89 29 skjutes
219 443 98 28 lagtima
332 443 157 29 landtdagens
505 443 170 22 sammanträde
691 443 37 22 till
743 443 75 22 första
834 443 38 21 da-

114 484 46 22 gen
176 478 8 21 i
200 478 44 21 den
261 478 203 27 kalendermånad,
481 485 47 15 som
545 478 68 29 följer
624 478 60 21 efter
695 478 40 21 det
744 477 82 22 valens
836 479 36 20 ut-

114 513 64 28 gång
193 512 169 29 bekantgjorts.

469 636 23 19 19
509 635 20 26 8.

184 697 36 21 Af
233 696 115 29 Kejsaren
364 697 44 22 och
424 697 147 22 Storfursten
581 697 68 22 beror
660 699 35 19 att
705 696 169 22 sammankalla

116 731 86 22 urtima
224 731 115 29 landtdag
362 734 60 19 samt
445 734 35 19 att
501 732 129 22 bestämma
645 735 42 18 när
703 731 45 22 den
763 731 61 22 skall
839 732 35 21 åt-

117 765 89 29 skiljas.

185 800 29 29 Ej
230 801 38 21 må
282 800 88 22 urtima
387 801 115 28 landtdag
517 803 101 20 utsättas
635 803 35 19 att
685 801 66 28 börja
766 800 107 29 tidigare,

117 838 30 18 än
163 835 13 21 å
190 835 121 21 femtonde
326 835 76 28 dagen
419 835 60 22 efter
494 835 125 22 kallelsens
634 835 148 27 utfärdande,
794 834 20 29 ej
826 834 48 22 hel-

116 869 34 21 ler
166 869 78 28 fortgå
258 869 81 29 längre
355 872 31 18 än
400 869 39 21 till
455 869 43 22 och
515 869 53 22 med
583 869 57 21 sista
655 869 102 29 helgfria
768 869 46 28 dag
824 869 50 21 före

117 903 51 27 den,
185 903 29 21 då
229 903 98 28 lagtima
342 903 116 29 landtdag
473 904 114 28 vidtager.

186 937 46 22 Vid
248 937 86 22 urtima
348 938 117 29 landtdag
480 938 37 21 må
533 938 82 21 endast
626 938 144 21 förekomma
782 937 92 27 ärende,

118 979 48 14 som
189 972 119 21 föranledt
329 972 158 29 landtdagens
509 972 215 22 sammankallande
747 973 56 21 eller
818 972 56 29 eljes

117 1007 27 21 af
157 1007 115 28 Kejsaren
288 1007 44 21 och
347 1007 146 22 Storfursten
509 1007 38 22 till
562 1007 133 21 densamma
711 1007 164 26 öfverlämnas,

117 1042 25 21 så
166 1041 44 22 ock
228 1041 62 22 hvad
306 1041 52 21 med
374 1041 78 28 dylikt
467 1041 85 22 ärende
568 1041 48 22 står
631 1041 8 21 i
655 1041 148 29 oskiljaktigt
818 1048 58 15 sam-

118 1075 126 29 manhang.

469 1169 27 20 20
513 1169 18 27 8.

187 1235 116 29 Kejsaren
325 1235 44 22 och
393 1236 158 21 Storfurstens
570 1236 182 29 förordnanden,
768 1236 82 22 hvilka
868 1236 8 21 i

121 1273 31 25 16,
178 1273 25 19 18
226 1270 44 22 och
294 1273 25 19 19
343 1271 28 26 88
394 1271 68 28 afses,
486 1271 116 28 kungöras
618 1271 8 21 i
641 1271 46 21 den
703 1271 107 28 ordning,
826 1277 50 15 som

118 1305 38 21 för
178 1305 213 28 offentliggörande
407 1305 27 21 af
447 1305 171 28 författningar
635 1305 8 21 i
658 1305 102 21 Finland
776 1309 26 17 är
816 1305 61 21 före-

120 1338 113 23 skrifven.

188 1373 168 22 Förordnande
371 1380 38 15 om
425 1381 47 21 nya
487 1374 40 21 val
541 1374 118 22 meddelas
671 1374 113 29 därjämte
794 1381 84 21 guver-

119 1411 99 18 nörerne
240 1410 60 19 samt
323 1408 28 21 de
374 1408 167 28 myndigheter
563 1409 43 21 och
628 1408 120 29 nämnder,
767 1409 13 21 å
796 1408 82 22 hvilka

120 1442 81 21 valens
217 1442 188 21 föranstaltande
421 1442 142 22 ankommer.
