1098 1745
322 125 29 22 U.
367 125 28 21 B.
411 137 28 2 —
456 125 70 28 Prop.
543 125 40 22 N:o
601 125 20 22 8.
803 127 12 19 9

357 411 229 22 Reservation.

168 476 36 21 Då
219 477 147 28 Regeringen
382 477 34 21 till
432 477 82 22 urtima
525 477 140 29 landtdagen
677 476 169 23 öfverlemnade

98 511 44 23 den
172 512 84 29 nådiga
284 512 172 29 propositionen
483 513 120 29 angående
626 513 79 21 vidare
729 512 117 29 järnvägs-

98 548 142 29 byggnader,
264 548 150 23 motiverades
439 549 45 22 den
508 549 92 22 därmed
625 552 32 18 att
680 549 57 21 efter
759 548 87 22 Elisen-

98 584 202 29 vaara—Nyslotts
322 584 87 22 banans
432 584 162 22 fullbordande
611 584 107 29 möjligen
734 584 112 29 uppstode

98 619 134 22 arbetsbrist
254 620 36 22 för
308 620 251 29 järnvägsarbetarena,
582 620 43 23 och
648 620 34 22 till
699 620 147 22 undvikande

99 655 64 22 däraf
185 656 113 29 föreslogs
320 664 46 21 nya
388 657 124 28 järnvägar
535 659 33 19 att
591 656 114 29 anläggas.
737 656 46 21 För
801 663 46 22 nya

96 691 123 29 järnvägar
234 692 42 21 har
292 691 168 23 ständerbeslut
476 692 95 22 vunnits
587 692 80 21 endast
677 692 51 21 med
739 691 108 22 afseende

98 729 13 19 å
133 727 234 22 Kemi—Rovaniemi
388 728 84 27 banan,
493 729 68 21 hvars
578 728 196 29 kostnadsförslag
790 735 55 21 upp-

98 765 41 26 går
154 763 35 22 till
206 767 118 23 9,312,000
341 764 69 21 mark.

169 799 46 22 För
238 799 112 22 Karelska
371 800 87 22 banans
480 799 151 29 fortsättning
653 799 81 22 liksom
750 799 36 22 för
802 799 45 22 den

100 835 222 28 sydösterbottniska
346 835 74 22 banan
440 836 41 21 har
497 836 102 21 erhällits
615 838 39 19 tvä
670 835 78 22 ständs
763 835 83 22 beslut.

98 870 80 29 Enligt
195 874 27 19 78
238 871 14 29 8
268 871 8 21 i
292 871 265 29 Landtdagsordningen
573 872 23 20 få
611 872 84 28 frågor,
707 878 47 14 som
770 871 23 21 af
808 873 39 19 två

99 906 66 21 stånd
189 906 113 27 beslutits,
319 907 96 27 förfalla,
439 911 64 18 utom
526 907 85 22 sådana
635 914 47 14 som
701 907 72 28 enligt
789 910 28 19 74
833 906 14 29 &

98 941 50 22 icke
170 942 24 21 fä
216 942 91 22 förfalla
326 943 42 22 och
389 943 50 22 icke
456 943 45 22 täla
517 943 106 29 uppskof.
655 943 128 22 Utskottets
799 942 48 29 plu-

99 978 85 22 ralitets
216 978 74 22 beslut
321 982 33 19 att
385 982 29 26 pä
444 979 77 29 grund
548 979 23 22 af
599 982 39 19 två
665 979 78 22 ständs
772 979 75 21 beslut

99 1015 175 29 sammanjämka
290 1015 118 28 angäende
423 1015 113 22 Karelska
551 1015 86 22 banans
647 1015 148 28 fortsättning
804 1015 43 21 och

99 1050 117 28 angående
241 1051 43 21 den
310 1051 222 28 sydösterbottniska
556 1051 75 22 banan
650 1058 53 14 anse
719 1050 24 22 vi
759 1050 87 29 lagstri-

99 1085 56 28 digt,
179 1089 25 26 ty
224 1087 66 21 dessa
306 1087 99 22 ärenden
422 1090 38 19 äro
477 1087 19 29 ej
514 1087 23 22 af
554 1087 70 22 sädan
640 1087 160 21 beskaffenhet
815 1089 33 18 att

99 1121 28 21 de
151 1121 50 22 icke
224 1125 54 18 utan
303 1123 121 28 olägenhet
448 1123 74 22 skulle
539 1123 78 21 kunna
632 1123 85 21 lemnas
733 1122 33 22 till
782 1125 65 18 nästa

99 1156 117 31 landtdag,
234 1165 47 14 som
298 1159 179 21 sammanträder
494 1159 70 22 redan
575 1158 153 22 instundande
739 1161 30 18 är.
786 1158 61 21 Enär

98 1193 34 20 till
158 1193 104 29 Nyslotts
288 1194 86 22 banans
400 1194 163 22 fullbordande
591 1194 112 22 erfordras
727 1194 64 21 öfver
807 1201 40 14 sex

99 1228 111 23 millioner
236 1230 63 21 mark
324 1231 42 21 och
393 1230 33 21 till
452 1230 234 22 Kemi—Rovaniemi
711 1229 74 22 banan
808 1229 39 22 nio

99 1264 113 23 millioner
233 1266 70 26 mark,
319 1266 70 22 förslä
402 1266 26 29 ju
446 1266 66 22 dessa
528 1266 35 21 till
579 1265 174 22 arbetsbristens
769 1265 78 28 afhjäl-

99 1301 75 27 pande
191 1301 73 21 under
280 1301 75 22 denna
370 1302 166 28 finansperiod,
553 1302 80 21 hvaraf
649 1309 93 14 numera
752 1303 95 19 äterstär

100 1336 81 22 endast
204 1337 128 22 halftannat
355 1340 30 18 är.
417 1337 69 22 Hvad
509 1337 110 22 beträffar
633 1337 111 21 Karelska
759 1336 87 22 banans

98 1372 155 29 fortsättning,
277 1373 41 21 har
342 1373 44 22 den
406 1373 51 22 icke
474 1381 41 14 ens
534 1373 87 21 hälften
637 1373 22 21 af
675 1372 171 29 representatio-

98 1415 46 14 nen
160 1408 36 22 för
212 1408 42 29 sig,
271 1409 94 21 emedan
382 1409 181 26 Bondeständet,
572 1408 131 29 därigenom
719 1411 32 19 att
767 1416 28 14 en
810 1408 37 21 del

98 1447 35 19 för
155 1444 45 21 den
223 1444 70 22 andra
317 1444 210 30 bansträckningen
548 1444 100 22 varande
664 1444 145 21 medlemmar
825 1444 22 20 af

99 1480 90 21 ständet
204 1480 148 29 tillfälligtvis
368 1488 56 15 voro
440 1480 161 26 fränvarande,
614 1480 38 21 det
665 1480 91 21 oaktadt
767 1479 80 22 endast

170 1534 184 23 Järnvägsutskottets
367 1534 109 18 betänkande
489 1534 34 18 N:o
536 1535 16 17 1.
565 1533 264 23 Sammanjämkningsjörslag.
