1103 1748
285 142 76 23 Ständ.
378 142 37 23 Sv.
431 156 27 2 —
476 143 64 28 Prop.
557 143 38 23 N:o
612 143 22 22 II.
671 150 2 2 :
805 146 27 19 39

113 207 49 29 går,
188 207 99 23 tillsätta
311 214 28 16 en
363 207 135 28 valnämnd,
529 208 128 22 bestående
684 208 24 22 af
734 214 28 16 en
788 207 74 23 ordfö-

112 242 73 23 rande
208 243 43 22 och
273 242 53 30 fyra
347 243 160 27 medlemmar,
531 244 35 22 för
587 245 35 21 att
637 244 63 22 inom
717 244 145 22 kommunen

114 278 96 23 förrätta
225 278 260 30 landtdagsmannaval.
517 279 67 23 Dock
601 279 67 27 skall,
685 286 37 16 om
740 280 29 28 pä
786 278 77 30 grund

113 314 24 22 af
159 314 113 30 Kejsaren
297 314 42 23 och
356 314 155 24 Storfurstens
528 315 158 23 förordnande
702 322 46 22 nya
763 315 38 22 val
818 315 45 22 för-

112 351 92 26 rättats,
228 356 32 23 ny
276 350 127 23 valnämnd
420 352 65 21 utses
501 352 9 21 i
522 352 96 28 januari
634 351 88 22 mänad
738 351 51 22 äret
805 350 59 23 efter

113 386 46 27 det,
176 385 134 24 hvarunder
325 386 75 29 sagda
417 386 36 23 val
470 388 40 28 egt
527 394 58 15 rum.

184 417 34 27 Är
239 422 113 23 kommun
373 422 94 23 indelad
487 424 7 21 i
516 422 242 29 röstningsomräden,
779 422 84 23 tillsät-

114 460 34 20 tes
164 464 29 16 en
210 458 74 22 sädan
300 458 90 22 nämnd
405 458 36 22 för
457 458 80 30 hvarje
555 458 101 23 omräde.

185 493 144 23 Ordförande
345 494 43 22 och
403 494 129 23 ledamöter
543 495 8 21 i
561 494 135 27 valnämnd,
706 495 75 29 jämte
793 494 70 23 erfor-

113 529 86 29 derligt
222 529 64 22 antal
309 530 150 28 suppleanter
481 530 36 22 för
539 530 61 26 dem,
617 530 67 22 skola
700 530 74 29 väljas
792 529 71 23 bland

113 565 187 29 valberättigade
323 572 118 22 personer,
463 566 81 22 hvilka
569 568 38 20 äro
623 566 93 22 bosatta
738 566 1 22 i
755 566 108 22 kommu-

113 608 54 20 nen,
179 601 43 23 och
233 601 84 23 fortfar
328 601 68 23 deras
408 602 107 28 uppdrag
525 602 34 22 till
570 602 53 22 dess
634 608 30 22 ny
674 602 88 22 nämnd
770 603 93 21 utsetts.

464 660 11 18 5
493 656 20 29 8.

184 698 10 22 I
210 697 52 23 stad
279 700 26 20 är
321 698 153 28 magistraten
491 698 135 22 valnämnd.

185 728 33 28 Är
234 733 83 23 staden
334 733 95 23 indelad
444 734 6 22 i
462 733 241 29 röstningsomräden,
715 733 101 22 fördelar
827 734 37 28 sig

114 770 154 28 magistraten
291 769 35 22 för
344 769 86 29 själfva
445 769 212 29 valförrättningen
674 770 8 21 i
698 768 166 23 motsvarande

114 805 64 23 anta]
202 805 149 29 afdelningar
368 805 43 22 och
427 805 101 23 inkallar
544 805 40 22 vid
601 805 69 22 behof
687 804 154 23 medlemmar
857 805 7 21 i

114 841 75 23 dessa.

185 877 86 22 Finnes
295 877 20 29 ej
340 878 130 28 magistrat,
495 877 60 22 skall
580 877 160 28 ordningsrätt
763 876 102 28 fullgöra

114 913 137 29 magistrats
267 914 6 21 i
291 913 77 22 denna
383 913 41 28 lag
440 913 114 28 stadgade
571 912 149 29 äligganden.

448 970 12 19 2
477 967 54 28 kap.

394 1016 47 21 Om
457 1017 128 27 vallängd.

465 1063 50 28 65.

185 1104 118 29 Vallängd
327 1104 34 22 för
385 1104 217 29 röstningsomräde
625 1105 115 28 uppgöres
765 1103 24 22 af
803 1103 62 40 dess

114 1140 136 23 valnämnd.

185 1171 34 27 Är
234 1175 53 23 stad
303 1175 95 23 indelad
414 1177 7 21 i
437 1175 241 29 röstningsomräden,
690 1177 115 27 uppgöres
816 1175 49 22 val-

114 1211 72 29 längd
203 1211 35 23 för
253 1211 82 30 hvarje
351 1211 95 23 omräde
463 1211 24 23 af
504 1212 162 29 magistraten.

466 1266 49 29 78.

186 1307 82 23 Säsom
285 1307 116 29 underlag
416 1307 35 22 för
467 1307 155 29 vallängdens
639 1306 150 30 uppgörande
804 1306 61 23 skall

114 1343 176 22 vederbörande
302 1343 226 28 mantalsskrifvare
544 1344 63 21 inom
621 1343 95 29 januari
729 1342 86 22 mänad
827 1343 39 20 det

115 1379 32 26 är,
169 1379 75 22 under
267 1379 92 22 hvilket
382 1378 65 23 tiden
471 1379 26 22 af
517 1379 35 22 tre
570 1379 25 22 är
611 1378 52 22 frän
680 1379 93 21 senaste
789 1377 76 23 landt-

114 1414 187 29 dagsmannaval
333 1414 150 29 tilländagär,
515 1414 108 23 tillställa
651 1413 157 23 valnämnden
835 1419 30 16 en

115 1450 59 22 efter
197 1450 30 29 by
257 1450 43 22 och
327 1450 237 22 hemmansnummer
593 1449 62 28 eller,
680 1450 8 21 i
714 1449 59 27 stad,
806 1449 60 22 efter
