1100 1745
341 133 29 22 U.
386 133 27 22 B.
429 145 29 3 —
474 133 72 28 Prop.
563 133 40 22 N:o
621 133 20 22 8.
812 135 27 19 39

116 198 106 21 framhöll
237 198 129 21 dåvarande
382 198 203 29 Järnvägsutskott
601 198 74 21 såsom
692 200 32 19 ett
736 197 135 28 önsknings-

116 234 45 21 mål
181 234 36 21 för
238 233 129 26 framtiden,
390 236 33 19 att
438 241 46 21 nya
499 234 78 25 banor,
593 241 49 14 som
658 233 7 22 i
681 234 78 21 landet
775 233 94 26 utföras,

116 269 50 22 icke
190 269 70 22 mätte
284 272 100 19 utrustas
404 269 52 22 med
472 270 24 21 sä
512 270 42 21 lätt
570 269 176 29 öfverbyggnad
762 277 49 14 som
826 269 45 21 den

117 305 52 22 med
195 305 58 22 räler
280 305 23 22 af
326 309 46 22 22,8
396 305 121 29 kilograms
540 305 50 22 vikt
610 313 41 21 per
673 305 97 28 löpande
793 307 77 19 meter.

118 341 78 22 Säsom
220 341 157 22 hufvudorsak
400 341 77 22 härtill
498 341 113 26 anfördes,
627 344 34 19 att
677 341 28 22 de
720 341 42 22 vid
777 341 94 21 statsba-

117 385 72 13 norna
212 384 93 14 numera
328 377 91 21 införda
437 379 83 27 tyngre
537 377 174 29 godsvagnarna
726 377 51 21 icke
794 377 77 21 kunna

117 413 84 21 tillätas
225 413 53 21 fullt
301 413 85 21 lastade
410 413 77 28 inlöpa
509 413 30 28 pä
558 413 28 22 de
608 413 53 21 med
676 413 42 21 lätt
734 413 138 28 öfverbygg-

118 448 46 22 nad
185 448 106 22 försedda
314 448 107 26 banorna,
446 449 94 21 emedan
557 449 66 21 dessa
639 448 145 29 godsvagnar
800 448 72 21 under

118 484 43 22 full
184 484 44 22 last
251 484 80 22 utöfva
355 487 33 19 ett
407 487 71 19 större
494 484 117 29 hjultryck
627 488 28 18 än
671 484 45 26 det,
732 484 37 22 för
784 484 89 21 hvilket

118 520 45 22 den
185 520 80 21 lättare
281 520 251 29 banöfverbyggnaden
547 520 60 22 varit
622 520 122 22 beräknad.
779 520 45 21 För
841 522 32 18 att

118 556 86 28 påvisa,
226 556 7 21 i
252 556 94 21 hvilken
361 556 57 28 grad
434 556 75 22 denna
526 556 121 29 olägenhet
663 560 41 24 gör
720 556 35 28 sig
771 556 102 21 kännbar

119 592 40 22 vid
175 592 180 28 exploatationen
372 592 23 22 af
410 592 163 27 statsbanorna,
590 592 117 26 nämndes,
719 594 33 19 att
760 592 24 22 af
794 592 28 22 de
833 591 40 22 vid

119 628 117 28 utgången
258 628 23 21 af
303 628 24 21 år
351 631 56 19 1902
431 628 142 29 förefintliga
589 632 64 22 3,391
671 628 75 21 täckta
762 628 111 28 godsvag-

119 671 70 14 narna
212 667 27 19 90
249 664 35 29 9/,,
301 664 41 21 och
359 664 23 21 af
399 664 28 21 de
443 664 41 21 vid
499 672 85 14 samma
600 664 34 21 tid
650 664 141 28 förefintliga
808 666 65 23 6,213

120 703 76 25 öppna
215 700 174 28 godsvagnarna
407 704 26 18 78
441 700 31 28 9/,
487 700 59 21 hade
562 702 72 19 större
649 699 225 28 bruttolastförmäga

120 738 29 18 än
165 736 45 21 den
225 736 41 21 vid
281 736 28 21 de
325 736 56 21 lätta
396 736 101 21 banorna
507 736 96 26 tillätna,
614 738 58 19 samt
683 738 33 18 att
726 736 67 20 dessa
803 738 72 25 tunga

120 772 144 28 godsvagnar
287 771 40 22 vid
343 772 126 28 öfvergäng
486 772 35 21 till
536 772 28 21 de
581 771 139 22 sistnämnda
734 772 102 20 banorna
851 770 24 22 fä

120 807 77 29 intaga
213 815 29 13 en
258 808 43 20 last
317 808 23 21 af
355 808 8 20 i
374 808 107 21 medeltal
493 808 80 21 endast
585 811 26 19 73
623 814 58 22 resp.
696 810 27 20 81
734 808 30 28 9/,
775 807 24 21 af
809 807 65 21 deras

120 843 228 29 medellastförmäga,
372 843 8 21 i
402 847 199 25 ogynnsammaste
617 843 40 21 fall
674 843 80 21 endast
770 846 27 19 69
815 850 58 20 resp.

121 881 28 20 66
157 879 36 28 %/.
226 878 83 22 Tillika
324 879 106 28 uppgafs,
448 881 34 19 att
497 879 24 21 af
537 879 27 21 de
580 879 81 21 hittills
673 879 91 21 utförda
774 878 101 21 banorna

124 917 12 19 7
159 914 88 29 anlagts
269 915 52 21 med
348 915 59 21 räler
429 915 23 21 af
473 918 46 23 22,3
543 915 50 28 kg:s
608 915 57 26 vikt,
690 918 5 19 2
712 915 53 21 med
780 914 58 21 räler
854 913 23 22 af

121 953 29 19 25
166 950 50 28 kg:s
232 950 51 21 vikt
298 951 42 20 och
363 953 13 20 6
400 950 52 21 med
463 951 84 21 sädana
566 951 23 20 af
605 953 28 20 30
649 951 49 28 kg:s
720 950 57 26 vikt,
795 949 81 22 därvid

122 986 181 28 sammanslagna
331 986 85 21 antalet
441 986 126 26 kilometer,
594 986 95 21 bibanor
714 985 161 26 inberäknade,

122 1029 49 14 som
191 1021 89 29 belagts
304 1022 52 21 med
380 1022 39 21 det
443 1029 43 14 ena
509 1022 54 21 eller
585 1022 70 21 andra
675 1022 72 28 slaget
762 1022 65 25 räler,
853 1024 23 18 är

122 1057 111 28 följande:

203 1109 46 23 22,3
265 1106 50 28 kg:s
331 1106 83 22 skenor
447 1124 3 4 .
485 1124 4 4 .
523 1124 3 4 .
559 1124 4 4 .
598 1110 63 22 1,665
678 1106 119 22 kilometer

202 1144 28 20 25
285 1159 10 9 ä
365 1160 11 9 ”
447 1160 42 4 ee
523 1160 4 4 4
560 1160 4 4 e
619 1146 43 19 250
732 1160 10 9 ”

203 1181 92 23 30,
367 1195 10 9 ”
447 1196 118 4 2000.
599 1181 63 23 1,041
732 1196 10 9 »

195 1237 109 22 Förutom
327 1238 152 28 olägenheten
503 1238 24 21 af
551 1246 28 14 en
601 1238 30 28 på
647 1238 90 21 anfördt
753 1240 46 19 sätt
815 1237 63 21 störd

123 1273 118 21 samtrafik
266 1274 83 21 mellan
372 1274 72 21 banor
466 1274 53 21 med
535 1274 60 21 olika
614 1273 180 29 öfverbyggnad,
811 1273 66 21 fram-

123 1308 58 22 hölls
198 1309 69 22 äfven
283 1311 33 20 ett
331 1311 71 19 annat
417 1309 87 29 viktigt
519 1309 49 22 skäl
583 1309 36 22 för
633 1311 34 19 att
677 1309 58 21 räler
744 1309 23 21 af
778 1309 25 21 så
813 1308 65 29 ringa

124 1344 51 22 vikt
190 1351 49 15 som
255 1348 47 23 22,s
317 1345 32 28 kg
364 1352 42 21 per
421 1345 99 28 löpande
536 1347 71 20 meter
620 1345 50 21 icke
681 1345 70 21 borde
762 1344 115 22 anskaffas

124 1380 35 21 till
181 1380 71 22 banor
268 1381 53 21 med
335 1381 89 21 normal
440 1381 116 28 spårvidd.
589 1381 30 21 Så
634 1381 38 21 väl
687 1380 8 21 i
711 1380 104 21 utlandet
830 1387 49 14 som

124 1416 69 21 äfven
216 1416 9 21 i
248 1419 53 26 eget
323 1416 55 22 land
402 1417 41 20 har
462 1417 159 21 erfarenheten
642 1416 125 28 ådagalagt,
791 1418 32 19 att
846 1417 33 20 ett

124 1452 170 27 nedpressande
318 1452 23 21 af
364 1452 128 22 rälsvikten
511 1452 50 21 icke
583 1455 24 18 är
628 1452 107 28 förenligt
756 1451 53 22 med
824 1451 55 21 klok

195 1504 187 24 Järnvägsutskottets
395 1505 110 19 betänkande
517 1505 34 18 N:o
564 1507 16 16 1.
