1106 1745
312 144 77 24 Ständ.
405 144 37 23 Sv.
458 158 29 3 —
503 145 65 28 Prop.
584 145 38 23 N:o
639 145 21 22 II.
805 147 28 19 49

182 209 107 23 Härefter
312 209 67 28 skall,
402 209 53 23 med
478 210 96 29 ledning
591 209 24 23 af
630 209 128 30 godkända
774 209 90 22 anmäl-

112 246 91 29 ningar,
223 245 45 23 den
289 245 93 29 tryckta
401 246 256 29 sammanställningen
674 245 127 29 behörigen
817 246 47 21 rät-

112 284 36 20 tas
172 281 43 23 och
238 281 45 23 alla
299 281 34 22 till
353 288 93 16 samma
461 281 141 23 valförbund
619 281 103 23 hörande
739 280 126 23 kandidat-

112 317 65 23 listor
192 317 51 23 däri
260 318 26 22 så
302 317 172 23 sammanföras
490 317 74 23 under
578 324 138 22 gemensam
729 316 136 23 öfverskrift

113 353 43 23 och
180 353 102 23 afskilda
306 353 52 22 från
382 353 76 29 öfriga
480 353 72 28 listor,
577 355 35 21 att
632 353 126 22 förbundet
777 352 43 23 och
837 352 28 22 de

114 389 186 27 kandidatlistor,
322 389 80 23 hvilka
421 389 65 23 detta
502 389 117 27 omfattar,
636 389 106 29 tydligen
759 388 106 23 framstå.

114 425 50 22 Den
185 425 101 22 sålunda
305 425 124 22 tillkomna
450 425 257 29 sammanställningen
725 424 24 23 af
765 424 29 23 de
810 424 56 22 slut-

112 461 50 29 liga
178 461 210 22 kandidatlistorna
404 461 72 22 varde
493 462 87 28 genast
595 467 85 22 genom
698 460 68 29 tryck
782 460 82 28 mång-

114 496 113 30 faldigad.

473 566 27 19 35
517 563 20 29 8.

188 611 215 22 Centralnämnden
419 611 47 22 låte
483 611 57 23 härå
556 611 141 29 skyndsamt
716 610 83 29 trycka
820 609 46 23 val-

116 647 78 22 sedlar
213 647 35 22 för
270 647 54 22 hela
346 647 136 22 valkretsen
498 647 44 23 och
557 647 110 22 tillsände
684 646 159 23 valnämnden
861 646 8 21 i

116 682 81 30 hvarje
220 683 216 28 röstningsområde
463 683 89 23 sådana
575 683 36 22 till
634 683 148 28 erforderligt
804 681 65 23 antal

116 718 75 23 under
207 719 97 28 omslag,
322 719 128 28 försegladt
467 719 53 23 med
537 719 149 23 valkretsens
697 718 61 29 sigill
770 718 43 23 och
824 717 45 23 för-

118 754 52 23 sedt
186 754 54 23 med
256 755 146 28 påteckning
418 761 38 16 om
472 755 161 23 valsedlarnas
650 754 71 23 antal.

188 791 86 28 Hvarje
290 790 104 23 valsedel
410 791 61 22 skall
489 791 13 22 å
518 791 50 22 inre
584 791 68 22 sidan
668 791 66 22 såväl
748 790 73 22 hafva
834 790 34 21 ett

118 829 108 24 tomrum,
244 826 76 23 afsedt
337 827 34 22 att
388 827 23 22 af
427 827 94 22 valman
540 827 84 28 ifyllas,
642 833 49 16 som
708 826 44 23 ock
760 827 108 28 upptaga

118 863 111 28 samtliga
253 863 23 21 af
298 862 213 23 centralnämnden
532 862 193 29 offentliggjorda
742 861 128 23 kandidat-

118 898 66 22 listor
199 899 7 21 i
223 904 124 23 noggrann
369 898 248 22 öfverensstämmelse
644 898 54 22 med
714 897 28 23 de
758 898 8 22 i
783 901 27 19 32
827 896 42 23 och

119 937 28 19 34
168 934 29 29 88
217 934 137 22 meddelade
374 934 153 27 föreskrifter,
548 934 60 22 dock
625 933 99 23 sålunda
741 934 34 22 att
791 934 8 21 i
816 932 54 23 dem

118 970 53 22 icke
187 970 79 22 vidare
282 969 36 23 får
334 972 102 20 nämnas
452 970 132 30 suppleant.

191 1005 155 24 Valsedlarna
374 1006 56 22 böra
456 1012 56 16 vara
539 1005 27 23 så
590 1006 117 22 inrättade
730 1006 34 22 att
786 1004 87 30 tydligt

120 1041 106 30 framgår
247 1042 60 22 huru
330 1042 28 22 de
381 1041 55 23 böra
460 1042 114 29 hopvikas
596 1041 43 23 och
655 1042 116 26 tillslutas,
789 1041 43 23 och
848 1040 25 23 få

120 1078 53 22 icke
190 1078 104 28 upptaga
310 1079 74 21 annat
400 1080 30 20 än
448 1077 62 23 hvad
527 1078 71 22 ofvan
614 1077 114 29 stadgats.

466 1160 28 18 36
510 1156 21 29 8.

194 1204 78 22 Jämte
309 1203 117 23 valsedlar
463 1204 190 22 tillhandahålles
687 1202 187 24 valnämnderna

121 1239 138 29 tillräckligt
281 1240 64 22 antal
364 1240 24 22 af
404 1239 46 23 den
466 1240 92 22 rättade
576 1239 254 29 sammanställningen
848 1238 24 22 af

122 1274 212 24 kandidatlistorna
357 1276 62 22 samt
438 1275 141 29 valstämpel
600 1275 54 23 med
671 1275 115 27 tillbehör,
806 1275 68 22 hvar-

122 1312 65 21 utom
204 1311 74 28 sagda
289 1311 226 29 sammanställning
526 1310 90 30 sprides
628 1311 78 22 såsom
717 1311 7 22 i
736 1314 28 19 33
774 1311 14 28 &
800 1312 74 27 sagts.

195 1347 161 28 Valstämpeln
380 1347 61 22 skall
466 1353 58 16 vara
546 1347 50 22 lika
619 1346 35 23 för
677 1346 45 23 alla
745 1347 130 28 röstnings-

124 1382 111 23 områden
250 1383 64 22 inom
331 1382 144 23 valkretsen.
