1100 1745
241 167 12 18 6
505 168 22 18 U.
541 168 22 18 B.
576 167 59 23 Prop.
648 167 37 18 N:o
699 167 28 18 10.

241 233 154 23 betänkandet
411 233 12 22 å
440 233 41 23 sid.
497 234 29 22 25
543 233 75 23 berört
635 233 75 22 denna
726 232 68 29 fråga,
811 232 135 29 fullkomligt
956 238 38 16 na-

241 269 75 29 turligt
332 270 31 21 att
380 269 71 22 sådan
467 269 138 29 anteckning
622 269 54 22 skall
694 269 46 22 ske.

314 305 115 22 Utskottet
445 304 32 23 får
493 304 60 30 förty
568 305 119 23 vördsamt
703 304 125 27 hemställa,
844 305 30 21 att
892 304 102 28 samtliga

242 340 66 22 stånd
329 340 51 22 ville
403 340 124 29 godkänna
542 341 72 22 första
630 340 122 29 meningen
770 340 22 22 af
807 340 70 28 fjärde
893 345 101 17 momen-

242 377 36 26 tet,
302 376 67 22 hvars
396 383 79 15 senare
499 377 35 21 del
555 376 21 23 af
592 378 79 20 trenne
695 376 66 22 stånd
784 375 136 23 oförändrad
937 375 57 29 god-

241 412 73 27 känts,
330 412 5 22 i
352 412 101 28 följande
469 412 94 29 lydelse:

464 477 101 28 Utöfvare
581 478 24 27 af
619 477 180 30 gårdfarihandel
814 477 53 22 skall
882 476 112 27 medhafva

387 513 55 23 och
434 508 13 39 i
457 513 77 29 hvarje
550 514 107 23 kommun,
675 513 84 23 hvarest
775 513 44 22 han
834 513 97 28 vidtager
946 512 48 22 med

382 549 145 29 försäljning,
537 549 40 28 för
593 549 151 23 vederbörande
752 549 179 28 polismyndighet
942 555 52 21 upp-

385 586 45 21 visa
455 586 165 28 förpassningen
646 585 36 22 och
710 584 182 28 sundhetsbeviset,
918 584 76 22 hvilket

387 621 74 28 hvarje
475 622 64 27 sjätte
554 621 80 22 månad
650 621 36 22 bör
701 623 96 26 förnyas.

316 685 169 30 Lagförslagets
509 686 62 27 femte
594 688 102 21 moment
713 687 39 22 har
768 685 22 23 af
807 686 103 28 samtliga
927 685 66 22 stånd

242 721 116 29 godkänts
376 722 69 29 enligt
463 722 125 23 Utskotteis
604 722 93 29 förslag.

315 757 43 22 För
373 759 64 27 sjätte
454 759 123 21 momentet
594 758 39 22 har
649 758 181 28 Borgareständet
845 757 83 28 antagit
953 757 41 21 föl-

240 792 69 29 jande
325 793 96 29 lydelse:

316 834 130 23 »Bedrifves
470 835 180 29 gårdfarihandel
675 837 53 21 utan
753 834 99 23 tillstånd
874 834 51 23 eller
940 836 54 20 utan

243 870 144 29 iakttagande
418 870 22 23 af
467 870 167 23 föreskrifterna
660 871 120 28 angående
808 870 97 23 kontroll
932 870 63 22 öfver

241 905 204 29 gårdfarihandeln,
461 913 51 15 vare
528 906 41 23 bot
585 913 51 16 som
654 907 5 21 i
675 907 30 22 40
715 906 15 29 8
742 906 146 22 bestämmes.
905 905 29 22 Af
943 905 51 27 den,

242 948 51 15 som
305 941 105 23 beträdes
420 941 51 23 med
483 948 30 16 nu
526 942 67 22 nämd
609 941 116 28 förseelse,
743 941 37 22 må
796 941 118 22 medförda
930 947 65 16 varor

242 977 79 22 såsom
332 977 127 23 vedermäle
471 977 43 23 och
525 978 29 21 till
566 977 103 23 säkerhet
677 977 36 23 för
724 977 66 23 böter
806 977 5 22 i
828 977 80 28 beslag
924 977 70 28 tagas.

242 1013 159 28 Förpassning
426 1013 43 22 kan
494 1013 22 22 af
539 1015 115 27 guvernör
669 1013 124 27 återkallas,
809 1013 40 22 där
864 1012 130 23 ofvanstad-

241 1049 47 28 gad
308 1048 164 29 förutsättning
487 1049 36 22 för
539 1049 54 22 dess
611 1049 150 22 meddelande
777 1048 19 29 ej
812 1048 76 23 vidare
904 1047 90 23 förefin-

241 1090 43 16 nes
308 1084 51 22 eller
380 1084 144 23 innehafvare
544 1085 59 28 gjort
624 1085 37 28 sig
680 1085 91 28 skyldig
787 1084 30 22 till
834 1083 161 23 öfverträdelse

240 1119 24 23 af
282 1119 75 23 denna
380 1120 141 29 förordning.
552 1114 145 29 Återkallelse
717 1120 63 22 träde
797 1119 60 23 dock
873 1119 19 28 ej
909 1119 5 22 i
931 1119 63 27 kraft,

241 1155 76 22 förrän
333 1155 193 30 förpassningens
543 1156 144 22 innehafvare
702 1156 22 22 af
740 1155 154 23 återkallelsen
911 1155 84 22 erhållit

244 1186 56 38 del.»
702 1189 2 2 |

316 1227 75 29 Enligt
418 1227 201 29 Borgareståndets
644 1227 75 22 beslut
742 1233 56 16 vore
822 1226 51 27 den,
890 1233 51 16 som
957 1226 38 22 be-

240 1269 88 22 gagnar
352 1263 37 28 sig
411 1263 23 22 af
450 1263 21 22 åt
487 1270 74 15 annan
578 1269 85 22 person
679 1263 36 22 för
730 1262 182 29 gårdfarihandel
929 1262 65 22 utfär-

240 1298 56 22 dadt
307 1299 185 27 tillståndsbevis,
509 1298 118 22 hemfallen
644 1299 73 21 under
729 1298 144 28 strafflagens
883 1297 112 22 allmänna

240 1334 179 22 bestämmelser.
446 1334 29 22 Af
492 1334 70 22 sådan
579 1334 67 23 orsak
662 1334 40 22 har
718 1334 117 22 Utskottet
851 1334 74 21 ansett
941 1332 53 23 Bor-

240 1369 159 29 gareståndets
417 1370 74 22 beslut
507 1370 6 21 i
530 1370 59 22 detta
605 1369 109 23 afseende
730 1369 142 28 sakenligare
889 1368 44 23 och
956 1368 39 22 har

241 1404 77 22 därför
343 1406 68 21 ersatt
437 1406 137 21 momentets
599 1405 36 22 två
658 1405 71 22 första
755 1406 73 21 satser
844 1404 4 22 i
866 1404 128 23 Utskottets

240 1440 162 29 ursprungliga
425 1440 87 29 förslag
535 1440 52 23 med
604 1441 44 22 den
665 1440 22 23 af
703 1440 192 29 Borgareståndet
910 1439 85 22 formu-
