1103 1745
326 153 23 23 U.
366 153 23 22 B.
407 166 28 3 —
452 153 64 28 Prop.
534 153 38 23 N:o
590 153 22 22 II.
787 155 26 20 97

95 218 102 23 nämnds
223 218 145 27 ordförande,
393 218 53 23 med
473 219 82 26 vittne,
580 219 36 22 att
641 217 204 23 ombudsmannen

95 254 160 29 egenhändigt
270 254 173 23 undertecknat
459 254 173 29 ansökningen.

167 290 47 23 Har
232 289 205 24 ombudsmannen
454 290 149 29 uppsåtligen
620 289 56 23 eller
693 289 23 23 af
732 289 115 23 vårdslös-

96 325 40 23 het
152 326 92 29 intygat
259 325 62 23 hvad
337 325 52 23 icke
406 328 26 20 är
448 327 60 25 sant,
524 326 56 22 eller
590 325 58 30 eljes
659 326 7 22 i
677 325 93 29 sysslan
781 325 64 28 felat,

96 361 95 23 straffes
208 362 78 22 såsom
301 362 146 29 tjänsteman
464 362 34 22 för
516 362 61 22 brott
592 362 8 21 i
616 362 111 29 tjänsten.

436 443 26 18 21
480 440 21 28 8.
521 455 5 3 .

168 487 302 29 Ansökningshandlingar,
496 487 81 22 hvilka
600 487 7 22 i
629 491 29 18 20
673 487 14 29 &
704 488 142 25 omnämnts,

97 522 66 23 skola
181 523 25 22 af
220 523 204 22 ombudsmannen
442 523 56 29 själf
514 523 56 22 eller
587 529 84 22 genom
689 522 157 23 befullmäkti-

97 558 58 29 gadt
165 559 87 22 ombud
264 559 34 22 till
308 559 148 22 valkretsens
465 558 180 23 centralnämnd
654 558 103 29 ingifvas
766 559 81 21 senast

97 594 13 23 ä
126 594 152 23 trettioförsta
294 595 76 28 dagen
386 595 49 22 före
452 595 126 29 valdagen.

168 631 76 22 Hafva
265 631 173 28 handlingarna
460 631 129 22 inlämnats
613 630 35 23 till
669 629 177 30 postbefordran

97 665 26 24 sä
149 666 76 29 tidigt,
252 668 34 21 att
312 666 27 23 de
365 668 81 21 senast
469 666 14 23 ä
503 666 164 29 nyssnämnda
683 666 47 29 dag
745 666 52 22 bort
812 665 35 22 till

97 702 119 23 nämnden
232 702 127 27 inkomma,
376 709 56 16 vare
448 702 44 23 ock
509 703 39 22 det
564 702 65 29 gildt.

435 783 26 19 22
479 781 21 28 8.

169 828 90 23 Aflider
278 828 84 29 någon,
379 834 49 16 som
446 830 26 20 är
489 828 13 23 ä
519 828 230 28 valmansförenings
765 827 83 22 kandi-

97 863 96 23 datlista
209 865 125 28 upptagen,
352 864 55 22 eller
424 864 108 23 befinnes
548 864 47 22 han
614 864 52 22 icke
685 870 64 15 mera
759 863 89 27 valbar,

97 899 41 22 bör
155 899 205 23 ombudsmannen
377 899 109 29 utstryka
502 899 60 23 hans
580 906 72 16 namn
669 899 52 22 frän
737 899 78 22 listan.

170 935 120 29 Upptager
311 935 185 23 kandidatlistan
515 935 92 30 jämväl
627 935 131 29 suppleant,
774 934 75 23 införe

98 971 204 22 ombudsmannen
319 971 84 22 honom
421 971 78 22 säsom
516 971 122 22 kandidat.

441 1059 28 18 23
486 1055 20 29 8.

171 1102 45 23 Vill
232 1103 215 28 valmansförening
463 1103 8 22 i
489 1103 130 28 anledning
635 1102 72 27 däraf,
725 1103 34 21 att
770 1103 79 28 nägon

99 1138 24 23 af
138 1138 138 29 föreningen
294 1138 117 29 uppställd
427 1138 117 23 kandidat
558 1138 90 29 jämväl
665 1138 156 23 förekommer
837 1138 13 22 ä

99 1181 79 15 annan
195 1174 230 29 valmansförenings
441 1174 178 27 kandidatlista,
637 1173 108 30 utstryka
761 1173 89 23 dennes

99 1217 72 15 namn
203 1210 52 22 från
287 1211 36 22 sin
354 1210 54 22 lista
438 1210 56 23 eller
522 1211 88 22 ersätta
631 1210 39 22 det
694 1209 53 23 med
771 1211 80 25 annat,

99 1245 83 23 stånde
199 1245 39 23 det
254 1245 139 30 föreningen
409 1246 57 22 fritt.

171 1281 131 23 Innehåller
325 1282 19 28 ej
370 1281 46 23 den
439 1281 77 28 skrift,
538 1282 153 28 hvarigenom
712 1281 137 28 föreningen

98 1316 94 27 bildats,
214 1317 139 29 uttryckligt
376 1317 190 29 bemyndigande
588 1317 36 22 för
647 1316 203 23 ombudsmannen

99 1354 34 21 att
157 1352 91 23 besluta
269 1352 72 23 sådan
363 1352 89 30 åtgärd,
470 1353 48 22 kan
535 1352 45 23 den
597 1352 108 30 vidtagas
722 1352 84 23 endast
822 1352 30 29 på

99 1388 78 29 grund
193 1389 24 22 af
232 1389 151 28 dagtecknad
394 1389 105 28 skriftlig
511 1389 139 28 förklaring,
661 1388 94 23 hvilken
767 1388 84 23 under-

99 1424 107 23 skrifvits
229 1424 25 23 af
276 1425 72 22 minst
372 1424 81 23 halfva
475 1425 90 22 antalet
584 1424 25 23 af
624 1424 60 27 dem,
701 1430 48 16 som
769 1423 82 23 under-

99 1459 98 23 tecknat
220 1459 163 23 förstnämnda
402 1460 79 23 skrift.
