1106 1750
265 139 28 19 56
436 136 78 23 Ständ.
530 136 37 23 Sv.
583 149 30 3 —
629 136 64 28 Prop.
710 136 38 23 N:o
764 136 22 22 II.

235 208 70 15 anses
322 208 57 15 vara
395 202 7 21 i
419 201 46 22 den
482 201 138 29 härigenom
633 201 99 29 angifna
742 201 131 28 ordningen
885 200 23 22 af
919 206 68 23 grup-

236 243 58 22 pens
311 237 111 28 samtliga
438 237 96 22 valmän
550 237 140 29 uppställda.

309 272 86 30 Hvarje
419 272 116 23 kandidat
554 273 63 22 inom
634 274 156 28 röstgruppen
807 271 98 23 erhäller
920 271 67 29 förty,

235 307 36 23 för
297 308 180 23 bestämmande
502 308 24 23 af
547 308 128 23 företrädet
692 308 86 23 mellan
794 307 84 23 honom
896 307 42 22 och
955 306 32 23 öf-

235 345 54 28 riga
305 350 114 23 gruppers
436 344 148 27 kandidater,
602 346 33 21 ett
652 343 179 30 jämförelsetal,
848 343 90 22 hvilket
954 343 35 22 för

236 379 46 23 den
301 379 98 24 främste
415 381 8 22 i
441 382 155 27 röstgruppen
614 383 25 20 är
654 380 50 23 lika
720 380 54 23 med
793 386 119 22 gruppens
928 385 60 16 sam-

237 415 130 30 manlagda
390 416 177 27 valsedelantal,
584 416 35 23 för
635 416 45 23 den
697 416 75 23 andra
788 415 90 23 hälften
894 415 42 22 och
953 415 36 22 för

237 451 47 23 den
300 451 75 30 tredje
392 452 144 29 tredjedelen
554 452 74 23 däraf.

580 516 28 19 58
624 513 20 28 8.

308 560 61 23 Höra
385 560 40 23 tvä
444 561 55 22 eller
515 561 57 23 flere
588 562 152 28 röstgrupper
751 560 35 23 till
798 561 33 21 ett
843 559 144 28 valförbund,

237 596 65 23 bilda
318 596 28 23 de
363 604 26 15 en
409 599 161 21 sammansatt
580 598 133 28 röstgrupp,
724 598 8 21 i
744 596 95 23 hvilken
851 596 68 22 deras
931 596 56 22 kan-

237 632 93 23 didater
355 632 145 23 tillkommer
521 633 116 22 företräde
660 633 98 22 framför
778 632 134 23 hvarandra
930 632 59 22 efter

237 668 118 23 storleken
382 668 24 23 af
423 668 29 23 de
466 668 170 30 jämförelsetal
654 668 90 23 enhvar
760 668 24 23 af
800 668 54 22 dem
871 667 74 30 enligt
961 671 26 19 57

235 704 16 29 8
267 707 13 19 2
298 711 69 16 mom.
384 704 99 23 erhållit.
515 699 33 28 Är
571 704 77 29 någon
668 704 116 23 kandidat
800 710 137 23 gemensam
954 703 35 23 för

237 740 40 22 tvä
301 740 56 22 eller
380 740 57 23 flere
459 740 23 23 af
502 740 28 23 de
546 740 71 23 enkla
636 742 191 27 röstgrupperna,
845 740 143 22 bestämmes

238 775 60 23 hans
321 775 61 30 plats
398 777 8 21 i
422 776 200 29 ordningsföljden
644 776 24 23 af
687 776 59 23 hans
762 775 152 30 hopräknade
927 776 61 28 jäm-

236 811 126 23 förelsetal.

308 847 9 22 I
335 847 99 23 sälunda
452 847 107 23 bestämd
577 847 101 30 ordning
694 848 66 22 skola
780 847 45 23 alla
837 847 28 22 de
876 847 111 22 kandida-

237 884 42 26 ter,
298 883 34 22 för
348 883 83 23 hvilka
447 885 73 21 röster
540 885 64 22 inom
620 884 44 22 den
682 885 173 21 sammansatta
871 885 117 27 röstgrup-

237 925 45 22 pen
301 919 113 28 afgifvits,
431 926 69 16 anses
516 926 58 16 vara
590 919 24 23 af
630 927 119 22 gruppens
766 919 112 28 samtliga
893 919 95 22 valmän

237 955 146 29 uppställda;
406 955 43 22 och
473 955 99 23 tilldelas
596 955 54 23 dem
673 955 61 30 förty
751 962 48 22 nya
812 955 175 29 jämförelsetal,

237 991 28 22 sä
289 992 34 21 att
339 991 44 22 den
401 991 73 22 förste
491 991 24 22 af
531 991 171 23 kandidaterna
718 991 35 23 till
767 991 172 30 jämförelsetal
955 997 33 16 er-

238 1026 74 23 håller
336 1026 45 23 den
401 1029 172 21 sammansatta
589 1029 167 28 röstgruppens
774 1027 53 22 hela
843 1026 145 23 valsedelan-

236 1062 41 27 tal,
308 1062 44 23 den
378 1063 74 22 andra
479 1063 89 22 hälften
592 1063 73 28 däraf,
682 1063 46 23 den
745 1063 76 29 tredje
838 1062 150 30 tredjedelen,

236 1097 46 23 den
301 1098 74 29 fjärde
392 1098 144 29 fjärdedelen
554 1098 42 23 och
613 1098 27 23 sä
655 1098 87 23 vidare.

578 1162 26 19 59
622 1159 20 29 8.

310 1205 76 23 Hafva
403 1213 85 22 genom
506 1206 123 27 valsedlar,
646 1207 81 22 hvilka
743 1207 53 22 icke
807 1206 94 23 tillhöra
911 1206 78 29 någon

235 1242 134 28 röstgrupp,
391 1243 75 22 röster
485 1242 95 23 tillfallit
596 1249 30 16 en
642 1243 42 22 och
702 1249 94 16 samma
811 1248 92 23 person,
920 1243 69 28 utgör

236 1276 83 23 dessas
335 1277 215 23 sammanräknade
568 1278 82 29 belopp
667 1277 58 23 hans
741 1277 179 30 jämförelsetal.

580 1341 27 19 60
624 1338 20 29 8.

310 1373 33 27 Är
365 1378 78 30 någon
467 1379 114 23 kandidat
596 1380 7 22 i
620 1382 73 20 annat
714 1379 42 23 fall
776 1382 31 20 än
824 1380 7 21 i
848 1382 28 19 58
892 1379 14 29 $
923 1380 66 28 sagts

236 1420 142 22 gemensam
401 1414 35 23 för
459 1415 39 22 tvä
521 1415 55 22 eller
594 1415 57 23 flere
670 1417 160 28 röstgrupper,
847 1415 71 22 enkla
934 1414 56 23 eller

237 1451 183 26 sammansatta,
437 1457 56 16 vare
508 1451 214 22 sammanräknade
734 1451 111 29 beloppet
857 1450 24 23 af
891 1450 29 23 de
928 1451 61 29 jäm-
