1098 1745
424 113 85 22 Ständ.
526 112 39 24 Sv.
581 126 28 3 —
626 113 74 36 Prop.
716 113 45 23 N:o
777 113 22 22 8.

366 182 120 27 uppgjordt
509 182 93 28 förslag,
621 182 44 28 för
687 190 25 13 en
728 182 110 21 beräknad
853 182 93 21 kostnad
961 181 30 27 af

368 217 116 25 9,312,000
500 216 73 26 mark;

437 253 31 18 att
484 257 26 14 en
527 251 162 27 normalspårig
701 252 92 27 järnväg
800 252 59 27 från
874 250 114 28 Seinäjoki

366 285 81 20 station
463 285 48 21 med
523 286 140 26 ändpunkter
679 286 8 20 i
698 285 150 21 Kristinestad
859 285 38 21 och
914 284 73 22 Kaskö

366 318 58 22 skall
447 319 79 27 byggas
548 326 76 21 genom
648 319 130 27 Kauhajoki
801 320 38 21 och
862 314 126 26 Östermark

366 353 94 21 socknar
482 354 48 20 med
548 354 134 28 förgrening
704 354 35 21 till
754 354 69 28 sagda
839 354 36 21 två
890 354 74 21 städer
979 354 9 20 i

367 388 85 20 trakten
476 388 31 27 af
527 388 84 21 Perälä
638 388 26 28 by
686 388 39 21 och
748 388 69 21 under
839 387 149 22 innevarande

365 422 152 27 finansperiod
533 422 102 28 beläggas
650 423 48 20 med
713 423 78 26 arbete,
807 425 55 18 samt
877 425 33 18 att
924 422 64 21 total-

367 455 119 22 kostnaden
506 457 42 27 för
571 457 72 20 denna
665 457 58 21 bana
745 456 58 22 skall
825 457 108 20 beräknas
951 456 36 21 till

366 491 132 26 11,500,000
514 491 73 26 mark;
602 493 61 19 samt

436 527 31 18 att
484 525 125 21 Ständerna
620 525 43 28 för
679 526 60 21 dessa
757 525 178 28 banbyggnaders
952 524 34 21 be-

368 559 108 28 läggande
505 560 47 20 med
577 559 71 22 arbete
673 560 97 28 anslagit
791 559 42 28 för
857 559 128 22 Joensuu—

367 593 202 22 Lieksa—Nurmes
599 594 72 21 banan
697 595 120 25 2,000,000
842 593 69 26 mark,
942 594 44 27 för

367 627 86 22 Kemi—
465 629 124 20 Rovaniemi
611 629 72 20 banan
707 630 118 24 1,500,000
847 629 63 20 mark
930 630 56 19 samt

366 663 38 25 för
429 663 132 26 Seinäjoki—
574 659 148 35 Kristinestad
745 663 38 21 och
811 663 75 21 Kaskö
913 663 72 20 banan

367 698 117 24 1,500,000
500 697 67 21 mark.

298 764 86 22 Tillika
400 764 24 22 fä
440 765 137 27 Ständerna,
588 765 81 21 hvilka
679 768 76 18 ansett
767 765 82 29 frägan
863 772 36 14 om
911 764 76 22 ästad-

227 798 139 22 kommande
383 800 26 20 af
422 807 27 13 en
466 800 293 28 sammanbindningsbana
775 800 84 20 mellan
870 799 28 21 de
909 801 78 19 västra

228 832 44 22 och
288 836 62 18 östra
366 834 164 21 stambanorna
544 842 56 14 vara
616 834 25 21 af
655 838 47 18 stor
713 834 57 26 vikt,
786 834 3 21 i
800 833 188 29 underdänighet

228 867 95 22 anhälla

438 905 32 18 att
486 903 34 21 till
536 903 259 20 nästsammanträdande
811 902 107 27 landtdag
925 902 62 27 full-

366 937 88 27 ständig
478 937 115 28 utredning
617 938 64 20 mätte
699 937 152 28 föranstaltas
874 936 113 28 angäende

367 971 40 21 den
431 972 138 27 lämpligaste
592 972 156 27 sträckningen
759 971 43 27 för
817 978 24 13 en
859 971 64 25 bana,
939 977 46 14 som

366 1006 106 27 utgäende
484 1006 58 27 frän
564 1006 93 27 Nyslott,
673 1006 81 21 komme
771 1008 31 18 att
817 1005 169 21 sammanbinda

367 1040 110 21 Karelska
493 1040 72 21 banan
581 1041 48 20 med
647 1040 104 21 Savolaks
762 1040 73 21 banan
846 1042 56 18 samt
914 1039 72 21 denna

366 1074 56 21 bana
439 1075 47 20 med
501 1075 91 27 lämplig
605 1075 71 27 punki
688 1075 29 27 pä
735 1074 120 28 Jyväskylä
886 1069 101 37 Suolahti

366 1108 78 26 banan,
470 1109 113 27 äfvensom
606 1111 32 18 att
657 1109 139 27 proposition
815 1115 34 14 om
865 1107 122 28 byggandet

366 1143 31 27 af
408 1143 72 21 sädan
496 1143 56 21 bana
568 1144 51 20 eller
635 1143 34 21 del
685 1143 74 28 däraf
770 1143 65 20 mätte
851 1142 134 27 landtdagen

362 1177 137 28 Jöreläggas.

297 1313 11 21 I
333 1314 168 28 sammanhang
526 1314 51 21 med
605 1314 41 21 här
668 1314 97 21 berörda
793 1313 192 28 järnvägsfrägor

225 1347 73 22 hafva
314 1355 28 14 en
359 1348 86 28 mängd
461 1348 71 22 andra
549 1348 38 22 väl
607 1348 141 22 motiverade
769 1346 214 30 banbyggnadsför-

226 1382 53 28 slag
294 1382 61 22 varit
370 1382 96 22 föremäl
478 1383 35 21 för
523 1382 111 29 pröfning
645 1383 26 21 af
679 1382 136 26 Ständerna,
828 1389 52 14 men
891 1389 32 14 nu
933 1382 52 20 icke

226 1415 91 22 kunnat
332 1416 120 22 föranleda
469 1417 81 26 beslut,
567 1417 28 21 dä
611 1423 83 22 genom
707 1416 162 29 upptagandet
879 1415 27 22 af
912 1418 73 25 ytter-
