1098 1745
317 143 29 22 U.
361 143 28 22 B.
407 155 27 3 —
450 143 71 28 Prop.
537 142 41 23 N:o
595 143 23 22 8.
786 145 27 18 69

92 215 48 14 mer
150 210 29 19 än
196 207 80 22 hittills
297 208 74 21 skulle
391 208 70 28 draga
481 208 35 28 sig
538 211 47 18 mot
604 210 76 19 vester
700 207 34 22 till
749 207 97 28 Viborg,

93 243 82 22 medan
192 243 45 22 den
252 243 7 21 i
275 243 58 28 följd
344 243 23 22 af
379 243 75 29 dåliga
465 243 222 22 kommunikationer
698 243 82 22 hittills
792 243 51 21 sökt

94 279 35 28 sig
146 279 99 22 söderut.

164 314 31 22 Vi
211 315 63 21 skola
290 317 77 26 återgå
383 315 34 21 till
433 315 81 28 frågan
530 323 36 14 om
583 315 81 28 själfva
680 314 166 22 handelsrörel-

93 358 41 14 sen
154 351 42 21 och
214 351 51 21 dess
282 351 296 29 utvecklingsmöjligheter.
610 351 46 21 Det
672 351 41 21 har
728 353 55 19 nära
799 357 48 21 nog

94 386 124 22 betraktats
234 393 48 15 som
298 390 32 17 ett
347 387 73 21 axiom
431 389 38 24 att,
483 394 36 15 om
531 395 29 13 en
576 390 62 25 gång
648 387 112 21 Karelska
770 386 75 21 banan

93 425 29 25 på
137 422 94 28 lämplig
247 422 57 28 plats
320 422 77 22 blifvit
413 423 96 21 förenad
525 423 52 21 med
588 423 100 27 Ladoga,
705 422 64 21 däraf
779 422 68 28 följer

94 460 32 19 att
149 458 215 28 spanmålshandeln
387 458 66 22 söker
475 458 36 28 sig
527 461 45 26 väg
589 458 49 22 från
656 458 38 21 det
709 458 50 21 inre
775 458 71 28 Ryss-

94 494 53 20 land
170 493 75 22 direkt
263 494 65 21 öfver
344 494 101 28 Ladoga,
461 497 55 19 utan
533 497 32 18 att
581 498 56 25 göra
653 494 88 21 kroken
756 494 35 21 till
806 493 41 21 Pe-

94 529 113 29 tersburg.
238 530 82 20 Denna
341 530 38 21 idé
401 530 64 21 finna
487 530 24 22 vi
533 530 87 21 uttalad
642 530 8 21 i
672 530 43 21 alla
728 530 119 28 järnvägs-

94 565 175 28 publikationer,
294 573 48 14 som
367 565 80 22 beröra
463 566 304 28 sammanbindningsbanan
785 564 62 23 såväl

95 601 82 21 mellan
196 601 109 21 Karelska
321 602 43 20 och
381 602 110 22 Savolaks
502 602 102 22 banorna
616 609 48 14 som
675 602 79 21 vidare
765 601 83 21 mellan

95 636 110 22 Savolaks
221 637 74 21 banan
312 638 43 20 och
371 632 184 27 Österbottniska
563 638 137 28 järnvägen.
721 638 54 20 Men
787 637 62 21 detta

95 672 73 22 axiom
191 673 41 21 har
253 680 52 14 man
324 676 29 26 på
370 676 88 19 senaste
475 674 59 21 tider
551 674 43 21 och
611 674 51 21 med
679 674 60 28 goda
755 673 49 21 skäl
820 675 29 26 på

96 708 139 28 sakkunnigt
260 709 45 21 håll
329 709 88 29 begynt
441 709 101 22 betvifla.
574 709 112 21 Karelska
709 709 74 21 banan
808 709 41 20 har

95 744 70 21 redan
181 744 51 22 från
247 744 80 29 början
345 748 53 19 stått
413 745 8 21 i
436 745 142 21 förbindelse
595 745 51 21 med
663 745 94 28 Ladoga
773 744 7 22 i
797 744 51 22 Sor-

96 780 86 26 davala,
199 780 68 21 hvars
284 780 227 22 hamnförhållanden
527 788 47 22 nog
590 781 74 21 skulle
681 781 69 21 hafva
764 780 85 22 lemnat

95 815 88 22 tillfälle
206 816 36 21 för
266 816 152 28 uppkomsten
441 817 24 21 af
487 824 28 14 en
538 817 182 22 handelsrörelse
744 816 23 21 af
788 816 62 21 detta

96 852 55 27 slag,
175 858 37 15 om
236 852 61 21 detta
321 852 54 28 eljes
391 852 60 22 varit
469 853 8 21 i
493 856 55 18 våra
571 852 159 22 förhållanden
753 852 96 28 möjligt.

96 887 165 22 Erfarenheten
283 887 50 22 från
357 887 124 22 Sordavala
503 896 41 21 ger
564 888 40 21 vid
620 888 92 21 handen
729 891 32 18 att
777 891 73 18 större

95 922 89 29 företag
206 922 23 21 af
246 923 61 21 detta
323 923 49 29 slag
388 924 65 21 totalt
470 924 152 29 misslyckats,
639 924 72 21 ehuru
728 923 75 22 denna
815 925 35 19 ort

96 958 51 21 med
158 958 108 21 afseende
277 961 13 19 å
300 959 253 22 kommunikationerna
564 960 74 21 skulle
647 959 59 22 varit
715 962 32 19 ett
756 966 94 21 synner-

95 994 62 28 ligen
180 994 104 29 lämpligt
303 995 173 22 trafikcentrum
495 996 37 21 för
548 996 101 21 rörelsen
666 995 51 22 från
733 994 117 29 Ryssland

96 1029 88 22 direkte
206 1030 34 21 till
262 1033 81 19 nästan
367 1031 51 21 hela
435 1031 108 22 Karelen.
557 1025 11 39 ':
575 1031 83 22 Likaså
686 1034 51 19 veta
764 1031 29 28 vi,
819 1033 32 18 att

97 1065 75 22 denna
201 1066 181 22 handelsrörelse
408 1067 51 21 från
486 1067 140 28 Petersburg
649 1067 34 22 till
711 1067 91 21 Saimen
826 1069 25 18 så

96 1102 50 21 vidt
165 1102 90 28 möjligt
277 1102 118 29 begagnar
419 1103 36 28 sig
479 1104 22 20 af
518 1103 75 21 Saima
610 1104 73 25 kanal,
701 1104 42 20 och
757 1106 32 18 att
807 1102 44 21 den

96 1138 50 21 icke
173 1138 52 21 sökt
252 1138 35 29 sig
314 1139 65 21 öfver
403 1139 102 29 Ladoga.
536 1140 46 20 Det
611 1146 69 22 synes
709 1146 54 14 vara
789 1140 62 20 svårt

97 1176 32 19 att
154 1174 72 21 förstå
249 1174 149 29 möjligheten
421 1175 24 21 af
469 1178 32 18 att
524 1175 231 29 spannmälshandeln
778 1174 74 22 skulle

96 1209 68 29 flytta
186 1210 36 28 sig
245 1210 51 21 frän
319 1210 28 22 de
369 1210 179 30 petersburgska
574 1210 176 27 handelshusen,
773 1210 79 22 hvilka

97 1252 42 22 ega
164 1246 227 29 kvarninrättningar
410 1246 7 22 i
441 1247 38 21 det
503 1247 49 21 inre
575 1247 117 29 Ryssland
715 1247 42 21 och
777 1249 74 19 säsom

97 1288 67 21 egaro
180 1281 24 21 af
219 1285 60 18 stora
295 1282 86 28 kapital
397 1282 78 22 kunna
491 1283 125 21 bestämma
632 1282 217 29 spannmälsprisen.

96 1316 182 22 Konkurrensen
305 1318 53 21 med
382 1318 51 21 dem
451 1318 74 21 skulle
547 1318 122 21 förutsätta
690 1317 161 22 motsvarande

97 1352 85 29 kapital
200 1353 42 21 och
258 1353 179 28 företagsamhet
457 1357 30 25 pä
507 1357 41 18 vär
565 1354 56 26 sida,
644 1353 53 25 eljes
713 1354 90 21 komme
820 1356 33 18 ett

97 1388 81 21 sådant
194 1388 91 29 företag
301 1389 74 28 aldrig
395 1392 32 18 att
443 1389 87 29 lyckas.
563 1389 101 22 Sälunda
683 1389 120 22 förändras
819 1389 32 21 of-

97 1431 45 14 van
158 1424 100 21 nämnda
274 1425 74 21 axiom
369 1425 35 21 till
420 1425 82 22 endast
518 1433 28 13 en
562 1425 128 26 förmodan,
707 1433 47 13 som
771 1427 81 19 motsä-

97 1467 41 20 ges
155 1459 23 22 af
193 1460 69 26 fakta,
279 1461 43 20 och
339 1463 29 26 pä
384 1461 62 21 detta
462 1461 49 21 lösa
527 1461 129 28 antagande
673 1464 24 18 är
711 1461 51 21 hela
772 1461 80 21 försla-

168 1513 186 23 Järnvägsutskottets
367 1514 108 18 betänkande
488 1514 35 18 N:o
536 1515 17 17 8.
