1100 1748
239 143 29 21 52
478 144 21 22 U.
517 144 22 22 B.
556 156 29 2 —
602 144 61 28 Prop.
681 144 35 22 N:o
732 144 23 22 11.

241 216 41 14 ran
301 210 9 20 1
329 210 108 21 utmärka
462 210 38 21 det
516 216 78 19 namn,
612 210 47 21 han
676 210 79 21 ställer
771 210 86 24 främst,
874 210 44 21 och
936 210 51 20 med

240 245 78 21 siffran
335 246 12 20 2
365 246 45 26 det,
426 252 51 15 som
494 246 59 20 skall
570 246 54 27 följa
636 246 101 21 därnäst.

315 282 157 20 Föreskriften
496 284 33 18 att
548 282 93 20 valman
658 282 7 20 i
682 282 45 20 alla
744 282 39 20 fall
800 282 59 20 skall
875 282 113 20 beteckna

240 318 43 20 den
308 318 59 26 lista,
392 318 29 27 på
445 318 94 21 hvilken
564 318 47 20 han
631 319 81 25 röstar,
729 318 53 20 med
799 320 31 18 ett
845 318 53 20 rödt
914 318 74 20 streck

239 353 60 21 afser
323 356 32 18 att
374 354 129 20 underlätta
528 354 86 20 arbetet
631 354 38 20 vid
687 354 157 21 valsedlarnas
860 354 127 25 ordnande,

240 389 30 21 då
293 390 155 20 valresultatet
472 390 118 20 uträknas.
623 390 50 20 Den
690 390 65 20 torde
771 390 144 20 fördenskull
932 390 55 20 böra

239 425 137 27 bibehållas,
393 432 39 14 om
448 426 44 20 ock
509 426 128 26 medgifvas
648 426 74 20 måste
733 428 33 18 att
777 426 59 27 goda
848 426 51 20 skäl
910 426 78 20 kunde

240 461 93 21 anföras
349 462 36 20 för
402 463 97 25 utvägen
520 464 32 18 att
571 462 112 20 beteckna
701 462 69 20 listan
787 468 82 20 genom
887 463 32 19 att
935 462 53 20 med

240 497 67 21 siffra'
319 498 55 20 eller
390 498 75 20 streck
482 498 107 20 utmärka
608 498 39 20 det
663 504 71 14 namn
752 498 6 20 i
775 498 145 25 densamma,
938 504 50 14 som

238 533 142 21 valmannen
396 534 40 20 vill
453 534 66 20 ställa
535 534 87 20 främst.

314 569 74 21 Sedan
407 570 92 20 valman
516 570 7 20 i
540 570 36 20 sin
592 570 101 21 valsedel
705 570 59 27 gjort
775 570 28 20 de
815 569 172 27 anteckningar,

240 611 50 14 som
315 605 70 26 enligt
409 606 165 20 ofvanstående
596 607 40 19 äro
653 606 25 20 af
692 606 85 25 nöden,
794 606 58 20 skall
869 606 47 19 han
933 612 55 20 upp-

240 641 48 20 visa
304 641 137 21 densamma
458 641 117 28 hopviken
592 642 45 20 och
652 641 111 21 tillsluten
776 641 43 21 hos
831 641 156 21 valnämnden

239 677 36 20 för
300 677 150 27 afstämpling
476 679 60 19 samt
562 678 98 20 därefter
682 677 85 21 insätta
787 677 43 21 den
847 677 7 20 i
874 677 113 21 valurnan

239 712 36 28 (45
291 711 14 30 8
321 713 12 20 3
351 713 85 28 mom.).

315 749 48 20 Hör
386 749 141 21 valmannen
544 749 34 21 till
594 756 78 14 annan
690 749 101 21 valkrets
808 750 29 20 än
854 749 52 26 den,
923 749 63 20 inom

239 784 95 21 hvilken
351 785 46 20 han
415 786 103 20 anmäler
535 785 33 28 sig
581 786 35 20 för
632 787 33 19 att
682 785 79 22 utöfva
779 785 35 20 sin
832 785 89 26 valrätt,
941 785 46 20 kan

239 821 47 20 han
309 821 71 26 enligt
398 822 28 20 46
446 822 12 25 $&
478 822 13 19 2
512 828 70 14 mom.
607 821 84 28 afgifva
716 821 36 21 sin
777 823 47 19 röst
840 821 36 20 för
892 821 46 20 viss
954 821 33 20 till

238 857 46 20 den
300 857 62 21 förra
376 857 104 21 hörande
492 857 224 27 valmansförenings
728 857 164 21 kandidatlista
905 862 83 22 genom

238 894 34 19 att
283 893 87 21 skrifva
381 894 52 20 dess
445 894 149 20 kandidaters
605 900 72 14 namn
690 894 6 20 i
709 894 35 20 sin
760 893 105 21 valsedel.
880 893 44 20 Det
934 899 54 15 vore

238 929 145 27 sakenligare
399 931 33 19 att
448 929 50 21 icke
515 932 55 18 utan
587 929 78 21 vidare
680 936 134 20 presumera
826 931 33 18 att
870 929 47 20 han
929 929 59 20 velat

238 964 106 28 uppbära
361 965 69 21 listan
447 972 50 14 som
510 965 72 21 sädan
594 966 44 20 och
650 966 135 26 därigenom
797 965 115 21 eventuelt
924 966 63 19 ännu

238 1000 71 27 nägra
320 1000 133 22 förbundna
465 1001 71 26 listor,
548 1001 94 21 hvarför
654 1001 116 21 Utskottet
781 1000 59 22 varit
850 1001 97 20 betänkt
958 1000 30 28 pä

238 1038 33 18 att
294 1036 93 21 förorda
404 1043 27 15 en
448 1037 191 27 omformulering
656 1037 24 21 af
694 1037 137 27 paragrafen
848 1037 90 20 därhän
954 1038 32 19 att

238 1072 7 20 i
262 1074 24 25 ty
302 1072 39 21 fall
358 1072 68 22 äfven
443 1073 81 21 listans
540 1080 108 14 nummer
664 1073 43 21 bör
723 1074 105 19 utsättas.
853 1072 66 21 Detta
931 1072 55 21 änd-

238 1107 148 28 ringstörslag
411 1109 42 20 har
476 1109 59 21 dock
560 1108 50 21 icke
632 1111 85 18 ansetts
734 1108 112 21 innebära
863 1115 27 13 en
908 1108 25 20 sä
949 1109 38 19 vä-

238 1144 81 26 sentlig
344 1144 136 28 förbättring
504 1146 32 19 att
556 1145 129 20 detsamma
702 1144 36 21 för
754 1144 145 21 närvarande
916 1144 71 20 borde

237 1179 122 21 vidhällas.

313 1216 75 20 Sedan
412 1216 133 27 röstningen
562 1216 112 26 afslutats,
692 1218 90 25 uttagas
798 1216 146 20 valsedlarna
962 1222 26 14 ur

239 1258 74 14 urnan
331 1252 44 20 och
392 1252 85 21 räknas
498 1252 129 27 oöppnade.
660 1252 123 20 Likaledes
799 1252 86 20 räknas
902 1252 86 20 antalet

238 1293 117 21 personer,
380 1294 51 14 som
455 1288 70 27 enligt
548 1288 198 26 anteckningarna
763 1288 7 20 i
788 1288 137 26 vallängden
942 1288 45 20 och

238 1322 180 28 valprotokollet
441 1323 89 21 utöfvat
553 1325 99 24 rösträtt,
677 1323 116 21 hvarefter
817 1323 145 21 valsedlarna
980 1323 7 20 i

238 1358 96 27 omslag,
351 1359 73 20 hvarä
440 1359 71 20 minst
522 1361 32 18 tre
566 1359 24 20 af
600 1359 171 20 valnämndens
783 1359 153 20 medlemmar
946 1365 40 14 an-

239 1393 65 27 bragt
327 1394 51 21 sina
402 1394 66 27 sigill,
492 1395 53 20 med
566 1396 80 25 posten
665 1395 112 20 insändas
794 1394 34 21 till
844 1394 143 21 valkretsens

238 1429 177 22 centralnämnd
432 1429 35 28 (49
484 1431 28 25 &).
535 1430 156 21 Därförinnan
708 1430 105 27 afskiljas
828 1430 60 21 dock
900 1429 28 21 de
939 1430 47 20 val-

238 1465 83 26 sedlar,
345 1472 51 14 som
421 1466 107 27 möjligen
552 1466 126 21 inlämnats
695 1466 25 21 af
734 1466 95 21 valmän
846 1465 140 21 tillhörande
