1098 1745
308 149 28 21 U.
353 136 27 34 B.
397 161 27 2 —
441 148 73 29 Prop.
531 148 42 22 N:o
589 148 22 22 9.
824 148 25 21 15

298 223 54 26 efter
374 223 74 27 hvarje
469 223 59 27 gång
546 223 121 21 utvärkadi
681 223 108 27 tillstånd,
805 223 45 20 kan

297 257 75 20 ikläda
386 257 34 27 sig
434 257 38 21 vid
486 258 151 27 upplagandet
651 257 15 22 å
680 257 83 21 utrikes
779 259 34 19 ort
825 256 28 28 af

299 291 43 27 län,
358 291 53 21 dock
425 291 45 21 icke
486 291 35 21 till
536 291 64 28 högre
616 291 75 28 belopp
703 293 31 19 än
751 293 34 19 att
793 291 56 28 före-

298 325 94 28 ningens
406 326 119 21 utländska
540 326 64 21 skuld
619 326 201 21 sammanräknadt
830 325 21 28 ej

299 360 127 27 öfverstiger
449 361 146 26 50,000,000
609 360 74 28 finska
698 361 77 25 mark;
791 361 59 20 samt

366 396 34 19 att
415 394 125 21 Ständerna
556 395 38 21 vid
609 395 132 27 beviljandet
757 394 30 28 af
793 394 58 28 före-

299 429 83 20 nämda
388 429 92 27 garanti
488 429 59 28 fästa
555 429 36 21 det
598 429 77 27 vilkor,
682 431 33 19 att
729 429 121 28 Hypoteks-

299 463 142 28 föreningens
462 463 151 28 reservfonder
627 463 36 28 för
677 463 122 28 framtiden
815 463 34 20 bi-

301 497 95 22 behållas
411 498 38 21 vid
463 498 70 21 minst
549 499 15 20 5
579 499 28 26 %/,
617 498 30 28 af
653 498 142 27 föreningens
805 499 46 19 ute-

300 533 92 27 löpande
408 532 157 27 förbindelser
557 528 12 36 ;

94 594 128 29 hvarjämte
244 595 122 22 Utskottet
390 595 97 21 föreslär
507 598 34 18 att
561 595 131 21 Ständerna
717 595 74 21 säsom
819 596 34 19 ett

94 629 177 28 önskningsmäl
287 629 71 21 mätte
373 629 74 22 uttala

369 695 34 19 att
417 694 14 20 4
446 695 14 24 $
476 693 8 20 i
499 693 144 28 kungörelsen
657 693 30 27 af
697 693 42 20 den
755 693 32 20 25
803 692 49 27 Maj

302 728 62 21 1859
378 727 112 28 angäende
500 728 99 21 vilkoren
610 728 39 21 och
659 728 116 20 allmänna
784 733 67 22 grun-

301 763 69 20 derna
391 762 36 27 för
449 762 236 28 hypoteksföreningar
711 762 9 20 i
744 761 107 26 Finland,

302 796 70 21 sådan
394 797 42 20 den
452 797 61 27 lyder
528 796 69 27 enligt
612 796 143 27 kungörelsen
769 795 30 28 af
810 795 41 21 den

302 832 24 19 11
341 831 65 27 April
421 831 62 26 1901,
498 831 67 20 mätte
577 831 85 20 erhälla
676 830 69 21 sädan
761 830 90 27 föränd-

303 866 41 20 rad
360 865 85 27 lydelse,
460 867 34 19 att
508 865 42 21 den
564 865 107 27 stadgade
687 865 70 27 lägsta
777 864 75 20 värde-

301 902 96 25 gränsen
413 900 28 27 af
452 902 102 19 sextusen
569 900 64 20 mark
647 899 86 21 sänktes
743 898 35 22 till
785 898 68 28 fyra-

305 937 63 18 tusen
383 934 69 21 mark.

167 1031 152 29 Helsingfors,
335 1031 45 22 den
398 1033 26 20 14
438 1031 47 28 Maj
504 1032 60 21 1906.

166 1163 11 21 I
193 1163 171 28 behandlingen
381 1163 26 22 af
420 1163 64 22 detta
504 1162 85 22 ärende
605 1162 70 21 hafva
691 1162 98 29 deltagit
805 1161 50 22 ord-

96 1197 114 22 föranden
219 1197 111 22 Wilhelm
341 1198 129 25 Hackman,
479 1197 158 22 ledamöterna
645 1197 91 28 August
746 1196 109 28 Ramsay,

97 1231 171 29 Björkenheim,
283 1232 80 21 Alexis
380 1232 152 29 Gripenberg,
548 1231 112 33 Friherre
670 1231 25 22 E.
713 1231 28 22 G.
751 1230 105 25 Palmén,

97 1265 23 22 J.
136 1265 140 27 Johansson,
291 1266 101 27 Fontell,
401 1267 27 20 F.
438 1266 92 27 Heikel,
542 1265 89 26 Idman,
646 1265 97 27 Öhman,
754 1264 102 27 Eklund,

97 1300 87 25 Kallio,
203 1300 125 29 Kykkling
348 1301 44 21 och
407 1301 93 21 Ekman
515 1303 60 19 samt
590 1300 177 28 suppleanterne
783 1299 72 21 Auvi-

98 1342 46 14 nen
160 1334 43 22 och
218 1334 82 22 Polön.

168 1501 142 18 Statsutskotteis
323 1502 110 18 betänkande
444 1502 38 17 N:o
496 1503 18 16 6.
