1106 1748
272 143 28 19 50
444 140 76 24 Ständ.
536 141 37 23 Sv.
591 154 25 2 —
635 142 63 27 Prop.
716 141 36 23 N:o
770 141 20 22 II.

577 217 12 18 5
606 212 53 30 kap.

562 273 47 22 Om
624 274 52 21 val.

586 335 28 20 37
630 333 21 28 8.

313 380 51 22 Den
389 384 9 19 1
419 380 46 29 juli
486 380 38 23 det
545 381 32 27 år,
596 381 76 22 under
688 380 90 23 hvilket
795 379 65 23 tiden
877 379 24 23 af
916 380 35 22 tre
967 380 26 22 år

241 415 54 23 från
318 418 94 21 senaste
435 416 258 29 landtdagsmannaval
717 415 148 30 tilländagår,
885 415 108 30 vidtager

242 451 184 30 valförrättning
449 453 7 22 i
483 452 82 30 hvarje
587 452 215 29 röstningsomräde
828 451 102 23 klockan
954 452 38 21 nio

241 493 39 17 om
305 495 127 22 morgonen
454 491 63 20 samt
535 488 91 29 fortgår
649 489 35 22 till
704 488 102 23 klockan
824 488 49 22 åtta
889 488 30 29 på
935 487 57 23 afto-

240 530 48 16 nen
311 524 43 23 och
379 524 104 29 följande
505 524 47 29 dag
575 524 113 23 likaledes
712 525 52 22 från
784 523 103 24 klockan
903 524 38 22 nio
958 523 34 23 till

243 559 102 24 klockan
369 561 55 26 åtta,
449 560 115 23 hvardera
580 560 77 29 dagen
674 561 54 22 med
744 559 122 24 mellantid
884 559 23 23 af
923 559 70 30 högst

242 596 40 22 två
298 596 96 23 timmar
410 596 74 29 enligt
500 596 172 23 valnämndens
688 595 188 24 bestämmande.

312 632 47 23 Har
383 632 113 29 Kejsaren
521 632 43 23 och
589 632 144 23 Storfursten
754 631 121 24 förordnat
891 638 38 17 om
945 638 48 23 nya

241 667 46 28 val,
314 667 107 30 vidtager
447 668 212 29 valförrättningen
685 668 13 23 &
725 669 74 22 första
822 667 76 30 dagen
919 669 8 21 i
947 667 46 24 den

242 703 208 28 kalendermänad,
471 711 50 16 som
541 704 119 29 begynner
680 705 54 22 näst
752 704 60 23 efter
828 705 74 21 sextio
919 703 74 30 dagar

242 739 54 22 frän
320 739 39 23 det
383 740 168 23 förordnandet
567 740 152 30 kungjordes,
736 741 63 22 samt
816 739 89 30 fortgär
921 739 70 24 sedan

240 775 78 22 säsom
335 776 8 21 i
360 779 11 19 1
390 782 68 16 mom.
476 778 72 27 sagts.

586 845 26 20 38
629 843 20 28 8.

312 875 20 31 Ä
358 884 161 23 valnämnden
546 884 139 23 ankommer
711 886 34 21 att
769 884 97 29 vidtaga
889 883 46 23 alla
957 883 35 23 för

240 918 174 30 förrättningen
430 920 152 29 erforderliga
598 920 165 30 anordningar.

313 955 116 23 Särskildt
456 956 66 22 skola
547 956 89 22 sädana
660 956 111 29 ätgärder
793 962 58 16 vara
871 955 120 29 vidtagna,

241 992 35 21 att
300 991 52 22 icke
377 991 77 29 nägon
474 991 38 23 mä
530 992 52 22 utfä
597 992 103 22 valsedel
716 992 74 22 innan
807 992 46 22 han
872 990 119 24 befunnits

240 1026 180 30 valberättigad,
437 1028 27 22 sä
480 1028 44 22 ock
540 1030 35 20 att
591 1028 95 22 valman
704 1028 41 22 har
761 1027 93 23 tillfälle
865 1028 41 23 att,
918 1027 74 23 under

242 1062 54 22 fullt
306 1062 134 24 bevarande
454 1063 24 23 af
488 1063 206 29 valhemligheten,
705 1064 8 22 i
724 1065 36 21 sin
769 1062 104 24 valsedel
881 1062 111 23 utmärka

240 1098 61 22 huru
318 1098 47 23 han
382 1100 82 26 röstar,
481 1099 43 23 och
540 1100 35 22 att
592 1099 85 29 nödiga
693 1099 109 23 tillbehör
820 1098 78 23 härför
913 1098 79 23 finnas

240 1135 35 21 att
292 1134 72 29 tillgå.

311 1170 126 23 Nämnden
461 1170 137 24 föranstalte
622 1171 50 27 ock,
690 1172 35 21 att
747 1170 139 29 tillräckligt
906 1170 86 29 rymlig

238 1206 64 29 plats
325 1205 65 24 invid
414 1206 142 23 valrummet
578 1207 77 22 finnes
676 1206 100 23 anvisad
792 1206 36 23 för
843 1206 30 22 de
889 1206 102 27 valmän,

239 1241 82 23 hvilka
346 1242 98 23 afvakta
468 1243 37 22 sin
525 1244 38 21 tur
580 1244 34 21 att
630 1243 121 22 inkomma
767 1243 7 22 i
792 1242 140 27 detsamma,
949 1242 42 22 och

239 1278 36 21 att
296 1277 77 23 denna
388 1278 67 30 plats|
470 1279 39 22 vid
526 1278 38 23 det
584 1279 130 28 klockslag,
731 1279 29 22 då
778 1278 213 29 valförrättningen

239 1319 38 16 om
297 1313 94 23 aftonen
404 1313 61 24 skall
477 1314 104 29 afbrytas
592 1314 56 23 eller
659 1314 106 27 afslutas,
778 1313 85 23 varder
875 1313 116 29 afstängd.

238 1348 62 23 Sker
315 1349 110 29 uppehåll
440 1349 74 23 under
530 1350 83 29 dagen,
630 1350 66 23 beror
713 1350 24 23 af
749 1349 161 23 valnämnden
922 1349 69 23 huru-

212 1395 2 2 +
238 1384 57 23 vida
311 1385 92 28 platsen
420 1385 60 23 skall
496 1385 128 30 afstängas.

312 1420 104 23 Senaten
437 1421 60 22 låter
512 1421 30 30 pä
558 1421 155 23 statsverkets
730 1420 134 24 bekostnad
881 1420 111 23 anskaffa

238 1455 102 24 valurna
356 1456 35 23 för
406 1457 82 29 hvarje
504 1457 222 29 röstningsområde.
