1100 1748
276 148 27 19 64
484 145 24 23 U.
525 146 22 22 B.
564 158 29 3 —
610 145 64 28 Prop.
691 145 37 23 N:o
746 146 20 21 II.

590 232 26 19 11
634 229 20 29 8.

320 276 196 30 Landtdagsman
533 276 39 23 må
588 277 20 28 ej
627 276 81 23 ställas
724 276 76 22 under
816 275 68 23 tilltal
899 275 55 23 eller
964 274 36 24 be-

247 312 79 22 röfvas
343 313 36 21 sin
395 312 72 23 frihet
482 312 36 23 för
532 312 91 29 yttrade
638 312 88 23 åsikter
741 312 54 22 eller
805 312 41 22 sitt
856 310 144 24 förhållande

245 348 9 22 i
272 347 71 29 öfrigt
358 348 74 22 under
448 348 217 29 förhandlingarna,
682 348 101 22 såframt
793 347 53 23 icke
856 347 144 29 landtdagen

250 383 85 23 sådant
356 384 124 29 medgifvit
500 390 86 23 genom
605 384 85 27 beslut,
706 384 37 22 för
758 383 90 23 hvilket
864 384 73 22 minst
952 382 48 23 fem

250 419 136 29 sjättedelar
402 420 24 22 af
442 420 54 22 dess
512 419 146 23 närvarande
674 420 156 22 medlemmar
846 420 78 22 röstat.

592 489 26 19 12
635 486 20 29 8.

321 533 81 23 Under
412 533 129 30 påstående
552 533 113 29 landtdag
674 533 39 23 må
721 533 183 29 landtdagsman
913 534 20 28 ej
943 533 57 22 utan

249 569 157 29 landtdagens
427 570 122 28 samtycke
568 569 86 23 häktas
670 569 36 23 för
722 570 68 26 brott,
807 571 59 21 utan
882 568 26 24 så
924 571 26 21 är
966 569 34 22 att

250 604 100 23 domstol
366 605 36 22 till
417 605 61 23 hans
495 605 119 23 häktande
630 605 121 23 förordnat
767 605 56 22 eller
833 605 48 22 han
892 606 108 28 ertappas

248 641 31 28 pä
296 641 42 22 bar
353 641 103 29 gerning
471 641 40 22 vid
522 641 156 29 begående
646 636 29 38 af
688 641 69 27 brott,
769 641 73 22 hvarä
852 641 21 29 ej
885 640 48 23 kan
944 640 57 29 följa

251 677 94 28 ringare
361 676 70 23 straff
447 679 30 20 än
493 676 107 30 fängelse
616 677 8 22 i
640 683 40 16 sex
696 676 121 23 mänader.

319 712 48 23 Har
386 712 185 29 landtdagsman
586 712 75 23 under
671 719 53 16 resa
736 712 34 23 till
780 712 115 29 landtdag
904 712 96 23 häktats

251 747 30 30 pä
297 754 80 17 annan
393 748 78 29 grund
487 751 29 20 än
532 749 8 22 i
558 752 11 19 1
586 755 70 16 mom.
672 751 109 24 nämnes,
797 748 71 23 varde
881 747 118 30 frigifven,

248 790 39 16 om
302 783 146 30 landtdagen
464 784 39 23 det
519 784 108 23 besluter.

319 819 42 24 Om
380 819 119 30 häktning
514 820 25 23 af
553 820 185 29 landtdagsman
752 820 61 23 skall
823 822 86 27 genast
920 822 80 20 anmä-

249 855 36 23 las
301 855 42 23 hos
358 855 145 24 talmannen.

594 908 26 19 13
636 905 21 28 8.

323 951 124 30 Förgriper
466 952 38 29 sig
523 952 77 29 nägon
621 952 54 23 med
696 952 41 23 ord
758 952 56 22 eller
834 952 102 28 gärning
951 952 50 22 mot

250 986 192 30 landtdagsman,
460 987 30 23 dä
505 988 76 22 denne
598 990 25 20 är
638 987 31 30 pä
684 995 54 16 resa
750 988 35 22 till
797 988 55 22 eller
862 988 52 22 frän
924 987 76 23 landt-

249 1022 48 30 dag
312 1022 56 23 eller
384 1022 86 24 medan
486 1023 74 23 sädan
576 1024 80 29 pägär,
673 1024 44 22 och
733 1023 90 24 skedde
836 1023 40 23 det
887 1023 54 23 med
951 1024 49 22 vet-

250 1058 59 29 skap
331 1065 39 16 om
393 1059 35 23 att
449 1058 48 24 han
518 1066 43 16 var
578 1060 192 28 landtdagsman,
787 1059 54 23 eller
856 1059 91 23 väldför
963 1060 38 28 sig

248 1094 78 29 någon
343 1094 60 23 efter
418 1094 115 30 landtdag
547 1096 31 28 pä
593 1095 184 29 landtdagsman
793 1095 36 23 för
844 1095 104 23 värfvets
964 1096 36 22 ut-

250 1130 103 27 förande,
370 1130 73 23 varde
460 1130 45 23 den
520 1131 213 29 omständigheten,
746 1132 35 22 att
791 1131 87 23 brottet
887 1130 113 23 föröfvats

248 1166 49 22 mot
303 1166 193 29 landtdagsman,
503 1166 78 23 såsom
588 1167 151 29 synnerligen
745 1166 152 24 försvårande
904 1166 95 23 ansedd.

318 1201 68 23 Hvad
407 1202 43 22 här
470 1204 26 20 är
516 1202 70 29 sagdt
605 1209 38 16 om
664 1202 193 30 landtdagsman,
878 1202 61 29 gälle
955 1202 45 22 ock

249 1236 149 24 sekreterare
413 1238 43 22 och
472 1238 125 29 betjäning
612 1238 40 23 vid
667 1238 122 29 landtdag.

593 1308 27 19 14
636 1304 20 30 8.

318 1350 195 29 Landtdagsman
532 1352 102 29 åtnjuter
650 1352 24 22 af
690 1352 140 23 statsmedel
846 1351 94 23 arfvode
956 1350 44 23 och

247 1385 137 24 därutöfver
401 1387 132 29 ersättning
548 1387 36 23 för
599 1394 53 16 resa
666 1387 36 23 till
718 1387 44 23 och
779 1387 53 22 från
848 1386 120 29 landtdag.

318 1421 116 24 Arfvodet
451 1423 69 28 utgör
535 1423 36 22 för
587 1423 98 28 lagtima
700 1423 117 29 landtdag
832 1423 94 22 ettusen
937 1422 62 29 fyra-

247 1456 93 23 hundra
362 1458 69 22 mark
454 1458 62 27 eller,
537 1465 38 16 om
596 1459 114 29 landtdag
730 1459 107 29 upplösts
854 1458 56 23 eller
924 1457 75 23 landt-
