1106 1748
312 137 75 23 Ständ.
404 137 35 23 Sv.
456 150 29 3 —
503 137 64 28 Prop.
584 137 38 23 N:o
638 138 22 22 II.
807 139 27 20 55

443 205 12 20 6
472 202 54 29 kap.

225 251 48 22 Om
288 252 145 27 grunderna
448 252 43 21 för
505 252 242 28 röstberäkningen.

454 308 28 19 54
498 305 20 29 8.

182 346 60 27 Den,
258 346 30 29 på
304 346 96 23 hvilken
416 346 96 23 valman
528 347 8 22 i
552 346 100 23 främsta
668 347 103 22 rummet
782 347 82 26 röstat,

111 381 143 23 tillkommer
270 388 29 16 en
315 383 55 26 röst,
386 381 46 24 den
449 382 74 23 andra
539 383 7 22 i
563 382 132 29 ordningen
712 389 29 16 en
757 381 51 23 half
821 381 43 23 och

112 417 45 23 den
174 418 74 29 tredje
264 425 28 15 en
309 418 125 29 tredjedels
451 420 54 21 röst.

184 453 184 30 Sammanlagda
384 454 108 29 beloppet
509 454 24 23 af
548 455 29 22 de
588 456 81 26 röster,
681 455 89 22 enhvar
781 453 85 24 kandi-

112 489 41 23 dat
169 489 100 23 sålunda
284 490 98 28 erhållit,
398 491 71 29 utgör
485 491 59 23 hans
561 491 90 23 rösttal.

456 560 27 19 55
500 558 21 28 8.

186 592 32 28 Är
240 598 76 29 någon
338 598 24 22 af
382 598 61 28 dem,
460 599 31 29 på
507 599 81 22 hvilka
605 599 96 23 valman
716 600 81 26 röstat,
814 598 53 22 icke

113 634 83 22 valbar
218 634 55 22 eller
288 634 52 22 icke
357 634 53 22 med
426 634 117 30 tydlighet
559 634 140 28 betecknad,
716 634 61 30 gälle
793 634 74 22 likväl

114 670 156 22 valmannens
286 672 49 20 röst
351 670 34 22 för
401 670 28 22 de
446 670 83 30 öfriga.

186 706 47 22 Har
254 706 96 22 valman
373 706 12 22 å
408 707 37 21 sin
467 706 105 23 valsedel
593 706 107 23 utmärkt
715 706 58 22 flere
790 708 30 20 än
838 712 30 16 en

114 741 177 27 kandidatlista,

187 777 56 23 eller
258 778 8 22 i
282 778 45 22 den
344 778 24 22 af
383 778 86 22 honom
486 778 121 23 utmärkta
622 778 186 23 kandidatlistan
819 777 49 23 vid-

114 814 62 28 tagit
192 819 78 17 annan
288 813 100 29 ändring
405 816 29 20 än
453 814 25 23 af
494 821 116 16 namnens
626 814 179 29 ordningsföljd,

187 849 55 23 eller
250 849 42 23 har
301 849 94 23 valman
405 851 6 21 i
420 850 121 22 valsedeln
549 850 94 22 skrifvit
648 850 57 22 flere
711 852 31 20 än
747 851 34 21 tre
787 856 81 20 namn,

188 885 56 22 eller
259 885 82 23 försett
350 886 121 23 valsedeln
485 886 53 23 med
549 886 112 23 särskildt
672 886 82 23 märke
766 886 57 23 eller
833 886 36 21 sin

116 921 194 29 namnteckning,

188 957 56 23 eller
265 958 105 22 användt
391 965 79 16 annan
492 961 29 20 än
543 958 74 23 sådan
634 958 109 28 valsedel,
761 964 51 16 som
827 958 43 22 hos

116 992 160 24 valnämnden
292 994 106 29 uttagits,

189 1029 57 22 eller
261 1029 109 23 befinnes
386 1030 104 23 valsedel
506 1030 53 23 icke
576 1037 57 16 vara
649 1030 148 30 afstämplad,

188 1071 56 16 vare
260 1065 75 23 sådan
351 1066 105 22 valsedel
472 1066 89 30 ogiltig.

464 1136 27 19 56
507 1133 21 29 8.

190 1172 129 28 Valsedlar,
347 1173 80 23 hvilka
454 1174 107 29 afgifvits
587 1174 35 22 för
643 1180 90 16 samma
750 1174 120 22 valmans-

118 1208 121 29 förenings
265 1208 176 28 kandidatlista,
469 1210 64 29 gälla
558 1210 158 22 tillsammans
742 1210 79 22 såsom
834 1216 36 18 en

118 1245 132 28 röstgrupp.

465 1309 28 19 57
510 1306 21 29 8.

191 1345 177 24 Kandidaterna
390 1348 63 22 inom
473 1354 93 16 samma
582 1348 125 28 röstgrupp
724 1346 72 24 hafva
813 1346 59 23 före-

119 1381 67 23 träde
210 1381 98 24 framför
330 1382 136 24 hvarandra
486 1383 60 23 efter
562 1383 119 23 storleken
698 1383 24 23 af
737 1382 29 23 de
781 1382 91 27 rösttal,

120 1417 81 23 hvilka
223 1418 29 23 de
267 1418 59 23 hvar
341 1419 64 22 inom
421 1425 110 24 gruppen
547 1419 75 29 enligt
638 1423 28 19 54
682 1419 14 29 $
713 1419 99 27 erhållit,
829 1418 44 23 och
