<?xml version="1.0" encoding="UTF-8"?>
<alto xmlns="http://www.loc.gov/standards/alto/ns-v3#" xmlns:xlink="http://www.w3.org/1999/xlink" xmlns:xsi="http://www.w3.org/2001/XMLSchema-instance" xsi:schemaLocation="http://www.loc.gov/standards/alto/ns-v3# http://www.loc.gov/alto/v3/alto-3-0.xsd">
	<Description>
		<MeasurementUnit>pixel</MeasurementUnit>
		<sourceImageInformation>
			<fileName>/tmp/tess_nbxzmeh3_input.PNG</fileName>
		</sourceImageInformation>
		<OCRProcessing ID="OCR_0">
			<ocrProcessingStep>
				<processingSoftware>
					<softwareName>tesseract 5.3.4</softwareName>
				</processingSoftware>
			</ocrProcessingStep>
		</OCRProcessing>
	</Description>
	<Layout>
		<Page WIDTH="1100" HEIGHT="1745" PHYSICAL_IMG_NR="0" ID="page_0">
			<PrintSpace HPOS="0" VPOS="0" WIDTH="1100" HEIGHT="1745">
				<ComposedBlock ID="cblock_0" HPOS="409" VPOS="130" WIDTH="122" HEIGHT="25">
					<TextBlock ID="block_0" HPOS="409" VPOS="130" WIDTH="122" HEIGHT="25">
						<TextLine ID="line_0" HPOS="409" VPOS="130" WIDTH="122" HEIGHT="25">
							<String ID="string_0" HPOS="409" VPOS="130" WIDTH="57" HEIGHT="23" WC="0.96" CONTENT="N:o"/><SP WIDTH="18" VPOS="130" HPOS="466"/>
							<String ID="string_1" HPOS="484" VPOS="131" WIDTH="47" HEIGHT="24" WC="0.91" CONTENT="11."/>
						</TextLine>
					</TextBlock>
				</ComposedBlock>
				<ComposedBlock ID="cblock_1" HPOS="227" VPOS="375" WIDTH="620" HEIGHT="161">
					<TextBlock ID="block_1" HPOS="227" VPOS="375" WIDTH="620" HEIGHT="161">
						<TextLine ID="line_1" HPOS="296" VPOS="375" WIDTH="551" HEIGHT="30">
							<String ID="string_2" HPOS="296" VPOS="375" WIDTH="70" HEIGHT="22" WC="0.93" CONTENT="Hans"/><SP WIDTH="28" VPOS="375" HPOS="366"/>
							<String ID="string_3" HPOS="394" VPOS="375" WIDTH="165" HEIGHT="29" WC="0.91" CONTENT="Kejserliga"/><SP WIDTH="27" VPOS="375" HPOS="559"/>
							<String ID="string_4" HPOS="586" VPOS="375" WIDTH="147" HEIGHT="29" WC="0.90" CONTENT="Majestäts"/><SP WIDTH="27" VPOS="375" HPOS="733"/>
							<String ID="string_5" HPOS="760" VPOS="376" WIDTH="87" HEIGHT="29" WC="0.90" CONTENT="Nädiga"/>
						</TextLine>
						<TextLine ID="line_2" HPOS="227" VPOS="420" WIDTH="620" HEIGHT="31">
							<String ID="string_6" HPOS="227" VPOS="420" WIDTH="143" HEIGHT="29" WC="0.96" CONTENT="proposition"/><SP WIDTH="18" VPOS="420" HPOS="370"/>
							<String ID="string_7" HPOS="388" VPOS="421" WIDTH="39" HEIGHT="22" WC="0.96" CONTENT="till"/><SP WIDTH="18" VPOS="421" HPOS="427"/>
							<String ID="string_8" HPOS="445" VPOS="421" WIDTH="109" HEIGHT="24" WC="0.93" CONTENT="Finlands"/><SP WIDTH="13" VPOS="421" HPOS="554"/>
							<String ID="string_9" HPOS="567" VPOS="421" WIDTH="98" HEIGHT="24" WC="0.90" CONTENT="Ständer"/><SP WIDTH="14" VPOS="421" HPOS="665"/>
							<String ID="string_10" HPOS="679" VPOS="421" WIDTH="119" HEIGHT="30" WC="0.90" CONTENT="angäende"/><SP WIDTH="18" VPOS="421" HPOS="798"/>
							<String ID="string_11" HPOS="816" VPOS="428" WIDTH="31" HEIGHT="23" WC="0.96" CONTENT="ny"/>
						</TextLine>
						<TextLine ID="line_3" HPOS="228" VPOS="466" WIDTH="619" HEIGHT="30">
							<String ID="string_12" HPOS="228" VPOS="466" WIDTH="225" HEIGHT="29" WC="0.90" CONTENT="landtdagsordning"/><SP WIDTH="18" VPOS="466" HPOS="453"/>
							<String ID="string_13" HPOS="471" VPOS="468" WIDTH="58" HEIGHT="23" WC="0.93" CONTENT="samt"/><SP WIDTH="18" VPOS="468" HPOS="529"/>
							<String ID="string_14" HPOS="547" VPOS="468" WIDTH="80" HEIGHT="28" WC="0.92" CONTENT="vallag"/><SP WIDTH="18" VPOS="468" HPOS="627"/>
							<String ID="string_15" HPOS="645" VPOS="467" WIDTH="38" HEIGHT="24" WC="0.93" CONTENT="för"/><SP WIDTH="14" VPOS="467" HPOS="683"/>
							<String ID="string_16" HPOS="697" VPOS="468" WIDTH="150" HEIGHT="23" WC="0.92" CONTENT="Storfursten-"/>
						</TextLine>
						<TextLine ID="line_4" HPOS="230" VPOS="513" WIDTH="198" HEIGHT="23">
							<String ID="string_17" HPOS="230" VPOS="513" WIDTH="74" HEIGHT="22" WC="0.92" CONTENT="dömet"/><SP WIDTH="18" VPOS="513" HPOS="304"/>
							<String ID="string_18" HPOS="322" VPOS="513" WIDTH="106" HEIGHT="23" WC="0.95" CONTENT="Finland."/>
						</TextLine>
					</TextBlock>
				</ComposedBlock>
				<ComposedBlock ID="cblock_2" HPOS="92" VPOS="579" WIDTH="763" HEIGHT="888">
					<TextBlock ID="block_2" HPOS="92" VPOS="579" WIDTH="758" HEIGHT="338">
						<TextLine ID="line_5" HPOS="160" VPOS="579" WIDTH="688" HEIGHT="28">
							<String ID="string_19" HPOS="160" VPOS="579" WIDTH="41" HEIGHT="22" WC="0.96" CONTENT="Uti"/><SP WIDTH="23" VPOS="579" HPOS="201"/>
							<String ID="string_20" HPOS="224" VPOS="579" WIDTH="83" HEIGHT="28" WC="0.96" CONTENT="nådiga"/><SP WIDTH="18" VPOS="579" HPOS="307"/>
							<String ID="string_21" HPOS="325" VPOS="579" WIDTH="129" HEIGHT="22" WC="0.96" CONTENT="manifestet"/><SP WIDTH="17" VPOS="579" HPOS="454"/>
							<String ID="string_22" HPOS="471" VPOS="580" WIDTH="22" HEIGHT="21" WC="0.96" CONTENT="af"/><SP WIDTH="15" VPOS="580" HPOS="493"/>
							<String ID="string_23" HPOS="508" VPOS="580" WIDTH="43" HEIGHT="21" WC="0.96" CONTENT="den"/><SP WIDTH="16" VPOS="580" HPOS="551"/>
							<String ID="string_24" HPOS="567" VPOS="580" WIDTH="14" HEIGHT="21" WC="0.96" CONTENT="4"/><SP WIDTH="14" VPOS="580" HPOS="581"/>
							<String ID="string_25" HPOS="595" VPOS="580" WIDTH="123" HEIGHT="22" WC="0.96" CONTENT="november"/><SP WIDTH="15" VPOS="580" HPOS="718"/>
							<String ID="string_26" HPOS="733" VPOS="581" WIDTH="35" HEIGHT="26" WC="0.93" CONTENT="(22"/><SP WIDTH="17" VPOS="581" HPOS="768"/>
							<String ID="string_27" HPOS="785" VPOS="581" WIDTH="63" HEIGHT="21" WC="0.93" CONTENT="okto-"/>
						</TextLine>
						<TextLine ID="line_6" HPOS="93" VPOS="613" WIDTH="755" HEIGHT="30">
							<String ID="string_28" HPOS="93" VPOS="613" WIDTH="46" HEIGHT="27" WC="0.96" CONTENT="ber)"/><SP WIDTH="16" VPOS="613" HPOS="139"/>
							<String ID="string_29" HPOS="155" VPOS="613" WIDTH="55" HEIGHT="21" WC="0.95" CONTENT="1905"/><SP WIDTH="17" VPOS="613" HPOS="210"/>
							<String ID="string_30" HPOS="227" VPOS="613" WIDTH="41" HEIGHT="22" WC="0.96" CONTENT="har"/><SP WIDTH="17" VPOS="613" HPOS="268"/>
							<String ID="string_31" HPOS="285" VPOS="613" WIDTH="64" HEIGHT="22" WC="0.93" CONTENT="Hans"/><SP WIDTH="17" VPOS="613" HPOS="349"/>
							<String ID="string_32" HPOS="366" VPOS="613" WIDTH="129" HEIGHT="30" WC="0.96" CONTENT="Kejserliga"/><SP WIDTH="20" VPOS="613" HPOS="495"/>
							<String ID="string_33" HPOS="515" VPOS="614" WIDTH="107" HEIGHT="29" WC="0.96" CONTENT="Majestät"/><SP WIDTH="19" VPOS="614" HPOS="622"/>
							<String ID="string_34" HPOS="641" VPOS="615" WIDTH="115" HEIGHT="21" WC="0.96" CONTENT="meddelat"/><SP WIDTH="21" VPOS="615" HPOS="756"/>
							<String ID="string_35" HPOS="777" VPOS="615" WIDTH="71" HEIGHT="28" WC="0.95" CONTENT="nådig"/>
						</TextLine>
						<TextLine ID="line_7" HPOS="92" VPOS="647" WIDTH="758" HEIGHT="30">
							<String ID="string_36" HPOS="92" VPOS="647" WIDTH="122" HEIGHT="29" WC="0.92" CONTENT="anvisning"/><SP WIDTH="23" VPOS="647" HPOS="214"/>
							<String ID="string_37" HPOS="237" VPOS="648" WIDTH="83" HEIGHT="27" WC="0.96" CONTENT="därom,"/><SP WIDTH="25" VPOS="648" HPOS="320"/>
							<String ID="string_38" HPOS="345" VPOS="649" WIDTH="34" HEIGHT="20" WC="0.96" CONTENT="att"/><SP WIDTH="22" VPOS="649" HPOS="379"/>
							<String ID="string_39" HPOS="401" VPOS="656" WIDTH="27" HEIGHT="13" WC="0.93" CONTENT="en"/><SP WIDTH="19" VPOS="656" HPOS="428"/>
							<String ID="string_40" HPOS="447" VPOS="649" WIDTH="109" HEIGHT="28" WC="0.96" CONTENT="tidsenlig"/><SP WIDTH="18" VPOS="649" HPOS="556"/>
							<String ID="string_41" HPOS="574" VPOS="649" WIDTH="82" HEIGHT="21" WC="0.95" CONTENT="reform"/><SP WIDTH="20" VPOS="649" HPOS="656"/>
							<String ID="string_42" HPOS="676" VPOS="649" WIDTH="23" HEIGHT="21" WC="0.96" CONTENT="af"/><SP WIDTH="18" VPOS="649" HPOS="699"/>
							<String ID="string_43" HPOS="717" VPOS="649" WIDTH="42" HEIGHT="21" WC="0.96" CONTENT="den"/><SP WIDTH="16" VPOS="649" HPOS="759"/>
							<String ID="string_44" HPOS="775" VPOS="649" WIDTH="75" HEIGHT="22" WC="0.96" CONTENT="finska"/>
						</TextLine>
						<TextLine ID="line_8" HPOS="92" VPOS="682" WIDTH="756" HEIGHT="30">
							<String ID="string_45" HPOS="92" VPOS="682" WIDTH="269" HEIGHT="28" WC="0.91" CONTENT="folkrepresentationens"/><SP WIDTH="21" VPOS="682" HPOS="361"/>
							<String ID="string_46" HPOS="382" VPOS="678" WIDTH="7" HEIGHT="38" WC="0.48" CONTENT="="/><SP WIDTH="6" VPOS="678" HPOS="389"/>
							<String ID="string_47" HPOS="395" VPOS="683" WIDTH="154" HEIGHT="28" WC="0.64" CONTENT="organisation"/><SP WIDTH="32" VPOS="683" HPOS="549"/>
							<String ID="string_48" HPOS="581" VPOS="683" WIDTH="70" HEIGHT="22" WC="0.93" CONTENT="borde"/><SP WIDTH="30" VPOS="683" HPOS="651"/>
							<String ID="string_49" HPOS="681" VPOS="683" WIDTH="167" HEIGHT="29" WC="0.36" CONTENT="ävägabringas"/>
						</TextLine>
						<TextLine ID="line_9" HPOS="92" VPOS="717" WIDTH="757" HEIGHT="28">
							<String ID="string_50" HPOS="92" VPOS="717" WIDTH="52" HEIGHT="21" WC="0.91" CONTENT="med"/><SP WIDTH="23" VPOS="717" HPOS="144"/>
							<String ID="string_51" HPOS="167" VPOS="717" WIDTH="147" HEIGHT="28" WC="0.91" CONTENT="tillämpning"/><SP WIDTH="22" VPOS="717" HPOS="314"/>
							<String ID="string_52" HPOS="336" VPOS="717" WIDTH="26" HEIGHT="21" WC="0.96" CONTENT="af"/><SP WIDTH="20" VPOS="717" HPOS="362"/>
							<String ID="string_53" HPOS="382" VPOS="717" WIDTH="44" HEIGHT="21" WC="0.86" CONTENT="den"/><SP WIDTH="25" VPOS="717" HPOS="426"/>
							<String ID="string_54" HPOS="451" VPOS="718" WIDTH="116" HEIGHT="21" WC="0.96" CONTENT="allmänna"/><SP WIDTH="23" VPOS="718" HPOS="567"/>
							<String ID="string_55" HPOS="590" VPOS="718" WIDTH="42" HEIGHT="21" WC="0.96" CONTENT="och"/><SP WIDTH="22" VPOS="718" HPOS="632"/>
							<String ID="string_56" HPOS="654" VPOS="718" WIDTH="47" HEIGHT="21" WC="0.93" CONTENT="lika"/><SP WIDTH="23" VPOS="718" HPOS="701"/>
							<String ID="string_57" HPOS="724" VPOS="719" WIDTH="125" HEIGHT="21" WC="0.92" CONTENT="valrättens"/>
						</TextLine>
						<TextLine ID="line_10" HPOS="92" VPOS="751" WIDTH="758" HEIGHT="30">
							<String ID="string_58" HPOS="92" VPOS="751" WIDTH="152" HEIGHT="28" WC="0.91" CONTENT="grundsatser."/><SP WIDTH="30" VPOS="751" HPOS="244"/>
							<String ID="string_59" HPOS="274" VPOS="751" WIDTH="45" HEIGHT="21" WC="0.95" CONTENT="Till"/><SP WIDTH="20" VPOS="751" HPOS="319"/>
							<String ID="string_60" HPOS="339" VPOS="751" WIDTH="57" HEIGHT="28" WC="0.93" CONTENT="följd"/><SP WIDTH="22" VPOS="751" HPOS="396"/>
							<String ID="string_61" HPOS="418" VPOS="751" WIDTH="65" HEIGHT="22" WC="0.90" CONTENT="häraf"/><SP WIDTH="21" VPOS="751" HPOS="483"/>
							<String ID="string_62" HPOS="504" VPOS="752" WIDTH="46" HEIGHT="28" WC="0.96" CONTENT="har,"/><SP WIDTH="20" VPOS="752" HPOS="550"/>
							<String ID="string_63" HPOS="570" VPOS="752" WIDTH="9" HEIGHT="21" WC="0.93" CONTENT="i"/><SP WIDTH="19" VPOS="752" HPOS="579"/>
							<String ID="string_64" HPOS="598" VPOS="752" WIDTH="163" HEIGHT="29" WC="0.91" CONTENT="hufvudsaklig"/><SP WIDTH="15" VPOS="752" HPOS="761"/>
							<String ID="string_65" HPOS="776" VPOS="753" WIDTH="74" HEIGHT="21" WC="0.92" CONTENT="öfver-"/>
						</TextLine>
						<TextLine ID="line_11" HPOS="92" VPOS="786" WIDTH="758" HEIGHT="29">
							<String ID="string_66" HPOS="92" VPOS="786" WIDTH="171" HEIGHT="21" WC="0.89" CONTENT="ensstämmelse"/><SP WIDTH="23" VPOS="786" HPOS="263"/>
							<String ID="string_67" HPOS="286" VPOS="786" WIDTH="50" HEIGHT="21" WC="0.96" CONTENT="med"/><SP WIDTH="22" VPOS="786" HPOS="336"/>
							<String ID="string_68" HPOS="358" VPOS="786" WIDTH="39" HEIGHT="21" WC="0.93" CONTENT="det"/><SP WIDTH="23" VPOS="786" HPOS="397"/>
							<String ID="string_69" HPOS="420" VPOS="786" WIDTH="143" HEIGHT="22" WC="0.90" CONTENT="betänkande"/><SP WIDTH="22" VPOS="786" HPOS="563"/>
							<String ID="string_70" HPOS="585" VPOS="787" WIDTH="42" HEIGHT="21" WC="0.94" CONTENT="och"/><SP WIDTH="22" VPOS="787" HPOS="627"/>
							<String ID="string_71" HPOS="649" VPOS="787" WIDTH="131" HEIGHT="28" WC="0.95" CONTENT="lagförslag,"/><SP WIDTH="22" VPOS="787" HPOS="780"/>
							<String ID="string_72" HPOS="802" VPOS="794" WIDTH="48" HEIGHT="14" WC="0.96" CONTENT="som"/>
						</TextLine>
						<TextLine ID="line_12" HPOS="93" VPOS="819" WIDTH="757" HEIGHT="30">
							<String ID="string_73" HPOS="93" VPOS="819" WIDTH="103" HEIGHT="29" WC="0.91" CONTENT="afgifvits"/><SP WIDTH="23" VPOS="819" HPOS="196"/>
							<String ID="string_74" HPOS="219" VPOS="820" WIDTH="25" HEIGHT="21" WC="0.96" CONTENT="af"/><SP WIDTH="20" VPOS="820" HPOS="244"/>
							<String ID="string_75" HPOS="264" VPOS="828" WIDTH="28" HEIGHT="13" WC="0.96" CONTENT="en"/><SP WIDTH="19" VPOS="828" HPOS="292"/>
							<String ID="string_76" HPOS="311" VPOS="820" WIDTH="34" HEIGHT="21" WC="0.93" CONTENT="för"/><SP WIDTH="18" VPOS="820" HPOS="345"/>
							<String ID="string_77" HPOS="363" VPOS="821" WIDTH="130" HEIGHT="21" WC="0.96" CONTENT="ändamålet"/><SP WIDTH="14" VPOS="821" HPOS="493"/>
							<String ID="string_78" HPOS="507" VPOS="821" WIDTH="84" HEIGHT="22" WC="0.93" CONTENT="tillsatt"/><SP WIDTH="14" VPOS="821" HPOS="591"/>
							<String ID="string_79" HPOS="605" VPOS="821" WIDTH="94" HEIGHT="28" WC="0.56" CONTENT="komit6,"/><SP WIDTH="15" VPOS="821" HPOS="699"/>
							<String ID="string_80" HPOS="714" VPOS="821" WIDTH="85" HEIGHT="28" WC="0.96" CONTENT="förslag"/><SP WIDTH="15" VPOS="821" HPOS="799"/>
							<String ID="string_81" HPOS="814" VPOS="821" WIDTH="36" HEIGHT="21" WC="0.96" CONTENT="till"/>
						</TextLine>
						<TextLine ID="line_13" HPOS="92" VPOS="854" WIDTH="758" HEIGHT="30">
							<String ID="string_82" HPOS="92" VPOS="862" WIDTH="33" HEIGHT="20" WC="0.92" CONTENT="ny"/><SP WIDTH="19" VPOS="862" HPOS="125"/>
							<String ID="string_83" HPOS="144" VPOS="854" WIDTH="221" HEIGHT="28" WC="0.92" CONTENT="landtdagsordning"/><SP WIDTH="20" VPOS="854" HPOS="365"/>
							<String ID="string_84" HPOS="385" VPOS="855" WIDTH="35" HEIGHT="21" WC="0.93" CONTENT="för"/><SP WIDTH="19" VPOS="855" HPOS="420"/>
							<String ID="string_85" HPOS="439" VPOS="855" WIDTH="220" HEIGHT="21" WC="0.93" CONTENT="Storfurstendömet"/><SP WIDTH="18" VPOS="855" HPOS="659"/>
							<String ID="string_86" HPOS="677" VPOS="855" WIDTH="98" HEIGHT="22" WC="0.93" CONTENT="Finland"/><SP WIDTH="18" VPOS="855" HPOS="775"/>
							<String ID="string_87" HPOS="793" VPOS="863" WIDTH="57" HEIGHT="21" WC="0.93" CONTENT="upp-"/>
						</TextLine>
						<TextLine ID="line_14" HPOS="93" VPOS="888" WIDTH="78" HEIGHT="29">
							<String ID="string_88" HPOS="93" VPOS="888" WIDTH="78" HEIGHT="29" WC="0.94" CONTENT="gjorts."/>
						</TextLine>
					</TextBlock>
					<TextBlock ID="block_3" HPOS="93" VPOS="923" WIDTH="759" HEIGHT="201">
						<TextLine ID="line_15" HPOS="161" VPOS="923" WIDTH="690" HEIGHT="29">
							<String ID="string_89" HPOS="161" VPOS="923" WIDTH="51" HEIGHT="21" WC="0.96" CONTENT="Den"/><SP WIDTH="16" VPOS="923" HPOS="212"/>
							<String ID="string_90" HPOS="228" VPOS="926" WIDTH="61" HEIGHT="18" WC="0.96" CONTENT="ännu"/><SP WIDTH="18" VPOS="926" HPOS="289"/>
							<String ID="string_91" HPOS="307" VPOS="923" WIDTH="8" HEIGHT="21" WC="0.96" CONTENT="i"/><SP WIDTH="15" VPOS="923" HPOS="315"/>
							<String ID="string_92" HPOS="330" VPOS="924" WIDTH="99" HEIGHT="21" WC="0.93" CONTENT="Finland"/><SP WIDTH="23" VPOS="924" HPOS="429"/>
							<String ID="string_93" HPOS="452" VPOS="924" WIDTH="123" HEIGHT="22" WC="0.93" CONTENT="bestående"/><SP WIDTH="23" VPOS="924" HPOS="575"/>
							<String ID="string_94" HPOS="598" VPOS="924" WIDTH="253" HEIGHT="28" WC="0.74" CONTENT="ständsroprosentatio-"/>
						</TextLine>
						<TextLine ID="line_16" HPOS="93" VPOS="958" WIDTH="758" HEIGHT="28">
							<String ID="string_95" HPOS="93" VPOS="965" WIDTH="44" HEIGHT="14" WC="0.96" CONTENT="nen"/><SP WIDTH="23" VPOS="965" HPOS="137"/>
							<String ID="string_96" HPOS="160" VPOS="960" WIDTH="126" HEIGHT="19" WC="0.90" CONTENT="motsvarar"/><SP WIDTH="26" VPOS="960" HPOS="286"/>
							<String ID="string_97" HPOS="312" VPOS="958" WIDTH="50" HEIGHT="21" WC="0.90" CONTENT="icke"/><SP WIDTH="23" VPOS="958" HPOS="362"/>
							<String ID="string_98" HPOS="385" VPOS="966" WIDTH="48" HEIGHT="13" WC="0.95" CONTENT="mer"/><SP WIDTH="22" VPOS="966" HPOS="433"/>
							<String ID="string_99" HPOS="455" VPOS="958" WIDTH="28" HEIGHT="22" WC="0.90" CONTENT="de"/><SP WIDTH="23" VPOS="958" HPOS="483"/>
							<String ID="string_100" HPOS="506" VPOS="958" WIDTH="271" HEIGHT="28" WC="0.89" CONTENT="samhällsförhällanden,"/><SP WIDTH="25" VPOS="958" HPOS="777"/>
							<String ID="string_101" HPOS="802" VPOS="966" WIDTH="49" HEIGHT="14" WC="0.96" CONTENT="som"/>
						</TextLine>
						<TextLine ID="line_17" HPOS="93" VPOS="991" WIDTH="757" HEIGHT="30">
							<String ID="string_102" HPOS="93" VPOS="991" WIDTH="108" HEIGHT="29" WC="0.91" CONTENT="framgätt"/><SP WIDTH="22" VPOS="991" HPOS="201"/>
							<String ID="string_103" HPOS="223" VPOS="1000" WIDTH="27" HEIGHT="13" WC="0.95" CONTENT="ur"/><SP WIDTH="22" VPOS="1000" HPOS="250"/>
							<String ID="string_104" HPOS="272" VPOS="992" WIDTH="42" HEIGHT="21" WC="0.93" CONTENT="den"/><SP WIDTH="24" VPOS="992" HPOS="314"/>
							<String ID="string_105" HPOS="338" VPOS="995" WIDTH="81" HEIGHT="26" WC="0.92" CONTENT="nyasto"/><SP WIDTH="23" VPOS="995" HPOS="419"/>
							<String ID="string_106" HPOS="442" VPOS="993" WIDTH="75" HEIGHT="21" WC="0.92" CONTENT="tidens"/><SP WIDTH="24" VPOS="993" HPOS="517"/>
							<String ID="string_107" HPOS="541" VPOS="993" WIDTH="147" HEIGHT="21" WC="0.96" CONTENT="ekonomiska"/><SP WIDTH="19" VPOS="993" HPOS="688"/>
							<String ID="string_108" HPOS="707" VPOS="993" WIDTH="43" HEIGHT="21" WC="0.95" CONTENT="och"/><SP WIDTH="14" VPOS="993" HPOS="750"/>
							<String ID="string_109" HPOS="764" VPOS="993" WIDTH="86" HEIGHT="21" WC="0.96" CONTENT="sociala"/>
						</TextLine>
						<TextLine ID="line_18" HPOS="93" VPOS="1027" WIDTH="757" HEIGHT="29">
							<String ID="string_110" HPOS="93" VPOS="1027" WIDTH="139" HEIGHT="28" WC="0.96" CONTENT="utveckling."/><SP WIDTH="22" VPOS="1027" HPOS="232"/>
							<String ID="string_111" HPOS="254" VPOS="1027" WIDTH="53" HEIGHT="21" WC="0.93" CONTENT="Med"/><SP WIDTH="16" VPOS="1027" HPOS="307"/>
							<String ID="string_112" HPOS="323" VPOS="1027" WIDTH="106" HEIGHT="22" WC="0.93" CONTENT="afseende"/><SP WIDTH="16" VPOS="1027" HPOS="429"/>
							<String ID="string_113" HPOS="445" VPOS="1027" WIDTH="62" HEIGHT="29" WC="0.92" CONTENT="härä,"/><SP WIDTH="17" VPOS="1027" HPOS="507"/>
							<String ID="string_114" HPOS="524" VPOS="1027" WIDTH="42" HEIGHT="22" WC="0.96" CONTENT="och"/><SP WIDTH="16" VPOS="1027" HPOS="566"/>
							<String ID="string_115" HPOS="582" VPOS="1027" WIDTH="28" HEIGHT="22" WC="0.96" CONTENT="dä"/><SP WIDTH="16" VPOS="1027" HPOS="610"/>
							<String ID="string_116" HPOS="626" VPOS="1027" WIDTH="38" HEIGHT="21" WC="0.96" CONTENT="det"/><SP WIDTH="15" VPOS="1027" HPOS="664"/>
							<String ID="string_117" HPOS="679" VPOS="1027" WIDTH="73" HEIGHT="28" WC="0.92" CONTENT="gäller"/><SP WIDTH="15" VPOS="1027" HPOS="752"/>
							<String ID="string_118" HPOS="767" VPOS="1029" WIDTH="34" HEIGHT="19" WC="0.93" CONTENT="att"/><SP WIDTH="14" VPOS="1029" HPOS="801"/>
							<String ID="string_119" HPOS="815" VPOS="1027" WIDTH="35" HEIGHT="21" WC="0.92" CONTENT="in-"/>
						</TextLine>
						<TextLine ID="line_19" HPOS="93" VPOS="1061" WIDTH="759" HEIGHT="28">
							<String ID="string_120" HPOS="93" VPOS="1061" WIDTH="50" HEIGHT="21" WC="0.92" CONTENT="föra"/><SP WIDTH="22" VPOS="1061" HPOS="143"/>
							<String ID="string_121" HPOS="165" VPOS="1061" WIDTH="85" HEIGHT="21" WC="0.96" CONTENT="allmän"/><SP WIDTH="16" VPOS="1061" HPOS="250"/>
							<String ID="string_122" HPOS="266" VPOS="1061" WIDTH="42" HEIGHT="22" WC="0.96" CONTENT="och"/><SP WIDTH="15" VPOS="1061" HPOS="308"/>
							<String ID="string_123" HPOS="323" VPOS="1061" WIDTH="48" HEIGHT="22" WC="0.93" CONTENT="lika"/><SP WIDTH="21" VPOS="1061" HPOS="371"/>
							<String ID="string_124" HPOS="392" VPOS="1064" WIDTH="101" HEIGHT="25" WC="0.92" CONTENT="rösträtt,"/><SP WIDTH="17" VPOS="1064" HPOS="493"/>
							<String ID="string_125" HPOS="510" VPOS="1065" WIDTH="24" HEIGHT="18" WC="0.96" CONTENT="är"/><SP WIDTH="15" VPOS="1065" HPOS="534"/>
							<String ID="string_126" HPOS="549" VPOS="1062" WIDTH="38" HEIGHT="21" WC="0.93" CONTENT="det"/><SP WIDTH="15" VPOS="1062" HPOS="587"/>
							<String ID="string_127" HPOS="602" VPOS="1062" WIDTH="83" HEIGHT="27" WC="0.92" CONTENT="nödigt"/><SP WIDTH="15" VPOS="1062" HPOS="685"/>
							<String ID="string_128" HPOS="700" VPOS="1063" WIDTH="34" HEIGHT="20" WC="0.93" CONTENT="att"/><SP WIDTH="15" VPOS="1063" HPOS="734"/>
							<String ID="string_129" HPOS="749" VPOS="1061" WIDTH="59" HEIGHT="22" WC="0.92" CONTENT="dana"/><SP WIDTH="16" VPOS="1061" HPOS="808"/>
							<String ID="string_130" HPOS="824" VPOS="1069" WIDTH="28" HEIGHT="14" WC="0.97" CONTENT="en"/>
						</TextLine>
						<TextLine ID="line_20" HPOS="94" VPOS="1095" WIDTH="667" HEIGHT="29">
							<String ID="string_131" HPOS="94" VPOS="1096" WIDTH="48" HEIGHT="21" WC="0.96" CONTENT="helt"/><SP WIDTH="15" VPOS="1096" HPOS="142"/>
							<String ID="string_132" HPOS="157" VPOS="1095" WIDTH="43" HEIGHT="22" WC="0.93" CONTENT="och"/><SP WIDTH="14" VPOS="1095" HPOS="200"/>
							<String ID="string_133" HPOS="214" VPOS="1095" WIDTH="72" HEIGHT="22" WC="0.92" CONTENT="hället"/><SP WIDTH="15" VPOS="1095" HPOS="286"/>
							<String ID="string_134" HPOS="301" VPOS="1103" WIDTH="32" HEIGHT="21" WC="0.96" CONTENT="ny"/><SP WIDTH="15" VPOS="1103" HPOS="333"/>
							<String ID="string_135" HPOS="348" VPOS="1095" WIDTH="59" HEIGHT="22" WC="0.96" CONTENT="form"/><SP WIDTH="16" VPOS="1095" HPOS="407"/>
							<String ID="string_136" HPOS="423" VPOS="1096" WIDTH="35" HEIGHT="21" WC="0.93" CONTENT="för"/><SP WIDTH="15" VPOS="1096" HPOS="458"/>
							<String ID="string_137" HPOS="473" VPOS="1096" WIDTH="89" HEIGHT="22" WC="0.91" CONTENT="landets"/><SP WIDTH="16" VPOS="1096" HPOS="562"/>
							<String ID="string_138" HPOS="578" VPOS="1096" WIDTH="183" HEIGHT="28" WC="0.95" CONTENT="representation."/>
						</TextLine>
					</TextBlock>
					<TextBlock ID="block_4" HPOS="93" VPOS="1130" WIDTH="762" HEIGHT="337">
						<TextLine ID="line_21" HPOS="162" VPOS="1130" WIDTH="689" HEIGHT="29">
							<String ID="string_139" HPOS="162" VPOS="1130" WIDTH="88" HEIGHT="21" WC="0.96" CONTENT="Härvid"/><SP WIDTH="25" VPOS="1130" HPOS="250"/>
							<String ID="string_140" HPOS="275" VPOS="1130" WIDTH="41" HEIGHT="21" WC="0.96" CONTENT="har"/><SP WIDTH="27" VPOS="1130" HPOS="316"/>
							<String ID="string_141" HPOS="343" VPOS="1131" WIDTH="98" HEIGHT="21" WC="0.95" CONTENT="kommit"/><SP WIDTH="22" VPOS="1131" HPOS="441"/>
							<String ID="string_142" HPOS="463" VPOS="1131" WIDTH="8" HEIGHT="20" WC="0.93" CONTENT="i"/><SP WIDTH="24" VPOS="1131" HPOS="471"/>
							<String ID="string_143" HPOS="495" VPOS="1131" WIDTH="168" HEIGHT="28" WC="0.92" CONTENT="öfvervägande"/><SP WIDTH="23" VPOS="1131" HPOS="663"/>
							<String ID="string_144" HPOS="686" VPOS="1132" WIDTH="33" HEIGHT="19" WC="0.96" CONTENT="att"/><SP WIDTH="26" VPOS="1132" HPOS="719"/>
							<String ID="string_145" HPOS="745" VPOS="1130" WIDTH="27" HEIGHT="21" WC="0.93" CONTENT="de"/><SP WIDTH="22" VPOS="1130" HPOS="772"/>
							<String ID="string_146" HPOS="794" VPOS="1130" WIDTH="57" HEIGHT="21" WC="0.92" CONTENT="rela-"/>
						</TextLine>
						<TextLine ID="line_22" HPOS="94" VPOS="1164" WIDTH="759" HEIGHT="29">
							<String ID="string_147" HPOS="94" VPOS="1164" WIDTH="48" HEIGHT="22" WC="0.96" CONTENT="tiva"/><SP WIDTH="18" VPOS="1164" HPOS="142"/>
							<String ID="string_148" HPOS="160" VPOS="1164" WIDTH="129" HEIGHT="22" WC="0.96" CONTENT="fördelarna"/><SP WIDTH="22" VPOS="1164" HPOS="289"/>
							<String ID="string_149" HPOS="311" VPOS="1165" WIDTH="43" HEIGHT="22" WC="0.93" CONTENT="och"/><SP WIDTH="23" VPOS="1165" HPOS="354"/>
							<String ID="string_150" HPOS="377" VPOS="1165" WIDTH="178" HEIGHT="28" WC="0.89" CONTENT="olägenheterna"/><SP WIDTH="22" VPOS="1165" HPOS="555"/>
							<String ID="string_151" HPOS="577" VPOS="1165" WIDTH="21" HEIGHT="21" WC="0.96" CONTENT="af"/><SP WIDTH="22" VPOS="1165" HPOS="598"/>
							<String ID="string_152" HPOS="620" VPOS="1165" WIDTH="27" HEIGHT="21" WC="0.96" CONTENT="de"/><SP WIDTH="22" VPOS="1165" HPOS="647"/>
							<String ID="string_153" HPOS="669" VPOS="1167" WIDTH="92" HEIGHT="26" WC="0.96" CONTENT="system,"/><SP WIDTH="19" VPOS="1167" HPOS="761"/>
							<String ID="string_154" HPOS="780" VPOS="1164" WIDTH="73" HEIGHT="21" WC="0.38" CONTENT="som"/><SP WIDTH="-16" VPOS="1164" HPOS="853"/>
							<String ID="string_155" HPOS="837" VPOS="1160" WIDTH="20" HEIGHT="38" WC="0.38" CONTENT="i"/>
						</TextLine>
						<TextLine ID="line_23" HPOS="94" VPOS="1199" WIDTH="758" HEIGHT="28">
							<String ID="string_156" HPOS="94" VPOS="1199" WIDTH="70" HEIGHT="21" WC="0.95" CONTENT="andra"/><SP WIDTH="20" VPOS="1199" HPOS="164"/>
							<String ID="string_157" HPOS="184" VPOS="1199" WIDTH="55" HEIGHT="21" WC="0.96" CONTENT="land"/><SP WIDTH="22" VPOS="1199" HPOS="239"/>
							<String ID="string_158" HPOS="261" VPOS="1199" WIDTH="52" HEIGHT="22" WC="0.92" CONTENT="med"/><SP WIDTH="22" VPOS="1199" HPOS="313"/>
							<String ID="string_159" HPOS="335" VPOS="1199" WIDTH="180" HEIGHT="28" WC="0.92" CONTENT="representativa"/><SP WIDTH="21" VPOS="1199" HPOS="515"/>
							<String ID="string_160" HPOS="536" VPOS="1199" WIDTH="163" HEIGHT="28" WC="0.92" CONTENT="författningar"/><SP WIDTH="21" VPOS="1199" HPOS="699"/>
							<String ID="string_161" HPOS="720" VPOS="1199" WIDTH="132" HEIGHT="27" WC="0.92" CONTENT="tillämpats,"/>
						</TextLine>
						<TextLine ID="line_24" HPOS="94" VPOS="1232" WIDTH="759" HEIGHT="30">
							<String ID="string_162" HPOS="94" VPOS="1233" WIDTH="54" HEIGHT="21" WC="0.93" CONTENT="eller"/><SP WIDTH="16" VPOS="1233" HPOS="148"/>
							<String ID="string_163" HPOS="164" VPOS="1241" WIDTH="37" HEIGHT="13" WC="0.92" CONTENT="en-"/><SP WIDTH="16" VPOS="1241" HPOS="201"/>
							<String ID="string_164" HPOS="217" VPOS="1233" WIDTH="43" HEIGHT="21" WC="0.93" CONTENT="och"/><SP WIDTH="16" VPOS="1233" HPOS="260"/>
							<String ID="string_165" HPOS="276" VPOS="1234" WIDTH="259" HEIGHT="28" WC="0.91" CONTENT="tväkammarsystemet,"/><SP WIDTH="16" VPOS="1234" HPOS="535"/>
							<String ID="string_166" HPOS="551" VPOS="1234" WIDTH="36" HEIGHT="21" WC="0.96" CONTENT="till"/><SP WIDTH="16" VPOS="1234" HPOS="587"/>
							<String ID="string_167" HPOS="603" VPOS="1236" WIDTH="46" HEIGHT="19" WC="0.97" CONTENT="stor"/><SP WIDTH="14" VPOS="1236" HPOS="649"/>
							<String ID="string_168" HPOS="663" VPOS="1233" WIDTH="36" HEIGHT="21" WC="0.93" CONTENT="del"/><SP WIDTH="11" VPOS="1233" HPOS="699"/>
							<String ID="string_169" HPOS="710" VPOS="1233" WIDTH="52" HEIGHT="22" WC="0.96" CONTENT="bero"/><SP WIDTH="11" VPOS="1233" HPOS="762"/>
							<String ID="string_170" HPOS="773" VPOS="1232" WIDTH="26" HEIGHT="22" WC="0.93" CONTENT="af"/><SP WIDTH="7" VPOS="1232" HPOS="799"/>
							<String ID="string_171" HPOS="806" VPOS="1232" WIDTH="47" HEIGHT="22" WC="0.93" CONTENT="för-"/>
						</TextLine>
						<TextLine ID="line_25" HPOS="94" VPOS="1267" WIDTH="760" HEIGHT="28">
							<String ID="string_172" HPOS="94" VPOS="1267" WIDTH="136" HEIGHT="22" WC="0.89" CONTENT="hällandena"/><SP WIDTH="22" VPOS="1267" HPOS="230"/>
							<String ID="string_173" HPOS="252" VPOS="1267" WIDTH="8" HEIGHT="22" WC="0.94" CONTENT="i"/><SP WIDTH="22" VPOS="1267" HPOS="260"/>
							<String ID="string_174" HPOS="282" VPOS="1267" WIDTH="38" HEIGHT="22" WC="0.96" CONTENT="det"/><SP WIDTH="22" VPOS="1267" HPOS="320"/>
							<String ID="string_175" HPOS="342" VPOS="1268" WIDTH="60" HEIGHT="27" WC="0.96" CONTENT="land,"/><SP WIDTH="24" VPOS="1268" HPOS="402"/>
							<String ID="string_176" HPOS="426" VPOS="1275" WIDTH="48" HEIGHT="14" WC="0.96" CONTENT="som"/><SP WIDTH="24" VPOS="1275" HPOS="474"/>
							<String ID="string_177" HPOS="498" VPOS="1271" WIDTH="24" HEIGHT="18" WC="0.95" CONTENT="är"/><SP WIDTH="21" VPOS="1271" HPOS="522"/>
							<String ID="string_178" HPOS="543" VPOS="1267" WIDTH="9" HEIGHT="21" WC="0.93" CONTENT="i"/><SP WIDTH="22" VPOS="1267" HPOS="552"/>
							<String ID="string_179" HPOS="574" VPOS="1267" WIDTH="70" HEIGHT="28" WC="0.93" CONTENT="fråga."/><SP WIDTH="29" VPOS="1267" HPOS="644"/>
							<String ID="string_180" HPOS="673" VPOS="1267" WIDTH="12" HEIGHT="21" WC="0.94" CONTENT="I"/><SP WIDTH="21" VPOS="1267" HPOS="685"/>
							<String ID="string_181" HPOS="706" VPOS="1267" WIDTH="99" HEIGHT="22" WC="0.96" CONTENT="Finland"/><SP WIDTH="23" VPOS="1267" HPOS="805"/>
							<String ID="string_182" HPOS="828" VPOS="1269" WIDTH="26" HEIGHT="19" WC="0.96" CONTENT="är"/>
						</TextLine>
						<TextLine ID="line_26" HPOS="94" VPOS="1301" WIDTH="758" HEIGHT="29">
							<String ID="string_183" HPOS="94" VPOS="1302" WIDTH="241" HEIGHT="28" WC="0.92" CONTENT="enkammarsystemet"/><SP WIDTH="21" VPOS="1302" HPOS="335"/>
							<String ID="string_184" HPOS="356" VPOS="1305" WIDTH="56" HEIGHT="18" WC="0.93" CONTENT="utan"/><SP WIDTH="23" VPOS="1305" HPOS="412"/>
							<String ID="string_185" HPOS="435" VPOS="1302" WIDTH="82" HEIGHT="22" WC="0.91" CONTENT="tvifvel"/><SP WIDTH="14" VPOS="1302" HPOS="517"/>
							<String ID="string_186" HPOS="531" VPOS="1309" WIDTH="48" HEIGHT="13" WC="0.93" CONTENT="mer"/><SP WIDTH="15" VPOS="1309" HPOS="579"/>
							<String ID="string_187" HPOS="594" VPOS="1301" WIDTH="85" HEIGHT="29" WC="0.92" CONTENT="egnadt"/><SP WIDTH="16" VPOS="1301" HPOS="679"/>
							<String ID="string_188" HPOS="695" VPOS="1304" WIDTH="34" HEIGHT="18" WC="0.93" CONTENT="att"/><SP WIDTH="14" VPOS="1304" HPOS="729"/>
							<String ID="string_189" HPOS="743" VPOS="1301" WIDTH="109" HEIGHT="21" WC="0.92" CONTENT="tillvinna"/>
						</TextLine>
						<TextLine ID="line_27" HPOS="94" VPOS="1335" WIDTH="760" HEIGHT="29">
							<String ID="string_190" HPOS="94" VPOS="1336" WIDTH="36" HEIGHT="27" WC="0.96" CONTENT="sig"/><SP WIDTH="10" VPOS="1336" HPOS="130"/>
							<String ID="string_191" HPOS="140" VPOS="1335" WIDTH="84" HEIGHT="22" WC="0.93" CONTENT="folkets"/><SP WIDTH="10" VPOS="1335" HPOS="224"/>
							<String ID="string_192" HPOS="234" VPOS="1336" WIDTH="135" HEIGHT="21" WC="0.96" CONTENT="förtroende."/><SP WIDTH="22" VPOS="1336" HPOS="369"/>
							<String ID="string_193" HPOS="391" VPOS="1336" WIDTH="139" HEIGHT="21" WC="0.96" CONTENT="Fördelarna"/><SP WIDTH="9" VPOS="1336" HPOS="530"/>
							<String ID="string_194" HPOS="539" VPOS="1336" WIDTH="22" HEIGHT="20" WC="0.96" CONTENT="af"/><SP WIDTH="10" VPOS="1336" HPOS="561"/>
							<String ID="string_195" HPOS="571" VPOS="1338" WIDTH="33" HEIGHT="18" WC="0.93" CONTENT="ett"/><SP WIDTH="10" VPOS="1338" HPOS="604"/>
							<String ID="string_196" HPOS="614" VPOS="1336" WIDTH="240" HEIGHT="28" WC="0.94" CONTENT="tvåkammarsystem,"/>
						</TextLine>
						<TextLine ID="line_28" HPOS="93" VPOS="1368" WIDTH="761" HEIGHT="30">
							<String ID="string_197" HPOS="93" VPOS="1370" WIDTH="123" HEIGHT="21" WC="0.96" CONTENT="bestående"/><SP WIDTH="19" VPOS="1370" HPOS="216"/>
							<String ID="string_198" HPOS="235" VPOS="1370" WIDTH="193" HEIGHT="28" WC="0.95" CONTENT="hufvudsakligen"/><SP WIDTH="15" VPOS="1370" HPOS="428"/>
							<String ID="string_199" HPOS="443" VPOS="1370" WIDTH="8" HEIGHT="21" WC="0.92" CONTENT="i"/><SP WIDTH="14" VPOS="1370" HPOS="451"/>
							<String ID="string_200" HPOS="465" VPOS="1370" WIDTH="140" HEIGHT="21" WC="0.91" CONTENT="beaktandet"/><SP WIDTH="14" VPOS="1370" HPOS="605"/>
							<String ID="string_201" HPOS="619" VPOS="1369" WIDTH="88" HEIGHT="29" WC="0.96" CONTENT="jämväl"/><SP WIDTH="15" VPOS="1369" HPOS="707"/>
							<String ID="string_202" HPOS="722" VPOS="1369" WIDTH="22" HEIGHT="21" WC="0.93" CONTENT="af"/><SP WIDTH="15" VPOS="1369" HPOS="744"/>
							<String ID="string_203" HPOS="759" VPOS="1368" WIDTH="95" HEIGHT="22" WC="0.92" CONTENT="minori-"/>
						</TextLine>
						<TextLine ID="line_29" HPOS="95" VPOS="1402" WIDTH="760" HEIGHT="30">
							<String ID="string_204" HPOS="95" VPOS="1406" WIDTH="73" HEIGHT="19" WC="0.91" CONTENT="tetens"/><SP WIDTH="19" VPOS="1406" HPOS="168"/>
							<String ID="string_205" HPOS="187" VPOS="1404" WIDTH="111" HEIGHT="22" WC="0.96" CONTENT="intressen"/><SP WIDTH="21" VPOS="1404" HPOS="298"/>
							<String ID="string_206" HPOS="319" VPOS="1404" WIDTH="42" HEIGHT="22" WC="0.96" CONTENT="och"/><SP WIDTH="15" VPOS="1404" HPOS="361"/>
							<String ID="string_207" HPOS="376" VPOS="1404" WIDTH="9" HEIGHT="21" WC="0.96" CONTENT="i"/><SP WIDTH="15" VPOS="1404" HPOS="385"/>
							<String ID="string_208" HPOS="400" VPOS="1412" WIDTH="28" HEIGHT="13" WC="0.96" CONTENT="en"/><SP WIDTH="14" VPOS="1412" HPOS="428"/>
							<String ID="string_209" HPOS="442" VPOS="1404" WIDTH="167" HEIGHT="28" WC="0.96" CONTENT="jämförelsevis"/><SP WIDTH="16" VPOS="1404" HPOS="609"/>
							<String ID="string_210" HPOS="625" VPOS="1406" WIDTH="71" HEIGHT="19" WC="0.96" CONTENT="större"/><SP WIDTH="15" VPOS="1406" HPOS="696"/>
							<String ID="string_211" HPOS="711" VPOS="1403" WIDTH="82" HEIGHT="29" WC="0.95" CONTENT="stadga"/><SP WIDTH="15" VPOS="1403" HPOS="793"/>
							<String ID="string_212" HPOS="808" VPOS="1402" WIDTH="47" HEIGHT="22" WC="0.96" CONTENT="och"/>
						</TextLine>
						<TextLine ID="line_30" HPOS="94" VPOS="1436" WIDTH="761" HEIGHT="31">
							<String ID="string_213" HPOS="94" VPOS="1438" WIDTH="170" HEIGHT="29" WC="0.91" CONTENT="följdriktighet"/><SP WIDTH="18" VPOS="1438" HPOS="264"/>
							<String ID="string_214" HPOS="282" VPOS="1438" WIDTH="9" HEIGHT="22" WC="0.96" CONTENT="i"/><SP WIDTH="18" VPOS="1438" HPOS="291"/>
							<String ID="string_215" HPOS="309" VPOS="1438" WIDTH="156" HEIGHT="29" WC="0.96" CONTENT="fullföljandet"/><SP WIDTH="17" VPOS="1438" HPOS="465"/>
							<String ID="string_216" HPOS="482" VPOS="1438" WIDTH="23" HEIGHT="22" WC="0.93" CONTENT="af"/><SP WIDTH="14" VPOS="1438" HPOS="505"/>
							<String ID="string_217" HPOS="519" VPOS="1438" WIDTH="221" HEIGHT="28" WC="0.91" CONTENT="representationens"/><SP WIDTH="14" VPOS="1438" HPOS="740"/>
							<String ID="string_218" HPOS="754" VPOS="1436" WIDTH="101" HEIGHT="30" WC="0.96" CONTENT="uppgift,"/>
						</TextLine>
					</TextBlock>
				</ComposedBlock>
			</PrintSpace>
		</Page>
	</Layout>
</alto>
