1100 1745
157 1083 25 18 17
198 1083 16 22 $.

236 141 27 20 16
473 143 20 22 U.
511 143 22 21 B.
551 155 28 3 —
596 143 60 27 Prop.
674 143 35 22 N:o
725 143 23 22 11.

234 213 150 27 grundlagar:
397 214 221 27 Regeringsformen,
636 215 137 27 Förenings-
791 215 44 21 och
852 215 132 21 Säkerhets-

234 249 69 21 akten
320 251 60 19 samt
397 250 270 27 Landtdagsordningen.

305 286 38 20 Att
359 286 179 27 landtdagsman
555 287 74 20 skulle
646 287 88 26 kunna,
749 287 52 21 med
813 287 171 21 äsidosättande

234 321 26 20 af
273 321 30 20 all
323 327 78 15 annan
423 322 43 27 lag,
486 323 87 20 handla
593 322 7 21 i
623 322 56 21 strid
696 325 49 19 mot
761 323 80 26 sädan,
858 323 40 21 vill
915 323 24 20 L.
956 323 27 21 O.

234 357 51 20 icke
302 358 59 26 säga.
385 358 109 21 Tvärtom
512 358 132 21 förutsätter
659 359 45 20 den
721 359 7 20 i
744 360 14 20 8
774 358 15 28 &
805 361 31 18 att
853 359 130 26 landtdags-

234 399 54 15 man
311 393 59 21 skall
387 394 80 21 kunna
484 394 91 21 straffas
591 395 35 21 för
642 395 61 21 brott
720 395 6 21 i
744 395 105 27 utöfning
866 395 25 21 af
904 395 80 21 befatt-

234 430 92 27 ningen,
343 433 14 18 t.
375 437 34 14 ex.
427 437 36 14 om
482 431 46 20 han
546 431 74 20 skulle
636 433 52 24 taga
704 434 79 18 mutor
798 431 36 20 för
849 433 33 18 att
903 431 81 26 främja

234 472 28 14 en
286 466 255 27 järnvägsanläggning,
567 467 54 20 eller
637 473 38 14 om
693 467 47 20 han
757 467 6 20 i
781 467 147 26 andragande
945 467 38 20 vid

234 502 95 27 plenum
354 503 75 20 skulle
453 509 120 21 uppmana
596 503 34 20 till
655 509 93 21 uppror,
774 503 54 20 eller
844 509 37 14 om
899 503 46 20 han
962 502 23 21 af

234 538 147 21 främmande
405 539 102 27 regering
531 541 51 24 toge
606 539 66 26 gäfva
697 539 35 20 för
756 541 32 18 att
812 539 39 20 vid
876 539 108 26 landtdag

234 574 82 27 främja
340 575 97 26 ändring
454 575 7 20 i
477 575 84 26 olaglig
577 575 99 27 ordning
692 575 25 21 af
731 575 163 27 styrelsesättet
911 575 6 20 i
935 574 49 27 Kej-

234 611 117 20 sardömet
377 611 55 20 eller
453 610 226 27 Storfurstendömet,
705 611 55 21 eller
783 617 38 15 om
842 611 48 20 han
906 611 78 27 gjorde

234 646 34 27 sig
293 646 91 27 skyldig
407 647 33 20 till
465 647 172 26 ärekrävukning
661 653 20 15 o.
699 654 16 13 s.
733 654 20 14 v.
787 647 111 21 Gällande
915 647 23 20 L.
956 647 27 20 O.

234 682 114 21 erkänner
373 683 88 20 säledes
478 683 57 26 icke,
553 683 76 20 säsom
647 683 69 27 nägra
731 683 125 21 utländska
869 683 62 27 lagar
947 683 37 20 det

233 719 63 25 göra,
313 719 124 20 straffrihet
454 719 7 20 i
477 719 88 20 sädana
581 719 47 26 fall,
645 719 44 21 den
706 719 91 21 fordrar
813 719 81 21 endast
906 719 76 20 veder-

234 754 103 21 börande
362 755 79 20 ständs
465 755 137 26 begifvande
623 755 34 20 till
681 755 45 21 åtal
754 757 60 18 samt
836 755 146 20 kvalificerad

234 790 118 27 pluralitet
368 791 35 20 för
419 791 152 26 begifvandet.

306 826 81 21 Ehuru
408 827 149 26 affattningen
579 827 24 20 af
622 827 106 26 gällande
745 827 25 20 L.
787 827 27 21 O.
832 827 13 26 &
863 827 11 20 7
892 827 50 20 icke
959 827 25 20 är

234 861 53 21 fullt
310 863 91 26 lyckad,
426 864 25 19 är
475 863 123 26 meningen
622 863 60 20 dock
704 863 56 20 klar.
794 862 189 27 Formuleringen

234 898 26 20 af
279 899 162 20 motsvarande
463 899 126 26 stadgande
610 899 6 20 i
636 899 44 20 den
697 899 53 20 näd.
769 898 173 28 propositionen
960 899 24 19 är

234 934 118 21 mähända
377 941 62 14 mera
464 935 119 20 träffande.
616 935 52 20 Med
692 935 140 26 grundlagar
852 935 46 20 kan
916 934 69 27 enligt

234 970 39 20 det
289 970 136 27 föregäende
443 971 82 20 förstäs
542 970 58 21 blott
616 971 89 20 landets
721 971 146 26 grundlagar.
893 970 91 21 Utskot-

234 1007 32 19 tet
289 1006 126 27 tillstyrker
431 1006 76 21 derför
523 1007 170 26 godkännande
709 1007 25 20 af
749 1007 113 26 förslaget.

306 1078 124 27 Angående
447 1079 177 26 landtdagarnes
641 1078 144 27 periodicitet
801 1078 91 26 stadgas
909 1078 7 20 i
934 1079 25 19 17
971 1077 15 28 8

234 1113 26 20 af
274 1113 109 28 förslaget
398 1114 34 20 till
449 1121 31 20 ny
497 1114 222 27 landtdagsordning
734 1114 112 27 följande:
867 1113 117 28 »Lagtima

234 1149 112 27 landtdag
362 1150 217 20 sammankommer
595 1150 93 26 årligen,
705 1150 29 27 på
747 1150 100 20 särskild
859 1149 36 21 för
905 1149 79 27 hvarje

234 1185 60 27 gång
313 1185 107 21 utfärdad
437 1186 101 24 kallelse,
555 1186 44 20 den
617 1186 70 20 första
704 1186 74 27 dagen
795 1186 7 20 i
819 1185 101 21 februari
937 1185 46 20 må-

234 1221 54 26 nad,
312 1221 25 20 så
362 1221 69 21 framt
452 1221 18 28 ej
492 1221 108 28 Kejsaren
618 1222 44 20 och
679 1221 141 21 Storfursten
837 1221 148 20 annorlunda

234 1257 162 21 bestämmer».

307 1293 34 20 Då
359 1293 123 27 meningen
500 1293 181 27 uppenbarligen
698 1295 32 21 är,
748 1295 32 18 att
797 1293 110 26 landtdag
926 1292 59 20 skall

234 1328 87 27 årligen
339 1329 191 26 sammankallas,
547 1328 87 21 hvilket
650 1329 102 26 framgår
766 1328 87 27 jämväl
871 1328 25 20 af
909 1327 28 28 $$
958 1328 27 20 26

234 1364 45 21 och
305 1365 27 20 78
356 1367 61 18 samt
441 1371 28 14 ur
484 1365 116 26 ingressen
618 1365 34 20 till
669 1365 44 20 den
730 1365 54 20 nåd.
802 1364 182 27 propositionen,

235 1406 53 15 men
312 1401 117 26 uttrycket
450 1401 166 20 »annorlunda»
635 1402 25 19 är
676 1401 112 26 tvetydigt
805 1400 43 21 och
866 1406 69 20 synes
952 1399 32 20 in-

234 1436 106 21 kommet
366 1436 26 21 af
414 1437 151 25 förbiseende,
590 1437 41 20 har
651 1437 116 20 Utskottet
792 1443 50 14 som
862 1437 76 19 ansett
954 1437 32 18 att

234 1471 62 21 detta
320 1473 127 26 stadgande
471 1473 50 20 icke
546 1473 41 20 bör
611 1473 21 20 få
654 1473 76 20 lemna
748 1479 52 14 rum
818 1472 34 21 för
870 1471 114 27 missupp-
