1098 1745
312 159 29 22 U.
359 159 28 22 B.
402 172 30 2 —
448 159 72 28 Prop.
538 159 41 22 N:o
595 159 22 22 8.
784 161 25 19 67

88 224 74 22 skulle
184 224 115 29 nämligen
320 224 69 21 hafva
410 231 29 14 en
459 224 70 29 längd
553 224 23 21 af
595 231 18 14 c.
633 227 14 19 4
663 223 119 22 kilometer
798 223 43 22 och

88 261 41 20 har
145 260 121 21 beräknats
283 260 65 21 kosta
364 260 70 28 högst
450 263 94 23 300,000
563 260 70 21 mark.
664 260 83 21 Denna
763 260 78 21 hamn-

88 296 171 28 banebyggnad
273 295 72 22 skulle
357 295 84 26 därför,
453 295 73 29 enligt
536 295 131 22 Utskottets
677 295 75 26 tanke,
764 295 78 21 kunna

88 332 90 21 komma
193 331 35 22 till
244 331 122 22 utförande
382 334 74 19 såsom
473 339 29 14 en
518 331 100 29 naturlig
629 331 179 29 komplettering
819 331 23 21 af

90 367 44 22 den
153 367 104 22 karelska
272 367 82 26 banan,
371 370 24 19 så
412 367 92 28 mycket
520 367 72 22 hällre
609 375 48 14 som
674 367 100 22 afsikten
791 367 50 21 med

90 403 45 22 den
148 403 58 22 bukt
217 403 133 22 nästnämda
362 403 58 21 bana
432 403 74 21 bildar
519 403 40 21 vid
570 403 161 22 Jaakimvaara
741 402 8 22 i
761 403 81 28 själfva

89 439 80 21 verket
187 446 48 18 var,
254 441 63 19 utom
337 441 75 23 annat,
434 440 32 20 att
486 438 82 29 bringa
584 438 76 22 banan
677 442 103 18 närmare
797 438 45 22 den

90 474 99 22 särdeles
198 482 150 21 gynnsamma
356 474 100 21 hamnen
464 474 40 21 vid
516 474 172 28 Lahdenpohja.
706 474 91 28 Frågan
806 482 36 14 om

90 510 63 22 detta
167 510 62 28 spårs
243 510 122 29 byggande
381 510 41 21 har
435 518 95 14 numera
542 510 83 22 vunnit
636 510 88 21 aktuelt
739 510 102 26 intresse,

90 546 70 21 sedan
179 546 152 21 affärsfirman
346 545 88 22 Bröder
449 546 75 22 Nobel
538 546 131 21 tillhandlat
685 546 35 28 sig
737 548 33 19 ett
782 546 61 28 jord-

91 582 90 21 område
205 582 8 21 i
232 582 110 21 närheten
361 582 23 20 af
399 582 99 21 hamnen
513 582 9 21 i
538 582 69 21 afsikt
623 584 33 19 att
672 582 118 21 därstädes
806 590 37 13 an-

90 618 67 28 lägga
179 625 28 14 en
227 618 202 28 petroleumdepot.
462 618 44 21 Till
526 618 85 21 banans
628 618 123 28 byggande
767 618 75 21 finnes

91 654 24 20 så
130 654 93 28 mycket
238 661 61 13 mera
314 653 49 21 skäl
379 660 49 14 som
444 654 160 21 Jaakimvaara
619 654 110 20 kommun
744 654 99 21 utlofvat

91 689 118 22 afsevärda
240 689 80 28 bidrag
349 689 36 21 till
414 689 88 22 arbetet
525 690 41 21 och
590 690 116 20 dessutom
729 689 113 21 sannolikt

92 732 75 22 synes,
192 728 33 18 att
247 725 100 28 antydda
369 725 54 28 plan
444 727 34 19 att
500 725 105 29 begagna
624 725 75 21 denna
714 725 128 29 hamnplats

92 761 73 21 såsom
194 761 171 28 upplagspunkt
393 760 37 22 för
461 768 28 14 en
512 761 170 28 genomgående
707 761 135 28 petroleum-

91 796 84 29 import
190 796 35 22 till
240 796 139 22 vidsträckta
395 796 63 22 delar
474 797 23 21 af
512 796 110 26 inlandet,
639 796 133 29 ytterligare
787 797 57 21 skall

92 832 73 28 stödja
184 832 118 28 företaget.
334 832 119 22 Utskottet
471 832 76 22 finner
563 832 76 21 därför
655 832 126 28 tillbörligt,
798 834 46 20 att

92 868 99 21 denna
212 868 161 21 hamnbana
389 868 54 21 bör
458 868 117 21 komma
596 868 53 21 till
668 868 175 26 utförande,

92 903 54 22 och
177 903 154 22 särskildt
361 906 52 23 att,
446 904 107 21 därest
578 904 33 28 på
638 903 124 22 enskild
787 907 57 25 väg

91 939 146 22 initiativ
260 939 8 21 i
287 939 93 21 saken
398 942 89 25 tages
504 940 55 21 och
574 939 111 28 bidrag
701 939 8 21 i
724 940 119 21 kostna-

92 975 93 21 derna
207 975 144 26 utfästas,
376 975 112 21 hinder
510 975 69 22 icke
603 975 52 21 bör
671 975 111 22 ställas
798 976 46 20 för

92 1011 99 21 denna
226 1011 216 28 banbyggnad.
485 1011 160 22 Kostnaderna
679 1011 76 21 härtill
780 1011 64 22 torde

92 1047 133 26 sedermera,
249 1049 54 19 utan
325 1049 34 20 att
381 1047 108 21 särskildt
511 1047 79 28 anslag
610 1055 32 13 nu
657 1047 97 26 anvisas,
771 1047 74 21 obser-

92 1090 65 14 veras
182 1082 8 22 i
212 1083 306 21 kommunikationsfondens
541 1083 96 28 utgifter
660 1083 36 21 för
710 1083 135 28 komplette-

92 1118 52 29 sing
160 1119 23 21 af
195 1118 326 29 järnvägsanläggningarna.*

164 1155 69 21 Hvad
254 1157 47 19 äter
319 1155 116 21 Kexholm
454 1154 118 26 beträffar,
594 1162 36 14 om
646 1154 69 22 hvars
731 1154 113 22 hamnför-

92 1190 123 22 hällanden
237 1193 51 19 värt
311 1190 65 22 lands
393 1190 116 29 specialist
525 1193 29 26 pä
577 1190 61 22 detta
657 1190 98 26 omräde,
772 1190 74 22 öfver-

92 1226 106 28 ingeniör
219 1226 37 22 W.
272 1226 119 28 Lindberg
414 1226 35 21 till
466 1221 185 33 Öfverstyrelsen
673 1226 36 21 för
728 1229 53 25 väg-
802 1226 43 21 och

94 1262 247 28 vattenbyggnaderna
357 1262 93 28 afgifvit
462 1264 32 19 ett
508 1262 149 28 fördelaktigt
667 1262 124 26 utlätande,
802 1264 44 26 ytt-

93 1298 54 21 rade
170 1297 228 29 Järnvägsutskottet
422 1298 40 21 vid
486 1302 90 17 senaste
592 1298 110 27 landtdag
718 1297 30 21 bl.
768 1305 18 13 a.
804 1297 41 21 föl-

92 1333 79 28 jande:

167 1386 10 10 »
179 1369 118 21 Utskottet
320 1369 41 21 har
377 1369 60 21 varit
453 1369 111 28 temligen
588 1376 53 14 ense
661 1369 84 25 därom,
766 1371 32 18 att
818 1375 28 14 en

90 1404 99 29 järnväg
205 1404 41 22 bör
262 1405 63 21 ledas
340 1404 35 21 till
392 1404 108 29 sydöstra
515 1405 112 21 Finlands
643 1404 102 28 urgamla
760 1404 86 21 kultur-

93 1441 43 20 och
153 1440 171 21 trafikcentrum
341 1440 123 26 Kexholm,
481 1441 70 20 hvars
568 1440 117 28 betydelse
702 1443 74 18 säsom
792 1440 54 21 han-

94 1475 65 27 dels-,
179 1476 57 21 skol-
257 1476 41 21 och
317 1475 83 22 badort
416 1476 70 21 äfven
503 1483 32 14 nu
551 1476 36 21 för
602 1475 64 22 tiden
682 1478 25 18 är
722 1478 45 18 rätt
782 1475 64 28 bety-

165 1529 185 22 Järnvägsutskottets
363 1529 110 18 betänkande
486 1529 35 18 N:o
534 1530 15 17 1.
