1103 1748
272 140 26 18 14
463 138 29 22 U.
509 138 27 22 B.
555 150 27 3 —
599 138 72 28 Prop.
689 138 41 22 N:o
748 138 20 21 8.

240 202 64 22 stälts
333 202 94 22 framom
458 203 276 29 Suolahti—Suonenjoki
762 203 82 21 banan.
880 204 45 21 Det
951 204 41 20 har

239 238 142 26 framhällits,
399 241 32 19 att
450 239 46 21 den
511 239 62 21 förra
588 239 72 29 linjen
676 239 8 21 i
701 239 38 21 det
754 242 114 18 närmaste
883 239 8 21 i
907 247 84 14 samma

239 274 57 28 grad
321 282 47 14 som
393 274 44 22 den
461 282 79 14 senare
564 275 134 29 tillgodoser
722 275 110 22 behofvet
850 276 23 20 af
889 283 28 14 en
930 275 61 29 järn-

239 310 198 28 vägsförbindelse
462 311 95 21 emellan
578 318 68 14 norra
667 311 67 22 delen
750 311 23 21 af
790 310 109 22 Savolaks
915 312 76 20 banan

239 346 43 20 och
298 346 69 21 Wasa
386 346 82 27 banan,
489 349 57 19 samt
563 349 31 19 att
612 347 44 21 den
673 347 109 29 därjämte
798 347 107 28 erbjuder
921 347 70 21 andra

240 381 179 23 beaktansvärda
448 382 107 26 fördelar,
580 390 48 15 som
660 383 43 21 den
732 390 68 14 norra
828 383 162 29 sträckningen

238 418 88 20 saknar.
354 418 35 21 En
406 418 114 29 möjligast
536 419 52 21 kort
601 419 253 28 järnvägsförbindelse
865 419 34 21 till
911 419 76 21 Saima

237 456 165 26 vattensystem
425 454 51 22 med
496 454 52 22 dess
566 454 231 29 sjökommunikation
814 457 25 19 ut
854 455 34 21 till
904 455 86 21 Finska

237 489 70 21 viken
331 497 54 14 vore
409 504 28 2 —
461 493 25 19 så
506 491 41 21 har
563 494 62 25 sagts
644 504 30 2 —
689 491 37 21 för
742 491 50 21 hela
809 490 113 22 mellersta
937 490 52 22 Fin-

237 525 66 21 lands
319 526 107 21 framtida
441 526 134 29 utveckling
591 526 23 22 af
630 530 83 18 största
730 526 125 29 betydelse,
872 527 117 21 hvarföru-

236 564 47 18 tom
305 569 28 13 en
353 562 54 28 linje
428 562 194 29 Jyväskylä—S:t
642 562 90 27 Michel,
752 562 58 22 efter
828 562 105 29 Nyslotts
951 562 38 22 ba-

236 604 58 14 nans
305 598 150 28 fortsättning
471 598 34 22 till
522 598 34 22 S:t
572 598 90 26 Michel,
679 599 73 21 skulle
769 598 73 22 blifva
854 606 28 14 en
892 599 54 21 länk
955 598 34 22 uti

236 640 30 14 en
285 636 61 19 tvärs
368 633 91 29 igenom
482 634 78 21 landet
581 634 51 21 från
652 638 60 18 öster
736 634 33 22 till
797 637 76 18 vester
891 635 98 28 löpande

236 669 123 21 stambana.

307 705 109 22 Häremot
436 706 41 21 har
496 709 12 18 å
527 706 71 21 andra
617 706 65 21 sidan
701 706 144 26 framhållits,
865 709 31 18 att
917 706 71 28 linjen

235 740 283 30 Suolahti—Suonenjoki,
538 742 68 21 hvars
626 742 70 29 längd
716 745 24 18 är
760 745 27 19 81
808 742 117 21 kilometer
945 743 42 20 och

234 777 99 21 kostnad
358 780 116 23 6,640,000
499 778 70 25 mark,
594 781 24 18 är
641 778 43 21 den
706 779 102 21 kortaste
829 779 42 20 och
893 778 95 21 sålunda

234 812 70 22 äfven
321 813 44 21 den
379 813 114 29 billigaste
505 814 304 29 sammanbindningsbanan
820 814 95 21 emellan
927 814 60 21 Vasa

234 849 43 20 och
295 848 109 22 Savolaks
420 849 107 27 banorna,
545 853 57 18 samt
618 853 32 18 att
663 850 51 21 dess
726 849 124 30 byggande
862 849 125 29 ingalunda

234 885 111 21 utesluter
370 885 164 22 bansträckans
556 886 195 28 Jyväskylä—S:t
774 885 85 22 Michel
880 886 107 21 framtida

233 920 196 29 förverkligande.

305 956 52 22 Den
371 957 58 21 enda
441 957 23 21 af
478 957 27 21 de
516 957 98 29 tidigare
628 958 108 28 pätänkta
749 958 238 28 sammanbindnings-

232 992 109 26 banorna,
353 992 68 22 hvars
435 993 147 21 förkastande
599 1001 68 20 synes
679 1001 54 13 vara
744 993 155 29 oundvikligt,
912 993 75 21 därest

233 1028 277 28 Suolahti
352 1024 9 36 —
373 1028 137 28 Suonenjoki
534 1029 74 21 banan
632 1030 102 20 kommer
757 1029 35 21 till
814 1029 128 26 utförande,
962 1032 25 18 är

231 1064 74 28 linjen
328 1064 146 28 Jyväskylä
489 1064 147 27 Pieksämäki,
660 1068 25 25 ty
710 1065 67 21 dessa
801 1068 40 18 två
862 1065 69 21 banor
947 1068 38 18 äro

232 1102 82 18 nästan
330 1100 103 28 parallelt
448 1100 98 28 löpande
562 1101 42 21 och
620 1100 98 29 belägna
734 1104 25 18 sä
775 1103 55 19 nära
850 1100 135 26 hvarandra,

232 1138 33 18 att
286 1135 44 21 den
351 1143 42 14 ena
415 1136 75 21 banan
509 1136 51 21 med
580 1136 175 29 nödvändighet
776 1144 70 20 synes
866 1140 55 24 göra
942 1136 44 22 den

231 1171 72 21 andra
327 1172 145 28 öfverflödig.
502 1172 33 20 Af
550 1172 82 21 nämda
651 1175 39 18 tvä
709 1172 73 22 banor
802 1172 43 21 bör
861 1172 125 21 emellertid

231 1206 72 28 linjen
319 1206 283 30 Suolahti—Suonenjoki,
613 1208 61 21 hvad
691 1208 162 22 lokaltrafiken
869 1208 116 27 beträffar,

232 1242 77 22 ställas
325 1242 95 22 framom
436 1243 71 28 linjen
523 1244 34 20 till
572 1244 150 21 Pieksämäki.
746 1244 34 21 Af
800 1244 28 20 de
839 1246 39 18 två
889 1244 96 21 socknar

231 1285 50 14 som
297 1278 68 28 gäfve
382 1279 101 21 banorna
500 1280 64 20 deras
580 1282 113 19 närmaste
710 1280 58 25 stöd,
780 1280 149 20 Hankasalmi
943 1280 42 20 och

230 1314 152 28 Rautalampi,
399 1318 71 18 mäste
485 1315 115 29 nämligen
617 1316 44 20 den
678 1323 79 14 senare
774 1316 62 20 hvad
853 1318 25 18 sä
893 1316 37 20 väl
947 1315 38 21 bo-

230 1350 145 27 sättningens
396 1354 105 17 numerär
516 1358 47 14 som
578 1351 57 21 sädd
652 1352 42 20 och
710 1351 78 26 skörd,
806 1354 57 18 samt
880 1351 105 27 boskaps-

230 1385 87 21 skötsel
333 1386 42 21 och
388 1389 142 25 smörexport
540 1387 116 26 beträffar,
673 1387 75 28 gifvas
766 1390 32 18 ett
810 1386 101 29 afgjordt
925 1387 59 20 före-

229 1421 72 25 träde,
319 1421 91 21 hvadan
427 1429 28 14 en
471 1429 82 21 genom
569 1423 145 28 Rautalampi
733 1423 88 28 dragen
841 1422 58 21 bana
918 1422 66 21 otvif-

229 1456 113 29 velaktigt
360 1457 73 22 skulle
450 1457 121 29 tillgodose
586 1461 32 18 ett
632 1466 60 13 mera
708 1458 135 21 utveckladt
859 1458 124 21 kommuni-

301 1510 190 23 Järnvägsutskottets
504 1511 107 18 betänkande
623 1511 35 18 N:o
670 1513 15 16 1.
