1103 1750
265 142 28 20 20
438 139 77 24 Ständ.
532 140 37 23 Sv.
585 153 22 3 —
631 140 64 28 Prop.
712 140 37 22 N:o
765 139 22 23 Il.

571 232 14 20 4
601 229 54 30 kap.

427 290 47 22 Om
490 291 144 21 ärendenas
649 290 148 27 beredning.

578 346 27 19 34
622 343 21 29 8.

305 384 155 29 Landtdagen
482 384 61 23 skall
561 385 64 22 inom
644 385 35 21 tre
696 384 73 29 dagar
785 383 61 23 efter
862 382 53 24 dess
932 384 54 28 öpp-

233 420 78 23 nande
327 420 64 30 välja
407 420 120 27 elektorer,
545 420 34 23 till
595 421 34 22 ett
645 420 65 23 antal
727 420 24 23 af
767 420 74 23 minst
853 418 133 27 trettiofem,

231 457 76 28 jämte
323 456 82 30 nödigt
422 457 63 22 antal
502 456 157 29 suppleanter,
675 456 37 23 för
723 457 34 22 att
767 457 53 21 utse
833 455 154 23 medlemmar

233 493 8 21 i
257 492 159 29 landtdagens
432 492 97 23 utskott.

305 528 152 23 Elektorerne
482 528 43 23 och
549 528 68 23 deras
639 528 152 29 suppleanter
813 528 65 21 utses
900 533 86 23 genom

233 564 180 29 proportionella
435 564 44 23 val.
511 564 114 23 Närmare
649 563 146 24 föreskrifter
815 569 39 17 om
876 563 111 23 valsättet

234 601 101 28 antagas
354 600 24 22 af
393 600 144 29 landtdagen
555 601 34 21 att
605 600 63 29 gälla
684 600 35 22 till
735 600 54 22 dess
805 599 82 23 därom
904 605 81 17 annor-

233 636 74 22 lunda
324 636 111 22 beslutes.

577 705 27 19 35
621 702 20 29 8.

305 743 44 23 Vid
371 744 100 28 lagtima
485 743 115 29 landtdag
615 744 67 22 skola
698 744 63 22 inom
779 743 48 23 fem
843 742 74 29 dagar
933 742 53 22 från

233 778 54 24 dess
309 779 124 29 öppnande
455 780 111 22 tillsättas
588 780 33 22 ett
642 778 230 30 grundlagsutskott,
889 779 33 21 ett
937 778 49 29 lag-

231 814 100 28 utskott,
357 816 34 21 ett
415 815 200 23 ekonomiutskott
639 815 42 23 och
706 816 34 22 ett
763 814 159 27 statsutskott,
947 814 38 22 be-

233 850 99 23 stående
355 850 81 30 hvarje
459 851 24 23 af
505 852 72 21 minst
597 852 82 22 sexton
695 851 162 26 medlemmar,
875 851 62 21 samt
952 851 34 21 ett

232 886 159 23 bankutskott
413 886 53 23 med
489 888 72 21 minst
582 886 43 23 tolf
648 886 160 23 medlemmar.
841 886 34 22 På
894 892 92 16 samma

232 922 67 28 gång
314 922 76 29 väljas
406 922 151 30 suppleanter
574 922 34 23 till
625 923 73 22 minst
714 929 30 16 en
759 921 116 31 fjärdedel
886 921 24 23 af
922 921 62 23 med-

231 957 144 23 lemmarnes
392 958 71 22 antal.

303 993 157 29 Landtdagen
476 1000 56 23 eger
547 994 51 27 ock,
615 996 44 20 när
675 994 69 22 behof
760 993 68 23 däraf
843 1000 81 22 yppas,
942 992 43 23 till-

231 1030 64 21 sätta
312 1029 73 23 andra
401 1030 100 27 utskott;
518 1030 43 22 och
577 1030 39 22 må
632 1030 34 22 till
683 1030 86 22 sådant
785 1029 97 27 utskott,
898 1035 38 16 om
946 1028 40 23 det

231 1064 80 23 består
321 1064 24 23 af
356 1066 73 22 minst
441 1065 42 23 tolf
489 1065 161 27 medlemmar,
660 1066 142 29 hänskjutas
811 1065 71 22 äfven
891 1064 93 28 ärende,

232 1100 71 23 hvars
326 1100 131 30 beredning
478 1101 55 29 eljes
557 1101 74 29 enligt
651 1101 53 23 dess
725 1100 168 24 beskaffenhet
908 1100 77 22 skulle

231 1136 131 22 ankomma
379 1137 14 22 å
408 1136 158 30 lagbestämdt
582 1137 97 23 utskott.

303 1172 98 23 Utskott
422 1179 55 16 vare
500 1173 110 29 obetaget
633 1174 40 26 att,
690 1173 43 22 där
749 1172 135 29 göromålen
900 1172 85 22 sådant

232 1207 91 28 kräfva,
345 1208 90 23 fördela
455 1209 36 28 sig
506 1208 31 29 på
553 1209 155 29 afdelningar,
726 1208 81 23 hvilka
823 1208 59 22 hvar
897 1207 35 23 för
948 1208 37 29 sig

231 1243 93 29 afgifva
345 1244 123 22 utlåtande
491 1245 7 22 i
515 1244 126 23 utskottets
659 1251 79 16 namn.
772 1244 87 22 Finnes
876 1244 7 21 i
899 1243 86 23 sådant

230 1279 42 22 fall
288 1279 89 29 nödigt,
395 1281 34 21 att
442 1280 170 23 ledamöternes
624 1280 64 23 antal
699 1279 138 28 förstärkes,
849 1279 135 22 hemställes

230 1314 77 23 saken
323 1315 34 22 till
375 1315 151 29 landtdagen.

303 1350 43 23 Om
359 1351 152 29 expeditions-
523 1352 43 22 och
572 1352 225 29 justeringsutskott
805 1351 112 29 stadgas
905 1346 11 39 i
927 1354 26 19 76
962 1351 22 29 8.

302 1386 32 22 Af
349 1388 90 22 urtima
455 1387 112 29 landtdag
583 1388 110 22 tillsättas
707 1388 29 22 de
747 1387 99 27 utskott,
859 1386 80 23 hvilka
950 1386 35 23 för

228 1421 164 30 beredningen
410 1422 23 23 af
449 1422 28 23 de
493 1423 41 22 hos
551 1423 143 29 landtdagen
712 1422 194 24 förekommande
920 1425 64 20 ären-

229 1456 47 24 den
293 1458 124 22 erfordras.
