1109 1748
318 153 28 22 U.
362 153 27 22 B.
406 165 28 2 —
449 153 74 28 Prop.
538 152 44 23 N:o
598 153 36 22 12.

376 532 252 23 Statsutskottets
672 530 187 24 betänkande

304 566 55 22 N:o
374 566 14 23 7
403 567 9 21 I
430 567 138 27 anledning
590 566 24 23 af
637 566 65 22 Hans
722 566 137 28 Kejserliga

307 600 124 29 Majestäts
449 601 91 27 nådiga
555 601 154 29 proposition
725 601 41 22 N:o
781 600 28 22 12
820 606 40 16 an-

306 635 93 28 gående
425 635 30 22 de
481 636 43 22 vid
549 636 150 27 landtdagen
722 635 59 23 åren
803 634 57 22 1905

306 669 91 23 —1906
413 676 31 16 ur
463 669 233 28 bevillningsmedel
716 669 89 23 äskade
820 675 40 16 an-

306 704 52 27 slag
376 705 64 21 samt
458 710 39 16 om
517 704 126 28 reglering
660 704 28 22 af
702 704 158 27 bevillnings-

306 738 124 28 budgeten
447 738 43 22 för
506 738 60 23 åren
582 738 57 22 1906
655 738 45 22 och
716 738 68 22 1907.

175 809 89 23 Denna
277 809 95 29 nådiga
384 810 158 28 proposition
556 809 47 23 har
616 809 26 23 af
654 809 115 29 samtliga
781 809 79 23 Stånd

107 844 152 22 remitterats
278 844 36 22 till
333 843 207 23 Statsutskottets
552 844 186 22 förberedande
750 843 112 23 behand-

106 879 57 29 ling.
201 878 127 23 Utskottet
351 878 47 22 har
416 878 58 23 från
494 879 142 28 Kejserliga
656 878 108 23 Senaten
783 878 79 23 erhål-

105 913 29 22 lit
160 913 40 22 del
220 913 25 22 af
262 913 31 22 de
312 913 43 22 vid
375 913 119 22 ärendets
513 913 193 29 handläggning
724 913 8 22 i
752 913 110 22 Senaten

107 947 131 23 tillkomna
256 947 160 29 handlingar,
436 954 32 16 ur
486 947 88 23 hvilka
593 947 117 30 framgår,
724 949 35 21 att
777 947 85 29 någon

107 982 159 29 omröstning
284 982 8 22 i
310 982 104 22 ärendet
432 982 55 22 icke
506 984 42 27 egt
567 989 62 19 rum,
646 982 142 29 hvarjämte
802 982 60 22 Bor-

106 1016 165 30 gareståndet
289 1016 36 23 till
343 1016 129 23 Utskottet
491 1016 167 23 öfverlämnat
671 1018 35 21 ett
718 1016 43 23 vid
774 1023 89 22 propo-

107 1051 121 22 sitionens
246 1051 88 23 remiss
352 1051 8 22 i
381 1050 109 24 Ståndet
509 1051 106 29 afgifvet
633 1051 124 29 yttrande.

176 1223 88 22 Ehuru
292 1223 37 23 till
355 1223 92 22 urtima
469 1223 125 30 landtdag
618 1224 53 22 icke
695 1224 169 22 öfverlämnas

108 1257 86 29 någon
218 1258 106 22 relation
346 1264 40 16 om
406 1258 168 22 statsvärkets
593 1258 111 22 tillstånd
723 1258 46 22 och
789 1257 76 23 Stats-

109 1292 124 22 utskottet
256 1292 97 22 således
372 1292 54 22 icke
445 1292 57 22 haft
520 1292 137 29 anledning
676 1294 36 20 att
729 1292 60 29 ingå
808 1292 8 22 i
834 1298 31 16 en

110 1326 140 29 detaljerad
279 1326 159 30 granskning
465 1326 83 27 häraf,
576 1327 46 22 har
650 1327 133 26 Utskottet,
812 1333 53 15 som

111 1360 43 23 det
182 1360 78 30 enligt
287 1361 15 29 $
324 1360 34 23 36
376 1361 8 21 i
403 1360 293 31 Landtdagsordningen
715 1361 97 30 åligger
831 1362 35 21 att

113 1395 97 29 afgifva
230 1395 160 23 betänkande
409 1395 67 22 huru
496 1395 82 23 medel
597 1396 36 22 till
651 1396 111 29 fyllande
778 1395 26 23 af
815 1395 51 22 lan-

113 1429 55 22 dets
186 1429 84 27 behof,
291 1430 84 22 sävidt
394 1430 21 29 ej
438 1431 168 22 statsvärkets
625 1430 127 23 ordinarie
769 1430 97 29 tillgän-

110 1470 46 23 gar
182 1464 84 22 därtill
287 1464 85 26 förslä,
393 1464 72 22 skola
486 1464 139 27 anskaffas,
645 1464 63 23 dock
728 1466 81 21 ansett
828 1464 38 29 sig

176 1507 140 18 Statsutskottets
330 1507 111 18 betänkande
453 1507 39 18 N:o
508 1509 15 16 7.
