1098 1745
373 145 22 18 U.
408 144 22 18 B.
443 144 61 23 Prop.
518 144 37 18 N:o
569 144 28 18 10.
837 142 23 19 39

108 203 104 23 önskade
229 204 47 22 icke
292 204 73 22 lämna
381 204 70 22 saken
468 203 92 28 därhän,
576 205 53 20 utan
646 203 112 22 vidtalade
774 209 28 16 en
812 203 48 22 sak-

107 239 73 23 förare
203 239 48 22 från
275 239 29 23 S:t
324 239 142 29 Petersburg.
499 239 66 22 Detta
587 239 42 22 mål
646 246 80 16 vunno
742 239 119 22 bönderna

108 275 5 22 i
130 275 41 22 alla
187 276 120 21 instanser:
334 275 78 23 Rätten
432 276 5 21 i
454 275 183 28 Villmanstrand,
653 275 101 28 Viborgs
772 275 88 22 Hofrätt

108 311 44 22 och
177 311 96 23 Senaten
298 312 5 21 i
329 311 151 29 Helsingfors.
513 311 128 22 Effekterna
663 311 77 22 blefvo
763 311 22 22 åt
809 311 51 22 dem

108 347 133 27 återställda,
262 354 50 15 men
333 347 101 22 däremot
453 347 87 23 erhöllo
557 347 28 22 de
601 347 68 28 ingen
687 347 125 28 ersättning
826 347 36 22 för

109 383 61 22 lidna
185 383 111 22 förluster.
328 383 145 29 Följaktligen
493 383 65 29 fingo
576 390 104 22 ryssarna
696 383 66 22 äfven
780 383 4 22 i
802 383 60 22 detta

109 419 59 21 enda
191 419 42 27 fall,
258 419 29 22 dä
310 419 69 22 saken
401 419 116 29 afgjordes
538 419 29 22 till
587 419 88 22 förmån
692 419 35 21 för
744 419 58 27 dem,
818 419 44 21 lida

109 455 87 28 ganska
212 455 117 28 ansenliga
344 455 111 27 förluster,
472 455 29 22 till
519 456 29 21 ett
565 455 86 28 belopp
667 454 22 23 af
700 455 106 28 omkring
818 455 44 21 200

110 491 68 27 rubel,
195 492 58 21 samt
272 491 86 22 erhöllo
379 491 49 22 sina
444 491 92 22 effekter
556 491 58 22 först
635 491 55 22 efter
707 491 26 22 18
750 490 112 23 månader.

182 527 75 28 Lagen
274 534 37 15 om
328 527 116 22 beifrande
460 527 22 22 af
493 527 197 29 gårdfarihandeln
702 526 94 23 bereder
807 526 55 28 möj-

110 563 69 28 lighet
202 564 31 21 att
257 563 77 22 utöfva
354 563 50 22 våld
422 563 66 22 äfven
505 564 12 21 å
533 569 92 23 person,
641 563 71 28 något
729 569 50 16 som
796 562 66 22 äfven

110 599 73 22 under
207 601 90 20 senaste
321 599 31 22 tid
377 599 110 29 åtskilliga
509 599 66 29 ryska
596 599 130 28 infödingar
750 605 50 16 som
818 599 44 21 rest

110 641 85 22 genom
213 635 98 28 Finland,
327 635 54 22 varit
398 636 83 21 utsatta
499 635 41 23 för.

184 671 131 28 Flerfaldiga
331 671 86 28 gånger
434 671 66 22 hafva
517 671 129 22 handlande
663 671 4 22 i
685 670 29 23 S:t
726 670 138 28 Petersburg

110 707 65 22 väckt
199 707 62 28 fråga
285 714 37 15 om
347 707 210 28 gårdfarihandelns
577 707 114 22 tillåtande
714 707 5 21 i
742 706 120 27 Finland,
850 702 15 37 i

110 743 117 22 anseende
251 743 28 22 till
302 743 29 22 de
351 743 104 28 vägande
478 743 52 27 skäl,
551 749 50 16 som
619 743 42 22 tala
677 743 29 22 till
723 743 89 22 förmån
828 741 36 23 för

112 785 28 16 en
158 779 71 22 sådan
245 779 109 27 anhållan,
371 779 121 28 nämligen,
508 779 35 22 för
560 779 37 22 det
613 779 77 26 första,
706 779 74 22 blefve
797 779 4 21 i
819 777 44 23 och

112 814 52 23 med
181 814 208 29 gårdfarihandelns
407 815 113 22 tillåtande
536 815 165 22 ofvananförda
712 815 36 28 lag
762 813 102 30 upphäfd

112 851 44 22 och
179 857 51 16 man
252 851 71 22 skulle
339 851 76 22 kunna
434 851 45 22 fritt
495 851 70 22 forsla
581 857 65 16 varor
663 851 59 22 såväl
739 851 36 22 för
790 850 74 22 finska

112 886 142 22 handlandes
278 886 5 22 i
308 886 49 22 hela
380 886 93 22 Finland
500 886 100 29 räkning,
625 893 50 15 som
700 886 65 22 äfven
790 886 29 22 till
836 885 29 23 de

111 922 160 28 angränsande
300 923 109 22 trakterna
440 923 5 21 i
476 923 154 28 Arkangelska
661 922 45 23 och
737 922 128 22 Olonetzka

112 960 200 27 guvernementen,
327 959 36 22 för
379 959 38 22 det
432 959 77 28 andra,
526 973 27 2 —
571 959 39 22 har
629 959 76 22 denna
719 958 81 23 handel
818 958 46 22 tidi-

111 1001 54 22 gare
189 996 98 27 gynnats
306 995 22 22 af
347 995 263 29 allmogebefolkningen
631 995 4 22 i
658 996 84 21 största
762 995 65 22 delen
844 993 22 23 af

113 1031 100 27 Finland,
237 1033 52 20 enär
311 1031 259 28 gårdfarihandlandene
594 1031 126 28 uppträdde
742 1037 51 16 som
810 1030 55 22 kon-

112 1067 115 22 kurrenter
251 1067 29 22 till
304 1068 77 21 ortens
403 1067 129 22 handlande
554 1067 43 22 och
615 1067 89 22 därföre
720 1066 146 23 förhindrade

112 1103 191 22 öfverenskomna
320 1103 180 29 prisstegringar,
517 1103 43 22 och
573 1103 35 22 för
619 1103 37 22 det
668 1103 75 28 tredje,
754 1116 28 1 —
795 1102 71 23 skulle

113 1140 48 21 stor
181 1139 124 28 afsättning
324 1139 80 22 vinnas
426 1139 35 22 för
480 1139 66 29 ryska
563 1138 150 23 manufaktur-
730 1138 44 23 och
790 1138 76 29 galan-

112 1175 112 27 terivaror,
241 1176 52 21 enär
309 1175 28 22 de
353 1175 75 22 finska
444 1175 160 22 handlandena
620 1175 29 28 på
665 1175 74 28 grund
755 1174 22 23 af
788 1174 78 28 afvog-

112 1210 39 22 het
175 1212 48 21 mot
247 1217 74 22 ryssar
343 1211 44 22 och
411 1211 37 22 allt
474 1211 62 28 ryskt
560 1211 99 22 bemöda
683 1211 36 28 sig
742 1212 30 21 att
790 1210 76 29 sprida

113 1246 121 23 utländska
254 1253 65 16 varor
337 1247 44 22 och
402 1247 23 22 af
446 1247 67 28 ryska
529 1247 96 22 fabriker
640 1247 60 28 köpa
726 1247 79 22 endast
829 1246 37 22 det

114 1282 189 28 nödvändigaste.

186 1318 51 22 Den
261 1318 54 22 sista
335 1318 195 28 framställningen
548 1318 5 22 i
570 1318 75 22 denna
661 1318 97 28 riktning
774 1317 92 29 gjordes

115 1354 22 22 af
155 1354 129 22 handlande
299 1354 6 22 i
322 1354 30 22 S:t
368 1354 138 29 Petersburg
522 1355 23 21 år
559 1355 56 21 1877
628 1360 84 22 genom
725 1353 142 29 Bestyrelsen

113 1390 5 21 i
141 1390 142 28 Föreningen
304 1390 35 22 för
361 1390 189 22 understödande
570 1390 22 22 af
612 1390 44 22 den
673 1390 66 28 ryska
755 1389 111 22 industrin

114 1425 44 23 och
184 1426 104 22 handeln.
320 1426 81 22 Denna
425 1426 166 28 framställning
614 1426 45 22 blef
679 1425 23 23 af
720 1425 95 23 Senaten
832 1424 36 22 för
