1075 1748
308 144 73 22 Ständ.
399 143 35 23 Sv.
451 156 27 2 —
496 144 61 27 Prop.
575 143 37 23 N:o
627 143 23 22 11.
841 144 11 19 7

106 210 94 20 komme
216 212 33 18 att
265 209 61 21 vålla
342 210 48 20 lika
406 210 99 26 onödiga
517 216 51 14 som
579 209 139 21 tidsödande
729 208 126 28 omgångar

105 246 38 20 vid
160 246 154 26 uträkningen
331 246 25 20 af
371 246 161 20 valresultatet.

177 282 53 20 Med
246 282 107 21 aiseende
376 282 57 20 härä
452 282 69 20 hafva
538 282 127 20 Ständerna
682 283 75 19 ansett
774 280 79 27 ifräga-

105 318 102 20 varande
224 320 104 18 moment
344 318 56 20 böra
418 317 59 27 utgä.

178 499 77 26 Enligt
270 499 71 20 Eders
354 499 123 27 Kejserliga
490 500 116 26 Majestäts
618 499 84 27 nädiga
714 498 108 21 manifest
834 498 24 20 af

106 535 44 21 den
165 536 13 19 4
192 534 127 22 november
334 536 56 20 1905
407 538 61 18 samt
482 536 83 26 nädiga
582 535 234 27 landtdagskallelsen
834 534 24 20 af

108 577 89 15 samma
207 571 44 26 dag
263 571 65 21 skola
340 572 77 20 denna
429 572 85 20 urtima
523 572 109 26 landtdag
640 571 127 27 föreläggas
775 570 80 27 lagför-

107 607 48 26 slag
164 607 118 26 angäende
296 608 265 25 styrelseledamöternes
572 607 147 27 ansvarighet
729 606 61 21 inför
799 606 56 21 folk-

107 643 210 26 representationen
335 645 60 18 samt
411 643 118 27 angående
543 643 82 27 tryck-,
642 643 157 26 församlings-
813 642 43 21 och

107 679 191 26 föreningsfrihet.
318 679 133 21 Emellertid
464 681 25 19 är
500 680 38 20 det
549 679 73 21 kändt
633 681 32 18 att
677 679 84 26 förslag
773 679 34 20 till
817 678 39 21 nä-

107 715 52 26 diga
176 715 185 27 propositioneri
380 715 66 20 dessa
463 717 85 18 ämnen
562 717 64 18 ännu
638 715 50 21 icke
698 715 75 20 blifvit
785 715 72 20 Eders

108 751 123 27 Kejserliga
242 751 105 26 Majestät
355 751 144 27 föredragna,
507 752 92 20 hvadan
607 747 37 35 det
655 752 39 19 kan
704 751 70 21 räcka
781 751 75 26 nägon

107 787 32 20 tid
152 787 72 20 innan
241 787 97 20 berörda
355 787 76 27 frägor
448 788 80 20 kunna
541 787 37 20 vid
592 787 138 27 landtdagen
743 789 113 25 upptagas

110 823 43 20 och
178 823 71 20 varda
273 823 24 20 af
319 823 129 20 Ständerna
473 823 198 21 slutbehandlade.
707 823 43 20 Vid
775 823 83 20 sädant

109 859 145 21 förhållande
274 859 43 21 och
334 859 30 21 dä
376 859 183 27 slutstadgandet
570 859 7 21 i
589 860 43 20 den
645 859 129 27 föreslagna
784 858 73 21 landt-

110 894 185 28 dagsordningen
318 895 129 21 innehäller
463 898 32 18 att
511 902 82 20 genom
610 896 137 20 densamma
765 895 44 21 den
827 902 30 13 nu

109 931 106 27 gällande
222 931 250 27 landtdagsordningen
480 932 106 20 kommer
595 934 32 18 att
633 932 138 26 upphäfvas,
780 931 78 20 kunde

110 966 85 28 följden
222 967 25 20 af
271 969 32 18 att
330 974 27 14 en
385 968 36 20 del
446 968 116 20 utlofvade
588 968 82 26 nädiga
688 967 170 27 propositioner

110 1004 63 19 ännu
190 1002 50 21 icke
260 1003 95 21 anländt
373 1004 70 20 varda
463 1004 52 24 den,
534 1006 32 18 att
582 1004 52 20 med
652 1004 169 20 fastställandet
837 1003 24 20 af

110 1046 31 20 ny
165 1038 222 28 landidagsordning
409 1039 72 27 jämte
507 1040 75 20 därtill
604 1040 104 20 hörande
727 1040 74 26 vallag
815 1039 43 21 och

110 1074 280 28 Öfvergängsstadganden
409 1070 9 36 =
428 1075 96 27 ansäges
556 1076 55 20 böra
646 1076 66 20 anstå
741 1076 34 20 till
807 1075 52 20 dess

111 1110 128 21 Ständerna
256 1111 175 21 slutbehandlat
447 1112 28 20 de
492 1112 82 26 frägor,
591 1118 50 14 som
663 1112 124 20 förklarats
803 1111 56 21 böra

109 1146 34 20 till
159 1146 77 21 denna
253 1147 84 21 urtima
355 1148 110 26 landtdag
482 1148 161 20 öfverlämnas.
671 1148 43 20 Det
725 1154 54 14 vore
791 1147 67 21 emel-

110 1182 66 21 lertid
201 1182 25 21 af
240 1183 55 21 flere
312 1183 51 21 skäl
381 1186 32 18 att
429 1184 97 26 beklaga
543 1190 38 14 om
598 1184 44 20 den
662 1184 91 26 slutliga
773 1183 85 21 lösnin-

109 1224 43 20 gen
161 1218 25 21 af
193 1218 171 28 hufvudfrägan
374 1220 38 20 vid
424 1221 77 19 denna
511 1220 109 26 landtdag
629 1220 74 20 skulle
713 1219 146 27 uppskjutas.

181 1254 128 22 Ständerna
335 1256 70 20 hafva
428 1256 60 26 förty
505 1256 7 20 i
529 1256 106 26 förslaget
651 1256 34 20 till
702 1256 43 26 lag,
761 1254 98 22 innefat-

109 1290 69 21 tande
203 1290 288 28 öfvergängsstadganden,
511 1292 70 20 infört
598 1298 27 14 en
643 1298 37 20 ny,
698 1292 72 26 fjärde
787 1292 20 26 $,
824 1292 35 19 rö-

111 1326 71 20 rande
206 1326 44 21 den
269 1327 118 27 tidpunkt,
404 1327 30 21 dä
451 1328 28 20 de
496 1328 7 20 i
520 1328 42 20 den
584 1328 83 26 nädiga
684 1327 176 27 propositionen

109 1362 129 27 föreslagna
263 1363 94 26 lagarna
382 1364 66 19 skola
464 1364 66 19 träda
547 1363 7 20 i
571 1364 105 26 gällande
693 1363 67 26 kraft,
777 1363 44 20 och
838 1362 23 21 få

110 1397 127 21 Ständerna
257 1399 96 20 härmed
371 1399 6 20 i
395 1399 185 26 underdänighet
596 1399 33 20 till
647 1399 71 20 Eders
736 1398 124 27 Kejserliga

110 1433 117 27 Majestäts
259 1435 83 26 nådiga
380 1435 177 20 bestämmande
587 1435 142 20 öfverlämna
765 1434 94 21 hvilken

110 1469 44 27 dag
186 1470 42 20 bör
260 1471 96 20 utsättas
386 1471 77 20 såsom
493 1471 52 25 den,
577 1471 29 20 då
637 1471 44 20 den
713 1477 45 20 nya
786 1469 73 21 landt-
