1103 1739
840 90 28 20 33

117 154 86 24 mellan
220 155 81 23 dessas
314 154 195 23 mantalsskrifna
520 154 146 29 befolkning.
692 154 177 28 Fördelningen

118 190 138 23 ankommer
279 191 13 22 å
314 191 97 23 senaten
435 191 61 22 samt
517 192 118 28 uppgöres
658 190 69 22 hvart
747 188 80 24 tionde
845 188 25 24 är

117 226 43 23 och
176 226 119 30 kungöres
311 226 8 22 i
335 226 296 29 författningssamlingen.

189 262 178 30 Lappmarkens
384 262 104 22 valkrets
504 262 75 30 väljer
595 268 29 16 en
640 261 185 29 landtdagsman
840 260 31 30 pä

119 300 47 22 sätt
182 300 7 21 i
206 302 27 19 53
250 299 14 28 &
281 300 62 27 sägs.

190 335 23 27 3)
229 336 32 20 att
278 336 83 26 antaga
379 334 117 28 Vallagens
512 334 15 22 2
550 335 7 27 $
572 335 95 21 moment
683 334 13 21 1
712 333 49 22 med
772 333 43 22 den
826 332 44 28 för-

119 370 97 28 ändring
231 372 33 20 att
280 370 48 22 dess
344 377 78 15 senare
437 370 90 28 mening
542 370 57 28 finge
616 369 97 29 följande
730 369 92 28 lydelse:

191 405 216 24 Centralnämnden
428 406 8 22 i
458 406 127 28 tjugusjette
606 405 135 23 valkretsen
762 406 26 21 är
811 404 60 23 dock

121 441 178 23 centralnämnd
317 441 69 23 äfven
403 441 35 23 för
454 441 144 29 tjugusjunde
614 441 103 23 kretsen.

263 500 147 30 Helsingfors
427 500 44 24 den
490 504 26 20 18
533 501 48 29 maj
601 504 63 20 1906.

193 550 89 22 Kustavi
299 548 132 24 Grotenfelt.
611 549 56 23 Eero
684 548 78 24 Erkko.

193 586 58 22 Antti
269 585 98 23 Mikkola.
615 585 22 23 K.
654 584 22 23 V.
693 584 107 24 Koskelin.

401 620 70 24 Oskar
487 621 108 23 Nissinen.

194 687 10 22 I
227 687 28 22 de
278 688 7 21 i
307 687 47 22 den
376 687 148 22 förestäende
543 687 174 22 reservationen
734 685 141 24 framstälda

123 723 88 29 förslag
233 723 81 22 förena
336 723 37 29 sig
396 722 69 23 äfven
487 722 198 26 undertecknade,
708 721 81 23 hvilka
809 721 8 23 i
833 721 40 23 Ut-

124 759 88 22 skottet
227 759 99 28 deltagit
343 759 8 22 i
367 758 98 30 frägans
482 758 137 29 beredning,
631 758 74 23 ehuru
715 758 23 22 vi
748 757 53 23 icke
813 757 62 22 varit

123 795 8 22 i
147 795 90 22 tillfälle
255 796 34 21 att
305 794 96 29 deltaga
416 795 8 22 i
440 794 40 23 det
497 795 96 28 slutliga
609 794 106 23 beslutet.

196 837 52 23 Juho
265 837 84 23 Astala.
575 837 58 22 Antti
651 836 152 23 Kaasalainen.
