1103 1748
350 137 23 23 U.
390 138 23 22 B.
429 150 28 3 —
475 138 64 28 Prop.
557 138 37 22 N:o
611 138 22 22 Il.
798 140 39 19 107

451 206 12 19 6
480 203 53 29 kap.

233 251 47 22 Om
295 252 146 27 grunderna
455 252 42 21 för
512 252 241 28 röstberäkningen.

461 307 28 20 54
505 305 21 28 8.

191 345 58 28 Den,
266 346 29 29 pä
311 345 97 23 hvilken
425 346 95 23 valman
535 347 8 22 i
559 346 100 23 främsta
674 347 103 22 rummet
787 347 82 26 röstat,

119 381 142 23 tillkommer
277 388 29 16 en
323 383 54 26 röst,
395 381 45 23 den
456 382 73 23 andra
546 383 7 22 i
569 382 132 29 ordningen
718 389 28 16 en
763 382 50 23 half
825 381 44 24 och

119 417 45 22 den
180 417 75 30 tredje
271 424 28 16 en
315 417 126 30 tredjedels
457 420 55 21 röst.

191 453 184 30 Sammanlagda
391 453 107 30 beloppet
515 454 24 23 af
553 454 30 23 de
594 456 80 26 röster,
686 455 89 22 enhvar
787 453 82 24 kandi-

120 488 40 23 dat
176 489 100 23 sälunda
291 489 98 28 erhällit,
406 491 69 28 utgör
492 490 59 23 hans
567 491 90 22 rösttal.

462 559 27 19 55
506 557 21 28 8.

192 591 33 28 Är
246 596 77 30 nägon
345 597 24 22 af
389 597 60 28 dem,
466 598 31 28 pä
513 598 81 22 hvilka
610 598 96 23 valman
722 599 79 26 röstat,
819 598 52 22 icke

120 632 82 23 valbar
224 633 55 22 eller
294 633 53 22 icke
364 633 53 22 med
433 633 116 30 tydlighet
565 633 138 28 betecknad,
721 633 60 30 gälle
798 633 73 23 likväl

121 667 156 24 valmannens
292 670 49 21 röst
357 669 35 22 för
409 669 27 22 de
451 669 83 29 öfriga.

192 704 47 22 Har
261 704 95 23 valman
379 704 13 23 å
415 705 36 22 sin
474 705 103 23 valsedel
598 705 106 23 utmärkt
719 705 57 23 flere
793 707 30 21 än
841 712 29 15 en

121 739 177 28 kandidatlista,

193 775 56 23 eller
264 777 8 21 i
287 776 46 22 den
350 776 24 22 af
389 776 85 23 honom
491 777 121 22 utmärkta
627 777 185 23 kandidatlistan
823 777 48 22 vid-

121 811 61 28 tagit
198 817 79 17 annan
293 811 102 30 ändring
411 815 29 20 än
459 813 24 22 af
500 819 114 16 namnens
631 813 177 29 ordningsföljd,

193 847 55 22 eller
256 847 43 23 har
306 848 95 22 valman
410 849 7 21 i
427 848 119 23 valsedeln
553 848 95 23 skrifvit
653 848 57 23 flere
716 851 29 20 än
750 850 35 21 tre
791 855 81 21 namn,

194 884 55 22 eller
265 884 82 22 försett
357 884 119 23 valsedeln
489 884 54 23 med
554 884 111 23 särskildt
676 885 82 22 märke
769 885 57 23 eller
836 886 36 20 sin

122 919 193 29 namnteckning,

194 955 56 22 eller
271 955 105 23 användt
397 962 77 16 annan
497 958 28 20 än
547 956 74 23 sådan
637 956 110 28 valsedel,
764 963 51 16 som
831 956 42 22 hos

123 990 158 23 valnämnden
299 992 106 28 uttagits,

194 1026 57 23 eller
266 1027 110 23 befinnes
391 1028 103 22 valsedel
511 1028 52 22 icke
580 1034 57 16 vara
653 1028 148 29 afstämplad,

194 1069 55 16 vare
266 1063 75 23 sådan
357 1063 103 23 valsedel
477 1064 88 29 ogiltig.

467 1133 28 19 56
511 1130 21 28 8.

194 1170 130 27 Valsedlar,
352 1170 81 23 hvilka
457 1171 108 29 afgifvits
591 1171 35 23 för
647 1178 91 16 samma
754 1171 119 23 valmans-

124 1205 120 30 förenings
270 1205 175 28 kandidatlista,
473 1207 63 29 gälla
561 1207 159 23 tillsammans
747 1207 77 23 såsom
844 1213 29 16 en

124 1239 131 36 röstgrupp.
352 1268 5 3 N

198 1277 77 28 (Mom.
293 1281 12 19 2
322 1274 77 32 utesl.)

469 1341 28 20 57
513 1339 21 28 8.

196 1378 179 23 Kandidaterna
397 1380 61 21 inom
478 1386 93 16 samma
587 1381 124 28 röstgrupp
729 1380 71 23 hafva
816 1380 59 22 före-

125 1414 66 23 träde
215 1414 98 23 framför
336 1415 133 23 hvarandra
490 1415 60 23 efter
565 1416 118 22 storleken
702 1416 24 22 af
742 1415 27 23 de
786 1415 89 27 rösttal,

125 1449 81 23 hvilka
228 1450 29 23 de
273 1450 58 23 hvar
347 1451 63 22 inom
427 1457 106 23 gruppen
551 1451 74 29 enligt
641 1455 27 18 54
685 1452 14 28 8
716 1451 98 27 erhållit,
831 1451 45 22 och
