1086 1748
317 138 73 22 Ständ.
406 137 36 23 Sv.
458 150 28 3 —
503 138 61 28 Prop.
582 138 38 22 N:o
636 138 23 22 11.
850 138 12 19 5

115 204 37 20 det
168 204 90 20 inträffa
283 204 71 20 redan
379 206 30 18 ett
432 204 24 20 år
473 204 101 27 tidigare,
591 206 32 18 att
640 204 138 26 landtdagen
804 210 59 14 sam-

116 240 132 30 manträder
274 240 83 27 »tredje
381 240 88 27 gången
494 240 55 20 efter
569 242 90 18 senaste
676 240 187 26 landtdagsman-

115 277 89 20 naval>.

186 312 45 21 Till
257 312 193 27 undanrödjande
478 312 24 21 af
526 312 75 21 denna
629 312 137 26 motsägelse
795 311 69 21 hafva

115 348 128 21 Ständerna
267 350 75 19 ansett
366 348 43 20 den
435 348 7 20 i
466 349 13 19 4
502 349 44 20 och
572 349 11 19 7
600 347 29 29 88
653 348 25 20 af
701 348 106 26 förslaget
830 347 34 20 till

115 384 74 27 vallag
215 384 102 27 nyttjade
345 384 137 21 lokutionen
509 384 50 21 »det
578 384 31 26 är,
629 384 29 20 då
677 384 94 26 lagtima
790 384 73 20 landt-

115 420 44 26 dag
175 420 71 27 tredje
263 420 88 27 gången
368 420 56 21 efter
441 423 90 18 senaste
543 420 249 26 landtdagsmannaval
805 426 59 14 sam-

115 456 144 21 manträder»
287 456 56 21 böra
360 458 96 19 ersättas
479 457 51 20 med
548 456 115 27 uttrycket
682 456 50 20 »det
748 456 31 24 år,
797 455 68 21 under

116 492 80 21 hvilket
220 492 57 20 tiden
299 492 28 27 af
348 494 29 19 tre
402 493 26 20 år
454 493 51 27 från
522 494 84 19 senaste
622 492 244 26 landtdaysmannaval

115 528 147 27 tilländagår>
285 528 45 21 och
347 529 163 20 motsvarande
528 529 97 26 ändring
643 528 113 26 företagas
773 528 67 20 äfven
858 527 6 20 i

116 565 26 20 37
159 563 15 29 &
190 564 25 21 af
229 564 104 21 nämnda
349 564 92 27 förslag.

187 600 34 21 En
246 600 56 27 följd
326 600 25 20 af
370 600 66 21 dessa
462 601 142 26 stadganden
630 601 78 20 kunde
732 600 132 26 visserligen

115 636 71 21 blifva
202 636 53 26 den,
273 638 32 18 att
321 643 38 14 om
376 636 93 27 lagtima
487 637 109 26 landtdag
612 636 37 20 det
669 636 31 26 är,
720 636 29 20 dä
771 636 34 20 val
825 641 40 21 ega

115 679 59 19 rum,
191 672 183 21 sammankallas
400 672 56 21 först
477 673 73 20 under
567 679 80 14 senare
664 672 104 26 halfäret,
785 672 28 20 de
830 672 34 20 sä-

115 708 71 20 lunda
204 708 66 21 valde
287 709 93 20 komme
397 710 33 19 att
446 708 120 21 öfvervara
583 708 50 27 fyra
650 708 93 27 lagtima
760 708 105 20 landtda-

115 750 45 20 gar.
179 744 53 21 Men
243 751 78 14 annan
332 746 68 25 utväg
412 746 33 19 att
457 747 55 18 utan
525 744 88 27 sakliga
625 744 124 27 ändringar
761 744 103 26 aflägsna

115 780 28 20 de
152 780 120 27 påpekade
289 781 181 26 motsägelserna
487 781 64 20 torde
566 787 53 13 vara
630 780 52 20 svår
691 782 31 18 att
732 780 72 25 finna,
821 780 44 20 och

116 816 74 26 någon
206 816 122 26 olägenhet
343 816 24 20 af
381 816 118 27 betydelse
516 816 95 28 uppstår
623 816 133 27 härigenom
769 816 26 26 ej.
820 815 45 21 An-

116 858 35 14 ses
171 854 30 18 ett
220 852 83 20 sådant
322 852 146 21 förhållande
487 852 51 21 icke
551 852 57 21 böra
619 852 152 26 förekomma,
784 852 24 20 så
821 851 46 21 står

115 888 37 21 det
169 889 7 20 i
194 888 107 27 Kejsaren
319 889 43 20 och
380 888 155 21 Storfurstens
552 889 63 20 makt
635 891 32 18 att
686 888 122 27 förebygga
829 888 38 19 det

115 924 109 27 antingen
241 930 83 21 genom
341 927 33 18 att
389 925 64 20 tiden
466 925 35 20 för
512 925 93 26 lagtima
618 924 121 27 landtdags
750 930 116 15 samman-

117 960 64 20 träde
197 960 71 27 väljes
285 960 32 25 så,
334 963 32 18 att
383 960 175 27 ifrågavarande
575 960 145 21 förhållande
736 960 18 27 ej
773 960 46 20 kan
834 959 31 20 in-

115 996 73 25 träda,
213 996 54 20 eller
291 1002 83 21 genom
396 998 32 19 att
446 996 107 27 Kejsaren
571 996 43 21 och
631 996 140 21 Storfursten
788 995 78 26 begag-

116 1037 42 14 nar
175 1031 35 21 sin
227 1033 44 20 rätt
287 1034 33 19 att
336 1032 110 21 förordna
463 1039 39 14 om
520 1039 45 20 nya
581 1032 44 20 val.

188 1067 8 20 I
216 1068 26 20 15
259 1068 12 25 8
289 1068 24 20 af
327 1068 109 27 förslaget
460 1068 34 21 till
519 1068 75 27 vallag
617 1068 43 20 har
683 1068 44 20 den
751 1067 115 27 tvetydiga

119 1103 137 21 lokutionen
287 1105 75 26 »ynnä
389 1104 106 21 kuluvan
525 1103 91 21 vuoden
650 1103 105 28 loppuun
780 1103 87 20 saakka

118 1139 112 20 ulottuvia
247 1139 173 28 lisäluetteloja»
440 1140 7 20 i
464 1141 45 20 den
529 1140 76 20 finska
618 1141 75 19 texten
706 1139 24 21 af
739 1139 128 21 Ständerna

116 1175 88 27 utbytts
221 1178 49 18 mot
287 1176 71 21 orden
372 1177 76 26 »ynnä
454 1171 13 37 7
486 1175 60 28 $:sså
558 1175 125 28 mainittuja
696 1175 171 26 lisäluetteloja>,

117 1211 89 20 hvilket
230 1211 48 21 åter
301 1211 115 21 föranledt
440 1214 32 18 ett
493 1211 80 28 utbyte
590 1211 7 20 i
613 1211 44 20 den
675 1212 99 20 svenska
790 1213 77 18 texten

117 1247 24 20 af
155 1247 71 20 orden
246 1247 168 21 »tillsammans
426 1248 54 20 med
492 1247 292 27 tilläggsförteckningarna
797 1246 34 21 för
843 1246 24 20 ti-

117 1283 43 20 den
184 1283 34 20 till
244 1283 44 21 och
313 1284 53 20 med
391 1284 38 20 det
453 1283 101 28 löpande
579 1283 60 20 äret»
665 1285 49 18 mot
730 1283 136 20 lokutionen

119 1319 78 26 »jämte
214 1319 7 20 i
238 1319 12 20 7
266 1319 15 27 $
298 1319 140 21 omnämnda
455 1319 275 28 tilläggsförteckningar>.
