1106 1748
312 137 77 24 Ständ.
405 138 36 23 Sv.
458 151 29 3 —
504 138 64 28 Prop.
585 138 38 23 N:o
640 138 22 22 II.
807 140 26 20 47

453 207 28 19 28
498 204 21 29 8.

183 245 76 23 Sedan
284 245 141 23 valförbund
442 245 100 23 emellan
560 245 246 29 valmansföreningar
825 251 39 16 an-

113 281 76 27 mälts,
213 281 47 22 kan
277 282 7 21 i
301 281 28 22 de
345 281 190 27 kandidatlistor,
552 281 81 23 hvilka
650 281 161 29 förklaringen
828 287 36 16 om

113 316 137 23 förbundets
275 317 108 22 bildande
407 319 125 27 upptager,
557 317 85 23 endast
667 317 73 23 sädan
765 317 101 29 ändring

113 352 108 29 vidtagas
237 359 50 16 som
303 353 8 22 i
327 356 28 19 22
372 353 14 29 &
403 355 26 20 är
446 353 96 22 nämnd.

444 434 14 19 4
475 431 53 29 kap.

114 485 47 22 Om
177 487 206 20 centralnämnds
399 486 189 21 förberedande
603 487 121 27 ätgärder
734 486 42 21 för
788 486 77 21 valet.

457 543 28 18 29
502 539 21 29 8.

185 586 185 23 Centralnämnd
381 587 191 23 sammanträder
582 587 74 22 första
668 588 95 28 gängen
775 587 31 29 pä
817 586 49 23 ord-

114 622 126 23 förandens
264 623 96 22 kallelse
385 625 81 21 senast
488 623 132 30 fyratiofem
638 623 74 29 dagar
728 623 48 22 före
793 622 74 23 landt-

115 658 213 29 dagsmannavalet
351 659 35 22 för
410 660 35 21 att
469 661 89 27 antaga
582 659 145 22 sekreterare
750 660 62 21 samt
828 658 38 23 be-

115 695 102 22 stämma
233 694 34 23 tid
283 695 43 22 och
343 695 67 22 ställe
427 695 36 22 för
479 695 157 29 handlingars
652 695 167 29 emottagande
835 695 32 22 äf-

115 737 97 16 vensom
229 730 102 23 därefter
347 731 14 22 ä
377 731 133 27 trettionde,
527 731 146 30 tjuguandra
688 731 43 22 och
747 730 120 23 femtonde

115 766 76 29 dagen
208 766 48 23 före
272 767 62 22 samt
350 768 82 21 senast
449 767 14 22 ä
479 767 75 23 andra
570 767 77 29 dagen
662 767 58 22 efter
731 767 136 28 landtdags-

116 802 151 23 mannavalet
291 802 101 23 klockan
417 803 30 22 tio
472 803 49 23 före
545 803 127 29 middagen
689 803 43 22 och
748 802 120 23 förblifver

116 838 80 29 hvarje
215 839 64 28 gäng
295 838 98 28 samlad,
411 839 26 22 sä
453 839 71 29 länge
541 839 132 22 ärendenas
689 839 179 29 handläggning

116 874 39 22 det
170 874 95 23 fordrar.

458 926 29 20 30
503 924 20 28 8.

187 956 20 31 Ä
224 964 124 23 trettionde
365 964 77 30 dagen
459 965 49 23 före
520 965 280 29 landtdagsmannavalet
810 965 57 23 före-

116 1000 85 30 dragas
218 1000 41 23 och
275 1000 118 30 granskas
405 1000 29 23 de
445 1001 169 29 ansökningar,
626 1008 50 16 som
690 1001 52 22 frän
751 1001 116 23 valmans-

116 1036 135 29 föreningar
267 1036 132 24 inkommit.

188 1072 85 23 Finnes
299 1072 104 23 ansökan
428 1072 55 23 icke
505 1080 57 16 vara
582 1073 126 29 behörigen
730 1072 67 30 gjord
814 1073 55 22 eller

116 1108 218 30 valmansförening
345 1108 52 23 icke
409 1108 73 23 hafva
492 1108 105 30 lagligen
608 1108 94 28 bildats,
714 1109 60 22 skall
786 1108 82 23 under-

116 1144 95 22 rättelse
243 1144 120 23 meddelas
386 1144 54 23 dess
466 1144 158 23 ombudsman
649 1146 34 22 att
706 1144 163 29 ansökningen

116 1179 52 23 icke
189 1180 104 27 bifallits,
311 1182 64 21 samt
391 1180 84 23 skälen
491 1180 36 23 för
543 1180 103 30 afslaget
661 1180 75 23 tillika
753 1180 116 30 angifvas.

462 1238 27 19 31
507 1235 20 29 8.

188 1275 34 24 De
239 1277 166 28 ansökningar,
423 1277 83 22 hvilka
521 1277 128 29 behörigen
666 1278 74 28 gjorts
756 1276 35 23 för
804 1277 65 28 lagli-

117 1318 46 23 gen
187 1311 92 24 bildade
302 1313 253 29 valmansföreningar,
576 1313 73 22 förses
672 1313 53 22 med
747 1313 122 28 ordnings-

117 1354 109 16 nummer
242 1349 7 22 i
266 1348 145 29 fortlöpande
427 1348 66 30 följd.

188 1384 185 29 Ansökningens
389 1384 225 29 ordningsnummer
630 1384 99 23 tecknas
737 1384 91 29 jämväl
839 1384 31 23 öf-

116 1420 64 21 verst
195 1419 14 22 å
225 1419 44 23 den
287 1419 166 30 ansökningen
471 1419 129 30 åtföljande
617 1419 127 24 utskriften
756 1420 23 23 af
790 1419 80 23 kandi-

117 1454 120 28 datlistan,
259 1455 132 30 hvarjämte
413 1457 109 21 närmast
541 1455 75 24 under
632 1455 238 30 ordningsnummern
