1100 1745
423 137 42 24 N:o
477 138 24 23 11
807 138 12 22 7

162 207 46 22 Vid
224 207 66 22 valen
306 208 73 21 hafva
394 207 49 22 alla
455 207 187 30 valberättigade
657 207 49 22 lika
721 209 103 20 rösträtt.

161 241 30 29 Ej
207 242 37 21 mä
258 242 88 22 valrätt
360 249 83 22 genom
460 242 87 22 ombud
561 242 101 22 utöfvas.

160 276 112 22 Närmare
287 276 176 29 bestämningar
478 277 121 28 angäende
614 277 162 21 valkretsarna
789 277 61 20 samt

93 310 65 22 tiden
174 311 43 22 och
233 312 71 21 sättet
319 311 37 22 för
371 311 69 22 valen
455 311 119 22 meddelas
589 311 9 21 i
613 310 100 23 särskild
727 310 86 29 vallag.

448 369 12 21 5
477 370 18 26 8.

162 408 139 29 Berättigad
319 411 35 19 att
369 408 96 29 deltaga
479 409 8 21 i
502 407 253 30 landtdagsmannaval
770 411 26 18 är
811 414 39 15 en-

94 442 58 22 hvar
166 442 62 22 finsk
243 442 159 30 medborgare,
418 442 66 22 såväl
498 450 55 14 man
568 450 49 14 som
633 442 94 28 kvinna,
739 448 50 15 som
800 442 50 21 före

95 476 89 22 valäret
200 476 56 29 fyllt
270 476 123 29 tjugufyra
409 477 30 21 är.

162 511 95 22 Valrätt
272 511 143 22 tillkommer
429 511 61 22 dock
505 511 31 29 ej:

167 547 19 26 1)
203 546 51 28 den,
270 553 49 14 som
334 547 49 21 stär
397 546 9 21 i
422 546 66 22 aktiv
503 546 171 28 militärtjänst;

164 582 21 26 2)
201 580 52 29 den,
269 588 49 14 som
334 581 49 21 stär
397 580 74 22 under
486 580 205 29 förmynderskap;

164 616 21 26 3)
205 615 52 29 den,
275 622 49 15 som
347 615 52 21 icke
421 615 75 21 under
517 615 29 22 de
569 618 35 19 tre
623 614 157 22 sistförflutna
795 615 56 21 ären

95 649 62 22 varit
172 649 8 21 i
195 649 81 22 landet
290 649 209 23 mantalsskrifven
504 657 5 20 ;

163 685 22 26 4)
216 684 51 29 den,
293 691 49 15 som
369 684 26 22 af
417 691 78 15 annan
524 684 69 22 orsak
619 687 30 18 än
675 683 175 28 meddellöshet,

95 718 77 28 styrkt
186 726 84 20 genom
290 718 68 29 intyg
378 719 27 21 af
421 718 241 29 kommunalstyrelse,
677 718 125 22 uraktlätit
816 720 36 19 att

94 752 71 29 gälda
180 752 86 22 honom
285 752 38 22 för
342 753 41 21 tvä
401 752 197 30 nästföregäende
614 752 26 22 är
654 752 99 29 päförda
768 752 84 22 krono-

95 786 132 29 utskylder;

165 822 22 27 5)
210 821 52 29 den,
285 828 49 15 som
357 822 38 21 för
415 821 36 29 sig
469 821 103 29 åtnjuter
586 821 128 21 understöd
729 821 27 21 af
769 820 83 29 fattig-

96 856 94 29 värden,
206 856 42 21 där
264 856 152 21 understödet
430 856 53 21 icke
499 859 26 18 är
540 856 62 21 blott
617 855 128 29 tillfälligt;

166 892 20 25 6)
204 890 51 28 den,
271 897 49 14 som
336 890 89 21 afträdt
441 890 38 21 sin
495 889 113 29 egendom
624 889 37 22 till
676 889 50 22 sine
740 889 113 28 borgenä-

96 932 48 14 rers
159 924 145 28 förnöjande,
320 924 64 21 intill
399 924 52 21 dess
467 924 47 22 han
529 924 37 22 sin
581 926 48 19 stat
643 923 119 29 beedigat;

166 960 21 26 7)
204 959 51 28 den,
274 966 49 14 som
344 959 38 22 för
398 959 136 22 lösdrifveri
552 959 76 22 dömts
647 958 36 22 till
702 958 97 22 allmänt
818 965 35 14 ar-

97 993 59 29 bete,
172 993 62 22 ända
248 993 38 22 till
303 994 121 27 utgängen
442 993 27 22 af
483 993 40 22 det
538 993 75 29 tredje
628 994 50 21 äret
692 993 54 21 frän
761 992 46 29 det,
824 992 29 22 dä

78 1053 3 3 >
96 1028 47 21 han
158 1028 54 21 från
228 1028 196 21 arbetsanstalten
439 1028 96 29 fripafs;

165 1064 23 26 8)
204 1062 51 28 den,
271 1070 49 14 som
335 1063 31 28 pä
381 1063 76 28 grund
473 1063 28 21 af
513 1062 55 29 laga
583 1063 53 21 dom
651 1062 41 21 bör
703 1069 66 14 anses
779 1061 75 22 sakna

96 1097 48 29 god
166 1097 63 29 fräjd
251 1097 57 22 eller
327 1100 25 19 är
372 1097 99 29 ovärdig
489 1099 36 20 att
543 1097 90 29 nyttjas
650 1097 9 22 i
674 1096 92 22 landets
780 1096 75 28 tjänst

97 1132 56 21 eller
168 1134 36 19 att
220 1132 52 22 föra
287 1140 90 14 annans
392 1132 74 27 talan;

166 1167 22 27 9)
209 1166 52 29 den,
284 1174 50 14 som
356 1166 149 29 öfvertygats
524 1168 35 20 att
577 1166 72 22 hafva
663 1165 40 22 vid
718 1164 136 29 landtdags-

98 1201 125 21 mannaval
238 1201 57 29 köpt
314 1200 57 22 eller
387 1201 55 21 sällt
456 1203 50 19 röst
523 1200 57 22 eller
595 1201 63 29 gjort
673 1199 80 22 försök
768 1198 86 29 därtill,

98 1236 56 22 eller
168 1236 31 29 pä
214 1236 56 22 flere
286 1240 30 18 än
332 1238 34 20 ett
381 1236 67 22 ställe
464 1236 99 29 afgifvit
578 1236 37 21 sin
629 1237 56 25 röst,
701 1234 56 22 eller
771 1240 84 22 genom

97 1270 56 22 våld
175 1270 58 22 eller
252 1271 41 21 hot
315 1272 60 20 stört
393 1270 150 29 valfriheten,
563 1270 61 22 ända
642 1269 37 22 till
694 1269 120 29 utgången
829 1267 27 22 af

98 1306 40 21 det
153 1305 70 29 sjätte
238 1306 163 21 kalenderåret
417 1306 60 21 efter
494 1305 45 28 det,
555 1305 30 21 då
600 1304 81 28 slutlig
696 1304 54 21 dom
763 1304 8 21 i
782 1302 73 22 saken

98 1340 60 28 gafs.

454 1370 13 20 6
483 1369 20 26 8.

167 1414 89 22 Valbar
278 1414 37 22 till
332 1414 183 28 landtdagsman
536 1417 31 24 är,
587 1414 58 21 utan
663 1411 109 23 afseende
788 1412 14 21 &
816 1411 41 22 bo-

98 1449 114 28 ningsort,
230 1449 88 21 enhvar
333 1456 49 14 som
398 1452 25 17 är
439 1447 180 28 valberättigad.
