1103 1748
315 142 78 24 Ständ.
409 142 36 24 Sv.
462 155 28 3 —
507 143 65 27 Prop.
589 142 38 23 N:o
644 143 20 22 II.
809 145 28 19 21

459 223 28 20 36
503 221 21 28 8.

188 261 86 24 Kunna
293 261 144 24 elektorerne
453 261 39 23 vid
509 261 144 23 tillsättande
670 261 24 22 af
710 261 90 22 utskott
816 260 52 23 icke

118 305 57 16 enas
192 304 37 17 om
246 297 53 23 dess
313 297 161 28 medlemmar,
485 297 128 23 verkställe
624 297 29 22 de
664 297 63 22 valet
738 297 74 29 enligt
823 296 45 23 den

117 335 8 21 i
141 337 27 20 34
185 335 14 28 8
216 333 114 29 stadgade
347 333 107 29 ordning.

459 391 28 19 37
504 387 21 29 8.

188 429 65 23 Inom
276 429 50 22 åtta
348 429 74 29 dagar
444 429 58 22 efter
523 429 128 29 landtdags
670 428 122 30 öppnande
809 428 60 23 skall

119 465 145 29 landtdagen
282 465 35 22 för
333 465 74 22 sådan
425 465 144 29 behandling
586 465 24 22 af
625 464 117 23 särskilda
758 464 110 27 ärenden,

120 507 50 16 som
186 501 9 22 i
211 504 26 19 57
254 501 14 29 &
285 500 104 29 stadgas,
406 501 97 22 tillsätta
519 500 157 29 landtdagens
693 501 62 22 stora
770 499 98 28 utskott,

119 536 125 23 bestående
261 536 24 23 af
301 537 73 22 sextio
390 536 161 27 medlemmar,
566 536 79 23 hvilka
657 537 64 22 utses
732 536 29 29 på
772 537 48 21 sätt
831 542 38 16 om

117 573 39 22 val
172 572 24 23 af
212 572 115 23 elektorer
343 575 26 20 är
385 572 76 29 sagdt.

461 641 28 20 38
505 639 21 28 8.

189 679 100 24 Medlem
311 679 24 23 af
351 681 97 22 senaten
465 679 40 24 må
521 681 19 28 ej
559 687 56 16 vara
631 680 102 23 ledamot
748 680 8 22 i
770 679 98 23 utskott.

189 715 27 30 Ej
233 715 72 23 heller
322 716 39 23 må
377 716 77 29 någon
471 716 57 29 eljes
545 716 100 29 inväljas
656 717 7 22 i
674 716 97 27 utskott,
783 715 42 23 där
836 722 34 15 re-

120 751 126 30 dovisning
262 751 37 23 för
313 751 61 23 hans
391 751 204 30 ämbetsåtgärder
611 752 47 22 kan
674 751 35 23 till
723 751 147 30 granskning

120 787 152 23 förekomma.

191 823 46 22 Vid
252 823 38 22 val
307 823 24 22 af
346 823 129 23 ledamöter
491 825 7 21 i
515 824 63 22 stora
594 823 114 23 utskottet
724 823 59 29 gälle
797 823 73 22 likväl

120 858 59 24 blott
196 858 45 23 den
257 859 7 22 i
282 862 11 20 1
311 865 70 17 mom.
399 859 114 29 stadgade
529 859 180 29 inskränkning.

462 922 28 20 39
507 920 21 28 8.

191 960 170 29 Landtdagens
377 960 91 23 utskott
484 960 70 30 välja,
571 960 69 23 hvart
650 962 64 21 inom
725 961 42 29 sig,
779 967 30 15 en
821 960 48 23 ord-

121 996 97 22 förande
233 996 44 22 och
293 1003 30 15 en
339 996 191 23 viceordförande
547 998 62 21 samt
625 998 87 28 antaga
727 996 144 23 sekreterare

120 1032 43 22 och
180 1031 43 23 den
241 1032 130 29 betjäning,
389 1039 49 16 som
455 1032 78 23 finnes
550 1032 76 29 nödig.

191 1068 102 22 Kallelse
314 1068 35 22 till
364 1068 75 22 första
453 1068 188 23 sammanträdet
657 1068 104 22 utfärdas
777 1068 43 22 och
837 1074 33 16 or-

120 1103 39 23 det
174 1103 69 28 föres,
259 1104 35 22 till
311 1104 54 22 dess
381 1104 140 22 ordförande
538 1104 69 27 valts,
624 1104 23 22 af
663 1104 45 22 den
723 1104 74 22 äldste
809 1103 62 23 med-

119 1139 108 23 lemmen.

192 1174 96 24 Utskott
305 1177 26 21 är
347 1175 110 29 obetaget
473 1177 36 21 att
525 1176 35 22 för
576 1176 59 22 visst
651 1175 86 23 ärende
752 1176 64 22 inom
835 1176 37 28 sig

121 1212 52 21 utse
196 1210 177 30 föredragande,
397 1218 29 16 en
449 1211 55 23 eller
526 1212 64 27 flere,
606 1211 37 23 för
659 1212 34 22 att
708 1211 39 23 vid
763 1210 109 24 ärendets

120 1247 145 29 behandling
286 1247 41 22 vid
348 1247 157 29 landtdagens
528 1247 96 29 plenum
647 1247 54 23 eller
715 1248 9 21 i
740 1247 53 22 dess
809 1248 63 21 stora

120 1282 91 23 utskott
226 1282 107 23 meddela
350 1283 153 29 erforderliga
519 1283 176 29 upplysningar.

465 1351 28 20 40
509 1349 22 28 8.

193 1389 251 30 Grundlagsutskottet
455 1390 79 22 tillhör
545 1391 35 21 att
593 1390 84 23 bereda
686 1390 33 22 dit
727 1389 146 30 hänskjutna

121 1425 79 28 frägor
221 1431 37 16 om
281 1425 121 28 stiftande,
425 1425 109 30 ändring,
557 1425 130 30 förklaring
704 1426 54 22 eller
773 1425 99 30 upphäf-

120 1460 78 23 vande
215 1460 24 23 af
254 1461 125 29 grundlag.
