1106 1748
343 148 75 25 "U.'B.
435 164 29 2 -—
480 152 61 26 Prop.
559 148 37 25 N:o
610 149 25 23 1.
860 152 12 18 3

334 216 21 28 a)
372 218 32 19 att
420 216 125 22 Ständerna
562 218 66 19 måtte
644 217 122 27 godkänna
776 216 97 28 följande

261 252 136 27 förändrade
414 252 78 27 lydelse
508 253 36 27 för
569 253 1 19 1
589 259 66 14 mom.
674 252 28 27 af
714 253 14 19 4
744 252 15 27 $
764 248 15 36 i
777 252 96 27 försla-

262 290 34 25 get
312 288 31 21 till
359 288 86 26 vallag:

300 354 43 20 +:
338 350 14 34 I
368 354 80 26 hvarje
472 354 184 20 landskommun
681 354 59 20 skall
765 354 107 20 kommu-

263 390 157 20 nalnämnden
438 390 6 20 i
462 390 82 26 början
569 390 25 20 af
612 390 93 26 januari
730 390 86 20 månad
836 390 37 20 det

262 426 32 25 år,
323 426 68 20 under
415 426 83 20 hvilket
520 424 59 22 tiden
607 426 27 26 af
658 427 30 19 tre
714 426 26 20 år
764 426 51 27 från
843 432 29 14 se-

263 463 61 19 naste
362 462 246 26 —landtdagsmannaval
621 458 12 34 —
646 462 140 26 tilländagär,
803 458 12 34 —
829 462 44 20 till-

249 513 2 2 -
264 499 57 19 sätta
341 504 28 14 en
394 498 135 24 valnämnd,
554 498 124 20 bestående
703 498 25 20 af
752 504 27 14 en
797 498 76 20 ordfö-

264 534 141 20 rande
345 530 11 34 ;
364 534 41 20 och
431 534 48 26 fyra
508 534 160 26 medlemmar,
694 534 34 20 för
752 536 33 18 att
808 534 64 20 inom

264 570 145 20 kommunen
426 570 96 21 förrätta
535 570 255 26 landtdagsmannaval.
808 570 65 20 Dock

263 605 72 25 skall,
352 612 39 14 om
409 605 29 27 pä
455 606 75 26 grund
547 606 25 20 af
587 606 108 26 Kejsaren
713 606 44 20 och
774 605 99 21 Storfur-

264 643 62 19 stens,
346 641 158 21 förordnande
521 648 46 20 nya
584 642 37 20 val
638 642 123 25 förrättats,
779 648 30 20 ny
826 642 47 19 val-

265 677 88 21 nämnd
378 679 62 19 utses
457 677 7 21 i
479 678 93 26 januari
590 678 85 20 mänad
695 678 47 20 äret
754 678 56 20 efter
829 677 44 24 det,

266 713 132 21 hvarunder
414 714 71 26 sagda
502 714 37 20 val
556 716 36 24 egt
604 720 58 14 rum.

336 748 82 28 (2.0ch
435 750 13 20 3
462 756 70 14 mom.
550 750 77 20 såsom
645 749 75 27 förut).

336 819 22 28 b)
376 822 31 18 att
416 820 127 21 Ständerna
552 820 35 27 för
600 821 10 19 1
623 827 66 14 mom.
702 820 12 20 7
726 820 16 28 $
754 820 4 21 i
769 821 105 27 förslaget

265 856 31 20 till
313 856 73 27 vallag
403 857 68 20 måtte
486 856 123 27 godkänna.
625 856 99 28 följande
741 857 90 27 lydelse:

337 928 82 21 Såsom
454 929 112 27 «underlag
591 929 35 21 för
642 929 150 26 vallängdens
817 935 57 21 upp-

264 964 101 26 görande
390 965 59 20 skall
471 965 173 20 vederbörande
661 965 213 20 mantalsskrifvare

265 1000 63 20 inom
357 1000 93 27 januari
476 1001 86 20 mänad
588 1001 38 20 det
650 1001 31 25 är,
707 1001 68 20 under
794 1001 82 20 hvilket

266 1035 55 21 tiden
354 1036 25 27 af
399 1037 31 19 tre
457 1037 35 19 år.
506 1037 52 26 från
581 1038 84 19 senaste
692 1037 181 26 landtdagsman-

265 1072 69 20 naval
360 1071 144 28 tiiländagär,
532 1072 101 21 tillställa
662 1073 155 20 valnämnden
846 1079 28 14 en

264 1108 56 20 efter
356 1108 40 26 by-
431 1108 54 20 och.
499 1104 9 35 .
513 1109 233 20 hemmansnummer
755 1104 10 35 =
775 1109 61 24 eller,
868 1108 6 20 i

264 1144 58 25 stad,
350 1143 56 21 efter
422 1144 131 21 stadsdelar
580 1144 43 21 och
649 1145 91 19 kvarter
756 1144 117 27 uppställd

240 1191 2 8 ;.
265 1179 144 27 förteckning
433 1179 66 21 öfver
521 1180 46 20 alla
591 1180 69 27 enligt
681 1179 135 28 föregående
838 1180 37 20 års

266 1215 169 27 mantalslängd
464 1215 64 21 inom
546 1215 222 27 röstningsomrädet
784 1216 90 20 bosatta

266 1257 115 21 personer,
406 1251 82 20 hvilka
505 1251 39 21 vid
561 1251 159 21 förstnämnda
737 1252 37 20 ärs
790 1251 85 27 ingäng

266 1287 98 27 uppnätt
380 1287 119 27 tjugufyra
516 1287 37 21 ärs
570 1287 69 21 älder.

338 1323 65 27 (2—4
423 1329 73 14 mom.
509 1323 77 21 säsom
604 1323 74 26 förut).

336 1395 20 25 c)
380 1396 32 19 att
435 1395 126 21 Ständerna
586 1395 48 20 ville
652 1395 34 26 för
702 1395 28 20 37
754 1395 8 26 $
780 1395 9 20 1
808 1401 66 14 mom.

266 1430 27 26 af
312 1430 106 27 förslaget
442 1430 32 23 till
499 1431 74 26 vallag
596 1431 122 26 godkänna
735 1430 97 27 följande
843 1431 32 26 ly-

266 1466 75 21 delse:.
