1098 1745
281 128 26 20 10
474 126 29 23 U.
519 126 28 22 B.
564 139 28 3 —
608 126 72 28 Prop.
696 126 40 23 N:o
752 126 21 22 8.

250 191 51 21 med
325 198 28 14 en
375 194 58 19 rösts
459 192 115 22 öfvervikt
598 192 122 28 godkände
743 191 134 29 riktningen
891 190 106 23 Joensuu

251 227 131 26 —Nurmes,
410 228 88 21 hvilket
528 228 76 21 beslut
633 228 54 30 eljes
713 228 58 22 hade
801 227 88 21 kunnat
918 227 79 21 utfalla

249 266 105 18 tvärtom.

319 299 117 22 Utskottet
463 300 58 21 hade
548 300 72 28 enligt
647 302 40 19 vår
712 300 68 21 tanke
807 299 51 22 bort
878 299 118 21 tillkänna-

249 334 64 28 gifva
336 335 36 21 för
394 335 134 27 Ständerna,
553 339 33 18 att
608 336 81 21 endast
709 335 234 23 Kemi—Rovaniemi
960 335 36 21 ba-

249 378 44 14 nan
318 371 89 21 erhållit
429 372 168 21 ständerbeslut
613 372 42 21 och
672 372 77 21 blitvit
765 371 110 29 godkänt,
892 374 57 18 samt
965 373 32 19 att

249 406 73 29 öfriga
348 406 83 22 banors
458 407 123 29 byggande
608 408 72 21 skulle
706 408 23 21 få
755 407 91 21 förfalla
867 407 38 21 vid
922 407 75 21 denna

249 441 116 30 landtdag.

319 478 30 21 Vi
373 479 90 21 anhålla
486 479 88 21 således
598 479 117 22 vördsamt
738 482 31 19 att
788 479 24 21 få
827 479 36 21 till
879 479 27 20 de
923 478 74 21 skilda

249 514 108 21 ståndens
373 514 168 29 godkännande
558 515 91 21 föreslå:

463 577 31 20 att
509 575 124 28 utförandet
649 575 28 28 af
690 575 70 29 öfriga
777 576 72 26 bamor,
865 575 71 22 hvilka
951 575 46 22 icke

391 612 71 21 ernått
490 612 75 27 lagligt
592 612 159 27 ständerbeslut,
783 612 52 21 skall
864 611 36 22 vid
925 611 70 22 denna

391 648 103 27 landtdag
511 647 101 28 förfalla,
632 650 59 19 utom
713 647 226 23 Kemi—-Rovaniemi
961 647 34 22 ba-

389 691 52 20 nan,
451 683 41 28 för
507 683 84 22 hvilken
606 685 69 20 under
690 684 147 22 innevarande
852 683 144 28 finansperiod

390 720 72 21 anslås
477 721 131 26 5,000,000
623 720 67 21 mark.

319 765 153 29 Helsingfors,
490 766 43 21 den
553 770 25 18 10
596 766 41 28 maj
657 769 62 19 1906.

350 844 72 22 Pekka
439 844 123 28 Leppänen.
729 844 22 23 G.
769 844 125 22 Paunonen.

533 904 79 23 Kaarlo
630 904 90 28 Ekberg.

329 1532 122 24 Helsingfors,
466 1534 129 18 Frenckellska
609 1535 238 23 Tryckeri-Aktiebolaget,
863 1535 52 18 1906.
