1061 1717
236 82 13 23 2
413 82 238 24 Petitionsbetänkande
666 82 36 24 N:o
717 82 35 23 20.

279 148 70 22 Häraf
362 156 63 20 synes
442 150 99 27 sålunda,
554 152 33 20 att
599 152 33 20 tre
643 150 74 27 Stånd,
729 149 120 28 nämligen:
865 149 91 22 Ridder-

205 185 80 27 skapet
305 185 38 22 och
359 186 76 28 Adeln,
451 186 166 22 Presteståndet
632 186 40 22 och
687 186 163 22 Bondeståndet
866 186 90 21 beslutit

205 222 34 20 att
259 220 35 22 till
315 221 59 22 Hans
390 221 122 28 Kejserliga
528 222 103 27 Majestät
646 221 65 22 aflåta
727 228 26 15 en
769 222 135 27 underdånig
919 228 36 20 pe-

205 256 66 22 tition
291 256 2 22 i
311 258 79 22 ämnet.
421 258 51 22 Men
490 258 69 22 under
579 258 36 22 det
631 258 84 22 Preste-
733 258 39 22 och
788 258 166 22 Bondeständen

204 292 135 23 beträffande
354 292 120 24 innehället
488 294 98 27 godkänt
601 294 120 21 utskottets
737 293 82 28 förslag
835 294 6 21 i
857 294 97 26 ärendet,

204 328 41 22 har
260 329 94 22 derimot
368 329 161 27 Ridderskapet
545 330 40 21 oeh
601 330 69 21 Adeln
687 329 90 22 beslutit
792 331 33 20 att
841 329 6 21 i
864 329 90 21 allmän-

204 364 38 22 het
258 365 79 22 endast
352 365 50 28 ingä
417 365 50 22 med
483 372 27 15 en
526 365 94 27 petition
636 366 81 26 derom,
734 367 33 19 att
783 365 109 27 Styrelsen
904 365 50 22 ville

204 400 75 22 skrida
297 400 34 22 till
347 401 102 27 lämpliga
472 401 109 27 ätgärder,
604 401 139 27 hvarigenom
761 402 26 20 de
803 403 74 19 värsta
892 401 60 21 miss-

205 436 166 23 förhällandena
394 438 73 22 kunde
490 437 115 28 aflägsnas.
636 438 34 21 Dä
692 444 29 15 nu
746 437 120 22 sistnämda
881 437 72 22 beslut

204 473 25 22 är
251 473 103 22 affattadt
369 473 7 22 i
392 473 135 22 allmännare
551 473 96 28 ordalag,
669 475 27 20 än
712 473 87 22 Preste-
815 474 40 21 och
870 473 82 22 Bonde-

204 509 107 28 ständets,
335 510 24 21 sä
380 515 64 16 anser
465 509 109 22 utskottet
593 509 61 22 detta
670 509 8 22 i
693 509 102 22 afseende
811 511 13 20 å
840 510 41 21 den
896 511 57 26 yttre

203 545 84 22 formen
307 545 49 22 bäst
376 545 73 28 lämpa
466 545 33 28 sig
514 545 34 22 till
565 545 69 28 grund
651 545 33 22 för
700 551 26 15 en
743 545 210 28 sammanjämkning

203 581 39 22 och
258 587 121 22 uppmanar
394 582 112 21 vördsamt
522 582 37 21 det
577 581 132 28 högvördiga
720 581 165 22 Presteständet
896 583 56 20 samt

203 617 37 22 det
263 617 135 22 hedervärda
420 618 164 21 Bondeständet
603 619 33 20 att
655 618 49 21 med
721 617 131 28 frängäende
867 617 23 22 af
904 617 48 22 sina

202 652 59 23 förra
277 653 72 22 beslut
364 653 46 22 helt
427 654 40 21 och
482 653 69 22 hället
567 653 134 22 öfverlämna
717 654 22 20 ät
755 653 60 22 Hans
831 653 121 28 Kejserliga

201 688 104 28 Majestät
320 691 33 20 att
369 691 98 26 uppgöra
482 691 100 20 närmare
598 689 163 26 bestämningar
773 689 6 21 i
791 691 79 20 ämnet.
890 689 61 22 Deri-

201 727 46 20 mot
263 731 64 16 anser
343 725 33 28 sig
392 725 109 22 utskottet
517 725 49 22 med
583 725 103 22 afseende
702 726 12 20 å
726 725 119 22 innehållet
856 725 52 22 böra
919 725 33 22 fö-

201 761 64 27 reslä,
282 763 33 20 att
330 761 116 28 höglofliga
462 761 160 27 Ridderskapet
634 761 39 21 och
684 761 70 21 Adeln
766 761 49 21 med
826 761 125 27 anslutning

201 796 34 23 till
250 797 87 22 Preste-
353 797 39 22 och
403 797 179 22 Bondeständens
594 797 81 27 äsigter
686 796 7 21 i
705 796 82 28 frägan,
799 797 50 21 ville
861 797 88 27 utvidga

201 833 40 22 sitt
262 833 7 21 i
293 833 66 22 saken
382 833 84 22 fattade
488 833 73 22 beslut
585 833 88 26 därhän,
698 834 33 19 att
751 833 37 21 det
809 833 70 21 skulle
894 833 58 27 gälla

200 869 186 28 tjänsteombyten
401 869 70 22 under
485 869 112 27 pägäende
613 869 75 21 läseär.

271 905 106 28 Slutligen
398 905 40 22 har
457 905 109 22 utskottet
581 907 52 19 äran
651 911 108 20 uppmana
775 904 108 27 vällofliga
898 905 52 22 Bor-

199 941 142 27 gareständet
356 943 33 20 att
404 943 80 25 antaga
500 941 39 21 här
555 940 123 27 föreslagna
695 941 215 27 sammanjämkning.

269 977 32 22 Pä
323 977 71 27 grund
416 976 24 23 af
462 977 38 22 det
519 976 131 27 ofvansagda
666 976 33 21 fär
715 976 110 22 utskottet
839 977 111 21 vördsamt

199 1013 88 27 föreslä,
309 1014 34 20 att
366 1013 86 22 landets
473 1012 122 27 Höglofliga
616 1012 93 22 Ständer
725 1011 50 22 ville
792 1011 49 28 ingä
858 1013 48 21 med
922 1019 26 15 en

198 1049 137 27 underdänig
350 1048 92 27 petition
459 1048 74 22 derom

377 1085 33 20 att
431 1083 67 22 Hans
518 1082 125 29 Kejserliga
666 1083 108 27 Majestät,
790 1083 9 21 i
814 1082 135 23 betraktande

342 1119 27 28 af
381 1119 42 22 den
438 1119 84 28 störing
537 1119 8 20 i
554 1118 163 28 folkskolornas
732 1118 146 28 regelbundna
888 1119 60 22 verk-

341 1155 87 26 samhet,
452 1161 44 15 som
521 1155 135 27 uppkommer
677 1154 128 28 derigenom,
827 1156 32 20 att
875 1155 73 22 lärare

341 1191 37 22 och
391 1191 128 22 lärarinnor
529 1191 69 22 under
605 1190 113 28 pågående
729 1190 70 22 läseär
809 1190 140 23 obehindradt

339 1226 77 22 kunna
432 1227 74 21 lämna
521 1226 50 22 sina
587 1226 99 27 tjänster,
702 1226 9 21 i
725 1226 69 21 nåder
806 1226 78 22 täcktes
900 1227 47 21 vid-

340 1263 52 27 taga
412 1262 86 22 sådana
516 1262 108 28 åtgärder,
638 1269 77 20 genom
731 1261 74 22 hvilka
814 1261 133 28 förenämda

338 1297 192 27 missförhällande
551 1298 31 27 på
606 1298 131 28 lämpligaste
761 1299 42 21 sätt
824 1298 67 27 Vlefve
911 1298 34 27 af-

339 1334 107 28 lägsnadi.

266 1405 176 28 Helsingfors,
466 1406 24 21 af
512 1406 108 22 allmänna
640 1406 199 22 besvärsutskottet
859 1406 41 22 den
918 1407 27 21 15

194 1440 42 28 maj
254 1441 65 21 1885.

298 1486 119 36 "Helsingfors,
428 1500 62 16 Weilin
499 1500 13 15 &
523 1501 48 14 Göös'
581 1501 110 17 Aktiebolags
700 1500 77 19 tryckeri,
788 1500 39 15 1885.
