1061 1717
242 103 15 21 6
416 104 241 24 Petitionsbetänkande
671 105 40 22 N:o
725 104 36 23 52.

212 171 40 21 det
277 170 163 28 ovedersägliga
462 171 92 27 faktum,
573 173 40 25 att,
634 172 78 22 medan
731 172 37 21 det
784 171 7 21 i
807 171 74 22 landet
896 170 68 23 finnes

211 206 50 22 icke
281 206 84 22 mindre
384 208 28 20 än
428 208 34 20 tre
478 207 190 27 svenskspråkiga,
684 207 25 21 af
722 206 76 23 Staten
815 206 150 23 subventione-

212 242 53 22 rade
288 242 198 28 handelsläroverk,
510 243 56 22 intet
589 243 57 22 enda
665 242 76 28 finnes,
757 248 47 16 som
820 242 143 28 tillgodosåge

211 278 42 21 den
269 277 159 23 finskatalande
443 278 167 28 befolkningens
625 278 71 22 behof.
726 278 81 22 Dertill
821 278 99 22 kommer
929 280 33 20 att

213 314 192 27 undervisningen,
426 314 96 22 förutom
540 315 58 21 hvad
613 314 63 22 fallet
690 317 25 19 är
731 315 7 21 i
755 315 64 21 dessa
833 316 34 20 tre
882 314 80 28 skolor,

210 348 65 23 äfven
291 349 8 21 i
315 350 42 21 den
372 349 122 28 betydande
510 350 203 22 handelsanstalten
729 350 7 22 i
752 350 129 27 Brahestad,
894 352 68 20 tvärt-

211 384 56 22 imot
289 385 58 22 hvad
369 392 51 15 man
443 386 72 22 skulle
537 386 95 28 hoppats
654 387 39 21 och
709 386 85 27 önskat,
810 386 108 22 bedrifves
934 387 28 26 på

211 418 100 25 svenska.

284 457 70 22 Häraf
371 457 95 28 framgår
481 458 98 27 tillfullo,
594 459 58 21 huru
668 458 67 27 ojämt
751 458 64 22 äfven
830 458 7 21 i
853 459 61 21 detta
929 457 32 22 af-

211 493 81 21 seende
312 493 89 27 lyckans
421 493 77 22 håfvor
513 493 73 22 blifvit
601 494 112 22 fördelade
728 494 81 22 mellan
825 494 42 21 den
882 493 78 22 finska-

211 529 41 21 och
275 529 181 22 svenskatalande
478 529 162 28 betolkningen.
670 530 43 21 Vid
731 530 80 21 sådant
826 529 134 22 förhållande

210 570 65 21 synes
299 565 37 21 det
358 565 35 21 väl
411 565 120 28 ingalunda
546 565 92 28 obilligt,
655 567 34 20 att
704 572 27 15 en
746 565 147 28 finskspråkig
908 565 52 22 han-

211 599 99 22 delskola
332 607 77 21 genom
431 601 88 22 Statens
535 601 86 28 försorg
636 602 100 21 inrättas.
767 601 50 22 Men
833 601 91 22 emedan
939 601 21 21 vi

210 635 48 22 icke
286 636 132 22 tillerkänna
440 635 37 24 oss
500 637 99 28 förmåga
622 639 34 20 att
678 637 82 28 afgöra,
779 637 141 22 hvilkendera
938 636 24 22 af

210 671 66 22 dessa
298 672 92 27 stridiga
413 673 189 27 petitionsförslag
624 673 85 28 grunda
731 673 34 27 sig
788 674 28 26 pä
838 673 121 22 hällbarare

209 706 193 29 förutsättningar,
426 708 134 23 äfverlämna
582 709 22 21 vi
624 709 58 22 valet
703 708 24 22 af
743 708 58 27 plats
817 708 34 22 för
866 709 93 21 lärover-

208 743 40 22 ket
269 743 47 22 helt
334 743 40 22 och
391 744 70 22 hållet
480 745 24 21 åt
524 744 123 28 Styrelsens
663 743 189 29 förgodtfinnande
868 744 39 21 och
923 744 36 21 til-

207 778 48 22 läta
279 785 36 15 oss
331 779 92 28 säledes,
436 780 71 27 jämte
523 781 38 21 det
576 780 21 21 vi
613 780 71 21 uttala
701 780 41 21 den
758 779 146 28 förhoppning
919 781 40 26 att,

207 814 112 22 hvarhelst
334 815 205 28 öfverhufvudtaget
549 815 161 28 finskspråkiga
720 815 155 22 handelskolor
881 821 77 22 genom

207 849 113 23 enskildes
336 850 146 28 tillgöranden
498 853 36 20 mä
549 853 87 26 uppstä,
653 853 23 20 &t
686 851 65 22 dessa
761 851 90 27 beviljas
863 850 95 22 tillräck-

207 885 42 27 ligt
265 886 183 28 statsunderstöd,
464 887 148 22 vördammast
628 887 81 22 föreslä

386 940 34 20 att
434 939 127 22 Ständerna
576 939 50 22 ville
640 939 55 28 ingä
709 939 48 22 med
771 939 138 28 underdänig
920 945 38 16 an-

350 973 76 23 hällan
442 975 78 26 derom,
536 975 35 22 det
585 975 80 22 täcktes
680 974 65 23 Hans
755 974 124 29 Kejserliga
889 974 68 28 Maje-

349 1011 44 20 stät
415 1011 26 21 sä
464 1012 64 20 snart
551 1017 45 15 som
614 1010 84 29 möjligt
717 1010 44 22 låta
777 1010 138 28 grundlägga
930 1017 27 14 en

344 1045 154 29 Jinskspräkig
514 1046 138 22 handelskola
668 1046 106 28 antingen
789 1046 10 21 i
814 1045 82 28 Wiborg
906 1045 51 22 eller

351 1080 152 30 Tammerfors.

235 1145 84 22 Kustaa
333 1145 93 30 Kiipula.
455 1141 17 39 =
486 1146 54 23 Erik
556 1147 77 28 Pöysti.
663 1141 14 39 =
688 1146 88 23 Sanfrid
790 1145 136 29 Hasselgvist,

281 1205 10 22 I
307 1205 71 22 denna
392 1207 136 21 reservation
543 1207 127 22 instämma:

219 1257 50 22 Joh.
285 1257 62 23 Gabr.
363 1258 85 23 Geitlin.
478 1259 26 22 A.
520 1259 23 22 €.
558 1259 145 23 Westerlund.
732 1259 64 23 Josef
808 1253 134 29 Österbladh,

270 1502 107 21 Allmänna
392 1503 185 21 Besvärsutskottets
593 1503 117 21 betänkande
726 1503 36 21 N:o
779 1504 33 21 30,
