1061 1717
249 98 28 22 12
430 98 238 23 Petitionsbetänkande
682 97 37 23 N:o
735 96 19 23 5.

219 158 94 22 skottets
329 158 63 28 åsigt,
409 160 79 26 många
506 159 48 21 skäl
571 158 33 22 för
620 161 33 19 att
668 158 75 22 skrida
759 158 34 21 till
809 157 159 22 verksammare

217 194 108 27 åtgärder.
349 188 29 28 Åt
394 194 26 22 de
435 201 112 21 personer,
563 194 75 22 hvilka
653 194 62 22 skola
730 188 125 27 handhafva
866 192 101 28 själavår-

217 230 43 21 den
283 230 36 21 vid
339 230 95 27 aktiven,
456 230 68 22 borde
545 230 78 22 främst
644 230 118 26 tillräcklig
778 228 95 27 aflöning
888 228 79 27 anslås,

218 266 24 20 så
265 267 34 20 att
320 266 26 21 de
366 266 46 21 helt
433 266 40 22 och
494 266 69 22 hållet
583 266 73 22 kunde
672 268 56 25 ägna
744 265 34 27 sig
793 266 24 20 åt
832 265 40 21 sitt
887 264 81 27 vigtiga

217 301 52 21 kall.
301 302 130 26 Härigenom
448 302 71 22 skulle
534 304 54 20 utan
604 302 75 21 tvifvel
695 302 37 21 det
747 301 84 27 sedliga
847 300 121 22 tillståndet

217 337 35 21 vid
269 337 150 28 bataljonerna
434 338 89 22 komma
538 340 34 19 att
588 339 34 21 stå
638 339 68 20 under
723 344 26 15 en
766 339 113 25 strängare
893 336 74 27 tillsyn

217 374 40 20 och
278 374 91 21 sålunda
387 375 79 26 många
483 374 144 27 anledningar
643 374 34 22 till
693 374 104 26 missnöje
813 372 153 27 undanrödjas.

215 409 50 21 Men
289 409 62 22 äfven
372 410 75 27 borde,
472 410 69 27 enligt
562 410 120 22 utskottets
699 410 64 27 åsigt,
787 410 80 27 dragas
882 408 85 27 försorg

217 451 34 16 om
275 447 34 20 att
332 452 100 15 reserven
453 447 28 26 på
502 446 47 21 sina
571 446 153 27 mötesplatser
743 445 82 22 erhölle
842 452 26 15 en
884 445 82 21 ordnad

217 481 109 27 själavård
342 483 39 20 och
397 483 62 20 torde
476 483 71 20 denna
562 482 79 22 lättare
652 483 74 20 kunna
737 481 163 22 åstadkommas
911 480 55 22 deri-

216 523 85 21 genom,
319 520 33 19 att
368 520 73 19 ortens
457 519 140 26 presterskap
613 518 122 22 vidtalades
750 519 34 20 att
799 520 46 19 mot
861 517 56 21 skild
934 523 32 15 er-

216 553 98 27 sättning
335 555 50 26 taga
406 554 67 21 saken
494 561 34 14 om
544 555 65 20 hand.
641 549 125 26 Önskvärdt
782 559 50 15 vore
848 552 70 27 äfven,
934 554 32 20 att

216 589 133 22 åtminstone
372 589 36 22 vid
432 590 26 21 de
482 590 74 21 aktiva
576 590 151 27 bataljonerna
750 589 58 21 skild
823 588 57 22 lokal
896 588 70 21 blefve

215 625 112 21 anskaffad
344 625 32 22 för
392 625 231 28 andaktsöfningarna,
640 632 50 15 vare
706 625 34 26 sig
757 625 67 21 sedan
841 626 33 19 att
883 624 83 27 kyrkan

215 661 13 20 å
245 661 26 21 de
288 663 65 25 orter,
368 661 88 22 hvarest
472 661 151 27 bataljonerna
638 664 38 19 äro
692 661 105 27 förlagda,
814 660 57 27 finge
886 661 28 26 på
929 660 36 21 be-

216 697 86 20 stämda
325 697 56 21 tider
404 697 24 21 af
450 697 110 27 söndagen
583 698 111 21 användas
715 697 34 21 för
765 697 121 21 militärens
901 695 67 22 behof

215 732 60 27 eller,
297 733 83 21 hvilket
400 739 50 15 vore
472 735 58 19 ännu
550 733 80 27 bättre,
646 740 27 15 en
690 733 93 21 särskild
803 732 88 22 bönesal
907 732 57 21 inom

215 767 107 22 kasernen
339 768 33 21 för
388 769 124 22 ändamålet
528 769 108 27 upplåtes.

287 803 73 22 Jämte
376 804 37 21 det
429 805 108 21 utskottet
551 805 93 21 sålunda
652 811 65 15 anser
725 804 143 21 förenämnda
876 803 88 22 förbätt-

215 839 75 27 ringar
311 839 23 22 af
348 839 135 28 själavården
495 847 51 15 vara
559 841 7 20 i
577 841 43 26 hög
635 841 54 26 grad
700 840 23 21 af
733 839 101 22 behofvet
844 839 120 27 påkallade,

215 875 62 21 torde
294 875 63 22 äfven
373 877 68 26 några
456 874 69 23 andra
540 877 194 26 omständigheter,
748 876 74 21 hvilka
836 876 77 21 beröra
928 877 38 20 vår

215 911 71 20 armés
309 911 83 27 sedliga
402 911 32 27 lif,
445 912 96 26 förtjäna
549 915 133 18 omnämnas.
708 912 44 21 Det
763 914 24 19 är
797 912 69 21 kändt
877 911 39 22 och
926 911 40 21 har

214 945 63 22 äfven
287 946 24 21 af
320 947 36 21 det
367 946 129 28 föregående
504 947 111 28 framgått,
624 948 56 21 huru
690 948 37 21 det
736 949 51 25 sätt,
796 949 29 25 på
832 947 83 22 hvilket
923 947 41 22 den

214 982 157 27 värnepligtige
379 983 100 22 soldaten
487 983 33 21 för
528 984 134 21 närvarande
671 983 34 22 får
713 983 98 27 begagna
820 983 48 22 sina
876 983 88 21 fristun-

214 1017 45 27 der,
268 1019 28 25 på
309 1019 79 26 många
398 1019 79 21 ställen
484 1019 64 26 gifvit
556 1019 118 27 anledning
682 1019 35 21 till
725 1019 134 26 berättigadt
867 1019 97 21 klander.

215 1052 112 23 Utskottet
348 1054 39 21 har
407 1055 68 20 redan
495 1055 57 21 varit
573 1055 7 21 i
595 1055 87 21 tillfälle
699 1056 33 19 att
748 1054 121 27 framhålla,
886 1055 36 20 det
938 1061 26 14 en

214 1090 113 26 strängare
343 1090 49 21 tukt
408 1090 40 21 och
464 1091 92 26 ordning
571 1091 8 20 i
590 1091 60 21 detta
661 1091 124 21 hänseende
797 1096 50 15 vore
859 1089 104 28 önskliga.

214 1124 49 21 Men
281 1125 110 22 dessutom
408 1125 68 22 finnes
492 1126 111 27 åtskilliga
619 1127 68 20 andra
703 1128 97 25 utvägar,
817 1132 76 21 genom
911 1125 53 22 hvil-

213 1160 40 21 kas
273 1161 113 21 anlitande
404 1161 143 22 kasärnlifvet
567 1162 72 21 kunde
660 1161 78 22 ställas
761 1163 29 25 på
811 1161 42 22 den
871 1161 39 27 fot,
932 1163 33 19 att

213 1195 38 22 det
266 1196 88 27 erbjöde
370 1199 33 19 ett
418 1197 141 22 omväxlande
575 1198 39 21 och
630 1197 82 28 nyttigt
727 1197 124 22 tidsfördrif
860 1197 68 22 under
938 1197 27 21 de

213 1232 98 27 stunder,
328 1232 27 21 då
369 1232 100 22 soldaten
480 1235 24 19 är
513 1233 84 21 befriad
609 1233 47 21 från
669 1233 27 21 de
707 1233 110 26 egentliga
828 1232 134 27 öfningarna.

212 1267 88 22 Främst
315 1267 67 22 borde
399 1268 6 21 i
422 1269 61 21 detta
498 1268 102 22 afseende
616 1269 107 21 bibliotek
739 1268 109 21 anskaffas
860 1268 58 21 såväl
929 1268 34 21 till

213 1303 100 22 aktivens
329 1304 105 22 kasärner
450 1311 45 15 som
512 1305 41 21 ock
568 1305 103 27 möjligen
689 1304 34 22 till
739 1310 113 16 reservens
869 1304 94 26 öfnings-

211 1338 90 26 platser.
333 1339 42 21 För
398 1340 99 22 aktivens
520 1341 92 27 räkning
635 1340 66 22 hafva
726 1340 129 27 visserligen
881 1341 27 26 på
927 1346 35 15 en-

212 1374 68 22 skildt
302 1375 94 21 initiativ
420 1376 132 22 åtminstone
573 1378 29 25 på
624 1378 68 25 några
713 1378 59 20 orter
788 1376 106 21 bibliotek
910 1382 52 20 upp-

211 1445 39 21 och
272 1445 161 29 fullständigas,
454 1454 35 14 om
511 1448 26 21 de
553 1448 62 21 skola
634 1448 54 26 fylla
704 1448 39 20 sitt
759 1447 107 21 ändamål.
897 1447 66 21 Detta

281 1488 106 20 Allmänna
403 1489 182 20 Besvärsutskottets
601 1489 118 21 betänkande
734 1490 37 19 N:o
787 1490 18 19 4.
