1061 1717
259 92 84 24 Ständ.
357 93 51 22 Pet.
425 104 27 4 —
466 92 165 23 Petitionsbet.
648 92 38 22 N:o
700 91 23 22 9.

357 394 121 24 Finlands
493 395 129 23 Ständers
639 396 176 28 underdåniga
831 401 38 23 pe-

322 437 80 21 tition
424 442 32 16 om
479 436 133 22 anskaffande
628 437 20 22 af
664 437 166 27 arbetsförtjenst
845 437 21 21 åt

324 477 82 27 frigifna
421 476 79 28 fångar.

160 539 231 29 Stormäktigste,
407 539 219 29 Allernådigste
642 539 125 29 Kejsare
783 539 51 22 och

411 574 168 23 Storfurste.

183 638 66 22 Inom
267 637 197 30 Borgareståndet
482 637 41 22 har
538 637 40 22 vid
586 637 159 22 innevarande
753 637 114 29 landtdag

114 673 127 22 framstälts
263 673 88 28 förslag
373 672 37 21 till
433 679 28 14 en
484 672 146 29 underdånig
652 673 101 28 petition
776 680 36 14 om
828 680 39 14 an-

116 713 121 22 skaffande
253 713 26 21 af
292 712 187 29 arbetsförtjenst
494 713 24 20 åt
533 713 97 28 frigifna
647 713 89 28 fångar.

184 747 135 22 Beredande
342 747 26 21 af
384 747 188 28 arbetsförtjenst
588 748 23 20 åt
626 747 99 28 frigifna
740 747 83 29 fångar
838 751 25 17 är

115 790 29 14 en
166 782 26 21 af
211 782 28 21 de
259 781 125 29 uppgifter,
401 788 50 15 som
466 781 164 22 företrädesvis
647 782 41 21 vår
703 782 36 21 tid
754 781 110 22 bemödar

115 817 36 28 sig
176 818 35 19 att
232 817 31 28 på
285 818 34 19 ett
341 815 218 22 tillfredsställande
579 816 37 22 vis
631 816 57 21 lösa.
717 816 75 21 Dessa
807 823 60 14 sam-

115 851 83 21 hällets
222 851 145 28 olycksbarn,
389 857 49 14 som
453 850 182 29 allmänneligen
650 851 63 28 skys,
729 851 44 21 och
788 850 81 22 hvilka

115 885 77 22 derför
213 885 82 21 endast
318 885 51 21 med
389 886 85 20 största
490 885 118 28 svårighet
623 885 81 22 kunna
719 886 29 28 på
763 885 106 28 hederlig

116 923 46 25 väg
179 919 111 22 förskaffa
309 919 36 28 sig
363 919 39 21 det
418 919 192 28 nödvändigaste,
626 919 95 22 befinna
737 919 42 28 sig,
797 919 72 21 sedan

117 954 29 21 de
169 954 84 21 utstått
276 954 41 21 sitt
333 953 67 22 straff
420 953 44 22 och
478 953 88 22 lemnat
581 954 123 28 fängelset,
720 953 8 22 i
744 955 33 20 ett
792 953 79 22 bekla-

117 988 126 29 gansvärdt
258 988 59 28 läge.
347 987 94 23 Utsatte
457 988 36 21 för
508 988 93 21 misstro
617 988 44 21 och
679 988 83 28 förakt,
774 988 57 21 råka
842 987 28 22 de

117 1023 49 21 ofta
181 1025 26 18 ut
221 1023 36 20 för
273 1024 63 19 stora
351 1022 119 21 frestelser
485 1022 44 21 och
547 1023 107 20 återfalla
668 1023 111 28 vanligen
790 1023 7 20 i
808 1022 64 21 brott

118 1059 59 20 samt
192 1057 44 21 öka
252 1057 87 21 antalet
355 1056 25 21 af
394 1056 27 21 de
438 1056 123 29 olyckliga,
578 1064 48 14 som
634 1057 95 21 befolka
740 1057 129 28 fängelsen.

117 1091 171 22 Erfarenheten
311 1091 42 22 har
374 1091 44 21 ock
440 1091 67 26 visat,
532 1093 34 20 att
589 1091 40 22 der
652 1099 53 14 man
727 1091 21 28 ej
766 1091 101 28 vidtagit

118 1127 74 28 några
210 1125 108 29 åtgärder
341 1125 37 21 till
397 1125 90 22 förmån
507 1126 36 21 för
559 1126 97 28 frigifna
671 1126 88 29 fångar,
776 1133 28 14 en
821 1127 48 20 stor

118 1161 39 21 del
179 1160 25 21 af
224 1160 52 21 dem
300 1160 62 21 inom
385 1160 53 21 kort
460 1160 36 21 tid
519 1161 123 22 återvändt
666 1161 37 21 till
718 1160 156 29 fängelserna.

119 1195 55 22 Med
196 1195 51 21 skäl
269 1195 46 21 kan
338 1195 138 28 visserligen
498 1195 122 22 anmärkas
643 1198 35 19 att
700 1196 85 28 många
799 1195 72 22 bland

121 1230 58 27 dem,
201 1229 82 22 hvilka
304 1229 93 28 engång
419 1229 93 22 beträdt
526 1229 100 22 brottets
645 1230 53 28 stig,
715 1230 51 21 icke
783 1237 40 14 ens
839 1236 37 21 ge-

121 1271 54 15 nom
197 1263 28 22 de
248 1263 159 29 allvarligaste
430 1264 161 22 bemödanden
611 1265 36 21 stå
662 1267 35 19 att
711 1264 79 22 rädda.
821 1263 54 22 Men

121 1302 56 20 utan
192 1298 85 22 tvifvel
291 1299 75 21 finnas
382 1299 60 21 dock
457 1300 79 28 några,
552 1299 88 29 hvilka,
656 1299 30 22 då
697 1300 27 21 de
736 1300 73 20 första
819 1299 56 28 gån-

121 1342 46 21 gen
188 1334 77 21 lemna
281 1333 123 29 fängelset,
422 1337 57 25 göra
494 1334 40 21 det
549 1334 53 22 med
616 1334 28 22 de
660 1334 67 22 bästa
742 1334 130 24 föresatser,

123 1368 44 22 och
182 1368 117 22 dessutom
315 1371 24 18 är
353 1370 85 19 största
454 1368 68 22 delen
537 1369 26 21 af
576 1369 131 28 förbrytare
723 1368 74 22 under
809 1368 68 28 tjugu

124 1404 25 21 år
172 1407 61 17 ännu
256 1402 7 21 i
286 1402 82 22 sådant
391 1402 227 29 utvecklingsskede,
635 1405 35 19 att
691 1402 153 29 möjligheten
853 1402 22 21 af
