1061 1717
221 94 12 21 2
423 93 239 23 Petitionsbetänkande
676 94 40 22 N:o
731 92 35 23 51.

261 158 85 28 Frägan
362 165 34 16 om
413 159 60 22 säväl
489 160 27 21 de
533 159 142 22 döfstummes
691 165 46 15 som
753 158 71 28 öfriga
833 158 106 22 abnorma

189 194 66 22 barns
263 194 53 22 värd
324 194 40 22 och
371 194 157 28 undervisning
535 200 38 16 var
581 195 67 21 redan
656 194 36 22 vid
700 196 87 20 senaste
794 194 105 27 landtdag
906 193 32 22 fö-

189 229 68 22 remäl
267 229 34 22 för
311 229 133 23 Ständernas
455 230 138 26 behandling.
609 230 39 22 Uti
658 236 27 16 en
694 230 34 21 till
735 230 167 21 Presteständet
907 229 31 21 in-

188 265 88 21 lemnad
283 266 93 26 petition
384 266 96 27 föreslog
487 266 51 22 herr
545 266 133 22 Fredrikson
685 266 66 21 bland
757 267 74 26 annat,
838 267 48 26 ,,att
892 271 18 15 s.
916 264 21 22 k.

188 300 166 23 abnormskolor
376 301 48 22 dels
442 302 51 22 med
511 300 67 23 finskt
593 301 47 22 dels
656 301 49 22 med
720 301 91 22 svenskt
825 300 113 22 undervis-

188 336 132 28 ningsspräk
335 337 70 22 skulle
421 337 94 22 inrättas
530 337 35 21 till
581 337 37 21 det
632 336 67 28 antal,
710 338 34 20 att
754 336 65 28 ingen
829 336 25 22 af
862 336 36 22 vid
906 336 32 21 lä-

188 372 102 22 roäldern
312 373 94 21 varande
429 372 140 28 döfstumma,
592 372 75 22 blinda
689 372 54 22 eller
761 372 178 26 förständssvaga

187 413 105 22 personer
306 407 92 23 behöfde
414 408 69 22 sakna
497 408 90 22 tillfälle
599 408 35 21 till
650 408 42 22 den
702 407 157 28 undervisning
869 408 8 21 i
884 407 53 21 bok-

187 443 88 28 läsning
297 444 40 21 och
360 444 144 27 kristendom,
525 450 49 16 som
597 443 139 28 Kyrkolagen
759 444 90 27 stadgar
865 444 72 21 säsom

187 479 75 27 hvarje
277 479 245 28 församlingsmedlems
536 479 56 22 både
607 479 106 28 rättighet
729 479 40 22 och
781 479 78 27 pligt.'*
882 479 10 21 I
900 479 38 21 det

186 514 146 28 betänkande,
348 521 46 16 som
410 515 117 22 Allmänna
541 515 202 22 Besvärsutskottet
758 515 7 21 i
781 514 118 27 anledning
915 513 25 22 af

187 550 81 21 nämda
295 550 187 28 petitionsförslag
509 550 65 28 afgaf,
597 550 159 22 understöddes
778 550 159 27 petitionärens

186 585 83 28 förslag
293 586 56 21 dock
374 586 78 22 endast
478 586 8 21 i
512 586 101 22 afseende
636 587 13 21 &
669 586 116 27 idioterna,
809 586 40 21 och
865 586 29 21 då
903 587 34 20 tre

187 621 65 22 stånd
275 621 114 27 godkände
412 622 121 21 utskottets
555 621 146 28 betänkande,
720 621 74 22 förföll
809 621 76 28 frågan
901 627 35 15 om

187 656 162 23 förbättrandet
364 657 24 22 af
402 657 60 22 såväl
478 658 27 21 de
520 657 86 22 blindes
622 663 46 16 som
679 657 143 22 döfstummes
832 657 54 21 vård
897 657 40 21 och

187 692 157 28 undervisning
366 692 34 22 för
421 693 72 22 denna
512 694 63 26 gång.
606 692 160 22 Hufvudskälet
781 692 56 22 först
852 692 34 21 till
902 693 35 20 ut-

187 727 96 22 skottets
299 727 39 22 och
349 728 67 21 sedan
425 728 126 27 antagligen
559 728 35 22 till
602 727 133 23 Ständernas
743 727 147 28 nyssnämnda
899 727 37 22 be-

187 763 46 22 slut
255 763 36 27 läg
315 763 53 28 deri,
391 765 35 20 att
445 770 51 15 man
515 765 68 26 ansäg
601 765 34 20 att
654 764 26 21 de
696 763 33 22 för
744 763 75 22 blinde
834 763 40 22 och
890 762 47 23 döf-

187 800 95 21 stumme
304 799 68 22 redan
395 799 111 22 inrättade
528 799 63 22 värd-
612 799 40 22 och
673 799 194 22 läro-anstalterna
886 798 52 21 fullt

186 833 164 23 tillfredställde
366 834 38 22 det
417 834 215 23 förhandenvarande
648 834 108 22 behofvet.

260 869 43 22 Vid
331 870 72 21 denna
428 870 106 27 landtdag
559 870 40 21 har
625 876 83 15 samma
733 870 62 27 fräga
820 869 117 22 framträdt

186 905 7 21 i
221 911 28 16 en
278 905 86 27 mycket
392 905 123 28 begränsad
540 905 63 22 form.
636 905 159 28 Föreliggande
820 905 116 27 petitions-

186 940 114 22 memorial
315 940 91 23 föreslår
422 941 84 27 endast,
522 942 34 21 att
571 947 50 15 man
636 941 37 21 vid
690 940 86 27 Kuopio
791 940 146 22 döfstumsan-

186 975 55 23 stalt
255 975 68 22 borde
342 975 81 23 bereda
438 978 71 20 större
524 976 94 27 tillfälle,
633 978 28 19 än
677 975 116 28 tillförene,
809 975 34 22 för
859 975 77 28 fattige

185 1011 72 22 elever
280 1013 33 20 att
336 1011 63 28 njuta
422 1012 129 27 erforderlig
570 1012 53 21 värd
644 1012 40 21 och
700 1011 162 28 undervisning.
893 1011 43 22 För

185 1046 135 28 granskning
342 1047 24 22 af
384 1047 62 22 detta
464 1047 83 27 förslag
565 1047 39 22 har
620 1047 109 22 utskottet
744 1047 51 22 sökt
810 1046 128 23 införskaffa

185 1082 118 27 utredning
326 1088 35 15 om
381 1082 75 22 hvilka
476 1083 77 26 anslag
573 1083 24 21 af
613 1082 132 22 Statsmedel
763 1082 8 21 i
786 1082 87 22 landets
888 1082 47 22 döf-

185 1118 146 21 stumsskolor
355 1118 144 22 öfverhufvud
522 1118 34 22 för
576 1119 134 21 närvarande
726 1117 84 28 årligen
825 1118 111 21 användas

184 1153 35 22 till
235 1153 63 22 detta
312 1153 109 22 ändamäl.
452 1153 76 28 Enligt
542 1154 99 21 erhällna
656 1153 111 28 uppgifter
782 1153 97 27 ätnjuter
889 1153 47 22 döf-

185 1189 150 22 stumsskolan
350 1189 7 21 i
372 1189 87 27 Kuopio
475 1189 34 22 för
524 1189 134 22 närvarande
673 1191 33 20 ett
721 1188 66 27 ärligt
802 1187 135 28 statsbidrag

184 1223 25 22 af
229 1224 46 22 550
298 1224 62 21 mark
384 1224 34 21 för
438 1224 141 22 anskaffande
594 1224 24 21 af
631 1224 78 22 bostad
725 1224 40 21 och
781 1223 116 28 uppehälle
913 1225 24 20 ät

185 1259 120 22 medellöse
326 1259 78 22 elever.
435 1254 48 27 Åbo
499 1260 171 21 döfstumsskola
685 1260 84 27 uppbär
784 1259 75 28 hvarje
875 1261 24 20 är
914 1259 24 22 af

184 1295 130 22 statsmedel
333 1296 68 26 4,000
416 1296 63 21 mark
494 1296 34 22 för
543 1301 84 16 samma
641 1296 101 21 ändamål
758 1296 40 21 och
814 1295 70 27 ärliga
896 1302 40 14 un-

185 1331 113 22 derstödet
321 1332 24 20 ät
367 1331 134 22 Jakobstads
525 1332 113 21 enahanda
656 1331 130 21 läroanstalt
801 1331 85 27 uppgär
901 1330 35 22 till

184 1366 67 27 2,000
266 1366 70 27 mark,
351 1366 73 22 afsedt
440 1367 34 21 till
489 1367 54 27 hyra
557 1366 36 22 för
606 1366 115 26 skollokal,
737 1366 36 22 till
788 1366 94 28 bränsle,
889 1366 46 27 lyse

183 1402 41 21 och
239 1400 96 32 aflöning
349 1400 26 23 af
382 1402 142 22 läkaresamt
536 1402 36 22 till
587 1402 115 22 underhåll
717 1402 24 21 af
761 1401 81 28 fattiga
857 1401 78 22 elever.

183 1436 103 28 Derimot
303 1437 63 22 torde
382 1437 218 27 döfstumsanstalten
616 1438 7 21 i
638 1437 72 27 Borgä
725 1437 48 22 icke
789 1437 87 27 ätnjuta
890 1439 45 19 sär-

255 1479 107 24 Allmänna
377 1479 185 24 Besvärsutskottets
577 1480 117 20 betänkande
709 1480 38 20 N:o
763 1478 34 22 31.
