1061 1717
326 81 239 23 Petitionsbetänkande
581 81 36 23 N:o
635 81 18 23 1.
807 83 30 21 49

115 148 96 20 säkerhet
234 151 43 17 tror
300 149 66 20 skulle
389 148 81 20 komma
493 151 31 17 att
546 149 50 19 bära
617 149 39 25 sig,
672 155 61 14 anser
745 148 38 26 jag
798 148 35 20 det
848 149 19 25 ej

114 185 51 13 vara
184 180 54 18 orätt
253 180 31 18 att
299 181 48 23 taga
362 179 40 19 den
418 178 7 20 i
441 178 81 21 försvar
537 181 106 23 gentemot
658 178 65 20 andra
737 179 70 20 banor.

189 208 40 20 Om
251 214 26 14 en
297 208 89 26 jernväg
406 208 68 20 skulle
490 209 86 26 byggas,
592 208 138 26 begynnande
746 208 36 20 vid
797 208 70 20 Seinä-

113 238 45 25 joki
182 234 136 31 (Östermyra)
341 238 77 20 station
437 238 59 27 (eller
510 238 81 20 kanske
606 238 64 20 hellre
686 239 27 25 på
729 238 64 20 andra
808 238 59 20 sidan

115 274 32 14 om
169 268 113 26 Kyrösjoki
304 268 43 26 bro,
362 268 33 20 för
410 270 32 18 att
457 268 93 20 undvika
565 270 67 18 större
647 268 166 26 brobyggnader)
830 268 37 20 och

115 298 94 20 slutande
233 298 7 18 i
262 298 147 26 Kristinestad,
433 298 68 20 skulle
524 298 69 20 denna
607 298 54 20 bana
676 297 71 26 åtfölja
762 297 105 26 Ilmajokis

116 328 47 20 hela
177 328 52 25 lopp,
246 327 47 21 dess
309 328 61 20 trafik
386 328 67 20 skulle
469 328 82 19 komma
561 330 32 18 att
603 328 133 20 underhällas
747 327 22 20 af
777 327 89 26 följande

114 357 96 20 socknar:
227 357 99 26 Ilmajoki,
341 357 103 27 Kurikka,
460 358 119 25 Jalasjärvi,
587 357 119 26 Kauhajoki
721 358 38 19 och
767 357 99 25 Karijoki.

115 387 67 19 Dessa
205 390 34 17 äro
263 387 62 20 bland
341 387 115 20 Findlands
471 387 122 20 folkrikaste
609 387 94 26 socknar,
718 387 83 20 hvilkas
815 387 52 20 folk-

113 416 81 26 mängd,
217 417 32 20 väl
274 419 31 18 att
326 417 76 26 märka,
418 416 94 21 befinner
527 417 33 26 sig
575 417 7 20 i
598 418 64 19 snabb
678 417 88 26 tillväxt,
781 417 86 20 likasom

115 446 61 26 äfyen
199 447 60 20 deras
282 447 70 26 odling
375 447 65 26 stiger
456 447 6 20 i
478 447 51 26 följd
545 447 23 20 af
581 447 130 20 vidsträckta
725 447 142 20 kärrmarkers

115 476 105 25 rödjande.
251 477 33 20 Dä
303 477 35 20 det
353 477 55 20 varit
422 477 82 26 vanligt
520 479 31 18 att
566 477 36 20 vid
617 477 144 26 uppgörandet
777 476 23 20 af
810 477 57 25 jern-

114 506 144 25 vägsstatistik
278 507 65 20 räkna
357 506 148 26 folkmängden
521 508 26 25 pä
563 513 26 14 en
604 507 84 20 sträcka
704 506 22 20 af
739 508 36 19 två
790 507 36 19 mil
841 508 26 24 pä

113 535 102 21 hvardera
238 536 59 20 sidan
318 543 32 13 om
365 537 75 25 banan,
456 537 23 19 sä
495 540 43 16 tror
551 537 38 25 jag
604 539 31 17 att
650 543 48 13 man
713 537 18 25 ej
748 536 36 20 vid
799 537 68 24 nägon

114 572 67 13 annan
196 565 115 26 föreslagen
327 567 57 26 bana,
401 566 81 26 knappt
498 567 35 19 vid
549 567 68 25 nägon
633 566 56 20 förut
704 566 76 26 byggd,
796 565 33 20 fär
844 567 23 19 sä

113 595 41 26 hög
176 595 119 26 folkmängd
317 597 26 25 pä
365 596 67 25 milen,
457 595 44 21 ifall
521 596 17 25 ej
556 599 66 17 större
638 596 70 20 städer
723 599 59 22 tagas
797 595 48 20 med
861 595 6 20 i

115 625 141 21 betraktande.

187 661 119 20 Lemnande
327 662 67 19 denna
413 663 56 24 gäng
485 662 27 19 all
525 662 117 25 jemförelse
658 662 46 19 med
720 661 65 20 andra
801 661 22 20 af
836 668 30 13 re-

113 690 72 26 ringen
209 691 49 20 eller
281 691 93 20 enskilda
397 691 36 21 vid
457 691 69 20 denna
548 691 101 26 landtdag
672 691 116 26 föreslagna
803 691 64 20 banor

113 720 94 27 derhäns,
223 721 32 20 fär
268 721 37 26 jag
321 721 117 26 ödmjukast
454 721 91 20 anhälla:

292 782 29 18 att
342 780 96 20 bibanan”
448 781 50 24 från
517 781 58 19 Wasa
587 781 83 24 jernväg
687 781 31 19 till
734 779 133 21 Kristinestad

257 810 60 19 skulle
333 811 78 24 intagas
426 811 8 18 i
452 810 75 20 landets
543 811 101 19 allmänna
656 811 138 24 jernvägsnät;

285 840 32 19 och
334 841 29 18 att
378 840 62 19 denna
456 840 52 19 bana
524 841 61 19 skulle
600 840 72 25 byggas
688 840 41 19 med
744 841 71 18 statens
829 845 37 13 me-

256 870 34 24 del,
307 870 22 19 så
344 871 56 18 snart
415 876 40 13 som
471 870 188 25 omständigheterna
674 870 30 19 det
720 870 71 20 tillåta.

189 935 156 25 Helsingfors,
362 935 35 20 den
414 936 30 19 26
460 935 89 20 Januari
566 936 62 19 1885.

585 992 101 22 Kaabriel
702 991 89 23 Anttila.

472 1105 34 22 16.

189 1154 56 21 Från
269 1154 183 27 Borgareståndet
476 1161 28 14 en
531 1154 92 27 petition
645 1160 35 15 om
696 1155 39 26 att,
753 1152 114 27 samtidigt

115 1195 45 16 som
182 1185 204 31 Östermyra—G:la
401 1189 97 27 Karleby
512 1189 91 27 jernväg
618 1189 89 27 utföres,
724 1189 79 21 bibana
818 1187 48 22 från

115 1225 126 21 densamma
264 1226 68 20 måtte
355 1225 80 26 byggas
459 1225 36 20 till
517 1225 128 27 Nykarleby,
663 1224 94 27 ingifven
773 1223 24 22 af
811 1224 56 21 Herr

115 1255 24 20 F.
156 1255 32 20 W.
205 1255 111 26 Sundvall,
332 1255 87 20 hvilken
436 1255 6 20 i
460 1254 162 27 originalskrift
637 1257 25 18 är
678 1254 127 27 sälydande:

272 1315 49 19 Till
336 1314 138 26 Vällofliga
490 1315 218 25 Borgareståndet.

188 1368 11 20 I
215 1368 36 20 sitt
267 1375 47 14 svar
329 1369 27 25 på
370 1368 60 20 Hans
446 1368 119 26 Kejserliga
581 1369 107 25 Majestäts
704 1368 75 26 nådiga
794 1374 73 20 propo-

114 1398 61 20 sition
191 1398 105 26 angående
311 1398 71 20 vidare
390 1398 201 26 jernvägsbyggnad
602 1398 6 20 i
618 1398 70 20 landet
699 1401 56 23 yttra
765 1398 33 26 sig
810 1398 57 20 1882

115 1429 33 18 års
163 1428 84 20 ständer
263 1428 105 25 angående
384 1428 40 19 den
439 1434 29 13 nu
485 1428 67 19 under
568 1428 97 26 byggnad
681 1428 90 20 varande
787 1428 80 19 sträck-

192 1470 194 24 Jernvägsutskottets
402 1469 120 20 betänkande
537 1470 37 19 N:o
591 1470 16 19 3.
785 1468 12 17 4
