1061 1717
308 90 240 23 Petitionsbetänkande
564 90 36 24 N:o
617 90 21 22 3.
838 91 14 21 9

96 155 78 22 landen
192 162 62 21 synes
270 157 40 21 ock
326 157 137 21 Tavastehus
478 157 184 28 Normallyceum,
680 158 68 21 ehuru
765 159 33 20 ett
809 157 42 21 för-

95 189 92 29 träffligt
201 192 99 22 läroverk
323 194 73 20 såsom
418 193 86 27 sådant,
521 199 52 15 vara
592 194 28 26 på
636 195 41 25 väg
693 195 34 20 att
741 193 68 21 blifva
825 199 26 15 en

96 227 120 27 lyxartikel,
232 234 47 16 som
295 228 48 22 icke
359 229 43 21 kan
420 228 52 28 fylla
489 229 34 21 sin
539 228 87 28 uppgift
642 230 34 20 att
692 231 78 25 utgöra
781 235 26 15 en
818 231 34 19 ut-

95 262 194 29 bildningsanstalt
305 264 34 22 för
353 264 112 22 blifvande
482 265 78 21 lärare.

167 300 43 21 För
225 299 67 28 öfrigt
307 302 24 19 är
348 301 38 21 det
402 300 94 28 faktum,
512 303 34 19 att
564 300 233 22 lärarekandidaterne
813 300 40 22 allt

96 342 59 15 mera
170 336 99 26 begynna
284 335 115 29 föredraga
416 336 228 27 universitetsstaden,
656 336 73 22 likaså
739 336 114 27 naturligt,

96 377 47 16 som
159 372 37 21 det
211 373 25 19 är
251 372 125 21 önskvärdt.
410 372 45 22 Det
478 372 83 28 rörliga
585 372 63 22 lifvet
669 372 6 21 i
692 372 161 22 hufvudstaden

97 408 39 20 och
153 408 26 21 de
194 408 79 27 många
289 408 70 22 medel
376 408 39 22 och
432 408 104 22 tillfällen
552 408 35 22 till
602 408 153 27 vetenskaplig
771 408 80 21 utbild-

97 443 58 28 ning,
172 444 112 21 derstädes
301 445 34 20 stå
351 444 34 21 till
400 444 64 27 buds,
480 445 71 22 måste
567 445 39 21 hos
623 445 27 21 de
666 451 57 20 unge
739 445 68 20 väcka
818 444 31 21 in-

96 481 70 20 tresse
188 479 34 22 för
245 479 70 22 ideela
338 480 140 22 sträfvanden
501 481 58 21 inom
576 480 60 22 såväl
653 481 37 21 det
705 480 82 22 sociala
803 486 47 15 som

97 515 157 27 vetenskapens
271 516 95 27 område,
383 516 40 21 och
440 516 60 21 klart
516 519 25 18 är
556 518 33 19 att
605 517 66 21 dessa
687 515 140 22 sträfvanden
844 516 6 21 i

97 557 83 15 samma
196 557 50 15 mon
261 551 66 22 vinna
343 551 6 22 i
366 551 88 28 fasthet,
471 558 47 15 som
535 553 26 21 de
577 552 23 21 få
615 553 61 20 rotas
692 552 40 21 och
751 551 101 22 utveckla

98 586 39 27 sig.
169 581 102 33 Önskligt
285 589 25 20 är
326 587 92 28 derföre,
436 589 34 20 att
488 587 64 22 äfven
570 588 33 27 de,
620 594 47 15 som
684 594 53 15 erna
753 594 54 21 egna
819 587 33 26 sig

98 623 23 20 åt
136 622 145 28 lärarekallet,
299 623 68 22 under
383 623 34 22 sin
433 623 108 22 studietid
558 623 22 22 få
595 623 118 27 uppehålla
728 623 34 27 sig
778 623 6 21 i
800 623 52 21 Hel-

97 658 104 28 singfors;
225 659 28 21 då
276 659 124 22 sedermera
426 660 26 21 de
476 659 63 22 fleste
563 659 24 22 af
608 659 50 22 dem
680 658 123 28 öfverflytta
818 658 34 21 till

97 694 158 27 landsbygdens
271 695 91 27 stillbet,
378 695 91 22 hvarest
485 695 127 27 isynnerhet
628 695 42 22 den
688 694 165 27 vetenskapliga

98 731 165 21 verksamheten
287 731 39 21 har
349 733 33 19 att
398 731 80 26 kämpa
497 733 47 19 mot
560 732 25 20 så
600 732 80 25 många
696 730 84 27 hinder,
797 729 56 22 skall

99 767 37 21 det
157 766 92 22 ofelbart
269 767 66 21 lända
358 767 48 21 dem
431 767 35 21 till
488 766 77 27 fördel,
582 768 33 20 att
630 765 66 22 bafva
711 766 99 27 tillbragt
826 771 26 16 en

98 803 25 20 så
139 804 45 19 stor
199 802 35 22 del
251 803 24 20 af
289 803 33 21 sin
338 802 106 22 studietid
468 809 50 15 som
535 802 86 27 möjligt
638 802 5 21 i
661 802 37 21 det
714 801 89 27 andliga
818 801 35 21 lif-

99 840 47 19 vets
162 840 104 19 centrum.
298 838 10 21 I
332 839 60 21 detta
417 837 106 22 afseende
546 837 82 22 förmår
651 837 134 22 Tavastehus
805 837 49 21 med

99 874 50 21 dess
164 874 88 21 relativt
267 874 126 27 obetydliga
408 873 109 22 bibliotek
534 874 40 21 och
590 873 71 27 öfriga
677 873 119 27 samlingar
806 873 48 21 icke

98 909 160 22 tillfredsställa
281 916 38 16 ens
335 911 27 20 de
378 910 139 27 måttligaste
533 909 96 27 anspråk
646 921 29 3 —
690 909 110 21 utskottet
815 908 40 21 har

98 945 109 28 nämligen
231 946 48 21 icke
302 946 84 21 kunnat
409 946 120 27 godkänna
553 946 27 21 de
600 945 23 22 af
638 945 167 27 öfverstyrelsen
822 943 33 22 för

99 981 154 22 skolväsendet
269 982 5 21 i
291 982 114 21 utlåtande
420 981 24 22 af
459 982 43 21 den
514 981 28 22 25
553 981 122 22 November
687 981 58 21 1880
756 980 99 21 uttalade

99 1017 82 27 åsigter
196 1030 29 3 —
241 1018 40 21 och
305 1018 74 21 säkert
404 1020 24 19 är
452 1019 34 20 att
500 1018 49 26 just
565 1018 63 21 dessa
644 1016 188 27 omständigheter
848 1016 7 21 i

101 1053 98 27 förening
215 1053 49 22 med
281 1054 26 21 de
323 1055 79 26 många
426 1053 105 22 tillfällen
556 1053 34 21 till
614 1052 88 28 förvärf,
717 1051 138 27 Helsingfors

100 1089 107 27 erbjuder,
223 1091 55 25 väga
293 1091 76 26 tyngre
386 1089 6 21 i
409 1089 128 27 vågskålen,
553 1091 28 19 än
598 1089 42 21 den
651 1088 108 27 föregifna
770 1088 86 26 ringare

99 1124 207 23 lefnadskostnaden
323 1125 6 21 i
346 1125 142 22 Tavastehus.
522 1125 35 21 Då
573 1124 86 22 derföre
678 1123 178 22 lärarekandida-

100 1163 73 19 ternes
188 1167 54 20 egen
258 1160 149 22 välförstådda
422 1160 71 22 fördel
510 1161 78 26 bjuder
604 1161 48 20 dem
668 1161 33 20 att
711 1159 68 22 vistas
791 1159 7 21 i
809 1159 47 21 uni-

99 1196 181 21 versitetsstaden
304 1199 57 19 samt
384 1196 158 22 erfarenheten
559 1196 82 27 jämväl
658 1196 67 21 redan
741 1194 64 28 gifvit
820 1194 36 21 vid

101 1232 85 21 handen
202 1233 33 20 att
251 1232 27 21 de
294 1233 25 20 så
341 1233 53 26 godt
418 1239 46 14 som
481 1233 49 21 helt
546 1233 39 20 och
600 1232 70 21 hållet
685 1231 99 27 begynna
799 1229 58 27 välja

102 1268 71 21 denna
196 1269 41 27 ort,
258 1274 51 15 vore
332 1268 38 21 det
394 1268 70 27 enligt
487 1268 122 21 utskottets
634 1267 58 27 åsigt
715 1267 6 20 i
745 1267 44 26 hög
803 1266 54 27 grad

102 1304 120 27 olämpligt,
238 1305 34 20 att
287 1304 53 21 söka
355 1304 111 22 bibehålla
482 1310 28 16 en
528 1304 105 26 ställning
649 1303 58 21 inom
731 1304 52 20 våra
800 1302 57 21 skol-

101 1340 160 27 förhållanden,
277 1345 47 16 som
340 1342 24 19 är
380 1340 58 21 falsk
454 1340 40 21 och
512 1341 29 25 på
556 1340 93 26 längden
661 1339 79 21 varder
751 1337 105 22 ohållbar.

173 1375 50 22 Men
246 1382 35 15 om
307 1376 84 21 således
410 1375 50 27 föga
476 1376 51 20 skäl
543 1375 124 27 förefinnes,
684 1376 34 20 att
734 1374 54 21 söka
803 1379 54 21 upp-

101 1411 104 21 rätthålla
221 1412 37 21 det
273 1411 24 22 af
310 1412 72 21 Baron
397 1418 42 14 von
455 1411 91 21 Kothen
559 1411 7 21 i
577 1411 61 21 tiden
652 1410 145 22 framkallade
809 1409 48 21 sak-

102 1447 65 27 läget,
184 1453 63 21 synes
272 1448 43 26 det,
331 1453 46 15 som
402 1447 71 21 skulle
498 1453 28 15 en
550 1446 127 26 förändring
699 1445 24 22 af
737 1446 121 21 detsamma

169 1489 106 20 Allmänna
290 1490 186 19 Besvärsutskottets
493 1489 119 19 betänkande
627 1489 37 20 N:o
681 1489 20 19 2.
