1061 1717
231 108 14 20 4
271 101 17 38 —
297 108 79 22 Ständ.
392 108 51 22 Pet.
461 120 23 4 —
502 106 270 24 Petitionsbetänkande
787 106 42 22 N:o
844 105 18 21 1.

202 172 76 26 Kides,
301 172 49 26 med
372 172 86 22 bibanor
481 172 32 22 till
528 172 103 22 Harakka
646 171 133 28 lastageplats
794 170 7 21 i
817 170 101 22 närheten
934 170 24 21 af

205 206 121 22 Wuoksens
349 207 72 28 utlopp
444 206 45 22 från
512 206 72 22 Saima
598 206 39 22 och
653 206 33 22 till
700 204 154 29 Lahdenpohja
869 204 63 22 hamn
948 204 7 21 i

203 240 157 23 Jaakimvaara.

271 275 13 21 I
299 275 36 22 tvä
349 274 23 22 af
384 275 138 22 förenämnda
537 274 208 29 petitionsmemorial
760 273 126 22 framställes
894 273 61 21 emel-

201 308 63 23 lertid
291 317 25 13 en
339 309 63 28 något
423 309 113 22 afvikande
559 309 99 28 riktning.
687 308 60 22 Båda
770 308 186 22 öfverensstämma

204 343 51 26 deri,
279 345 31 20 att
332 344 68 21 banan
422 344 64 21 borde
508 344 58 22 ledas
581 343 46 22 frän
642 343 91 28 Wiborg
748 342 59 22 öfver
821 342 86 22 Jääskis
923 341 32 22 till

202 378 65 21 hamn
283 377 36 23 vid
333 378 92 29 Ladoga,
441 386 49 14 men
505 378 72 22 afvika
592 377 127 23 beträffande
736 377 76 21 liniens
822 376 134 28 fortsättning

203 414 80 21 norrut.

271 447 13 21 I
305 447 36 22 det
363 455 40 14 ena
424 447 233 29 petitionsmemorialet
676 446 87 22 föreslås
785 454 26 14 en
827 445 127 29 sträckning,

202 489 45 14 som
262 481 7 21 i
286 481 116 29 möjligaste
424 481 50 22 mån
488 482 69 21 skulle
573 486 72 17 närma
660 481 32 28 sig
707 481 116 22 Sordavala
838 481 38 21 och
891 480 64 22 sedan

202 515 74 28 dragas
297 523 76 21 genom
394 516 80 22 midten
489 516 23 22 af
525 517 94 20 Karelen
635 516 59 22 öfver
709 515 114 26 Ruskeala,
840 514 114 29 Pelkjärvi,

202 550 103 22 Wärtsilä
320 551 54 21 bruk
389 551 39 21 och
443 551 171 28 Kihtelysvaara.

271 585 13 20 I
299 585 36 22 det
349 585 65 22 andra
428 585 46 22 åter
488 585 87 22 föreslås
590 593 25 13 en
631 585 65 22 sådan
711 584 126 28 sträckning,
847 586 31 20 att
885 584 70 28 Pyhä-

198 617 67 29 järvis
288 619 61 21 södra
370 619 72 22 strand
465 619 68 22 skulle
555 620 83 21 beröras
654 619 38 22 och
707 619 64 22 sedan
787 619 41 21 den
845 619 56 22 förut
916 627 36 13 un-

203 653 98 22 dersökta
316 653 66 22 linien
398 653 66 29 följas.

271 687 119 22 Ständerna
404 687 65 23 hafva
483 688 47 21 icke
545 690 51 20 trott
610 688 32 28 sig
657 688 72 22 kunna
737 687 33 23 till
781 687 112 29 afgörande
903 695 52 21 upp-

201 723 48 26 taga
272 721 87 22 hvilken
382 721 23 22 af
426 722 25 21 de
467 722 116 29 föreslagna
603 722 172 29 sträckningarne
793 730 49 14 vore
857 724 30 20 att
901 721 53 22 före-

200 755 71 28 draga,
295 764 48 13 men
367 756 63 22 hafva
453 757 53 21 dock
528 759 68 20 ansett
619 757 35 22 det
669 765 49 14 vara
734 757 34 22 väl
783 757 126 22 motiveradt
923 759 31 19 att

200 789 67 22 linien
291 791 73 28 drages
387 791 45 22 från
456 791 89 29 Wiborg
567 792 33 21 till
622 791 93 26 Jääskis,
731 791 36 22 der
783 791 40 22 den
839 791 67 22 skulle
922 799 32 14 er-

200 824 64 28 bjuda
280 833 26 13 en
321 825 213 29 anknytningspunkt
549 826 48 21 med
612 827 123 20 Wuoksens
744 826 154 21 karaliserbara
912 825 40 27 del,

199 858 40 21 och
255 859 91 22 derifrän
362 859 82 22 direkte
459 860 33 22 till
507 860 86 29 lämplig
607 861 120 28 hamnplats
742 860 37 22 vid
789 860 96 28 Ladogas
892 868 62 14 norra

199 893 52 21 eller
276 893 122 23 nordvestra
413 894 57 26 kust,
486 902 44 14 som
545 902 75 21 genom
636 895 78 21 ordnad
730 894 119 29 skeppsfart
864 894 88 22 förmed-

200 927 31 21 lar
246 935 27 14 en
289 927 129 29 betydligare
434 929 62 21 trafik
511 929 89 21 emellan
615 929 96 22 Karelen
726 929 39 21 och
780 929 112 28 Ryssland.

268 961 115 23 Huruvida
412 963 41 21 den
479 963 111 28 vestligaro
612 963 52 22 eller
686 963 97 28 ostligare
806 963 148 28 sträckningen

198 1003 43 21 upp
257 996 34 21 till
305 997 98 22 Joensuu
418 1001 23 17 är
456 999 31 20 att
501 997 116 29 föredraga,
633 997 67 22 mäste
716 998 48 21 bero
773 997 27 29 pä
810 1001 95 18 närmare
916 1005 38 14 un-

199 1029 135 30 dersökning.

268 1064 44 22 För
327 1065 40 22 den
384 1066 74 27 ostliga
473 1066 147 28 sträckningen
636 1067 58 25 talar,
711 1067 30 21 att
757 1066 40 21 den
813 1068 50 20 utan
879 1070 73 24 gensä-

197 1095 58 31 gelse
278 1107 94 20 passerar
394 1099 114 23 folkrikare
533 1101 79 21 trakter
633 1101 39 21 och
695 1105 50 17 nära
761 1101 61 21 berör
837 1100 117 28 betydande

197 1132 134 23 industriella
347 1134 155 29 anläggningar.
533 1135 46 22 Mot
593 1135 40 21 den
649 1135 89 28 vestliga
753 1135 42 21 kan
810 1135 49 20 med
874 1134 34 28 fog
923 1139 29 17 sä-

197 1174 44 21 gas,
265 1169 31 20 att
318 1168 41 21 den
382 1171 75 19 nästan
479 1168 27 29 pä
528 1169 47 21 hela
596 1169 32 21 sin
644 1169 83 22 sträcka
741 1168 71 22 alltför
827 1173 50 17 nära
892 1168 61 29 följer

196 1201 159 29 vattendragen,
380 1210 48 14 men
450 1202 32 22 till
504 1202 83 22 förmån
608 1203 33 22 för
663 1204 122 21 densamma
801 1203 50 26 åter,
868 1205 30 20 att
912 1203 41 21 den

205 1236 119 28 antagligen
341 1236 40 22 blir
395 1236 95 29 billigare
506 1239 30 20 att
551 1237 74 22 utföra.

263 1339 51 21 Med
336 1339 59 22 bifall
417 1340 33 22 till
473 1340 128 22 Ständernas
617 1341 35 21 vid
668 1342 82 20 senaste
765 1340 100 28 landtdag
875 1340 71 22 derom

196 1372 73 28 gjorda
292 1373 144 29 underdäniga
451 1374 98 22 anhällan
563 1375 37 21 har
615 1375 85 21 Eders
719 1374 160 29 Kejserliga
899 1375 54 21 Ma-

192 1406 88 29 jestät
304 1407 78 29 tillätit,
406 1410 31 21 att
452 1408 24 23 af
488 1410 106 21 allmänna
608 1409 124 23 statsmedel
747 1416 26 14 en
789 1409 125 22 subvention
930 1410 23 22 af
