1061 1717
270 105 240 23 Petitionsbetänkande
526 106 39 22 N:o
582 105 19 23 7.
786 106 27 22 15

92 166 68 21 rande
183 166 40 21 och
245 166 70 22 under
330 166 114 22 obestämd
462 166 96 27 tidrymd
580 166 102 22 förblifva
699 166 106 28 prisgifna
821 166 24 21 åt

92 202 96 21 vanvård
204 202 40 21 och
259 202 85 22 elände.

162 237 11 21 I
188 237 155 27 hufvudsaklig
358 236 226 24 öfverensstämmelse
599 238 51 22 med
660 238 147 27 petitionären
817 237 28 21 hr

92 273 125 22 Hollmerus
235 273 32 21 får
280 273 39 27 jag
334 272 86 23 derföre
436 273 95 28 förorda,
547 275 34 20 att
596 274 118 22 ständerne
729 273 50 22 ville
795 273 7 21 i
818 279 27 15 en

93 309 135 27 underdånig
242 309 93 27 petition
351 308 35 22 till
401 309 27 21 H.
445 309 27 21 K.
488 309 30 22 M.
534 309 88 21 anhålla

269 346 33 20 att
320 344 42 22 den
377 344 29 28 af
416 344 129 22 Ständerna
560 344 37 22 vid
613 344 59 22 1877
687 345 38 21 års
741 344 104 28 landtdag

236 382 98 26 antagna
345 380 58 27 plan
412 380 40 28 för
468 380 135 22 dårvårdens
618 380 115 22 ordnande
747 380 9 22 i
771 380 74 22 landet

234 416 65 22 måtte
309 416 192 29 fortsättningsvis
517 416 94 29 kraftigt
620 415 121 29 fullföljas,
757 415 90 22 hvarvid

236 452 52 22 dock
307 452 71 21 under
395 452 111 28 pröfning
525 451 62 23 borde
602 453 70 27 tagas,
688 451 107 23 huruvida
811 451 35 22 det

235 487 46 23 icke
296 495 49 14 vore
360 488 210 28 ändamålsenligast
585 489 33 21 att
634 488 35 21 till
684 495 28 14 en
722 487 77 28 början
809 487 36 22 och

235 524 25 21 så
280 525 62 21 snart
357 531 45 14 som
416 524 85 28 möjligt
518 531 27 15 en
560 523 117 29 afdelning
686 523 42 28 för
743 523 105 22 kroniska

236 559 37 22 och
293 559 86 29 obotligt
393 559 142 28 sinnessjuka
550 560 48 21 med
613 560 100 28 omkring
728 560 46 21 200
788 559 59 28 sjuk-

232 595 83 28 platser
331 595 67 28 blefve
412 595 57 29 bygd
485 596 14 21 å
516 595 121 22 anstaltens
652 595 37 22 vid
704 595 85 28 Kuopio
805 602 41 14 om-

236 631 59 27 råde,
321 631 108 28 hvarefter
452 631 44 22 den
519 631 111 22 tilltänkta
655 630 192 23 centralanstalten

236 667 37 21 vid
285 666 146 28 Tammerfors
442 666 117 27 efterhand
570 667 62 22 borde
640 667 84 22 komma
731 667 34 21 till
773 666 73 26 stånd;

273 702 111 27 äfvensom
405 704 33 21 att
458 703 71 22 derest
549 703 113 22 allmänna
678 702 120 22 statsmedel
807 701 42 28 för

238 738 124 22 ändamålet
372 738 46 22 icke
428 739 70 21 skulle
507 739 74 27 finnas
593 740 33 20 att
636 738 68 28 tillgå,
715 738 74 28 Nådig
797 745 50 20 pro-

235 774 95 28 position
352 775 67 21 måtte
436 773 131 30 föreläggas
589 773 259 23 nästsammanträdande

239 810 89 22 ständer
348 810 112 28 angående
480 810 120 28 beviljande
622 809 30 28 af
664 810 25 21 de
705 809 84 28 anslag,
805 816 44 15 som

240 846 75 21 kunna
338 845 112 28 erfordras
468 845 44 28 för
535 847 28 21 ett
577 847 64 20 snart
657 845 37 22 och
705 844 145 29 fullständigt

237 881 170 28 genomförande
427 881 29 28 af
472 882 44 21 den
533 881 54 28 utaf
601 881 121 22 ständerna
741 881 36 21 vid
793 881 58 21 1877

240 918 37 21 års
303 917 104 29 landtdag
431 917 118 28 godkända
577 916 214 29 organisationsplan
810 915 41 28 för

241 953 121 22 därvärden
378 953 9 22 i
403 953 79 22 landet.

543 989 26 22 M.
584 989 36 22 W.
636 988 26 23 af
674 987 107 24 Schulten.

176 1501 105 20 Allmänna
297 1500 175 20 besvärsutskottets
488 1500 118 19 betänkande
622 1500 37 19 N:o
676 1500 19 19 6.
