1061 1717
254 140 14 22 2
438 140 238 23 Petitionsbetänkande
691 140 39 23 N:o
761 139 19 23 3.

295 194 97 22 Emedan
408 195 109 22 utskottet
533 195 6 21 i
555 195 96 22 motiven
672 195 34 22 till
722 194 39 23 sitt
777 194 144 22 ofvannämda
936 194 36 22 be-

224 230 110 22 tänkande
350 232 146 27 uttryckligen
512 231 104 23 förutsatt
632 234 34 19 att
674 232 135 21 inrättandet
824 231 24 22 af
862 233 32 19 ett
906 230 67 22 finskt

223 267 169 27 normallyceum
408 268 7 21 i
431 268 86 22 landets
533 268 133 22 hufvudstad
682 268 70 21 skulle
768 267 96 28 försiggå
875 267 97 27 sålunda,

223 304 34 20 att
271 303 135 23 härvarande
429 304 86 27 privata
535 304 71 22 finska
627 304 220 22 elementarläroverk
864 302 70 23 blefve
950 302 24 22 af

223 338 77 22 Staten
317 338 121 28 öfvertaget
454 340 40 21 och
506 340 120 21 ombildadt
642 340 34 21 till
688 341 31 20 ett
730 340 175 27 normallyceum,
914 340 58 20 samt

223 374 28 22 då
274 374 109 23 utskottet
403 376 106 27 derjämte
525 376 50 22 sökt
590 376 50 21 leda
656 376 6 20 i
678 375 67 28 bevis,
761 377 33 20 att
809 376 71 21 denna
896 374 76 27 åtgärd

222 410 69 22 borde
314 411 73 22 kunna
411 414 69 20 sättas
496 412 7 21 i
526 412 76 22 verket
618 414 52 20 utan
686 413 67 26 några
769 412 135 22 kännbarare
920 417 51 21 pen-

222 448 215 28 ningeuppofiringar
453 449 34 22 för
503 449 141 28 Statsverket,
661 448 134 23 förefinnes
786 444 13 37 i
811 449 75 27 sjelfva
896 448 76 21 verket

222 483 58 22 blott
293 491 27 15 en
329 484 77 22 formel
414 485 84 22 olikhet
504 485 92 21 emellan
605 485 120 21 utskottets
736 484 23 22 af
768 485 87 21 Presta-
867 485 38 20 och
916 483 56 22 Bon-

223 519 116 23 deståndet
370 521 115 26 godkända
508 520 104 22 slutkläm
629 521 39 21 och
688 521 41 21 den
751 519 24 22 af
788 519 183 28 Borgareståndet

222 555 102 22 beslutna
339 556 141 28 formulering
496 556 24 22 af
533 556 83 28 frågan.

292 592 115 23 Utskottet
431 593 41 21 har
495 592 84 22 derföre
603 594 73 20 ansett
696 592 33 27 sig
744 592 53 21 böra
813 593 71 21 såsom
900 591 70 28 grund

222 628 34 22 för
271 629 238 27 sammanjemkningen
525 629 109 27 uppställa
649 628 114 28 Vällofliga
778 628 194 28 Borgareståndets

223 664 121 28 stilisering
369 665 23 21 af
416 665 161 27 slutklämmen,
605 665 77 21 endast
702 665 49 21 med
775 664 76 28 tillägg
867 664 23 22 af
904 664 66 22 orden

223 700 136 28 yklassiskt*,
366 701 39 21 och
412 701 60 28 ,med
481 700 86 22 finskan
577 707 45 15 som
628 700 254 28 undervisningsspräk*,
888 700 80 27 hvilka,

223 743 35 15 om
275 737 41 21 ock
331 737 115 27 meningen
463 737 62 22 äfven
542 737 49 22 dem
607 737 87 21 förutan
710 737 61 21 torde
782 743 27 14 ur
819 736 151 22 sammanhan-

222 774 37 25 get
274 772 91 28 framgä,
382 773 55 22 dock
453 773 33 22 för
502 773 145 27 tydlighetens
659 773 57 21 skull
727 774 84 20 ansetts
822 772 147 27 erforderliga.

291 808 51 22 Med
358 809 49 21 stöd
423 809 23 21 af
461 809 36 21 det
508 809 131 27 ofvansagda
650 809 32 20 fär
693 809 108 21 utskottet
813 809 83 21 derföre
907 808 63 21 vörd-

222 845 58 20 samt
305 844 81 22 föreslä
408 846 33 20 att
465 845 101 26 samtliga
589 845 64 21 ständ
674 845 49 21 med
739 844 131 27 frängäende
886 844 23 21 af
923 844 47 21 sina

222 880 59 22 förra
306 881 72 21 beslut
404 881 6 20 i
427 881 76 26 frågan
528 881 51 21 ville
602 880 75 22 förena
693 880 33 27 sig
742 887 35 15 om
793 887 27 15 en
836 880 134 27 underdänig

222 916 94 27 petition
332 916 24 22 af
369 916 95 27 följande
480 916 92 27 lydelse:

399 953 33 20 att
451 951 65 22 Hans
536 951 124 29 Kejserliga
678 951 107 28 Majestät,
796 951 41 28 för
855 952 42 21 den
915 951 54 22 hän-

366 988 56 21 delse
440 990 31 20 att
489 988 34 21 det
535 988 89 27 privata
646 988 72 27 finska
737 987 234 23 elementarläroverket

364 1023 9 22 i
396 1023 139 29 Helsingfors
557 1023 118 28 öfvertages
691 1023 29 28 af
731 1023 84 27 Staten,
830 1023 55 27 ville,
900 1023 72 22 såvidt

364 1059 80 22 sådant
459 1061 55 20 utan
532 1061 67 20 större
621 1059 152 28 uppoffringar
783 1059 42 27 för
839 1059 133 22 Statsverket

365 1095 45 22 kan
428 1095 43 27 ske,
494 1095 127 28 organisera
643 1095 73 22 denna
739 1095 129 22 läroanstalt
883 1103 43 14 som
942 1097 29 21 ett

363 1131 167 28 normallyceum
545 1131 38 22 och
604 1131 9 21 i
628 1131 72 22 stället
715 1131 91 22 ombilda
821 1132 150 28 normallyceet

364 1167 9 21 i
392 1167 130 22 Tavastehus
548 1167 35 22 till
605 1169 29 20 ett
656 1167 84 28 vanligt
765 1167 102 22 klassiskt
889 1168 81 28 lyceum

362 1203 48 22 med
424 1203 88 27 finskan
526 1210 45 15 som
585 1203 239 28 undervisningsspräl:.

290 1263 192 28 Helsingfors,
499 1263 23 22 af
536 1264 115 21 Allmänna
666 1264 201 21 Besvärsutskottet
883 1265 41 21 den
941 1265 27 21 15

219 1293 62 28 April
298 1294 64 21 1885.

290 1330 10 21 I
316 1330 101 21 ärendets
433 1330 132 28 behandling
585 1330 63 22 hafva
664 1330 102 28 deltagit:
783 1331 119 21 utskottets
918 1332 48 20 ord-

219 1359 91 23 förande
326 1360 20 21 J.
364 1359 24 21 G.
390 1390 8 12 ,
408 1355 87 51 Geitlin,
512 1362 57 20 samt
584 1360 129 22 ledamöter:
731 1360 23 22 af
768 1360 110 28 Schultén,
894 1361 28 21 M.
934 1361 32 27 V.,

219 1388 179 31 Gripenborg,
394 1384 34 40 A.,
434 1390 94 28 Ramsay,
553 1391 33 27 A.,
602 1397 19 15 v.
638 1391 116 21 Rehausen,
774 1390 33 28 V.,
822 1373 145 54 Westerlund,

219 1419 25 21 A.
261 1418 34 28 G,
307 1402 124 49 Österblad,
443 1420 27 27 J,
484 1405 102 43 Nyholm,
596 1420 32 27 A.,
639 1420 134 28 Helsingius,
785 1408 24 33 A.
821 1420 33 21 W.
857 1437 5 11 ,
878 1406 89 46 Öhberg,

218 1449 25 21 V.
270 1436 41 40 W,
336 1432 111 48 Sundvall,
465 1436 29 34 T.
518 1450 39 28 W,
575 1437 144 40 Söderström,
736 1450 25 21 G.
778 1450 31 27 L,
827 1433 89 49 Ojanen,
932 1451 34 27 K.,

218 1462 93 48 Luoma,
325 1479 20 21 J.
362 1479 35 27 H.,
413 1466 118 41 Wenanen,
547 1467 34 40 K.,
597 1467 144 40 Hasselqvist,
758 1480 20 21 S.

292 1527 118 22 Helsingfors,
424 1528 64 16 Weilin
502 1527 16 17 &
531 1528 49 17 Göös'
590 1513 238 42 Boktryckeri-aktiebolag
838 1517 52 29 1885.
