1061 1717
224 98 15 22 6
408 99 240 23 Petitionsbetänkande
662 98 37 23 N:o
717 98 19 22 1.

338 166 65 20 banan
418 166 70 26 drages
502 168 73 19 österut
585 167 33 20 till
632 166 113 26 Jyväskylä
754 165 35 20 och
799 164 34 20 der
843 164 105 26 förgrenar

338 196 30 25 sig
391 197 22 19 åt
435 196 80 21 nordost
535 197 33 20 till
584 197 77 25 Kuopio
675 196 35 20 och
725 196 66 25 sydost
806 195 33 20 till
854 194 94 25 Kaipiais

337 226 48 20 eller
400 233 67 13 annan
479 227 65 25 punkt
559 227 13 19 å
587 226 59 20 södra
664 226 65 20 banan
744 227 52 18 samt
811 226 30 19 att
855 224 92 20 sträckan

336 256 49 24 från
399 256 123 25 Pihlajavesi
536 257 33 19 till
584 256 110 26 Jyväskylä
704 256 53 24 först
765 254 139 26 färdigbygges
913 254 34 20 och

335 286 35 23 för
385 286 61 24 trafik
461 287 93 25 upplätes.

692 314 27 22 K.
734 314 21 23 J.
771 313 102 29 Högman.

556 465 23 22 4.

263 511 58 22 Frän
345 513 166 22 Bondeständet
534 520 27 15 en
585 514 92 27 petition
702 520 36 15 om
760 515 34 20 att
815 519 27 15 en
855 513 91 26 jernväg

192 547 69 22 mätte
281 547 81 28 byggas
383 548 49 22 frän
453 549 138 22 Wasabanan
612 549 34 22 till
666 549 127 28 Jyväskylä,
813 548 95 28 ingifven
924 548 24 21 af

192 581 57 23 Herr
265 583 25 22 G.
307 585 24 20 A.
349 585 115 27 Raitanen,
480 585 89 22 hvilken
585 585 7 22 i
608 585 160 27 öfversättning
781 587 26 19 är
817 585 127 26 sälydande:

350 651 49 20 Till
414 652 163 20 Hedervärda
592 651 195 21 Bondeständet.

261 703 79 20 Genom
355 705 38 20 sitt
408 705 130 26 geografiska
553 705 46 26 läge
615 709 23 16 är
653 705 120 26 Jyväskylä
787 705 48 20 stad
851 705 93 20 bestämd

190 732 33 20 till
237 739 27 14 en
279 733 139 29 medelpunkt,
435 735 37 20 der
487 735 25 20 de
523 735 68 20 skilda
601 735 83 20 delarne
695 736 7 19 i
712 736 49 19 värt
771 735 50 20 land
831 734 112 21 förenande

187 762 139 26 jernvägarne
342 764 50 20 böra
407 765 62 20 korsa
484 765 123 27 hvarandra,
617 765 87 20 likasom
714 765 155 25 landsvägarne
879 764 63 21 redan

190 798 28 13 nu
236 795 51 23 göra
302 793 41 20 det.
373 794 35 23 Då
421 802 29 13 nu
462 795 140 26 järnvägarne
617 795 7 20 i
640 795 40 20 den
696 798 72 17 vestra
783 795 62 20 delen
861 794 23 20 af
896 795 46 20 vårt

189 821 50 20 land
259 825 59 18 snart
333 824 58 20 torde
406 831 51 14 vara
472 825 157 26 färdigbyggda,
645 831 49 14 vore
709 825 38 20 det
761 824 32 21 tid
809 825 26 26 pä
851 827 31 17 att
896 824 46 20 frän

189 851 62 20 dessa
269 852 112 27 järnvägar
401 854 65 26 draga
485 855 60 20 linier
565 855 32 20 till
617 855 26 20 de
664 855 76 25 ostliga
759 855 86 20 delarne
860 853 23 21 af
896 855 46 19 värt

189 881 55 26 land,
265 883 39 19 och
319 883 8 19 i
347 883 74 21 sädant
442 884 37 20 fall
498 891 49 14 vore
563 885 35 20 det
613 885 65 26 enligt
694 884 171 21 undertecknads
880 884 62 20 tanke

189 910 62 26 högst
271 912 115 21 önskvärdt
404 916 31 18 att
450 921 25 13 en
491 915 54 19 bana
559 914 79 21 komme
654 914 32 21 till
702 914 134 26 anläggning,
851 921 44 13 som
910 917 32 16 ut-

188 941 81 25 gående
283 941 48 21 från
346 943 78 26 bugten
440 945 28 25 pä
480 944 140 26 Wasabanan,
630 945 68 20 skulle
709 945 77 25 dragas
797 943 59 21 öfver
866 944 75 26 Jyväs-

188 970 56 27 kylä,
259 971 141 29 Leivonmäki,
416 974 66 20 Jousa
497 975 38 19 och
549 974 134 26 Mäntyharju
699 974 32 20 till
747 974 97 26 Kaipiais
859 973 82 21 station.

188 1000 117 21 Trakterna
327 1003 27 25 pä
377 1003 54 20 båda
453 1004 84 20 sidorna
559 1011 32 12 om
612 1005 68 19 denna
699 1005 56 18 bana
773 1007 35 16 äro
824 1003 8 20 i
847 1004 95 19 medeltal

187 1029 126 28 fullkomligt
335 1032 42 20 lika
397 1033 35 20 väl
452 1033 107 21 befolkade
579 1041 43 13 som
643 1034 36 20 vid
694 1034 41 20 den
751 1033 120 26 föreslagna
884 1033 58 20 Kuo-

189 1059 108 28 piobanan,
314 1062 38 19 och
368 1063 101 26 allmogen
484 1063 66 20 likaså
565 1063 105 26 förmögen
685 1064 39 20 och
736 1064 111 19 arbetsam.
878 1063 63 20 Indu-

187 1089 78 21 striella
288 1091 156 28 anläggningar,
467 1093 76 20 sådana
565 1094 72 20 hvilka
659 1101 42 18 nog
723 1093 83 20 komme
827 1095 31 18 att
877 1093 64 20 anlita

187 1119 113 26 järnvägen
323 1120 32 21 för
377 1123 192 26 transporterandet
589 1123 23 20 af
629 1123 46 20 sina
696 1130 68 19 varor,
784 1123 69 20 finnas
873 1122 67 27 äfven,

186 1149 87 20 likasom
289 1151 39 19 ock
343 1151 50 20 flera
407 1153 150 20 läroanstalter.
586 1153 78 22 Genom
674 1153 189 26 Jyväskyläbanan
873 1152 67 21 blefve

186 1179 47 20 med
255 1180 117 21 hvarandra
394 1181 98 22 förenade
515 1184 13 19 &
550 1190 39 13 ena
606 1183 60 20 sidan
682 1183 101 20 städerna
798 1183 94 26 Wiborg,
908 1181 32 22 S:t

185 1208 129 28 Petersburg
334 1211 37 20 och
391 1212 138 27 Helsingfors,
550 1214 12 19 &
577 1213 65 20 andra
656 1213 61 20 sidan
732 1219 65 13 norra
804 1213 136 28 Tavastland

185 1239 39 19 och
244 1239 47 20 hela
306 1240 35 21 det
356 1241 129 21 vidsträckta
500 1243 38 19 och
553 1242 89 20 folkrika
657 1243 128 25 landskapet
801 1242 139 25 Österbotten,

184 1274 45 14 som
244 1272 59 17 snart
317 1270 53 20 skall
385 1271 79 21 erhålla
476 1272 69 20 femtio
556 1273 35 19 mil
598 1272 95 28 järnväg,
704 1272 138 26 hvarigenom
851 1271 89 21 trafiken

184 1298 81 21 komme
286 1302 31 18 att
337 1300 54 20 flöda
406 1302 22 19 in
443 1303 27 25 på
484 1302 194 26 Jyväskyläbanan;
695 1303 39 20 och
751 1298 136 24 Österbotten
901 1302 39 20 har

184 1327 49 21 flere
254 1328 130 22 industriella
404 1332 150 26 anläggningar
574 1335 52 17 samt
642 1339 25 13 en
683 1332 138 29 synnerligen
837 1332 103 20 arbetsam

183 1357 127 28 befolkning.
341 1360 41 20 För
393 1361 36 20 det
439 1362 128 20 närvarande
577 1365 37 23 gör
621 1362 120 26 järnvägen
749 1361 48 21 från
806 1362 133 20 Österbotten

182 1387 33 20 till
234 1388 89 27 Wiborg
338 1390 38 20 och
391 1391 32 21 S:t
437 1392 128 26 Petersburg
579 1399 26 13 en
620 1393 24 19 sä
659 1394 44 18 stor
719 1392 60 25 håge,
797 1394 32 18 att
843 1391 95 27 godstra-

181 1416 62 28 fiken,
264 1419 66 26 enligt
350 1420 197 21 underrättelsefrån
563 1422 65 20 Wasa
643 1422 89 20 emellan
748 1418 136 24 Österbotten
899 1422 39 19 och

186 1447 89 27 Wiborg
301 1449 19 25 ej
347 1450 106 26 begagnar
479 1451 32 25 sig
534 1452 23 19 af
577 1452 68 20 denna
668 1452 60 20 bana.
766 1452 36 19 All
825 1450 115 27 godstrafik

250 1490 198 26 Jernvägsutskottets
463 1493 116 20 betänkande
595 1494 37 19 N:o
648 1494 17 19 3.
