1061 1717
289 103 239 23 Petitionsbetänkande
543 104 38 22 N:o
598 104 32 22 11.
796 105 11 20 7

361 260 204 28 Reservation.

165 313 10 22 I
196 303 69 32 likhet
284 314 49 22 med
350 314 109 22 utskottet
475 314 138 27 öfvertygade
630 320 34 16 om
681 315 33 20 att
730 313 109 23 helsovår-

92 340 53 30 dens
161 350 92 26 höjande
269 350 6 22 i
292 350 77 22 skolan
385 352 24 20 är
425 357 27 15 en
468 350 62 28 fråga
545 350 33 22 för
589 350 76 27 dagen,
677 350 74 21 kunna
761 350 21 21 vi
793 350 47 20 icke

92 392 52 15 enas
160 386 48 22 med
225 386 122 22 detsamma
362 393 35 15 om
413 386 103 27 beslutet,
532 387 33 21 att
581 386 50 22 kort
647 392 35 15 om
698 386 53 27 godt
761 385 80 22 föreslå

92 422 69 27 afslag
177 423 12 21 å
204 422 143 23 förevarande
362 423 100 27 petition.
487 422 113 23 Utskottet
616 422 95 28 grundar
722 422 40 22 sitt
772 421 69 28 afslag

93 459 28 26 på
136 458 41 22 den
194 458 192 29 förutsättningen,
404 461 32 20 att
452 459 107 27 styrelsen
570 459 44 21 alla
624 459 119 27 petitioner
754 457 87 22 förutan

93 494 56 22 skall
164 495 89 27 vidtaga
268 495 80 27 nödiga
363 495 107 22 anstalter
486 495 34 21 till
535 495 145 22 befordrande
696 494 24 22 af
732 495 26 21 de
769 493 73 28 hygie-

93 530 62 22 niska
171 530 164 23 förhållandena
351 531 58 22 inom
426 532 52 21 våra
494 531 79 22 skolor.
597 531 27 21 Vi
636 537 51 15 anse
699 532 34 20 oss
745 531 98 21 deremot

93 566 64 22 hafva
172 567 46 21 skäl
235 568 33 21 att
284 567 47 22 icke
346 567 54 28 hysa
416 567 44 21 lika
476 567 149 27 optimistiska
641 566 177 27 föreställningar
834 565 7 21 i

93 603 60 22 detta
171 602 108 23 afseende.
312 603 76 22 Såsom
410 603 23 22 af
451 603 120 22 utskottets
592 603 138 22 betänkande
746 602 95 27 framgår

92 639 40 21 har
148 639 109 27 nemligen
272 639 67 22 redan
355 639 34 22 till
406 639 106 27 styrelsen
528 639 129 22 framställts
674 638 81 27 förslag
768 638 6 21 i
786 637 55 28 syfte

94 676 33 20 att
143 675 67 22 ordna
225 675 292 22 helsovårdsförhållandena
533 675 6 21 i
555 675 77 21 skolan
648 674 59 21 såväl
724 673 24 22 af
757 674 86 21 senaste

95 710 138 28 skolkomité,
250 717 46 15 som
313 711 24 21 af
351 710 168 28 öfverstyrelsen
531 710 33 22 för
575 710 159 22 skolväsendet.
761 709 8 22 I
781 709 62 22 hvar-

97 747 51 21 dera
167 746 23 21 af
203 747 64 21 dessa
283 746 81 27 förslag
380 747 98 21 förordas
494 746 66 22 bland
577 748 67 20 annat
659 745 148 22 tillsättandet
822 744 24 21 af

96 782 107 22 särskilda
223 782 130 28 skolläkare,
369 783 74 21 hvilka
459 783 71 21 skulle
545 782 65 22 hafva
626 782 33 27 sig
675 782 122 27 uppdraget
811 782 34 21 att

95 824 56 21 egna
166 817 183 28 skolungdomens
366 818 110 21 allmänna
492 818 162 22 helsotillstånd
666 824 26 15 en
707 816 137 28 omsorgsfull

95 854 193 27 uppmärksamhet
303 854 111 22 äfvensom
431 854 114 27 bispringa
560 853 79 28 fattiga
655 853 71 22 elever
742 853 49 21 med
807 854 38 19 nö-

97 889 36 28 dig
156 890 134 21 läkarevård.
322 890 34 21 Då
377 890 63 22 dessa
456 889 83 28 förslag
555 890 46 21 icke
617 889 47 22 ledt
680 889 33 22 till
729 890 68 20 annat
813 894 32 15 re-

97 925 67 22 sultat
180 927 27 20 än
223 927 34 20 att
273 925 6 22 i
296 925 153 28 förordningen
466 925 24 22 af
504 926 41 21 den
562 925 28 22 23
606 924 88 28 augusti
710 924 64 27 1883,
786 923 59 22 inne-

97 961 101 22 hållande
214 961 108 22 särskilda
335 961 129 22 förändrade
475 961 164 27 bestämningar
649 961 92 21 rörande
753 960 93 22 elemen-

97 997 168 27 tarläroverken,
282 997 151 27 gymnastiken
449 997 42 20 fått
507 997 34 26 sig
556 997 90 20 anvisad
661 996 57 27 plats
734 996 7 21 i
753 995 93 27 läropla-

98 1037 49 21 nen,
164 1037 62 21 synes
243 1038 36 15 oss
295 1033 72 20 såsom
384 1032 70 21 skulle
470 1032 121 21 utskottets
607 1031 82 28 förslag
705 1033 32 20 att
750 1031 47 22 helt
807 1031 39 21 och

98 1066 69 22 hållet
181 1067 56 22 afslå
253 1074 26 15 en
295 1068 100 27 petition,
412 1074 46 15 som
475 1067 82 28 åsyftar
573 1069 33 20 att
620 1067 103 22 befordra
739 1073 26 16 en
777 1068 24 20 så
811 1067 36 21 be-

99 1102 150 27 hjertansvärd
261 1103 40 21 sak
312 1109 46 15 som
369 1103 144 22 helsovården
525 1103 57 22 inom
593 1103 254 26 elementarläroverken,

99 1137 47 22 icke
163 1144 50 15 vara
229 1138 132 22 välbetänkt.
392 1138 76 21 Ehuru
483 1138 21 22 vi
522 1139 83 22 således
619 1138 101 27 föröfrigt
731 1138 117 21 instämma

100 1173 7 20 i
129 1173 26 22 de
171 1173 81 28 åsigter
268 1180 46 15 som
331 1175 91 21 uttalats
438 1174 24 21 af
476 1175 120 22 utskottets
612 1174 118 27 majoritet,
747 1174 22 22 få
784 1174 21 21 vi
821 1175 27 26 på

99 1208 121 28 åberopade
244 1210 95 27 grunder
362 1210 113 21 vördsamt
498 1209 81 22 föreslå
602 1211 34 20 att
659 1209 120 22 Ständerna
798 1209 51 22 ville

99 1245 76 22 förena
190 1245 33 27 sig
239 1251 34 16 om
290 1252 26 15 en
332 1246 93 27 petition
442 1246 75 21 derom

277 1289 32 20 att
331 1287 36 22 vid
390 1289 83 20 statens
491 1287 71 23 skolor
581 1294 25 16 en
624 1265 74 45 läkare
712 1288 43 20 mot
771 1285 78 23 arvode

241 1322 68 28 blefve
333 1323 94 27 anstäld,
452 1323 66 22 hvars
541 1323 132 23 verksamhet
693 1322 66 28 blefve
772 1329 76 21 genom

241 1358 136 22 instruktion
392 1360 102 20 närmare
510 1358 100 23 bestämd.

158 1400 48 22 Joh.
223 1400 63 23 Gabr.
303 1401 86 22 Geitlin.
559 1401 21 23 J.
596 1401 21 22 J.
634 1400 24 23 F.
674 1400 114 22 Perander.

159 1442 25 22 M.
201 1442 35 22 W.
253 1442 26 22 af
292 1442 107 23 Schultén.
560 1442 23 22 F.
599 1442 35 22 W.
650 1441 108 23 Sundvall.

173 1497 106 19 Allmänna
295 1498 184 19 Besvärsutskottets
496 1497 116 20 betänkande
628 1498 37 20 N:o
680 1498 32 18 10.
