1061 1717
240 132 12 20 2
363 131 79 22 Ständ.
459 131 50 22 Pet.
525 142 27 4 —
567 130 168 23 Petitionsbet.
753 131 38 21 N:o
807 131 34 21 49.

209 194 206 21 nikationsmedlens
431 194 128 27 bristfälliga
574 193 148 22 beskaffenhet
737 193 48 21 icke
801 194 61 20 alltid
877 194 43 21 kan
930 200 31 14 er-

209 226 59 23 hålla
283 228 121 21 kännedom
420 235 35 14 om
471 229 41 20 den
528 229 76 20 endast
619 228 32 21 uti
666 228 83 27 kyrkan
765 227 122 28 kungjorda
902 228 59 21 tiden

209 262 34 21 för
265 262 128 28 uppbörden
416 262 41 22 och
480 263 28 27 pä
523 263 71 27 grund
616 262 68 26 deraf,
707 263 28 20 dä
750 264 97 20 resterna
862 263 7 20 i
884 263 79 27 många

209 296 39 22 fall
270 297 104 21 indrifvas
394 304 77 20 genom
487 297 122 27 utmätning
625 296 133 22 omedelbart
774 296 55 22 efter
844 297 118 27 uppbörds-

209 332 114 25 stämman,
347 331 45 21 ofta
412 338 43 20 nog
478 331 41 21 blir
541 333 95 25 tvungen
655 334 33 18 att
703 331 88 27 erlägga
806 332 26 20 de
848 332 66 27 dryga
929 333 32 19 ut-

208 366 273 26 mätningskonstnaderna
504 366 39 21 och
567 365 24 21 af
608 366 69 20 sädan
707 366 64 20 orsak
794 366 81 26 nödgas
891 372 22 15 se
929 366 33 20 sin

207 400 140 26 lösegendom
369 402 63 25 tagas
447 400 7 20 i
469 401 45 20 mät
533 400 39 21 och
589 400 99 27 försäljas
699 400 28 26 pä
743 400 96 26 auktion,
855 401 24 20 är
894 400 67 21 redan

207 435 7 20 i
230 435 40 20 och
285 435 33 20 för
333 435 32 26 sig
380 437 32 18 ett
432 434 194 26 missförhällande,
650 441 46 15 som
711 435 66 21 vällat
793 436 103 26 mängens
911 435 49 20 obe-

208 469 72 21 stånd.
311 469 100 21 Kommer
432 469 72 21 dertill
519 471 32 19 att
567 469 105 21 exekutor
687 469 54 20 efter
756 469 111 22 verkstäld
882 470 78 20 utmät-

206 503 53 27 ning
282 505 78 26 vägrar
385 505 32 20 att
433 503 132 22 omedelbart
582 503 86 22 utfärda
684 504 59 27 intyg
759 504 98 21 deröfver
872 504 40 21 och
928 507 32 18 att

207 537 84 22 säledes
314 539 48 24 den,
385 545 45 14 som
454 537 93 22 drabbas
563 537 24 22 af
600 539 157 26 utmätningen,
773 539 41 20 och
829 539 24 20 af
866 545 26 14 en
908 539 52 21 eller

207 579 74 14 annan
303 572 63 21 orsak
388 579 64 14 anser
475 572 32 27 sig
526 572 65 22 hafva
606 572 47 21 skäl
670 575 31 18 att
717 573 99 21 deröfver
831 573 71 28 klaga,
918 573 41 22 blir

206 609 96 24 tvungen
325 609 32 18 att
379 606 54 28 följa
456 607 141 20 länsmannen
621 607 52 21 eller
691 607 147 27 kronofogden
855 609 56 20 ända
926 608 34 21 till

207 641 56 20 hans
279 642 100 20 stundom
394 642 66 26 något
477 635 61 26 tiotal
554 641 37 20 mil
606 641 97 27 atlägsna
718 641 91 22 hemvist
825 644 54 19 samt
896 640 62 29 iföjd

206 674 24 21 af
244 675 88 20 dermed
355 675 91 21 förenad
469 675 137 27 tidsutdrägt,
623 675 68 21 innan
706 675 159 28 handlingarna
881 675 77 21 hunnit

206 709 107 21 inlemnas
336 709 32 21 till
392 709 159 28 länestyrelsen,
575 709 43 22 kan
642 709 64 22 hafva
725 709 98 22 försuttit
839 711 41 20 den
895 710 63 21 korta

205 743 148 22 besvärstiden
377 743 40 22 och
440 744 57 27 förty
510 744 67 27 jemte
593 745 41 20 den
650 744 122 27 betydande
787 744 93 21 kostnad
894 751 63 14 resan

204 779 113 26 medtager
339 778 90 21 förlorat
452 779 93 26 utvägen
568 780 32 19 att
615 778 23 21 fä
653 785 26 14 en
695 778 33 21 till
743 778 109 27 äfventyrs
868 778 89 21 orättvis

204 812 124 27 utmätning
351 814 32 19 att
398 813 82 26 ätergä,
497 813 24 20 sä
536 813 67 20 mäste
619 813 37 20 det
670 812 107 21 erkännas
794 815 32 18 att
842 813 26 20 de
883 813 73 26 klago-

203 846 50 25 mäl,
270 847 36 20 det
322 847 95 20 rädande
433 847 213 26 uppbördssystemet
663 847 7 20 i
686 847 62 20 dessa
764 846 116 22 afseenden
891 847 64 21 fram-

203 880 76 26 kallat,
295 882 38 19 äro
348 881 104 27 förtjenta
468 881 23 20 af
504 883 32 18 att
552 881 96 21 beaktas.

270 915 31 21 På
321 916 41 20 sätt
386 916 36 20 det
443 915 59 21 förra
524 915 209 27 petitionsförslaget
756 915 81 27 jemväl
859 915 96 28 påpekar

200 958 51 14 vore
281 951 36 20 det
339 950 110 21 mähända
472 950 132 27 nödvändigt
627 952 33 19 att
683 949 33 21 för
739 949 167 22 kronoresterna
929 957 25 14 en

200 985 93 21 särskild
323 985 100 27 uppbörd
446 985 135 20 anordnades
597 984 40 21 och
661 987 33 18 att
716 984 164 27 restlängderna
902 985 7 20 i
924 984 31 21 af-

198 1019 63 21 skrift
287 1020 40 20 och
351 1019 7 20 i
379 1020 43 26 god
444 1019 32 21 tid
499 1019 107 26 delgäfves
633 1018 162 22 vederbörande
821 1018 133 21 kommunal-

197 1054 88 25 nämnd,
301 1053 86 22 hvarest
402 1053 82 22 enhvar
498 1053 55 21 hade
569 1053 85 21 tillfälle
670 1055 32 19 att
711 1060 34 13 om
755 1054 48 20 dem
813 1055 50 24 taga
871 1053 81 21 känne-

198 1088 56 25 dom,
279 1090 55 19 samt
356 1089 38 24 att,
419 1089 37 20 der
479 1087 122 27 utmätning
630 1087 122 25 verkstälts,
777 1087 104 21 exekutor
904 1094 49 15 vore

202 1121 85 28 skyldig
303 1124 32 18 att
351 1122 134 21 omedelbart
501 1121 97 22 deröfver
613 1121 100 21 meddela
728 1121 75 27 nödigt
818 1121 66 27 intyg.

267 1156 140 21 Beträffande
422 1156 60 20 tiden
500 1155 32 21 för
549 1156 40 24 den
605 1155 92 21 afsedda
711 1155 172 27 restuppbörden
892 1162 62 21 synes

197 1191 42 20 den
255 1191 32 20 uti
303 1191 36 20 det
355 1191 69 20 andra
439 1190 25 21 af
476 1190 147 27 föreliggande
645 1189 184 28 petitionsförslag
844 1189 110 28 päyrkade

199 1225 172 26 bestämningen,
396 1226 32 19 att
452 1223 127 28 uppbörden
602 1223 24 22 af
639 1224 138 21 kronorester
792 1225 53 26 egde
861 1231 47 14 rum
926 1225 28 26 pä

198 1259 85 25 hösten,
306 1259 72 20 kunne
402 1259 98 21 medföra
516 1258 90 27 mycken
622 1261 68 24 nytta.
720 1258 44 21 För
779 1258 43 21 alla
838 1259 48 20 dem
902 1265 50 19 som,

198 1294 146 26 synnerligast
366 1294 33 20 uti
420 1294 85 20 landets
528 1294 57 20 östra
612 1292 41 21 och
671 1299 64 14 norra
751 1292 66 26 delar,
833 1292 73 22 hemta
922 1293 32 21 sin

199 1328 201 27 penningetillgäng
423 1327 151 21 företrädesvis
597 1326 48 22 från
668 1327 145 26 ladugärdens
828 1326 126 28 afkastning

198 1363 71 20 under
284 1362 233 24 sommarmänaderna,
533 1361 111 21 äfvensom
659 1360 34 21 för
708 1362 41 20 den
767 1361 79 21 talrika
861 1361 46 21 lösa
918 1361 36 21 be-

197 1396 136 27 folkningen,
357 1396 65 21 hvars
448 1399 93 19 existens
565 1394 182 28 huivudsakiigen
770 1396 24 22 är
809 1394 107 24 beroende
932 1396 24 21 af

199 1437 134 15 sommarens
348 1430 182 27 arbetsförtjenst,
553 1430 68 20 måste
644 1430 36 20 det
704 1430 136 26 naturligtvis
856 1429 52 22 falla
922 1430 32 28 sig
