1061 1717
227 100 14 20 4
339 99 80 23 Ständ.
434 99 51 23 Pet.
500 112 28 4 —
543 100 167 22 Petitionsbet.
727 100 40 22 N:o
782 99 34 21 41.

199 168 34 21 till
246 168 118 28 jernvägen
378 168 66 28 jemte
460 169 104 25 materiel,
581 170 37 20 äro
634 168 118 22 emellertid
767 168 48 22 icke
826 168 83 27 egnade
920 170 32 20 att

198 204 134 26 uppmuntra
354 203 42 21 den
413 202 98 22 entkilda
528 202 195 28 företagsamheten
738 204 29 26 på
783 203 60 21 detta
858 203 93 21 område.

266 236 11 21 I
299 236 221 22 öfverensstämmelse
541 238 50 20 med
614 238 42 20 den
671 237 24 21 af
713 236 130 28 föregående
858 236 94 22 Ständer

199 270 99 22 uttalade
320 271 55 27 åsigt
398 271 65 22 hafva
486 271 122 22 Ständerna
630 271 19 28 ej
666 271 83 21 kunnat
765 271 60 21 finna
840 273 67 20 annat
922 272 29 20 än

198 306 34 20 att
254 311 28 15 en
306 305 283 28 jernvägskoncessionslag,
615 305 35 21 för
672 308 32 19 att
719 306 28 27 på
763 307 30 20 ett
807 304 143 23 tillfredsstäl-

198 339 67 21 lande
281 340 43 20 sätt
338 339 69 22 förmå
422 340 69 21 ordna
506 340 26 21 de
548 340 50 21 med
612 340 131 27 rättigheten
759 342 32 19 att
807 340 93 28 anlägga
914 346 36 15 en-

198 374 72 21 skilda
283 374 116 27 jernvägar
414 374 106 22 samband
535 375 82 26 egande
632 374 211 26 rättsförhållanden,
859 374 39 22 bör
908 374 42 21 till-

197 408 89 22 komma
307 415 77 21 genom
407 408 57 22 båda
487 408 179 22 statsmakternas
688 408 134 22 samverkan.
855 409 95 21 Härmed

198 443 66 21 hafva
279 443 122 21 Ständerna
416 443 119 27 ingalunda
550 443 56 21 velat
622 443 95 25 förneka,
733 445 32 19 att
776 443 108 28 åtskilliga
895 443 54 21 före-

199 477 89 22 skrifter
302 477 8 21 i
325 478 59 21 detta
399 479 63 20 ämne
479 479 37 20 äro
531 477 24 21 af
569 478 67 20 sådan
651 479 70 24 natur,
737 479 33 19 att
786 478 120 21 desammas
917 479 32 19 ut-

197 511 107 22 färdande
324 511 125 22 ankommer
464 513 14 20 å
492 512 126 27 regeringen
634 519 79 18 ensam;
729 519 49 14 men
794 511 73 28 dylika
882 511 68 27 regle-

198 546 135 21 mentariska
353 546 162 27 bestämningar
539 545 78 27 kunde,
641 546 66 27 enligt
723 545 132 22 Ständernas
877 545 72 27 tanke,

197 580 119 27 lämpligen
331 580 51 27 ingå
396 581 8 20 i
418 587 27 14 en
461 580 92 21 särskild
568 580 158 22 administrativ
741 580 132 27 förordning.

266 615 138 21 Beträffande
429 615 47 21 åter
498 614 164 28 lagstiftningen
685 621 34 15 om
735 614 136 28 intecknings
887 614 62 22 bevil-

196 649 68 28 jande
279 649 8 21 i
302 649 84 22 enskild
398 649 236 28 jernvägsanläggning
648 649 41 21 har
703 649 65 27 ingen
783 649 113 27 principiel
906 655 42 15 me-

197 683 215 28 ningsskiljaktighet
434 683 129 22 förefunnits
580 683 80 21 mellan
674 683 169 21 statsmakterna
859 683 90 22 rörande

196 717 135 22 Ständernas
352 719 44 20 rätt
418 720 32 19 att
472 718 8 22 i
495 718 123 22 densamma
634 717 91 27 deltaga.
755 717 115 22 Likaledes
884 717 66 22 hafva

198 751 96 28 Styrelse
317 752 39 21 och
374 752 92 21 Ständer
481 752 55 21 varit
552 759 49 14 ense
617 758 35 15 om
666 751 72 28 vigten
754 751 25 22 af
791 753 32 20 att
839 758 26 15 en
881 752 67 21 sådan

197 786 37 27 lag
257 786 86 21 komme
365 786 32 21 till
413 787 71 25 stånd,
500 786 69 21 ehuru
584 787 135 20 densammas
734 787 123 26 antagande
872 786 76 21 hittills

196 821 56 21 mött
268 820 107 28 svårighet
390 821 34 20 till
439 820 54 28 följd
508 820 25 21 af
545 820 161 28 ofvanantydda
721 820 179 27 meningsolikhet
912 827 36 15 an-

197 855 85 27 gående
304 855 214 27 koncessionslagens
536 857 70 19 natur.
636 855 10 20 I
662 854 143 22 betraktande
820 855 24 20 af
857 855 40 21 den
914 854 34 22 be-

197 889 84 28 tydelse
296 889 151 27 medgifvande
463 889 23 21 af
499 889 125 27 inteckning
640 889 7 20 i
662 888 84 22 enskild
759 889 189 28 jernvägsanlägg-

196 924 55 27 ning
266 924 68 21 måste
345 923 141 22 tillerkännas
496 923 34 21 för
541 924 34 20 det
584 923 80 27 nödiga
674 923 117 28 kapitalets
801 923 147 26 anskaffande,

196 960 57 19 samt
275 959 50 20 med
340 957 42 22 fäst
398 957 101 22 afseende
516 958 12 21 å
543 957 57 22 hvad
616 957 120 22 Ständerna
752 957 64 22 ofvan
831 957 118 22 framhållit

195 993 114 26 angående
331 992 202 27 koncessionslagen
555 992 22 21 få
597 991 122 22 Ständerna
740 992 155 27 underdånigst
911 999 37 15 an-

194 1026 66 22 hålla:

404 1073 34 20 det
462 1072 79 21 täcktes
563 1072 97 21 Eders
685 1071 190 29 Kejserliga
894 1073 54 20 Ma-

329 1107 99 26 jestät
444 1106 119 27 förelägga
580 1106 258 21 nästsammanträdande
855 1106 93 21 Ständer

333 1140 81 27 nädiga
432 1141 162 26 propositioner
610 1140 94 21 rörande
719 1140 20 27 ej
754 1140 84 21 mindre
855 1140 93 22 vilkoren

329 1174 42 27 för
394 1173 121 28 beviljande
540 1174 27 27 af
589 1174 121 21 koncession
729 1174 11 20 å
749 1174 199 28 jernvägsanlägg-

333 1208 59 27 ning,
409 1210 29 18 än
455 1208 37 20 ock
508 1208 122 27 inteckning
646 1209 8 19 i
664 1209 101 27 jernväg.

265 1241 78 21 Finlan
349 1242 24 21 ds
389 1241 93 22 Ständer
498 1241 123 22 framhärda
637 1244 33 19 etc

268 1275 133 28 Helsingfors
417 1277 41 20 den
474 1277 27 21 22
516 1276 42 28 Maj
577 1277 59 21 1865.

293 1400 133 24 Helsingfors,
438 1402 19 18 J.
472 1401 75 19 Simelii
559 1402 111 23 arfvingars
683 1402 92 22 tryckeri,
790 1401 47 18 1886.
