<?xml version="1.0" encoding="UTF-8"?>
<alto xmlns="http://www.loc.gov/standards/alto/ns-v3#" xmlns:xlink="http://www.w3.org/1999/xlink" xmlns:xsi="http://www.w3.org/2001/XMLSchema-instance" xsi:schemaLocation="http://www.loc.gov/standards/alto/ns-v3# http://www.loc.gov/alto/v3/alto-3-0.xsd">
	<Description>
		<MeasurementUnit>pixel</MeasurementUnit>
		<sourceImageInformation>
			<fileName>/tmp/tess_ysygzgej_input.PNG</fileName>
		</sourceImageInformation>
		<OCRProcessing ID="OCR_0">
			<ocrProcessingStep>
				<processingSoftware>
					<softwareName>tesseract 5.3.4</softwareName>
				</processingSoftware>
			</ocrProcessingStep>
		</OCRProcessing>
	</Description>
	<Layout>
		<Page WIDTH="1061" HEIGHT="1717" PHYSICAL_IMG_NR="0" ID="page_0">
			<PrintSpace HPOS="0" VPOS="0" WIDTH="1061" HEIGHT="1717">
				<ComposedBlock ID="cblock_0" HPOS="227" VPOS="92" WIDTH="510" HEIGHT="23">
					<TextBlock ID="block_0" HPOS="227" VPOS="92" WIDTH="510" HEIGHT="23">
						<TextLine ID="line_0" HPOS="227" VPOS="92" WIDTH="510" HEIGHT="23">
							<String ID="string_0" HPOS="227" VPOS="92" WIDTH="28" HEIGHT="21" WC="0.96" CONTENT="82"/><SP WIDTH="151" VPOS="92" HPOS="255"/>
							<String ID="string_1" HPOS="406" VPOS="92" WIDTH="240" HEIGHT="23" WC="0.89" CONTENT="Petitionsbetänkande"/><SP WIDTH="14" VPOS="92" HPOS="646"/>
							<String ID="string_2" HPOS="660" VPOS="93" WIDTH="41" HEIGHT="22" WC="0.96" CONTENT="N:o"/><SP WIDTH="17" VPOS="93" HPOS="701"/>
							<String ID="string_3" HPOS="718" VPOS="92" WIDTH="19" HEIGHT="22" WC="0.96" CONTENT="1."/>
						</TextLine>
					</TextBlock>
				</ComposedBlock>
				<ComposedBlock ID="cblock_1" HPOS="190" VPOS="157" WIDTH="762" HEIGHT="1355">
					<TextBlock ID="block_1" HPOS="196" VPOS="157" WIDTH="754" HEIGHT="272">
						<TextLine ID="line_1" HPOS="272" VPOS="157" WIDTH="676" HEIGHT="29">
							<String ID="string_4" HPOS="272" VPOS="157" WIDTH="43" HEIGHT="22" WC="0.96" CONTENT="Vid"/><SP WIDTH="25" VPOS="157" HPOS="315"/>
							<String ID="string_5" HPOS="340" VPOS="158" WIDTH="159" HEIGHT="28" WC="0.95" CONTENT="behandlingen"/><SP WIDTH="29" VPOS="158" HPOS="499"/>
							<String ID="string_6" HPOS="528" VPOS="159" WIDTH="24" HEIGHT="21" WC="0.96" CONTENT="af"/><SP WIDTH="20" VPOS="159" HPOS="552"/>
							<String ID="string_7" HPOS="572" VPOS="161" WIDTH="50" HEIGHT="19" WC="0.65" CONTENT="näst"/><SP WIDTH="23" VPOS="161" HPOS="622"/>
							<String ID="string_8" HPOS="645" VPOS="159" WIDTH="129" HEIGHT="27" WC="0.95" CONTENT="föregående"/><SP WIDTH="23" VPOS="159" HPOS="774"/>
							<String ID="string_9" HPOS="797" VPOS="158" WIDTH="93" HEIGHT="28" WC="0.95" CONTENT="petition"/><SP WIDTH="24" VPOS="158" HPOS="890"/>
							<String ID="string_10" HPOS="914" VPOS="165" WIDTH="34" HEIGHT="15" WC="0.96" CONTENT="om"/>
						</TextLine>
						<TextLine ID="line_2" HPOS="196" VPOS="192" WIDTH="754" HEIGHT="30">
							<String ID="string_11" HPOS="196" VPOS="192" WIDTH="125" HEIGHT="28" WC="0.96" CONTENT="byggandet"/><SP WIDTH="14" VPOS="192" HPOS="321"/>
							<String ID="string_12" HPOS="335" VPOS="193" WIDTH="34" HEIGHT="22" WC="0.96" CONTENT="för"/><SP WIDTH="15" VPOS="193" HPOS="369"/>
							<String ID="string_13" HPOS="384" VPOS="196" WIDTH="84" HEIGHT="20" WC="0.96" CONTENT="statens"/><SP WIDTH="16" VPOS="196" HPOS="468"/>
							<String ID="string_14" HPOS="484" VPOS="195" WIDTH="93" HEIGHT="27" WC="0.96" CONTENT="räkning"/><SP WIDTH="15" VPOS="195" HPOS="577"/>
							<String ID="string_15" HPOS="592" VPOS="195" WIDTH="24" HEIGHT="21" WC="0.96" CONTENT="af"/><SP WIDTH="14" VPOS="195" HPOS="616"/>
							<String ID="string_16" HPOS="630" VPOS="202" WIDTH="27" HEIGHT="15" WC="0.96" CONTENT="en"/><SP WIDTH="15" VPOS="202" HPOS="657"/>
							<String ID="string_17" HPOS="672" VPOS="195" WIDTH="57" HEIGHT="21" WC="0.96" CONTENT="bana"/><SP WIDTH="15" VPOS="195" HPOS="729"/>
							<String ID="string_18" HPOS="744" VPOS="194" WIDTH="49" HEIGHT="22" WC="0.93" CONTENT="från"/><SP WIDTH="12" VPOS="194" HPOS="793"/>
							<String ID="string_19" HPOS="805" VPOS="194" WIDTH="99" HEIGHT="27" WC="0.91" CONTENT="Kaipiais"/><SP WIDTH="11" VPOS="194" HPOS="904"/>
							<String ID="string_20" HPOS="915" VPOS="194" WIDTH="35" HEIGHT="22" WC="0.96" CONTENT="till"/>
						</TextLine>
						<TextLine ID="line_3" HPOS="197" VPOS="228" WIDTH="752" HEIGHT="29">
							<String ID="string_21" HPOS="197" VPOS="228" WIDTH="170" HEIGHT="23" WC="0.96" CONTENT="Fredrikshamn"/><SP WIDTH="19" VPOS="228" HPOS="367"/>
							<String ID="string_22" HPOS="386" VPOS="230" WIDTH="40" HEIGHT="22" WC="0.96" CONTENT="har"/><SP WIDTH="20" VPOS="230" HPOS="426"/>
							<String ID="string_23" HPOS="446" VPOS="230" WIDTH="112" HEIGHT="22" WC="0.96" CONTENT="utskottet"/><SP WIDTH="23" VPOS="230" HPOS="558"/>
							<String ID="string_24" HPOS="581" VPOS="231" WIDTH="58" HEIGHT="22" WC="0.96" CONTENT="varit"/><SP WIDTH="16" VPOS="231" HPOS="639"/>
							<String ID="string_25" HPOS="655" VPOS="231" WIDTH="7" HEIGHT="21" WC="0.96" CONTENT="i"/><SP WIDTH="17" VPOS="231" HPOS="662"/>
							<String ID="string_26" HPOS="679" VPOS="230" WIDTH="86" HEIGHT="22" WC="0.96" CONTENT="tillfälle"/><SP WIDTH="15" VPOS="230" HPOS="765"/>
							<String ID="string_27" HPOS="780" VPOS="232" WIDTH="34" HEIGHT="20" WC="0.96" CONTENT="att"/><SP WIDTH="16" VPOS="232" HPOS="814"/>
							<String ID="string_28" HPOS="830" VPOS="230" WIDTH="70" HEIGHT="22" WC="0.95" CONTENT="uttala"/><SP WIDTH="16" VPOS="230" HPOS="900"/>
							<String ID="string_29" HPOS="916" VPOS="230" WIDTH="33" HEIGHT="27" WC="0.96" CONTENT="sig"/>
						</TextLine>
						<TextLine ID="line_4" HPOS="197" VPOS="264" WIDTH="751" HEIGHT="30">
							<String ID="string_30" HPOS="197" VPOS="264" WIDTH="32" HEIGHT="26" WC="0.96" CONTENT="tig"/><SP WIDTH="20" VPOS="264" HPOS="229"/>
							<String ID="string_31" HPOS="249" VPOS="264" WIDTH="36" HEIGHT="22" WC="0.95" CONTENT="till"/><SP WIDTH="18" VPOS="264" HPOS="285"/>
							<String ID="string_32" HPOS="303" VPOS="265" WIDTH="85" HEIGHT="22" WC="0.95" CONTENT="förmån"/><SP WIDTH="15" VPOS="265" HPOS="388"/>
							<String ID="string_33" HPOS="403" VPOS="266" WIDTH="33" HEIGHT="21" WC="0.96" CONTENT="för"/><SP WIDTH="16" VPOS="266" HPOS="436"/>
							<String ID="string_34" HPOS="452" VPOS="272" WIDTH="27" HEIGHT="16" WC="0.96" CONTENT="en"/><SP WIDTH="16" VPOS="272" HPOS="479"/>
							<String ID="string_35" HPOS="495" VPOS="266" WIDTH="127" HEIGHT="28" WC="0.96" CONTENT="sträckning"/><SP WIDTH="16" VPOS="266" HPOS="622"/>
							<String ID="string_36" HPOS="638" VPOS="266" WIDTH="48" HEIGHT="22" WC="0.93" CONTENT="från"/><SP WIDTH="16" VPOS="266" HPOS="686"/>
							<String ID="string_37" HPOS="702" VPOS="266" WIDTH="100" HEIGHT="27" WC="0.92" CONTENT="Kaipiais"/><SP WIDTH="15" VPOS="266" HPOS="802"/>
							<String ID="string_38" HPOS="817" VPOS="266" WIDTH="35" HEIGHT="22" WC="0.96" CONTENT="till"/><SP WIDTH="15" VPOS="266" HPOS="852"/>
							<String ID="string_39" HPOS="867" VPOS="266" WIDTH="81" HEIGHT="26" WC="0.96" CONTENT="Kotka,"/>
						</TextLine>
						<TextLine ID="line_5" HPOS="197" VPOS="301" WIDTH="751" HEIGHT="28">
							<String ID="string_40" HPOS="197" VPOS="302" WIDTH="28" HEIGHT="24" WC="0.96" CONTENT="på"/><SP WIDTH="19" VPOS="302" HPOS="225"/>
							<String ID="string_41" HPOS="244" VPOS="301" WIDTH="71" HEIGHT="27" WC="0.96" CONTENT="grund"/><SP WIDTH="22" VPOS="301" HPOS="315"/>
							<String ID="string_42" HPOS="337" VPOS="301" WIDTH="66" HEIGHT="21" WC="0.96" CONTENT="bland"/><SP WIDTH="16" VPOS="301" HPOS="403"/>
							<String ID="string_43" HPOS="419" VPOS="304" WIDTH="68" HEIGHT="19" WC="0.96" CONTENT="annat"/><SP WIDTH="16" VPOS="304" HPOS="487"/>
							<String ID="string_44" HPOS="503" VPOS="302" WIDTH="23" HEIGHT="21" WC="0.96" CONTENT="af"/><SP WIDTH="14" VPOS="302" HPOS="526"/>
							<String ID="string_45" HPOS="540" VPOS="304" WIDTH="34" HEIGHT="20" WC="0.96" CONTENT="att"/><SP WIDTH="15" VPOS="304" HPOS="574"/>
							<String ID="string_46" HPOS="589" VPOS="302" WIDTH="74" HEIGHT="22" WC="0.96" CONTENT="Kotka"/><SP WIDTH="15" VPOS="302" HPOS="663"/>
							<String ID="string_47" HPOS="678" VPOS="303" WIDTH="73" HEIGHT="21" WC="0.93" CONTENT="såsom"/><SP WIDTH="16" VPOS="303" HPOS="751"/>
							<String ID="string_48" HPOS="767" VPOS="302" WIDTH="125" HEIGHT="27" WC="0.92" CONTENT="hamnplats"/><SP WIDTH="16" VPOS="302" HPOS="892"/>
							<String ID="string_49" HPOS="908" VPOS="302" WIDTH="40" HEIGHT="20" WC="0.96" CONTENT="och"/>
						</TextLine>
						<TextLine ID="line_6" HPOS="196" VPOS="336" WIDTH="753" HEIGHT="29">
							<String ID="string_50" HPOS="196" VPOS="336" WIDTH="102" HEIGHT="22" WC="0.90" CONTENT="trafikort"/><SP WIDTH="23" VPOS="336" HPOS="298"/>
							<String ID="string_51" HPOS="321" VPOS="338" WIDTH="52" HEIGHT="20" WC="0.93" CONTENT="utan"/><SP WIDTH="15" VPOS="338" HPOS="373"/>
							<String ID="string_52" HPOS="388" VPOS="338" WIDTH="129" HEIGHT="27" WC="0.92" CONTENT="gensägelse"/><SP WIDTH="17" VPOS="338" HPOS="517"/>
							<String ID="string_53" HPOS="534" VPOS="339" WIDTH="46" HEIGHT="20" WC="0.96" CONTENT="står"/><SP WIDTH="14" VPOS="339" HPOS="580"/>
							<String ID="string_54" HPOS="594" VPOS="338" WIDTH="52" HEIGHT="22" WC="0.93" CONTENT="vida"/><SP WIDTH="16" VPOS="338" HPOS="646"/>
							<String ID="string_55" HPOS="662" VPOS="338" WIDTH="92" HEIGHT="21" WC="0.92" CONTENT="framom"/><SP WIDTH="16" VPOS="338" HPOS="754"/>
							<String ID="string_56" HPOS="770" VPOS="338" WIDTH="179" HEIGHT="26" WC="0.96" CONTENT="Fredrikshamn,"/>
						</TextLine>
						<TextLine ID="line_7" HPOS="196" VPOS="371" WIDTH="753" HEIGHT="30">
							<String ID="string_57" HPOS="196" VPOS="371" WIDTH="149" HEIGHT="23" WC="0.91" CONTENT="hvarförutom"/><SP WIDTH="15" VPOS="371" HPOS="345"/>
							<String ID="string_58" HPOS="360" VPOS="372" WIDTH="74" HEIGHT="22" WC="0.96" CONTENT="Kotka"/><SP WIDTH="10" VPOS="372" HPOS="434"/>
							<String ID="string_59" HPOS="444" VPOS="374" WIDTH="50" HEIGHT="21" WC="0.96" CONTENT="stad"/><SP WIDTH="12" VPOS="374" HPOS="494"/>
							<String ID="string_60" HPOS="506" VPOS="373" WIDTH="95" HEIGHT="27" WC="0.96" CONTENT="erbjudit"/><SP WIDTH="10" VPOS="373" HPOS="601"/>
							<String ID="string_61" HPOS="611" VPOS="375" WIDTH="33" HEIGHT="21" WC="0.96" CONTENT="ett"/><SP WIDTH="9" VPOS="375" HPOS="644"/>
							<String ID="string_62" HPOS="653" VPOS="374" WIDTH="73" HEIGHT="21" WC="0.96" CONTENT="direkt"/><SP WIDTH="8" VPOS="374" HPOS="726"/>
							<String ID="string_63" HPOS="734" VPOS="373" WIDTH="77" HEIGHT="27" WC="0.96" CONTENT="bidrag"/><SP WIDTH="9" VPOS="373" HPOS="811"/>
							<String ID="string_64" HPOS="820" VPOS="373" WIDTH="24" HEIGHT="22" WC="0.93" CONTENT="af"/><SP WIDTH="8" VPOS="373" HPOS="844"/>
							<String ID="string_65" HPOS="852" VPOS="373" WIDTH="97" HEIGHT="28" WC="0.91" CONTENT="400,000"/>
						</TextLine>
						<TextLine ID="line_8" HPOS="197" VPOS="408" WIDTH="69" HEIGHT="21">
							<String ID="string_66" HPOS="197" VPOS="408" WIDTH="69" HEIGHT="21" WC="0.96" CONTENT="mark."/>
						</TextLine>
					</TextBlock>
					<TextBlock ID="block_2" HPOS="197" VPOS="443" WIDTH="753" HEIGHT="172">
						<TextLine ID="line_9" HPOS="271" VPOS="443" WIDTH="679" HEIGHT="30">
							<String ID="string_67" HPOS="271" VPOS="443" WIDTH="35" HEIGHT="22" WC="0.96" CONTENT="Då"/><SP WIDTH="22" VPOS="443" HPOS="306"/>
							<String ID="string_68" HPOS="328" VPOS="445" WIDTH="122" HEIGHT="22" WC="0.94" CONTENT="emellertid"/><SP WIDTH="23" VPOS="445" HPOS="450"/>
							<String ID="string_69" HPOS="473" VPOS="445" WIDTH="57" HEIGHT="22" WC="0.93" CONTENT="både"/><SP WIDTH="15" VPOS="445" HPOS="530"/>
							<String ID="string_70" HPOS="545" VPOS="445" WIDTH="123" HEIGHT="28" WC="0.91" CONTENT="petitionen"/><SP WIDTH="24" VPOS="445" HPOS="668"/>
							<String ID="string_71" HPOS="692" VPOS="446" WIDTH="111" HEIGHT="27" WC="0.96" CONTENT="angående"/><SP WIDTH="23" VPOS="446" HPOS="803"/>
							<String ID="string_72" HPOS="826" VPOS="445" WIDTH="73" HEIGHT="22" WC="0.96" CONTENT="banan"/><SP WIDTH="17" VPOS="445" HPOS="899"/>
							<String ID="string_73" HPOS="916" VPOS="445" WIDTH="34" HEIGHT="22" WC="0.96" CONTENT="till"/>
						</TextLine>
						<TextLine ID="line_10" HPOS="197" VPOS="479" WIDTH="752" HEIGHT="30">
							<String ID="string_74" HPOS="197" VPOS="479" WIDTH="169" HEIGHT="22" WC="0.96" CONTENT="Fredrikshamn"/><SP WIDTH="22" VPOS="479" HPOS="366"/>
							<String ID="string_75" HPOS="388" VPOS="481" WIDTH="40" HEIGHT="21" WC="0.96" CONTENT="och"/><SP WIDTH="23" VPOS="481" HPOS="428"/>
							<String ID="string_76" HPOS="451" VPOS="481" WIDTH="38" HEIGHT="22" WC="0.96" CONTENT="det"/><SP WIDTH="21" VPOS="481" HPOS="489"/>
							<String ID="string_77" HPOS="510" VPOS="481" WIDTH="131" HEIGHT="22" WC="0.96" CONTENT="alternativa"/><SP WIDTH="16" VPOS="481" HPOS="641"/>
							<String ID="string_78" HPOS="657" VPOS="481" WIDTH="106" HEIGHT="28" WC="0.96" CONTENT="förslaget"/><SP WIDTH="16" VPOS="481" HPOS="763"/>
							<String ID="string_79" HPOS="779" VPOS="481" WIDTH="7" HEIGHT="22" WC="0.96" CONTENT="i"/><SP WIDTH="16" VPOS="481" HPOS="786"/>
							<String ID="string_80" HPOS="802" VPOS="481" WIDTH="147" HEIGHT="28" WC="0.96" CONTENT="föreliggande"/>
						</TextLine>
						<TextLine ID="line_11" HPOS="197" VPOS="515" WIDTH="753" HEIGHT="29">
							<String ID="string_81" HPOS="197" VPOS="515" WIDTH="105" HEIGHT="27" WC="0.90" CONTENT="petitions"/><SP WIDTH="23" VPOS="515" HPOS="302"/>
							<String ID="string_82" HPOS="325" VPOS="517" WIDTH="113" HEIGHT="21" WC="0.95" CONTENT="memorial"/><SP WIDTH="23" VPOS="517" HPOS="438"/>
							<String ID="string_83" HPOS="461" VPOS="517" WIDTH="121" HEIGHT="22" WC="0.96" CONTENT="förutsätta"/><SP WIDTH="22" VPOS="517" HPOS="582"/>
							<String ID="string_84" HPOS="604" VPOS="519" WIDTH="34" HEIGHT="20" WC="0.96" CONTENT="att"/><SP WIDTH="24" VPOS="519" HPOS="638"/>
							<String ID="string_85" HPOS="662" VPOS="519" WIDTH="73" HEIGHT="20" WC="0.95" CONTENT="staten"/><SP WIDTH="16" VPOS="519" HPOS="735"/>
							<String ID="string_86" HPOS="751" VPOS="517" WIDTH="70" HEIGHT="22" WC="0.93" CONTENT="skulle"/><SP WIDTH="17" VPOS="517" HPOS="821"/>
							<String ID="string_87" HPOS="838" VPOS="517" WIDTH="112" HEIGHT="27" WC="0.91" CONTENT="öfvertaga"/>
						</TextLine>
						<TextLine ID="line_12" HPOS="197" VPOS="551" WIDTH="752" HEIGHT="28">
							<String ID="string_88" HPOS="197" VPOS="551" WIDTH="178" HEIGHT="28" WC="0.91" CONTENT="banbyggnaden,"/><SP WIDTH="24" VPOS="551" HPOS="375"/>
							<String ID="string_89" HPOS="399" VPOS="553" WIDTH="39" HEIGHT="21" WC="0.96" CONTENT="har"/><SP WIDTH="23" VPOS="553" HPOS="438"/>
							<String ID="string_90" HPOS="461" VPOS="553" WIDTH="110" HEIGHT="22" WC="0.95" CONTENT="utskottet"/><SP WIDTH="23" VPOS="553" HPOS="571"/>
							<String ID="string_91" HPOS="594" VPOS="553" WIDTH="49" HEIGHT="22" WC="0.96" CONTENT="icke"/><SP WIDTH="23" VPOS="553" HPOS="643"/>
							<String ID="string_92" HPOS="666" VPOS="553" WIDTH="85" HEIGHT="22" WC="0.96" CONTENT="kunnat"/><SP WIDTH="15" VPOS="553" HPOS="751"/>
							<String ID="string_93" HPOS="766" VPOS="553" WIDTH="89" HEIGHT="21" WC="0.93" CONTENT="förorda"/><SP WIDTH="15" VPOS="553" HPOS="855"/>
							<String ID="string_94" HPOS="870" VPOS="554" WIDTH="79" HEIGHT="25" WC="0.92" CONTENT="någon-"/>
						</TextLine>
						<TextLine ID="line_13" HPOS="197" VPOS="587" WIDTH="309" HEIGHT="28">
							<String ID="string_95" HPOS="197" VPOS="587" WIDTH="52" HEIGHT="21" WC="0.96" CONTENT="dera"/><SP WIDTH="16" VPOS="587" HPOS="249"/>
							<String ID="string_96" HPOS="265" VPOS="587" WIDTH="24" HEIGHT="21" WC="0.96" CONTENT="af"/><SP WIDTH="14" VPOS="587" HPOS="289"/>
							<String ID="string_97" HPOS="303" VPOS="588" WIDTH="63" HEIGHT="21" WC="0.93" CONTENT="dessa"/><SP WIDTH="15" VPOS="588" HPOS="366"/>
							<String ID="string_98" HPOS="381" VPOS="589" WIDTH="125" HEIGHT="26" WC="0.91" CONTENT="petitioner."/>
						</TextLine>
					</TextBlock>
					<TextBlock ID="block_3" HPOS="194" VPOS="623" WIDTH="756" HEIGHT="351">
						<TextLine ID="line_14" HPOS="267" VPOS="623" WIDTH="683" HEIGHT="29">
							<String ID="string_99" HPOS="267" VPOS="623" WIDTH="114" HEIGHT="22" WC="0.96" CONTENT="Utskottet"/><SP WIDTH="15" VPOS="623" HPOS="381"/>
							<String ID="string_100" HPOS="396" VPOS="626" WIDTH="24" HEIGHT="19" WC="0.96" CONTENT="är"/><SP WIDTH="16" VPOS="626" HPOS="420"/>
							<String ID="string_101" HPOS="436" VPOS="624" WIDTH="24" HEIGHT="21" WC="0.96" CONTENT="af"/><SP WIDTH="14" VPOS="624" HPOS="460"/>
							<String ID="string_102" HPOS="474" VPOS="625" WIDTH="41" HEIGHT="21" WC="0.97" CONTENT="den"/><SP WIDTH="16" VPOS="625" HPOS="515"/>
							<String ID="string_103" HPOS="531" VPOS="625" WIDTH="95" HEIGHT="27" WC="0.96" CONTENT="mening,"/><SP WIDTH="11" VPOS="625" HPOS="626"/>
							<String ID="string_104" HPOS="637" VPOS="626" WIDTH="34" HEIGHT="20" WC="0.96" CONTENT="att"/><SP WIDTH="16" VPOS="626" HPOS="671"/>
							<String ID="string_105" HPOS="687" VPOS="627" WIDTH="72" HEIGHT="19" WC="0.96" CONTENT="staten"/><SP WIDTH="14" VPOS="627" HPOS="759"/>
							<String ID="string_106" HPOS="773" VPOS="625" WIDTH="33" HEIGHT="21" WC="0.96" CONTENT="för"/><SP WIDTH="10" VPOS="625" HPOS="806"/>
							<String ID="string_107" HPOS="816" VPOS="624" WIDTH="134" HEIGHT="22" WC="0.95" CONTENT="närvarande"/>
						</TextLine>
						<TextLine ID="line_15" HPOS="197" VPOS="659" WIDTH="753" HEIGHT="29">
							<String ID="string_108" HPOS="197" VPOS="659" WIDTH="152" HEIGHT="27" WC="0.81" CONTENT="törnämligast"/><SP WIDTH="9" VPOS="659" HPOS="349"/>
							<String ID="string_109" HPOS="358" VPOS="659" WIDTH="40" HEIGHT="22" WC="0.96" CONTENT="bör"/><SP WIDTH="16" VPOS="659" HPOS="398"/>
							<String ID="string_110" HPOS="414" VPOS="661" WIDTH="99" HEIGHT="21" WC="0.96" CONTENT="använda"/><SP WIDTH="16" VPOS="661" HPOS="513"/>
							<String ID="string_111" HPOS="529" VPOS="661" WIDTH="48" HEIGHT="21" WC="0.95" CONTENT="sina"/><SP WIDTH="16" VPOS="661" HPOS="577"/>
							<String ID="string_112" HPOS="593" VPOS="661" WIDTH="118" HEIGHT="27" WC="0.96" CONTENT="tillgångar"/><SP WIDTH="14" VPOS="661" HPOS="711"/>
							<String ID="string_113" HPOS="725" VPOS="661" WIDTH="35" HEIGHT="20" WC="0.96" CONTENT="till"/><SP WIDTH="17" VPOS="661" HPOS="760"/>
							<String ID="string_114" HPOS="777" VPOS="662" WIDTH="32" HEIGHT="19" WC="0.96" CONTENT="att"/><SP WIDTH="17" VPOS="662" HPOS="809"/>
							<String ID="string_115" HPOS="826" VPOS="660" WIDTH="57" HEIGHT="22" WC="0.93" CONTENT="inom"/><SP WIDTH="17" VPOS="660" HPOS="883"/>
							<String ID="string_116" HPOS="900" VPOS="660" WIDTH="50" HEIGHT="21" WC="0.92" CONTENT="kor-"/>
						</TextLine>
						<TextLine ID="line_16" HPOS="197" VPOS="695" WIDTH="753" HEIGHT="27">
							<String ID="string_117" HPOS="197" VPOS="696" WIDTH="45" HEIGHT="19" WC="0.69" CONTENT="tast"/><SP WIDTH="23" VPOS="696" HPOS="242"/>
							<String ID="string_118" HPOS="265" VPOS="695" WIDTH="89" HEIGHT="27" WC="0.96" CONTENT="möjliga"/><SP WIDTH="24" VPOS="695" HPOS="354"/>
							<String ID="string_119" HPOS="378" VPOS="695" WIDTH="34" HEIGHT="22" WC="0.92" CONTENT="tid"/><SP WIDTH="25" VPOS="695" HPOS="412"/>
							<String ID="string_120" HPOS="437" VPOS="696" WIDTH="92" HEIGHT="21" WC="0.96" CONTENT="slutföra"/><SP WIDTH="15" VPOS="696" HPOS="529"/>
							<String ID="string_121" HPOS="544" VPOS="697" WIDTH="86" HEIGHT="21" WC="0.93" CONTENT="landets"/><SP WIDTH="26" VPOS="697" HPOS="630"/>
							<String ID="string_122" HPOS="656" VPOS="696" WIDTH="159" HEIGHT="22" WC="0.91" CONTENT="stambanenät."/><SP WIDTH="34" VPOS="696" HPOS="815"/>
							<String ID="string_123" HPOS="849" VPOS="696" WIDTH="42" HEIGHT="21" WC="0.96" CONTENT="För"/><SP WIDTH="26" VPOS="696" HPOS="891"/>
							<String ID="string_124" HPOS="917" VPOS="697" WIDTH="33" HEIGHT="20" WC="0.96" CONTENT="att"/>
						</TextLine>
						<TextLine ID="line_17" HPOS="197" VPOS="730" WIDTH="752" HEIGHT="29">
							<String ID="string_125" HPOS="197" VPOS="730" WIDTH="56" HEIGHT="21" WC="0.96" CONTENT="dock"/><SP WIDTH="15" VPOS="730" HPOS="253"/>
							<String ID="string_126" HPOS="268" VPOS="730" WIDTH="124" HEIGHT="27" WC="0.96" CONTENT="byggandet"/><SP WIDTH="14" VPOS="730" HPOS="392"/>
							<String ID="string_127" HPOS="406" VPOS="731" WIDTH="24" HEIGHT="22" WC="0.93" CONTENT="af"/><SP WIDTH="13" VPOS="731" HPOS="430"/>
							<String ID="string_128" HPOS="443" VPOS="731" WIDTH="98" HEIGHT="28" WC="0.88" CONTENT="bibanor,"/><SP WIDTH="12" VPOS="731" HPOS="541"/>
							<String ID="string_129" HPOS="553" VPOS="732" WIDTH="85" HEIGHT="22" WC="0.92" CONTENT="hvilkas"/><SP WIDTH="16" VPOS="732" HPOS="638"/>
							<String ID="string_130" HPOS="654" VPOS="734" WIDTH="60" HEIGHT="20" WC="0.96" CONTENT="stora"/><SP WIDTH="10" VPOS="734" HPOS="714"/>
							<String ID="string_131" HPOS="724" VPOS="731" WIDTH="111" HEIGHT="28" WC="0.96" CONTENT="betydelse"/><SP WIDTH="12" VPOS="731" HPOS="835"/>
							<String ID="string_132" HPOS="847" VPOS="732" WIDTH="39" HEIGHT="21" WC="0.93" CONTENT="och"/><SP WIDTH="11" VPOS="732" HPOS="886"/>
							<String ID="string_133" HPOS="897" VPOS="732" WIDTH="52" HEIGHT="21" WC="0.93" CONTENT="nöd-"/>
						</TextLine>
						<TextLine ID="line_18" HPOS="196" VPOS="766" WIDTH="752" HEIGHT="29">
							<String ID="string_134" HPOS="196" VPOS="766" WIDTH="119" HEIGHT="27" WC="0.92" CONTENT="vändighet"/><SP WIDTH="20" VPOS="766" HPOS="315"/>
							<String ID="string_135" HPOS="335" VPOS="767" WIDTH="109" HEIGHT="22" WC="0.93" CONTENT="utskottet"/><SP WIDTH="19" VPOS="767" HPOS="444"/>
							<String ID="string_136" HPOS="463" VPOS="767" WIDTH="34" HEIGHT="22" WC="0.93" CONTENT="till"/><SP WIDTH="16" VPOS="767" HPOS="497"/>
							<String ID="string_137" HPOS="513" VPOS="768" WIDTH="53" HEIGHT="21" WC="0.92" CONTENT="fullo"/><SP WIDTH="16" VPOS="768" HPOS="566"/>
							<String ID="string_138" HPOS="582" VPOS="769" WIDTH="137" HEIGHT="26" WC="0.92" CONTENT="uppskattar,"/><SP WIDTH="17" VPOS="769" HPOS="719"/>
							<String ID="string_139" HPOS="736" VPOS="768" WIDTH="47" HEIGHT="21" WC="0.92" CONTENT="icke"/><SP WIDTH="15" VPOS="768" HPOS="783"/>
							<String ID="string_140" HPOS="798" VPOS="769" WIDTH="69" HEIGHT="20" WC="0.93" CONTENT="mätte"/><SP WIDTH="15" VPOS="769" HPOS="867"/>
							<String ID="string_141" HPOS="882" VPOS="767" WIDTH="66" HEIGHT="28" WC="0.90" CONTENT="omöj-"/>
						</TextLine>
						<TextLine ID="line_19" HPOS="196" VPOS="801" WIDTH="753" HEIGHT="30">
							<String ID="string_142" HPOS="196" VPOS="801" WIDTH="102" HEIGHT="28" WC="0.93" CONTENT="liggöras,"/><SP WIDTH="21" VPOS="801" HPOS="298"/>
							<String ID="string_143" HPOS="319" VPOS="803" WIDTH="62" HEIGHT="21" WC="0.93" CONTENT="torde"/><SP WIDTH="16" VPOS="803" HPOS="381"/>
							<String ID="string_144" HPOS="397" VPOS="803" WIDTH="211" HEIGHT="22" WC="0.92" CONTENT="statssubventioner"/><SP WIDTH="16" VPOS="803" HPOS="608"/>
							<String ID="string_145" HPOS="624" VPOS="804" WIDTH="73" HEIGHT="21" WC="0.93" CONTENT="sävidt"/><SP WIDTH="15" VPOS="804" HPOS="697"/>
							<String ID="string_146" HPOS="712" VPOS="803" WIDTH="87" HEIGHT="28" WC="0.93" CONTENT="möjligt"/><SP WIDTH="15" VPOS="803" HPOS="799"/>
							<String ID="string_147" HPOS="814" VPOS="803" WIDTH="53" HEIGHT="22" WC="0.92" CONTENT="böra"/><SP WIDTH="15" VPOS="803" HPOS="867"/>
							<String ID="string_148" HPOS="882" VPOS="803" WIDTH="67" HEIGHT="22" WC="0.93" CONTENT="bevil-"/>
						</TextLine>
						<TextLine ID="line_20" HPOS="194" VPOS="837" WIDTH="756" HEIGHT="30">
							<String ID="string_149" HPOS="194" VPOS="837" WIDTH="35" HEIGHT="26" WC="0.92" CONTENT="jas"/><SP WIDTH="24" VPOS="837" HPOS="229"/>
							<String ID="string_150" HPOS="253" VPOS="839" WIDTH="23" HEIGHT="20" WC="0.94" CONTENT="ät"/><SP WIDTH="23" VPOS="839" HPOS="276"/>
							<String ID="string_151" HPOS="299" VPOS="838" WIDTH="85" HEIGHT="27" WC="0.96" CONTENT="privata"/><SP WIDTH="22" VPOS="838" HPOS="384"/>
							<String ID="string_152" HPOS="406" VPOS="839" WIDTH="65" HEIGHT="28" WC="0.96" CONTENT="bolag"/><SP WIDTH="21" VPOS="839" HPOS="471"/>
							<String ID="string_153" HPOS="492" VPOS="839" WIDTH="34" HEIGHT="22" WC="0.93" CONTENT="för"/><SP WIDTH="19" VPOS="839" HPOS="526"/>
							<String ID="string_154" HPOS="545" VPOS="840" WIDTH="117" HEIGHT="21" WC="0.92" CONTENT="utförande"/><SP WIDTH="16" VPOS="840" HPOS="662"/>
							<String ID="string_155" HPOS="678" VPOS="839" WIDTH="24" HEIGHT="22" WC="0.93" CONTENT="af"/><SP WIDTH="14" VPOS="839" HPOS="702"/>
							<String ID="string_156" HPOS="716" VPOS="840" WIDTH="88" HEIGHT="21" WC="0.92" CONTENT="sädana."/><SP WIDTH="32" VPOS="840" HPOS="804"/>
							<String ID="string_157" HPOS="836" VPOS="839" WIDTH="114" HEIGHT="22" WC="0.92" CONTENT="Utskottet"/>
						</TextLine>
						<TextLine ID="line_21" HPOS="196" VPOS="873" WIDTH="753" HEIGHT="29">
							<String ID="string_158" HPOS="196" VPOS="873" WIDTH="39" HEIGHT="21" WC="0.96" CONTENT="vill"/><SP WIDTH="16" VPOS="873" HPOS="235"/>
							<String ID="string_159" HPOS="251" VPOS="874" WIDTH="25" HEIGHT="21" WC="0.96" CONTENT="sä"/><SP WIDTH="15" VPOS="874" HPOS="276"/>
							<String ID="string_160" HPOS="291" VPOS="874" WIDTH="86" HEIGHT="27" WC="0.93" CONTENT="mycket"/><SP WIDTH="15" VPOS="874" HPOS="377"/>
							<String ID="string_161" HPOS="392" VPOS="875" WIDTH="68" HEIGHT="21" WC="0.92" CONTENT="hellre"/><SP WIDTH="18" VPOS="875" HPOS="460"/>
							<String ID="string_162" HPOS="478" VPOS="875" WIDTH="89" HEIGHT="22" WC="0.90" CONTENT="biträda"/><SP WIDTH="16" VPOS="875" HPOS="567"/>
							<String ID="string_163" HPOS="583" VPOS="882" WIDTH="27" HEIGHT="15" WC="0.93" CONTENT="en"/><SP WIDTH="16" VPOS="882" HPOS="610"/>
							<String ID="string_164" HPOS="626" VPOS="876" WIDTH="68" HEIGHT="21" WC="0.92" CONTENT="sädan"/><SP WIDTH="16" VPOS="876" HPOS="694"/>
							<String ID="string_165" HPOS="710" VPOS="875" WIDTH="63" HEIGHT="27" WC="0.93" CONTENT="äsigt,"/><SP WIDTH="15" VPOS="875" HPOS="773"/>
							<String ID="string_166" HPOS="788" VPOS="881" WIDTH="47" HEIGHT="15" WC="0.93" CONTENT="som"/><SP WIDTH="17" VPOS="881" HPOS="835"/>
							<String ID="string_167" HPOS="852" VPOS="875" WIDTH="97" HEIGHT="21" WC="0.91" CONTENT="tillkom-"/>
						</TextLine>
						<TextLine ID="line_22" HPOS="197" VPOS="909" WIDTH="753" HEIGHT="30">
							<String ID="string_168" HPOS="197" VPOS="910" WIDTH="48" HEIGHT="20" WC="0.94" CONTENT="sten"/><SP WIDTH="24" VPOS="910" HPOS="245"/>
							<String ID="string_169" HPOS="269" VPOS="909" WIDTH="24" HEIGHT="22" WC="0.94" CONTENT="af"/><SP WIDTH="21" VPOS="909" HPOS="293"/>
							<String ID="string_170" HPOS="314" VPOS="910" WIDTH="84" HEIGHT="27" WC="0.93" CONTENT="privata"/><SP WIDTH="15" VPOS="910" HPOS="398"/>
							<String ID="string_171" HPOS="413" VPOS="911" WIDTH="68" HEIGHT="21" WC="0.92" CONTENT="banor"/><SP WIDTH="15" VPOS="911" HPOS="481"/>
							<String ID="string_172" HPOS="496" VPOS="911" WIDTH="73" HEIGHT="22" WC="0.93" CONTENT="kunde"/><SP WIDTH="24" VPOS="911" HPOS="569"/>
							<String ID="string_173" HPOS="593" VPOS="911" WIDTH="59" HEIGHT="28" WC="0.92" CONTENT="gifva"/><SP WIDTH="20" VPOS="911" HPOS="652"/>
							<String ID="string_174" HPOS="672" VPOS="911" WIDTH="118" HEIGHT="27" WC="0.92" CONTENT="anledning"/><SP WIDTH="21" VPOS="911" HPOS="790"/>
							<String ID="string_175" HPOS="811" VPOS="910" WIDTH="35" HEIGHT="22" WC="0.96" CONTENT="till"/><SP WIDTH="21" VPOS="910" HPOS="846"/>
							<String ID="string_176" HPOS="867" VPOS="917" WIDTH="27" HEIGHT="15" WC="0.97" CONTENT="en"/><SP WIDTH="16" VPOS="917" HPOS="894"/>
							<String ID="string_177" HPOS="910" VPOS="911" WIDTH="40" HEIGHT="21" WC="0.96" CONTENT="allt"/>
						</TextLine>
						<TextLine ID="line_23" HPOS="197" VPOS="945" WIDTH="635" HEIGHT="29">
							<String ID="string_178" HPOS="197" VPOS="945" WIDTH="138" HEIGHT="26" WC="0.92" CONTENT="mängsidare"/><SP WIDTH="16" VPOS="945" HPOS="335"/>
							<String ID="string_179" HPOS="351" VPOS="947" WIDTH="124" HEIGHT="27" WC="0.96" CONTENT="utveckling"/><SP WIDTH="15" VPOS="947" HPOS="475"/>
							<String ID="string_180" HPOS="490" VPOS="947" WIDTH="24" HEIGHT="21" WC="0.93" CONTENT="af"/><SP WIDTH="14" VPOS="947" HPOS="514"/>
							<String ID="string_181" HPOS="528" VPOS="947" WIDTH="85" HEIGHT="22" WC="0.92" CONTENT="landets"/><SP WIDTH="13" VPOS="947" HPOS="613"/>
							<String ID="string_182" HPOS="626" VPOS="947" WIDTH="206" HEIGHT="27" WC="0.91" CONTENT="jernvägsväsende."/>
						</TextLine>
					</TextBlock>
					<TextBlock ID="block_4" HPOS="196" VPOS="981" WIDTH="756" HEIGHT="165">
						<TextLine ID="line_24" HPOS="266" VPOS="981" WIDTH="686" HEIGHT="28">
							<String ID="string_183" HPOS="266" VPOS="981" WIDTH="30" HEIGHT="22" WC="0.96" CONTENT="Af"/><SP WIDTH="21" VPOS="981" HPOS="296"/>
							<String ID="string_184" HPOS="317" VPOS="982" WIDTH="26" HEIGHT="21" WC="0.93" CONTENT="de"/><SP WIDTH="15" VPOS="982" HPOS="343"/>
							<String ID="string_185" HPOS="358" VPOS="982" WIDTH="203" HEIGHT="27" WC="0.92" CONTENT="bansträckningar,"/><SP WIDTH="16" VPOS="982" HPOS="561"/>
							<String ID="string_186" HPOS="577" VPOS="989" WIDTH="46" HEIGHT="15" WC="0.96" CONTENT="som"/><SP WIDTH="17" VPOS="989" HPOS="623"/>
							<String ID="string_187" HPOS="640" VPOS="983" WIDTH="74" HEIGHT="22" WC="0.96" CONTENT="kunna"/><SP WIDTH="16" VPOS="983" HPOS="714"/>
							<String ID="string_188" HPOS="730" VPOS="988" WIDTH="63" HEIGHT="16" WC="0.93" CONTENT="anses"/><SP WIDTH="16" VPOS="988" HPOS="793"/>
							<String ID="string_189" HPOS="809" VPOS="982" WIDTH="104" HEIGHT="27" WC="0.92" CONTENT="förtjenta"/><SP WIDTH="15" VPOS="982" HPOS="913"/>
							<String ID="string_190" HPOS="928" VPOS="981" WIDTH="24" HEIGHT="22" WC="0.97" CONTENT="af"/>
						</TextLine>
						<TextLine ID="line_25" HPOS="196" VPOS="1017" WIDTH="754" HEIGHT="28">
							<String ID="string_191" HPOS="196" VPOS="1017" WIDTH="184" HEIGHT="28" WC="0.93" CONTENT="statsunderstöd,"/><SP WIDTH="25" VPOS="1017" HPOS="380"/>
							<String ID="string_192" HPOS="405" VPOS="1019" WIDTH="71" HEIGHT="20" WC="0.91" CONTENT="mäste"/><SP WIDTH="20" VPOS="1019" HPOS="476"/>
							<String ID="string_193" HPOS="496" VPOS="1018" WIDTH="71" HEIGHT="21" WC="0.92" CONTENT="banan"/><SP WIDTH="22" VPOS="1018" HPOS="567"/>
							<String ID="string_194" HPOS="589" VPOS="1018" WIDTH="94" HEIGHT="22" WC="0.87" CONTENT="Kotka—"/><SP WIDTH="10" VPOS="1018" HPOS="683"/>
							<String ID="string_195" HPOS="693" VPOS="1013" WIDTH="98" HEIGHT="38" WC="0.93" CONTENT="Kouvola"/><SP WIDTH="25" VPOS="1013" HPOS="791"/>
							<String ID="string_196" HPOS="816" VPOS="1017" WIDTH="76" HEIGHT="22" WC="0.93" CONTENT="ställas"/><SP WIDTH="24" VPOS="1017" HPOS="892"/>
							<String ID="string_197" HPOS="916" VPOS="1019" WIDTH="34" HEIGHT="20" WC="0.91" CONTENT="sä-"/>
						</TextLine>
						<TextLine ID="line_26" HPOS="196" VPOS="1053" WIDTH="754" HEIGHT="22">
							<String ID="string_198" HPOS="196" VPOS="1058" WIDTH="46" HEIGHT="15" WC="0.96" CONTENT="som"/><SP WIDTH="17" VPOS="1058" HPOS="242"/>
							<String ID="string_199" HPOS="259" VPOS="1059" WIDTH="27" HEIGHT="14" WC="0.96" CONTENT="en"/><SP WIDTH="15" VPOS="1059" HPOS="286"/>
							<String ID="string_200" HPOS="301" VPOS="1053" WIDTH="67" HEIGHT="21" WC="0.92" CONTENT="bland"/><SP WIDTH="16" VPOS="1053" HPOS="368"/>
							<String ID="string_201" HPOS="384" VPOS="1053" WIDTH="26" HEIGHT="22" WC="0.93" CONTENT="de"/><SP WIDTH="16" VPOS="1053" HPOS="410"/>
							<String ID="string_202" HPOS="426" VPOS="1053" WIDTH="99" HEIGHT="22" WC="0.95" CONTENT="främsta."/><SP WIDTH="28" VPOS="1053" HPOS="525"/>
							<String ID="string_203" HPOS="553" VPOS="1053" WIDTH="68" HEIGHT="22" WC="0.96" CONTENT="Detta"/><SP WIDTH="15" VPOS="1053" HPOS="621"/>
							<String ID="string_204" HPOS="636" VPOS="1054" WIDTH="41" HEIGHT="21" WC="0.96" CONTENT="har"/><SP WIDTH="15" VPOS="1054" HPOS="677"/>
							<String ID="string_205" HPOS="692" VPOS="1054" WIDTH="35" HEIGHT="21" WC="0.93" CONTENT="till"/><SP WIDTH="16" VPOS="1054" HPOS="727"/>
							<String ID="string_206" HPOS="743" VPOS="1053" WIDTH="54" HEIGHT="22" WC="0.96" CONTENT="fullo"/><SP WIDTH="17" VPOS="1053" HPOS="797"/>
							<String ID="string_207" HPOS="814" VPOS="1053" WIDTH="88" HEIGHT="22" WC="0.92" CONTENT="erkänts"/><SP WIDTH="14" VPOS="1053" HPOS="902"/>
							<String ID="string_208" HPOS="916" VPOS="1059" WIDTH="34" HEIGHT="16" WC="0.93" CONTENT="re-"/>
						</TextLine>
						<TextLine ID="line_27" HPOS="196" VPOS="1087" WIDTH="754" HEIGHT="30">
							<String ID="string_209" HPOS="196" VPOS="1088" WIDTH="43" HEIGHT="21" WC="0.96" CONTENT="dan"/><SP WIDTH="16" VPOS="1088" HPOS="239"/>
							<String ID="string_210" HPOS="255" VPOS="1087" WIDTH="24" HEIGHT="22" WC="0.96" CONTENT="af"/><SP WIDTH="15" VPOS="1087" HPOS="279"/>
							<String ID="string_211" HPOS="294" VPOS="1089" WIDTH="57" HEIGHT="21" WC="0.93" CONTENT="1882"/><SP WIDTH="16" VPOS="1089" HPOS="351"/>
							<String ID="string_212" HPOS="367" VPOS="1090" WIDTH="35" HEIGHT="20" WC="0.93" CONTENT="års"/><SP WIDTH="17" VPOS="1090" HPOS="402"/>
							<String ID="string_213" HPOS="419" VPOS="1089" WIDTH="100" HEIGHT="28" WC="0.92" CONTENT="Ständer,"/><SP WIDTH="16" VPOS="1089" HPOS="519"/>
							<String ID="string_214" HPOS="535" VPOS="1089" WIDTH="101" HEIGHT="22" WC="0.92" CONTENT="hvarföre"/><SP WIDTH="16" VPOS="1089" HPOS="636"/>
							<String ID="string_215" HPOS="652" VPOS="1090" WIDTH="26" HEIGHT="21" WC="0.93" CONTENT="de"/><SP WIDTH="17" VPOS="1090" HPOS="678"/>
							<String ID="string_216" HPOS="695" VPOS="1089" WIDTH="63" HEIGHT="22" WC="0.96" CONTENT="äfven"/><SP WIDTH="10" VPOS="1089" HPOS="758"/>
							<String ID="string_217" HPOS="768" VPOS="1089" WIDTH="108" HEIGHT="27" WC="0.96" CONTENT="beviljade"/><SP WIDTH="11" VPOS="1089" HPOS="876"/>
							<String ID="string_218" HPOS="887" VPOS="1089" WIDTH="63" HEIGHT="21" WC="0.95" CONTENT="ofvan"/>
						</TextLine>
						<TextLine ID="line_28" HPOS="196" VPOS="1123" WIDTH="241" HEIGHT="23">
							<String ID="string_219" HPOS="196" VPOS="1123" WIDTH="91" HEIGHT="22" WC="0.92" CONTENT="anförda"/><SP WIDTH="15" VPOS="1123" HPOS="287"/>
							<String ID="string_220" HPOS="302" VPOS="1124" WIDTH="135" HEIGHT="22" WC="0.91" CONTENT="subvention."/>
						</TextLine>
					</TextBlock>
					<TextBlock ID="block_5" HPOS="190" VPOS="1159" WIDTH="761" HEIGHT="206">
						<TextLine ID="line_29" HPOS="265" VPOS="1159" WIDTH="684" HEIGHT="28">
							<String ID="string_221" HPOS="265" VPOS="1159" WIDTH="43" HEIGHT="22" WC="0.92" CONTENT="Till"/><SP WIDTH="15" VPOS="1159" HPOS="308"/>
							<String ID="string_222" HPOS="323" VPOS="1160" WIDTH="58" HEIGHT="21" WC="0.92" CONTENT="förut"/><SP WIDTH="16" VPOS="1160" HPOS="381"/>
							<String ID="string_223" HPOS="397" VPOS="1160" WIDTH="91" HEIGHT="22" WC="0.92" CONTENT="anförda"/><SP WIDTH="15" VPOS="1160" HPOS="488"/>
							<String ID="string_224" HPOS="503" VPOS="1161" WIDTH="48" HEIGHT="22" WC="0.96" CONTENT="skäl"/><SP WIDTH="16" VPOS="1161" HPOS="551"/>
							<String ID="string_225" HPOS="567" VPOS="1161" WIDTH="33" HEIGHT="22" WC="0.97" CONTENT="för"/><SP WIDTH="15" VPOS="1161" HPOS="600"/>
							<String ID="string_226" HPOS="615" VPOS="1162" WIDTH="72" HEIGHT="21" WC="0.93" CONTENT="denna"/><SP WIDTH="9" VPOS="1162" HPOS="687"/>
							<String ID="string_227" HPOS="696" VPOS="1161" WIDTH="69" HEIGHT="21" WC="0.93" CONTENT="banas"/><SP WIDTH="11" VPOS="1161" HPOS="765"/>
							<String ID="string_228" HPOS="776" VPOS="1160" WIDTH="116" HEIGHT="21" WC="0.93" CONTENT="utförande"/><SP WIDTH="11" VPOS="1160" HPOS="892"/>
							<String ID="string_229" HPOS="903" VPOS="1160" WIDTH="46" HEIGHT="27" WC="0.96" CONTENT="har,"/>
						</TextLine>
						<TextLine ID="line_30" HPOS="195" VPOS="1195" WIDTH="755" HEIGHT="28">
							<String ID="string_230" HPOS="195" VPOS="1201" WIDTH="78" HEIGHT="20" WC="0.96" CONTENT="genom"/><SP WIDTH="21" VPOS="1201" HPOS="273"/>
							<String ID="string_231" HPOS="294" VPOS="1202" WIDTH="30" HEIGHT="15" WC="0.91" CONTENT="nu"/><SP WIDTH="20" VPOS="1202" HPOS="324"/>
							<String ID="string_232" HPOS="344" VPOS="1195" WIDTH="130" HEIGHT="23" WC="0.91" CONTENT="församlade"/><SP WIDTH="22" VPOS="1195" HPOS="474"/>
							<String ID="string_233" HPOS="496" VPOS="1197" WIDTH="100" HEIGHT="22" WC="0.92" CONTENT="ständers"/><SP WIDTH="21" VPOS="1197" HPOS="596"/>
							<String ID="string_234" HPOS="617" VPOS="1197" WIDTH="73" HEIGHT="22" WC="0.96" CONTENT="beslut"/><SP WIDTH="16" VPOS="1197" HPOS="690"/>
							<String ID="string_235" HPOS="706" VPOS="1203" WIDTH="35" HEIGHT="15" WC="0.96" CONTENT="om"/><SP WIDTH="16" VPOS="1203" HPOS="741"/>
							<String ID="string_236" HPOS="757" VPOS="1196" WIDTH="113" HEIGHT="27" WC="0.96" CONTENT="byggande"/><SP WIDTH="15" VPOS="1196" HPOS="870"/>
							<String ID="string_237" HPOS="885" VPOS="1196" WIDTH="24" HEIGHT="21" WC="0.96" CONTENT="af"/><SP WIDTH="13" VPOS="1196" HPOS="909"/>
							<String ID="string_238" HPOS="922" VPOS="1202" WIDTH="28" HEIGHT="15" WC="0.96" CONTENT="en"/>
						</TextLine>
						<TextLine ID="line_31" HPOS="190" VPOS="1230" WIDTH="760" HEIGHT="30">
							<String ID="string_239" HPOS="190" VPOS="1230" WIDTH="93" HEIGHT="27" WC="0.91" CONTENT="jernväg"/><SP WIDTH="15" VPOS="1230" HPOS="283"/>
							<String ID="string_240" HPOS="298" VPOS="1237" WIDTH="77" HEIGHT="21" WC="0.93" CONTENT="genom"/><SP WIDTH="16" VPOS="1237" HPOS="375"/>
							<String ID="string_241" HPOS="391" VPOS="1231" WIDTH="113" HEIGHT="29" WC="0.93" CONTENT="Savolaks,"/><SP WIDTH="17" VPOS="1231" HPOS="504"/>
							<String ID="string_242" HPOS="521" VPOS="1233" WIDTH="128" HEIGHT="21" WC="0.92" CONTENT="tillkommit"/><SP WIDTH="15" VPOS="1233" HPOS="649"/>
							<String ID="string_243" HPOS="664" VPOS="1234" WIDTH="34" HEIGHT="20" WC="0.96" CONTENT="ett"/><SP WIDTH="15" VPOS="1234" HPOS="698"/>
							<String ID="string_244" HPOS="713" VPOS="1232" WIDTH="88" HEIGHT="27" WC="0.93" CONTENT="mycket"/><SP WIDTH="16" VPOS="1232" HPOS="801"/>
							<String ID="string_245" HPOS="817" VPOS="1232" WIDTH="71" HEIGHT="21" WC="0.92" CONTENT="starkt"/><SP WIDTH="16" VPOS="1232" HPOS="888"/>
							<String ID="string_246" HPOS="904" VPOS="1237" WIDTH="46" HEIGHT="16" WC="0.93" CONTENT="mo-"/>
						</TextLine>
						<TextLine ID="line_32" HPOS="194" VPOS="1265" WIDTH="757" HEIGHT="29">
							<String ID="string_247" HPOS="194" VPOS="1265" WIDTH="37" HEIGHT="21" WC="0.94" CONTENT="tiv."/><SP WIDTH="40" VPOS="1265" HPOS="231"/>
							<String ID="string_248" HPOS="271" VPOS="1265" WIDTH="48" HEIGHT="22" WC="0.93" CONTENT="Den"/><SP WIDTH="22" VPOS="1265" HPOS="319"/>
							<String ID="string_249" HPOS="341" VPOS="1268" WIDTH="162" HEIGHT="26" WC="0.95" CONTENT="genomgående"/><SP WIDTH="26" VPOS="1268" HPOS="503"/>
							<String ID="string_250" HPOS="529" VPOS="1267" WIDTH="92" HEIGHT="22" WC="0.95" CONTENT="trafiken"/><SP WIDTH="27" VPOS="1267" HPOS="621"/>
							<String ID="string_251" HPOS="648" VPOS="1268" WIDTH="49" HEIGHT="21" WC="0.96" CONTENT="från"/><SP WIDTH="23" VPOS="1268" HPOS="697"/>
							<String ID="string_252" HPOS="720" VPOS="1267" WIDTH="106" HEIGHT="22" WC="0.91" CONTENT="Savolaks"/><SP WIDTH="24" VPOS="1267" HPOS="826"/>
							<String ID="string_253" HPOS="850" VPOS="1268" WIDTH="43" HEIGHT="21" WC="0.96" CONTENT="ned"/><SP WIDTH="23" VPOS="1268" HPOS="893"/>
							<String ID="string_254" HPOS="916" VPOS="1267" WIDTH="35" HEIGHT="20" WC="0.95" CONTENT="till"/>
						</TextLine>
						<TextLine ID="line_33" HPOS="192" VPOS="1301" WIDTH="759" HEIGHT="24">
							<String ID="string_255" HPOS="192" VPOS="1301" WIDTH="67" HEIGHT="21" WC="0.92" CONTENT="hamn"/><SP WIDTH="15" VPOS="1301" HPOS="259"/>
							<String ID="string_256" HPOS="274" VPOS="1302" WIDTH="37" HEIGHT="21" WC="0.96" CONTENT="vid"/><SP WIDTH="14" VPOS="1302" HPOS="311"/>
							<String ID="string_257" HPOS="325" VPOS="1302" WIDTH="83" HEIGHT="22" WC="0.93" CONTENT="Finska"/><SP WIDTH="14" VPOS="1302" HPOS="408"/>
							<String ID="string_258" HPOS="422" VPOS="1304" WIDTH="65" HEIGHT="21" WC="0.91" CONTENT="viken"/><SP WIDTH="16" VPOS="1304" HPOS="487"/>
							<String ID="string_259" HPOS="503" VPOS="1304" WIDTH="88" HEIGHT="21" WC="0.92" CONTENT="komme"/><SP WIDTH="15" VPOS="1304" HPOS="591"/>
							<String ID="string_260" HPOS="606" VPOS="1306" WIDTH="54" HEIGHT="19" WC="0.93" CONTENT="utan"/><SP WIDTH="17" VPOS="1306" HPOS="660"/>
							<String ID="string_261" HPOS="677" VPOS="1303" WIDTH="76" HEIGHT="22" WC="0.92" CONTENT="tvifvel"/><SP WIDTH="17" VPOS="1303" HPOS="753"/>
							<String ID="string_262" HPOS="770" VPOS="1305" WIDTH="34" HEIGHT="19" WC="0.95" CONTENT="att"/><SP WIDTH="16" VPOS="1305" HPOS="804"/>
							<String ID="string_263" HPOS="820" VPOS="1303" WIDTH="35" HEIGHT="21" WC="0.97" CONTENT="till"/><SP WIDTH="16" VPOS="1303" HPOS="855"/>
							<String ID="string_264" HPOS="871" VPOS="1309" WIDTH="27" HEIGHT="15" WC="0.96" CONTENT="en"/><SP WIDTH="17" VPOS="1309" HPOS="898"/>
							<String ID="string_265" HPOS="915" VPOS="1302" WIDTH="36" HEIGHT="22" WC="0.95" CONTENT="del"/>
						</TextLine>
						<TextLine ID="line_34" HPOS="191" VPOS="1337" WIDTH="306" HEIGHT="28">
							<String ID="string_266" HPOS="191" VPOS="1337" WIDTH="55" HEIGHT="21" WC="0.96" CONTENT="söka"/><SP WIDTH="16" VPOS="1337" HPOS="246"/>
							<String ID="string_267" HPOS="262" VPOS="1337" WIDTH="34" HEIGHT="27" WC="0.96" CONTENT="sig"/><SP WIDTH="15" VPOS="1337" HPOS="296"/>
							<String ID="string_268" HPOS="311" VPOS="1340" WIDTH="41" HEIGHT="25" WC="0.96" CONTENT="väg"/><SP WIDTH="15" VPOS="1340" HPOS="352"/>
							<String ID="string_269" HPOS="367" VPOS="1338" WIDTH="35" HEIGHT="22" WC="0.96" CONTENT="till"/><SP WIDTH="16" VPOS="1338" HPOS="402"/>
							<String ID="string_270" HPOS="418" VPOS="1339" WIDTH="79" HEIGHT="21" WC="0.96" CONTENT="Kotka."/>
						</TextLine>
					</TextBlock>
					<TextBlock ID="block_6" HPOS="190" VPOS="1372" WIDTH="761" HEIGHT="102">
						<TextLine ID="line_35" HPOS="257" VPOS="1372" WIDTH="694" HEIGHT="30">
							<String ID="string_271" HPOS="257" VPOS="1372" WIDTH="75" HEIGHT="23" WC="0.92" CONTENT="Skulle"/><SP WIDTH="15" VPOS="1372" HPOS="332"/>
							<String ID="string_272" HPOS="347" VPOS="1373" WIDTH="105" HEIGHT="23" WC="0.91" CONTENT="Savolaks"/><SP WIDTH="16" VPOS="1373" HPOS="452"/>
							<String ID="string_273" HPOS="468" VPOS="1376" WIDTH="71" HEIGHT="22" WC="0.91" CONTENT="banan"/><SP WIDTH="16" VPOS="1376" HPOS="539"/>
							<String ID="string_274" HPOS="555" VPOS="1376" WIDTH="89" HEIGHT="22" WC="0.96" CONTENT="komma"/><SP WIDTH="15" VPOS="1376" HPOS="644"/>
							<String ID="string_275" HPOS="659" VPOS="1377" WIDTH="35" HEIGHT="20" WC="0.93" CONTENT="att"/><SP WIDTH="15" VPOS="1377" HPOS="694"/>
							<String ID="string_276" HPOS="709" VPOS="1376" WIDTH="53" HEIGHT="26" WC="0.93" CONTENT="utgä"/><SP WIDTH="17" VPOS="1376" HPOS="762"/>
							<String ID="string_277" HPOS="779" VPOS="1374" WIDTH="48" HEIGHT="22" WC="0.93" CONTENT="frän"/><SP WIDTH="16" VPOS="1374" HPOS="827"/>
							<String ID="string_278" HPOS="843" VPOS="1374" WIDTH="108" HEIGHT="28" WC="0.92" CONTENT="Kaipiais,"/>
						</TextLine>
						<TextLine ID="line_36" HPOS="190" VPOS="1408" WIDTH="760" HEIGHT="29">
							<String ID="string_279" HPOS="190" VPOS="1408" WIDTH="72" HEIGHT="22" WC="0.92" CONTENT="blefve"/><SP WIDTH="15" VPOS="1408" HPOS="262"/>
							<String ID="string_280" HPOS="277" VPOS="1409" WIDTH="128" HEIGHT="28" WC="0.91" CONTENT="visserligen"/><SP WIDTH="15" VPOS="1409" HPOS="405"/>
							<String ID="string_281" HPOS="420" VPOS="1411" WIDTH="110" HEIGHT="22" WC="0.92" CONTENT="afständet"/><SP WIDTH="14" VPOS="1411" HPOS="530"/>
							<String ID="string_282" HPOS="544" VPOS="1412" WIDTH="36" HEIGHT="21" WC="0.96" CONTENT="via"/><SP WIDTH="15" VPOS="1412" HPOS="580"/>
							<String ID="string_283" HPOS="595" VPOS="1411" WIDTH="100" HEIGHT="22" WC="0.96" CONTENT="Kouvola"/><SP WIDTH="14" VPOS="1411" HPOS="695"/>
							<String ID="string_284" HPOS="709" VPOS="1411" WIDTH="35" HEIGHT="21" WC="0.96" CONTENT="till"/><SP WIDTH="15" VPOS="1411" HPOS="744"/>
							<String ID="string_285" HPOS="759" VPOS="1411" WIDTH="79" HEIGHT="21" WC="0.96" CONTENT="Kotka"/><SP WIDTH="13" VPOS="1411" HPOS="838"/>
							<String ID="string_286" HPOS="851" VPOS="1413" WIDTH="28" HEIGHT="20" WC="0.93" CONTENT="27"/><SP WIDTH="10" VPOS="1413" HPOS="879"/>
							<String ID="string_287" HPOS="889" VPOS="1415" WIDTH="61" HEIGHT="17" WC="0.93" CONTENT="verst"/>
						</TextLine>
						<TextLine ID="line_37" HPOS="191" VPOS="1444" WIDTH="759" HEIGHT="30">
							<String ID="string_288" HPOS="191" VPOS="1444" WIDTH="76" HEIGHT="27" WC="0.96" CONTENT="längre"/><SP WIDTH="15" VPOS="1444" HPOS="267"/>
							<String ID="string_289" HPOS="282" VPOS="1446" WIDTH="28" HEIGHT="20" WC="0.93" CONTENT="än"/><SP WIDTH="10" VPOS="1446" HPOS="310"/>
							<String ID="string_290" HPOS="320" VPOS="1444" WIDTH="48" HEIGHT="22" WC="0.93" CONTENT="frän"/><SP WIDTH="11" VPOS="1444" HPOS="368"/>
							<String ID="string_291" HPOS="379" VPOS="1446" WIDTH="99" HEIGHT="28" WC="0.92" CONTENT="Kaipiais"/><SP WIDTH="11" VPOS="1446" HPOS="478"/>
							<String ID="string_292" HPOS="489" VPOS="1448" WIDTH="26" HEIGHT="20" WC="0.93" CONTENT="til"/><SP WIDTH="11" VPOS="1448" HPOS="515"/>
							<String ID="string_293" HPOS="526" VPOS="1448" WIDTH="173" HEIGHT="21" WC="0.92" CONTENT="Fredrikshamn"/><SP WIDTH="12" VPOS="1448" HPOS="699"/>
							<String ID="string_294" HPOS="711" VPOS="1447" WIDTH="40" HEIGHT="21" WC="0.96" CONTENT="och"/><SP WIDTH="13" VPOS="1447" HPOS="751"/>
							<String ID="string_295" HPOS="764" VPOS="1447" WIDTH="27" HEIGHT="21" WC="0.93" CONTENT="18"/><SP WIDTH="12" VPOS="1447" HPOS="791"/>
							<String ID="string_296" HPOS="803" VPOS="1448" WIDTH="60" HEIGHT="20" WC="0.93" CONTENT="verst"/><SP WIDTH="12" VPOS="1448" HPOS="863"/>
							<String ID="string_297" HPOS="875" VPOS="1446" WIDTH="75" HEIGHT="27" WC="0.96" CONTENT="längre"/>
						</TextLine>
					</TextBlock>
					<TextBlock ID="block_7" HPOS="266" VPOS="1486" WIDTH="423" HEIGHT="26">
						<TextLine ID="line_38" HPOS="266" VPOS="1486" WIDTH="423" HEIGHT="26">
							<String ID="string_298" HPOS="266" VPOS="1486" WIDTH="196" HEIGHT="26" WC="0.91" CONTENT="Jernvägsutskottets"/><SP WIDTH="16" VPOS="1486" HPOS="462"/>
							<String ID="string_299" HPOS="478" VPOS="1490" WIDTH="118" HEIGHT="19" WC="0.92" CONTENT="betänkande"/><SP WIDTH="16" VPOS="1490" HPOS="596"/>
							<String ID="string_300" HPOS="612" VPOS="1488" WIDTH="42" HEIGHT="22" WC="0.95" CONTENT="N:o"/><SP WIDTH="16" VPOS="1488" HPOS="654"/>
							<String ID="string_301" HPOS="670" VPOS="1490" WIDTH="19" HEIGHT="20" WC="0.90" CONTENT="3."/>
						</TextLine>
					</TextBlock>
				</ComposedBlock>
			</PrintSpace>
		</Page>
	</Layout>
</alto>
