1061 1717
289 110 247 22 Petitiousbetänkande
550 110 39 23 N:o
603 109 31 23 41.
798 112 12 19 5

158 176 65 18 Redan
240 176 5 18 i
263 175 101 24 anledning
377 175 21 19 af
408 180 24 14 en
444 175 28 19 till
487 177 43 17 1872
542 174 31 20 års
585 175 92 24 landtdag
689 174 68 20 afläten
769 180 70 18 propo-

89 204 57 19 sition
152 204 97 24 angående
256 205 106 23 underpant
369 205 7 17 i
381 205 231 23 jernvägsanläggningar
620 204 100 19 framhöllo
727 204 112 22 Ständerna,

90 234 89 18 hurusom
197 234 51 18 tiden
260 235 29 17 att
301 233 65 19 härom
378 233 87 24 lagstifta
476 239 47 13 vore
535 234 43 18 inne
590 233 49 19 först
651 233 49 19 efter
712 234 33 18 det
757 239 23 13 en
793 233 47 18 kon-

90 262 114 24 cessionslag
221 262 100 24 utfärdats,
338 262 79 19 hvarför
433 262 106 19 Ständerna
551 262 57 19 äfven
620 262 92 19 särskildt
723 262 77 18 anhöllo
812 263 29 17 att

90 292 119 23 proposition
220 291 6 18 i
239 291 53 19 detta
304 292 54 18 ämne
370 291 62 19 skulle
442 291 42 19 dem
493 292 33 18 vid
535 291 83 24 följande
628 291 92 24 landtdag
726 291 114 23 föreläggas.

90 321 47 19 Icke
156 320 54 19 desto
229 320 72 19 mindre
317 320 102 19 utfärdade
430 320 113 24 regeringen
555 321 6 17 i
573 320 140 19 administrativ
726 321 37 23 väg
776 320 64 18 ofvan-

91 350 81 18 nämnda
190 349 111 23 förordning
318 349 22 18 af
354 349 37 19 den
406 350 10 17 3
430 350 82 18 februari
526 350 43 18 1876
582 349 36 19 och
630 350 45 17 aflät
686 349 29 19 till
728 350 113 16 1877—1878

91 378 30 19 års
139 378 91 24 landtdag
247 378 118 23 proposition
384 378 68 19 endast
470 378 117 19 beträffande
605 378 110 24 inteckning
731 378 6 18 i
753 378 88 24 jernväg.

93 408 105 18 Ständerna
215 407 45 23 åter,
277 412 40 13 som
335 407 105 19 emellertid
454 409 71 22 antogo
537 413 23 13 en
573 406 41 20 från
627 407 37 19 den
676 404 69 26 nådiga
757 406 85 24 proposi-

92 437 63 18 tionen
169 436 108 23 afvikande,
287 436 23 27 af
321 437 113 23 regeringen
447 437 108 18 sedermera
568 436 135 19 sanktionerad
715 436 126 23 författning
831 432 13 35 i

92 466 126 19 nästberörda
235 466 58 22 ämne,
312 465 93 24 förnyade
420 466 29 18 sin
466 465 86 20 anhällan
566 466 64 19 derom
643 468 28 16 att
683 465 117 24 proposition
813 465 29 18 till

92 495 155 23 koncessionslag
264 494 63 19 blefve
345 495 29 18 till
392 495 108 18 Ständerna
517 494 73 19 afläten.
615 495 42 18 Men
676 495 61 18 denna
755 493 87 20 anhållan

92 524 95 19 lemnades
199 537 4 10 ,
205 523 36 24 för
253 523 37 19 den
301 522 85 25 gängen'*
398 525 47 17 utan
456 523 95 20 afseende.

160 552 28 19 Pä
199 557 70 14 samma
281 552 62 23 punkt
354 552 34 19 har
400 553 62 18 denna
474 553 138 23 angelägenhet
624 553 59 18 sedan
692 553 43 19 dess
744 553 51 18 varit
802 553 41 18 hvi-

93 582 60 19 lande.
176 582 34 18 Ett
227 581 187 21 petitionsmemorial
431 581 5 18 i
454 580 66 25 frågan
531 581 62 24 ingafs
605 582 112 23 visserligen
729 582 29 18 till
770 582 73 18 ridder-

93 611 68 23 skapet
178 610 35 19 och
229 610 56 18 adeln
303 610 33 18 vid
354 612 75 17 senaste
447 611 133 23 ständermöte,
599 616 42 13 men
657 611 50 18 haun
722 611 43 18 icke
778 617 33 13 ens
824 611 21 18 af

93 639 143 20 vederbörande
248 639 75 18 utskott
335 639 116 19 förberedas.

161 668 112 23 Tillräcklig
290 668 102 23 anledning
408 669 59 18 finnes
484 669 106 19 emellertid
606 669 30 18 för
654 669 106 19 Ständerna
776 671 30 17 att
817 675 26 12 nu

94 697 49 24 änyo
160 699 84 22 upptaga
256 697 61 18 denna
328 697 74 24 vigtiga
413 697 59 24 fräga,
486 697 25 20 dä
523 698 42 19 icke
577 699 81 18 allenast
671 699 23 18 de
707 701 48 16 mest
768 699 75 18 talande

94 726 42 19 skäl
153 727 29 18 till
195 726 44 19 stöd
251 726 29 18 för
293 726 116 19 Ständernas
421 728 39 17 rätt
472 729 30 16 att
514 727 76 24 deltaga
602 727 5 18 i
620 727 99 19 stiftandet
731 728 21 18 af
763 728 78 19 konces-

93 755 83 24 sionslag
188 754 111 19 framhållits
311 755 24 18 bl.
349 761 17 12 a.
380 755 22 18 af
413 756 128 23 lagutskottet
555 757 33 18 vid
605 758 111 17 1877—1878
737 756 30 20 års
782 757 61 18 landt-

95 784 42 23 dag,
155 786 44 16 utan
218 783 56 20 äfven
292 784 24 18 de
333 785 84 23 ordalag,
430 785 55 18 hvari
497 786 121 23 regeringens
629 786 63 23 afslag
704 785 11 19 å
727 786 116 19 Ständernas

95 815 64 17 senast
171 813 68 24 gjorda
251 813 137 24 framställning
400 814 6 17 i
419 815 64 17 ämnet
495 815 23 17 är
529 815 85 23 affattad,
627 815 43 18 icke
681 815 83 18 utesluta
772 815 72 24 möjlig-

95 842 56 18 heten
163 842 23 18 af
194 844 29 16 att
235 841 94 25 utgängen
342 843 33 18 vid
387 848 23 13 en
424 843 81 24 förnyad
517 843 86 19 anhällan
616 844 64 19 blefve
692 850 22 13 en
725 849 66 14 annan.

162 871 42 18 Med
217 871 89 19 afseende
318 871 47 19 härä
376 872 36 18 och
424 872 6 17 i
443 872 128 24 förhoppning
582 875 29 16 att
623 873 53 18 detta
684 873 159 23 petitionsmemo-

94 899 34 18 rial
146 899 50 19 skall
213 902 46 17 röna
277 902 28 17 ett
321 906 145 18 gynnsammare
482 901 38 19 öde
531 903 24 17 än
568 902 38 23 det,
619 907 39 14 som
671 903 6 17 i
690 907 70 14 samma
771 903 55 18 ämne
838 903 6 18 i

95 929 29 17 ett
136 931 58 16 annat
205 928 55 19 stånd
272 930 33 17 vid
318 931 74 20 senaste
403 930 93 24 landtdag
508 931 120 23 inlemnades,
636 931 28 19 tår
672 932 35 23 jag
716 931 64 20 derför
789 932 56 19 vörd-

94 959 48 16 samt
161 957 74 20 anhålla
251 964 30 13 om
297 958 167 24 borgareständets
478 960 116 18 medverkan
607 961 28 18 till
648 966 24 13 en
684 960 117 25 underdänig
812 967 32 18 pe-

95 987 55 18 tition
163 987 74 19 derom:

229 1053 29 16 att
275 1051 58 24 mädig
351 1053 121 22 proposition
488 1053 96 23 angäende
599 1053 82 19 vilkoren
693 1053 34 23 för
741 1053 104 24 beviljande

196 1079 25 23 af
236 1080 108 19 koncession
362 1081 12 17 å
392 1081 120 23 anläggande
528 1081 25 23 af
562 1082 80 23 jernväg
660 1083 58 22 blefve
735 1083 109 18 Ständerna

196 1109 31 18 vid
239 1109 153 18 nästkommande
405 1110 92 23 landtdag
506 1110 95 24 förelaga.

162 1172 117 24 Helsingfors
292 1173 35 18 den
340 1174 20 17 31
374 1173 77 19 Januari
465 1175 48 17 1885.

547 1261 55 23 Emil
618 1261 157 30 Schybergson.

161 1460 137 23 Lagutskottets
310 1460 116 19 betänkande
438 1462 36 18 N:o
486 1463 28 17 15.
