1061 1717
214 80 373 24 Petitionsbetänkande
602 82 54 23 N:o
678 81 48 23 20.

321 316 113 22 Allmänna
450 317 203 22 Besvärsutskottets
669 316 83 29 förslag
763 316 34 22 till
808 322 51 16 sam-

285 352 160 29 manjämkning
466 352 26 23 af
508 353 26 22 de
555 353 129 29 skiljaktiga
705 352 74 28 beslut,
797 352 62 22 hvari

287 388 91 22 Stånden
394 389 86 21 stannat
495 389 35 21 vid
541 388 158 29 behandlingen
709 388 26 23 af
743 388 116 23 utskottets

287 424 134 23 betänkande
442 425 40 22 N:o
505 424 26 23 15
547 424 47 23 med
610 424 115 29 anledning
741 424 23 22 at
780 424 78 22 tvänne

287 460 54 22 inom
352 460 81 22 Preste-
444 461 39 22 och
493 460 161 23 Bondestånden
664 461 79 22 väckta
753 460 106 29 petitions-

284 496 83 28 förslag
390 496 110 29 angående
523 497 77 22 förbud
626 497 35 22 för
679 496 180 23 folkskolelärare

285 531 38 23 och
339 532 110 22 lärarinna
464 533 32 22 att
507 533 67 22 under
582 532 103 23 läseårets
696 532 82 30 förlopp
788 532 71 23 lämna

285 568 32 22 sin
333 568 71 29 tjenst.

178 617 113 21 Utskottet
306 617 39 21 har
361 617 114 27 föreslagit
489 619 33 19 att
537 617 85 22 landets
633 616 123 28 Höglofliga
767 616 92 23 Ständer

109 652 50 21 ville
176 652 73 21 förena
265 652 33 27 sig
314 659 34 14 om
364 659 27 15 en
407 653 136 27 underdånig
558 653 92 27 petition
668 653 82 27 därom,

179 689 32 20 att
227 688 59 21 Hans
302 689 122 26 Kejserliga
437 689 103 26 Majestät
551 689 7 21 i
569 689 72 22 Nåder
652 689 85 21 täcktes
749 688 108 27 förordna,

110 725 33 20 att
165 724 105 27 rättighet
299 724 47 21 icke
375 724 123 27 medgåfves
526 725 165 21 folkskollärare
715 725 34 20 att
771 724 88 27 ombyta

109 760 68 27 tjenst
192 760 58 21 inom
267 759 122 22 folkskolan
405 761 29 26 på
450 767 72 15 annan
537 761 34 21 tid
586 763 28 19 än
630 761 41 21 den
689 760 11 21 1
712 760 100 27 Augusti,
823 759 32 22 äf-

109 802 87 15 vensom
220 797 33 20 att
277 795 108 22 direktion
408 796 37 21 vid
468 797 68 20 sådan
560 796 116 27 folkskola,
700 802 46 15 som
763 796 96 27 åtnjuter

109 831 181 27 statsunderstöd,
316 831 46 22 icke
381 832 148 27 berättigades
546 833 33 20 att
594 832 58 27 ledig
668 831 189 22 folkskolelärare-

109 867 68 27 tjenst
198 867 131 22 ordinariter
347 867 87 22 besätta
458 867 36 22 vid
511 875 70 14 annan
602 867 105 27 tidpunkt
721 867 25 23 af
760 868 54 27 året,
830 869 28 20 än

110 903 42 22 den
168 903 164 22 ofvannämnda.

179 939 120 28 Höglofliga
314 939 160 27 Ridderskapet
490 940 40 21 och
546 939 70 22 Adeln
632 939 72 22 beslöt
719 939 6 21 i
741 939 118 27 anledning

109 975 64 22 häraf
187 977 39 26 att,
243 976 49 21 med
309 975 139 22 förkastande
464 975 24 22 af
497 975 120 22 utskottets
628 975 145 27 betänkande,
784 974 75 22 förena

109 1011 34 27 sig
166 1017 33 15 om
223 1017 27 15 en
273 1011 93 27 petition
387 1011 7 21 i
415 1012 73 21 ämnet
508 1011 8 21 i
536 1011 62 27 syfte,
614 1012 34 20 att
662 1011 60 21 Hans
738 1010 121 27 Kejserliga

110 1047 101 26 Majestät
227 1047 50 21 ville
299 1047 46 21 låta
360 1047 88 26 vidtaga
463 1047 104 26 lämpliga
583 1047 109 26 åtgärder,
707 1045 102 23 afseende
825 1047 34 20 att

109 1082 112 22 förhindra
231 1081 179 23 folkskolelärare
426 1083 40 21 och
482 1082 121 22 lärarinnor
619 1083 33 21 att
662 1082 73 21 lämna
745 1081 35 22 sin
790 1082 69 27 tjänst

109 1118 69 21 under
193 1118 112 27 pågående
320 1118 133 21 läsetermin.

178 1153 138 28 Högvördiga
339 1154 165 21 Presteståndet
525 1154 114 27 godkände
660 1153 198 27 petitionsärendet

110 1190 6 21 i
133 1189 39 22 sak
194 1195 49 16 men
267 1189 70 22 beslöt
360 1190 93 21 anmoda
474 1189 109 22 utskottet
601 1191 33 20 att
650 1189 117 28 förtydliga
782 1189 75 22 betän-

109 1225 92 22 kandets
217 1225 110 21 slutkläm.

178 1260 115 27 Vällofliga
309 1261 185 21 Bordareståndet
510 1261 125 22 förkastade
646 1261 120 21 utskottets
777 1260 80 28 förslag

111 1297 39 22 och
166 1297 104 21 stannade
287 1296 32 22 för
336 1297 33 21 sin
385 1296 35 22 del
437 1297 6 21 i
460 1297 37 21 det
512 1297 73 21 beslut
600 1298 32 20 att
643 1296 92 22 berörda
745 1296 113 28 petitions-

110 1332 80 28 förslag
213 1332 48 22 icke
283 1332 69 22 skulle
368 1332 34 22 till
418 1333 71 26 någon
506 1333 77 27 åtgärd
598 1332 48 22 från
662 1332 131 22 Ständernas
810 1332 48 23 sida

109 1368 117 22 föranleda.

177 1404 140 22 Hedervärda
332 1404 162 22 Bondeståndet
510 1405 66 26 antog
589 1404 120 22 utskottets
719 1404 138 22 betänkande

109 1440 147 22 oförändradt.

180 1482 106 20 Allmänna
301 1482 183 20 Besvärsutskottets
501 1481 116 21 betänkande
633 1482 37 20 N:o
686 1482 31 19 15.
