1061 1717
284 103 241 23 Petitionsbetänkande
540 105 40 22 N:o
597 104 35 22 31.
793 104 28 21 41

97 170 79 27 klagan
192 170 59 21 öfver
268 172 33 20 att
322 170 106 22 kurserna
452 170 34 21 till
511 170 53 27 följd
587 170 24 22 af
625 170 38 22 det
678 170 81 22 dubbla
775 170 79 21 under-

95 206 191 27 visningsspråket
302 206 116 27 omöjligen
435 206 69 21 hinna
520 213 39 15 ens
574 206 142 22 närmelsevis
728 206 125 27 genomgås,

98 242 42 21 den
156 242 24 21 af
194 242 155 26 skolstyrelsen
372 243 68 21 redan
464 242 117 22 taststälda
596 242 80 27 planen
692 242 33 21 för
742 241 112 22 undervis-

98 278 79 27 ningen
194 278 7 21 i
219 278 26 21 de
261 278 57 21 bäda
341 278 114 22 inhemska
481 278 95 27 spräken
600 278 39 22 har
655 279 82 20 mästat
752 277 47 21 helt
815 276 38 22 och

97 314 68 21 hållet
180 314 89 26 frängäs
285 316 64 25 samt,
366 314 90 26 tillföljd
473 314 24 21 af
512 314 227 27 omständigheternas
755 312 98 22 obetvin-

97 349 73 27 geliga
185 350 67 26 makt,
270 350 108 21 anordnas
405 350 6 21 i
434 356 44 21 nog
493 352 53 19 nära
563 349 226 23 öfverensstämmelse
805 348 49 21 med

98 385 57 21 hvad
171 385 146 22 förhällandet
332 388 24 19 är
373 386 35 21 vid
424 388 50 19 rent
490 385 70 22 finska
576 386 111 26 läroverk;
704 385 49 21 med
765 386 32 20 ett
808 384 45 26 ord,

99 427 50 16 man
166 422 39 21 har
221 427 76 22 genom
315 422 70 21 denna
401 421 24 22 af
439 422 29 21 all
484 422 134 27 pedagogisk
635 421 118 27 vetenskap
770 420 40 21 och
821 426 32 15 er-

99 457 100 22 farenhet
214 458 105 21 utdömda
336 457 220 28 förmedlingsätgärd
573 459 78 21 endast
667 465 26 14 ur
709 457 68 22 askan
793 457 61 20 kom-

101 493 40 21 mit
157 493 7 21 i
180 493 69 22 elden.

171 529 34 22 Då
221 529 84 22 derföre
323 529 62 22 dessa
409 530 71 27 bjerta
501 529 206 22 missförhållanden
723 535 78 21 genom
818 535 36 20 pe-

101 565 104 22 titionens
221 565 159 27 godkännande
396 565 71 22 blefve
484 565 107 27 afhjelpta
607 567 28 25 pä
659 567 33 20 ett
711 567 52 24 sätt,
779 563 77 22 hvaraf

99 601 66 27 ingen
180 601 57 22 hade
259 601 115 27 olägenhet
399 608 49 15 men
464 601 50 22 hela
530 602 42 21 den
589 601 81 22 talrika
685 600 70 21 finska
771 599 84 22 befolk-

99 637 80 27 ningen
195 637 86 27 mycket
297 639 56 19 stort
363 643 63 21 gagn,
436 639 66 25 vägar
513 637 39 22 hos
563 637 87 22 landets
663 635 118 28 höglofliga
791 635 63 22 Stän-

100 673 38 21 der
152 673 38 27 jag
205 673 112 21 vördsamt
332 673 88 21 förorda
436 679 26 16 en
478 673 137 26 underdänig
631 672 93 27 petition
741 672 82 25 derom,

281 709 32 20 att
328 707 256 28 undervisningsspräket
605 708 37 21 vid
666 708 32 20 S:t
715 706 91 22 Michels
823 705 31 28 ly-

243 750 59 15 ceum
323 743 66 27 Dblefve
401 743 61 27 från
485 745 66 20 nästa
573 743 79 22 läseärs
673 743 76 27 början
759 741 94 28 föränd-

244 780 51 21 radt
311 779 34 22 till
355 779 77 28 finskt.

619 815 21 22 J.
656 814 23 22 G.
695 814 84 22 Geitlin.

173 863 39 22 Om
230 864 71 21 denna
316 863 134 22 reservation
467 863 75 22 förena
559 863 42 27 sig:

171 911 23 21 F.
209 910 116 22 Perander.
572 909 63 23 Josef
648 904 133 27 Österbladh.

171 945 55 23 Erik
243 946 76 28 Pöysti.
575 945 79 22 Kaarle
670 945 86 28 Ojanen.

174 995 168 21 Undertecknad
358 995 80 21 önskar
454 995 40 20 här
510 994 64 21 hafva
590 994 101 21 anmärkt
707 995 33 20 att
752 993 43 21 han
807 992 47 21 icke

102 1030 49 21 haft
173 1030 88 22 tillfälle
284 1030 86 27 deltaga
394 1030 7 21 i
425 1030 161 27 behandlingen
607 1029 24 22 af
650 1029 75 27 frågan
742 1028 113 27 angående

102 1066 127 27 förändring
245 1066 24 21 af
283 1066 259 27 undervisningsspråket
557 1065 37 22 vid
610 1065 32 22 S:t
657 1065 91 21 Michels
762 1065 92 26 lyceum.

614 1117 52 22 Edv.
683 1117 96 22 Avellan.

174 1500 107 20 Allmänna
297 1501 182 19 Besvärsutskottets
496 1500 117 19 betänkande
628 1500 38 19 N:o
683 1500 31 19 21.
