1061 1717
227 86 376 27 Petitionsbetänkande
618 86 56 23 N:o
690 86 45 22 12.

282 338 222 28 Lagutskottets
524 338 179 22 betänkande
724 338 41 23 N:o
782 338 11 22 7
809 337 47 23 med

248 374 117 28 anledning
388 374 25 22 af
433 374 109 22 särskilda
565 374 55 23 inom
642 374 157 29 Ridderskapet
819 374 38 22 och

247 410 70 23 Adeln
332 410 54 22 samt
395 410 182 29 Borgareständet
586 410 79 23 väckta
675 410 183 30 petitionstörslag;

247 446 111 29 angående
374 447 160 28 borgmästare-,
550 446 106 23 räämans-
672 446 39 24 och
726 446 131 29 magistrats-

249 483 170 23 sekreterareval
435 483 7 22 i
458 483 107 23 städerna.

177 544 72 22 Jemte
265 544 203 28 protokollsutdrag
482 544 24 22 af
515 545 42 21 den
569 545 12 22 2
597 545 145 21 innevarande
754 544 104 22 Februari

106 580 40 21 har
162 580 155 28 Lagutskottet
333 581 7 21 i
356 580 102 22 afseende
475 582 13 20 &
503 580 158 23 förberedande
673 580 132 28 behandling
815 580 43 22 fätt

107 618 116 26 emottaga,
240 617 48 21 frän
304 616 122 28 Höglofliga
441 617 161 27 Ridderskapet
618 617 40 22 och
669 617 70 21 Adeln
750 618 39 27 ett,
801 618 58 20 samt

106 653 48 21 från
178 653 115 28 Vällofliga
317 653 185 27 Borgareständet
528 655 78 20 tvenne
632 652 226 28 petitionsmemorial,

106 689 74 21 hvilka
194 689 64 22 hvart
274 689 55 22 efter
345 691 67 20 annat
427 689 51 28 lyda
494 696 46 15 som
556 689 72 28 följer:

328 744 146 21 Vördsamt
494 744 141 20 memorial.

180 793 71 20 Under
271 792 26 21 de
317 795 82 18 senaste
421 792 132 21 ärtiondenas
569 793 69 19 arbete
654 791 32 20 för
701 791 120 20 utbildande
837 791 24 20 af

106 829 25 13 en
147 823 81 25 verklig
243 822 135 27 sjelfstyrelse
393 823 7 19 i
416 822 101 20 Finlands
533 822 178 20 stadskommuner
727 821 63 20 hafva
800 821 57 20 äldre

105 852 65 20 tiders
185 851 129 21 föreskrifter
329 852 126 20 fortfarande
472 853 103 24 gvarstätt
591 851 104 21 orubbade
705 851 45 20 med
763 851 95 20 afseende

106 883 12 18 &
133 889 26 13 en
175 882 89 20 särskild
279 883 38 19 och
333 882 45 20 icke
394 882 80 25 ovigtig
489 882 70 26 detalj,
575 882 66 20 ehuru
655 881 157 26 konsegvensen
823 887 34 20 sy-

106 919 37 13 nes
158 912 74 27 fordra,
248 915 31 17 att
294 912 108 20 enahanda
416 911 171 26 äskädningssätt
602 911 63 21 borde
680 911 57 26 ligga
747 911 31 20 till
789 911 68 26 grund

106 941 31 20 för
161 943 38 18 alla
223 942 128 25 stadganden
372 942 88 20 rörande
481 942 108 20 städernas
608 941 131 20 kommunala
754 941 38 20 och
807 940 50 26 poli-

105 971 56 20 tiska
182 972 29 19 lif.
243 972 42 25 Jag
305 972 67 26 syftar
390 973 27 25 pä
432 972 26 19 de
474 971 32 20 för
522 971 127 21 närvarande
666 971 105 26 angående
787 971 34 19 val
837 970 23 20 af

105 1001 108 20 städernas
227 1002 141 24 borgmästare
384 1002 38 19 och
437 1001 87 19 rådmän
538 1001 95 25 gällande
648 1001 149 24 förordningar.

180 1031 11 18 I
206 1031 58 19 detta
280 1030 96 20 afseende
391 1031 65 24 gäller
467 1030 127 20 fortfarande
604 1030 32 20 till
647 1029 123 21 efterlefnad
781 1030 76 25 Kongl.

105 1059 156 26 Förordningen
284 1060 23 19 af
328 1060 40 20 den
390 1060 26 21 12
439 1060 92 20 Oktober
548 1060 63 26 1743,
627 1060 65 25 enligt
707 1059 84 21 hvilken
806 1060 52 20 hvar

105 1089 38 19 och
166 1096 26 13 en
213 1089 108 26 väljandes
343 1092 87 18 rösträtt
444 1093 52 17 utan
512 1090 151 25 inskränkning
678 1090 37 19 bör
730 1090 84 19 baseras
830 1091 27 24 på

105 1119 194 26 taxeringslängden
323 1120 37 19 och
384 1119 39 20 den
447 1122 66 18 större
535 1120 49 20 eller
602 1119 79 20 mindre
697 1119 56 20 skatt
769 1120 40 19 han
825 1119 32 20 till

105 1149 85 20 stadens
209 1149 61 20 bästa
290 1152 66 23 utgör.
387 1149 95 20 Nämnda
498 1151 27 24 på
539 1149 82 20 riksens
637 1149 95 20 ständers
747 1149 108 20 framställ-

105 1178 50 26 ning
171 1179 38 19 och
227 1179 44 25 ,till
286 1179 166 20 förekommande
468 1179 23 20 af
505 1179 141 27 hvarjehanda
656 1179 156 20 missförstånd"
825 1181 31 18 ut-

104 1207 85 21 färdade
203 1208 122 27 förordning
339 1209 115 20 innehåller
470 1209 63 21 äfven
548 1216 26 13 en
589 1208 127 26 hänvisning
731 1209 32 20 till
777 1209 26 19 då
813 1209 43 25 gäl-

104 1238 61 20 lande
180 1239 107 19 enahanda
303 1239 129 26 stadganden
446 1239 107 26 angående
564 1239 211 26 riksdagsmannaval,
787 1239 70 19 hvilka

105 1267 110 21 återfinnas
239 1269 123 26 exempelvis
385 1269 8 19 i
416 1269 82 26 Nädiga
522 1269 149 25 Förklaringen
694 1269 41 19 den
759 1268 28 21 15
805 1268 51 20 Juni

105 1298 58 21 1739
186 1298 57 21 öfver
265 1298 148 26 förordningen
437 1299 40 20 den
501 1299 29 21 33
553 1299 91 26 Augusti
669 1298 56 22 1731
749 1298 107 26 angäende

103 1328 216 26 riksdagsmänsvalen
342 1329 7 19 i
373 1329 102 26 städerna,
497 1332 54 17 samt
571 1329 58 20 anför
653 1330 66 19 säsom
739 1328 70 27 motiv,
825 1331 31 17 att

105 1358 53 27 nden
182 1359 35 19 bör
240 1358 63 21 hafva
322 1358 85 28 förmän,
426 1359 86 20 hvilken
528 1362 76 17 största
619 1358 89 20 kostnad
723 1358 32 20 för
771 1358 84 20 stadens

103 1388 181 26 upprätthållande
303 1390 66 18 måste
390 1388 137 21 vidkännas.*
559 1389 41 20 Vid
622 1388 40 21 den
678 1388 30 20 tid
724 1388 26 20 de
766 1388 89 20 citerade

101 1417 142 26 stadgandena
259 1418 125 26 utfärdades,
400 1418 58 20 stodo
475 1418 25 20 de
512 1419 8 19 i
530 1418 126 26 fullkomligt
667 1418 126 26 följdriktigt
804 1424 51 14 sam-

101 1447 61 28 band,
178 1448 55 20 hvad
249 1455 47 13 man
312 1451 26 17 än
353 1449 33 19 mä
402 1448 91 21 invända
508 1452 43 17 mot
567 1448 74 26 sjelfva
656 1448 146 26 grundsatsen.

178 1488 160 28 Lagutskettets
355 1488 135 24 vetänkande
506 1490 42 20 N:o
565 1489 17 21 7.
