<?xml version="1.0" encoding="UTF-8"?>
<alto xmlns="http://www.loc.gov/standards/alto/ns-v3#" xmlns:xlink="http://www.w3.org/1999/xlink" xmlns:xsi="http://www.w3.org/2001/XMLSchema-instance" xsi:schemaLocation="http://www.loc.gov/standards/alto/ns-v3# http://www.loc.gov/alto/v3/alto-3-0.xsd">
	<Description>
		<MeasurementUnit>pixel</MeasurementUnit>
		<sourceImageInformation>
			<fileName>/tmp/tess_1vl6srwy_input.PNG</fileName>
		</sourceImageInformation>
		<OCRProcessing ID="OCR_0">
			<ocrProcessingStep>
				<processingSoftware>
					<softwareName>tesseract 5.3.4</softwareName>
				</processingSoftware>
			</ocrProcessingStep>
		</OCRProcessing>
	</Description>
	<Layout>
		<Page WIDTH="1061" HEIGHT="1717" PHYSICAL_IMG_NR="0" ID="page_0">
			<PrintSpace HPOS="0" VPOS="0" WIDTH="1061" HEIGHT="1717">
				<GraphicalElement ID="cblock_0" HPOS="0" VPOS="44" WIDTH="7" HEIGHT="901"></GraphicalElement >
				<ComposedBlock ID="cblock_1" HPOS="237" VPOS="104" WIDTH="524" HEIGHT="25">
					<TextBlock ID="block_0" HPOS="237" VPOS="104" WIDTH="524" HEIGHT="25">
						<TextLine ID="line_0" HPOS="237" VPOS="104" WIDTH="524" HEIGHT="25">
							<String ID="string_0" HPOS="237" VPOS="108" WIDTH="14" HEIGHT="20" WC="0.95" CONTENT="4"/><SP WIDTH="158" VPOS="108" HPOS="251"/>
							<String ID="string_1" HPOS="409" VPOS="106" WIDTH="251" HEIGHT="23" WC="0.90" CONTENT="Petitionsbetänkande"/><SP WIDTH="15" VPOS="106" HPOS="660"/>
							<String ID="string_2" HPOS="675" VPOS="106" WIDTH="38" HEIGHT="23" WC="0.96" CONTENT="N:o"/><SP WIDTH="15" VPOS="106" HPOS="713"/>
							<String ID="string_3" HPOS="728" VPOS="104" WIDTH="33" HEIGHT="24" WC="0.96" CONTENT="27."/>
						</TextLine>
					</TextBlock>
				</ComposedBlock>
				<ComposedBlock ID="cblock_2" HPOS="305" VPOS="169" WIDTH="656" HEIGHT="55">
					<TextBlock ID="block_1" HPOS="305" VPOS="169" WIDTH="656" HEIGHT="55">
						<TextLine ID="line_1" HPOS="307" VPOS="169" WIDTH="654" HEIGHT="26">
							<String ID="string_4" HPOS="307" VPOS="173" WIDTH="28" HEIGHT="16" WC="0.96" CONTENT="att"/><SP WIDTH="12" VPOS="173" HPOS="335"/>
							<String ID="string_5" HPOS="347" VPOS="171" WIDTH="131" HEIGHT="23" WC="0.96" CONTENT="ansökningar"/><SP WIDTH="8" VPOS="171" HPOS="478"/>
							<String ID="string_6" HPOS="486" VPOS="177" WIDTH="30" HEIGHT="13" WC="0.96" CONTENT="om"/><SP WIDTH="8" VPOS="177" HPOS="516"/>
							<String ID="string_7" HPOS="524" VPOS="171" WIDTH="88" HEIGHT="24" WC="0.95" CONTENT="eftergift"/><SP WIDTH="7" VPOS="171" HPOS="612"/>
							<String ID="string_8" HPOS="619" VPOS="172" WIDTH="9" HEIGHT="17" WC="0.93" CONTENT="i"/><SP WIDTH="8" VPOS="172" HPOS="628"/>
							<String ID="string_9" HPOS="636" VPOS="172" WIDTH="141" HEIGHT="23" WC="0.92" CONTENT="värnepligtens"/><SP WIDTH="4" VPOS="172" HPOS="777"/>
							<String ID="string_10" HPOS="781" VPOS="170" WIDTH="125" HEIGHT="24" WC="0.96" CONTENT="fullgörande"/><SP WIDTH="4" VPOS="170" HPOS="906"/>
							<String ID="string_11" HPOS="910" VPOS="169" WIDTH="51" HEIGHT="24" WC="0.96" CONTENT="finge"/>
						</TextLine>
						<TextLine ID="line_2" HPOS="305" VPOS="200" WIDTH="408" HEIGHT="24">
							<String ID="string_12" HPOS="305" VPOS="202" WIDTH="57" HEIGHT="21" WC="0.96" CONTENT="göras"/><SP WIDTH="11" VPOS="202" HPOS="362"/>
							<String ID="string_13" HPOS="373" VPOS="200" WIDTH="106" HEIGHT="24" WC="0.95" CONTENT="muntligen"/><SP WIDTH="11" VPOS="200" HPOS="479"/>
							<String ID="string_14" HPOS="490" VPOS="200" WIDTH="34" HEIGHT="18" WC="0.93" CONTENT="vid"/><SP WIDTH="10" VPOS="200" HPOS="524"/>
							<String ID="string_15" HPOS="534" VPOS="200" WIDTH="179" HEIGHT="24" WC="0.91" CONTENT="uppbådstillfället."/>
						</TextLine>
					</TextBlock>
				</ComposedBlock>
				<ComposedBlock ID="cblock_3" HPOS="271" VPOS="257" WIDTH="356" HEIGHT="24">
					<TextBlock ID="block_2" HPOS="271" VPOS="257" WIDTH="356" HEIGHT="24">
						<TextLine ID="line_3" HPOS="271" VPOS="257" WIDTH="356" HEIGHT="24">
							<String ID="string_16" HPOS="271" VPOS="257" WIDTH="118" HEIGHT="24" WC="0.96" CONTENT="Helsingfors"/><SP WIDTH="13" VPOS="257" HPOS="389"/>
							<String ID="string_17" HPOS="402" VPOS="258" WIDTH="36" HEIGHT="18" WC="0.96" CONTENT="den"/><SP WIDTH="12" VPOS="258" HPOS="438"/>
							<String ID="string_18" HPOS="450" VPOS="259" WIDTH="23" HEIGHT="17" WC="0.96" CONTENT="28"/><SP WIDTH="12" VPOS="259" HPOS="473"/>
							<String ID="string_19" HPOS="485" VPOS="258" WIDTH="78" HEIGHT="18" WC="0.96" CONTENT="Januari"/><SP WIDTH="14" VPOS="258" HPOS="563"/>
							<String ID="string_20" HPOS="577" VPOS="259" WIDTH="50" HEIGHT="17" WC="0.96" CONTENT="1885."/>
						</TextLine>
					</TextBlock>
				</ComposedBlock>
				<ComposedBlock ID="cblock_4" HPOS="656" VPOS="314" WIDTH="236" HEIGHT="29">
					<TextBlock ID="block_3" HPOS="656" VPOS="314" WIDTH="236" HEIGHT="29">
						<TextLine ID="line_4" HPOS="656" VPOS="314" WIDTH="236" HEIGHT="29">
							<String ID="string_21" HPOS="656" VPOS="315" WIDTH="74" HEIGHT="23" WC="0.91" CONTENT="Sanfr."/><SP WIDTH="18" VPOS="315" HPOS="730"/>
							<String ID="string_22" HPOS="748" VPOS="314" WIDTH="144" HEIGHT="29" WC="0.92" CONTENT="Hasselgvist."/>
						</TextLine>
					</TextBlock>
				</ComposedBlock>
				<ComposedBlock ID="cblock_5" HPOS="271" VPOS="478" WIDTH="164" HEIGHT="28">
					<TextBlock ID="block_4" HPOS="271" VPOS="478" WIDTH="164" HEIGHT="28">
						<TextLine ID="line_5" HPOS="271" VPOS="478" WIDTH="164" HEIGHT="28">
							<String ID="string_23" HPOS="271" VPOS="478" WIDTH="164" HEIGHT="28" WC="0.86" CONTENT="(Öfversättning.)"/>
						</TextLine>
					</TextBlock>
				</ComposedBlock>
				<ComposedBlock ID="cblock_6" HPOS="385" VPOS="545" WIDTH="388" HEIGHT="24">
					<TextBlock ID="block_5" HPOS="385" VPOS="545" WIDTH="388" HEIGHT="24">
						<TextLine ID="line_6" HPOS="385" VPOS="545" WIDTH="388" HEIGHT="24">
							<String ID="string_24" HPOS="385" VPOS="546" WIDTH="43" HEIGHT="23" WC="0.93" CONTENT="Till"/><SP WIDTH="14" VPOS="546" HPOS="428"/>
							<String ID="string_25" HPOS="442" VPOS="546" WIDTH="144" HEIGHT="23" WC="0.91" CONTENT="Hedervärda"/><SP WIDTH="15" VPOS="546" HPOS="586"/>
							<String ID="string_26" HPOS="601" VPOS="545" WIDTH="172" HEIGHT="24" WC="0.92" CONTENT="Bondeständet."/>
						</TextLine>
					</TextBlock>
				</ComposedBlock>
				<ComposedBlock ID="cblock_7" HPOS="195" VPOS="607" WIDTH="765" HEIGHT="690">
					<TextBlock ID="block_6" HPOS="196" VPOS="607" WIDTH="764" HEIGHT="602">
						<TextLine ID="line_7" HPOS="270" VPOS="607" WIDTH="688" HEIGHT="26">
							<String ID="string_27" HPOS="270" VPOS="609" WIDTH="11" HEIGHT="23" WC="0.94" CONTENT="8"/><SP WIDTH="18" VPOS="609" HPOS="281"/>
							<String ID="string_28" HPOS="299" VPOS="609" WIDTH="22" HEIGHT="17" WC="0.95" CONTENT="64"/><SP WIDTH="17" VPOS="609" HPOS="321"/>
							<String ID="string_29" HPOS="338" VPOS="609" WIDTH="6" HEIGHT="18" WC="0.92" CONTENT="i"/><SP WIDTH="18" VPOS="609" HPOS="344"/>
							<String ID="string_30" HPOS="362" VPOS="609" WIDTH="173" HEIGHT="24" WC="0.91" CONTENT="värnepligtslagen"/><SP WIDTH="18" VPOS="609" HPOS="535"/>
							<String ID="string_31" HPOS="553" VPOS="609" WIDTH="105" HEIGHT="18" WC="0.93" CONTENT="innehäller"/><SP WIDTH="17" VPOS="609" HPOS="658"/>
							<String ID="string_32" HPOS="675" VPOS="609" WIDTH="142" HEIGHT="23" WC="0.89" CONTENT="bestämningar"/><SP WIDTH="11" VPOS="609" HPOS="817"/>
							<String ID="string_33" HPOS="828" VPOS="608" WIDTH="95" HEIGHT="23" WC="0.90" CONTENT="angäende"/><SP WIDTH="13" VPOS="608" HPOS="923"/>
							<String ID="string_34" HPOS="936" VPOS="607" WIDTH="22" HEIGHT="19" WC="0.96" CONTENT="de"/>
						</TextLine>
						<TextLine ID="line_8" HPOS="200" VPOS="637" WIDTH="760" HEIGHT="25">
							<String ID="string_35" HPOS="200" VPOS="638" WIDTH="135" HEIGHT="23" WC="0.88" CONTENT="värnepligtige"/><SP WIDTH="18" VPOS="638" HPOS="335"/>
							<String ID="string_36" HPOS="353" VPOS="639" WIDTH="103" HEIGHT="23" WC="0.92" CONTENT="ynglingar,"/><SP WIDTH="19" VPOS="639" HPOS="456"/>
							<String ID="string_37" HPOS="475" VPOS="639" WIDTH="64" HEIGHT="18" WC="0.93" CONTENT="hvilka"/><SP WIDTH="12" VPOS="639" HPOS="539"/>
							<String ID="string_38" HPOS="551" VPOS="644" WIDTH="36" HEIGHT="18" WC="0.93" CONTENT="ega"/><SP WIDTH="11" VPOS="644" HPOS="587"/>
							<String ID="string_39" HPOS="598" VPOS="641" WIDTH="40" HEIGHT="16" WC="0.96" CONTENT="rätt"/><SP WIDTH="12" VPOS="641" HPOS="638"/>
							<String ID="string_40" HPOS="650" VPOS="640" WIDTH="28" HEIGHT="17" WC="0.96" CONTENT="att"/><SP WIDTH="12" VPOS="640" HPOS="678"/>
							<String ID="string_41" HPOS="690" VPOS="643" WIDTH="67" HEIGHT="18" WC="0.93" CONTENT="genom"/><SP WIDTH="14" VPOS="643" HPOS="757"/>
							<String ID="string_42" HPOS="771" VPOS="638" WIDTH="67" HEIGHT="18" WC="0.91" CONTENT="ombud"/><SP WIDTH="12" VPOS="638" HPOS="838"/>
							<String ID="string_43" HPOS="850" VPOS="637" WIDTH="70" HEIGHT="19" WC="0.88" CONTENT="infinna"/><SP WIDTH="11" VPOS="637" HPOS="920"/>
							<String ID="string_44" HPOS="931" VPOS="637" WIDTH="29" HEIGHT="23" WC="0.96" CONTENT="sig"/>
						</TextLine>
						<TextLine ID="line_9" HPOS="200" VPOS="666" WIDTH="759" HEIGHT="25">
							<String ID="string_45" HPOS="200" VPOS="666" WIDTH="30" HEIGHT="19" WC="0.93" CONTENT="till"/><SP WIDTH="11" VPOS="666" HPOS="230"/>
							<String ID="string_46" HPOS="241" VPOS="667" WIDTH="82" HEIGHT="22" WC="0.91" CONTENT="uppbäd."/><SP WIDTH="24" VPOS="667" HPOS="323"/>
							<String ID="string_47" HPOS="347" VPOS="667" WIDTH="37" HEIGHT="19" WC="0.94" CONTENT="Till"/><SP WIDTH="12" VPOS="667" HPOS="384"/>
							<String ID="string_48" HPOS="396" VPOS="668" WIDTH="56" HEIGHT="18" WC="0.93" CONTENT="dessa"/><SP WIDTH="12" VPOS="668" HPOS="452"/>
							<String ID="string_49" HPOS="464" VPOS="668" WIDTH="47" HEIGHT="18" WC="0.93" CONTENT="höra"/><SP WIDTH="12" VPOS="668" HPOS="511"/>
							<String ID="string_50" HPOS="523" VPOS="668" WIDTH="43" HEIGHT="22" WC="0.93" CONTENT="alla,"/><SP WIDTH="12" VPOS="668" HPOS="566"/>
							<String ID="string_51" HPOS="578" VPOS="668" WIDTH="63" HEIGHT="18" WC="0.92" CONTENT="hvilka"/><SP WIDTH="12" VPOS="668" HPOS="641"/>
							<String ID="string_52" HPOS="653" VPOS="673" WIDTH="67" HEIGHT="18" WC="0.93" CONTENT="genom"/><SP WIDTH="13" VPOS="673" HPOS="720"/>
							<String ID="string_53" HPOS="733" VPOS="667" WIDTH="119" HEIGHT="23" WC="0.92" CONTENT="läkareintyg"/><SP WIDTH="12" VPOS="667" HPOS="852"/>
							<String ID="string_54" HPOS="864" VPOS="667" WIDTH="95" HEIGHT="22" WC="0.93" CONTENT="bestyrka,"/>
						</TextLine>
						<TextLine ID="line_10" HPOS="201" VPOS="695" WIDTH="759" HEIGHT="24">
							<String ID="string_55" HPOS="201" VPOS="697" WIDTH="28" HEIGHT="16" WC="0.96" CONTENT="att"/><SP WIDTH="16" VPOS="697" HPOS="229"/>
							<String ID="string_56" HPOS="245" VPOS="695" WIDTH="24" HEIGHT="18" WC="0.92" CONTENT="de"/><SP WIDTH="17" VPOS="695" HPOS="269"/>
							<String ID="string_57" HPOS="286" VPOS="698" WIDTH="32" HEIGHT="16" WC="0.96" CONTENT="äro"/><SP WIDTH="17" VPOS="698" HPOS="318"/>
							<String ID="string_58" HPOS="335" VPOS="696" WIDTH="43" HEIGHT="18" WC="0.96" CONTENT="fullt"/><SP WIDTH="15" VPOS="696" HPOS="378"/>
							<String ID="string_59" HPOS="393" VPOS="696" WIDTH="77" HEIGHT="23" WC="0.96" CONTENT="dugliga"/><SP WIDTH="12" VPOS="696" HPOS="470"/>
							<String ID="string_60" HPOS="482" VPOS="697" WIDTH="29" HEIGHT="18" WC="0.93" CONTENT="till"/><SP WIDTH="13" VPOS="697" HPOS="511"/>
							<String ID="string_61" HPOS="524" VPOS="697" WIDTH="114" HEIGHT="22" WC="0.87" CONTENT="krigstjonst."/><SP WIDTH="24" VPOS="697" HPOS="638"/>
							<String ID="string_62" HPOS="662" VPOS="697" WIDTH="91" HEIGHT="18" WC="0.90" CONTENT="Deremot"/><SP WIDTH="12" VPOS="697" HPOS="753"/>
							<String ID="string_63" HPOS="765" VPOS="696" WIDTH="103" HEIGHT="23" WC="0.93" CONTENT="medgifver"/><SP WIDTH="11" VPOS="696" HPOS="868"/>
							<String ID="string_64" HPOS="879" VPOS="695" WIDTH="81" HEIGHT="18" WC="0.96" CONTENT="nämnda"/>
						</TextLine>
						<TextLine ID="line_11" HPOS="199" VPOS="724" WIDTH="761" HEIGHT="25">
							<String ID="string_65" HPOS="199" VPOS="724" WIDTH="32" HEIGHT="23" WC="0.93" CONTENT="lag"/><SP WIDTH="18" VPOS="724" HPOS="231"/>
							<String ID="string_66" HPOS="249" VPOS="724" WIDTH="17" HEIGHT="23" WC="0.96" CONTENT="ej"/><SP WIDTH="20" VPOS="724" HPOS="266"/>
							<String ID="string_67" HPOS="286" VPOS="730" WIDTH="23" HEIGHT="13" WC="0.93" CONTENT="en"/><SP WIDTH="18" VPOS="730" HPOS="309"/>
							<String ID="string_68" HPOS="327" VPOS="725" WIDTH="52" HEIGHT="23" WC="0.96" CONTENT="dylik"/><SP WIDTH="16" VPOS="725" HPOS="379"/>
							<String ID="string_69" HPOS="395" VPOS="725" WIDTH="72" HEIGHT="18" WC="0.96" CONTENT="förmån"/><SP WIDTH="12" VPOS="725" HPOS="467"/>
							<String ID="string_70" HPOS="479" VPOS="725" WIDTH="20" HEIGHT="18" WC="0.93" CONTENT="ät"/><SP WIDTH="11" VPOS="725" HPOS="499"/>
							<String ID="string_71" HPOS="510" VPOS="726" WIDTH="62" HEIGHT="23" WC="0.96" CONTENT="någon"/><SP WIDTH="13" VPOS="726" HPOS="572"/>
							<String ID="string_72" HPOS="585" VPOS="725" WIDTH="57" HEIGHT="19" WC="0.91" CONTENT="sådan"/><SP WIDTH="12" VPOS="725" HPOS="642"/>
							<String ID="string_73" HPOS="654" VPOS="725" WIDTH="127" HEIGHT="24" WC="0.91" CONTENT="värnepligtig"/><SP WIDTH="12" VPOS="725" HPOS="781"/>
							<String ID="string_74" HPOS="793" VPOS="725" WIDTH="81" HEIGHT="23" WC="0.96" CONTENT="yngling,"/><SP WIDTH="13" VPOS="725" HPOS="874"/>
							<String ID="string_75" HPOS="887" VPOS="729" WIDTH="39" HEIGHT="14" WC="0.96" CONTENT="som"/><SP WIDTH="12" VPOS="729" HPOS="926"/>
							<String ID="string_76" HPOS="938" VPOS="726" WIDTH="22" HEIGHT="16" WC="0.96" CONTENT="är"/>
						</TextLine>
						<TextLine ID="line_12" HPOS="199" VPOS="753" WIDTH="759" HEIGHT="24">
							<String ID="string_77" HPOS="199" VPOS="753" WIDTH="30" HEIGHT="18" WC="0.92" CONTENT="till"/><SP WIDTH="18" VPOS="753" HPOS="229"/>
							<String ID="string_78" HPOS="247" VPOS="753" WIDTH="109" HEIGHT="24" WC="0.92" CONTENT="krigstjenst"/><SP WIDTH="19" VPOS="753" HPOS="356"/>
							<String ID="string_79" HPOS="375" VPOS="754" WIDTH="86" HEIGHT="23" WC="0.92" CONTENT="oduglig;"/><SP WIDTH="11" VPOS="754" HPOS="461"/>
							<String ID="string_80" HPOS="472" VPOS="755" WIDTH="38" HEIGHT="17" WC="0.93" CONTENT="han"/><SP WIDTH="12" VPOS="755" HPOS="510"/>
							<String ID="string_81" HPOS="522" VPOS="755" WIDTH="65" HEIGHT="22" WC="0.93" CONTENT="mäste,"/><SP WIDTH="12" VPOS="755" HPOS="587"/>
							<String ID="string_82" HPOS="599" VPOS="755" WIDTH="47" HEIGHT="17" WC="0.93" CONTENT="huru"/><SP WIDTH="13" VPOS="755" HPOS="646"/>
							<String ID="string_83" HPOS="659" VPOS="755" WIDTH="51" HEIGHT="17" WC="0.93" CONTENT="svärt"/><SP WIDTH="13" VPOS="755" HPOS="710"/>
							<String ID="string_84" HPOS="723" VPOS="754" WIDTH="92" HEIGHT="18" WC="0.93" CONTENT="behäftad"/><SP WIDTH="10" VPOS="754" HPOS="815"/>
							<String ID="string_85" HPOS="825" VPOS="753" WIDTH="43" HEIGHT="18" WC="0.93" CONTENT="med"/><SP WIDTH="12" VPOS="753" HPOS="868"/>
							<String ID="string_86" HPOS="880" VPOS="753" WIDTH="78" HEIGHT="23" WC="0.93" CONTENT="kropps-"/>
						</TextLine>
						<TextLine ID="line_13" HPOS="199" VPOS="782" WIDTH="758" HEIGHT="24">
							<String ID="string_87" HPOS="199" VPOS="782" WIDTH="53" HEIGHT="23" WC="0.92" CONTENT="lyten"/><SP WIDTH="18" VPOS="782" HPOS="252"/>
							<String ID="string_88" HPOS="270" VPOS="783" WIDTH="37" HEIGHT="18" WC="0.96" CONTENT="han"/><SP WIDTH="20" VPOS="783" HPOS="307"/>
							<String ID="string_89" HPOS="327" VPOS="785" WIDTH="22" HEIGHT="16" WC="0.96" CONTENT="än"/><SP WIDTH="18" VPOS="785" HPOS="349"/>
							<String ID="string_90" HPOS="367" VPOS="783" WIDTH="30" HEIGHT="18" WC="0.96" CONTENT="mä"/><SP WIDTH="16" VPOS="783" HPOS="397"/>
							<String ID="string_91" HPOS="413" VPOS="789" WIDTH="51" HEIGHT="16" WC="0.93" CONTENT="vara,"/><SP WIDTH="18" VPOS="789" HPOS="464"/>
							<String ID="string_92" HPOS="482" VPOS="784" WIDTH="120" HEIGHT="22" WC="0.96" CONTENT="personligen"/><SP WIDTH="13" VPOS="784" HPOS="602"/>
							<String ID="string_93" HPOS="615" VPOS="783" WIDTH="70" HEIGHT="18" WC="0.96" CONTENT="infinna"/><SP WIDTH="13" VPOS="783" HPOS="685"/>
							<String ID="string_94" HPOS="698" VPOS="783" WIDTH="29" HEIGHT="23" WC="0.96" CONTENT="sig"/><SP WIDTH="13" VPOS="783" HPOS="727"/>
							<String ID="string_95" HPOS="740" VPOS="783" WIDTH="30" HEIGHT="18" WC="0.93" CONTENT="vid"/><SP WIDTH="13" VPOS="783" HPOS="770"/>
							<String ID="string_96" HPOS="783" VPOS="782" WIDTH="174" HEIGHT="23" WC="0.58" CONTENT="uppbädstillfället."/>
						</TextLine>
						<TextLine ID="line_14" HPOS="199" VPOS="811" WIDTH="759" HEIGHT="24">
							<String ID="string_97" HPOS="199" VPOS="811" WIDTH="68" HEIGHT="18" WC="0.93" CONTENT="Denna"/><SP WIDTH="12" VPOS="811" HPOS="267"/>
							<String ID="string_98" HPOS="279" VPOS="812" WIDTH="99" HEIGHT="23" WC="0.92" CONTENT="stränghet"/><SP WIDTH="11" VPOS="812" HPOS="378"/>
							<String ID="string_99" HPOS="389" VPOS="812" WIDTH="35" HEIGHT="17" WC="0.93" CONTENT="har"/><SP WIDTH="12" VPOS="812" HPOS="424"/>
							<String ID="string_100" HPOS="436" VPOS="812" WIDTH="120" HEIGHT="23" WC="0.92" CONTENT="synbarligen"/><SP WIDTH="13" VPOS="812" HPOS="556"/>
							<String ID="string_101" HPOS="569" VPOS="812" WIDTH="27" HEIGHT="18" WC="0.96" CONTENT="sin"/><SP WIDTH="13" VPOS="812" HPOS="596"/>
							<String ID="string_102" HPOS="609" VPOS="812" WIDTH="60" HEIGHT="23" WC="0.93" CONTENT="grund"/><SP WIDTH="13" VPOS="812" HPOS="669"/>
							<String ID="string_103" HPOS="682" VPOS="812" WIDTH="45" HEIGHT="21" WC="0.93" CONTENT="deri,"/><SP WIDTH="10" VPOS="812" HPOS="727"/>
							<String ID="string_104" HPOS="737" VPOS="813" WIDTH="29" HEIGHT="16" WC="0.96" CONTENT="att"/><SP WIDTH="7" VPOS="813" HPOS="766"/>
							<String ID="string_105" HPOS="773" VPOS="817" WIDTH="43" HEIGHT="12" WC="0.96" CONTENT="man"/><SP WIDTH="8" VPOS="817" HPOS="816"/>
							<String ID="string_106" HPOS="824" VPOS="811" WIDTH="50" HEIGHT="18" WC="0.93" CONTENT="velat"/><SP WIDTH="8" VPOS="811" HPOS="874"/>
							<String ID="string_107" HPOS="882" VPOS="811" WIDTH="76" HEIGHT="18" WC="0.90" CONTENT="afskära"/>
						</TextLine>
						<TextLine ID="line_15" HPOS="198" VPOS="839" WIDTH="760" HEIGHT="25">
							<String ID="string_108" HPOS="198" VPOS="839" WIDTH="29" HEIGHT="18" WC="0.96" CONTENT="för"/><SP WIDTH="18" VPOS="839" HPOS="227"/>
							<String ID="string_109" HPOS="245" VPOS="840" WIDTH="36" HEIGHT="18" WC="0.96" CONTENT="den"/><SP WIDTH="16" VPOS="840" HPOS="281"/>
							<String ID="string_110" HPOS="297" VPOS="840" WIDTH="30" HEIGHT="18" WC="0.93" CONTENT="till"/><SP WIDTH="15" VPOS="840" HPOS="327"/>
							<String ID="string_111" HPOS="342" VPOS="841" WIDTH="111" HEIGHT="22" WC="0.93" CONTENT="krigstjenst"/><SP WIDTH="12" VPOS="841" HPOS="453"/>
							<String ID="string_112" HPOS="465" VPOS="841" WIDTH="75" HEIGHT="23" WC="0.93" CONTENT="duglige"/><SP WIDTH="13" VPOS="841" HPOS="540"/>
							<String ID="string_113" HPOS="553" VPOS="841" WIDTH="100" HEIGHT="23" WC="0.91" CONTENT="ynglingen"/><SP WIDTH="13" VPOS="841" HPOS="653"/>
							<String ID="string_114" HPOS="666" VPOS="841" WIDTH="65" HEIGHT="22" WC="0.92" CONTENT="hvarje"/><SP WIDTH="12" VPOS="841" HPOS="731"/>
							<String ID="string_115" HPOS="743" VPOS="841" WIDTH="98" HEIGHT="23" WC="0.96" CONTENT="möjlighet"/><SP WIDTH="11" VPOS="841" HPOS="841"/>
							<String ID="string_116" HPOS="852" VPOS="842" WIDTH="29" HEIGHT="16" WC="0.96" CONTENT="att"/><SP WIDTH="10" VPOS="842" HPOS="881"/>
							<String ID="string_117" HPOS="891" VPOS="845" WIDTH="67" HEIGHT="18" WC="0.96" CONTENT="genom"/>
						</TextLine>
						<TextLine ID="line_16" HPOS="197" VPOS="869" WIDTH="760" HEIGHT="24">
							<String ID="string_118" HPOS="197" VPOS="869" WIDTH="47" HEIGHT="18" WC="0.92" CONTENT="svek"/><SP WIDTH="17" VPOS="869" HPOS="244"/>
							<String ID="string_119" HPOS="261" VPOS="869" WIDTH="123" HEIGHT="24" WC="0.92" CONTENT="undandraga"/><SP WIDTH="18" VPOS="869" HPOS="384"/>
							<String ID="string_120" HPOS="402" VPOS="870" WIDTH="29" HEIGHT="23" WC="0.93" CONTENT="sig"/><SP WIDTH="17" VPOS="870" HPOS="431"/>
							<String ID="string_121" HPOS="448" VPOS="870" WIDTH="140" HEIGHT="23" WC="0.92" CONTENT="värnepligtens"/><SP WIDTH="18" VPOS="870" HPOS="588"/>
							<String ID="string_122" HPOS="606" VPOS="870" WIDTH="124" HEIGHT="23" WC="0.91" CONTENT="fullgörande."/><SP WIDTH="25" VPOS="870" HPOS="730"/>
							<String ID="string_123" HPOS="755" VPOS="870" WIDTH="38" HEIGHT="18" WC="0.96" CONTENT="Det"/><SP WIDTH="18" VPOS="870" HPOS="793"/>
							<String ID="string_124" HPOS="811" VPOS="870" WIDTH="37" HEIGHT="18" WC="0.93" CONTENT="kan"/><SP WIDTH="17" VPOS="870" HPOS="848"/>
							<String ID="string_125" HPOS="865" VPOS="869" WIDTH="58" HEIGHT="18" WC="0.90" CONTENT="likväl"/><SP WIDTH="17" VPOS="869" HPOS="923"/>
							<String ID="string_126" HPOS="940" VPOS="869" WIDTH="17" HEIGHT="23" WC="0.90" CONTENT="ej"/>
						</TextLine>
						<TextLine ID="line_17" HPOS="197" VPOS="897" WIDTH="761" HEIGHT="25">
							<String ID="string_127" HPOS="197" VPOS="897" WIDTH="100" HEIGHT="22" WC="0.92" CONTENT="bestridas,"/><SP WIDTH="13" VPOS="897" HPOS="297"/>
							<String ID="string_128" HPOS="310" VPOS="900" WIDTH="29" HEIGHT="16" WC="0.93" CONTENT="att"/><SP WIDTH="11" VPOS="900" HPOS="339"/>
							<String ID="string_129" HPOS="350" VPOS="899" WIDTH="128" HEIGHT="18" WC="0.92" CONTENT="rättskänslan"/><SP WIDTH="12" VPOS="899" HPOS="478"/>
							<String ID="string_130" HPOS="490" VPOS="899" WIDTH="6" HEIGHT="17" WC="0.93" CONTENT="i"/><SP WIDTH="12" VPOS="899" HPOS="496"/>
							<String ID="string_131" HPOS="508" VPOS="899" WIDTH="103" HEIGHT="18" WC="0.92" CONTENT="allmänhet"/><SP WIDTH="11" VPOS="899" HPOS="611"/>
							<String ID="string_132" HPOS="622" VPOS="899" WIDTH="35" HEIGHT="18" WC="0.93" CONTENT="och"/><SP WIDTH="9" VPOS="899" HPOS="657"/>
							<String ID="string_133" HPOS="666" VPOS="899" WIDTH="121" HEIGHT="23" WC="0.93" CONTENT="synnerligen"/><SP WIDTH="8" VPOS="899" HPOS="787"/>
							<String ID="string_134" HPOS="795" VPOS="899" WIDTH="35" HEIGHT="18" WC="0.96" CONTENT="hos"/><SP WIDTH="9" VPOS="899" HPOS="830"/>
							<String ID="string_135" HPOS="839" VPOS="898" WIDTH="47" HEIGHT="22" WC="0.93" CONTENT="dem,"/><SP WIDTH="8" VPOS="898" HPOS="886"/>
							<String ID="string_136" HPOS="894" VPOS="897" WIDTH="64" HEIGHT="19" WC="0.91" CONTENT="hvilka"/>
						</TextLine>
						<TextLine ID="line_18" HPOS="197" VPOS="926" WIDTH="760" HEIGHT="25">
							<String ID="string_137" HPOS="197" VPOS="926" WIDTH="60" HEIGHT="18" WC="0.93" CONTENT="saken"/><SP WIDTH="12" VPOS="926" HPOS="257"/>
							<String ID="string_138" HPOS="269" VPOS="929" WIDTH="85" HEIGHT="16" WC="0.96" CONTENT="närmare"/><SP WIDTH="13" VPOS="929" HPOS="354"/>
							<String ID="string_139" HPOS="367" VPOS="927" WIDTH="61" HEIGHT="22" WC="0.93" CONTENT="berör,"/><SP WIDTH="13" VPOS="927" HPOS="428"/>
							<String ID="string_140" HPOS="441" VPOS="927" WIDTH="67" HEIGHT="18" WC="0.90" CONTENT="blifver"/><SP WIDTH="12" VPOS="927" HPOS="508"/>
							<String ID="string_141" HPOS="520" VPOS="928" WIDTH="69" HEIGHT="17" WC="0.93" CONTENT="kränkt"/><SP WIDTH="11" VPOS="928" HPOS="589"/>
							<String ID="string_142" HPOS="600" VPOS="927" WIDTH="115" HEIGHT="24" WC="0.92" CONTENT="derigenom,"/><SP WIDTH="12" VPOS="927" HPOS="715"/>
							<String ID="string_143" HPOS="727" VPOS="929" WIDTH="30" HEIGHT="16" WC="0.93" CONTENT="att"/><SP WIDTH="12" VPOS="929" HPOS="757"/>
							<String ID="string_144" HPOS="769" VPOS="927" WIDTH="54" HEIGHT="18" WC="0.96" CONTENT="äfven"/><SP WIDTH="12" VPOS="927" HPOS="823"/>
							<String ID="string_145" HPOS="835" VPOS="927" WIDTH="70" HEIGHT="18" WC="0.70" CONTENT="sådana"/><SP WIDTH="8" VPOS="927" HPOS="905"/>
							<String ID="string_146" HPOS="913" VPOS="932" WIDTH="44" HEIGHT="18" WC="0.93" CONTENT="yng-"/>
						</TextLine>
						<TextLine ID="line_19" HPOS="197" VPOS="955" WIDTH="760" HEIGHT="24">
							<String ID="string_147" HPOS="197" VPOS="955" WIDTH="67" HEIGHT="23" WC="0.96" CONTENT="lingar,"/><SP WIDTH="18" VPOS="955" HPOS="264"/>
							<String ID="string_148" HPOS="282" VPOS="955" WIDTH="65" HEIGHT="19" WC="0.96" CONTENT="hvilka"/><SP WIDTH="17" VPOS="955" HPOS="347"/>
							<String ID="string_149" HPOS="364" VPOS="956" WIDTH="25" HEIGHT="23" WC="0.96" CONTENT="pä"/><SP WIDTH="17" VPOS="956" HPOS="389"/>
							<String ID="string_150" HPOS="406" VPOS="957" WIDTH="61" HEIGHT="22" WC="0.96" CONTENT="grund"/><SP WIDTH="16" VPOS="957" HPOS="467"/>
							<String ID="string_151" HPOS="483" VPOS="957" WIDTH="20" HEIGHT="18" WC="0.93" CONTENT="af"/><SP WIDTH="11" VPOS="957" HPOS="503"/>
							<String ID="string_152" HPOS="514" VPOS="957" WIDTH="122" HEIGHT="22" WC="0.92" CONTENT="kroppslyten"/><SP WIDTH="12" VPOS="957" HPOS="636"/>
							<String ID="string_153" HPOS="648" VPOS="957" WIDTH="48" HEIGHT="18" WC="0.96" CONTENT="eller"/><SP WIDTH="12" VPOS="957" HPOS="696"/>
							<String ID="string_154" HPOS="708" VPOS="962" WIDTH="23" HEIGHT="12" WC="0.96" CONTENT="en"/><SP WIDTH="13" VPOS="962" HPOS="731"/>
							<String ID="string_155" HPOS="744" VPOS="961" WIDTH="67" HEIGHT="18" WC="0.96" CONTENT="genom"/><SP WIDTH="12" VPOS="961" HPOS="811"/>
							<String ID="string_156" HPOS="823" VPOS="956" WIDTH="85" HEIGHT="23" WC="0.93" CONTENT="sjukdom"/><SP WIDTH="12" VPOS="956" HPOS="908"/>
							<String ID="string_157" HPOS="920" VPOS="955" WIDTH="37" HEIGHT="18" WC="0.92" CONTENT="för-"/>
						</TextLine>
						<TextLine ID="line_20" HPOS="198" VPOS="984" WIDTH="760" HEIGHT="25">
							<String ID="string_158" HPOS="198" VPOS="984" WIDTH="53" HEIGHT="18" WC="0.91" CONTENT="störd"/><SP WIDTH="18" VPOS="984" HPOS="251"/>
							<String ID="string_159" HPOS="269" VPOS="984" WIDTH="54" HEIGHT="19" WC="0.90" CONTENT="helsa"/><SP WIDTH="15" VPOS="984" HPOS="323"/>
							<String ID="string_160" HPOS="338" VPOS="985" WIDTH="119" HEIGHT="23" WC="0.92" CONTENT="synbarligen"/><SP WIDTH="14" VPOS="985" HPOS="457"/>
							<String ID="string_161" HPOS="471" VPOS="987" WIDTH="32" HEIGHT="16" WC="0.91" CONTENT="äro"/><SP WIDTH="13" VPOS="987" HPOS="503"/>
							<String ID="string_162" HPOS="516" VPOS="985" WIDTH="28" HEIGHT="18" WC="0.93" CONTENT="till"/><SP WIDTH="13" VPOS="985" HPOS="544"/>
							<String ID="string_163" HPOS="557" VPOS="986" WIDTH="110" HEIGHT="23" WC="0.92" CONTENT="krigstjenst"/><SP WIDTH="13" VPOS="986" HPOS="667"/>
							<String ID="string_164" HPOS="680" VPOS="985" WIDTH="95" HEIGHT="23" WC="0.92" CONTENT="odugliga,"/><SP WIDTH="11" VPOS="985" HPOS="775"/>
							<String ID="string_165" HPOS="786" VPOS="985" WIDTH="74" HEIGHT="23" WC="0.92" CONTENT="tvingas"/><SP WIDTH="13" VPOS="985" HPOS="860"/>
							<String ID="string_166" HPOS="873" VPOS="987" WIDTH="32" HEIGHT="18" WC="0.96" CONTENT="att,"/><SP WIDTH="13" VPOS="987" HPOS="905"/>
							<String ID="string_167" HPOS="918" VPOS="984" WIDTH="40" HEIGHT="18" WC="0.96" CONTENT="ofta"/>
						</TextLine>
						<TextLine ID="line_21" HPOS="197" VPOS="1012" WIDTH="760" HEIGHT="25">
							<String ID="string_168" HPOS="197" VPOS="1012" WIDTH="42" HEIGHT="19" WC="0.93" CONTENT="frän"/><SP WIDTH="12" VPOS="1012" HPOS="239"/>
							<String ID="string_169" HPOS="251" VPOS="1017" WIDTH="24" HEIGHT="14" WC="0.96" CONTENT="en"/><SP WIDTH="12" VPOS="1017" HPOS="275"/>
							<String ID="string_170" HPOS="287" VPOS="1013" WIDTH="25" HEIGHT="23" WC="0.96" CONTENT="pä"/><SP WIDTH="11" VPOS="1013" HPOS="312"/>
							<String ID="string_171" HPOS="323" VPOS="1013" WIDTH="27" HEIGHT="18" WC="0.93" CONTENT="tio"/><SP WIDTH="12" VPOS="1013" HPOS="350"/>
							<String ID="string_172" HPOS="362" VPOS="1014" WIDTH="42" HEIGHT="18" WC="0.92" CONTENT="mils"/><SP WIDTH="13" VPOS="1014" HPOS="404"/>
							<String ID="string_173" HPOS="417" VPOS="1014" WIDTH="75" HEIGHT="18" WC="0.93" CONTENT="afständ"/><SP WIDTH="12" VPOS="1014" HPOS="492"/>
							<String ID="string_174" HPOS="504" VPOS="1014" WIDTH="79" HEIGHT="23" WC="0.92" CONTENT="belägen"/><SP WIDTH="13" VPOS="1014" HPOS="583"/>
							<String ID="string_175" HPOS="596" VPOS="1017" WIDTH="34" HEIGHT="19" WC="0.93" CONTENT="ort,"/><SP WIDTH="13" VPOS="1017" HPOS="630"/>
							<String ID="string_176" HPOS="643" VPOS="1014" WIDTH="70" HEIGHT="18" WC="0.93" CONTENT="infinna"/><SP WIDTH="13" VPOS="1014" HPOS="713"/>
							<String ID="string_177" HPOS="726" VPOS="1014" WIDTH="29" HEIGHT="23" WC="0.96" CONTENT="sig"/><SP WIDTH="9" VPOS="1014" HPOS="755"/>
							<String ID="string_178" HPOS="764" VPOS="1014" WIDTH="30" HEIGHT="18" WC="0.93" CONTENT="vid"/><SP WIDTH="8" VPOS="1014" HPOS="794"/>
							<String ID="string_179" HPOS="802" VPOS="1013" WIDTH="155" HEIGHT="23" WC="0.89" CONTENT="uppbädsstället,"/>
						</TextLine>
						<TextLine ID="line_22" HPOS="197" VPOS="1041" WIDTH="761" HEIGHT="24">
							<String ID="string_180" HPOS="197" VPOS="1041" WIDTH="30" HEIGHT="18" WC="0.96" CONTENT="för"/><SP WIDTH="12" VPOS="1041" HPOS="227"/>
							<String ID="string_181" HPOS="239" VPOS="1044" WIDTH="28" HEIGHT="15" WC="0.93" CONTENT="att"/><SP WIDTH="13" VPOS="1044" HPOS="267"/>
							<String ID="string_182" HPOS="280" VPOS="1041" WIDTH="82" HEIGHT="19" WC="0.92" CONTENT="derifrän"/><SP WIDTH="12" VPOS="1041" HPOS="362"/>
							<String ID="string_183" HPOS="374" VPOS="1043" WIDTH="78" HEIGHT="18" WC="0.92" CONTENT="beträda"/><SP WIDTH="12" VPOS="1043" HPOS="452"/>
							<String ID="string_184" HPOS="464" VPOS="1043" WIDTH="107" HEIGHT="18" WC="0.93" CONTENT="äterfärden"/><SP WIDTH="13" VPOS="1043" HPOS="571"/>
							<String ID="string_185" HPOS="584" VPOS="1043" WIDTH="41" HEIGHT="18" WC="0.96" CONTENT="med"/><SP WIDTH="13" VPOS="1043" HPOS="625"/>
							<String ID="string_186" HPOS="638" VPOS="1045" WIDTH="28" HEIGHT="16" WC="0.97" CONTENT="ett"/><SP WIDTH="12" VPOS="1045" HPOS="666"/>
							<String ID="string_187" HPOS="678" VPOS="1048" WIDTH="49" HEIGHT="17" WC="0.93" CONTENT="svar,"/><SP WIDTH="13" VPOS="1048" HPOS="727"/>
							<String ID="string_188" HPOS="740" VPOS="1043" WIDTH="72" HEIGHT="17" WC="0.93" CONTENT="hvilket"/><SP WIDTH="11" VPOS="1043" HPOS="812"/>
							<String ID="string_189" HPOS="823" VPOS="1048" WIDTH="34" HEIGHT="13" WC="0.93" CONTENT="var"/><SP WIDTH="12" VPOS="1048" HPOS="857"/>
							<String ID="string_190" HPOS="869" VPOS="1042" WIDTH="51" HEIGHT="19" WC="0.92" CONTENT="säväl"/><SP WIDTH="8" VPOS="1042" HPOS="920"/>
							<String ID="string_191" HPOS="928" VPOS="1042" WIDTH="30" HEIGHT="18" WC="0.89" CONTENT="för"/>
						</TextLine>
						<TextLine ID="line_23" HPOS="197" VPOS="1070" WIDTH="760" HEIGHT="25">
							<String ID="string_192" HPOS="197" VPOS="1070" WIDTH="42" HEIGHT="18" WC="0.93" CONTENT="dem"/><SP WIDTH="12" VPOS="1070" HPOS="239"/>
							<String ID="string_193" HPOS="251" VPOS="1070" WIDTH="67" HEIGHT="23" WC="0.92" CONTENT="sjelfva"/><SP WIDTH="13" VPOS="1070" HPOS="318"/>
							<String ID="string_194" HPOS="331" VPOS="1076" WIDTH="39" HEIGHT="13" WC="0.96" CONTENT="som"/><SP WIDTH="12" VPOS="1076" HPOS="370"/>
							<String ID="string_195" HPOS="382" VPOS="1071" WIDTH="28" HEIGHT="18" WC="0.96" CONTENT="för"/><SP WIDTH="12" VPOS="1071" HPOS="410"/>
							<String ID="string_196" HPOS="422" VPOS="1071" WIDTH="39" HEIGHT="18" WC="0.96" CONTENT="alla"/><SP WIDTH="11" VPOS="1071" HPOS="461"/>
							<String ID="string_197" HPOS="472" VPOS="1072" WIDTH="59" HEIGHT="17" WC="0.96" CONTENT="andra"/><SP WIDTH="11" VPOS="1072" HPOS="531"/>
							<String ID="string_198" HPOS="542" VPOS="1072" WIDTH="58" HEIGHT="18" WC="0.96" CONTENT="redan"/><SP WIDTH="13" VPOS="1072" HPOS="600"/>
							<String ID="string_199" HPOS="613" VPOS="1072" WIDTH="24" HEIGHT="23" WC="0.93" CONTENT="pä"/><SP WIDTH="11" VPOS="1072" HPOS="637"/>
							<String ID="string_200" HPOS="648" VPOS="1071" WIDTH="83" HEIGHT="19" WC="0.92" CONTENT="förhand"/><SP WIDTH="12" VPOS="1071" HPOS="731"/>
							<String ID="string_201" HPOS="743" VPOS="1072" WIDTH="76" HEIGHT="17" WC="0.92" CONTENT="bekant."/><SP WIDTH="24" VPOS="1072" HPOS="819"/>
							<String ID="string_202" HPOS="843" VPOS="1071" WIDTH="65" HEIGHT="23" WC="0.95" CONTENT="Enligt"/><SP WIDTH="11" VPOS="1071" HPOS="908"/>
							<String ID="string_203" HPOS="919" VPOS="1071" WIDTH="38" HEIGHT="18" WC="0.96" CONTENT="min"/>
						</TextLine>
						<TextLine ID="line_24" HPOS="196" VPOS="1099" WIDTH="762" HEIGHT="24">
							<String ID="string_204" HPOS="196" VPOS="1099" WIDTH="58" HEIGHT="18" WC="0.96" CONTENT="tanke"/><SP WIDTH="18" VPOS="1099" HPOS="254"/>
							<String ID="string_205" HPOS="272" VPOS="1099" WIDTH="63" HEIGHT="19" WC="0.96" CONTENT="kunde"/><SP WIDTH="18" VPOS="1099" HPOS="335"/>
							<String ID="string_206" HPOS="353" VPOS="1100" WIDTH="62" HEIGHT="18" WC="0.93" CONTENT="denna"/><SP WIDTH="15" VPOS="1100" HPOS="415"/>
							<String ID="string_207" HPOS="430" VPOS="1100" WIDTH="101" HEIGHT="23" WC="0.92" CONTENT="olägenhet"/><SP WIDTH="12" VPOS="1100" HPOS="531"/>
							<String ID="string_208" HPOS="543" VPOS="1101" WIDTH="6" HEIGHT="17" WC="0.93" CONTENT="i"/><SP WIDTH="12" VPOS="1101" HPOS="549"/>
							<String ID="string_209" HPOS="561" VPOS="1101" WIDTH="61" HEIGHT="22" WC="0.92" CONTENT="nägon"/><SP WIDTH="18" VPOS="1101" HPOS="622"/>
							<String ID="string_210" HPOS="640" VPOS="1107" WIDTH="43" HEIGHT="12" WC="0.93" CONTENT="mon"/><SP WIDTH="6" VPOS="1107" HPOS="683"/>
							<String ID="string_211" HPOS="689" VPOS="1095" WIDTH="100" HEIGHT="33" WC="0.93" CONTENT="afhjelpas"/><SP WIDTH="10" VPOS="1095" HPOS="789"/>
							<String ID="string_212" HPOS="799" VPOS="1095" WIDTH="111" HEIGHT="33" WC="0.92" CONTENT="derigenom,"/><SP WIDTH="18" VPOS="1095" HPOS="910"/>
							<String ID="string_213" HPOS="928" VPOS="1101" WIDTH="30" HEIGHT="17" WC="0.96" CONTENT="att"/>
						</TextLine>
						<TextLine ID="line_25" HPOS="196" VPOS="1127" WIDTH="761" HEIGHT="26">
							<String ID="string_214" HPOS="196" VPOS="1127" WIDTH="21" HEIGHT="18" WC="0.95" CONTENT="åt"/><SP WIDTH="16" VPOS="1127" HPOS="217"/>
							<String ID="string_215" HPOS="233" VPOS="1127" WIDTH="24" HEIGHT="18" WC="0.93" CONTENT="de"/><SP WIDTH="19" VPOS="1127" HPOS="257"/>
							<String ID="string_216" HPOS="276" VPOS="1129" WIDTH="142" HEIGHT="23" WC="0.90" CONTENT="värnepligtige,"/><SP WIDTH="11" VPOS="1129" HPOS="418"/>
							<String ID="string_217" HPOS="429" VPOS="1129" WIDTH="64" HEIGHT="18" WC="0.93" CONTENT="hvilka"/><SP WIDTH="12" VPOS="1129" HPOS="493"/>
							<String ID="string_218" HPOS="505" VPOS="1129" WIDTH="107" HEIGHT="18" WC="0.92" CONTENT="hemortens"/><SP WIDTH="12" VPOS="1129" HPOS="612"/>
							<String ID="string_219" HPOS="624" VPOS="1129" WIDTH="190" HEIGHT="24" WC="0.96" CONTENT="kommunalstyrelse"/><SP WIDTH="14" VPOS="1129" HPOS="814"/>
							<String ID="string_220" HPOS="828" VPOS="1129" WIDTH="72" HEIGHT="23" WC="0.96" CONTENT="intygat"/><SP WIDTH="12" VPOS="1129" HPOS="900"/>
							<String ID="string_221" HPOS="912" VPOS="1133" WIDTH="45" HEIGHT="14" WC="0.97" CONTENT="vara"/>
						</TextLine>
						<TextLine ID="line_26" HPOS="196" VPOS="1155" WIDTH="760" HEIGHT="26">
							<String ID="string_222" HPOS="196" VPOS="1155" WIDTH="116" HEIGHT="24" WC="0.92" CONTENT="fallkomligt"/><SP WIDTH="12" VPOS="1155" HPOS="312"/>
							<String ID="string_223" HPOS="324" VPOS="1157" WIDTH="88" HEIGHT="23" WC="0.93" CONTENT="odugliga"/><SP WIDTH="12" VPOS="1157" HPOS="412"/>
							<String ID="string_224" HPOS="424" VPOS="1157" WIDTH="30" HEIGHT="18" WC="0.93" CONTENT="till"/><SP WIDTH="12" VPOS="1157" HPOS="454"/>
							<String ID="string_225" HPOS="466" VPOS="1158" WIDTH="114" HEIGHT="23" WC="0.89" CONTENT="krigstjenst,"/><SP WIDTH="12" VPOS="1158" HPOS="580"/>
							<String ID="string_226" HPOS="592" VPOS="1158" WIDTH="108" HEIGHT="23" WC="0.93" CONTENT="medgäfves"/><SP WIDTH="8" VPOS="1158" HPOS="700"/>
							<String ID="string_227" HPOS="708" VPOS="1160" WIDTH="40" HEIGHT="16" WC="0.96" CONTENT="rätt"/><SP WIDTH="7" VPOS="1160" HPOS="748"/>
							<String ID="string_228" HPOS="755" VPOS="1160" WIDTH="29" HEIGHT="16" WC="0.96" CONTENT="att"/><SP WIDTH="8" VPOS="1160" HPOS="784"/>
							<String ID="string_229" HPOS="792" VPOS="1158" WIDTH="87" HEIGHT="23" WC="0.93" CONTENT="antingen"/><SP WIDTH="8" VPOS="1158" HPOS="879"/>
							<String ID="string_230" HPOS="887" VPOS="1157" WIDTH="69" HEIGHT="18" WC="0.90" CONTENT="infinna"/>
						</TextLine>
						<TextLine ID="line_27" HPOS="197" VPOS="1185" WIDTH="678" HEIGHT="24">
							<String ID="string_231" HPOS="197" VPOS="1185" WIDTH="29" HEIGHT="22" WC="0.96" CONTENT="sig"/><SP WIDTH="12" VPOS="1185" HPOS="226"/>
							<String ID="string_232" HPOS="238" VPOS="1185" WIDTH="31" HEIGHT="18" WC="0.93" CONTENT="vid"/><SP WIDTH="13" VPOS="1185" HPOS="269"/>
							<String ID="string_233" HPOS="282" VPOS="1185" WIDTH="169" HEIGHT="23" WC="0.83" CONTENT="uppbädstillfället"/><SP WIDTH="12" VPOS="1185" HPOS="451"/>
							<String ID="string_234" HPOS="463" VPOS="1192" WIDTH="67" HEIGHT="17" WC="0.93" CONTENT="genom"/><SP WIDTH="12" VPOS="1192" HPOS="530"/>
							<String ID="string_235" HPOS="542" VPOS="1187" WIDTH="69" HEIGHT="18" WC="0.96" CONTENT="ombud"/><SP WIDTH="12" VPOS="1187" HPOS="611"/>
							<String ID="string_236" HPOS="623" VPOS="1187" WIDTH="48" HEIGHT="18" WC="0.93" CONTENT="eller"/><SP WIDTH="13" VPOS="1187" HPOS="671"/>
							<String ID="string_237" HPOS="684" VPOS="1186" WIDTH="92" HEIGHT="19" WC="0.92" CONTENT="uteblifva"/><SP WIDTH="12" VPOS="1186" HPOS="776"/>
							<String ID="string_238" HPOS="788" VPOS="1186" WIDTH="87" HEIGHT="19" WC="0.92" CONTENT="derifrän."/>
						</TextLine>
					</TextBlock>
					<TextBlock ID="block_7" HPOS="195" VPOS="1214" WIDTH="761" HEIGHT="83">
						<TextLine ID="line_28" HPOS="264" VPOS="1214" WIDTH="692" HEIGHT="25">
							<String ID="string_239" HPOS="264" VPOS="1214" WIDTH="38" HEIGHT="23" WC="0.93" CONTENT="Jag"/><SP WIDTH="11" VPOS="1214" HPOS="302"/>
							<String ID="string_240" HPOS="313" VPOS="1215" WIDTH="58" HEIGHT="22" WC="0.92" CONTENT="vägar"/><SP WIDTH="11" VPOS="1215" HPOS="371"/>
							<String ID="string_241" HPOS="382" VPOS="1215" WIDTH="64" HEIGHT="18" WC="0.93" CONTENT="derför"/><SP WIDTH="12" VPOS="1215" HPOS="446"/>
							<String ID="string_242" HPOS="458" VPOS="1215" WIDTH="48" HEIGHT="18" WC="0.92" CONTENT="bäde"/><SP WIDTH="13" VPOS="1215" HPOS="506"/>
							<String ID="string_243" HPOS="519" VPOS="1216" WIDTH="11" HEIGHT="18" WC="0.93" CONTENT="&amp;"/><SP WIDTH="11" VPOS="1216" HPOS="530"/>
							<String ID="string_244" HPOS="541" VPOS="1221" WIDTH="49" HEIGHT="18" WC="0.93" CONTENT="egna"/><SP WIDTH="11" VPOS="1221" HPOS="590"/>
							<String ID="string_245" HPOS="601" VPOS="1218" WIDTH="71" HEIGHT="21" WC="0.91" CONTENT="vägnar"/><SP WIDTH="13" VPOS="1218" HPOS="672"/>
							<String ID="string_246" HPOS="685" VPOS="1216" WIDTH="36" HEIGHT="18" WC="0.96" CONTENT="och"/><SP WIDTH="8" VPOS="1216" HPOS="721"/>
							<String ID="string_247" HPOS="729" VPOS="1215" WIDTH="31" HEIGHT="18" WC="0.96" CONTENT="för"/><SP WIDTH="7" VPOS="1215" HPOS="760"/>
							<String ID="string_248" HPOS="767" VPOS="1218" WIDTH="29" HEIGHT="16" WC="0.93" CONTENT="att"/><SP WIDTH="8" VPOS="1218" HPOS="796"/>
							<String ID="string_249" HPOS="804" VPOS="1215" WIDTH="114" HEIGHT="23" WC="0.91" CONTENT="tillmötesgä"/><SP WIDTH="11" VPOS="1215" HPOS="918"/>
							<String ID="string_250" HPOS="929" VPOS="1218" WIDTH="27" HEIGHT="16" WC="0.97" CONTENT="ett"/>
						</TextLine>
						<TextLine ID="line_29" HPOS="196" VPOS="1240" WIDTH="760" HEIGHT="28">
							<String ID="string_251" HPOS="196" VPOS="1242" WIDTH="7" HEIGHT="18" WC="0.94" CONTENT="i"/><SP WIDTH="11" VPOS="1242" HPOS="203"/>
							<String ID="string_252" HPOS="214" VPOS="1243" WIDTH="57" HEIGHT="18" WC="0.96" CONTENT="södra"/><SP WIDTH="15" VPOS="1243" HPOS="271"/>
							<String ID="string_253" HPOS="286" VPOS="1240" WIDTH="122" HEIGHT="22" WC="0.96" CONTENT="Österbotten"/><SP WIDTH="12" VPOS="1240" HPOS="408"/>
							<String ID="string_254" HPOS="420" VPOS="1244" WIDTH="78" HEIGHT="19" WC="0.93" CONTENT="allmänt"/><SP WIDTH="12" VPOS="1244" HPOS="498"/>
							<String ID="string_255" HPOS="510" VPOS="1245" WIDTH="81" HEIGHT="18" WC="0.88" CONTENT="uttaladt"/><SP WIDTH="12" VPOS="1245" HPOS="591"/>
							<String ID="string_256" HPOS="603" VPOS="1245" WIDTH="147" HEIGHT="23" WC="0.87" CONTENT="önskningsmäl,"/><SP WIDTH="13" VPOS="1245" HPOS="750"/>
							<String ID="string_257" HPOS="763" VPOS="1245" WIDTH="106" HEIGHT="22" WC="0.92" CONTENT="ödmjukast"/><SP WIDTH="12" VPOS="1245" HPOS="869"/>
							<String ID="string_258" HPOS="881" VPOS="1244" WIDTH="75" HEIGHT="18" WC="0.92" CONTENT="anhälla"/>
						</TextLine>
						<TextLine ID="line_30" HPOS="195" VPOS="1271" WIDTH="642" HEIGHT="26">
							<String ID="string_259" HPOS="195" VPOS="1272" WIDTH="30" HEIGHT="17" WC="0.96" CONTENT="att"/><SP WIDTH="11" VPOS="1272" HPOS="225"/>
							<String ID="string_260" HPOS="236" VPOS="1271" WIDTH="32" HEIGHT="19" WC="0.93" CONTENT="det"/><SP WIDTH="12" VPOS="1271" HPOS="268"/>
							<String ID="string_261" HPOS="280" VPOS="1272" WIDTH="118" HEIGHT="19" WC="0.92" CONTENT="hedervärda"/><SP WIDTH="11" VPOS="1272" HPOS="398"/>
							<String ID="string_262" HPOS="409" VPOS="1273" WIDTH="142" HEIGHT="19" WC="0.93" CONTENT="Bondeständet"/><SP WIDTH="12" VPOS="1273" HPOS="551"/>
							<String ID="string_263" HPOS="563" VPOS="1273" WIDTH="81" HEIGHT="24" WC="0.91" CONTENT="benäget"/><SP WIDTH="12" VPOS="1273" HPOS="644"/>
							<String ID="string_264" HPOS="656" VPOS="1274" WIDTH="58" HEIGHT="18" WC="0.92" CONTENT="mätte"/><SP WIDTH="13" VPOS="1274" HPOS="714"/>
							<String ID="string_265" HPOS="727" VPOS="1273" WIDTH="76" HEIGHT="19" WC="0.92" CONTENT="biträda"/><SP WIDTH="11" VPOS="1273" HPOS="803"/>
							<String ID="string_266" HPOS="814" VPOS="1278" WIDTH="23" HEIGHT="13" WC="0.96" CONTENT="en"/>
						</TextLine>
					</TextBlock>
				</ComposedBlock>
				<ComposedBlock ID="cblock_8" HPOS="296" VPOS="1330" WIDTH="660" HEIGHT="110">
					<TextBlock ID="block_8" HPOS="296" VPOS="1330" WIDTH="660" HEIGHT="110">
						<TextLine ID="line_31" HPOS="334" VPOS="1330" WIDTH="621" HEIGHT="24">
							<String ID="string_267" HPOS="334" VPOS="1330" WIDTH="120" HEIGHT="24" WC="0.92" CONTENT="underdänig"/><SP WIDTH="10" VPOS="1330" HPOS="454"/>
							<String ID="string_268" HPOS="464" VPOS="1332" WIDTH="89" HEIGHT="22" WC="0.92" CONTENT="petition,"/><SP WIDTH="13" VPOS="1332" HPOS="553"/>
							<String ID="string_269" HPOS="566" VPOS="1331" WIDTH="55" HEIGHT="18" WC="0.92" CONTENT="hvari"/><SP WIDTH="12" VPOS="1331" HPOS="621"/>
							<String ID="string_270" HPOS="633" VPOS="1331" WIDTH="60" HEIGHT="18" WC="0.93" CONTENT="skulle"/><SP WIDTH="12" VPOS="1331" HPOS="693"/>
							<String ID="string_271" HPOS="705" VPOS="1330" WIDTH="90" HEIGHT="19" WC="0.92" CONTENT="anhällas"/><SP WIDTH="13" VPOS="1330" HPOS="795"/>
							<String ID="string_272" HPOS="808" VPOS="1336" WIDTH="30" HEIGHT="12" WC="0.93" CONTENT="om"/><SP WIDTH="7" VPOS="1336" HPOS="838"/>
							<String ID="string_273" HPOS="845" VPOS="1330" WIDTH="59" HEIGHT="23" WC="0.91" CONTENT="nädig"/><SP WIDTH="6" VPOS="1330" HPOS="904"/>
							<String ID="string_274" HPOS="910" VPOS="1335" WIDTH="45" HEIGHT="18" WC="0.93" CONTENT="pro-"/>
						</TextLine>
						<TextLine ID="line_32" HPOS="296" VPOS="1359" WIDTH="659" HEIGHT="24">
							<String ID="string_275" HPOS="296" VPOS="1359" WIDTH="87" HEIGHT="22" WC="0.68" CONTENT="position"/><SP WIDTH="11" VPOS="1359" HPOS="383"/>
							<String ID="string_276" HPOS="394" VPOS="1359" WIDTH="98" HEIGHT="23" WC="0.96" CONTENT="angående"/><SP WIDTH="11" VPOS="1359" HPOS="492"/>
							<String ID="string_277" HPOS="503" VPOS="1359" WIDTH="70" HEIGHT="18" WC="0.96" CONTENT="sådant"/><SP WIDTH="12" VPOS="1359" HPOS="573"/>
							<String ID="string_278" HPOS="585" VPOS="1360" WIDTH="67" HEIGHT="23" WC="0.96" CONTENT="tillägg"/><SP WIDTH="12" VPOS="1360" HPOS="652"/>
							<String ID="string_279" HPOS="664" VPOS="1360" WIDTH="31" HEIGHT="18" WC="0.96" CONTENT="till"/><SP WIDTH="8" VPOS="1360" HPOS="695"/>
							<String ID="string_280" HPOS="703" VPOS="1360" WIDTH="24" HEIGHT="17" WC="0.84" CONTENT="64"/><SP WIDTH="13" VPOS="1360" HPOS="727"/>
							<String ID="string_281" HPOS="740" VPOS="1361" WIDTH="5" HEIGHT="21" WC="0.84" CONTENT="$"/><SP WIDTH="11" VPOS="1361" HPOS="745"/>
							<String ID="string_282" HPOS="756" VPOS="1360" WIDTH="5" HEIGHT="17" WC="0.93" CONTENT="i"/><SP WIDTH="11" VPOS="1360" HPOS="761"/>
							<String ID="string_283" HPOS="772" VPOS="1360" WIDTH="183" HEIGHT="22" WC="0.90" CONTENT="Värnepligislagen,"/>
						</TextLine>
						<TextLine ID="line_33" HPOS="299" VPOS="1388" WIDTH="657" HEIGHT="24">
							<String ID="string_284" HPOS="299" VPOS="1388" WIDTH="29" HEIGHT="16" WC="0.92" CONTENT="att"/><SP WIDTH="15" VPOS="1388" HPOS="328"/>
							<String ID="string_285" HPOS="343" VPOS="1388" WIDTH="128" HEIGHT="23" WC="0.64" CONTENT="värnepliatia"/><SP WIDTH="19" VPOS="1388" HPOS="471"/>
							<String ID="string_286" HPOS="490" VPOS="1388" WIDTH="86" HEIGHT="24" WC="0.31" CONTENT="umaling."/><SP WIDTH="13" VPOS="1388" HPOS="576"/>
							<String ID="string_287" HPOS="589" VPOS="1388" WIDTH="75" HEIGHT="18" WC="0.93" CONTENT="hvilken"/><SP WIDTH="11" VPOS="1388" HPOS="664"/>
							<String ID="string_288" HPOS="675" VPOS="1388" WIDTH="202" HEIGHT="23" WC="0.91" CONTENT="kommunalstyrelsen"/><SP WIDTH="11" VPOS="1388" HPOS="877"/>
							<String ID="string_289" HPOS="888" VPOS="1388" WIDTH="8" HEIGHT="17" WC="0.96" CONTENT="i"/><SP WIDTH="12" VPOS="1388" HPOS="896"/>
							<String ID="string_290" HPOS="908" VPOS="1388" WIDTH="48" HEIGHT="18" WC="0.96" CONTENT="hans"/>
						</TextLine>
						<TextLine ID="line_34" HPOS="299" VPOS="1415" WIDTH="657" HEIGHT="25">
							<String ID="string_291" HPOS="299" VPOS="1415" WIDTH="158" HEIGHT="25" WC="0.90" CONTENT="hemförsamling"/><SP WIDTH="15" VPOS="1415" HPOS="457"/>
							<String ID="string_292" HPOS="472" VPOS="1417" WIDTH="77" HEIGHT="23" WC="0.91" CONTENT="intygat"/><SP WIDTH="10" VPOS="1417" HPOS="549"/>
							<String ID="string_293" HPOS="559" VPOS="1416" WIDTH="29" HEIGHT="24" WC="0.96" CONTENT="pä"/><SP WIDTH="10" VPOS="1416" HPOS="588"/>
							<String ID="string_294" HPOS="598" VPOS="1417" WIDTH="66" HEIGHT="23" WC="0.83" CONTENT="grund"/><SP WIDTH="10" VPOS="1417" HPOS="664"/>
							<String ID="string_295" HPOS="674" VPOS="1417" WIDTH="28" HEIGHT="23" WC="0.93" CONTENT="af"/><SP WIDTH="7" VPOS="1417" HPOS="702"/>
							<String ID="string_296" HPOS="709" VPOS="1417" WIDTH="114" HEIGHT="23" WC="0.88" CONTENT="uppendara"/><SP WIDTH="11" VPOS="1417" HPOS="823"/>
							<String ID="string_297" HPOS="834" VPOS="1416" WIDTH="122" HEIGHT="24" WC="0.89" CONTENT="kroppslyten"/>
						</TextLine>
					</TextBlock>
				</ComposedBlock>
				<ComposedBlock ID="cblock_9" HPOS="263" VPOS="1456" WIDTH="357" HEIGHT="23">
					<TextBlock ID="block_9" HPOS="263" VPOS="1456" WIDTH="357" HEIGHT="23">
						<TextLine ID="line_35" HPOS="263" VPOS="1456" WIDTH="357" HEIGHT="23">
							<String ID="string_298" HPOS="263" VPOS="1456" WIDTH="141" HEIGHT="23" WC="0.87" CONTENT="Lagutskottets"/><SP WIDTH="12" VPOS="1456" HPOS="404"/>
							<String ID="string_299" HPOS="416" VPOS="1457" WIDTH="117" HEIGHT="19" WC="0.92" CONTENT="betänkande"/><SP WIDTH="11" VPOS="1457" HPOS="533"/>
							<String ID="string_300" HPOS="544" VPOS="1458" WIDTH="37" HEIGHT="18" WC="0.96" CONTENT="N:o"/><SP WIDTH="12" VPOS="1458" HPOS="581"/>
							<String ID="string_301" HPOS="593" VPOS="1459" WIDTH="27" HEIGHT="17" WC="0.96" CONTENT="13."/>
						</TextLine>
					</TextBlock>
				</ComposedBlock>
			</PrintSpace>
		</Page>
	</Layout>
</alto>
