1061 1717
307 140 240 19 Petitionsbetänkande
559 139 36 19 N:o
608 139 40 19 35.

344 455 62 30 Lag-
425 455 48 23 och
486 454 271 24 Ekonomiutskottets
770 454 89 23 betän-

309 495 86 23 kande
414 495 46 23 N:o
478 495 32 23 14
528 495 8 23 i
558 494 140 30 anledning
716 493 28 24 af
759 495 40 22 ett
816 493 43 24 till

309 535 191 23 Bondeståndet
526 534 143 24 inlemnadt
690 533 171 32 petitionsför-

309 575 56 30 slag
392 575 133 29 angående
551 575 220 30 patronaträttens
799 573 62 24 full-

311 614 118 30 ständiga
447 613 189 32 upphäfvande.

173 687 81 21 Genom
271 687 197 26 protokollsutdrag
483 687 39 20 har
536 687 159 21 Bondeståndet
709 682 34 25 till
755 687 54 26 Lag-
821 687 39 20 och

104 721 222 22 Ekonomiutskottets
337 721 155 21 förberedande
506 721 128 26 behandling
641 721 119 27 hänskjutit
767 721 94 26 följande

104 755 222 26 petitionsmemorial:

289 816 43 18 Till
345 816 143 18 Hedervärda
500 817 177 18 Bondeståndet!

174 862 8 18 I
197 862 57 23 några
269 862 125 23 församlingar
408 863 33 16 har
457 864 144 21 patronaträtten
617 863 39 17 från
670 863 91 22 uråldriga
773 863 47 17 tider
832 863 29 17 ut-

105 891 48 23 gjort
169 892 26 17 ett
209 891 115 22 privilegium
340 891 27 17 för
382 896 20 12 en
420 891 36 17 viss
472 891 56 22 slägt-
543 891 44 18 eller
598 891 100 23 adelsgård.
710 891 63 18 Denna
789 892 74 17 onatur-

105 920 38 22 liga
157 919 89 23 rättighet
261 919 33 18 har
310 919 54 18 under
379 919 80 18 tidernas
476 920 42 22 lopp
531 919 109 24 småningom
653 920 60 17 blifvit
725 919 96 18 inskränkt
832 919 31 18 till

106 948 36 17 allt
153 947 46 18 färre
211 949 49 16 orter
272 948 33 17 och
318 949 60 16 senast
389 948 33 17 har
434 948 6 17 i
453 948 51 17 Hans
516 948 99 23 Kejserliga
626 948 94 23 Majestäts
732 948 73 23 Nädiga
817 948 46 18 kun-

104 977 69 22 görelse
188 977 19 17 af
221 977 33 17 den
267 977 22 18 21
301 976 95 18 December
410 977 45 18 1868
468 977 81 22 stadgats
561 977 87 22 följande:
661 977 36 22 ,Pä
709 977 87 18 Finlands
809 977 54 18 Stän-

105 1005 40 18 ders
156 1005 104 22 tillstyrkan
273 1005 38 17 vele
324 1005 40 17 Vii
376 1005 55 17 näder
444 1005 85 20 förklara,
538 1006 28 17 att
577 1007 132 20 patronatsrätt
716 1006 30 17 till
755 1005 107 18 besättande

105 1033 20 18 af
138 1033 125 23 presttjenster
276 1033 106 18 hädanefter
397 1033 15 22 ej
429 1033 62 18 vidare
507 1033 46 18 skall
568 1033 58 23 någon
642 1034 83 17 förunnas
742 1034 32 17 och
791 1033 30 18 mä
832 1033 31 18 be-

104 1061 88 18 träffande
202 1062 45 22 dem,
258 1061 61 18 hvilka
328 1061 49 23 dylik
386 1063 38 16 rätt
434 1061 54 18 redan
498 1062 100 18 innehafva,
605 1062 55 17 sädan
668 1062 108 23 författning
782 1062 29 17 till
818 1067 47 17 upp-

105 1090 89 18 häfvande
210 1090 51 17 deraf
274 1089 27 18 för
315 1090 95 17 framtiden
424 1090 45 17 efter
482 1090 138 18 vederbörandes
633 1091 79 17 hörande
725 1091 87 22 vidtagas,
825 1095 39 12 som

107 1119 45 17 efter
170 1119 31 22 lag
219 1119 32 17 och
270 1119 88 17 särskilda
376 1119 153 22 omständigheter
547 1119 34 17 kan
601 1119 134 22 ifrägakomma,
750 1119 72 17 hvarom
838 1118 25 17 Vi

105 1147 30 18 till
147 1147 31 18 vär
191 1147 56 18 Senat
258 1147 27 18 för
298 1147 76 18 Finland
384 1147 6 17 i
400 1147 56 18 näder
465 1147 115 18 öfverlemnat
589 1149 27 16 att
626 1148 75 22 vidtaga
709 1147 70 23 ätgärd.
801 1147 62 17 Ehuru

106 1175 55 18 redan
177 1177 21 17 17
213 1176 20 17 är
247 1175 80 18 förflutit
342 1173 54 20 sedän
412 1176 58 17 denna
486 1176 105 27 kungörelse
605 1176 39 17 blef
659 1175 138 23 offentliggjord,
813 1175 51 18 inne-

107 1204 53 17 hafva
176 1205 46 16 ännu
239 1203 108 18 åtminstone
359 1204 5 17 i
378 1203 78 18 Halikko
470 1204 62 17 socken
545 1204 131 23 Äminnegärds
689 1204 70 23 grefvar
771 1204 94 23 patronat-

105 1233 39 17 rätt
159 1233 32 17 och
207 1234 67 21 antaga
289 1233 44 16 utan
348 1233 28 16 att
391 1232 51 23 fråga
458 1232 125 23 församlingen
600 1233 100 22 själaherde
715 1233 28 17 för
756 1232 110 18 densamma»

107 1261 56 17 ehuru
175 1261 41 17 hela
225 1261 126 22 församlingen
361 1261 81 22 deltager
454 1261 5 17 i
466 1261 65 17 dennes
544 1261 102 18 aflönande.
659 1271 21 3 —
692 1261 35 17 För
737 1260 87 18 Finlands
834 1260 32 17 he-

105 1289 88 18 dervärda
205 1289 111 18 bondeständ
329 1289 75 18 behöfva
416 1289 18 17 vi
448 1289 14 23 ej
476 1289 60 18 vidare
549 1289 85 21 förklara,
646 1290 46 17 huru
705 1289 101 23 onaturligt
814 1289 51 17 detta

107 1319 20 16 är
144 1318 7 17 i
166 1319 27 17 ett
207 1318 41 18 fritt
262 1318 49 21 land,
326 1318 44 18 huru
387 1318 146 18 nedstämmande
549 1318 30 18 det
593 1318 83 18 inverkar
691 1318 24 23 pä
730 1318 136 22 församlingen,

107 1346 46 18 huru
169 1347 102 17 smärtsamt
285 1346 31 18 det
329 1346 50 18 berör
392 1346 21 18 de
426 1346 233 23 församlingsmedlemmar,
671 1347 46 17 inom
725 1346 76 18 "hvilkas
814 1346 49 18 krets

106 1374 58 18 denna
181 1375 88 22 rättighet
281 1375 90 22 existerar,
383 1374 64 18 medan
460 1374 22 18 de
494 1375 114 23 rundtikring
620 1375 84 17 öfverallt
715 1381 19 11 se
747 1374 56 23 öfrige
815 1374 49 18 med-

106 1403 75 23 borgare
196 1403 41 18 fritt
251 1403 45 17 efter
311 1408 43 17 egen
370 1402 36 23 häg
422 1403 50 22 välja
486 1403 28 22 sig
526 1403 105 23 själaherde.
654 1403 24 18 Vi
690 1403 53 23 bedja
755 1403 68 18 derföre
836 1408 28 12 om

105 1432 111 17 hedervärda
230 1432 140 17 bondeständets
385 1432 109 17 medverkan
510 1432 66 20 dertill,
592 1433 28 16 att
635 1432 87 22 styrelsen
738 1432 39 17 med
791 1431 39 17 stöd
845 1430 20 18 af

177 1466 45 21 Lag-
235 1467 29 16 och
276 1466 170 17 Ekonomiutskottets
457 1466 103 17 betänkande
574 1466 34 17 N:o
621 1467 29 16 14.
