1061 1717
234 104 29 21 32
406 103 239 23 Petitionsbetänkande
660 104 38 22 N:o
714 102 35 22 31.

202 175 36 15 om
254 169 124 22 inrättande
395 169 7 22 i
418 169 85 22 Torneå
518 169 24 22 af
556 171 33 20 ett
604 169 127 27 fyrklassigt
741 168 84 28 lyceum
837 167 50 22 med
897 166 56 22 både

201 204 72 22 finska
288 205 39 22 och
343 206 93 21 svenska
452 206 72 21 såsom
540 205 242 27 undervisningsspråk.
806 204 35 22 Då
855 202 98 23 emeller-

201 240 34 22 tid
250 241 110 22 utskottet
375 247 46 16 som
445 241 35 22 för
501 242 34 21 sin
558 241 36 22 del
615 242 114 26 högeligen
745 240 107 26 betviflar,
868 240 33 20 att
916 244 38 16 un-

203 276 126 28 dervisning
349 278 27 26 på
399 278 37 20 två
459 277 65 27 språk
547 277 107 27 någonsin
675 277 43 21 kan
734 276 66 22 lända
815 275 139 27 lärjungarne

201 312 36 21 till
252 312 85 28 verklig
351 312 99 28 fromma,
467 312 88 22 erhållit
570 312 131 28 upplysning
717 318 42 21 om,
771 313 33 20 att
820 312 90 21 senaten
920 316 34 15 re-

203 348 42 21 dan
261 347 92 22 beslutit
367 348 89 27 utvidga
472 348 85 28 Torneå
572 348 135 27 tvåklassiga
723 346 182 23 elementarskola
920 345 35 21 till

203 383 124 28 treklassig,
343 396 29 3 —
388 390 26 15 en
430 384 129 27 utvidgning
575 390 45 15 som
638 384 132 21 åtminstone
786 382 34 22 till
837 389 26 15 en
878 381 77 27 början

205 419 64 22 torde
279 419 74 22 kunna
364 426 64 16 anses
436 419 212 28 tillfyllestgörande,
657 432 29 3 —
694 420 41 21 har
746 419 109 22 utskottet
866 416 90 23 beslutit

202 455 82 21 föreslå
299 457 33 20 att
347 455 165 28 ifrågavarande
528 455 188 28 petitionsförslag
732 455 48 22 icke
797 455 69 21 måtte
882 453 72 22 föran-

204 490 50 22 leda
269 491 34 21 till
319 492 70 27 någon
406 492 78 27 åtgärd
500 491 47 22 från
563 491 133 22 Ständernas
712 491 54 21 sida.

274 526 102 23 Härefter
390 527 40 22 har
445 527 110 22 utskottet
571 527 80 22 skridit
667 527 34 22 till
717 525 163 28 handläggning
895 524 24 22 af
928 525 27 20 de

203 562 126 28 petitioner,
347 569 45 15 som
408 563 76 21 väckts
500 563 112 27 angående
635 563 130 26 utvidgning
785 561 24 22 af
822 561 134 26 tvåklassiga

204 597 222 23 elementarskolorna
442 599 33 21 uti
491 599 86 26 Kajana
593 599 39 21 och
648 598 150 22 Kristinestad
814 597 35 22 till
864 596 91 28 fyrklas-

204 633 55 28 siga.
290 633 62 22 Efter
367 634 112 21 inhemtad
495 635 123 21 kännedom
634 641 35 15 om
686 635 64 20 dessa
766 633 85 22 skolors
867 631 89 23 elevfre-

205 675 68 21 qvens
288 669 51 22 kom
354 669 123 22 emellertid
493 670 7 21 i
516 670 77 27 dagen,
609 672 33 19 att
665 669 86 27 Kajana
775 667 181 24 elementarskola

204 705 71 21 under
290 705 26 21 de
335 705 55 22 sista
412 706 52 21 åren
487 705 89 22 besökts
593 705 24 21 af
631 705 7 21 i
654 705 103 21 medeltal
773 705 15 21 4
804 704 13 21 å
833 704 13 21 5
857 703 71 22 elever
944 703 12 21 &

205 740 75 27 hvarje
303 740 59 22 klass
386 741 40 21 och
450 741 77 21 skolan
551 741 7 21 i
574 741 148 21 Kristinestad
739 740 24 21 af
776 739 78 22 inalles
871 739 27 21 16
914 738 42 21 lär-

202 775 82 27 jungar
298 777 29 25 på
342 777 36 20 två
394 776 90 22 klasser.
516 776 50 21 Med
582 777 24 20 så
629 776 88 21 talande
737 775 72 22 siffror
824 775 34 22 för
873 776 83 25 ögonen

204 811 41 21 har
260 811 110 22 utskottet
385 811 47 22 icke
448 811 73 22 funnit
536 811 48 22 skäl
600 818 109 21 uppmana
725 811 123 22 Ständerna
863 812 33 19 att
906 809 50 22 med

204 846 172 27 petitionärerne
392 847 33 27 sig
440 847 82 22 förena.

275 882 79 22 Vidare
370 883 40 21 har
425 883 209 27 af:petitionärerne
650 882 73 21 Klami
735 882 40 21 och
787 881 103 22 Sundvall
900 881 57 21 före-

205 917 78 27 slagits
306 917 134 22 inrättandet
463 918 24 21 af
508 919 79 20 tvänne
606 924 42 21 nya
664 917 79 27 skolor,
761 917 7 22 i
784 917 37 22 det
837 917 42 21 den
900 916 57 21 förre

207 953 94 21 anhällit
316 959 35 15 om
366 959 27 16 en
408 953 118 28 fyrklassig
542 953 62 22 skola
620 953 7 21 i
643 953 177 27 Fredrikshamn,
830 953 41 21 den
882 957 76 16 senare

205 994 36 15 om
258 994 27 16 en
300 988 120 28 tväklassig
435 989 7 21 i
458 989 129 27 Nykarleby.
615 989 34 21 Då
665 989 66 21 likväl
753 988 69 27 enligt
837 988 121 21 utskottets

205 1023 60 27 äsigt
280 1024 65 21 dessa
360 1024 74 21 skolor
449 1026 59 19 ännu
523 1025 48 21 icke
587 1024 57 21 visat
660 1025 33 26 sig
708 1030 51 15 vara
771 1023 24 22 af
808 1023 102 22 behofvet
920 1023 37 26 pä-

205 1059 96 28 kallade,
317 1059 39 22 och
366 1060 34 21 då
416 1060 113 27 derjämte,
539 1060 56 21 hvad
611 1059 105 22 särskildt
726 1059 124 27 Nykarleby
860 1058 98 21 vidkom-

206 1101 54 21 mer,
277 1095 68 26 enligt
359 1095 57 22 hvad
427 1096 108 21 utskottet
546 1095 84 27 erfarit,
639 1095 48 22 skäl
702 1094 69 22 finnes
783 1096 33 20 att
826 1095 83 26 hoppas
921 1094 38 21 det

205 1131 178 21 statsunderstöd
406 1131 57 21 skall
485 1131 92 27 beviljas
601 1131 134 21 dervarande
751 1129 207 27 fruntimmerskola,

207 1165 38 22 der
269 1165 62 22 äfven
354 1172 77 21 gossar
446 1166 134 27 emottagits,
600 1167 24 20 så
646 1166 41 21 har
711 1165 111 22 utskottet
837 1165 47 21 icke
900 1165 58 22 velat

206 1201 88 27 föreslå,
310 1202 34 21 att
358 1201 123 22 Ständerna
496 1201 75 22 bifölle
587 1201 65 22 dessa
666 1200 195 28 petitionsförslag.

280 1236 64 22 Hvad
359 1237 104 26 slutligen
478 1237 120 26 petitionen
615 1243 35 15 om
666 1236 127 27 förändring
808 1235 24 22 af
844 1235 112 22 undervis-

206 1272 156 28 ningsspråket
385 1273 36 21 vid
444 1273 84 27 lyceum
553 1273 7 21 i
579 1272 31 22 S:t
624 1272 80 22 Michel
719 1271 110 28 beträffar,
846 1273 25 20 så
886 1271 71 22 hvilar

206 1308 43 22 den
272 1310 80 25 ytterst
372 1309 28 26 pä
420 1309 156 26 grundsatsen:
599 1324 8 11 ,
612 1308 90 22 skolans
723 1307 235 28 undervisningsspråk

205 1343 41 22 bör
267 1345 58 20 rätta
346 1344 33 27 sig
398 1343 56 23 efter
469 1344 143 22 invånarenes
627 1344 67 27 språk
709 1344 7 21 i
733 1344 42 21 den
791 1342 167 28 kringliggande

206 1378 99 28 neiden.*
337 1378 145 29 Obestridligt
502 1381 26 20 är
547 1380 62 27 dock,
625 1381 34 20 att
674 1381 33 20 ett
723 1379 72 28 dylikt
809 1378 97 28 yrkande
922 1384 36 18 ge-

206 1420 51 16 nom
279 1414 86 28 ensidig
384 1414 40 22 och
443 1408 132 39 hänsynslös
587 1408 142 39 tillämpning
741 1414 12 22 i
768 1413 53 23 vårt
832 1414 59 27 land;
907 1412 51 24 red

207 1450 51 22 dess
274 1450 116 22 historiskt
405 1450 67 28 gifna,
489 1451 147 27 egendomligt
651 1450 108 22 blandade
771 1450 76 28 språk-
859 1450 40 22 och
910 1450 48 22 kul-

280 1493 108 20 Allmänna
402 1494 185 20 Besvärsutskottets
602 1493 117 20 betänkande
734 1492 38 21 N:o
787 1493 33 19 21.
