1061 1717
255 99 13 21 6
448 99 240 25 Petitionsbetänkande
705 102 40 22 N:o
762 101 36 23 28.

225 164 78 28 högsta
324 167 64 20 orätt.
410 180 28 2 —
458 167 33 22 En
512 168 93 27 petition
628 168 23 22 af
671 169 41 21 den
733 170 41 26 art,
795 168 109 22 utskottet
920 167 55 21 före-

227 200 72 28 slagit,
320 201 110 23 förefaller
450 204 26 21 så
491 204 86 27 mycket
593 204 85 22 mindre
697 204 110 28 påkallad,
829 210 46 16 som
896 204 36 21 det
953 204 25 20 är

224 236 81 22 bekant
326 239 32 20 att
379 239 128 27 regeringen
528 240 67 22 redan
618 242 65 25 egnat
704 242 74 20 ämnet
801 240 34 21 sin
860 238 114 29 uppmärk-

224 272 85 26 samhet
330 276 56 19 samt
408 274 71 22 deruti
501 275 111 22 utarbetat
634 276 235 27 propositionsförslag,
893 274 83 22 hvilket

223 308 100 23 afvaktar
344 310 75 28 nådigt
439 311 166 28 godkännande,
627 312 39 22 och
683 312 121 27 petitionen
821 312 6 21 i
845 312 77 21 sådant
937 310 38 22 fall

223 351 52 15 vore
291 346 32 21 att
339 352 63 16 anses
419 348 73 20 såsom
509 349 33 21 ett
557 348 28 27 på
601 347 91 23 förband
708 348 95 22 skeende
822 347 115 27 afböjande
954 346 23 22 af

223 380 41 22 den
280 382 92 22 väntade
388 382 80 28 nådiga
484 383 170 28 propositionen,
666 385 33 21 ett
712 383 131 28 förfarande,
855 390 45 15 som
912 383 62 21 torde

223 416 54 23 böra
293 418 107 22 erkännas
416 425 52 16 vara
484 420 85 22 mindre
586 420 106 28 lämpligt.

293 454 58 21 Enär
376 455 111 22 dessutom
514 456 95 21 nämnda
634 456 139 27 upplifvande
803 456 24 21 af
856 456 56 21 1782
936 456 35 21 års

219 489 187 28 judereglemente
430 497 52 16 vore
502 491 104 28 liktydigt
626 493 49 21 med
697 499 25 15 en
742 491 178 28 judeförföljelse,
940 491 33 22 till

218 525 92 22 hvilken
332 526 19 21 vi
373 527 83 27 hoppas
478 529 33 20 att
532 527 105 22 Finlands
659 527 93 22 Ständer
773 527 47 22 icke
841 527 51 28 vilja
915 527 58 27 gifva

221 561 105 28 signalen,
343 562 80 23 föreslå
438 563 21 22 vi
475 565 97 20 vörsamt
587 564 85 27 endast,
975 555 13 11 *

394 605 31 21 att
446 604 83 23 landets
545 605 112 28 högloflige
672 604 95 23 Ständer
782 604 50 22 ville
847 604 37 22 hos
899 603 28 22 H.
943 603 29 22 K.

363 640 42 21 M:t
420 640 160 29 underdänigst
596 641 96 26 anhålla,
709 642 31 21 att
747 640 135 28 proposition
893 639 79 28 veträf-

356 675 76 28 Jande
443 676 36 28 lag
489 683 33 15 om
533 676 110 28 judarnes
653 676 102 29 rättsliga
763 676 107 28 ställning
881 676 7 21 i
900 675 72 22 landet

361 712 65 22 måtte
446 712 256 22 nästsammanträdande
726 711 94 23 Ständer
837 711 133 29 föreläggas.

293 759 199 30 Helsingfors,
508 760 41 22 den
567 760 12 22 1
595 760 49 28 Maj
660 760 61 22 1885.

293 818 73 23 Alexis
382 818 138 30 Gripenberg.
700 818 83 29 August
798 819 97 28 Ramsay.

291 860 79 23 Viktor
385 855 92 35 Öhberg.
695 861 25 22 A.
735 860 128 29 Helsingius.

291 902 23 23 6.
330 903 22 22 L.
369 903 136 23 Söderström.
696 902 35 23 W.
747 903 78 28 Lagus.

288 1501 106 21 Allmänna
410 1502 182 21 Besvärsutskottets
608 1501 117 21 betänkande
740 1502 37 19 N:o
792 1502 35 20 20.
