1061 1717
218 77 34 38 24
397 81 239 32 Petitionsbetänkande
650 82 38 23 N:o
704 82 35 22 31.

230 107 26 9 ra

204 162 47 19 vaty
263 148 56 34 nätt;
333 144 125 42 realskolan
481 148 8 22 i
512 148 146 22 Tammerfors
680 150 70 20 måtte
771 148 175 27 omorganiseras

192 182 34 22 till
245 184 34 34 ett
296 178 134 49 femklassigt
445 184 85 28 lyceum
546 185 50 21 med
612 184 88 22 finskan
716 184 35 22 till
767 184 178 27 undervisnings-

192 219 69 34 språk
265 214 28 16 Ns

229 242 32 11 JK

313 277 4 11 ,
326 254 122 34 tillsvidare
470 255 65 28 ingen
555 262 73 16 annan
647 255 128 28 förändring
790 257 68 20 måtte
873 255 72 22 vidta-

224 309 41 15 SD
281 277 40 48 träl
325 290 64 35 fande
409 291 33 22 S:t
462 292 90 21 Michels
571 292 84 27 lyceum
671 294 28 19 än
715 293 34 20 att
763 293 34 20 tre
813 291 71 22 finska
899 290 44 22 ele-

188 308 176 88 nipan
390 327 118 22 successivt
535 327 85 22 förenas
644 328 51 21 med
718 328 121 21 detsamma
861 327 34 21 till
916 332 27 16 en

358 363 60 27 ing
397 357 26 43 ;4

202 413 79 20 nA
313 389 108 43 Joensuu
442 398 130 34 fyrklassiga
592 399 100 22 läroverk
707 400 69 21 mätte
791 399 101 27 utvidgas
907 398 35 22 till

191 435 32 31 ett
217 400 60 68 ja
307 422 69 46 kaste
391 430 109 33 lyceum
475 426 29 41 ;4

257 463 118 29 Dessutom
391 470 92 23 föreslår
499 471 153 28 skolkomit6n,
668 473 34 20 att
717 471 67 22 bland
799 472 67 20 annat
880 470 62 22 Kris-

190 505 57 40 tings
246 502 57 42 stads
318 506 40 32 och
373 506 85 28 Kajana
473 507 134 27 tvåklassiga
622 507 122 22 realskolor
758 507 69 21 måtte
843 512 99 21 omorga-

310 541 5 4 ill
359 542 131 27 treklassiga
516 543 193 22 elementarskolor
732 543 50 21 med
801 542 141 22 oförändradt

243 578 180 33 rvispingsspråk
441 579 41 21 och
498 580 33 20 att
546 578 63 22 äfven
624 578 183 22 Fredrikshamns
823 578 59 27 lägre
897 577 45 22 ele-

189 599 148 52 mentarskola
355 615 68 20 måtte
439 614 174 27 omorganiseras
630 614 7 21 i
654 621 84 14 samma
753 613 104 28 riktning,
874 613 69 22 likväk

189 649 57 35 med,
251 649 50 33 den,
310 649 111 33 afvikelse,
432 651 34 20 att
476 650 257 27 undervisningsspråket
743 649 116 22 framdeles
869 644 71 37 blefve

188 684 108 34 beroende
311 684 26 33 af
349 685 27 22 de
392 685 80 27 ortliga
488 685 170 22 förhållandena.

212 721 97 33 1114F9t4,,
323 720 104 33 liknande
452 721 128 27 treklassigt
604 721 101 22 lärovärk
732 721 71 21 skulle
828 721 112 21 dessutom

187 751 70 42 bland;
272 751 64 42 annat
351 755 62 22 äfven
429 756 109 27 förläggas
553 756 35 21 till
604 757 92 26 Torneå,
711 756 115 21 hvaremot
839 755 33 28 Ny
882 755 58 22 Kar-

187 790 48 35 leby,,
272 792 62 33 enligt;
349 792 121 22 utskottets
494 792 57 27 åsigt
566 792 48 22 icke
637 799 39 15 var
696 792 8 21 i
719 791 67 22 behof
799 791 25 22 af
837 798 27 15 en
880 791 60 28 dylik

187 827 93 34 skola,
274 823 32 42 JA
307 827 55 34 det
381 828 39 21 där
436 827 100 28 förlagda
551 828 139 22 seminariets
706 827 149 22 normalskola
870 827 8 21 i
888 827 51 21 fullt

187 859 56 36 mått
268 857 73 39 kunde
363 863 149 22 tillfredställa
528 864 37 21 det
580 865 29 26 pä
624 863 87 28 platsen
726 863 97 22 rädande
837 863 103 22 behofvet

187 898 24 29 af
208 923 6 4 E
227 905 30 26 en.
261 880 195 55 elementarskola.

198 956 49 11 Hem
265 956 2 8 |
278 917 53 53 sitt,
334 924 116 32 utlåtande
466 934 60 23 öfver
543 934 159 22 skolkomit&ns
719 934 82 27 förslag
816 933 125 23 hemstälde

186 956 125 35 sedermera
329 951 173 51 Öfverstyrelsen
523 969 34 22 för
577 969 153 22 skolväsendet
745 970 112 27 angäende
873 969 65 22 dislo-

186 1005 69 34 kation
263 1011 32 34 en
313 1005 27 32 af
364 1006 26 21 de
415 1005 71 22 finska
510 1006 128 22 lärovärken
664 1006 67 21 bland
757 1007 67 20 annat
844 1007 33 20 att
900 1006 38 21 det

186 1039 138 35 fyrklassiga
331 1041 73 30 lyceet
427 1041 6 22 i
454 1041 98 22 Joensuu
575 1043 68 21 måtte
659 1042 102 27 utvidgas
784 1041 35 22 till
834 1043 33 20 ett
881 1043 57 20 ätta-

185 1077 95 27 klassigt
301 1066 84 38 lyceum
404 1077 40 22 och
468 1079 33 20 att
522 1077 71 22 finska
614 1077 178 28 parallelklasser
812 1077 36 22 vid
868 1077 70 27 lyceet

185 1112 7 21 i
205 1112 43 33 S:t,
254 1112 89 33 Michel
365 1113 19 26 ej
408 1113 70 21 måtte
500 1113 100 27 inrättas,
624 1119 50 15 men
697 1114 34 20 att
746 1112 36 22 vid
801 1113 38 21 det
853 1118 85 16 samma

186 1134 148 57 vidsträktare
356 1147 88 22 tillfälle
466 1147 125 28 medgäfves
616 1148 34 22 för
674 1148 71 27 bägge
770 1148 105 27 spräkens
898 1154 38 15 an-

185 1183 120 34 vändning.
312 1183 15 32 j,
344 1183 131 35 jämnbredd
504 1184 51 21 med
584 1184 129 21 hvarandra.
752 1183 113 28 Därjämte
893 1183 43 22 för-

186 1219 81 22 ordade
289 1219 81 22 nämda
392 1214 157 33 Öfverstyrelse
570 1221 33 20 ett
623 1219 90 22 fortsatt
728 1219 170 22 underhällande
913 1219 25 21 af

184 1251 147 47 tväklassiga,,
334 1255 121 22 realskolor
471 1255 7 21 i
493 1255 150 22 Kristinestad
658 1255 41 22 och
714 1255 92 26 Kajana,
823 1255 113 21 hvaremot

187 1291 4 20 i
208 1289 52 34 flere,
282 1290 82 32 städer,
387 1290 67 22 bland
470 1292 66 20 annat
551 1290 171 22 Fredrikshamn
738 1290 40 22 och
793 1289 33 28 Ny
841 1289 94 28 Karleby

213 1346 12 7 .,
272 1332 36 22 lägre
305 1322 8 40 ;
316 1326 223 32 glementarskolorna
557 1326 71 22 skulle
643 1326 110 27 indragas.

206 1380 41 24 MEI
235 1353 101 51 Sedan.
347 1362 63 21 dessa
425 1361 154 22 betänkanden
594 1362 94 21 kommit
702 1361 123 27 Kejserliga
839 1360 97 22 Senaten

186 1396 123 34 väämydn,
311 1397 71 32 dåren
396 1398 77 27 1881,
481 1398 145 27 uppgjordes.
639 1398 52 24 där.
698 1401 35 21 ett
754 1396 87 28 slutligt
845 1396 93 27 förslag

185 1432 112 28 angående
308 1432 178 28 organiseringen
502 1433 40 21 och
558 1432 160 22 dislokationen
729 1432 24 22 af
759 1432 178 22 elementarläro-

260 1474 107 20 Allmänna
381 1474 186 21 Besvärsutskottets
581 1474 118 20 betänkande
714 1474 39 20 N:o
769 1474 33 21 21.

206 273 26 16 bt
