1061 1717
228 96 13 21 8
410 96 240 22 Petitionsbetänkande
666 96 36 22 N:o
720 95 19 22 1.

198 162 41 21 den
259 162 117 27 föreslagna
391 163 129 21 Savolakska
535 164 68 19 banan
618 163 37 21 vid
671 164 31 20 S:t
716 162 89 21 Mickels
821 162 54 26 stad,
890 162 62 20 hvar-

197 192 53 20 ifrån
267 192 40 21 den
323 193 67 20 skulle
405 194 77 25 dragas
498 193 86 20 emellan
594 194 77 19 Puula-
682 194 39 19 och
731 192 153 27 Kyyvesisjöar
894 191 58 21 öfver

197 222 149 26 Kangasniemi
361 224 75 19 socken
452 223 32 20 till
499 223 124 26 Jyväskylä.
653 224 49 19 Men
713 223 98 20 eftersom
821 222 69 20 denna
899 222 54 19 bana

197 252 81 20 komme
293 255 32 18 att
339 254 27 24 gå
380 260 74 19 genom
464 253 85 26 mycket
559 253 55 26 glest
624 253 95 21 bebodda
729 253 82 19 trakter
821 254 54 18 samt
885 252 67 19 såsom

197 282 146 21 trafikområde
363 290 50 13 vara
432 283 102 21 hänvisad
555 283 74 20 endast
649 283 31 20 till
702 282 152 26 Kangasniemi
869 281 82 25 socken,

197 312 113 26 hvaremot,
326 319 31 13 om
373 313 90 20 nämnda
478 313 54 20 bana
548 313 67 20 skulle
631 313 95 20 sträckas
741 312 47 20 från
805 312 78 26 Kieppi
897 310 55 21 sund

197 342 6 19 i
224 342 134 26 Mäntyharju
378 344 76 20 socken
475 344 50 20 eller
544 343 48 20 från
612 344 68 24 någon
702 349 69 14 annan
792 342 85 26 lämplig
898 340 54 21 ort
940 336 16 36 i

197 372 60 20 dessa
267 372 80 20 trakter
357 372 58 21 öfver
426 373 78 21 Gustaf
512 373 69 27 Adolf,
591 373 66 20 Jousa
668 373 38 20 och
716 372 138 20 Leivonmäki
864 371 88 21 socknar

196 408 43 20 upp
259 402 32 20 till
311 402 123 28 Jyväskylä,
455 403 92 21 derifrån
567 403 41 20 den
629 403 67 20 skulle
711 402 110 20 fortsättas
837 402 32 20 till
884 402 68 24 någon

196 432 85 27 lämplig
302 433 68 26 punkt
392 433 36 20 vid
451 434 140 26 Wasabanan,
611 434 118 20 densamma
750 432 69 21 skulle
839 432 54 20 inom
914 431 39 20 sitt

196 462 145 21 trafikomräde
356 463 105 20 innesluta
476 463 79 21 Gustaf
568 463 83 28 Addolf,
666 463 73 27 Jousa,
752 462 142 27 Leivonmäki,
909 461 42 20 Lu-

196 492 74 26 hanko,
283 493 149 26 Kangasniemi
446 494 38 19 och
498 493 66 21 delvis
575 493 62 21 äfven
648 492 76 27 Sysmä
735 493 83 26 socken,
829 492 73 21 hvilka
911 491 41 20 alla

196 525 34 17 äro
240 522 70 20 kända
319 523 33 20 för
362 523 38 20 sitt
407 523 139 21 framstäende
551 523 111 26 jordbruk;
672 523 105 20 afständet
785 522 68 20 skulle
860 521 47 21 med
916 521 36 20 det

196 559 77 13 samma
292 552 103 21 förkortas
415 554 47 19 med
482 553 47 27 fyra
544 553 36 20 mil
596 553 32 20 för
643 553 53 26 dem,
712 560 44 13 som
772 552 47 20 frän
835 551 117 27 Jyväskylä

195 582 79 21 sträfva
289 585 54 18 emot
358 586 60 18 öster.

267 612 82 21 Samma
368 613 54 20 bana
442 613 67 21 skulle
523 607 68 27 Gfven
606 613 64 21 blifva
686 620 26 13 en
727 613 163 25 föreningsbana
904 612 46 19 från

195 641 133 22 Wasabanan
344 643 31 20 till
391 643 40 20 den
447 643 128 21 Savolakska
591 646 53 17 samt
659 650 50 14 vara
725 643 24 20 af
758 643 119 20 oskattbart
886 642 64 20 värde

194 671 31 20 för
246 672 26 20 de
293 673 95 26 nordliga
407 673 89 20 folkrika
516 673 108 20 trakterna
642 673 7 20 i
664 675 49 18 värt
728 673 56 26 land,
801 672 97 21 eftersom
914 672 36 20 det

194 701 23 20 af
235 702 26 20 de
276 701 57 22 förut
347 703 85 26 byggda
444 703 140 26 järnvägarne
599 703 126 20 förmedlade
741 703 107 20 afständet
863 702 87 21 emellan

194 731 61 21 dessa
275 735 56 17 orter
349 733 38 20 och
402 733 90 26 Wiborg
508 734 49 20 eller
573 733 30 21 S:t
618 734 129 25 Petersburg
763 733 68 20 skulle
846 732 104 20 förkortas

192 762 47 19 med
255 762 86 20 aderton
356 763 41 20 mil.

265 792 30 19 Pä
311 792 61 20 dessa
386 793 93 26 grunder
494 794 65 25 vägar
571 793 38 26 jag
624 793 32 20 för
671 793 35 20 det
722 793 132 20 hedervärda
868 793 81 20 Bonde-

193 821 83 20 ständet
296 821 81 27 föreslä,
394 825 31 18 att
441 823 90 20 Ständet
545 825 80 18 ensamt
641 823 50 20 eller
706 823 138 20 tillsammans
860 823 46 20 med
922 823 26 20 de

192 850 66 27 öfriga
273 851 93 21 Ständen

371 883 59 19 mätte
446 883 8 19 i
470 883 89 25 djupaste
574 883 153 26 underdänighet
743 883 89 24 anhälla,
849 882 31 20 det
889 883 59 19 Hans

336 912 111 26 Kejserliga
462 913 95 24 Majestät
573 913 31 20 till
619 915 45 18 näst
679 912 188 21 sammanträdande
882 912 65 20 landt-

335 942 38 25 dag
388 943 99 24 framlade
502 943 60 25 nädig
576 943 122 25 proposition
712 949 31 14 om
759 944 32 18 att
806 949 23 13 en
839 942 108 25 förenings-

335 971 51 21 bana
408 973 62 20 skulle
494 973 71 25 byggas
585 973 81 20 emellan
689 967 155 36 Tammerfors—
856 967 91 36 Nikolai-

334 1001 54 20 stads
408 1003 65 19 banan
493 1003 34 20 och
547 1003 36 20 den
598 1003 100 24 blifvande
713 1003 164 20 Savolaksbanan
892 1002 56 25 öfver

336 1031 76 25 Gustaf
424 1033 66 25 Adolf,
506 1033 67 24 Jousa,
589 1033 129 20 Leivonmäki
736 1033 35 20 och
787 1033 117 24 Jyväskylä,
914 1033 34 19 och

334 1063 29 18 att
378 1062 131 25 anläggandet
524 1063 59 19 måtte
593 1063 126 25 pävegynnas
729 1062 119 20 omedelbart
858 1063 49 24 efter
918 1062 30 19 det

334 1091 36 20 den
385 1091 121 21 Savolakska
518 1093 110 25 järnvägen
643 1093 69 24 blifvit
726 1092 77 26 färdig.

261 1138 160 26 Helsingfors,
438 1140 36 20 den
489 1141 24 19 31
529 1141 89 20 Januari
634 1142 63 19 1885.

652 1193 23 22 E.
691 1193 21 23 J.
729 1193 107 22 Kännölä.

534 1237 154 25 Representant
697 1237 33 20 för
740 1237 92 20 Heinola
842 1237 104 26 domsaga.

554 1362 22 22 6.

186 1446 4 4 |
257 1411 58 23 Från
335 1413 168 23 Prestaståndet
526 1422 25 15 en
572 1416 93 27 petition
687 1423 35 15 om
745 1417 116 27 byggande
879 1416 25 23 af
917 1423 27 16 en

182 1449 91 25 jernväg
294 1448 48 22 från
365 1450 91 27 Wiborg
479 1451 34 21 till
535 1452 98 22 Joensuu
656 1453 6 20 i
679 1453 42 21 den
739 1453 137 27 sträckning,
893 1459 47 15 som

255 1490 197 26 Jernvägsutskottets
468 1494 117 20 betänkande
600 1495 38 20 N:o
654 1496 18 19 3.
