1061 1717
229 95 14 22 2
390 94 238 25 Petitionsbetänkande
643 94 40 24 N:o
698 93 35 23 20.

271 160 149 24 (öfversättning.)

384 203 45 17 Till
442 202 138 18 hedervärda
592 201 174 21 Bondeståndet;

270 244 122 18 Alldenstund
404 245 6 16 i
422 244 50 17 Hans
485 244 47 22 Kejs.
545 244 83 22 Majestät
635 243 66 22 nådiga
709 242 104 22 förordning
821 241 20 17 af
848 239 58 19 denll
914 240 34 21 maj

199 272 46 19 1866
265 274 74 17 rörande
358 274 187 17 folkskoleväsendets
564 273 91 17 ordnande
671 273 7 17 i
690 271 166 19 Storfurstendömet
873 269 76 18 Finland

199 304 54 22 ingen
271 303 113 23 bestämning
400 304 52 22 ingår
469 309 28 11 om
513 303 171 17 folkskolelärarnes
701 302 33 17 och
753 302 131 16 lärarinnornas
902 299 47 23 flytt-

199 334 82 22 ningstid
293 334 40 17 från
346 340 22 11 en
380 334 54 22 tjenst
446 334 30 17 till
489 339 22 11 en
523 338 64 16 annan,
600 333 32 17 har
645 332 51 18 deraf
707 332 48 17 varit
767 336 22 12 en
797 330 51 25 följd,
857 332 27 15 att
892 330 57 17 lärare

200 364 33 16 och
246 363 100 18 lärarinnor
358 364 37 17 ofta
405 362 55 23 Aytta
472 364 41 16 från
524 364 40 16 sina
575 363 69 23 platser
655 362 56 17 under
719 361 66 26 sjelfva
792 361 80 17 läseåret.
896 360 54 17 Detta

200 394 21 16 är
233 394 26 16 ett
277 390 161 24 missförhällande,
455 398 28 12 om
495 392 72 18 hvilket
583 392 53 17 svåra
647 391 93 23 klagomål
752 391 43 17 stått
805 392 28 26 att
845 390 39 17 läsa
896 389 6 17 i
915 389 33 17 tid-

199 423 126 22 ningspressen
341 423 6 17 i
360 423 38 17 alla
410 421 50 20 delar
473 423 20 17 af
504 423 39 17 vårt
555 422 49 18 land.
630 422 36 17 Och
679 422 40 17 icke
732 423 43 16 utan
787 420 46 22 skäl,
845 422 20 20 ty
874 419 75 18 sålunda

198 452 80 17 kommer
290 453 64 17 skolan
367 455 26 15 att
405 453 28 17 stå
444 455 38 15 tom
494 453 45 16 midt
551 453 7 16 i
571 453 80 20 läseåret,
665 452 39 17 tills
716 451 34 18 den
763 451 27 17 för
802 449 117 19 anskaffande
931 449 20 18 af

197 487 22 12 en
238 487 25 16 ny
279 482 58 17 lärare
353 483 118 21 erforderliga
482 482 50 17 tiden
547 482 84 22 förlupit;
644 482 74 17 skolans
731 481 95 17 oafbrutna
837 479 113 18 verksamhet

198 517 37 12 som
252 511 47 18 dock
312 513 53 21 utgör
380 513 26 16 ett
418 511 117 23 oeftergifligt
547 512 61 17 vilkor
620 511 28 18 för
660 511 91 18 elevernas
763 511 85 21 framsteg
860 510 7 17 i
879 509 69 20 skolan,

199 541 37 18 blir
247 542 105 22 härigenom
364 542 57 21 störd;
434 542 91 17 dessutom
537 543 20 16 är
569 541 59 18 denna
639 538 97 20 ledsamma
748 540 131 22 omständighet
890 538 58 23 egnad

194 573 34 22 -att
240 571 59 18 väcka
313 571 86 22 afvoghet
411 573 37 16 mot
460 571 65 18 skolan
539 571 32 18 hos
588 571 76 18 barnens
680 571 93 20 föräldrar,
788 570 51 17 såväl
853 569 32 17 hos
904 569 44 20 dem,

196 606 38 12 som
249 601 54 18 äfven
315 601 42 22 eljes
370 601 40 17 med
422 602 97 16 misstanke
531 601 83 17 betrakta
627 601 69 21 skolan,
709 605 37 12 som
759 601 34 16 ock
806 600 31 17 hos
849 598 50 25 ;dem,
911 603 37 12 som

197 630 56 17 redan
260 631 20 16 af
285 627 85 25 gammalt
382 631 31 16 äro
426 631 73 16 skolans
511 629 125 19 motståndare.
661 630 41 17 Med
713 630 69 17 fästadt
794 629 82 17 afseende
884 628 64 17 härvid

198 660 75 22 utbedja
289 661 19 16 vi
325 665 28 12 oss
370 660 31 17 det
413 660 111 17 hedervärda
535 660 141 18 Bondeståndets
688 660 110 17 medverkan
809 659 28 17 för
849 659 99 17 åstadkom-

197 690 65 17 mande
275 689 20 18 af
305 689 81 23 följande
398 689 105 23 förändring
515 691 7 16 i
534 690 64 17 nämda
610 690 101 22 Kejserliga
723 688 118 22 Förordning:

378 719 43 19 Den
432 719 8 18 i
452 719 81 24 tillbörlig
544 719 77 24 ordning
632 719 50 18 valde
693 718 163 23 folkskole-läraren
864 717 29 18 och
901 717 47 18 lära-

341 750 70 18 rinnan
426 756 43 12 vare
484 749 94 24 förbjuden
595 751 27 17 att
637 749 59 19 lemna
711 749 74 23 tjensten
799 748 35 23 för
852 753 22 13 en
885 753 63 13 annan

341 779 57 19 sådan
410 779 58 19 under
480 779 82 19 läseärets
573 779 74 24 förlopp.

269 827 150 22 Helsingfors
432 827 35 18 den
479 827 23 18 27
515 827 73 18 Januari
602 827 51 18 1885.

270 897 26 23 K.
311 898 36 23 W.
362 898 102 23 Hollmén.
706 897 25 23 A.
747 897 126 24 Halkilahti.

270 939 53 23 Edv.
338 940 97 23 Avellan.
705 939 58 24 Juho
777 939 90 24 Brusila.

269 981 101 24 Zefanias
386 982 108 24 Suutarla.
701 981 80 23 Kaarlo
797 981 80 23 Wärri.

267 1159 77 23 Redan
366 1167 28 16 en
416 1159 78 30 flyktig
516 1160 59 23 blick
597 1161 7 22 i
628 1161 42 22 den
689 1162 25 21 är
730 1160 58 23 1880
810 1159 138 28 publicerade

197 1196 120 23 matrikeln
332 1196 60 23 öfver
407 1197 106 28 Finlands
536 1197 121 22 folkskolor
671 1197 60 22 visar
746 1196 109 28 tillfyllest
872 1196 7 21 i
893 1196 55 22 hvil-

196 1232 43 22 ken
255 1231 123 29 betydande
394 1233 55 27 grad
465 1233 85 27 ombyte
567 1232 23 23 af
603 1233 71 22 lärare
690 1231 142 23 öfverhufvud
847 1233 38 26 ägt
900 1238 48 15 rum

197 1268 36 21 vid
248 1269 53 20 vära
316 1268 122 22 folkskolor
453 1269 70 21 under
538 1269 41 22 den
594 1269 104 27 tidrymd,
714 1274 47 16 som
777 1268 71 21 denna
858 1267 90 27 redogö-

197 1303 58 23 relse
271 1303 111 23 omfattar.
407 1304 94 28 Mängen
515 1304 109 22 folkskola
636 1304 40 22 har
689 1304 73 22 växlat
772 1304 71 22 lärare
853 1305 53 20 nära
921 1304 29 27 pä

196 1339 77 27 hvarje
286 1340 31 27 är,
328 1339 30 27 ja,
372 1340 34 22 till
420 1340 40 22 och
473 1341 50 21 med
531 1340 101 22 stundom
641 1341 37 21 tvä
686 1340 82 27 gänger
775 1339 84 30 ärligen
867 1338 39 23 och
915 1340 34 20 sä-

196 1374 35 22 väl
252 1375 28 21 de
301 1374 93 23 officiela
413 1376 140 27 uppgifterna
573 1382 49 16 som
637 1375 152 23 erfarenheten
804 1374 53 22 bära
872 1374 76 28 vittne,

196 1411 34 21 att
240 1409 147 24 förhållandet
394 1410 58 23 efter
459 1412 25 21 år
492 1412 59 22 1880
557 1412 133 22 åtminstone
698 1410 49 23 icke
755 1410 134 22 förbätirais.
900 1409 49 23 Den

197 1446 118 22 osäkerhet
330 1446 7 22 i
353 1448 53 20 våra
420 1446 131 23 folkskolors
567 1446 28 23 lif
608 1447 41 22 och
664 1446 147 28 värksamhet,
820 1452 47 16 som
882 1448 25 20 är
922 1452 27 16 en

269 1488 107 21 Allmänna
390 1489 185 21 Besvärsutskottets
590 1488 117 22 betänkande
723 1488 37 22 N:o
775 1489 32 20 15.
