<?xml version="1.0" encoding="UTF-8"?>
<alto xmlns="http://www.loc.gov/standards/alto/ns-v3#" xmlns:xlink="http://www.w3.org/1999/xlink" xmlns:xsi="http://www.w3.org/2001/XMLSchema-instance" xsi:schemaLocation="http://www.loc.gov/standards/alto/ns-v3# http://www.loc.gov/alto/v3/alto-3-0.xsd">
	<Description>
		<MeasurementUnit>pixel</MeasurementUnit>
		<sourceImageInformation>
			<fileName>/tmp/tess_0pgjmdhw_input.PNG</fileName>
		</sourceImageInformation>
		<OCRProcessing ID="OCR_0">
			<ocrProcessingStep>
				<processingSoftware>
					<softwareName>tesseract 5.3.4</softwareName>
				</processingSoftware>
			</ocrProcessingStep>
		</OCRProcessing>
	</Description>
	<Layout>
		<Page WIDTH="1061" HEIGHT="1717" PHYSICAL_IMG_NR="0" ID="page_0">
			<PrintSpace HPOS="0" VPOS="0" WIDTH="1061" HEIGHT="1717">
				<ComposedBlock ID="cblock_0" HPOS="211" VPOS="84" WIDTH="516" HEIGHT="24">
					<TextBlock ID="block_0" HPOS="211" VPOS="84" WIDTH="516" HEIGHT="24">
						<TextLine ID="line_0" HPOS="211" VPOS="84" WIDTH="516" HEIGHT="24">
							<String ID="string_0" HPOS="211" VPOS="84" WIDTH="14" HEIGHT="21" WC="0.96" CONTENT="6"/><SP WIDTH="158" VPOS="84" HPOS="225"/>
							<String ID="string_1" HPOS="383" VPOS="84" WIDTH="240" HEIGHT="24" WC="0.92" CONTENT="Petitionsbetänkande"/><SP WIDTH="15" VPOS="84" HPOS="623"/>
							<String ID="string_2" HPOS="638" VPOS="86" WIDTH="38" HEIGHT="22" WC="0.95" CONTENT="N:o"/><SP WIDTH="17" VPOS="86" HPOS="676"/>
							<String ID="string_3" HPOS="693" VPOS="84" WIDTH="34" HEIGHT="23" WC="0.96" CONTENT="17."/>
						</TextLine>
					</TextBlock>
				</ComposedBlock>
				<ComposedBlock ID="cblock_1" HPOS="179" VPOS="148" WIDTH="754" HEIGHT="994">
					<TextBlock ID="block_1" HPOS="179" VPOS="148" WIDTH="754" HEIGHT="994">
						<TextLine ID="line_1" HPOS="181" VPOS="148" WIDTH="750" HEIGHT="21">
							<String ID="string_4" HPOS="181" VPOS="148" WIDTH="72" HEIGHT="18" WC="0.91" CONTENT="afstånd"/><SP WIDTH="17" VPOS="148" HPOS="253"/>
							<String ID="string_5" HPOS="270" VPOS="150" WIDTH="20" HEIGHT="17" WC="0.96" CONTENT="af"/><SP WIDTH="15" VPOS="150" HPOS="290"/>
							<String ID="string_6" HPOS="305" VPOS="150" WIDTH="49" HEIGHT="18" WC="0.96" CONTENT="öfver"/><SP WIDTH="18" VPOS="150" HPOS="354"/>
							<String ID="string_7" HPOS="372" VPOS="152" WIDTH="25" HEIGHT="16" WC="0.95" CONTENT="tio"/><SP WIDTH="19" VPOS="152" HPOS="397"/>
							<String ID="string_8" HPOS="416" VPOS="152" WIDTH="38" HEIGHT="16" WC="0.87" CONTENT="mil."/><SP WIDTH="25" VPOS="152" HPOS="454"/>
							<String ID="string_9" HPOS="479" VPOS="152" WIDTH="34" HEIGHT="17" WC="0.96" CONTENT="För"/><SP WIDTH="18" VPOS="152" HPOS="513"/>
							<String ID="string_10" HPOS="531" VPOS="157" WIDTH="22" HEIGHT="12" WC="0.96" CONTENT="en"/><SP WIDTH="21" VPOS="157" HPOS="553"/>
							<String ID="string_11" HPOS="574" VPOS="152" WIDTH="68" HEIGHT="16" WC="0.93" CONTENT="mindre"/><SP WIDTH="18" VPOS="152" HPOS="642"/>
							<String ID="string_12" HPOS="660" VPOS="150" WIDTH="95" HEIGHT="19" WC="0.92" CONTENT="bemedlad"/><SP WIDTH="18" VPOS="150" HPOS="755"/>
							<String ID="string_13" HPOS="773" VPOS="152" WIDTH="20" HEIGHT="16" WC="0.96" CONTENT="är"/><SP WIDTH="20" VPOS="152" HPOS="793"/>
							<String ID="string_14" HPOS="813" VPOS="150" WIDTH="30" HEIGHT="18" WC="0.96" CONTENT="det"/><SP WIDTH="19" VPOS="150" HPOS="843"/>
							<String ID="string_15" HPOS="862" VPOS="150" WIDTH="69" HEIGHT="18" WC="0.95" CONTENT="således"/>
						</TextLine>
						<TextLine ID="line_2" HPOS="181" VPOS="180" WIDTH="751" HEIGHT="24">
							<String ID="string_16" HPOS="181" VPOS="184" WIDTH="22" HEIGHT="12" WC="0.95" CONTENT="en"/><SP WIDTH="18" VPOS="184" HPOS="203"/>
							<String ID="string_17" HPOS="221" VPOS="180" WIDTH="104" HEIGHT="22" WC="0.95" CONTENT="omöjlighet"/><SP WIDTH="18" VPOS="180" HPOS="325"/>
							<String ID="string_18" HPOS="343" VPOS="183" WIDTH="27" HEIGHT="15" WC="0.96" CONTENT="att"/><SP WIDTH="18" VPOS="183" HPOS="370"/>
							<String ID="string_19" HPOS="388" VPOS="181" WIDTH="71" HEIGHT="17" WC="0.93" CONTENT="erhålla"/><SP WIDTH="19" VPOS="181" HPOS="459"/>
							<String ID="string_20" HPOS="478" VPOS="182" WIDTH="118" HEIGHT="22" WC="0.91" CONTENT="läkarehjelp,"/><SP WIDTH="19" VPOS="182" HPOS="596"/>
							<String ID="string_21" HPOS="615" VPOS="182" WIDTH="74" HEIGHT="17" WC="0.95" CONTENT="emedan"/><SP WIDTH="18" VPOS="182" HPOS="689"/>
							<String ID="string_22" HPOS="707" VPOS="181" WIDTH="36" HEIGHT="17" WC="0.96" CONTENT="han"/><SP WIDTH="19" VPOS="181" HPOS="743"/>
							<String ID="string_23" HPOS="762" VPOS="181" WIDTH="15" HEIGHT="22" WC="0.95" CONTENT="ej"/><SP WIDTH="14" VPOS="181" HPOS="777"/>
							<String ID="string_24" HPOS="791" VPOS="182" WIDTH="20" HEIGHT="16" WC="0.96" CONTENT="är"/><SP WIDTH="12" VPOS="182" HPOS="811"/>
							<String ID="string_25" HPOS="823" VPOS="181" WIDTH="6" HEIGHT="17" WC="0.96" CONTENT="i"/><SP WIDTH="12" VPOS="181" HPOS="829"/>
							<String ID="string_26" HPOS="841" VPOS="180" WIDTH="51" HEIGHT="18" WC="0.96" CONTENT="stånd"/><SP WIDTH="13" VPOS="180" HPOS="892"/>
							<String ID="string_27" HPOS="905" VPOS="182" WIDTH="27" HEIGHT="15" WC="0.96" CONTENT="att"/>
						</TextLine>
						<TextLine ID="line_3" HPOS="181" VPOS="209" WIDTH="751" HEIGHT="25">
							<String ID="string_28" HPOS="181" VPOS="209" WIDTH="79" HEIGHT="18" WC="0.96" CONTENT="bestrida"/><SP WIDTH="19" VPOS="209" HPOS="260"/>
							<String ID="string_29" HPOS="279" VPOS="211" WIDTH="97" HEIGHT="21" WC="0.95" CONTENT="utgifterna"/><SP WIDTH="18" VPOS="211" HPOS="376"/>
							<String ID="string_30" HPOS="394" VPOS="212" WIDTH="65" HEIGHT="20" WC="0.95" CONTENT="derför,"/><SP WIDTH="13" VPOS="212" HPOS="459"/>
							<String ID="string_31" HPOS="472" VPOS="212" WIDTH="6" HEIGHT="17" WC="0.95" CONTENT="i"/><SP WIDTH="13" VPOS="212" HPOS="478"/>
							<String ID="string_32" HPOS="491" VPOS="212" WIDTH="97" HEIGHT="22" WC="0.96" CONTENT="synnerhet"/><SP WIDTH="18" VPOS="212" HPOS="588"/>
							<String ID="string_33" HPOS="606" VPOS="217" WIDTH="29" HEIGHT="17" WC="0.96" CONTENT="nu,"/><SP WIDTH="18" VPOS="217" HPOS="635"/>
							<String ID="string_34" HPOS="653" VPOS="212" WIDTH="23" HEIGHT="17" WC="0.93" CONTENT="då"/><SP WIDTH="16" VPOS="212" HPOS="676"/>
							<String ID="string_35" HPOS="692" VPOS="211" WIDTH="114" HEIGHT="22" WC="0.92" CONTENT="skjutslegan"/><SP WIDTH="16" VPOS="211" HPOS="806"/>
							<String ID="string_36" HPOS="822" VPOS="210" WIDTH="61" HEIGHT="18" WC="0.93" CONTENT="blifvit"/><SP WIDTH="15" VPOS="210" HPOS="883"/>
							<String ID="string_37" HPOS="898" VPOS="210" WIDTH="34" HEIGHT="18" WC="0.92" CONTENT="för-"/>
						</TextLine>
						<TextLine ID="line_4" HPOS="181" VPOS="239" WIDTH="751" HEIGHT="25">
							<String ID="string_38" HPOS="181" VPOS="239" WIDTH="48" HEIGHT="22" WC="0.96" CONTENT="höjd,"/><SP WIDTH="20" VPOS="239" HPOS="229"/>
							<String ID="string_39" HPOS="249" VPOS="240" WIDTH="33" HEIGHT="17" WC="0.96" CONTENT="och"/><SP WIDTH="19" VPOS="240" HPOS="282"/>
							<String ID="string_40" HPOS="301" VPOS="240" WIDTH="52" HEIGHT="18" WC="0.95" CONTENT="äfven"/><SP WIDTH="19" VPOS="240" HPOS="353"/>
							<String ID="string_41" HPOS="372" VPOS="247" WIDTH="28" HEIGHT="11" WC="0.89" CONTENT="om"/><SP WIDTH="18" VPOS="247" HPOS="400"/>
							<String ID="string_42" HPOS="418" VPOS="242" WIDTH="140" HEIGHT="17" WC="0.89" CONTENT="medellösheten"/><SP WIDTH="17" VPOS="242" HPOS="558"/>
							<String ID="string_43" HPOS="575" VPOS="242" WIDTH="16" HEIGHT="22" WC="0.97" CONTENT="ej"/><SP WIDTH="13" VPOS="242" HPOS="591"/>
							<String ID="string_44" HPOS="604" VPOS="243" WIDTH="55" HEIGHT="16" WC="0.96" CONTENT="sätter"/><SP WIDTH="12" VPOS="243" HPOS="659"/>
							<String ID="string_45" HPOS="671" VPOS="244" WIDTH="26" HEIGHT="15" WC="0.96" CONTENT="ett"/><SP WIDTH="13" VPOS="244" HPOS="697"/>
							<String ID="string_46" HPOS="710" VPOS="241" WIDTH="64" HEIGHT="17" WC="0.96" CONTENT="hinder"/><SP WIDTH="12" VPOS="241" HPOS="774"/>
							<String ID="string_47" HPOS="786" VPOS="242" WIDTH="7" HEIGHT="16" WC="0.96" CONTENT="i"/><SP WIDTH="12" VPOS="242" HPOS="793"/>
							<String ID="string_48" HPOS="805" VPOS="242" WIDTH="63" HEIGHT="21" WC="0.96" CONTENT="vägen,"/><SP WIDTH="13" VPOS="242" HPOS="868"/>
							<String ID="string_49" HPOS="881" VPOS="241" WIDTH="19" HEIGHT="17" WC="0.96" CONTENT="sä"/><SP WIDTH="12" VPOS="241" HPOS="900"/>
							<String ID="string_50" HPOS="912" VPOS="242" WIDTH="20" HEIGHT="16" WC="0.96" CONTENT="är"/>
						</TextLine>
						<TextLine ID="line_5" HPOS="181" VPOS="268" WIDTH="752" HEIGHT="26">
							<String ID="string_51" HPOS="181" VPOS="268" WIDTH="30" HEIGHT="18" WC="0.96" CONTENT="det"/><SP WIDTH="17" VPOS="268" HPOS="211"/>
							<String ID="string_52" HPOS="228" VPOS="269" WIDTH="55" HEIGHT="23" WC="0.93" CONTENT="långa"/><SP WIDTH="15" VPOS="269" HPOS="283"/>
							<String ID="string_53" HPOS="298" VPOS="270" WIDTH="89" HEIGHT="18" WC="0.92" CONTENT="afståndet"/><SP WIDTH="19" VPOS="270" HPOS="387"/>
							<String ID="string_54" HPOS="406" VPOS="272" WIDTH="38" HEIGHT="16" WC="0.96" CONTENT="ofta"/><SP WIDTH="16" VPOS="272" HPOS="444"/>
							<String ID="string_55" HPOS="460" VPOS="272" WIDTH="54" HEIGHT="17" WC="0.96" CONTENT="orsak"/><SP WIDTH="13" VPOS="272" HPOS="514"/>
							<String ID="string_56" HPOS="527" VPOS="272" WIDTH="29" HEIGHT="17" WC="0.96" CONTENT="till"/><SP WIDTH="13" VPOS="272" HPOS="556"/>
							<String ID="string_57" HPOS="569" VPOS="274" WIDTH="27" HEIGHT="15" WC="0.96" CONTENT="att"/><SP WIDTH="13" VPOS="274" HPOS="596"/>
							<String ID="string_58" HPOS="609" VPOS="272" WIDTH="83" HEIGHT="17" WC="0.96" CONTENT="läkarens"/><SP WIDTH="13" VPOS="272" HPOS="692"/>
							<String ID="string_59" HPOS="705" VPOS="271" WIDTH="50" HEIGHT="23" WC="0.96" CONTENT="hjelp"/><SP WIDTH="12" VPOS="271" HPOS="755"/>
							<String ID="string_60" HPOS="767" VPOS="272" WIDTH="20" HEIGHT="16" WC="0.96" CONTENT="är"/><SP WIDTH="12" VPOS="272" HPOS="787"/>
							<String ID="string_61" HPOS="799" VPOS="271" WIDTH="28" HEIGHT="17" WC="0.96" CONTENT="för"/><SP WIDTH="12" VPOS="271" HPOS="827"/>
							<String ID="string_62" HPOS="839" VPOS="276" WIDTH="35" HEIGHT="12" WC="0.94" CONTENT="sen."/><SP WIDTH="24" VPOS="276" HPOS="874"/>
							<String ID="string_63" HPOS="898" VPOS="271" WIDTH="35" HEIGHT="16" WC="0.96" CONTENT="För"/>
						</TextLine>
						<TextLine ID="line_6" HPOS="181" VPOS="298" WIDTH="751" HEIGHT="24">
							<String ID="string_64" HPOS="181" VPOS="300" WIDTH="27" HEIGHT="15" WC="0.96" CONTENT="att"/><SP WIDTH="18" VPOS="300" HPOS="208"/>
							<String ID="string_65" HPOS="226" VPOS="298" WIDTH="43" HEIGHT="18" WC="0.96" CONTENT="bota"/><SP WIDTH="19" VPOS="298" HPOS="269"/>
							<String ID="string_66" HPOS="288" VPOS="300" WIDTH="49" HEIGHT="17" WC="0.93" CONTENT="detta"/><SP WIDTH="18" VPOS="300" HPOS="337"/>
							<String ID="string_67" HPOS="355" VPOS="301" WIDTH="157" HEIGHT="17" WC="0.92" CONTENT="missförhållande"/><SP WIDTH="16" VPOS="301" HPOS="512"/>
							<String ID="string_68" HPOS="528" VPOS="302" WIDTH="55" HEIGHT="17" WC="0.96" CONTENT="hafva"/><SP WIDTH="17" VPOS="302" HPOS="583"/>
							<String ID="string_69" HPOS="600" VPOS="302" WIDTH="127" HEIGHT="16" WC="0.96" CONTENT="kommunerna"/><SP WIDTH="16" VPOS="302" HPOS="727"/>
							<String ID="string_70" HPOS="743" VPOS="302" WIDTH="34" HEIGHT="16" WC="0.96" CONTENT="sett"/><SP WIDTH="12" VPOS="302" HPOS="777"/>
							<String ID="string_71" HPOS="789" VPOS="302" WIDTH="29" HEIGHT="20" WC="0.93" CONTENT="sig"/><SP WIDTH="12" VPOS="302" HPOS="818"/>
							<String ID="string_72" HPOS="830" VPOS="300" WIDTH="102" HEIGHT="18" WC="0.88" CONTENT="nödsakade"/>
						</TextLine>
						<TextLine ID="line_7" HPOS="181" VPOS="330" WIDTH="751" HEIGHT="23">
							<String ID="string_73" HPOS="181" VPOS="330" WIDTH="27" HEIGHT="15" WC="0.96" CONTENT="att"/><SP WIDTH="12" VPOS="330" HPOS="208"/>
							<String ID="string_74" HPOS="220" VPOS="334" WIDTH="21" HEIGHT="12" WC="0.96" CONTENT="ur"/><SP WIDTH="13" VPOS="334" HPOS="241"/>
							<String ID="string_75" HPOS="254" VPOS="334" WIDTH="46" HEIGHT="17" WC="0.96" CONTENT="egna"/><SP WIDTH="12" VPOS="334" HPOS="300"/>
							<String ID="string_76" HPOS="312" VPOS="330" WIDTH="58" HEIGHT="18" WC="0.93" CONTENT="medel"/><SP WIDTH="14" VPOS="330" HPOS="370"/>
							<String ID="string_77" HPOS="384" VPOS="330" WIDTH="58" HEIGHT="18" WC="0.92" CONTENT="aflöna"/><SP WIDTH="12" VPOS="330" HPOS="442"/>
							<String ID="string_78" HPOS="454" VPOS="337" WIDTH="22" HEIGHT="11" WC="0.96" CONTENT="en"/><SP WIDTH="13" VPOS="337" HPOS="476"/>
							<String ID="string_79" HPOS="489" VPOS="332" WIDTH="68" HEIGHT="20" WC="0.96" CONTENT="läkare,"/><SP WIDTH="14" VPOS="332" HPOS="557"/>
							<String ID="string_80" HPOS="571" VPOS="332" WIDTH="71" HEIGHT="16" WC="0.92" CONTENT="hvilket"/><SP WIDTH="12" VPOS="332" HPOS="642"/>
							<String ID="string_81" HPOS="654" VPOS="332" WIDTH="69" HEIGHT="16" WC="0.92" CONTENT="kännes"/><SP WIDTH="12" VPOS="332" HPOS="723"/>
							<String ID="string_82" HPOS="735" VPOS="330" WIDTH="70" HEIGHT="23" WC="0.96" CONTENT="ganska"/><SP WIDTH="8" VPOS="330" HPOS="805"/>
							<String ID="string_83" HPOS="813" VPOS="330" WIDTH="119" HEIGHT="22" WC="0.96" CONTENT="betungande."/>
						</TextLine>
						<TextLine ID="line_8" HPOS="181" VPOS="358" WIDTH="751" HEIGHT="25">
							<String ID="string_84" HPOS="181" VPOS="358" WIDTH="66" HEIGHT="22" WC="0.96" CONTENT="Staten,"/><SP WIDTH="20" VPOS="358" HPOS="247"/>
							<String ID="string_85" HPOS="267" VPOS="364" WIDTH="36" HEIGHT="12" WC="0.96" CONTENT="som"/><SP WIDTH="16" VPOS="364" HPOS="303"/>
							<String ID="string_86" HPOS="319" VPOS="360" WIDTH="53" HEIGHT="17" WC="0.93" CONTENT="äfven"/><SP WIDTH="20" VPOS="360" HPOS="372"/>
							<String ID="string_87" HPOS="392" VPOS="361" WIDTH="73" HEIGHT="17" WC="0.92" CONTENT="härtills"/><SP WIDTH="18" VPOS="361" HPOS="465"/>
							<String ID="string_88" HPOS="483" VPOS="361" WIDTH="85" HEIGHT="18" WC="0.93" CONTENT="bekostat"/><SP WIDTH="12" VPOS="361" HPOS="568"/>
							<String ID="string_89" HPOS="580" VPOS="361" WIDTH="118" HEIGHT="17" WC="0.91" CONTENT="helsovården"/><SP WIDTH="13" VPOS="361" HPOS="698"/>
							<String ID="string_90" HPOS="711" VPOS="366" WIDTH="62" HEIGHT="17" WC="0.96" CONTENT="genom"/><SP WIDTH="12" VPOS="366" HPOS="773"/>
							<String ID="string_91" HPOS="785" VPOS="362" WIDTH="27" HEIGHT="16" WC="0.93" CONTENT="att"/><SP WIDTH="13" VPOS="362" HPOS="812"/>
							<String ID="string_92" HPOS="825" VPOS="360" WIDTH="57" HEIGHT="18" WC="0.91" CONTENT="aflöna"/><SP WIDTH="12" VPOS="360" HPOS="882"/>
							<String ID="string_93" HPOS="894" VPOS="365" WIDTH="38" HEIGHT="17" WC="0.93" CONTENT="pro-"/>
						</TextLine>
						<TextLine ID="line_9" HPOS="181" VPOS="387" WIDTH="751" HEIGHT="26">
							<String ID="string_94" HPOS="181" VPOS="388" WIDTH="131" HEIGHT="18" WC="0.91" CONTENT="vincialläkare"/><SP WIDTH="19" VPOS="388" HPOS="312"/>
							<String ID="string_95" HPOS="331" VPOS="390" WIDTH="32" HEIGHT="17" WC="0.96" CONTENT="och"/><SP WIDTH="19" VPOS="390" HPOS="363"/>
							<String ID="string_96" HPOS="382" VPOS="387" WIDTH="108" HEIGHT="21" WC="0.96" CONTENT="underhålla"/><SP WIDTH="17" VPOS="387" HPOS="490"/>
							<String ID="string_97" HPOS="507" VPOS="391" WIDTH="81" HEIGHT="22" WC="0.96" CONTENT="sjukhus,"/><SP WIDTH="18" VPOS="391" HPOS="588"/>
							<String ID="string_98" HPOS="606" VPOS="391" WIDTH="56" HEIGHT="17" WC="0.96" CONTENT="borde"/><SP WIDTH="18" VPOS="391" HPOS="662"/>
							<String ID="string_99" HPOS="680" VPOS="390" WIDTH="53" HEIGHT="18" WC="0.93" CONTENT="äfven"/><SP WIDTH="19" VPOS="390" HPOS="733"/>
							<String ID="string_100" HPOS="752" VPOS="390" WIDTH="95" HEIGHT="18" WC="0.92" CONTENT="framdeles"/><SP WIDTH="12" VPOS="390" HPOS="847"/>
							<String ID="string_101" HPOS="859" VPOS="390" WIDTH="73" HEIGHT="17" WC="0.96" CONTENT="verka"/><SP WIDTH="-10" VPOS="390" HPOS="932"/>
							<String ID="string_102" HPOS="922" VPOS="383" WIDTH="15" HEIGHT="35" WC="0.96" CONTENT="i"/>
						</TextLine>
						<TextLine ID="line_10" HPOS="180" VPOS="419" WIDTH="752" HEIGHT="24">
							<String ID="string_103" HPOS="180" VPOS="423" WIDTH="67" HEIGHT="12" WC="0.95" CONTENT="samma"/><SP WIDTH="19" VPOS="423" HPOS="247"/>
							<String ID="string_104" HPOS="266" VPOS="419" WIDTH="82" HEIGHT="23" WC="0.95" CONTENT="riktning"/><SP WIDTH="17" VPOS="419" HPOS="348"/>
							<String ID="string_105" HPOS="365" VPOS="420" WIDTH="42" HEIGHT="18" WC="0.96" CONTENT="icke"/><SP WIDTH="18" VPOS="420" HPOS="407"/>
							<String ID="string_106" HPOS="425" VPOS="421" WIDTH="47" HEIGHT="17" WC="0.96" CONTENT="blott"/><SP WIDTH="19" VPOS="421" HPOS="472"/>
							<String ID="string_107" HPOS="491" VPOS="426" WIDTH="63" HEIGHT="17" WC="0.96" CONTENT="genom"/><SP WIDTH="12" VPOS="426" HPOS="554"/>
							<String ID="string_108" HPOS="566" VPOS="422" WIDTH="27" HEIGHT="17" WC="0.96" CONTENT="att"/><SP WIDTH="13" VPOS="422" HPOS="593"/>
							<String ID="string_109" HPOS="606" VPOS="421" WIDTH="104" HEIGHT="22" WC="0.96" CONTENT="ombesörja,"/><SP WIDTH="13" VPOS="421" HPOS="710"/>
							<String ID="string_110" HPOS="723" VPOS="423" WIDTH="27" HEIGHT="15" WC="0.96" CONTENT="att"/><SP WIDTH="12" VPOS="423" HPOS="750"/>
							<String ID="string_111" HPOS="762" VPOS="420" WIDTH="60" HEIGHT="18" WC="0.96" CONTENT="alltför"/><SP WIDTH="13" VPOS="420" HPOS="822"/>
							<String ID="string_112" HPOS="835" VPOS="422" WIDTH="47" HEIGHT="15" WC="0.93" CONTENT="stora"/><SP WIDTH="11" VPOS="422" HPOS="882"/>
							<String ID="string_113" HPOS="893" VPOS="425" WIDTH="39" HEIGHT="17" WC="0.92" CONTENT="pro-"/>
						</TextLine>
						<TextLine ID="line_11" HPOS="180" VPOS="448" WIDTH="752" HEIGHT="25">
							<String ID="string_114" HPOS="180" VPOS="448" WIDTH="206" HEIGHT="19" WC="0.91" CONTENT="vincialläkaredistrikt"/><SP WIDTH="12" VPOS="448" HPOS="386"/>
							<String ID="string_115" HPOS="398" VPOS="451" WIDTH="60" HEIGHT="17" WC="0.92" CONTENT="blefve"/><SP WIDTH="13" VPOS="451" HPOS="458"/>
							<String ID="string_116" HPOS="471" VPOS="451" WIDTH="69" HEIGHT="21" WC="0.96" CONTENT="delade,"/><SP WIDTH="13" VPOS="451" HPOS="540"/>
							<String ID="string_117" HPOS="553" VPOS="454" WIDTH="44" HEIGHT="15" WC="0.96" CONTENT="utan"/><SP WIDTH="13" VPOS="454" HPOS="597"/>
							<String ID="string_118" HPOS="610" VPOS="451" WIDTH="53" HEIGHT="17" WC="0.96" CONTENT="äfven"/><SP WIDTH="13" VPOS="451" HPOS="663"/>
							<String ID="string_119" HPOS="676" VPOS="456" WIDTH="63" HEIGHT="17" WC="0.96" CONTENT="genom"/><SP WIDTH="12" VPOS="456" HPOS="739"/>
							<String ID="string_120" HPOS="751" VPOS="453" WIDTH="27" HEIGHT="14" WC="0.96" CONTENT="att"/><SP WIDTH="11" VPOS="453" HPOS="778"/>
							<String ID="string_121" HPOS="789" VPOS="450" WIDTH="68" HEIGHT="22" WC="0.96" CONTENT="bevilja"/><SP WIDTH="12" VPOS="450" HPOS="857"/>
							<String ID="string_122" HPOS="869" VPOS="450" WIDTH="63" HEIGHT="22" WC="0.95" CONTENT="anslag"/>
						</TextLine>
						<TextLine ID="line_12" HPOS="180" VPOS="477" WIDTH="752" HEIGHT="25">
							<String ID="string_123" HPOS="180" VPOS="479" WIDTH="28" HEIGHT="16" WC="0.91" CONTENT="för"/><SP WIDTH="18" VPOS="479" HPOS="208"/>
							<String ID="string_124" HPOS="226" VPOS="477" WIDTH="93" HEIGHT="20" WC="0.91" CONTENT="aflönande"/><SP WIDTH="18" VPOS="477" HPOS="319"/>
							<String ID="string_125" HPOS="337" VPOS="480" WIDTH="21" HEIGHT="17" WC="0.96" CONTENT="af"/><SP WIDTH="13" VPOS="480" HPOS="358"/>
							<String ID="string_126" HPOS="371" VPOS="480" WIDTH="63" HEIGHT="17" WC="0.96" CONTENT="läkare"/><SP WIDTH="12" VPOS="480" HPOS="434"/>
							<String ID="string_127" HPOS="446" VPOS="481" WIDTH="20" HEIGHT="17" WC="0.96" CONTENT="åt"/><SP WIDTH="12" VPOS="481" HPOS="466"/>
							<String ID="string_128" HPOS="478" VPOS="481" WIDTH="109" HEIGHT="21" WC="0.96" CONTENT="kommuner,"/><SP WIDTH="12" VPOS="481" HPOS="587"/>
							<String ID="string_129" HPOS="599" VPOS="486" WIDTH="37" HEIGHT="12" WC="0.93" CONTENT="som"/><SP WIDTH="12" VPOS="486" HPOS="636"/>
							<String ID="string_130" HPOS="648" VPOS="481" WIDTH="81" HEIGHT="17" WC="0.91" CONTENT="befinnas"/><SP WIDTH="12" VPOS="481" HPOS="729"/>
							<String ID="string_131" HPOS="741" VPOS="480" WIDTH="66" HEIGHT="22" WC="0.95" CONTENT="villiga"/><SP WIDTH="12" VPOS="480" HPOS="807"/>
							<String ID="string_132" HPOS="819" VPOS="482" WIDTH="26" HEIGHT="15" WC="0.96" CONTENT="att"/><SP WIDTH="12" VPOS="482" HPOS="845"/>
							<String ID="string_133" HPOS="857" VPOS="480" WIDTH="75" HEIGHT="22" WC="0.96" CONTENT="bidraga"/>
						</TextLine>
						<TextLine ID="line_13" HPOS="181" VPOS="507" WIDTH="751" HEIGHT="26">
							<String ID="string_134" HPOS="181" VPOS="507" WIDTH="68" HEIGHT="18" WC="0.90" CONTENT="dertill."/><SP WIDTH="19" VPOS="507" HPOS="249"/>
							<String ID="string_135" HPOS="268" VPOS="509" WIDTH="90" HEIGHT="22" WC="0.91" CONTENT="Härjemte"/><SP WIDTH="13" VPOS="509" HPOS="358"/>
							<String ID="string_136" HPOS="371" VPOS="515" WIDTH="43" HEIGHT="12" WC="0.96" CONTENT="anse"/><SP WIDTH="12" VPOS="515" HPOS="414"/>
							<String ID="string_137" HPOS="426" VPOS="511" WIDTH="19" HEIGHT="16" WC="0.96" CONTENT="vi"/><SP WIDTH="12" VPOS="511" HPOS="445"/>
							<String ID="string_138" HPOS="457" VPOS="510" WIDTH="31" HEIGHT="18" WC="0.96" CONTENT="det"/><SP WIDTH="12" VPOS="510" HPOS="488"/>
							<String ID="string_139" HPOS="500" VPOS="511" WIDTH="7" HEIGHT="16" WC="0.96" CONTENT="i"/><SP WIDTH="13" VPOS="511" HPOS="507"/>
							<String ID="string_140" HPOS="520" VPOS="511" WIDTH="64" HEIGHT="22" WC="0.96" CONTENT="högsta"/><SP WIDTH="12" VPOS="511" HPOS="584"/>
							<String ID="string_141" HPOS="596" VPOS="511" WIDTH="45" HEIGHT="22" WC="0.93" CONTENT="grad"/><SP WIDTH="12" VPOS="511" HPOS="641"/>
							<String ID="string_142" HPOS="653" VPOS="510" WIDTH="105" HEIGHT="21" WC="0.92" CONTENT="önskvärdt,"/><SP WIDTH="12" VPOS="510" HPOS="758"/>
							<String ID="string_143" HPOS="770" VPOS="512" WIDTH="27" HEIGHT="15" WC="0.96" CONTENT="att"/><SP WIDTH="8" VPOS="512" HPOS="797"/>
							<String ID="string_144" HPOS="805" VPOS="512" WIDTH="59" HEIGHT="15" WC="0.96" CONTENT="staten"/><SP WIDTH="8" VPOS="512" HPOS="864"/>
							<String ID="string_145" HPOS="872" VPOS="509" WIDTH="60" HEIGHT="18" WC="0.96" CONTENT="skulle"/>
						</TextLine>
						<TextLine ID="line_14" HPOS="181" VPOS="537" WIDTH="751" HEIGHT="25">
							<String ID="string_146" HPOS="181" VPOS="537" WIDTH="51" HEIGHT="22" WC="0.95" CONTENT="gifva"/><SP WIDTH="19" VPOS="537" HPOS="232"/>
							<String ID="string_147" HPOS="251" VPOS="538" WIDTH="97" HEIGHT="18" WC="0.96" CONTENT="understöd"/><SP WIDTH="19" VPOS="538" HPOS="348"/>
							<String ID="string_148" HPOS="367" VPOS="540" WIDTH="29" HEIGHT="17" WC="0.94" CONTENT="till"/><SP WIDTH="17" VPOS="540" HPOS="396"/>
							<String ID="string_149" HPOS="413" VPOS="541" WIDTH="103" HEIGHT="16" WC="0.96" CONTENT="inrättande"/><SP WIDTH="13" VPOS="541" HPOS="516"/>
							<String ID="string_150" HPOS="529" VPOS="541" WIDTH="33" HEIGHT="17" WC="0.96" CONTENT="och"/><SP WIDTH="13" VPOS="541" HPOS="562"/>
							<String ID="string_151" HPOS="575" VPOS="540" WIDTH="141" HEIGHT="17" WC="0.96" CONTENT="underhållande"/><SP WIDTH="13" VPOS="540" HPOS="716"/>
							<String ID="string_152" HPOS="729" VPOS="540" WIDTH="20" HEIGHT="17" WC="0.96" CONTENT="af"/><SP WIDTH="10" VPOS="540" HPOS="749"/>
							<String ID="string_153" HPOS="759" VPOS="540" WIDTH="76" HEIGHT="22" WC="0.96" CONTENT="sjukhus"/><SP WIDTH="13" VPOS="540" HPOS="835"/>
							<String ID="string_154" HPOS="848" VPOS="541" WIDTH="6" HEIGHT="16" WC="0.97" CONTENT="i"/><SP WIDTH="11" VPOS="541" HPOS="854"/>
							<String ID="string_155" HPOS="865" VPOS="540" WIDTH="67" HEIGHT="17" WC="0.96" CONTENT="sådana"/>
						</TextLine>
						<TextLine ID="line_15" HPOS="181" VPOS="567" WIDTH="751" HEIGHT="25">
							<String ID="string_156" HPOS="181" VPOS="567" WIDTH="69" HEIGHT="18" WC="0.94" CONTENT="trakter"/><SP WIDTH="12" VPOS="567" HPOS="250"/>
							<String ID="string_157" HPOS="262" VPOS="569" WIDTH="23" HEIGHT="21" WC="0.96" CONTENT="på"/><SP WIDTH="13" VPOS="569" HPOS="285"/>
							<String ID="string_158" HPOS="298" VPOS="569" WIDTH="66" HEIGHT="22" WC="0.95" CONTENT="landet,"/><SP WIDTH="14" VPOS="569" HPOS="364"/>
							<String ID="string_159" HPOS="378" VPOS="569" WIDTH="31" HEIGHT="18" WC="0.96" CONTENT="der"/><SP WIDTH="14" VPOS="569" HPOS="409"/>
							<String ID="string_160" HPOS="423" VPOS="571" WIDTH="128" HEIGHT="16" WC="0.93" CONTENT="kommunerna"/><SP WIDTH="12" VPOS="571" HPOS="551"/>
							<String ID="string_161" HPOS="563" VPOS="570" WIDTH="79" HEIGHT="17" WC="0.91" CONTENT="befinnas"/><SP WIDTH="13" VPOS="570" HPOS="642"/>
							<String ID="string_162" HPOS="655" VPOS="570" WIDTH="66" HEIGHT="22" WC="0.96" CONTENT="villiga"/><SP WIDTH="13" VPOS="570" HPOS="721"/>
							<String ID="string_163" HPOS="734" VPOS="572" WIDTH="27" HEIGHT="15" WC="0.96" CONTENT="att"/><SP WIDTH="12" VPOS="572" HPOS="761"/>
							<String ID="string_164" HPOS="773" VPOS="570" WIDTH="107" HEIGHT="17" WC="0.96" CONTENT="underhålla"/><SP WIDTH="7" VPOS="570" HPOS="880"/>
							<String ID="string_165" HPOS="887" VPOS="569" WIDTH="45" HEIGHT="18" WC="0.96" CONTENT="dem."/>
						</TextLine>
						<TextLine ID="line_16" HPOS="252" VPOS="598" WIDTH="681" HEIGHT="25">
							<String ID="string_166" HPOS="252" VPOS="598" WIDTH="24" HEIGHT="17" WC="0.96" CONTENT="Vi"/><SP WIDTH="20" VPOS="598" HPOS="276"/>
							<String ID="string_167" HPOS="296" VPOS="599" WIDTH="53" HEIGHT="22" WC="0.96" CONTENT="bedja"/><SP WIDTH="12" VPOS="599" HPOS="349"/>
							<String ID="string_168" HPOS="361" VPOS="599" WIDTH="19" HEIGHT="17" WC="0.96" CONTENT="få"/><SP WIDTH="12" VPOS="599" HPOS="380"/>
							<String ID="string_169" HPOS="392" VPOS="600" WIDTH="91" HEIGHT="17" WC="0.96" CONTENT="innesluta"/><SP WIDTH="13" VPOS="600" HPOS="483"/>
							<String ID="string_170" HPOS="496" VPOS="601" WIDTH="57" HEIGHT="17" WC="0.93" CONTENT="denna"/><SP WIDTH="13" VPOS="601" HPOS="553"/>
							<String ID="string_171" HPOS="566" VPOS="601" WIDTH="70" HEIGHT="22" WC="0.92" CONTENT="vigtiga"/><SP WIDTH="13" VPOS="601" HPOS="636"/>
							<String ID="string_172" HPOS="649" VPOS="601" WIDTH="34" HEIGHT="16" WC="0.95" CONTENT="sak"/><SP WIDTH="13" VPOS="601" HPOS="683"/>
							<String ID="string_173" HPOS="696" VPOS="601" WIDTH="6" HEIGHT="16" WC="0.96" CONTENT="i"/><SP WIDTH="13" VPOS="601" HPOS="702"/>
							<String ID="string_174" HPOS="715" VPOS="600" WIDTH="31" HEIGHT="17" WC="0.96" CONTENT="det"/><SP WIDTH="12" VPOS="600" HPOS="746"/>
							<String ID="string_175" HPOS="758" VPOS="599" WIDTH="55" HEIGHT="18" WC="0.93" CONTENT="ärade"/><SP WIDTH="12" VPOS="599" HPOS="813"/>
							<String ID="string_176" HPOS="825" VPOS="599" WIDTH="108" HEIGHT="18" WC="0.91" CONTENT="Bondestån-"/>
						</TextLine>
						<TextLine ID="line_17" HPOS="181" VPOS="627" WIDTH="752" HEIGHT="27">
							<String ID="string_177" HPOS="181" VPOS="627" WIDTH="40" HEIGHT="18" WC="0.93" CONTENT="dets"/><SP WIDTH="13" VPOS="627" HPOS="221"/>
							<String ID="string_178" HPOS="234" VPOS="628" WIDTH="137" HEIGHT="22" WC="0.91" CONTENT="gunstbenägna"/><SP WIDTH="14" VPOS="628" HPOS="371"/>
							<String ID="string_179" HPOS="385" VPOS="630" WIDTH="66" HEIGHT="17" WC="0.96" CONTENT="åtanke"/><SP WIDTH="13" VPOS="630" HPOS="451"/>
							<String ID="string_180" HPOS="464" VPOS="630" WIDTH="40" HEIGHT="17" WC="0.96" CONTENT="med"/><SP WIDTH="12" VPOS="630" HPOS="504"/>
							<String ID="string_181" HPOS="516" VPOS="630" WIDTH="91" HEIGHT="24" WC="0.85" CONTENT="anhållan,"/><SP WIDTH="13" VPOS="630" HPOS="607"/>
							<String ID="string_182" HPOS="620" VPOS="632" WIDTH="26" HEIGHT="15" WC="0.96" CONTENT="att"/><SP WIDTH="12" VPOS="632" HPOS="646"/>
							<String ID="string_183" HPOS="658" VPOS="630" WIDTH="31" HEIGHT="17" WC="0.96" CONTENT="det"/><SP WIDTH="13" VPOS="630" HPOS="689"/>
							<String ID="string_184" HPOS="702" VPOS="630" WIDTH="85" HEIGHT="21" WC="0.96" CONTENT="antingen"/><SP WIDTH="12" VPOS="630" HPOS="787"/>
							<String ID="string_185" HPOS="799" VPOS="635" WIDTH="60" HEIGHT="12" WC="0.94" CONTENT="ensam"/><SP WIDTH="12" VPOS="635" HPOS="859"/>
							<String ID="string_186" HPOS="871" VPOS="629" WIDTH="43" HEIGHT="18" WC="0.94" CONTENT="eller"/><SP WIDTH="13" VPOS="629" HPOS="914"/>
							<String ID="string_187" HPOS="927" VPOS="630" WIDTH="6" HEIGHT="16" WC="0.97" CONTENT="i"/>
						</TextLine>
						<TextLine ID="line_18" HPOS="180" VPOS="657" WIDTH="752" HEIGHT="24">
							<String ID="string_188" HPOS="180" VPOS="657" WIDTH="83" HEIGHT="22" WC="0.95" CONTENT="förening"/><SP WIDTH="18" VPOS="657" HPOS="263"/>
							<String ID="string_189" HPOS="281" VPOS="659" WIDTH="40" HEIGHT="16" WC="0.96" CONTENT="med"/><SP WIDTH="18" VPOS="659" HPOS="321"/>
							<String ID="string_190" HPOS="339" VPOS="659" WIDTH="56" HEIGHT="18" WC="0.96" CONTENT="andra"/><SP WIDTH="18" VPOS="659" HPOS="395"/>
							<String ID="string_191" HPOS="413" VPOS="660" WIDTH="53" HEIGHT="17" WC="0.96" CONTENT="stånd"/><SP WIDTH="17" VPOS="660" HPOS="466"/>
							<String ID="string_192" HPOS="483" VPOS="660" WIDTH="55" HEIGHT="17" WC="0.96" CONTENT="måtte"/><SP WIDTH="13" VPOS="660" HPOS="538"/>
							<String ID="string_193" HPOS="551" VPOS="660" WIDTH="32" HEIGHT="17" WC="0.96" CONTENT="hos"/><SP WIDTH="13" VPOS="660" HPOS="583"/>
							<String ID="string_194" HPOS="596" VPOS="660" WIDTH="32" HEIGHT="17" WC="0.92" CONTENT="vår"/><SP WIDTH="17" VPOS="660" HPOS="628"/>
							<String ID="string_195" HPOS="645" VPOS="659" WIDTH="96" HEIGHT="18" WC="0.90" CONTENT="Storfurste"/><SP WIDTH="16" VPOS="659" HPOS="741"/>
							<String ID="string_196" HPOS="757" VPOS="659" WIDTH="84" HEIGHT="18" WC="0.96" CONTENT="framföra"/><SP WIDTH="12" VPOS="659" HPOS="841"/>
							<String ID="string_197" HPOS="853" VPOS="665" WIDTH="22" HEIGHT="12" WC="0.91" CONTENT="en"/><SP WIDTH="12" VPOS="665" HPOS="875"/>
							<String ID="string_198" HPOS="887" VPOS="659" WIDTH="45" HEIGHT="22" WC="0.91" CONTENT="peti-"/>
						</TextLine>
						<TextLine ID="line_19" HPOS="180" VPOS="687" WIDTH="161" HEIGHT="18">
							<String ID="string_199" HPOS="180" VPOS="687" WIDTH="38" HEIGHT="17" WC="0.95" CONTENT="tion"/><SP WIDTH="13" VPOS="687" HPOS="218"/>
							<String ID="string_200" HPOS="231" VPOS="688" WIDTH="20" HEIGHT="17" WC="0.96" CONTENT="af"/><SP WIDTH="9" VPOS="688" HPOS="251"/>
							<String ID="string_201" HPOS="260" VPOS="688" WIDTH="81" HEIGHT="17" WC="0.96" CONTENT="innehåll"/>
						</TextLine>
						<TextLine ID="line_20" HPOS="358" VPOS="718" WIDTH="575" HEIGHT="25">
							<String ID="string_202" HPOS="358" VPOS="720" WIDTH="26" HEIGHT="17" WC="0.95" CONTENT="att"/><SP WIDTH="18" VPOS="720" HPOS="384"/>
							<String ID="string_203" HPOS="402" VPOS="719" WIDTH="26" HEIGHT="23" WC="0.95" CONTENT="af"/><SP WIDTH="16" VPOS="719" HPOS="428"/>
							<String ID="string_204" HPOS="444" VPOS="719" WIDTH="93" HEIGHT="18" WC="0.96" CONTENT="allmänna"/><SP WIDTH="12" VPOS="719" HPOS="537"/>
							<String ID="string_205" HPOS="549" VPOS="719" WIDTH="54" HEIGHT="19" WC="0.96" CONTENT="medel"/><SP WIDTH="12" VPOS="719" HPOS="603"/>
							<String ID="string_206" HPOS="615" VPOS="720" WIDTH="23" HEIGHT="17" WC="0.96" CONTENT="ett"/><SP WIDTH="11" VPOS="720" HPOS="638"/>
							<String ID="string_207" HPOS="649" VPOS="719" WIDTH="63" HEIGHT="24" WC="0.96" CONTENT="anslag"/><SP WIDTH="12" VPOS="719" HPOS="712"/>
							<String ID="string_208" HPOS="724" VPOS="718" WIDTH="24" HEIGHT="23" WC="0.93" CONTENT="af"/><SP WIDTH="9" VPOS="718" HPOS="748"/>
							<String ID="string_209" HPOS="757" VPOS="719" WIDTH="58" HEIGHT="22" WC="0.90" CONTENT="1,200"/><SP WIDTH="11" VPOS="719" HPOS="815"/>
							<String ID="string_210" HPOS="826" VPOS="718" WIDTH="39" HEIGHT="19" WC="0.93" CONTENT="eller"/><SP WIDTH="11" VPOS="718" HPOS="865"/>
							<String ID="string_211" HPOS="876" VPOS="719" WIDTH="57" HEIGHT="21" WC="0.91" CONTENT="1,500"/>
						</TextLine>
						<TextLine ID="line_21" HPOS="323" VPOS="748" WIDTH="609" HEIGHT="24">
							<String ID="string_212" HPOS="323" VPOS="748" WIDTH="51" HEIGHT="19" WC="0.92" CONTENT="mark"/><SP WIDTH="16" VPOS="748" HPOS="374"/>
							<String ID="string_213" HPOS="390" VPOS="749" WIDTH="71" HEIGHT="23" WC="0.95" CONTENT="årligen"/><SP WIDTH="12" VPOS="749" HPOS="461"/>
							<String ID="string_214" HPOS="473" VPOS="749" WIDTH="53" HEIGHT="18" WC="0.95" CONTENT="måtte"/><SP WIDTH="12" VPOS="749" HPOS="526"/>
							<String ID="string_215" HPOS="538" VPOS="749" WIDTH="70" HEIGHT="23" WC="0.96" CONTENT="beviljas"/><SP WIDTH="12" VPOS="749" HPOS="608"/>
							<String ID="string_216" HPOS="620" VPOS="749" WIDTH="58" HEIGHT="18" WC="0.95" CONTENT="såsom"/><SP WIDTH="12" VPOS="749" HPOS="678"/>
							<String ID="string_217" HPOS="690" VPOS="748" WIDTH="137" HEIGHT="19" WC="0.96" CONTENT="statsunderstöd"/><SP WIDTH="11" VPOS="748" HPOS="827"/>
							<String ID="string_218" HPOS="838" VPOS="748" WIDTH="19" HEIGHT="19" WC="0.96" CONTENT="åt"/><SP WIDTH="12" VPOS="748" HPOS="857"/>
							<String ID="string_219" HPOS="869" VPOS="748" WIDTH="63" HEIGHT="22" WC="0.96" CONTENT="läkare,"/>
						</TextLine>
						<TextLine ID="line_22" HPOS="322" VPOS="777" WIDTH="610" HEIGHT="26">
							<String ID="string_220" HPOS="322" VPOS="777" WIDTH="58" HEIGHT="20" WC="0.93" CONTENT="hvilka"/><SP WIDTH="15" VPOS="777" HPOS="380"/>
							<String ID="string_221" HPOS="395" VPOS="778" WIDTH="71" HEIGHT="23" WC="0.87" CONTENT="aflönas"/><SP WIDTH="16" VPOS="778" HPOS="466"/>
							<String ID="string_222" HPOS="482" VPOS="779" WIDTH="26" HEIGHT="24" WC="0.95" CONTENT="af"/><SP WIDTH="12" VPOS="779" HPOS="508"/>
							<String ID="string_223" HPOS="520" VPOS="779" WIDTH="132" HEIGHT="22" WC="0.95" CONTENT="kommunerna,"/><SP WIDTH="12" VPOS="779" HPOS="652"/>
							<String ID="string_224" HPOS="664" VPOS="778" WIDTH="31" HEIGHT="19" WC="0.96" CONTENT="och"/><SP WIDTH="12" VPOS="778" HPOS="695"/>
							<String ID="string_225" HPOS="707" VPOS="779" WIDTH="26" HEIGHT="18" WC="0.96" CONTENT="att"/><SP WIDTH="12" VPOS="779" HPOS="733"/>
							<String ID="string_226" HPOS="745" VPOS="778" WIDTH="50" HEIGHT="19" WC="0.93" CONTENT="dessa"/><SP WIDTH="12" VPOS="778" HPOS="795"/>
							<String ID="string_227" HPOS="807" VPOS="778" WIDTH="125" HEIGHT="19" WC="0.89" CONTENT="kommunallä-"/>
						</TextLine>
						<TextLine ID="line_23" HPOS="323" VPOS="808" WIDTH="609" HEIGHT="24">
							<String ID="string_228" HPOS="323" VPOS="808" WIDTH="42" HEIGHT="19" WC="0.96" CONTENT="kare"/><SP WIDTH="11" VPOS="808" HPOS="365"/>
							<String ID="string_229" HPOS="376" VPOS="809" WIDTH="8" HEIGHT="18" WC="0.96" CONTENT="i"/><SP WIDTH="12" VPOS="809" HPOS="384"/>
							<String ID="string_230" HPOS="396" VPOS="808" WIDTH="81" HEIGHT="23" WC="0.93" CONTENT="afseende"/><SP WIDTH="16" VPOS="808" HPOS="477"/>
							<String ID="string_231" HPOS="493" VPOS="809" WIDTH="12" HEIGHT="18" WC="0.89" CONTENT="å"/><SP WIDTH="16" VPOS="809" HPOS="505"/>
							<String ID="string_232" HPOS="521" VPOS="809" WIDTH="30" HEIGHT="18" WC="0.96" CONTENT="sin"/><SP WIDTH="15" VPOS="809" HPOS="551"/>
							<String ID="string_233" HPOS="566" VPOS="809" WIDTH="84" HEIGHT="23" WC="0.96" CONTENT="ställning"/><SP WIDTH="16" VPOS="809" HPOS="650"/>
							<String ID="string_234" HPOS="666" VPOS="808" WIDTH="54" HEIGHT="19" WC="0.96" CONTENT="måtte"/><SP WIDTH="17" VPOS="808" HPOS="720"/>
							<String ID="string_235" HPOS="737" VPOS="808" WIDTH="57" HEIGHT="24" WC="0.95" CONTENT="hafva"/><SP WIDTH="12" VPOS="808" HPOS="794"/>
							<String ID="string_236" HPOS="806" VPOS="813" WIDTH="69" HEIGHT="14" WC="0.93" CONTENT="samma"/><SP WIDTH="11" VPOS="813" HPOS="875"/>
							<String ID="string_237" HPOS="886" VPOS="808" WIDTH="46" HEIGHT="24" WC="0.92" CONTENT="skyl-"/>
						</TextLine>
						<TextLine ID="line_24" HPOS="323" VPOS="837" WIDTH="609" HEIGHT="26">
							<String ID="string_238" HPOS="323" VPOS="838" WIDTH="75" HEIGHT="23" WC="0.95" CONTENT="digheter"/><SP WIDTH="15" VPOS="838" HPOS="398"/>
							<String ID="string_239" HPOS="413" VPOS="839" WIDTH="31" HEIGHT="18" WC="0.95" CONTENT="och"/><SP WIDTH="14" VPOS="839" HPOS="444"/>
							<String ID="string_240" HPOS="458" VPOS="839" WIDTH="103" HEIGHT="24" WC="0.90" CONTENT="rättigheter"/><SP WIDTH="11" VPOS="839" HPOS="561"/>
							<String ID="string_241" HPOS="572" VPOS="844" WIDTH="37" HEIGHT="13" WC="0.93" CONTENT="som"/><SP WIDTH="12" VPOS="844" HPOS="609"/>
							<String ID="string_242" HPOS="621" VPOS="838" WIDTH="132" HEIGHT="19" WC="0.91" CONTENT="stadsläkarene"/><SP WIDTH="11" VPOS="838" HPOS="753"/>
							<String ID="string_243" HPOS="764" VPOS="837" WIDTH="89" HEIGHT="24" WC="0.96" CONTENT="äfvensom"/><SP WIDTH="10" VPOS="837" HPOS="853"/>
							<String ID="string_244" HPOS="863" VPOS="843" WIDTH="69" HEIGHT="13" WC="0.95" CONTENT="samma"/>
						</TextLine>
						<TextLine ID="line_25" HPOS="323" VPOS="868" WIDTH="287" HEIGHT="24">
							<String ID="string_245" HPOS="323" VPOS="868" WIDTH="65" HEIGHT="24" WC="0.96" CONTENT="lagliga"/><SP WIDTH="12" VPOS="868" HPOS="388"/>
							<String ID="string_246" HPOS="400" VPOS="868" WIDTH="78" HEIGHT="19" WC="0.95" CONTENT="säkerhet"/><SP WIDTH="11" VPOS="868" HPOS="478"/>
							<String ID="string_247" HPOS="489" VPOS="869" WIDTH="8" HEIGHT="18" WC="0.96" CONTENT="i"/><SP WIDTH="11" VPOS="869" HPOS="497"/>
							<String ID="string_248" HPOS="508" VPOS="869" WIDTH="29" HEIGHT="18" WC="0.91" CONTENT="sin"/><SP WIDTH="12" VPOS="869" HPOS="537"/>
							<String ID="string_249" HPOS="549" VPOS="869" WIDTH="61" HEIGHT="23" WC="0.91" CONTENT="tjenst;"/>
						</TextLine>
						<TextLine ID="line_26" HPOS="358" VPOS="897" WIDTH="574" HEIGHT="25">
							<String ID="string_250" HPOS="358" VPOS="899" WIDTH="27" HEIGHT="18" WC="0.96" CONTENT="att"/><SP WIDTH="11" VPOS="899" HPOS="385"/>
							<String ID="string_251" HPOS="396" VPOS="899" WIDTH="21" HEIGHT="18" WC="0.96" CONTENT="så"/><SP WIDTH="12" VPOS="899" HPOS="417"/>
							<String ID="string_252" HPOS="429" VPOS="900" WIDTH="52" HEIGHT="17" WC="0.96" CONTENT="snart"/><SP WIDTH="11" VPOS="900" HPOS="481"/>
							<String ID="string_253" HPOS="492" VPOS="904" WIDTH="38" HEIGHT="13" WC="0.96" CONTENT="som"/><SP WIDTH="11" VPOS="904" HPOS="530"/>
							<String ID="string_254" HPOS="541" VPOS="898" WIDTH="68" HEIGHT="24" WC="0.93" CONTENT="möjligt"/><SP WIDTH="9" VPOS="898" HPOS="609"/>
							<String ID="string_255" HPOS="618" VPOS="897" WIDTH="251" HEIGHT="25" WC="0.91" CONTENT="provincialläkaredistrikten"/><SP WIDTH="9" VPOS="897" HPOS="869"/>
							<String ID="string_256" HPOS="878" VPOS="897" WIDTH="54" HEIGHT="20" WC="0.96" CONTENT="måtte"/>
						</TextLine>
						<TextLine ID="line_27" HPOS="322" VPOS="928" WIDTH="341" HEIGHT="24">
							<String ID="string_257" HPOS="322" VPOS="928" WIDTH="48" HEIGHT="19" WC="0.95" CONTENT="delas"/><SP WIDTH="12" VPOS="928" HPOS="370"/>
							<String ID="string_258" HPOS="382" VPOS="929" WIDTH="7" HEIGHT="18" WC="0.95" CONTENT="i"/><SP WIDTH="12" VPOS="929" HPOS="389"/>
							<String ID="string_259" HPOS="401" VPOS="929" WIDTH="72" HEIGHT="18" WC="0.96" CONTENT="mindre"/><SP WIDTH="11" VPOS="929" HPOS="473"/>
							<String ID="string_260" HPOS="484" VPOS="929" WIDTH="76" HEIGHT="21" WC="0.96" CONTENT="sådana,"/><SP WIDTH="13" VPOS="929" HPOS="560"/>
							<String ID="string_261" HPOS="573" VPOS="929" WIDTH="90" HEIGHT="23" WC="0.96" CONTENT="äfvensom"/>
						</TextLine>
						<TextLine ID="line_28" HPOS="357" VPOS="957" WIDTH="575" HEIGHT="24">
							<String ID="string_262" HPOS="357" VPOS="959" WIDTH="27" HEIGHT="17" WC="0.94" CONTENT="att"/><SP WIDTH="16" VPOS="959" HPOS="384"/>
							<String ID="string_263" HPOS="400" VPOS="958" WIDTH="138" HEIGHT="19" WC="0.94" CONTENT="statsunderstöd"/><SP WIDTH="16" VPOS="958" HPOS="538"/>
							<String ID="string_264" HPOS="554" VPOS="958" WIDTH="54" HEIGHT="18" WC="0.96" CONTENT="måtte"/><SP WIDTH="12" VPOS="958" HPOS="608"/>
							<String ID="string_265" HPOS="620" VPOS="958" WIDTH="72" HEIGHT="23" WC="0.96" CONTENT="beviljas"/><SP WIDTH="12" VPOS="958" HPOS="692"/>
							<String ID="string_266" HPOS="704" VPOS="957" WIDTH="27" HEIGHT="19" WC="0.96" CONTENT="till"/><SP WIDTH="11" VPOS="957" HPOS="731"/>
							<String ID="string_267" HPOS="742" VPOS="957" WIDTH="103" HEIGHT="19" WC="0.96" CONTENT="inrättande"/><SP WIDTH="12" VPOS="957" HPOS="845"/>
							<String ID="string_268" HPOS="857" VPOS="957" WIDTH="29" HEIGHT="18" WC="0.93" CONTENT="och"/><SP WIDTH="12" VPOS="957" HPOS="886"/>
							<String ID="string_269" HPOS="898" VPOS="963" WIDTH="34" HEIGHT="12" WC="0.90" CONTENT="un-"/>
						</TextLine>
						<TextLine ID="line_29" HPOS="321" VPOS="987" WIDTH="610" HEIGHT="24">
							<String ID="string_270" HPOS="321" VPOS="987" WIDTH="114" HEIGHT="19" WC="0.91" CONTENT="derhållande"/><SP WIDTH="16" VPOS="987" HPOS="435"/>
							<String ID="string_271" HPOS="451" VPOS="988" WIDTH="24" HEIGHT="23" WC="0.96" CONTENT="af"/><SP WIDTH="9" VPOS="988" HPOS="475"/>
							<String ID="string_272" HPOS="484" VPOS="988" WIDTH="72" HEIGHT="23" WC="0.96" CONTENT="sjukhus"/><SP WIDTH="10" VPOS="988" HPOS="556"/>
							<String ID="string_273" HPOS="566" VPOS="988" WIDTH="26" HEIGHT="23" WC="0.96" CONTENT="på"/><SP WIDTH="11" VPOS="988" HPOS="592"/>
							<String ID="string_274" HPOS="603" VPOS="989" WIDTH="51" HEIGHT="21" WC="0.96" CONTENT="orter,"/><SP WIDTH="12" VPOS="989" HPOS="654"/>
							<String ID="string_275" HPOS="666" VPOS="987" WIDTH="33" HEIGHT="19" WC="0.96" CONTENT="der"/><SP WIDTH="12" VPOS="987" HPOS="699"/>
							<String ID="string_276" HPOS="711" VPOS="987" WIDTH="126" HEIGHT="19" WC="0.93" CONTENT="kommunerna"/><SP WIDTH="12" VPOS="987" HPOS="837"/>
							<String ID="string_277" HPOS="849" VPOS="993" WIDTH="39" HEIGHT="12" WC="0.92" CONTENT="vore"/><SP WIDTH="12" VPOS="993" HPOS="888"/>
							<String ID="string_278" HPOS="900" VPOS="987" WIDTH="31" HEIGHT="18" WC="0.92" CONTENT="vil-"/>
						</TextLine>
						<TextLine ID="line_30" HPOS="321" VPOS="1017" WIDTH="526" HEIGHT="24">
							<String ID="string_279" HPOS="321" VPOS="1017" WIDTH="37" HEIGHT="24" WC="0.96" CONTENT="liga"/><SP WIDTH="12" VPOS="1017" HPOS="358"/>
							<String ID="string_280" HPOS="370" VPOS="1019" WIDTH="26" HEIGHT="17" WC="0.96" CONTENT="att"/><SP WIDTH="12" VPOS="1019" HPOS="396"/>
							<String ID="string_281" HPOS="408" VPOS="1017" WIDTH="69" HEIGHT="24" WC="0.96" CONTENT="deltaga"/><SP WIDTH="11" VPOS="1017" HPOS="477"/>
							<String ID="string_282" HPOS="488" VPOS="1018" WIDTH="8" HEIGHT="18" WC="0.96" CONTENT="i"/><SP WIDTH="13" VPOS="1018" HPOS="496"/>
							<String ID="string_283" HPOS="509" VPOS="1018" WIDTH="101" HEIGHT="23" WC="0.95" CONTENT="utgifterna"/><SP WIDTH="11" VPOS="1018" HPOS="610"/>
							<String ID="string_284" HPOS="621" VPOS="1017" WIDTH="31" HEIGHT="23" WC="0.96" CONTENT="för"/><SP WIDTH="10" VPOS="1017" HPOS="652"/>
							<String ID="string_285" HPOS="662" VPOS="1017" WIDTH="83" HEIGHT="19" WC="0.95" CONTENT="nämnda"/><SP WIDTH="12" VPOS="1017" HPOS="745"/>
							<String ID="string_286" HPOS="757" VPOS="1017" WIDTH="90" HEIGHT="18" WC="0.95" CONTENT="ändamål."/>
						</TextLine>
						<TextLine ID="line_31" HPOS="287" VPOS="1047" WIDTH="394" HEIGHT="24">
							<String ID="string_287" HPOS="287" VPOS="1047" WIDTH="154" HEIGHT="24" WC="0.96" CONTENT="Helsingfors,"/><SP WIDTH="13" VPOS="1047" HPOS="441"/>
							<String ID="string_288" HPOS="454" VPOS="1047" WIDTH="34" HEIGHT="19" WC="0.96" CONTENT="den"/><SP WIDTH="12" VPOS="1047" HPOS="488"/>
							<String ID="string_289" HPOS="500" VPOS="1048" WIDTH="26" HEIGHT="17" WC="0.96" CONTENT="30"/><SP WIDTH="9" VPOS="1048" HPOS="526"/>
							<String ID="string_290" HPOS="535" VPOS="1047" WIDTH="77" HEIGHT="24" WC="0.95" CONTENT="januari"/><SP WIDTH="12" VPOS="1047" HPOS="612"/>
							<String ID="string_291" HPOS="624" VPOS="1048" WIDTH="57" HEIGHT="17" WC="0.96" CONTENT="1885."/>
						</TextLine>
						<TextLine ID="line_32" HPOS="250" VPOS="1082" WIDTH="610" HEIGHT="29">
							<String ID="string_292" HPOS="250" VPOS="1082" WIDTH="68" HEIGHT="29" WC="0.90" CONTENT="Aapel"/><SP WIDTH="15" VPOS="1082" HPOS="318"/>
							<String ID="string_293" HPOS="333" VPOS="1082" WIDTH="114" HEIGHT="29" WC="0.91" CONTENT="Häyrinen,"/><SP WIDTH="231" VPOS="1082" HPOS="447"/>
							<String ID="string_294" HPOS="678" VPOS="1082" WIDTH="26" HEIGHT="23" WC="0.90" CONTENT="K."/><SP WIDTH="16" VPOS="1082" HPOS="704"/>
							<String ID="string_295" HPOS="720" VPOS="1082" WIDTH="140" HEIGHT="27" WC="0.88" CONTENT="Muttilainen,"/>
						</TextLine>
						<TextLine ID="line_33" HPOS="179" VPOS="1118" WIDTH="751" HEIGHT="24">
							<String ID="string_296" HPOS="179" VPOS="1121" WIDTH="122" HEIGHT="20" WC="0.96" CONTENT="representant"/><SP WIDTH="6" VPOS="1121" HPOS="301"/>
							<String ID="string_297" HPOS="307" VPOS="1119" WIDTH="28" HEIGHT="17" WC="0.96" CONTENT="för"/><SP WIDTH="6" VPOS="1119" HPOS="335"/>
							<String ID="string_298" HPOS="341" VPOS="1119" WIDTH="115" HEIGHT="22" WC="0.96" CONTENT="Rautalampi"/><SP WIDTH="6" VPOS="1119" HPOS="456"/>
							<String ID="string_299" HPOS="462" VPOS="1119" WIDTH="90" HEIGHT="22" WC="0.95" CONTENT="domsaga."/><SP WIDTH="39" VPOS="1119" HPOS="552"/>
							<String ID="string_300" HPOS="591" VPOS="1120" WIDTH="122" HEIGHT="22" WC="0.78" CONTENT="representant"/><SP WIDTH="13" VPOS="1120" HPOS="713"/>
							<String ID="string_301" HPOS="726" VPOS="1119" WIDTH="27" HEIGHT="17" WC="0.92" CONTENT="för"/><SP WIDTH="8" VPOS="1119" HPOS="753"/>
							<String ID="string_302" HPOS="761" VPOS="1119" WIDTH="70" HEIGHT="17" WC="0.92" CONTENT="Jokkas"/><SP WIDTH="9" VPOS="1119" HPOS="831"/>
							<String ID="string_303" HPOS="840" VPOS="1118" WIDTH="90" HEIGHT="23" WC="0.96" CONTENT="domsaga."/>
						</TextLine>
					</TextBlock>
				</ComposedBlock>
				<ComposedBlock ID="cblock_2" HPOS="178" VPOS="1197" WIDTH="754" HEIGHT="279">
					<TextBlock ID="block_2" HPOS="251" VPOS="1197" WIDTH="164" HEIGHT="28">
						<TextLine ID="line_34" HPOS="251" VPOS="1197" WIDTH="164" HEIGHT="28">
							<String ID="string_304" HPOS="251" VPOS="1197" WIDTH="164" HEIGHT="28" WC="0.91" CONTENT="(Öfversättning.)"/>
						</TextLine>
					</TextBlock>
					<TextBlock ID="block_3" HPOS="394" VPOS="1238" WIDTH="323" HEIGHT="18">
						<TextLine ID="line_35" HPOS="394" VPOS="1238" WIDTH="323" HEIGHT="18">
							<String ID="string_305" HPOS="394" VPOS="1238" WIDTH="148" HEIGHT="18" WC="0.91" CONTENT="Hedervärda"/><SP WIDTH="18" VPOS="1238" HPOS="542"/>
							<String ID="string_306" HPOS="560" VPOS="1238" WIDTH="157" HEIGHT="18" WC="0.91" CONTENT="Bondestånd!"/>
						</TextLine>
					</TextBlock>
					<TextBlock ID="block_4" HPOS="178" VPOS="1273" WIDTH="754" HEIGHT="203">
						<TextLine ID="line_36" HPOS="249" VPOS="1273" WIDTH="683" HEIGHT="23">
							<String ID="string_307" HPOS="249" VPOS="1273" WIDTH="62" HEIGHT="18" WC="0.94" CONTENT="Ehuru"/><SP WIDTH="18" VPOS="1273" HPOS="311"/>
							<String ID="string_308" HPOS="329" VPOS="1279" WIDTH="41" HEIGHT="12" WC="0.95" CONTENT="man"/><SP WIDTH="18" VPOS="1279" HPOS="370"/>
							<String ID="string_309" HPOS="388" VPOS="1274" WIDTH="41" HEIGHT="18" WC="0.96" CONTENT="med"/><SP WIDTH="19" VPOS="1274" HPOS="429"/>
							<String ID="string_310" HPOS="448" VPOS="1275" WIDTH="111" HEIGHT="17" WC="0.95" CONTENT="tacksamhet"/><SP WIDTH="18" VPOS="1275" HPOS="559"/>
							<String ID="string_311" HPOS="577" VPOS="1275" WIDTH="32" HEIGHT="17" WC="0.92" CONTENT="bör"/><SP WIDTH="15" VPOS="1275" HPOS="609"/>
							<String ID="string_312" HPOS="624" VPOS="1274" WIDTH="64" HEIGHT="22" WC="0.92" CONTENT="tillstå,"/><SP WIDTH="14" VPOS="1274" HPOS="688"/>
							<String ID="string_313" HPOS="702" VPOS="1276" WIDTH="27" HEIGHT="16" WC="0.96" CONTENT="att"/><SP WIDTH="12" VPOS="1276" HPOS="729"/>
							<String ID="string_314" HPOS="741" VPOS="1274" WIDTH="112" HEIGHT="22" WC="0.95" CONTENT="Regeringen"/><SP WIDTH="12" VPOS="1274" HPOS="853"/>
							<String ID="string_315" HPOS="865" VPOS="1273" WIDTH="31" HEIGHT="18" WC="0.96" CONTENT="har"/><SP WIDTH="13" VPOS="1273" HPOS="896"/>
							<String ID="string_316" HPOS="909" VPOS="1274" WIDTH="23" HEIGHT="22" WC="0.96" CONTENT="på"/>
						</TextLine>
						<TextLine ID="line_37" HPOS="179" VPOS="1303" WIDTH="753" HEIGHT="24">
							<String ID="string_317" HPOS="179" VPOS="1303" WIDTH="64" HEIGHT="22" WC="0.96" CONTENT="många"/><SP WIDTH="12" VPOS="1303" HPOS="243"/>
							<String ID="string_318" HPOS="255" VPOS="1305" WIDTH="42" HEIGHT="19" WC="0.93" CONTENT="sätt,"/><SP WIDTH="12" VPOS="1305" HPOS="297"/>
							<String ID="string_319" HPOS="309" VPOS="1304" WIDTH="104" HEIGHT="22" WC="0.91" CONTENT="isynnerhet"/><SP WIDTH="12" VPOS="1304" HPOS="413"/>
							<String ID="string_320" HPOS="425" VPOS="1310" WIDTH="63" HEIGHT="16" WC="0.95" CONTENT="genom"/><SP WIDTH="12" VPOS="1310" HPOS="488"/>
							<String ID="string_321" HPOS="500" VPOS="1306" WIDTH="27" HEIGHT="16" WC="0.95" CONTENT="att"/><SP WIDTH="8" VPOS="1306" HPOS="527"/>
							<String ID="string_322" HPOS="535" VPOS="1304" WIDTH="42" HEIGHT="18" WC="0.93" CONTENT="dela"/><SP WIDTH="7" VPOS="1304" HPOS="577"/>
							<String ID="string_323" HPOS="584" VPOS="1304" WIDTH="269" HEIGHT="23" WC="0.91" CONTENT="provincialläkaredistrikten,"/><SP WIDTH="9" VPOS="1304" HPOS="853"/>
							<String ID="string_324" HPOS="862" VPOS="1303" WIDTH="70" HEIGHT="19" WC="0.96" CONTENT="försökt"/>
						</TextLine>
						<TextLine ID="line_38" HPOS="179" VPOS="1333" WIDTH="753" HEIGHT="23">
							<String ID="string_325" HPOS="179" VPOS="1333" WIDTH="88" HEIGHT="17" WC="0.91" CONTENT="förbättra"/><SP WIDTH="18" VPOS="1333" HPOS="267"/>
							<String ID="string_326" HPOS="285" VPOS="1333" WIDTH="119" HEIGHT="18" WC="0.91" CONTENT="helsovården"/><SP WIDTH="12" VPOS="1333" HPOS="404"/>
							<String ID="string_327" HPOS="416" VPOS="1335" WIDTH="7" HEIGHT="16" WC="0.96" CONTENT="i"/><SP WIDTH="13" VPOS="1335" HPOS="423"/>
							<String ID="string_328" HPOS="436" VPOS="1334" WIDTH="67" HEIGHT="22" WC="0.96" CONTENT="landet,"/><SP WIDTH="19" VPOS="1334" HPOS="503"/>
							<String ID="string_329" HPOS="522" VPOS="1336" WIDTH="20" HEIGHT="16" WC="0.96" CONTENT="är"/><SP WIDTH="17" VPOS="1336" HPOS="542"/>
							<String ID="string_330" HPOS="559" VPOS="1334" WIDTH="47" HEIGHT="18" WC="0.96" CONTENT="dock"/><SP WIDTH="13" VPOS="1334" HPOS="606"/>
							<String ID="string_331" HPOS="619" VPOS="1335" WIDTH="7" HEIGHT="16" WC="0.96" CONTENT="i"/><SP WIDTH="12" VPOS="1335" HPOS="626"/>
							<String ID="string_332" HPOS="638" VPOS="1334" WIDTH="50" HEIGHT="18" WC="0.96" CONTENT="detta"/><SP WIDTH="18" VPOS="1334" HPOS="688"/>
							<String ID="string_333" HPOS="706" VPOS="1334" WIDTH="35" HEIGHT="17" WC="0.96" CONTENT="fall"/><SP WIDTH="13" VPOS="1334" HPOS="741"/>
							<String ID="string_334" HPOS="754" VPOS="1334" WIDTH="71" HEIGHT="22" WC="0.96" CONTENT="mycket"/><SP WIDTH="12" VPOS="1334" HPOS="825"/>
							<String ID="string_335" HPOS="837" VPOS="1333" WIDTH="55" HEIGHT="23" WC="0.96" CONTENT="öfrigt"/><SP WIDTH="12" VPOS="1333" HPOS="892"/>
							<String ID="string_336" HPOS="904" VPOS="1335" WIDTH="28" HEIGHT="16" WC="0.96" CONTENT="att"/>
						</TextLine>
						<TextLine ID="line_39" HPOS="178" VPOS="1363" WIDTH="754" HEIGHT="23">
							<String ID="string_337" HPOS="178" VPOS="1363" WIDTH="63" HEIGHT="17" WC="0.93" CONTENT="önska."/><SP WIDTH="26" VPOS="1363" HPOS="241"/>
							<String ID="string_338" HPOS="267" VPOS="1363" WIDTH="264" HEIGHT="19" WC="0.90" CONTENT="Provincialläkaredistrikten"/><SP WIDTH="18" VPOS="1363" HPOS="531"/>
							<String ID="string_339" HPOS="549" VPOS="1366" WIDTH="31" HEIGHT="16" WC="0.96" CONTENT="äro"/><SP WIDTH="19" VPOS="1366" HPOS="580"/>
							<String ID="string_340" HPOS="599" VPOS="1366" WIDTH="48" HEIGHT="16" WC="0.96" CONTENT="ännu"/><SP WIDTH="18" VPOS="1366" HPOS="647"/>
							<String ID="string_341" HPOS="665" VPOS="1364" WIDTH="21" HEIGHT="18" WC="0.96" CONTENT="så"/><SP WIDTH="19" VPOS="1364" HPOS="686"/>
							<String ID="string_342" HPOS="705" VPOS="1366" WIDTH="52" HEIGHT="19" WC="0.95" CONTENT="stora,"/><SP WIDTH="20" VPOS="1366" HPOS="757"/>
							<String ID="string_343" HPOS="777" VPOS="1366" WIDTH="27" HEIGHT="15" WC="0.96" CONTENT="att"/><SP WIDTH="12" VPOS="1366" HPOS="804"/>
							<String ID="string_344" HPOS="816" VPOS="1364" WIDTH="31" HEIGHT="17" WC="0.96" CONTENT="vid"/><SP WIDTH="13" VPOS="1364" HPOS="847"/>
							<String ID="string_345" HPOS="860" VPOS="1363" WIDTH="72" HEIGHT="23" WC="0.96" CONTENT="hastiga"/>
						</TextLine>
						<TextLine ID="line_40" HPOS="178" VPOS="1392" WIDTH="754" HEIGHT="24">
							<String ID="string_346" HPOS="178" VPOS="1392" WIDTH="128" HEIGHT="22" WC="0.90" CONTENT="sjukdomsfall"/><SP WIDTH="15" VPOS="1392" HPOS="306"/>
							<String ID="string_347" HPOS="321" VPOS="1394" WIDTH="93" HEIGHT="22" WC="0.62" CONTENT="pationton"/><SP WIDTH="18" VPOS="1394" HPOS="414"/>
							<String ID="string_348" HPOS="432" VPOS="1394" WIDTH="38" HEIGHT="18" WC="0.93" CONTENT="kan"/><SP WIDTH="16" VPOS="1394" HPOS="470"/>
							<String ID="string_349" HPOS="486" VPOS="1394" WIDTH="58" HEIGHT="18" WC="0.93" CONTENT="blifva"/><SP WIDTH="16" VPOS="1394" HPOS="544"/>
							<String ID="string_350" HPOS="560" VPOS="1394" WIDTH="32" HEIGHT="18" WC="0.96" CONTENT="vid"/><SP WIDTH="12" VPOS="1394" HPOS="592"/>
							<String ID="string_351" HPOS="604" VPOS="1394" WIDTH="24" HEIGHT="18" WC="0.66" CONTENT="lif"/><SP WIDTH="11" VPOS="1394" HPOS="628"/>
							<String ID="string_352" HPOS="639" VPOS="1394" WIDTH="45" HEIGHT="18" WC="0.93" CONTENT="eller"/><SP WIDTH="12" VPOS="1394" HPOS="684"/>
							<String ID="string_353" HPOS="696" VPOS="1393" WIDTH="60" HEIGHT="22" WC="0.91" CONTENT="aflida,"/><SP WIDTH="13" VPOS="1393" HPOS="756"/>
							<String ID="string_354" HPOS="769" VPOS="1396" WIDTH="42" HEIGHT="16" WC="0.92" CONTENT="utan"/><SP WIDTH="14" VPOS="1396" HPOS="811"/>
							<String ID="string_355" HPOS="825" VPOS="1395" WIDTH="26" HEIGHT="14" WC="0.96" CONTENT="att"/><SP WIDTH="12" VPOS="1395" HPOS="851"/>
							<String ID="string_356" HPOS="863" VPOS="1393" WIDTH="35" HEIGHT="17" WC="0.96" CONTENT="han"/><SP WIDTH="12" VPOS="1393" HPOS="898"/>
							<String ID="string_357" HPOS="910" VPOS="1394" WIDTH="22" HEIGHT="16" WC="0.96" CONTENT="är"/>
						</TextLine>
						<TextLine ID="line_41" HPOS="178" VPOS="1422" WIDTH="753" HEIGHT="24">
							<String ID="string_358" HPOS="178" VPOS="1422" WIDTH="6" HEIGHT="17" WC="0.96" CONTENT="i"/><SP WIDTH="13" VPOS="1422" HPOS="184"/>
							<String ID="string_359" HPOS="197" VPOS="1422" WIDTH="74" HEIGHT="18" WC="0.96" CONTENT="tillfälle"/><SP WIDTH="18" VPOS="1422" HPOS="271"/>
							<String ID="string_360" HPOS="289" VPOS="1424" WIDTH="28" HEIGHT="16" WC="0.96" CONTENT="att"/><SP WIDTH="18" VPOS="1424" HPOS="317"/>
							<String ID="string_361" HPOS="335" VPOS="1423" WIDTH="18" HEIGHT="17" WC="0.95" CONTENT="få"/><SP WIDTH="19" VPOS="1423" HPOS="353"/>
							<String ID="string_362" HPOS="372" VPOS="1423" WIDTH="56" HEIGHT="23" WC="0.95" CONTENT="hjelp."/><SP WIDTH="25" VPOS="1423" HPOS="428"/>
							<String ID="string_363" HPOS="453" VPOS="1424" WIDTH="93" HEIGHT="18" WC="0.96" CONTENT="Dessutom"/><SP WIDTH="12" VPOS="1424" HPOS="546"/>
							<String ID="string_364" HPOS="558" VPOS="1424" WIDTH="54" HEIGHT="18" WC="0.96" CONTENT="faller"/><SP WIDTH="12" VPOS="1424" HPOS="612"/>
							<String ID="string_365" HPOS="624" VPOS="1424" WIDTH="31" HEIGHT="18" WC="0.96" CONTENT="det"/><SP WIDTH="12" VPOS="1424" HPOS="655"/>
							<String ID="string_366" HPOS="667" VPOS="1424" WIDTH="30" HEIGHT="22" WC="0.96" CONTENT="sig"/><SP WIDTH="12" VPOS="1424" HPOS="697"/>
							<String ID="string_367" HPOS="709" VPOS="1423" WIDTH="27" HEIGHT="18" WC="0.96" CONTENT="för"/><SP WIDTH="13" VPOS="1423" HPOS="736"/>
							<String ID="string_368" HPOS="749" VPOS="1423" WIDTH="34" HEIGHT="18" WC="0.96" CONTENT="den"/><SP WIDTH="12" VPOS="1423" HPOS="783"/>
							<String ID="string_369" HPOS="795" VPOS="1423" WIDTH="57" HEIGHT="23" WC="0.96" CONTENT="långa"/><SP WIDTH="12" VPOS="1423" HPOS="852"/>
							<String ID="string_370" HPOS="864" VPOS="1424" WIDTH="67" HEIGHT="21" WC="0.96" CONTENT="vägens"/>
						</TextLine>
						<TextLine ID="line_42" HPOS="178" VPOS="1452" WIDTH="753" HEIGHT="24">
							<String ID="string_371" HPOS="178" VPOS="1452" WIDTH="50" HEIGHT="18" WC="0.95" CONTENT="skull"/><SP WIDTH="18" VPOS="1452" HPOS="228"/>
							<String ID="string_372" HPOS="246" VPOS="1452" WIDTH="43" HEIGHT="22" WC="0.96" CONTENT="dyrt"/><SP WIDTH="18" VPOS="1452" HPOS="289"/>
							<String ID="string_373" HPOS="307" VPOS="1455" WIDTH="27" HEIGHT="15" WC="0.93" CONTENT="att"/><SP WIDTH="16" VPOS="1455" HPOS="334"/>
							<String ID="string_374" HPOS="350" VPOS="1454" WIDTH="60" HEIGHT="17" WC="0.89" CONTENT="bemta"/><SP WIDTH="19" VPOS="1454" HPOS="410"/>
							<String ID="string_375" HPOS="429" VPOS="1454" WIDTH="63" HEIGHT="17" WC="0.96" CONTENT="läkare"/><SP WIDTH="12" VPOS="1454" HPOS="492"/>
							<String ID="string_376" HPOS="504" VPOS="1454" WIDTH="30" HEIGHT="17" WC="0.96" CONTENT="till"/><SP WIDTH="12" VPOS="1454" HPOS="534"/>
							<String ID="string_377" HPOS="546" VPOS="1454" WIDTH="97" HEIGHT="22" WC="0.96" CONTENT="patienten,"/><SP WIDTH="12" VPOS="1454" HPOS="643"/>
							<String ID="string_378" HPOS="655" VPOS="1454" WIDTH="21" HEIGHT="17" WC="0.96" CONTENT="så"/><SP WIDTH="12" VPOS="1454" HPOS="676"/>
							<String ID="string_379" HPOS="688" VPOS="1456" WIDTH="27" HEIGHT="15" WC="0.96" CONTENT="att"/><SP WIDTH="12" VPOS="1456" HPOS="715"/>
							<String ID="string_380" HPOS="727" VPOS="1454" WIDTH="38" HEIGHT="17" WC="0.96" CONTENT="ofta"/><SP WIDTH="12" VPOS="1454" HPOS="765"/>
							<String ID="string_381" HPOS="777" VPOS="1454" WIDTH="15" HEIGHT="21" WC="0.96" CONTENT="ej"/><SP WIDTH="14" VPOS="1454" HPOS="792"/>
							<String ID="string_382" HPOS="806" VPOS="1458" WIDTH="31" HEIGHT="13" WC="0.96" CONTENT="ens"/><SP WIDTH="12" VPOS="1458" HPOS="837"/>
							<String ID="string_383" HPOS="849" VPOS="1458" WIDTH="22" HEIGHT="12" WC="0.93" CONTENT="en"/><SP WIDTH="12" VPOS="1458" HPOS="871"/>
							<String ID="string_384" HPOS="883" VPOS="1453" WIDTH="48" HEIGHT="18" WC="0.91" CONTENT="hem-"/>
						</TextLine>
					</TextBlock>
				</ComposedBlock>
				<ComposedBlock ID="cblock_3" HPOS="249" VPOS="1489" WIDTH="540" HEIGHT="22">
					<TextBlock ID="block_5" HPOS="249" VPOS="1489" WIDTH="540" HEIGHT="22">
						<TextLine ID="line_43" HPOS="249" VPOS="1489" WIDTH="540" HEIGHT="22">
							<String ID="string_385" HPOS="249" VPOS="1489" WIDTH="107" HEIGHT="21" WC="0.89" CONTENT="Allmänna"/><SP WIDTH="15" VPOS="1489" HPOS="356"/>
							<String ID="string_386" HPOS="371" VPOS="1490" WIDTH="188" HEIGHT="21" WC="0.89" CONTENT="Besvärsutskottets"/><SP WIDTH="15" VPOS="1490" HPOS="559"/>
							<String ID="string_387" HPOS="574" VPOS="1490" WIDTH="117" HEIGHT="20" WC="0.96" CONTENT="betänkande"/><SP WIDTH="15" VPOS="1490" HPOS="691"/>
							<String ID="string_388" HPOS="706" VPOS="1490" WIDTH="37" HEIGHT="20" WC="0.96" CONTENT="N:o"/><SP WIDTH="15" VPOS="1490" HPOS="743"/>
							<String ID="string_389" HPOS="758" VPOS="1491" WIDTH="31" HEIGHT="19" WC="0.96" CONTENT="14."/>
						</TextLine>
					</TextBlock>
				</ComposedBlock>
			</PrintSpace>
		</Page>
	</Layout>
</alto>
