1061 1717
237 98 80 22 Ständ.
333 98 51 22 Pet.
399 110 27 3 —
437 98 168 22 Petitionsbet.
622 98 39 22 N:o
677 98 32 22 31.

374 400 94 22 Finlands
483 400 98 22 Ständers
597 400 152 27 underdäninga
765 400 82 27 petition

305 435 106 28 angäende
434 436 25 21 de
478 435 150 27 finskspräkiga
647 435 200 21 elementarlärover-

305 470 37 21 ken
359 470 4 21 i
380 470 87 22 Joensuu
483 470 37 21 och
537 470 131 27 Björneborg.

114 544 272 29 Stormägtigste,
409 543 259 29 Allernädigste
691 543 140 29 Kejsare

335 578 58 22 och
417 578 197 22 Storfurste.

167 648 65 21 Inom
248 647 96 28 Preste-,
359 647 113 28 Borgare-
482 647 44 22 och
535 647 181 22 Bondeständen
727 647 70 22 hafva
807 647 40 22 vid

99 681 156 22 innevarande
271 681 113 29 landtdag
403 681 127 22 framstälts
545 681 202 29 petitionsförslag
762 681 85 26 derom,

101 718 34 19 att
159 716 106 21 Joensuu
290 716 156 28 fyraklassiga
465 716 172 29 finskspräkiga
657 715 192 22 elementarskola

99 751 72 21 mätte
194 750 110 29 utvidgas
331 751 38 21 till
391 752 35 20 ett
447 751 149 27 fullständigt
621 750 112 21 klassiskt
750 751 97 28 lyceum,

99 785 129 28 hvarjemte
242 785 38 20 till
295 785 113 28 Borgare-
427 785 43 20 och
485 785 182 21 Bondeständen
682 785 108 28 ingifvits
805 785 43 21 för-

99 819 50 28 slag
164 821 35 19 att
213 819 172 28 finskspräkiga
395 819 209 21 elementarskolan
615 819 8 20 i
634 819 146 28 Björneborg
790 819 58 21 lika-

99 853 63 22 ledes
179 853 75 22 blefve
277 853 114 28 utvidgad
410 853 38 21 till
467 855 35 19 ett
520 853 150 28 ättaklassigt
693 853 97 28 lyceum,
813 853 34 22 sä-

99 887 72 22 lunda
194 889 33 20 att
243 889 76 20 staten
341 887 119 28 öfvertoge
476 887 40 21 det
531 887 119 22 derstädes
664 887 123 29 befintliga
802 887 46 29 pri-

99 924 54 19 vata
176 922 77 28 lyceet
275 923 58 20 samt
355 922 129 21 successivt
506 921 59 22 efter
579 921 73 22 behof
664 921 183 29 kompletterade

100 957 126 21 detsamma
247 963 84 22 genom
352 956 134 21 inrättande
507 956 26 21 af
548 956 29 21 de
596 956 145 21 äterstäende
761 958 86 19 tvenne

98 991 83 28 högsta
195 991 125 21 klasserna.

169 1025 46 22 Vid
230 1025 173 29 behandlingen
419 1025 26 21 af
456 1025 178 28 ifrägavarande
649 1025 200 28 petitionsförslag

99 1060 71 21 hafva
183 1060 130 21 Ständerna
322 1060 85 27 funnit,
416 1062 35 19 att
461 1059 157 29 fyraklassiga
628 1059 219 22 elementarskolans

99 1095 8 20 i
123 1095 104 21 Joensuu
249 1095 144 28 utvidgande
415 1094 38 21 till
472 1095 34 20 ett
521 1094 111 21 klassiskt
646 1094 92 28 lyceum
753 1093 42 22 hör
809 1093 38 22 till

99 1129 28 22 de
142 1129 84 28 frågor,
238 1136 37 14 om
285 1129 92 21 hvilkas
386 1128 165 29 berättigande
561 1129 72 28 något
642 1128 143 22 tvifvelsmäl
795 1128 52 21 icke

99 1163 66 22 torde
180 1163 81 22 kunna
275 1163 76 28 hysas.
380 1163 61 21 Hela
454 1163 40 21 det
503 1163 145 21 vidsträckta
660 1170 68 14 norra
737 1163 110 26 Karelen,

98 1197 94 22 hvarest
209 1197 36 22 för
263 1197 144 22 närvarande
430 1197 52 21 icke
505 1197 74 21 finnes
602 1197 73 28 något
697 1197 150 28 fullständigt

98 1232 72 28 högre
186 1232 239 27 elementarläroverk,
441 1235 25 18 är
480 1232 10 21 i
504 1232 37 21 sin
556 1232 58 21 fulla
627 1234 47 19 rätt
685 1234 34 19 att
729 1231 78 22 fordra
818 1238 29 14 en

98 1266 72 29 högre
185 1266 142 28 läroanstalt,
339 1273 48 15 som
398 1266 78 21 kunde
487 1266 171 22 tillfredsställa
668 1267 179 28 befolkningens

99 1301 95 28 andliga
207 1301 74 21 behof
293 1301 44 22 och
351 1301 81 21 arbeta
446 1301 36 21 för
496 1301 152 29 bildningens
663 1301 100 29 höjande
779 1301 8 21 i
797 1301 49 21 lan-

99 1335 51 21 dets
166 1338 61 18 östra
243 1335 44 21 del.
316 1336 36 21 Då
366 1335 28 22 de
411 1336 60 21 enda
486 1336 160 28 fullständiga,
661 1336 37 21 för
705 1336 67 21 dessa
785 1335 62 21 trak-

98 1372 37 18 ter
151 1369 94 23 afsedda
259 1370 79 28 lyceer
353 1374 39 18 äro
407 1370 107 29 förlagda
524 1371 25 21 så
559 1370 103 29 aflägset,
674 1378 48 14 som
733 1371 8 21 i
751 1370 94 29 Kuopio

98 1404 43 21 och
156 1404 104 28 Wiborg,
277 1404 44 22 och
336 1404 29 22 då
380 1404 40 22 det
434 1405 74 21 måste
523 1404 130 29 medgifvas
664 1412 55 14 vara
729 1405 26 21 af
763 1406 84 20 största
