1061 1717
247 101 79 23 Ständ.
343 102 49 22 Pet.
409 115 27 3 —
453 102 165 23 Petitionsbet.
636 104 38 22 N:o
689 104 32 22 27.
817 105 13 20 3

109 172 37 13 ma
161 164 8 21 i
185 164 138 28 åtnjutande
339 166 25 20 af
378 165 45 21 den
446 165 85 21 honom
546 166 8 20 i
569 166 216 29 värnepligtslagen
801 166 62 22 med-

108 198 67 28 gifna
197 198 108 22 befrielse
324 199 56 21 eller
396 199 112 29 eftergift,
526 204 24 17 är
564 200 121 22 nödsakad
701 203 35 19 att
750 200 114 29 personli-

109 240 45 21 gen
171 232 56 22 eller
241 240 83 21 genom
340 233 86 22 ombud
442 234 109 22 framföra
567 234 36 22 sin
614 234 132 29 ansökning
757 235 37 21 till
805 242 58 21 upp-

108 267 166 27 bådsnämden,
298 275 48 14 som
365 268 47 21 kan
428 268 70 22 hafva
514 269 42 21 sitt
571 271 49 19 säte
634 270 31 28 på
680 271 34 19 ett
731 269 94 21 afstånd
840 269 26 21 af

109 302 68 21 tiotal
199 302 41 21 mil
262 302 52 21 från
337 303 45 21 den
397 303 185 29 värnepligtiges
598 303 90 22 hemort
704 304 50 21 dels
770 304 43 21 ock
830 305 35 19 att

110 336 46 22 han
172 337 55 28 sjelf
239 337 47 21 kan
301 337 125 31 uppehålla
442 338 36 28 sig
503 338 56 29 långt
574 338 68 22 borta
657 339 52 21 från
725 339 37 21 sin
773 338 91 22 hemort

109 372 30 28 på
155 372 187 28 arbetsförtjenst
358 372 56 21 eller
430 379 84 14 annars
531 373 26 21 af
568 373 54 28 laga
638 373 52 21 skäl
705 380 56 14 vara
776 372 88 22 förhin-

110 406 57 21 drad
183 408 34 19 att
232 406 89 21 infinna
337 407 36 28 sig
388 406 42 22 hos
446 407 208 28 uppbådsnämden
670 407 43 21 och
724 407 99 21 sålunda
833 407 31 28 på

110 441 76 28 grund
202 441 25 21 af
240 441 118 22 bristande
382 441 107 29 kunskap
513 442 56 21 eller
585 444 71 19 annat
672 442 121 21 förhinder
807 448 57 15 vara

110 476 146 21 urståndsatt
279 478 34 18 att
336 476 91 21 komma
450 476 8 21 i
474 477 138 27 åtnjutande
636 478 26 20 at
682 477 45 21 den
751 475 113 29 eftergift,

110 510 96 21 hvartill
228 511 47 21 han
297 514 30 25 pä
347 511 75 28 grund
439 511 25 21 af
477 511 253 29 tamiljeförhällanden
747 511 56 21 eller
818 511 46 21 för-

109 545 98 22 värfvad
221 545 110 29 bildning
348 545 61 22 varit
424 545 139 29 berättigad.
595 546 137 28 Ständerna,
749 553 49 14 som
811 545 53 21 fun-

109 580 36 21 nit
156 579 28 22 de
199 579 139 22 framhållna
354 579 81 22 skälen
450 580 215 28 behjertansvärda,
677 584 39 17 äro
728 580 71 22 också
809 586 55 15 ense

109 615 54 22 med
177 614 181 29 petitionärerne
376 615 86 28 derom,
479 617 35 19 att
524 615 178 28 ifrågavarande
713 614 151 29 olägenheter

110 649 76 22 skulle
209 651 159 27 förekommas,
392 650 78 21 derest
493 650 159 28 ansökningar
674 657 37 14 om
734 648 130 29 eftergift
854 644 15 38 i

111 686 176 29 värnepligtens
312 685 148 30 fullgörande
486 685 61 28 finge
572 688 68 25 göras
666 689 61 26 ännu
753 685 42 21 hos
818 684 46 21 för-

111 722 88 21 stärkta
215 721 209 29 uppbådsnämden
440 721 41 20 vid
496 720 219 29 uppbådstillfället.

178 757 38 21 På
227 756 78 29 grund
320 757 25 20 af
358 756 62 21 hvad
444 756 70 20 ofvan
530 755 88 21 anförts
634 756 24 20 få
674 755 132 22 Ständerna
821 761 43 14 un-

111 791 135 28 derdånigst
263 791 101 21 anhålla:

315 839 34 21 det
365 839 77 21 täcktes
457 839 83 20 Eders
555 837 160 29 Kejserliga
731 837 135 28 Majestät

249 873 32 21 till
296 873 178 22 nästkommande
491 873 109 28 landtdag,
613 873 45 21 låta
668 873 100 21 utarbeta
782 871 37 22 och
831 871 34 21 till

247 908 136 21 Ständernas
399 908 125 27 antagande
539 907 132 27 öfverlemna
686 907 67 28 nådig
765 905 98 28 proposi-

249 943 50 26 tion,
316 943 111 27 angående
442 943 71 20 sådan
529 942 96 27 iändring
640 942 28 27 af
680 942 29 21 58
723 941 16 28 $
755 942 9 21 i
782 941 83 21 Värne-

245 977 136 28 pligtslagen,
406 979 32 19 att
460 977 124 27 ansökning
604 984 33 13 om
652 976 97 28 eftergift
763 976 8 21 i
786 977 78 20 värne-

244 1012 95 27 pligtens
360 1011 139 28 fullgörande
522 1011 55 27 finge
592 1013 64 19 ännu
674 1011 33 20 vid
723 1009 142 29 wppbådstill-

247 1047 62 26 fället
323 1046 114 21 inlemnas.

179 1097 112 22 Finlands
308 1097 100 21 Ständer
424 1096 133 22 framhärda
574 1101 42 17 etc.

179 1137 148 28 Helsingfors
343 1137 44 21 den
405 1138 25 21 16
446 1137 48 28 Maj
513 1137 60 22 1885.

238 1414 118 22 Helsingfors,
370 1415 16 17 J.
402 1415 65 17 Simelii
480 1416 97 21 arfvingars
590 1415 80 22 tryckeri,
686 1416 48 16 1885.
754 1405 2 2 -
