1061 1717
233 102 28 22 16
405 98 240 25 Petitionsbetänkande
660 100 37 24 N:o
717 100 41 23 17.

203 167 64 23 deraf
280 174 52 16 vore
347 168 7 21 i
370 167 68 22 behof
452 168 54 22 eller
521 168 54 27 icke,
592 170 73 20 ansett
681 167 33 28 sig
728 167 79 22 endast
818 167 6 21 i
835 166 119 22 allmänhet

203 203 53 22 böra
280 204 116 22 hemställa
420 209 34 16 om
479 204 27 21 de
529 203 169 22 vidsträcktaste
715 202 128 22 distriktens
859 202 95 27 delning.

203 240 112 27 Därjemte
333 240 39 21 har
388 240 38 22 det
442 242 60 25 synts
519 240 109 22 utskottet
644 241 40 26 att,
701 240 28 21 då
744 238 210 28 provinsialläkaren

202 276 35 21 till
260 276 93 22 fromma
376 276 34 22 för
432 275 51 23 hela
502 276 125 22 distriktets
645 276 72 22 hälso-
733 276 40 21 och
789 275 104 27 sjukvård
908 274 46 22 helt

202 312 107 27 naturligt
331 312 40 22 bör
393 318 52 16 vara
468 312 74 22 bosatt
557 313 29 26 på
602 318 26 16 en
644 312 34 22 för
694 311 123 22 distriktets
833 310 44 22 alla
892 311 60 21 inne-

201 349 80 21 vånare
299 349 25 21 så
339 348 47 22 vidt
401 348 86 27 möjligt
502 348 43 21 lätt
560 348 125 28 tillgänglig
700 350 42 25 ort,
758 347 40 22 och
815 348 32 21 ett
862 348 91 20 motsatt

201 383 137 23 förhållande
361 390 46 16 mer
426 386 28 19 än
470 390 27 16 en
514 385 56 26 gång
586 383 154 28 öfverklagats,
757 385 33 20 ett
805 383 148 22 ständerutta-

201 420 64 22 lande
282 419 63 23 äfven
362 420 7 21 i
385 420 61 22 detta
462 419 56 28 syfte
533 426 52 16 vore
600 421 29 26 på
646 419 32 22 sin
695 419 64 28 plats.

275 456 63 22 Hvad
354 456 103 27 slutligen
474 455 103 23 beträffar
593 456 135 21 inrättandet
743 455 24 22 af
781 455 133 28 sjukstugor,
929 455 23 21 så

201 492 40 21 har
261 492 111 21 utskottet
387 492 107 27 enhälligt
514 491 86 22 förenat
616 492 34 27 sig
666 498 33 15 om
716 493 34 20 att
765 491 111 27 tillstyrka
890 490 62 22 bifall

200 527 34 22 till
256 527 102 22 anhållan
374 533 35 16 om
426 527 78 28 bidrag
519 528 34 21 för
568 528 93 21 sådanas
677 527 125 22 inrättande
819 527 39 21 och
874 527 78 21 under-

199 563 52 22 håll.
283 563 48 22 Den
346 563 124 28 föreslagna
484 563 358 22 kommunalläkareinstitutionen
858 562 70 22 skulle
946 562 6 21 i

200 599 83 22 sådana
298 599 146 27 inrättningar
458 599 66 22 hafva
539 599 40 22 sitt
593 599 111 27 naturliga
719 599 40 22 och
773 597 107 29 behöfliga
890 598 60 22 kom-

199 635 104 27 plement,
323 635 28 21 då
364 635 26 27 ju
408 641 80 16 annars
504 635 84 22 bristen
603 636 29 26 på
647 635 92 27 lämplig
753 635 60 21 lokal
829 634 34 22 för
878 634 72 27 sjukes

199 671 53 22 vård
269 671 40 22 och
324 671 134 28 behandling
473 672 70 21 måste
559 671 99 22 försvåra
668 671 54 22 eller
732 671 145 27 tillintetgöra
888 670 63 22 äfven

199 707 42 21 den
257 709 58 20 mest
331 707 154 27 omsorgsfulla
495 707 86 22 läkares
591 707 158 22 bemödanden.
775 707 40 21 Att
826 707 56 22 slika
892 707 59 27 sjuk-

197 744 76 26 stugor
296 744 28 26 på
340 743 183 27 ändamålsenligt
538 745 45 20 sätt
599 743 40 22 och
655 745 53 20 utan
724 743 32 21 alt
771 743 35 21 för
821 744 60 21 stora
896 749 53 21 upp-

199 778 104 28 offringar
317 779 75 21 kunna
412 778 33 22 fås
467 779 34 21 till
518 779 71 27 stånd,
604 779 88 22 bevisas
707 779 68 22 också
790 779 24 21 af
827 778 123 23 erfarenhet

198 815 59 21 inom
281 814 82 28 landet,
388 815 6 20 i
418 815 38 22 det
477 815 42 22 den
535 815 122 27 sjukstuga,
674 821 47 16 som
738 815 7 21 i
760 815 94 21 Ruovesi
871 815 78 22 socken

197 850 70 22 finnes
283 851 105 27 inrättad,
404 851 74 22 städse
494 851 57 22 varit
566 851 34 21 väl
616 851 84 22 anlitad
717 851 47 27 och,
781 851 7 21 i
804 853 56 19 trots
876 850 23 22 af
908 851 41 22 den

197 886 50 27 låga
263 885 92 28 afgiften
372 885 39 29 (20
426 887 66 26 penni
508 887 34 21 för
557 887 135 22 sockneboar
707 887 40 22 och
759 886 28 22 25
798 887 66 27 penni
873 887 33 21 för
917 889 33 19 ut-

197 921 136 22 sockneboar
344 929 34 14 om
390 922 87 29 dagen),
489 922 50 22 fullt
550 924 68 20 ersatt
629 923 134 21 kommunen
774 922 132 23 åtminstone
918 922 32 22 för

196 957 172 28 hyressumman.
400 959 118 26 Angående
541 959 168 27 statsbidragets
733 958 79 27 belopp
831 959 40 21 och
886 959 64 22 dessa

196 993 159 28 inrättningars
379 995 149 26 organisation
552 995 7 21 i
584 994 66 28 öfrigt
668 995 41 21 har
724 995 117 26 utskottet,
857 995 8 21 i
881 994 69 22 öfver-

196 1029 167 22 ensstämmelse
379 1030 50 21 med
444 1031 58 20 hvad
517 1031 28 26 på
562 1030 57 22 1883
630 1031 36 20 års
677 1030 136 22 läkaremöte
825 1030 39 21 och
875 1031 73 26 sedan,

195 1065 28 26 på
237 1065 72 27 grund
325 1065 70 27 deref,
412 1066 24 21 af
449 1066 224 27 medicinalstyrelsen
690 1065 131 28 föreslagits,
838 1066 63 21 tänkt
917 1066 33 27 sig

195 1101 34 20 att
253 1102 72 21 staten
349 1101 71 22 skulle
443 1101 91 28 bidraga
555 1102 50 21 med
626 1102 28 22 75
671 1102 62 21 mark
749 1101 34 22 för
798 1102 74 26 hvarje
888 1104 60 25 säng,

196 1136 56 21 dock
268 1136 48 22 icke
332 1136 34 22 för
381 1143 61 16 mera
458 1139 28 20 än
502 1143 37 16 sex
555 1140 79 25 sängar
650 1137 7 22 i
668 1137 75 28 hvarje
755 1137 122 28 sjukstuga,
889 1138 59 21 säväl

194 1178 26 15 en
236 1173 58 26 gäng
309 1171 34 23 för
358 1172 44 22 alla
417 1173 37 22 vid
470 1173 142 28 sjukstugans
628 1173 133 28 inrättande,
773 1179 47 16 som
832 1173 115 22 framdeles

194 1207 6 21 i
219 1207 57 22 form
295 1207 24 23 af
333 1208 66 28 årligt
414 1208 78 28 bidrag
508 1209 33 22 för
557 1209 146 27 underhållet,
719 1210 115 21 hvaremot
849 1209 98 22 kommu-

193 1249 43 16 nen
259 1244 56 27 ägde
340 1250 63 16 svara
424 1245 35 21 för
479 1245 68 27 öfriga
563 1245 97 28 utgifter,
676 1245 80 22 kosten
772 1245 56 22 dock
844 1245 103 26 oräknad,

193 1279 34 21 för
241 1279 89 22 hvilken
346 1280 115 27 patienten
476 1281 56 27 sjelf,
549 1281 131 27 exempelvis
697 1287 79 21 genom
789 1282 34 20 att
833 1281 114 22 medhafva

193 1321 54 21 egen
267 1316 93 26 vägkost
381 1316 53 22 eller
450 1323 77 21 genom
544 1317 220 22 öfverenskommelse
780 1317 52 22 med
848 1317 100 27 sjukskö-

192 1350 97 28 terskan,
305 1350 58 28 finge
379 1352 67 28 draga
462 1352 91 28 försorg.

267 1386 11 22 I
293 1386 61 28 fråga
371 1394 35 15 om
422 1388 135 28 statsbidrag
572 1389 34 22 för
621 1390 61 21 detta
696 1388 102 23 ändamål
811 1389 40 21 har
862 1389 84 20 utskot-

191 1423 40 25 tet,
249 1422 52 22 med
315 1423 85 27 hänsyn
416 1424 35 21 till
468 1425 238 27 stadskommunernas,
723 1424 64 22 äfven
803 1424 27 22 de
846 1423 99 28 minstas,

191 1457 90 21 relativt
295 1457 123 28 betydande
434 1460 117 27 tillgångar
567 1462 33 20 att
616 1460 34 22 för
666 1462 49 26 eget
726 1460 68 22 behof
803 1460 99 22 anskaffa
912 1460 33 27 sig

264 1500 106 20 Allmänna
386 1502 184 20 Besvärsutskottets
586 1502 118 21 betänkande
721 1502 37 20 N:o
773 1503 32 19 14.
