1061 1717
328 88 240 22 Petitionsbetänkande
584 89 40 21 N:o
643 88 19 22 1.
823 89 28 21 69

129 156 13 20 &
165 154 200 28 kulturutveckling
385 154 162 28 otvifvelaktigt
571 156 34 20 stå
628 154 91 22 framom
741 155 26 21 de
791 154 90 27 trakter,

131 196 45 16 som
192 190 59 28 ligga
266 196 51 16 norr
333 196 34 16 om
384 190 62 22 detta
462 192 81 20 vatten.

201 221 18 27 Å
235 226 68 22 andra
319 226 62 22 sidan
397 226 71 22 skulle
483 232 27 16 en
526 226 179 28 bansträckning,
721 232 47 16 som
785 225 48 22 från
844 225 37 27 Jy-

129 262 89 28 väskylä
238 262 78 27 drages
332 262 7 21 i
355 268 26 15 en
402 268 61 16 mera
478 262 67 28 ostlig
560 262 100 27 riktning
675 262 104 28 antingen
795 261 86 22 direkte

130 300 29 25 på
173 298 86 27 Kuopio
282 297 54 23 eller
358 298 34 21 till
416 304 27 16 en
464 298 70 27 punkt
549 299 29 27 på
593 298 105 22 Savolaks
713 298 72 22 banan
801 297 81 22 mellan

131 334 85 28 Kuopio
224 334 40 22 och
273 334 143 28 Haukivuori,
428 334 91 28 erbjuda
530 335 70 21 andra
610 334 101 22 fördelar.
736 334 71 21 Bland
817 334 65 21 dessa

129 372 40 20 har
185 370 57 22 inom
259 370 109 22 utskottet
391 370 105 22 särskildt
519 370 133 22 framhållits
667 370 128 27 betydelsen
811 368 24 22 af
849 370 34 20 att

131 408 59 20 östra
205 406 62 22 delen
283 405 24 23 af
320 406 75 22 landet
418 406 124 28 derigenom
565 406 71 22 skulle
652 406 89 27 bringas
758 405 7 21 i
780 407 101 20 närmare

130 442 126 27 anslutning
271 442 34 21 till
321 443 50 21 dess
386 444 74 20 vestra
476 443 67 22 delar.
575 443 10 21 I
601 443 61 21 detta
685 441 125 22 hänseende
830 447 51 16 vore

130 478 153 27 sträckningen
306 478 234 28 Jyväskylä—Kuopio
565 479 109 21 måhända
698 478 42 21 den
756 477 126 22 ändamålet

130 514 50 22 bäst
194 514 159 22 motsvarande.
383 514 158 22 Förbindelsen
557 514 50 22 med
624 515 41 21 den
682 515 59 20 östra
753 513 128 22 stambanan

130 550 70 22 skulle
215 550 28 21 då
259 551 70 20 måsta
344 550 78 21 tänkas
438 550 40 22 ske
493 550 36 22 vid
545 550 104 22 Joensuu.

199 585 33 22 En
248 586 70 27 tredje
333 585 127 28 sträckning
475 585 50 22 från
541 585 117 28 Jyväskylä
674 585 34 22 till
723 586 72 26 någon
811 584 71 27 punkt

130 622 6 21 i
158 622 104 21 närheten
285 621 24 22 af
329 621 143 28 Haukivuori,
489 622 38 21 der
549 622 41 21 den
610 621 71 22 skulle
697 621 65 22 korsa
778 619 104 23 Savolaks

129 657 71 22 banan
217 657 39 22 och
268 657 67 22 sedan
346 657 102 22 fortsätta
459 657 60 22 öfver
545 657 75 27 Jokkas,
631 657 107 22 Puumala
750 657 39 21 och
800 656 83 21 Imatra

130 693 35 21 till
185 693 108 22 Karelska
315 693 77 28 banan,
408 693 40 22 har
464 694 28 21 de
508 693 72 22 äldsta
595 687 132 28 traditioner
743 692 34 24 för
793 692 34 27 sig
842 691 40 22 och

130 729 39 21 har
184 728 63 22 äfven
262 729 78 21 vunnit
354 729 92 27 kraftigt
461 729 120 22 understöd
597 729 59 21 inom
671 729 116 21 utskottet.

199 764 75 22 Såsom
283 764 64 22 häraf
352 771 70 21 synes,
431 765 65 22 hafva
504 765 84 28 ganska
598 765 47 21 vidt
656 764 71 22 skilda
737 764 81 27 förslag
829 769 54 21 upp-

129 800 63 21 stälts
209 801 39 21 och
264 800 126 22 försvarats.
414 801 77 26 Någon
508 800 83 22 faktisk
608 800 116 27 utredning
741 806 34 15 om
787 799 26 22 de
825 799 58 21 olika

130 836 234 27 bansträckningarnes
388 836 145 27 utförbarhet,
557 835 263 28 anläggningskostnader
843 835 39 20 och

133 872 141 21 ekonomiska
297 871 124 23 företräden
444 871 70 23 finnes
537 872 55 22 dock
614 871 56 27 icke,
686 871 99 22 hvarföre
801 872 32 20 ett
848 870 35 21 val

131 908 92 21 emellan
239 908 112 21 desamma
366 908 48 21 icke
429 908 44 21 kan
489 910 72 25 göras.
593 907 71 22 Jemte
681 908 36 21 det
728 907 110 22 utskottet
849 907 33 20 sä-

131 944 59 21 ledes
206 945 71 20 måste
292 950 52 15 anse
360 945 34 20 att
409 946 32 19 ett
456 943 75 23 förord
547 943 34 22 för
596 943 122 28 petitionen
735 943 48 22 icke
799 942 84 21 nukan

130 980 87 21 komma
233 979 76 28 ifräga,
325 979 69 22 häller
410 980 110 21 utskottet
536 980 37 21 det
588 979 34 22 för
637 979 72 28 gamla
720 978 120 22 önskvärdt
851 979 33 20 att

131 1015 101 22 tekniska
247 1015 40 22 och
303 1015 141 22 ekonomiska
455 1015 190 27 undersökningar
656 1014 138 27 verkställas,
805 1013 34 22 för
850 1015 33 19 att

131 1051 128 27 möjliggöra
283 1052 32 20 ett
337 1051 73 22 beslut
425 1051 7 21 i
448 1051 88 22 hvilken
558 1051 98 27 riktning
672 1049 143 23 omförmälda
830 1055 54 16 sam-

130 1086 224 28 manbindningsbana
369 1087 139 28 lämpligaste
525 1087 66 22 borde
608 1087 84 27 dragas.

202 1122 83 23 Genom
309 1122 116 22 utförande
448 1122 24 22 af
493 1123 72 21 banan
589 1122 48 21 från
652 1121 105 28 Kaipiais,
773 1120 111 22 eventuelt

130 1158 105 27 Kouvola,
251 1158 35 21 till
308 1158 86 27 Kuopio
417 1159 88 21 komma
521 1158 44 21 alla
580 1158 26 21 de
623 1157 60 22 delar
698 1157 23 22 af
735 1157 82 26 landet,
836 1161 47 16 som

130 1193 59 28 ligga
204 1193 92 22 emellan
313 1193 72 22 Saima
396 1194 40 21 och
446 1194 114 27 Päijänne,
569 1193 158 28 jemförelsevis
738 1192 83 28 ganska
831 1193 53 19 nära

128 1229 97 28 jernväg.
256 1229 43 22 Vid
322 1230 79 21 sädant
423 1229 138 22 förhällande
585 1229 39 22 och
640 1229 28 22 dä
683 1235 65 15 norra
763 1228 40 21 och
819 1227 65 21 nord-

131 1267 72 20 vestra
218 1265 92 22 Finland
327 1266 6 21 i
349 1266 44 21 alla
403 1266 118 21 händelser
531 1266 40 21 har
593 1263 234 30 jernvägsförbindelse
839 1264 46 20 mot

132 1303 65 26 öster,
214 1308 35 15 om
266 1302 40 21 ock
323 1302 60 22 detta
399 1302 51 21 sker
465 1302 29 26 pä
510 1302 72 26 någon
598 1303 85 25 omväg,
699 1301 70 21 måste
785 1298 99 22 utföran-

132 1338 38 22 det
192 1337 24 22 af
238 1338 41 22 den
303 1344 79 22 genare
413 1336 290 28 sammanbindningsbanan
726 1332 78 25 ställas
828 1334 56 22 efter

132 1374 67 21 andra
212 1372 262 30 jernvägssträckningar,
486 1373 75 22 hvilka
571 1374 87 21 komma
670 1374 34 20 att
713 1372 88 27 betjena
811 1370 74 22 lands-

132 1409 67 28 delar,
215 1416 46 15 som
277 1410 46 22 helt
339 1410 39 22 och
394 1410 69 22 hället
474 1410 70 21 sakna
555 1408 135 23 förbättrade
701 1405 184 24 kommunikatio-

130 1451 39 16 ner
184 1446 40 21 och
237 1445 236 27 jernvägsförbindelse
490 1445 50 21 med
556 1445 38 21 det
609 1444 71 27 öfriga
695 1444 84 21 landet.

207 1488 195 25 Jernvägsutskottets
418 1487 118 20 betänkande
551 1485 39 27 N:o
606 1488 18 18 3.
