1061 1717
245 119 14 20 2

220 175 59 28 lelse,
295 174 111 23 äfvensom
420 176 94 20 rörande
529 175 58 22 hvad
602 175 60 22 Hans
679 175 120 28 Kejserliga
813 175 101 28 Majestät
925 175 7 21 i
943 175 31 21 öf-

221 211 42 27 rigt
286 210 33 21 till
333 209 55 28 följd
410 209 24 21 af
454 209 194 27 förhandlingarna
670 210 13 21 å
705 209 144 28 nyssberörda
870 209 104 27 landtdag

221 244 72 22 täckts
309 244 108 26 förordna,
434 245 88 20 stannat
536 244 7 20 i
558 243 96 28 följande
670 244 79 22 beslut:

576 302 46 26 81.

289 348 61 21 Hans
365 347 120 28 Kejserliga
500 347 113 28 Majestäts
636 348 79 26 nädiga
737 348 135 27 proposition
892 354 34 14 om
942 347 30 21 af-

219 382 114 22 skaffande
355 382 24 22 af
400 382 93 27 koppar-
509 381 40 22 och
567 382 143 22 tennafraden
725 384 56 19 samt
797 388 72 15 annan
885 382 87 21 dermed

219 417 96 22 likartad
338 416 188 28 skattskyldighet,
549 416 63 21 hafve
629 416 33 21 Wi
677 416 84 27 antagit
783 417 49 21 med
852 417 67 21 sädan
934 417 38 20 än-

218 452 71 27 dring,
306 451 50 21 Wär
370 451 7 20 i
393 452 73 19 ämnet
480 450 81 22 aflätna
577 451 148 27 underdäniga
740 450 111 23 skrifvelse
867 451 23 21 af
903 451 41 21 den
959 451 13 20 4

220 486 109 21 nästlidne
345 485 57 22 Mars
419 485 126 22 innehäller.

573 545 11 23 $
599 543 19 21 2.

289 589 72 22 Sedan
384 589 60 21 Hans
467 589 124 27 Kejserliga
612 588 123 28 Majestät
731 584 12 37 i
752 588 64 27 nådig
839 588 131 27 proposition

218 623 34 22 till
275 630 35 15 oss
333 623 141 22 öfverlemnat
497 626 33 19 att
553 623 75 21 bifalla
646 623 33 20 till
694 623 125 21 inrättande
834 622 25 22 af
872 629 25 14 en
913 625 57 24 post-

218 657 111 28 sparbank
345 659 69 20 under
430 660 82 19 statens
527 657 85 28 garanti
628 657 40 21 och
683 657 138 28 förvaltning,
837 657 65 22 hafva
918 657 54 21 Wii

217 692 136 27 underdänig
377 691 111 22 skrifvelse
511 691 24 22 af
549 693 41 20 den
608 692 24 21 11
648 691 99 21 sistlidne
763 691 57 22 Mars
835 691 88 26 anmält,
939 693 33 19 att

219 727 40 26 Wi,
276 727 69 21 under
360 726 107 22 förbehåll
482 727 59 21 såväl
557 728 32 19 att
605 733 98 14 summan
719 725 24 22 af
755 726 173 27 insättningarne
943 727 29 26 på

218 768 27 14 en
262 761 166 27 sparbanksbok
443 762 69 19 under
528 761 46 20 året
589 761 47 20 icke
651 760 33 21 får
700 760 117 27 öfverstiga
834 761 54 22 1000
904 760 66 25 mark,

217 801 47 15 som
287 795 39 21 ock
346 797 31 19 att
397 795 33 21 till
446 795 74 28 hvarje
542 795 104 27 landtdag
662 801 26 15 en
705 795 91 21 relation
812 801 35 15 om
862 797 109 25 postspar-

217 829 98 22 bankens
331 829 98 22 tillstånd
445 830 39 21 och
501 829 135 22 verksamhet
652 829 96 27 afgifves,
764 829 97 27 godkänt
877 830 41 21 den
934 830 36 20 nå-

217 863 52 28 diga
284 864 169 27 propositionen.

572 922 45 25 83.

287 966 37 21 Ett
341 966 23 21 af
378 967 60 20 Hans
454 966 119 28 Kejserliga
588 967 101 27 Majestät
710 967 31 20 uti
757 966 66 27 nädig
837 966 134 28 proposition

217 1000 33 21 till
267 1000 50 21 Wär
342 1000 100 27 pröfning
466 1001 155 21 öfverlemnadt
644 1001 81 27 förslag
740 1001 33 20 till
788 1000 130 27 förordning,
936 1007 36 14 an-

216 1035 85 26 gäende
317 1035 95 26 eftergift
428 1035 6 20 i
450 1035 160 27 värnepligtens
630 1035 136 27 fullgörande
782 1035 34 20 för
830 1035 68 21 finske
914 1036 58 20 med-

216 1068 99 27 borgare,
329 1069 75 20 hvilka
426 1069 82 21 inträdt
524 1069 6 20 i
546 1069 50 27 rysk
611 1069 132 28 krigstjenst,
759 1069 64 21 hafva
839 1069 33 21 Wi
887 1069 84 26 antagit

216 1104 51 20 med
290 1104 66 26 nägra
379 1103 124 27 ändringar,
526 1103 73 22 hvilka
621 1103 71 22 finnas
714 1103 134 28 upptagna
841 1099 16 37 i
865 1103 49 21 Wär
930 1104 41 21 den

216 1139 29 20 20
260 1137 98 22 sistlidne
374 1138 58 21 Mars
448 1138 32 21 till
496 1138 60 21 Hans
571 1138 120 28 Kejserliga
706 1138 101 27 Majestät
829 1137 81 22 aflätna
932 1145 38 14 un-

216 1172 120 27 derdäniga
351 1171 111 22 skrifvelse
478 1173 7 20 i
500 1173 79 20 ämnet.

572 1230 11 27 $
599 1231 19 19 4.

286 1275 61 21 Efter
370 1276 36 20 det
431 1275 33 21 Wi
480 1275 23 21 af
516 1275 60 21 Hans
593 1275 119 27 Kejserliga
728 1275 105 27 Majestät
849 1275 40 21 fått
904 1278 67 18 emot-

216 1311 53 25 taga
290 1310 64 26 nädig
378 1310 142 27 proposition,
539 1311 112 26 angäende
671 1310 118 27 ändringar
805 1310 24 20 af
842 1310 40 20 och
896 1310 76 27 tillägg

217 1343 33 21 till
273 1344 107 20 särskilda
402 1345 136 26 stadganden
561 1345 6 20 i
590 1344 205 27 värnepligtslagen,
812 1344 64 21 hafva
892 1344 33 20 Wi
940 1344 32 20 uti

216 1378 137 26 underdänig
376 1378 111 21 skrifvelse
510 1378 24 21 af
554 1379 41 20 den
615 1379 24 20 31
658 1378 137 20 sistförvikne
811 1378 58 20 Mars
884 1378 87 26 anmält,

216 1412 33 20 att
266 1412 41 20 den
324 1412 79 27 nädiga
419 1412 162 28 propositionen
598 1412 18 28 ej
633 1412 84 22 kunnat
733 1412 132 22 oförändrad
876 1411 95 28 godkän-
