1061 1717
219 102 26 20 10

187 158 59 22 lösen
263 158 24 22 af
300 158 196 28 donationsgodsen
513 159 7 21 i
536 158 100 28 Wiborgs
652 159 39 21 och
706 159 31 21 S:t
753 158 88 22 Michels
857 158 42 26 län,
910 158 31 22 fö-

188 192 93 28 reslagit,
305 192 65 22 hafva
391 192 33 21 Wi
447 193 84 27 antagit
547 195 31 19 ett
593 194 69 20 under
677 193 34 27 sju
726 193 107 21 särskilda
848 194 94 20 moment

188 226 101 22 affattadt
311 226 82 28 förslag
415 226 31 22 till
470 226 131 22 förändrade
623 227 193 27 betalningsvilkor
832 227 33 21 för
880 227 60 21 land-

188 262 80 20 boarne
284 262 13 20 å
312 262 203 26 donationsgodsen,
532 261 92 22 hvarom
640 261 33 21 Wi
688 262 32 20 uti
735 262 112 21 skrifvelse
863 262 23 21 af
899 262 41 20 den

188 297 25 20 21
230 296 148 22 innevarande
393 296 42 27 Maj
452 296 40 20 hos
507 296 60 21 Hans
583 296 101 27 Majestät
698 296 7 20 i
721 296 172 27 underdånighet
903 302 39 14 an-

191 330 59 26 mält,
264 330 66 28 jemte
347 331 35 21 det
398 330 34 21 Wi
446 330 70 21 tillika
537 330 79 21 uttalat
632 337 26 14 en
670 330 134 27 underdånig
815 330 82 21 önskan
908 336 34 15 om

189 364 102 22 bildande
307 364 24 22 af
344 364 237 28 samfällighetsskogar
596 372 13 14 å
624 366 68 26 sagda
706 366 60 26 gods.

538 425 11 23 s
565 423 33 21 22.

258 467 71 22 Sedan
346 468 32 21 Wi
394 468 24 21 af
431 469 60 20 Hans
507 468 119 28 Kejserliga
646 468 101 27 Majestät
769 468 42 21 fätt
833 470 108 25 emottaga

189 502 64 27 nådig
269 503 133 26 proposition
418 510 35 14 om
469 504 123 26 antagande
608 503 32 21 af:
658 505 32 19 1:o
706 503 80 21 allmän
802 502 97 27 strafflag
908 501 35 22 för

191 536 205 22 Storfurstendömet
412 537 104 26 Finland;
536 538 35 20 2:o
588 537 126 27 förordning
730 544 34 14 om
780 536 161 28 verkställighet

190 571 23 20 af
226 571 63 21 straff
303 574 55 18 samt
373 571 34 21 3:o
423 571 126 28 förordning
565 579 35 13 om
609 571 114 22 införande
733 571 25 22 af
767 571 124 27 strafflagen
902 570 39 21 och

189 605 57 21 hvad
261 605 7 21 i
283 605 101 22 afseende
401 606 51 21 derä
468 605 56 22 skall
545 606 116 27 iakttagas,
677 606 66 21 hafva
759 606 38 24 Wi,
814 607 53 20 enär
882 605 60 20 Wärt

189 639 138 27 Lagutskott,
347 639 32 21 till
394 639 65 22 hvars
482 640 166 21 förberedande:
660 640 131 27 behandling
807 641 42 20 den
865 639 77 27 nådiga

190 673 162 28 propositionen
372 673 24 22 af
410 674 39 21 Oss
472 674 158 26 öfverlemnats,
646 675 32 20 till
694 674 54 28 följd
763 674 24 21 af
800 675 83 20 ämnets
898 681 44 14 om-

189 708 94 27 fattning
299 708 40 21 och
354 709 91 21 emedan
462 709 40 21 deu
515 709 79 26 nädiga
604 709 163 27 propositionen
778 708 91 21 kommit
879 708 62 21 Stän-

190 743 67 20 derna
279 742 108 22 tillhanda
408 743 54 21 först
484 744 69 20 under
575 743 144 27 landtdagens
741 749 76 15 senare
838 742 60 26 hälft,
914 743 29 20 dä

190 777 107 26 mängden
312 777 25 21 af
350 777 68 27 öfriga
433 777 33 21 till
484 777 83 27 slutligt
589 777 118 27 afgörande
731 777 94 21 beredda
847 777 94 20 ärenden

189 811 63 22 äfven
275 811 97 27 påkallat
392 813 47 20 täta
454 813 176 20 sammanträden
645 811 25 22 af
683 811 102 26 Stånden,
801 811 48 21 icke
865 810 75 22 hunnit

190 846 69 20 under
275 853 29 13 nu
319 845 175 28 tilländagående
517 846 151 21 Ständermöte
691 845 92 28 fullgöra
801 844 140 23 omförmälda

191 880 105 27 uppdrag,
312 880 7 20 i
335 880 136 27 underdånig
486 880 110 21 skrifvelse
612 880 24 21 af
649 881 41 20 den
704 881 27 20 21
743 880 146 21 innevarande
900 879 42 26 Maj

190 913 89 26 anmält,
303 916 32 19 att
359 913 33 22 Wi
413 914 24 21 af
450 914 158 22 ofvananförda
630 914 87 21 orsaker
739 915 48 20 icke
810 914 55 21 varit
879 913 7 21 i
902 913 41 21 till-

190 947 51 22 fälle
257 950 32 19 att
304 948 36 21 vid
355 949 72 20 denna
449 949 105 26 landtdag
569 949 91 21 slutföra
674 948 163 28 granskningen
852 947 25 22 af
888 947 56 22 före-

190 983 96 20 nämnda
300 982 124 27 lagförslag,
440 985 56 19 samt
512 983 70 21 tillika
597 983 92 21 anhållit
704 985 32 19 att
752 984 111 20 desamma
877 983 66 20 måtte

191 1017 67 20 varda
281 1016 85 22 landets
387 1017 91 21 härnäst
501 1018 204 21 sammanträdande
728 1017 92 22 Ständer
841 1017 55 27 ånyo
910 1016 33 21 till

192 1051 131 27 behandling
339 1051 116 27 förelagda.

540 1111 11 23 $
567 1110 34 20 23.

259 1153 10 20 I
285 1153 118 28 anledning
414 1153 24 22 af
446 1154 41 21 Oss
496 1153 97 28 förelagd
603 1155 65 26 nådig
679 1154 140 28 proposition,
831 1155 112 26 angående

189 1187 77 27 anslag
288 1187 33 21 till
344 1187 171 22 underhållande
533 1188 24 21 af
571 1189 41 21 den
628 1189 49 21 utaf
689 1189 115 21 framlidne
820 1189 120 21 Statsrådet

190 1221 92 22 Fredrik
297 1221 112 28 Cygnaeus
425 1222 33 21 till
474 1222 105 21 Finlands
589 1223 45 21 folk
642 1224 144 20 testamerade
794 1223 66 21 villan
868 1223 38 20 N:o
917 1223 25 21 17

191 1256 32 21 uti
237 1256 171 27 Brunnsparken
431 1257 60 21 invid
515 1257 133 27 Helsingfors
671 1258 54 25 stad,
739 1258 68 27 jemte
823 1258 38 20 der
875 1257 69 22 förva-

193 1291 50 21 rade
267 1290 126 26 konstalter,
418 1291 65 21 hafva
506 1291 33 21 Wi
562 1292 31 20 uti
616 1292 33 21 till
664 1292 60 21 Hans
742 1292 120 27 Kejserliga
878 1292 65 27 Maje-

191 1326 43 20 stät
250 1325 43 21 den
309 1326 25 20 21
351 1325 147 22 innevarande
521 1326 42 28 Maj
587 1326 80 21 aflåten
683 1326 135 27 underdånig
833 1326 111 21 skrifvelse

190 1359 91 25 anmält,
297 1362 32 18 att
346 1359 32 21 Wi
396 1360 97 26 godkänt
512 1362 162 26 emottagandet
689 1361 24 21 af
727 1360 156 22 ofvanberörda
897 1360 49 21 utaf

265 1394 6 5 å
341 1394 3 6 ;
375 1395 104 12 NEN
530 1395 57 11 dan
608 1402 7 2 ds
637 1395 44 9 LAI
698 1398 50 6 kka
807 1395 58 12 LAN
909 1394 28 8 VITA

192 1394 121 21 Statsrådet
329 1393 113 28 Cygnacus
464 1394 32 21 till
512 1395 104 21 Finlands
637 1406 45 11 fvlk
698 1404 181 12 testameuierade
896 1403 48 13 villa
