<?xml version="1.0" encoding="UTF-8"?>
<alto xmlns="http://www.loc.gov/standards/alto/ns-v3#" xmlns:xlink="http://www.w3.org/1999/xlink" xmlns:xsi="http://www.w3.org/2001/XMLSchema-instance" xsi:schemaLocation="http://www.loc.gov/standards/alto/ns-v3# http://www.loc.gov/alto/v3/alto-3-0.xsd">
	<Description>
		<MeasurementUnit>pixel</MeasurementUnit>
		<sourceImageInformation>
			<fileName>/tmp/tess_r7qd0yms_input.PNG</fileName>
		</sourceImageInformation>
		<OCRProcessing ID="OCR_0">
			<ocrProcessingStep>
				<processingSoftware>
					<softwareName>tesseract 5.3.4</softwareName>
				</processingSoftware>
			</ocrProcessingStep>
		</OCRProcessing>
	</Description>
	<Layout>
		<Page WIDTH="1061" HEIGHT="1717" PHYSICAL_IMG_NR="0" ID="page_0">
			<PrintSpace HPOS="0" VPOS="0" WIDTH="1061" HEIGHT="1717">
				<GraphicalElement ID="cblock_0" HPOS="0" VPOS="26" WIDTH="5" HEIGHT="465"></GraphicalElement >
				<GraphicalElement ID="cblock_1" HPOS="0" VPOS="784" WIDTH="7" HEIGHT="906"></GraphicalElement >
				<ComposedBlock ID="cblock_2" HPOS="229" VPOS="78" WIDTH="574" HEIGHT="30">
					<TextBlock ID="block_0" HPOS="229" VPOS="78" WIDTH="574" HEIGHT="30">
						<TextLine ID="line_0" HPOS="229" VPOS="78" WIDTH="574" HEIGHT="30">
							<String ID="string_0" HPOS="229" VPOS="86" WIDTH="14" HEIGHT="21" WC="0.96" CONTENT="2"/><SP WIDTH="165" VPOS="86" HPOS="243"/>
							<String ID="string_1" HPOS="408" VPOS="79" WIDTH="240" HEIGHT="29" WC="0.91" CONTENT="Petitionsbetänkande"/><SP WIDTH="15" VPOS="79" HPOS="648"/>
							<String ID="string_2" HPOS="663" VPOS="81" WIDTH="40" HEIGHT="27" WC="0.96" CONTENT="N:o"/><SP WIDTH="13" VPOS="81" HPOS="703"/>
							<String ID="string_3" HPOS="716" VPOS="78" WIDTH="54" HEIGHT="29" WC="0.62" CONTENT="28."/>
						</TextLine>
					</TextBlock>
				</ComposedBlock>
				<ComposedBlock ID="cblock_3" HPOS="197" VPOS="148" WIDTH="751" HEIGHT="289">
					<TextBlock ID="block_1" HPOS="197" VPOS="148" WIDTH="751" HEIGHT="212">
						<TextLine ID="line_1" HPOS="197" VPOS="148" WIDTH="749" HEIGHT="30">
							<String ID="string_4" HPOS="197" VPOS="152" WIDTH="108" HEIGHT="22" WC="0.92" CONTENT="mosaiske"/><SP WIDTH="23" VPOS="152" HPOS="305"/>
							<String ID="string_5" HPOS="328" VPOS="152" WIDTH="211" HEIGHT="22" WC="0.88" CONTENT="trosbekännarenes"/><SP WIDTH="25" VPOS="152" HPOS="539"/>
							<String ID="string_6" HPOS="564" VPOS="152" WIDTH="6" HEIGHT="22" WC="0.91" CONTENT="i"/><SP WIDTH="23" VPOS="152" HPOS="570"/>
							<String ID="string_7" HPOS="593" VPOS="154" WIDTH="48" HEIGHT="20" WC="0.96" CONTENT="vårt"/><SP WIDTH="18" VPOS="154" HPOS="641"/>
							<String ID="string_8" HPOS="659" VPOS="152" WIDTH="51" HEIGHT="22" WC="0.93" CONTENT="land"/><SP WIDTH="17" VPOS="152" HPOS="710"/>
							<String ID="string_9" HPOS="727" VPOS="150" WIDTH="101" HEIGHT="28" WC="0.96" CONTENT="rättsliga"/><SP WIDTH="16" VPOS="150" HPOS="828"/>
							<String ID="string_10" HPOS="844" VPOS="148" WIDTH="102" HEIGHT="27" WC="0.96" CONTENT="ställning"/>
						</TextLine>
						<TextLine ID="line_2" HPOS="197" VPOS="185" WIDTH="751" HEIGHT="31">
							<String ID="string_11" HPOS="197" VPOS="188" WIDTH="79" HEIGHT="22" WC="0.96" CONTENT="hinner"/><SP WIDTH="15" VPOS="188" HPOS="276"/>
							<String ID="string_12" HPOS="291" VPOS="189" WIDTH="85" HEIGHT="27" WC="0.93" CONTENT="ordnas,"/><SP WIDTH="16" VPOS="189" HPOS="376"/>
							<String ID="string_13" HPOS="392" VPOS="189" WIDTH="81" HEIGHT="22" WC="0.96" CONTENT="bereda"/><SP WIDTH="16" VPOS="189" HPOS="473"/>
							<String ID="string_14" HPOS="489" VPOS="190" WIDTH="27" HEIGHT="20" WC="0.93" CONTENT="de"/><SP WIDTH="13" VPOS="190" HPOS="516"/>
							<String ID="string_15" HPOS="529" VPOS="189" WIDTH="72" HEIGHT="27" WC="0.96" CONTENT="judar,"/><SP WIDTH="24" VPOS="189" HPOS="601"/>
							<String ID="string_16" HPOS="625" VPOS="195" WIDTH="46" HEIGHT="15" WC="0.93" CONTENT="som"/><SP WIDTH="25" VPOS="195" HPOS="671"/>
							<String ID="string_17" HPOS="696" VPOS="187" WIDTH="103" HEIGHT="22" WC="0.79" CONTENT="hitintills"/><SP WIDTH="25" VPOS="187" HPOS="799"/>
							<String ID="string_18" HPOS="824" VPOS="185" WIDTH="124" HEIGHT="28" WC="0.67" CONTENT="medgitvits"/>
						</TextLine>
						<TextLine ID="line_3" HPOS="197" VPOS="222" WIDTH="750" HEIGHT="30">
							<String ID="string_19" HPOS="197" VPOS="226" WIDTH="45" HEIGHT="20" WC="0.95" CONTENT="rätt"/><SP WIDTH="16" VPOS="226" HPOS="242"/>
							<String ID="string_20" HPOS="258" VPOS="226" WIDTH="33" HEIGHT="20" WC="0.93" CONTENT="att"/><SP WIDTH="15" VPOS="226" HPOS="291"/>
							<String ID="string_21" HPOS="306" VPOS="225" WIDTH="87" HEIGHT="21" WC="0.92" CONTENT="bosätta"/><SP WIDTH="15" VPOS="225" HPOS="393"/>
							<String ID="string_22" HPOS="408" VPOS="226" WIDTH="34" HEIGHT="26" WC="0.96" CONTENT="sig"/><SP WIDTH="16" VPOS="226" HPOS="442"/>
							<String ID="string_23" HPOS="458" VPOS="226" WIDTH="7" HEIGHT="20" WC="0.96" CONTENT="i"/><SP WIDTH="16" VPOS="226" HPOS="465"/>
							<String ID="string_24" HPOS="481" VPOS="226" WIDTH="81" HEIGHT="26" WC="0.93" CONTENT="landet,"/><SP WIDTH="17" VPOS="226" HPOS="562"/>
							<String ID="string_25" HPOS="579" VPOS="224" WIDTH="87" HEIGHT="22" WC="0.89" CONTENT="tillfälle"/><SP WIDTH="16" VPOS="224" HPOS="666"/>
							<String ID="string_26" HPOS="682" VPOS="226" WIDTH="34" HEIGHT="20" WC="0.93" CONTENT="att"/><SP WIDTH="11" VPOS="226" HPOS="716"/>
							<String ID="string_27" HPOS="727" VPOS="223" WIDTH="134" HEIGHT="22" WC="0.93" CONTENT="fortfarande"/><SP WIDTH="12" VPOS="223" HPOS="861"/>
							<String ID="string_28" HPOS="873" VPOS="222" WIDTH="74" HEIGHT="21" WC="0.88" CONTENT="utöfva"/>
						</TextLine>
						<TextLine ID="line_4" HPOS="197" VPOS="258" WIDTH="751" HEIGHT="30">
							<String ID="string_29" HPOS="197" VPOS="261" WIDTH="80" HEIGHT="21" WC="0.95" CONTENT="handel"/><SP WIDTH="16" VPOS="261" HPOS="277"/>
							<String ID="string_30" HPOS="293" VPOS="261" WIDTH="49" HEIGHT="22" WC="0.93" CONTENT="med"/><SP WIDTH="15" VPOS="261" HPOS="342"/>
							<String ID="string_31" HPOS="357" VPOS="261" WIDTH="117" HEIGHT="27" WC="0.92" CONTENT="smäkram,"/><SP WIDTH="16" VPOS="261" HPOS="474"/>
							<String ID="string_32" HPOS="490" VPOS="260" WIDTH="86" HEIGHT="28" WC="0.91" CONTENT="aflagda"/><SP WIDTH="16" VPOS="260" HPOS="576"/>
							<String ID="string_33" HPOS="592" VPOS="260" WIDTH="76" HEIGHT="22" WC="0.92" CONTENT="kläder"/><SP WIDTH="15" VPOS="260" HPOS="668"/>
							<String ID="string_34" HPOS="683" VPOS="266" WIDTH="28" HEIGHT="15" WC="0.96" CONTENT="m."/><SP WIDTH="18" VPOS="266" HPOS="711"/>
							<String ID="string_35" HPOS="729" VPOS="266" WIDTH="28" HEIGHT="14" WC="0.93" CONTENT="m."/><SP WIDTH="20" VPOS="266" HPOS="757"/>
							<String ID="string_36" HPOS="777" VPOS="259" WIDTH="77" HEIGHT="27" WC="0.91" CONTENT="dylikt,"/><SP WIDTH="19" VPOS="259" HPOS="854"/>
							<String ID="string_37" HPOS="873" VPOS="259" WIDTH="24" HEIGHT="20" WC="0.96" CONTENT="sä"/><SP WIDTH="19" VPOS="259" HPOS="897"/>
							<String ID="string_38" HPOS="916" VPOS="258" WIDTH="32" HEIGHT="20" WC="0.96" CONTENT="att"/>
						</TextLine>
						<TextLine ID="line_5" HPOS="198" VPOS="293" WIDTH="750" HEIGHT="31">
							<String ID="string_39" HPOS="198" VPOS="297" WIDTH="65" HEIGHT="21" WC="0.91" CONTENT="dessa"/><SP WIDTH="15" VPOS="297" HPOS="263"/>
							<String ID="string_40" HPOS="278" VPOS="303" WIDTH="103" HEIGHT="21" WC="0.92" CONTENT="personer"/><SP WIDTH="15" VPOS="303" HPOS="381"/>
							<String ID="string_41" HPOS="396" VPOS="298" WIDTH="19" HEIGHT="26" WC="0.92" CONTENT="ej"/><SP WIDTH="17" VPOS="298" HPOS="415"/>
							<String ID="string_42" HPOS="432" VPOS="298" WIDTH="37" HEIGHT="20" WC="0.93" CONTENT="mä"/><SP WIDTH="15" VPOS="298" HPOS="469"/>
							<String ID="string_43" HPOS="484" VPOS="297" WIDTH="83" HEIGHT="27" WC="0.92" CONTENT="nödgas"/><SP WIDTH="17" VPOS="297" HPOS="567"/>
							<String ID="string_44" HPOS="584" VPOS="296" WIDTH="7" HEIGHT="21" WC="0.93" CONTENT="i"/><SP WIDTH="23" VPOS="296" HPOS="591"/>
							<String ID="string_45" HPOS="614" VPOS="296" WIDTH="56" HEIGHT="22" WC="0.92" CONTENT="brist"/><SP WIDTH="26" VPOS="296" HPOS="670"/>
							<String ID="string_46" HPOS="696" VPOS="297" WIDTH="28" HEIGHT="25" WC="0.93" CONTENT="pä"/><SP WIDTH="23" VPOS="297" HPOS="724"/>
							<String ID="string_47" HPOS="747" VPOS="294" WIDTH="87" HEIGHT="22" WC="0.93" CONTENT="tillfälle"/><SP WIDTH="24" VPOS="294" HPOS="834"/>
							<String ID="string_48" HPOS="858" VPOS="295" WIDTH="32" HEIGHT="20" WC="0.93" CONTENT="att"/><SP WIDTH="16" VPOS="295" HPOS="890"/>
							<String ID="string_49" HPOS="906" VPOS="293" WIDTH="42" HEIGHT="21" WC="0.93" CONTENT="för-"/>
						</TextLine>
						<TextLine ID="line_6" HPOS="198" VPOS="332" WIDTH="456" HEIGHT="28">
							<String ID="string_50" HPOS="198" VPOS="333" WIDTH="58" HEIGHT="27" WC="0.95" CONTENT="sörja"/><SP WIDTH="16" VPOS="333" HPOS="256"/>
							<String ID="string_51" HPOS="272" VPOS="332" WIDTH="33" HEIGHT="28" WC="0.93" CONTENT="sig"/><SP WIDTH="16" VPOS="332" HPOS="305"/>
							<String ID="string_52" HPOS="321" VPOS="333" WIDTH="134" HEIGHT="21" WC="0.96" CONTENT="omedelbart"/><SP WIDTH="16" VPOS="333" HPOS="455"/>
							<String ID="string_53" HPOS="471" VPOS="333" WIDTH="72" HEIGHT="21" WC="0.93" CONTENT="lemna"/><SP WIDTH="15" VPOS="333" HPOS="543"/>
							<String ID="string_54" HPOS="558" VPOS="332" WIDTH="96" HEIGHT="22" WC="0.65" CONTENT="landet.&#39;*"/>
						</TextLine>
					</TextBlock>
					<TextBlock ID="block_2" HPOS="197" VPOS="366" WIDTH="751" HEIGHT="60">
						<TextLine ID="line_7" HPOS="272" VPOS="366" WIDTH="676" HEIGHT="30">
							<String ID="string_55" HPOS="272" VPOS="368" WIDTH="158" HEIGHT="22" WC="0.86" CONTENT="Bondeståndet"/><SP WIDTH="22" VPOS="368" HPOS="430"/>
							<String ID="string_56" HPOS="452" VPOS="369" WIDTH="103" HEIGHT="27" WC="0.95" CONTENT="slutligen"/><SP WIDTH="28" VPOS="369" HPOS="555"/>
							<String ID="string_57" HPOS="583" VPOS="369" WIDTH="39" HEIGHT="21" WC="0.95" CONTENT="har"/><SP WIDTH="26" VPOS="369" HPOS="622"/>
							<String ID="string_58" HPOS="648" VPOS="368" WIDTH="97" HEIGHT="28" WC="0.95" CONTENT="godkänt"/><SP WIDTH="24" VPOS="368" HPOS="745"/>
							<String ID="string_59" HPOS="769" VPOS="368" WIDTH="119" HEIGHT="20" WC="0.91" CONTENT="utskottets"/><SP WIDTH="23" VPOS="368" HPOS="888"/>
							<String ID="string_60" HPOS="911" VPOS="366" WIDTH="37" HEIGHT="20" WC="0.92" CONTENT="be-"/>
						</TextLine>
						<TextLine ID="line_8" HPOS="197" VPOS="398" WIDTH="433" HEIGHT="39">
							<String ID="string_61" HPOS="197" VPOS="398" WIDTH="116" HEIGHT="39" WC="0.95" CONTENT="tänkande."/><SP WIDTH="311" VPOS="398" HPOS="313"/>
							<String ID="string_62" HPOS="624" VPOS="402" WIDTH="6" HEIGHT="6" WC="0.86" CONTENT="N"/>
						</TextLine>
					</TextBlock>
				</ComposedBlock>
				<ComposedBlock ID="cblock_4" HPOS="198" VPOS="456" WIDTH="752" HEIGHT="349">
					<TextBlock ID="block_3" HPOS="198" VPOS="456" WIDTH="752" HEIGHT="349">
						<TextLine ID="line_9" HPOS="273" VPOS="456" WIDTH="675" HEIGHT="30">
							<String ID="string_63" HPOS="273" VPOS="459" WIDTH="97" HEIGHT="22" WC="0.93" CONTENT="Emedan"/><SP WIDTH="15" VPOS="459" HPOS="370"/>
							<String ID="string_64" HPOS="385" VPOS="459" WIDTH="160" HEIGHT="27" WC="0.92" CONTENT="Ridderskapet"/><SP WIDTH="16" VPOS="459" HPOS="545"/>
							<String ID="string_65" HPOS="561" VPOS="459" WIDTH="39" HEIGHT="21" WC="0.93" CONTENT="och"/><SP WIDTH="16" VPOS="459" HPOS="600"/>
							<String ID="string_66" HPOS="616" VPOS="458" WIDTH="70" HEIGHT="22" WC="0.93" CONTENT="Adeln"/><SP WIDTH="12" VPOS="458" HPOS="686"/>
							<String ID="string_67" HPOS="698" VPOS="460" WIDTH="57" HEIGHT="20" WC="0.93" CONTENT="samt"/><SP WIDTH="10" VPOS="460" HPOS="755"/>
							<String ID="string_68" HPOS="765" VPOS="456" WIDTH="183" HEIGHT="28" WC="0.92" CONTENT="Borgareständet"/>
						</TextLine>
						<TextLine ID="line_10" HPOS="198" VPOS="492" WIDTH="751" HEIGHT="30">
							<String ID="string_69" HPOS="198" VPOS="495" WIDTH="161" HEIGHT="27" WC="0.91" CONTENT="samstämmigt"/><SP WIDTH="25" VPOS="495" HPOS="359"/>
							<String ID="string_70" HPOS="384" VPOS="495" WIDTH="86" HEIGHT="22" WC="0.96" CONTENT="förenat"/><SP WIDTH="23" VPOS="495" HPOS="470"/>
							<String ID="string_71" HPOS="493" VPOS="495" WIDTH="34" HEIGHT="27" WC="0.96" CONTENT="sig"/><SP WIDTH="15" VPOS="495" HPOS="527"/>
							<String ID="string_72" HPOS="542" VPOS="502" WIDTH="35" HEIGHT="15" WC="0.96" CONTENT="om"/><SP WIDTH="16" VPOS="502" HPOS="577"/>
							<String ID="string_73" HPOS="593" VPOS="501" WIDTH="26" HEIGHT="15" WC="0.93" CONTENT="en"/><SP WIDTH="17" VPOS="501" HPOS="619"/>
							<String ID="string_74" HPOS="636" VPOS="494" WIDTH="93" HEIGHT="28" WC="0.93" CONTENT="petition"/><SP WIDTH="17" VPOS="494" HPOS="729"/>
							<String ID="string_75" HPOS="746" VPOS="494" WIDTH="73" HEIGHT="21" WC="0.93" CONTENT="derom"/><SP WIDTH="18" VPOS="494" HPOS="819"/>
							<String ID="string_76" HPOS="837" VPOS="495" WIDTH="32" HEIGHT="19" WC="0.93" CONTENT="att"/><SP WIDTH="15" VPOS="495" HPOS="869"/>
							<String ID="string_77" HPOS="884" VPOS="492" WIDTH="65" HEIGHT="27" WC="0.91" CONTENT="nädig"/>
						</TextLine>
						<TextLine ID="line_11" HPOS="198" VPOS="529" WIDTH="750" HEIGHT="30">
							<String ID="string_78" HPOS="198" VPOS="531" WIDTH="135" HEIGHT="28" WC="0.96" CONTENT="proposition"/><SP WIDTH="17" VPOS="531" HPOS="333"/>
							<String ID="string_79" HPOS="350" VPOS="531" WIDTH="133" HEIGHT="22" WC="0.93" CONTENT="beträffande"/><SP WIDTH="17" VPOS="531" HPOS="483"/>
							<String ID="string_80" HPOS="500" VPOS="531" WIDTH="122" HEIGHT="22" WC="0.91" CONTENT="ordnandet"/><SP WIDTH="16" VPOS="531" HPOS="622"/>
							<String ID="string_81" HPOS="638" VPOS="530" WIDTH="24" HEIGHT="22" WC="0.93" CONTENT="af"/><SP WIDTH="10" VPOS="530" HPOS="662"/>
							<String ID="string_82" HPOS="672" VPOS="531" WIDTH="105" HEIGHT="26" WC="0.93" CONTENT="judarnes"/><SP WIDTH="16" VPOS="531" HPOS="777"/>
							<String ID="string_83" HPOS="793" VPOS="529" WIDTH="6" HEIGHT="22" WC="0.91" CONTENT="i"/><SP WIDTH="11" VPOS="529" HPOS="799"/>
							<String ID="string_84" HPOS="810" VPOS="529" WIDTH="74" HEIGHT="21" WC="0.91" CONTENT="landet"/><SP WIDTH="11" VPOS="529" HPOS="884"/>
							<String ID="string_85" HPOS="895" VPOS="529" WIDTH="53" HEIGHT="20" WC="0.92" CONTENT="rätt-"/>
						</TextLine>
						<TextLine ID="line_12" HPOS="199" VPOS="564" WIDTH="750" HEIGHT="31">
							<String ID="string_86" HPOS="199" VPOS="567" WIDTH="56" HEIGHT="28" WC="0.92" CONTENT="sliga"/><SP WIDTH="19" VPOS="567" HPOS="255"/>
							<String ID="string_87" HPOS="274" VPOS="567" WIDTH="104" HEIGHT="27" WC="0.87" CONTENT="ställning"/><SP WIDTH="18" VPOS="567" HPOS="378"/>
							<String ID="string_88" HPOS="396" VPOS="567" WIDTH="70" HEIGHT="22" WC="0.91" CONTENT="blefve"/><SP WIDTH="19" VPOS="567" HPOS="466"/>
							<String ID="string_89" HPOS="485" VPOS="567" WIDTH="181" HEIGHT="22" WC="0.92" CONTENT="nästkommande"/><SP WIDTH="22" VPOS="567" HPOS="666"/>
							<String ID="string_90" HPOS="688" VPOS="566" WIDTH="148" HEIGHT="22" WC="0.91" CONTENT="ständermöte"/><SP WIDTH="17" VPOS="566" HPOS="836"/>
							<String ID="string_91" HPOS="853" VPOS="564" WIDTH="96" HEIGHT="27" WC="0.92" CONTENT="förelagd"/>
						</TextLine>
						<TextLine ID="line_13" HPOS="199" VPOS="600" WIDTH="749" HEIGHT="29">
							<String ID="string_92" HPOS="199" VPOS="605" WIDTH="58" HEIGHT="19" WC="0.96" CONTENT="samt"/><SP WIDTH="15" VPOS="605" HPOS="257"/>
							<String ID="string_93" HPOS="272" VPOS="609" WIDTH="26" HEIGHT="15" WC="0.93" CONTENT="en"/><SP WIDTH="17" VPOS="609" HPOS="298"/>
							<String ID="string_94" HPOS="315" VPOS="603" WIDTH="68" HEIGHT="21" WC="0.91" CONTENT="sädan"/><SP WIDTH="16" VPOS="603" HPOS="383"/>
							<String ID="string_95" HPOS="399" VPOS="603" WIDTH="83" HEIGHT="21" WC="0.91" CONTENT="önskan"/><SP WIDTH="16" VPOS="603" HPOS="482"/>
							<String ID="string_96" HPOS="498" VPOS="603" WIDTH="63" HEIGHT="21" WC="0.92" CONTENT="äfven"/><SP WIDTH="23" VPOS="603" HPOS="561"/>
							<String ID="string_97" HPOS="584" VPOS="609" WIDTH="26" HEIGHT="15" WC="0.93" CONTENT="ur"/><SP WIDTH="19" VPOS="609" HPOS="610"/>
							<String ID="string_98" HPOS="629" VPOS="602" WIDTH="174" HEIGHT="27" WC="0.93" CONTENT="presteständets"/><SP WIDTH="19" VPOS="602" HPOS="803"/>
							<String ID="string_99" HPOS="822" VPOS="600" WIDTH="126" HEIGHT="27" WC="0.96" CONTENT="resolution,"/>
						</TextLine>
						<TextLine ID="line_14" HPOS="199" VPOS="636" WIDTH="750" HEIGHT="29">
							<String ID="string_100" HPOS="199" VPOS="645" WIDTH="34" HEIGHT="15" WC="0.92" CONTENT="om"/><SP WIDTH="18" VPOS="645" HPOS="233"/>
							<String ID="string_101" HPOS="251" VPOS="639" WIDTH="40" HEIGHT="21" WC="0.92" CONTENT="ock"/><SP WIDTH="17" VPOS="639" HPOS="291"/>
							<String ID="string_102" HPOS="308" VPOS="639" WIDTH="6" HEIGHT="21" WC="0.93" CONTENT="i"/><SP WIDTH="17" VPOS="639" HPOS="314"/>
							<String ID="string_103" HPOS="331" VPOS="639" WIDTH="125" HEIGHT="21" WC="0.92" CONTENT="densamma"/><SP WIDTH="17" VPOS="639" HPOS="456"/>
							<String ID="string_104" HPOS="473" VPOS="639" WIDTH="48" HEIGHT="21" WC="0.92" CONTENT="icke"/><SP WIDTH="16" VPOS="639" HPOS="521"/>
							<String ID="string_105" HPOS="537" VPOS="639" WIDTH="92" HEIGHT="26" WC="0.93" CONTENT="uttalad,"/><SP WIDTH="17" VPOS="639" HPOS="629"/>
							<String ID="string_106" HPOS="646" VPOS="638" WIDTH="55" HEIGHT="21" WC="0.93" CONTENT="dock"/><SP WIDTH="24" VPOS="638" HPOS="701"/>
							<String ID="string_107" HPOS="725" VPOS="643" WIDTH="64" HEIGHT="22" WC="0.91" CONTENT="synes"/><SP WIDTH="24" VPOS="643" HPOS="789"/>
							<String ID="string_108" HPOS="813" VPOS="637" WIDTH="72" HEIGHT="21" WC="0.93" CONTENT="kunna"/><SP WIDTH="16" VPOS="637" HPOS="885"/>
							<String ID="string_109" HPOS="901" VPOS="636" WIDTH="48" HEIGHT="21" WC="0.92" CONTENT="här-"/>
						</TextLine>
						<TextLine ID="line_15" HPOS="199" VPOS="673" WIDTH="751" HEIGHT="29">
							<String ID="string_110" HPOS="199" VPOS="675" WIDTH="68" HEIGHT="27" WC="0.92" CONTENT="ledas,"/><SP WIDTH="17" VPOS="675" HPOS="267"/>
							<String ID="string_111" HPOS="284" VPOS="675" WIDTH="33" HEIGHT="21" WC="0.93" CONTENT="fär"/><SP WIDTH="15" VPOS="675" HPOS="317"/>
							<String ID="string_112" HPOS="332" VPOS="675" WIDTH="109" HEIGHT="22" WC="0.92" CONTENT="utskottet"/><SP WIDTH="15" VPOS="675" HPOS="441"/>
							<String ID="string_113" HPOS="456" VPOS="675" WIDTH="112" HEIGHT="21" WC="0.93" CONTENT="vördsamt"/><SP WIDTH="16" VPOS="675" HPOS="568"/>
							<String ID="string_114" HPOS="584" VPOS="675" WIDTH="79" HEIGHT="21" WC="0.93" CONTENT="föreslä"/><SP WIDTH="13" VPOS="675" HPOS="663"/>
							<String ID="string_115" HPOS="676" VPOS="676" WIDTH="33" HEIGHT="19" WC="0.93" CONTENT="att"/><SP WIDTH="11" VPOS="676" HPOS="709"/>
							<String ID="string_116" HPOS="720" VPOS="673" WIDTH="133" HEIGHT="27" WC="0.91" CONTENT="högvördiga"/><SP WIDTH="11" VPOS="673" HPOS="853"/>
							<String ID="string_117" HPOS="864" VPOS="673" WIDTH="86" HEIGHT="21" WC="0.93" CONTENT="Preste-"/>
						</TextLine>
						<TextLine ID="line_16" HPOS="199" VPOS="708" WIDTH="751" HEIGHT="25">
							<String ID="string_118" HPOS="199" VPOS="711" WIDTH="89" HEIGHT="22" WC="0.92" CONTENT="ständet"/><SP WIDTH="16" VPOS="711" HPOS="288"/>
							<String ID="string_119" HPOS="304" VPOS="711" WIDTH="39" HEIGHT="21" WC="0.92" CONTENT="och"/><SP WIDTH="23" VPOS="711" HPOS="343"/>
							<String ID="string_120" HPOS="366" VPOS="711" WIDTH="136" HEIGHT="21" WC="0.91" CONTENT="hedervärda"/><SP WIDTH="23" VPOS="711" HPOS="502"/>
							<String ID="string_121" HPOS="525" VPOS="711" WIDTH="164" HEIGHT="21" WC="0.92" CONTENT="Bondeständet"/><SP WIDTH="24" VPOS="711" HPOS="689"/>
							<String ID="string_122" HPOS="713" VPOS="709" WIDTH="6" HEIGHT="22" WC="0.95" CONTENT="i"/><SP WIDTH="25" VPOS="709" HPOS="719"/>
							<String ID="string_123" HPOS="744" VPOS="710" WIDTH="61" HEIGHT="21" WC="0.95" CONTENT="detta"/><SP WIDTH="23" VPOS="710" HPOS="805"/>
							<String ID="string_124" HPOS="828" VPOS="708" WIDTH="122" HEIGHT="22" WC="0.96" CONTENT="hänseende"/>
						</TextLine>
						<TextLine ID="line_17" HPOS="198" VPOS="745" WIDTH="751" HEIGHT="28">
							<String ID="string_125" HPOS="198" VPOS="747" WIDTH="51" HEIGHT="22" WC="0.93" CONTENT="ville"/><SP WIDTH="16" VPOS="747" HPOS="249"/>
							<String ID="string_126" HPOS="265" VPOS="747" WIDTH="87" HEIGHT="21" WC="0.93" CONTENT="ansluta"/><SP WIDTH="8" VPOS="747" HPOS="352"/>
							<String ID="string_127" HPOS="360" VPOS="746" WIDTH="34" HEIGHT="27" WC="0.96" CONTENT="sig"/><SP WIDTH="15" VPOS="746" HPOS="394"/>
							<String ID="string_128" HPOS="409" VPOS="747" WIDTH="34" HEIGHT="21" WC="0.93" CONTENT="till"/><SP WIDTH="16" VPOS="747" HPOS="443"/>
							<String ID="string_129" HPOS="459" VPOS="747" WIDTH="172" HEIGHT="26" WC="0.91" CONTENT="Ridderskapets"/><SP WIDTH="13" VPOS="747" HPOS="631"/>
							<String ID="string_130" HPOS="644" VPOS="747" WIDTH="39" HEIGHT="21" WC="0.93" CONTENT="och"/><SP WIDTH="17" VPOS="747" HPOS="683"/>
							<String ID="string_131" HPOS="700" VPOS="745" WIDTH="81" HEIGHT="22" WC="0.92" CONTENT="Adelns"/><SP WIDTH="17" VPOS="745" HPOS="781"/>
							<String ID="string_132" HPOS="798" VPOS="746" WIDTH="57" HEIGHT="21" WC="0.93" CONTENT="samt"/><SP WIDTH="16" VPOS="746" HPOS="855"/>
							<String ID="string_133" HPOS="871" VPOS="745" WIDTH="78" HEIGHT="26" WC="0.91" CONTENT="Borga-"/>
						</TextLine>
						<TextLine ID="line_18" HPOS="199" VPOS="782" WIDTH="218" HEIGHT="23">
							<String ID="string_134" HPOS="199" VPOS="783" WIDTH="124" HEIGHT="22" WC="0.92" CONTENT="reständets"/><SP WIDTH="16" VPOS="783" HPOS="323"/>
							<String ID="string_135" HPOS="339" VPOS="782" WIDTH="78" HEIGHT="22" WC="0.96" CONTENT="beslut."/>
						</TextLine>
					</TextBlock>
				</ComposedBlock>
				<ComposedBlock ID="cblock_5" HPOS="198" VPOS="829" WIDTH="758" HEIGHT="669">
					<TextBlock ID="block_4" HPOS="198" VPOS="829" WIDTH="757" HEIGHT="563">
						<TextLine ID="line_19" HPOS="273" VPOS="829" WIDTH="678" HEIGHT="27">
							<String ID="string_136" HPOS="273" VPOS="830" WIDTH="63" HEIGHT="22" WC="0.91" CONTENT="Hvad"/><SP WIDTH="16" VPOS="830" HPOS="336"/>
							<String ID="string_137" HPOS="352" VPOS="831" WIDTH="47" HEIGHT="21" WC="0.91" CONTENT="äter"/><SP WIDTH="15" VPOS="831" HPOS="399"/>
							<String ID="string_138" HPOS="414" VPOS="829" WIDTH="105" HEIGHT="23" WC="0.93" CONTENT="beträffar"/><SP WIDTH="14" VPOS="829" HPOS="519"/>
							<String ID="string_139" HPOS="533" VPOS="829" WIDTH="172" HEIGHT="27" WC="0.92" CONTENT="Ridderskapets"/><SP WIDTH="22" VPOS="829" HPOS="705"/>
							<String ID="string_140" HPOS="727" VPOS="829" WIDTH="40" HEIGHT="22" WC="0.93" CONTENT="och"/><SP WIDTH="23" VPOS="829" HPOS="767"/>
							<String ID="string_141" HPOS="790" VPOS="829" WIDTH="81" HEIGHT="21" WC="0.92" CONTENT="Adelns"/><SP WIDTH="23" VPOS="829" HPOS="871"/>
							<String ID="string_142" HPOS="894" VPOS="830" WIDTH="57" HEIGHT="19" WC="0.96" CONTENT="samt"/>
						</TextLine>
						<TextLine ID="line_20" HPOS="199" VPOS="864" WIDTH="751" HEIGHT="29">
							<String ID="string_143" HPOS="199" VPOS="866" WIDTH="195" HEIGHT="27" WC="0.92" CONTENT="Borgareständets"/><SP WIDTH="14" VPOS="866" HPOS="394"/>
							<String ID="string_144" HPOS="408" VPOS="866" WIDTH="96" HEIGHT="27" WC="0.92" CONTENT="yrkande"/><SP WIDTH="11" VPOS="866" HPOS="504"/>
							<String ID="string_145" HPOS="515" VPOS="867" WIDTH="33" HEIGHT="20" WC="0.93" CONTENT="att"/><SP WIDTH="11" VPOS="867" HPOS="548"/>
							<String ID="string_146" HPOS="559" VPOS="865" WIDTH="33" HEIGHT="22" WC="0.93" CONTENT="uti"/><SP WIDTH="14" VPOS="865" HPOS="592"/>
							<String ID="string_147" HPOS="606" VPOS="865" WIDTH="158" HEIGHT="27" WC="0.93" CONTENT="motiveringen"/><SP WIDTH="14" VPOS="865" HPOS="764"/>
							<String ID="string_148" HPOS="778" VPOS="866" WIDTH="68" HEIGHT="20" WC="0.92" CONTENT="mätte"/><SP WIDTH="19" VPOS="866" HPOS="846"/>
							<String ID="string_149" HPOS="865" VPOS="864" WIDTH="85" HEIGHT="27" WC="0.92" CONTENT="intagas"/>
						</TextLine>
						<TextLine ID="line_21" HPOS="198" VPOS="899" WIDTH="752" HEIGHT="30">
							<String ID="string_150" HPOS="198" VPOS="903" WIDTH="37" HEIGHT="20" WC="0.94" CONTENT="det"/><SP WIDTH="23" VPOS="903" HPOS="235"/>
							<String ID="string_151" HPOS="258" VPOS="901" WIDTH="120" HEIGHT="28" WC="0.95" CONTENT="uttalande,"/><SP WIDTH="17" VPOS="901" HPOS="378"/>
							<String ID="string_152" HPOS="395" VPOS="903" WIDTH="33" HEIGHT="20" WC="0.93" CONTENT="att"/><SP WIDTH="23" VPOS="903" HPOS="428"/>
							<String ID="string_153" HPOS="451" VPOS="901" WIDTH="114" HEIGHT="22" WC="0.92" CONTENT="härstädes"/><SP WIDTH="22" VPOS="901" HPOS="565"/>
							<String ID="string_154" HPOS="587" VPOS="901" WIDTH="33" HEIGHT="21" WC="0.96" CONTENT="för"/><SP WIDTH="19" VPOS="901" HPOS="620"/>
							<String ID="string_155" HPOS="639" VPOS="901" WIDTH="135" HEIGHT="21" WC="0.96" CONTENT="närvarande"/><SP WIDTH="20" VPOS="901" HPOS="774"/>
							<String ID="string_156" HPOS="794" VPOS="900" WIDTH="33" HEIGHT="27" WC="0.93" CONTENT="sig"/><SP WIDTH="21" VPOS="900" HPOS="827"/>
							<String ID="string_157" HPOS="848" VPOS="899" WIDTH="102" HEIGHT="28" WC="0.92" CONTENT="uppehäl-"/>
						</TextLine>
						<TextLine ID="line_22" HPOS="199" VPOS="935" WIDTH="752" HEIGHT="29">
							<String ID="string_158" HPOS="199" VPOS="937" WIDTH="64" HEIGHT="22" WC="0.91" CONTENT="lande"/><SP WIDTH="14" VPOS="937" HPOS="263"/>
							<String ID="string_159" HPOS="277" VPOS="937" WIDTH="65" HEIGHT="27" WC="0.93" CONTENT="judar"/><SP WIDTH="15" VPOS="937" HPOS="342"/>
							<String ID="string_160" HPOS="357" VPOS="937" WIDTH="71" HEIGHT="22" WC="0.93" CONTENT="skulle"/><SP WIDTH="16" VPOS="937" HPOS="428"/>
							<String ID="string_161" HPOS="444" VPOS="937" WIDTH="92" HEIGHT="22" WC="0.90" CONTENT="beredas"/><SP WIDTH="16" VPOS="937" HPOS="536"/>
							<String ID="string_162" HPOS="552" VPOS="936" WIDTH="86" HEIGHT="22" WC="0.92" CONTENT="tillfälle"/><SP WIDTH="16" VPOS="936" HPOS="638"/>
							<String ID="string_163" HPOS="654" VPOS="938" WIDTH="34" HEIGHT="20" WC="0.93" CONTENT="att"/><SP WIDTH="16" VPOS="938" HPOS="688"/>
							<String ID="string_164" HPOS="704" VPOS="935" WIDTH="134" HEIGHT="22" WC="0.92" CONTENT="fortfarande"/><SP WIDTH="15" VPOS="935" HPOS="838"/>
							<String ID="string_165" HPOS="853" VPOS="935" WIDTH="98" HEIGHT="22" WC="0.91" CONTENT="bedrifva"/>
						</TextLine>
						<TextLine ID="line_23" HPOS="199" VPOS="970" WIDTH="753" HEIGHT="30">
							<String ID="string_166" HPOS="199" VPOS="974" WIDTH="37" HEIGHT="21" WC="0.92" CONTENT="det"/><SP WIDTH="21" VPOS="974" HPOS="236"/>
							<String ID="string_167" HPOS="257" VPOS="973" WIDTH="149" HEIGHT="27" WC="0.91" CONTENT="näringsyrke,"/><SP WIDTH="24" VPOS="973" HPOS="406"/>
							<String ID="string_168" HPOS="430" VPOS="972" WIDTH="88" HEIGHT="22" WC="0.91" CONTENT="hvartill"/><SP WIDTH="23" VPOS="972" HPOS="518"/>
							<String ID="string_169" HPOS="541" VPOS="973" WIDTH="27" HEIGHT="21" WC="0.93" CONTENT="de"/><SP WIDTH="23" VPOS="973" HPOS="568"/>
							<String ID="string_170" HPOS="591" VPOS="972" WIDTH="77" HEIGHT="22" WC="0.92" CONTENT="härtils"/><SP WIDTH="17" VPOS="972" HPOS="668"/>
							<String ID="string_171" HPOS="685" VPOS="972" WIDTH="48" HEIGHT="21" WC="0.92" CONTENT="haft"/><SP WIDTH="15" VPOS="972" HPOS="733"/>
							<String ID="string_172" HPOS="748" VPOS="971" WIDTH="107" HEIGHT="28" WC="0.89" CONTENT="tillständ,"/><SP WIDTH="24" VPOS="971" HPOS="855"/>
							<String ID="string_173" HPOS="879" VPOS="972" WIDTH="23" HEIGHT="20" WC="0.93" CONTENT="sä"/><SP WIDTH="16" VPOS="972" HPOS="902"/>
							<String ID="string_174" HPOS="918" VPOS="970" WIDTH="34" HEIGHT="21" WC="0.91" CONTENT="fär"/>
						</TextLine>
						<TextLine ID="line_24" HPOS="199" VPOS="1007" WIDTH="753" HEIGHT="28">
							<String ID="string_175" HPOS="199" VPOS="1009" WIDTH="116" HEIGHT="26" WC="0.92" CONTENT="utskottet,"/><SP WIDTH="17" VPOS="1009" HPOS="315"/>
							<String ID="string_176" HPOS="332" VPOS="1008" WIDTH="7" HEIGHT="21" WC="0.93" CONTENT="i"/><SP WIDTH="15" VPOS="1008" HPOS="339"/>
							<String ID="string_177" HPOS="354" VPOS="1008" WIDTH="145" HEIGHT="21" WC="0.92" CONTENT="betraktande"/><SP WIDTH="17" VPOS="1008" HPOS="499"/>
							<String ID="string_178" HPOS="516" VPOS="1007" WIDTH="67" HEIGHT="28" WC="0.92" CONTENT="deraf,"/><SP WIDTH="19" VPOS="1007" HPOS="583"/>
							<String ID="string_179" HPOS="602" VPOS="1010" WIDTH="32" HEIGHT="19" WC="0.93" CONTENT="att"/><SP WIDTH="16" VPOS="1010" HPOS="634"/>
							<String ID="string_180" HPOS="650" VPOS="1008" WIDTH="166" HEIGHT="21" WC="0.91" CONTENT="Presteständet"/><SP WIDTH="15" VPOS="1008" HPOS="816"/>
							<String ID="string_181" HPOS="831" VPOS="1007" WIDTH="46" HEIGHT="22" WC="0.92" CONTENT="icke"/><SP WIDTH="17" VPOS="1007" HPOS="877"/>
							<String ID="string_182" HPOS="894" VPOS="1008" WIDTH="58" HEIGHT="19" WC="0.92" CONTENT="utta-"/>
						</TextLine>
						<TextLine ID="line_25" HPOS="199" VPOS="1042" WIDTH="754" HEIGHT="29">
							<String ID="string_183" HPOS="199" VPOS="1044" WIDTH="32" HEIGHT="22" WC="0.93" CONTENT="lat"/><SP WIDTH="15" VPOS="1044" HPOS="231"/>
							<String ID="string_184" HPOS="246" VPOS="1045" WIDTH="71" HEIGHT="26" WC="0.91" CONTENT="nägon"/><SP WIDTH="16" VPOS="1045" HPOS="317"/>
							<String ID="string_185" HPOS="333" VPOS="1044" WIDTH="83" HEIGHT="21" WC="0.92" CONTENT="önskan"/><SP WIDTH="16" VPOS="1044" HPOS="416"/>
							<String ID="string_186" HPOS="432" VPOS="1043" WIDTH="8" HEIGHT="22" WC="0.93" CONTENT="i"/><SP WIDTH="16" VPOS="1043" HPOS="440"/>
							<String ID="string_187" HPOS="456" VPOS="1044" WIDTH="77" HEIGHT="27" WC="0.90" CONTENT="antydt"/><SP WIDTH="16" VPOS="1044" HPOS="533"/>
							<String ID="string_188" HPOS="549" VPOS="1043" WIDTH="54" HEIGHT="28" WC="0.96" CONTENT="syfte"/><SP WIDTH="24" VPOS="1043" HPOS="603"/>
							<String ID="string_189" HPOS="627" VPOS="1044" WIDTH="40" HEIGHT="21" WC="0.93" CONTENT="och"/><SP WIDTH="23" VPOS="1044" HPOS="667"/>
							<String ID="string_190" HPOS="690" VPOS="1043" WIDTH="176" HEIGHT="22" WC="0.92" CONTENT="Bondeständets"/><SP WIDTH="15" VPOS="1043" HPOS="866"/>
							<String ID="string_191" HPOS="881" VPOS="1042" WIDTH="72" HEIGHT="22" WC="0.96" CONTENT="beslut"/>
						</TextLine>
						<TextLine ID="line_26" HPOS="200" VPOS="1078" WIDTH="752" HEIGHT="30">
							<String ID="string_192" HPOS="200" VPOS="1081" WIDTH="38" HEIGHT="26" WC="0.96" CONTENT="går"/><SP WIDTH="15" VPOS="1081" HPOS="238"/>
							<String ID="string_193" HPOS="253" VPOS="1079" WIDTH="8" HEIGHT="22" WC="0.93" CONTENT="i"/><SP WIDTH="16" VPOS="1079" HPOS="261"/>
							<String ID="string_194" HPOS="277" VPOS="1081" WIDTH="91" HEIGHT="27" WC="0.69" CONTENT="mgtsatt"/><SP WIDTH="15" VPOS="1081" HPOS="368"/>
							<String ID="string_195" HPOS="383" VPOS="1079" WIDTH="105" HEIGHT="27" WC="0.96" CONTENT="riktning,"/><SP WIDTH="17" VPOS="1079" HPOS="488"/>
							<String ID="string_196" HPOS="505" VPOS="1081" WIDTH="57" HEIGHT="20" WC="0.96" CONTENT="samt"/><SP WIDTH="21" VPOS="1081" HPOS="562"/>
							<String ID="string_197" HPOS="583" VPOS="1079" WIDTH="27" HEIGHT="22" WC="0.96" CONTENT="dä"/><SP WIDTH="16" VPOS="1079" HPOS="610"/>
							<String ID="string_198" HPOS="626" VPOS="1079" WIDTH="25" HEIGHT="27" WC="0.93" CONTENT="ju"/><SP WIDTH="14" VPOS="1079" HPOS="651"/>
							<String ID="string_199" HPOS="665" VPOS="1079" WIDTH="50" HEIGHT="27" WC="0.96" CONTENT="föga"/><SP WIDTH="16" VPOS="1079" HPOS="715"/>
							<String ID="string_200" HPOS="731" VPOS="1079" WIDTH="118" HEIGHT="26" WC="0.95" CONTENT="anledning"/><SP WIDTH="15" VPOS="1079" HPOS="849"/>
							<String ID="string_201" HPOS="864" VPOS="1078" WIDTH="34" HEIGHT="21" WC="0.95" CONTENT="till"/><SP WIDTH="13" VPOS="1078" HPOS="898"/>
							<String ID="string_202" HPOS="911" VPOS="1079" WIDTH="41" HEIGHT="21" WC="0.96" CONTENT="den"/>
						</TextLine>
						<TextLine ID="line_27" HPOS="200" VPOS="1114" WIDTH="754" HEIGHT="32">
							<String ID="string_203" HPOS="200" VPOS="1115" WIDTH="91" HEIGHT="26" WC="0.92" CONTENT="farhäga"/><SP WIDTH="23" VPOS="1115" HPOS="291"/>
							<String ID="string_204" HPOS="314" VPOS="1114" WIDTH="123" HEIGHT="29" WC="0.88" CONTENT="förefinnes,"/><SP WIDTH="24" VPOS="1114" HPOS="437"/>
							<String ID="string_205" HPOS="461" VPOS="1116" WIDTH="34" HEIGHT="30" WC="0.93" CONTENT="att"/><SP WIDTH="24" VPOS="1116" HPOS="495"/>
							<String ID="string_206" HPOS="519" VPOS="1115" WIDTH="105" HEIGHT="27" WC="0.91" CONTENT="styrelsen"/><SP WIDTH="24" VPOS="1115" HPOS="624"/>
							<String ID="string_207" HPOS="648" VPOS="1114" WIDTH="47" HEIGHT="22" WC="0.91" CONTENT="icke"/><SP WIDTH="20" VPOS="1114" HPOS="695"/>
							<String ID="string_208" HPOS="715" VPOS="1114" WIDTH="134" HEIGHT="23" WC="0.93" CONTENT="fortfarande"/><SP WIDTH="17" VPOS="1114" HPOS="849"/>
							<String ID="string_209" HPOS="866" VPOS="1115" WIDTH="39" HEIGHT="21" WC="0.93" CONTENT="oeh"/><SP WIDTH="17" VPOS="1115" HPOS="905"/>
							<String ID="string_210" HPOS="922" VPOS="1114" WIDTH="32" HEIGHT="21" WC="0.91" CONTENT="in-"/>
						</TextLine>
						<TextLine ID="line_28" HPOS="199" VPOS="1150" WIDTH="755" HEIGHT="28">
							<String ID="string_211" HPOS="199" VPOS="1151" WIDTH="35" HEIGHT="21" WC="0.95" CONTENT="till"/><SP WIDTH="16" VPOS="1151" HPOS="234"/>
							<String ID="string_212" HPOS="250" VPOS="1151" WIDTH="50" HEIGHT="22" WC="0.93" CONTENT="dess"/><SP WIDTH="17" VPOS="1151" HPOS="300"/>
							<String ID="string_213" HPOS="317" VPOS="1151" WIDTH="131" HEIGHT="27" WC="0.92" CONTENT="judefrägan"/><SP WIDTH="24" VPOS="1151" HPOS="448"/>
							<String ID="string_214" HPOS="472" VPOS="1150" WIDTH="77" HEIGHT="23" WC="0.91" CONTENT="hinner"/><SP WIDTH="22" VPOS="1150" HPOS="549"/>
							<String ID="string_215" HPOS="571" VPOS="1150" WIDTH="67" HEIGHT="22" WC="0.91" CONTENT="blifva"/><SP WIDTH="25" VPOS="1150" HPOS="638"/>
							<String ID="string_216" HPOS="663" VPOS="1157" WIDTH="78" HEIGHT="20" WC="0.96" CONTENT="genom"/><SP WIDTH="24" VPOS="1157" HPOS="741"/>
							<String ID="string_217" HPOS="765" VPOS="1157" WIDTH="28" HEIGHT="20" WC="0.96" CONTENT="ny"/><SP WIDTH="23" VPOS="1157" HPOS="793"/>
							<String ID="string_218" HPOS="816" VPOS="1150" WIDTH="35" HEIGHT="27" WC="0.93" CONTENT="lag"/><SP WIDTH="21" VPOS="1150" HPOS="851"/>
							<String ID="string_219" HPOS="872" VPOS="1151" WIDTH="82" HEIGHT="20" WC="0.92" CONTENT="ordnad"/>
						</TextLine>
						<TextLine ID="line_29" HPOS="200" VPOS="1185" WIDTH="754" HEIGHT="28">
							<String ID="string_220" HPOS="200" VPOS="1187" WIDTH="87" HEIGHT="21" WC="0.92" CONTENT="komme"/><SP WIDTH="12" VPOS="1187" HPOS="287"/>
							<String ID="string_221" HPOS="299" VPOS="1188" WIDTH="34" HEIGHT="20" WC="0.93" CONTENT="att"/><SP WIDTH="11" VPOS="1188" HPOS="333"/>
							<String ID="string_222" HPOS="344" VPOS="1186" WIDTH="108" HEIGHT="27" WC="0.92" CONTENT="medgifva"/><SP WIDTH="12" VPOS="1186" HPOS="452"/>
							<String ID="string_223" HPOS="464" VPOS="1193" WIDTH="30" HEIGHT="14" WC="0.95" CONTENT="nu"/><SP WIDTH="9" VPOS="1193" HPOS="494"/>
							<String ID="string_224" HPOS="503" VPOS="1186" WIDTH="6" HEIGHT="21" WC="0.94" CONTENT="i"/><SP WIDTH="9" VPOS="1186" HPOS="509"/>
							<String ID="string_225" HPOS="518" VPOS="1186" WIDTH="75" HEIGHT="22" WC="0.94" CONTENT="landet"/><SP WIDTH="7" VPOS="1186" HPOS="593"/>
							<String ID="string_226" HPOS="600" VPOS="1187" WIDTH="68" HEIGHT="21" WC="0.96" CONTENT="sedan"/><SP WIDTH="10" VPOS="1187" HPOS="668"/>
							<String ID="string_227" HPOS="678" VPOS="1186" WIDTH="76" HEIGHT="27" WC="0.96" CONTENT="längre"/><SP WIDTH="9" VPOS="1186" HPOS="754"/>
							<String ID="string_228" HPOS="763" VPOS="1185" WIDTH="33" HEIGHT="22" WC="0.95" CONTENT="tid"/><SP WIDTH="9" VPOS="1185" HPOS="796"/>
							<String ID="string_229" HPOS="805" VPOS="1185" WIDTH="91" HEIGHT="22" WC="0.95" CONTENT="tillbaka"/><SP WIDTH="8" VPOS="1185" HPOS="896"/>
							<String ID="string_230" HPOS="904" VPOS="1186" WIDTH="50" HEIGHT="21" WC="0.96" CONTENT="med"/>
						</TextLine>
						<TextLine ID="line_30" HPOS="201" VPOS="1221" WIDTH="753" HEIGHT="23">
							<String ID="string_231" HPOS="201" VPOS="1222" WIDTH="174" HEIGHT="22" WC="0.95" CONTENT="vederbörandes"/><SP WIDTH="33" VPOS="1222" HPOS="375"/>
							<String ID="string_232" HPOS="408" VPOS="1221" WIDTH="102" HEIGHT="22" WC="0.68" CONTENT="tillstånd"/><SP WIDTH="30" VPOS="1221" HPOS="510"/>
							<String ID="string_233" HPOS="540" VPOS="1222" WIDTH="99" HEIGHT="21" WC="0.87" CONTENT="vistande"/><SP WIDTH="29" VPOS="1222" HPOS="639"/>
							<String ID="string_234" HPOS="668" VPOS="1221" WIDTH="110" HEIGHT="22" WC="0.91" CONTENT="mosaiske"/><SP WIDTH="29" VPOS="1221" HPOS="778"/>
							<String ID="string_235" HPOS="807" VPOS="1221" WIDTH="147" HEIGHT="22" WC="0.92" CONTENT="trosförvand-"/>
						</TextLine>
						<TextLine ID="line_31" HPOS="201" VPOS="1257" WIDTH="753" HEIGHT="28">
							<String ID="string_236" HPOS="201" VPOS="1260" WIDTH="35" HEIGHT="19" WC="0.90" CONTENT="ter"/><SP WIDTH="27" VPOS="1260" HPOS="236"/>
							<String ID="string_237" HPOS="263" VPOS="1257" WIDTH="66" HEIGHT="22" WC="0.90" CONTENT="sädan"/><SP WIDTH="27" VPOS="1257" HPOS="329"/>
							<String ID="string_238" HPOS="356" VPOS="1257" WIDTH="137" HEIGHT="28" WC="0.92" CONTENT="näringsrätt"/><SP WIDTH="30" VPOS="1257" HPOS="493"/>
							<String ID="string_239" HPOS="523" VPOS="1263" WIDTH="46" HEIGHT="16" WC="0.93" CONTENT="som"/><SP WIDTH="30" VPOS="1263" HPOS="569"/>
							<String ID="string_240" HPOS="599" VPOS="1257" WIDTH="109" HEIGHT="22" WC="0.91" CONTENT="tillförene"/><SP WIDTH="27" VPOS="1257" HPOS="708"/>
							<String ID="string_241" HPOS="735" VPOS="1257" WIDTH="56" HEIGHT="22" WC="0.96" CONTENT="varit"/><SP WIDTH="26" VPOS="1257" HPOS="791"/>
							<String ID="string_242" HPOS="817" VPOS="1257" WIDTH="48" HEIGHT="22" WC="0.91" CONTENT="dem"/><SP WIDTH="31" VPOS="1257" HPOS="865"/>
							<String ID="string_243" HPOS="896" VPOS="1257" WIDTH="58" HEIGHT="22" WC="0.88" CONTENT="med-"/>
						</TextLine>
						<TextLine ID="line_32" HPOS="200" VPOS="1292" WIDTH="755" HEIGHT="29">
							<String ID="string_244" HPOS="200" VPOS="1294" WIDTH="80" HEIGHT="27" WC="0.92" CONTENT="gifven,"/><SP WIDTH="23" VPOS="1294" HPOS="280"/>
							<String ID="string_245" HPOS="303" VPOS="1294" WIDTH="112" HEIGHT="21" WC="0.93" CONTENT="vördsamt"/><SP WIDTH="23" VPOS="1294" HPOS="415"/>
							<String ID="string_246" HPOS="438" VPOS="1293" WIDTH="80" HEIGHT="22" WC="0.92" CONTENT="föreslä"/><SP WIDTH="23" VPOS="1293" HPOS="518"/>
							<String ID="string_247" HPOS="541" VPOS="1295" WIDTH="33" HEIGHT="20" WC="0.93" CONTENT="att"/><SP WIDTH="23" VPOS="1295" HPOS="574"/>
							<String ID="string_248" HPOS="597" VPOS="1292" WIDTH="117" HEIGHT="29" WC="0.91" CONTENT="höglofliga"/><SP WIDTH="16" VPOS="1292" HPOS="714"/>
							<String ID="string_249" HPOS="730" VPOS="1293" WIDTH="160" HEIGHT="27" WC="0.92" CONTENT="Ridderskapet"/><SP WIDTH="25" VPOS="1293" HPOS="890"/>
							<String ID="string_250" HPOS="915" VPOS="1293" WIDTH="40" HEIGHT="21" WC="0.96" CONTENT="och"/>
						</TextLine>
						<TextLine ID="line_33" HPOS="200" VPOS="1329" WIDTH="755" HEIGHT="27">
							<String ID="string_251" HPOS="200" VPOS="1330" WIDTH="71" HEIGHT="21" WC="0.92" CONTENT="Adeln"/><SP WIDTH="23" VPOS="1330" HPOS="271"/>
							<String ID="string_252" HPOS="294" VPOS="1331" WIDTH="57" HEIGHT="20" WC="0.93" CONTENT="samt"/><SP WIDTH="14" VPOS="1331" HPOS="351"/>
							<String ID="string_253" HPOS="365" VPOS="1329" WIDTH="111" HEIGHT="27" WC="0.92" CONTENT="vällofliga"/><SP WIDTH="14" VPOS="1329" HPOS="476"/>
							<String ID="string_254" HPOS="490" VPOS="1330" WIDTH="184" HEIGHT="26" WC="0.91" CONTENT="Borgareständet"/><SP WIDTH="16" VPOS="1330" HPOS="674"/>
							<String ID="string_255" HPOS="690" VPOS="1329" WIDTH="6" HEIGHT="21" WC="0.94" CONTENT="i"/><SP WIDTH="18" VPOS="1329" HPOS="696"/>
							<String ID="string_256" HPOS="714" VPOS="1330" WIDTH="61" HEIGHT="21" WC="0.93" CONTENT="detta"/><SP WIDTH="16" VPOS="1330" HPOS="775"/>
							<String ID="string_257" HPOS="791" VPOS="1329" WIDTH="101" HEIGHT="22" WC="0.92" CONTENT="afseende"/><SP WIDTH="13" VPOS="1329" HPOS="892"/>
							<String ID="string_258" HPOS="905" VPOS="1329" WIDTH="50" HEIGHT="21" WC="0.96" CONTENT="ville"/>
						</TextLine>
						<TextLine ID="line_34" HPOS="200" VPOS="1364" WIDTH="236" HEIGHT="28">
							<String ID="string_259" HPOS="200" VPOS="1365" WIDTH="78" HEIGHT="27" WC="0.92" CONTENT="frängä"/><SP WIDTH="16" VPOS="1365" HPOS="278"/>
							<String ID="string_260" HPOS="294" VPOS="1364" WIDTH="48" HEIGHT="22" WC="0.96" CONTENT="sina"/><SP WIDTH="14" VPOS="1364" HPOS="342"/>
							<String ID="string_261" HPOS="356" VPOS="1364" WIDTH="80" HEIGHT="22" WC="0.96" CONTENT="beslut."/>
						</TextLine>
					</TextBlock>
					<TextBlock ID="block_5" HPOS="201" VPOS="1399" WIDTH="755" HEIGHT="64">
						<TextLine ID="line_35" HPOS="276" VPOS="1399" WIDTH="680" HEIGHT="28">
							<String ID="string_262" HPOS="276" VPOS="1400" WIDTH="34" HEIGHT="22" WC="0.83" CONTENT="Dä"/><SP WIDTH="15" VPOS="1400" HPOS="310"/>
							<String ID="string_263" HPOS="325" VPOS="1402" WIDTH="75" HEIGHT="20" WC="0.96" CONTENT="vidare"/><SP WIDTH="15" VPOS="1402" HPOS="400"/>
							<String ID="string_264" HPOS="415" VPOS="1406" WIDTH="27" HEIGHT="16" WC="0.93" CONTENT="ur"/><SP WIDTH="14" VPOS="1406" HPOS="442"/>
							<String ID="string_265" HPOS="456" VPOS="1402" WIDTH="173" HEIGHT="25" WC="0.90" CONTENT="Ridderskapets"/><SP WIDTH="15" VPOS="1402" HPOS="629"/>
							<String ID="string_266" HPOS="644" VPOS="1401" WIDTH="40" HEIGHT="21" WC="0.93" CONTENT="och"/><SP WIDTH="16" VPOS="1401" HPOS="684"/>
							<String ID="string_267" HPOS="700" VPOS="1400" WIDTH="83" HEIGHT="22" WC="0.93" CONTENT="Adelns"/><SP WIDTH="10" VPOS="1400" HPOS="783"/>
							<String ID="string_268" HPOS="793" VPOS="1400" WIDTH="78" HEIGHT="27" WC="0.93" CONTENT="beslut,"/><SP WIDTH="13" VPOS="1400" HPOS="871"/>
							<String ID="string_269" HPOS="884" VPOS="1399" WIDTH="72" HEIGHT="22" WC="0.92" CONTENT="sävidt"/>
						</TextLine>
						<TextLine ID="line_36" HPOS="201" VPOS="1435" WIDTH="751" HEIGHT="28">
							<String ID="string_270" HPOS="201" VPOS="1437" WIDTH="122" HEIGHT="21" WC="0.91" CONTENT="detsamma"/><SP WIDTH="14" VPOS="1437" HPOS="323"/>
							<String ID="string_271" HPOS="337" VPOS="1435" WIDTH="65" HEIGHT="22" WC="0.92" CONTENT="berör"/><SP WIDTH="16" VPOS="1435" HPOS="402"/>
							<String ID="string_272" HPOS="418" VPOS="1436" WIDTH="37" HEIGHT="22" WC="0.93" CONTENT="det"/><SP WIDTH="26" VPOS="1436" HPOS="455"/>
							<String ID="string_273" HPOS="481" VPOS="1436" WIDTH="147" HEIGHT="27" WC="0.91" CONTENT="provisoriska"/><SP WIDTH="26" VPOS="1436" HPOS="628"/>
							<String ID="string_274" HPOS="654" VPOS="1436" WIDTH="123" HEIGHT="21" WC="0.91" CONTENT="ordnandet"/><SP WIDTH="26" VPOS="1436" HPOS="777"/>
							<String ID="string_275" HPOS="803" VPOS="1436" WIDTH="24" HEIGHT="21" WC="0.93" CONTENT="af"/><SP WIDTH="22" VPOS="1436" HPOS="827"/>
							<String ID="string_276" HPOS="849" VPOS="1436" WIDTH="103" HEIGHT="26" WC="0.92" CONTENT="judarnes"/>
						</TextLine>
					</TextBlock>
					<TextBlock ID="block_6" HPOS="277" VPOS="1478" WIDTH="543" HEIGHT="20">
						<TextLine ID="line_37" HPOS="277" VPOS="1478" WIDTH="543" HEIGHT="20">
							<String ID="string_277" HPOS="277" VPOS="1478" WIDTH="106" HEIGHT="19" WC="0.93" CONTENT="Allmänna"/><SP WIDTH="15" VPOS="1478" HPOS="383"/>
							<String ID="string_278" HPOS="398" VPOS="1478" WIDTH="185" HEIGHT="20" WC="0.91" CONTENT="Besvärsutskottets"/><SP WIDTH="15" VPOS="1478" HPOS="583"/>
							<String ID="string_279" HPOS="598" VPOS="1478" WIDTH="117" HEIGHT="20" WC="0.92" CONTENT="betänkande"/><SP WIDTH="15" VPOS="1478" HPOS="715"/>
							<String ID="string_280" HPOS="730" VPOS="1478" WIDTH="39" HEIGHT="20" WC="0.96" CONTENT="N:o"/><SP WIDTH="16" VPOS="1478" HPOS="769"/>
							<String ID="string_281" HPOS="785" VPOS="1478" WIDTH="35" HEIGHT="19" WC="0.96" CONTENT="20."/>
						</TextLine>
					</TextBlock>
				</ComposedBlock>
			</PrintSpace>
		</Page>
	</Layout>
</alto>
