1061 1717
292 96 241 24 Petitionsbetänkande
550 97 36 23 N:o
604 97 18 22 1.
779 98 28 21 13

78 164 81 20 hvilkas
174 164 155 26 nödvändighet
345 164 157 26 öfvertygelsen
518 165 84 25 stadgat
612 165 38 27 sig,
662 167 55 17 samt
725 165 112 19 bestämma

78 195 40 19 den
133 194 88 26 ordning
236 194 7 20 i
259 194 84 20 hvilken
359 194 26 20 de
402 194 59 20 skola
476 194 99 26 beläggas
591 194 47 20 med
654 195 76 19 arbete.

148 230 30 20 Af
195 230 40 20 alla
253 230 117 25 föreslagna
389 230 126 29 stambanor,
535 230 71 20 hvilka
622 233 56 17 ännu
693 230 46 20 icke
754 229 85 21 kommit

79 260 32 20 till
126 260 114 26 utförande,
256 260 38 19 har
310 260 41 20 den
367 266 16 14 s.
399 260 21 20 k.
438 260 62 20 Östra
511 260 127 26 stambanan,
648 260 48 20 från
706 260 89 25 Wiborg
805 266 34 18 ge-

81 297 47 14 nom
147 290 92 20 Karelen
260 290 31 19 till
313 290 102 25 Joensuu,
437 290 102 20 alltsedan
555 291 23 19 är
595 290 64 27 1872,
676 290 27 20 dä
717 290 74 25 frägan
807 296 32 13 om

80 323 31 17 ett
125 320 142 21 stambansnät
281 319 67 20 första
363 320 85 25 gängen
463 320 49 20 kom
527 320 67 20 under
610 320 136 27 ompröfning,
762 319 23 20 af
798 319 44 19 lan-

81 350 46 20 dets
143 350 88 20 Ständer
247 349 38 20 och
301 350 104 19 allmänna
421 350 110 25 opinionen
548 350 47 20 med
605 352 75 18 nästan
690 349 150 26 undantagslös

81 379 157 26 enstämmighet
257 379 100 26 utpekats
374 380 69 19 säsom
459 386 26 14 en
502 380 119 25 nödvändig
636 380 56 20 länk.
722 376 69 24 Äfven
806 379 34 19 be-

82 409 101 21 träffande
206 409 48 20 dess
277 409 125 26 sträckning
426 409 64 21 hafva
510 410 134 25 meningarne
664 409 73 20 afvikit
755 408 86 26 mindre,

82 443 27 17 än
132 439 157 21 vidkommande
313 440 68 25 någon
403 446 70 13 annan
492 440 95 25 jernväg.
619 440 10 19 I
645 439 53 20 båda
714 439 61 20 dessa
790 439 51 20 hän-

81 470 76 20 seende
177 472 33 17 tar
231 469 40 20 den
287 465 63 24 Östra
366 469 124 20 stambanan
506 469 100 26 försteget
621 469 85 20 framför
721 469 40 20 den
777 469 64 20 Sava-

82 500 74 24 Jakska
171 500 73 19 banan.
793 503 3 2 :

153 535 11 20 I
182 535 138 20 betraktande
336 535 23 19 af
373 541 25 14 en
415 536 25 19 sä
456 535 78 26 tydligt
549 535 153 22 framträdande
717 535 61 26 äsigt,
794 541 49 13 vore

85 566 35 20 det
135 565 45 20 icke
196 565 123 26 opäkalladt,
337 565 49 29 eller
402 565 72 20 kunde
490 565 36 20 det
541 565 112 20 betecknas
670 566 67 19 säsom
753 564 91 26 djerfhet

85 598 31 17 att
136 602 28 13 nu
184 595 75 20 föreslå
280 595 69 19 denna
364 595 64 20 Östra
444 596 119 19 stambanas
578 595 110 20 utförande
703 594 86 20 framför
804 594 40 19 alla

85 625 64 20 andra
168 625 70 20 banor.
269 625 135 24 Antagandet
424 625 24 19 af
462 627 30 18 ett
508 625 75 20 sådant
597 625 79 26 förslag
691 625 42 19 kan
748 625 7 19 i
770 623 74 27 sjelfva

85 655 72 20 verket
172 655 45 20 visa
233 655 32 25 sig
281 654 65 20 blifva
362 661 26 14 en
404 655 159 26 nödvändighet
578 655 32 20 för
626 657 32 18 att
673 655 103 26 betrygga
788 654 56 25 jern-

85 685 159 26 vägsarbetenas
261 684 112 20 oafbrutna
388 684 106 27 fortgäng,
506 692 37 19 om,
555 686 67 19 säsom
633 685 46 20 icke
690 685 84 19 alldeles
785 690 59 13 osan-

85 715 71 25 nolikt,
180 715 64 24 nägot
267 714 161 20 Ständerbeslut
448 715 48 19 icke
516 715 42 20 kan
579 715 33 20 fäs
633 715 32 19 till
681 714 62 20 ständ
758 714 31 19 för
805 713 40 20 den

86 745 126 20 Savolakska
236 745 73 19 banan.
341 744 73 20 Skulle
438 745 54 19 dock
518 745 176 25 samstämmighet
716 743 129 22 beträffande

86 775 67 20 denna
173 775 54 19 bana
248 774 73 20 vinnas
337 775 39 19 och
392 774 70 20 beslut
478 781 33 13 om
527 775 48 20 dess
590 774 111 26 byggande
716 774 70 25 fattas,
802 775 44 18 tror

84 805 37 26 jag
139 805 41 24 mig
195 804 47 20 med
258 805 35 19 det
309 804 64 27 sagda
389 804 63 20 hafva
468 804 122 25 tillräckligt
605 805 109 19 motiverat
730 803 117 25 önsklighe-

87 838 35 17 ten
141 834 37 20 och
194 836 74 24 nyttan
285 834 22 19 af
321 837 31 16 att
368 834 120 20 Ständerna
504 834 45 20 icke
565 837 75 17 stanna
655 833 78 26 dervid,
750 836 50 17 utan
816 835 31 17 att

87 865 25 19 de
128 864 118 20 derutöfver
261 864 82 20 besluta
359 871 32 12 om
405 864 172 25 jernvägsnätets
588 864 121 26 ytterligare
719 862 128 26 utvidgande

88 895 37 19 och
141 893 79 20 säledes
237 901 31 12 om
284 894 40 19 den
341 889 63 24 Östra
419 894 135 19 stambanans
570 893 129 26 beläggande
714 893 47 20 med
777 893 72 19 arbete

88 925 7 19 i
109 923 113 26 ordningen
239 926 47 17 näst
301 923 53 20 efter
370 924 39 19 och
424 923 8 20 i
444 924 128 19 omedelbart
583 923 99 20 samband
692 923 47 20 med
751 923 98 20 arbetena

89 955 11 19 å
115 954 39 20 den
171 952 130 21 Savolakska
316 954 75 19 banan.

158 989 90 24 Härmed
267 992 33 17 ter
318 989 33 26 sig
367 989 65 20 likväl
449 996 26 13 en
493 989 159 27 omständighet,
668 989 87 20 hvarom
767 989 38 25 jag
819 988 32 19 för

88 1019 132 20 undvikande
237 1019 22 20 af
272 1019 152 26 missförstånd,
440 1019 38 20 ber
494 1022 32 17 att
541 1019 21 20 få
577 1019 66 20 uttala
658 1019 48 25 mig.

157 1061 118 26 Begreppet
299 1061 130 20 Savolakska
453 1061 71 19 banan
545 1064 23 16 är
586 1067 85 14 numera
691 1060 81 26 ganska
787 1059 64 20 oklar.

90 1089 71 28 Enligt
180 1091 39 20 den
239 1091 76 25 nädiga
330 1090 158 27 propositionen
504 1091 76 20 förstäs
596 1090 84 21 dermed
696 1097 25 13 en
737 1091 53 18 bana
805 1089 47 20 frän

89 1119 95 28 Kaipiais
205 1121 76 20 station
302 1127 75 19 genom
394 1119 32 22 St.
442 1121 79 20 Michel
536 1121 7 19 i
559 1121 37 19 rak
612 1120 121 25 sträckning
748 1119 32 20 till
795 1119 57 20 Kuo-

91 1151 38 26 pio,
145 1157 46 14 men
207 1151 36 20 det
258 1153 23 17 är
296 1151 67 19 kändt
380 1153 31 17 att
428 1157 26 14 en
472 1151 59 19 stark
547 1151 83 26 opinion
646 1151 7 18 i
668 1150 71 19 landet
754 1149 37 20 vill
807 1149 45 20 der-

91 1181 46 20 med
159 1180 64 20 förstä
242 1181 63 25 nägot
327 1181 43 19 helt
393 1183 70 24 annat,
487 1181 49 19 eller
552 1187 26 13 en
593 1181 54 19 bana
662 1180 46 19 frän
723 1179 84 26 Kuopio
823 1178 32 19 till

91 1211 86 26 Jokkas,
198 1210 107 20 hvarifrän
327 1210 41 20 den
390 1210 69 20 skulle
476 1210 48 20 dela
539 1211 32 25 sig
587 1211 7 18 i
610 1211 36 19 tvä
661 1216 82 19 grenar,
760 1209 40 19 den
816 1215 39 16 ena

91 1240 57 21 öfver
171 1240 100 19 Puumala
295 1240 54 20 sund
372 1240 33 19 till
426 1240 98 26 Wiborg,
545 1241 38 19 och
606 1240 40 20 den
667 1239 65 20 andra
752 1238 58 21 öfver
825 1238 30 19 St.

91 1270 75 20 Michel
190 1270 37 20 och
251 1269 88 21 Heinola
363 1270 32 19 till
416 1270 76 20 Lahtis
514 1270 83 20 station.
628 1270 72 19 Skulle
721 1269 40 20 den
780 1267 76 27 nädiga

92 1300 153 27 propositionen
268 1300 7 20 i
299 1300 121 20 hufvudsak
442 1300 68 21 vinna
533 1300 127 20 Ständernas
680 1299 65 26 bifall,
765 1299 38 19 har
819 1298 38 26 jag

93 1330 31 20 till
144 1330 34 20 det
194 1330 71 26 sagda,
281 1330 130 20 beträffande
428 1330 181 26 ordningsföljden
625 1330 31 20 för
672 1330 41 19 den
729 1328 129 21 Savolakska

93 1360 38 20 och
149 1360 104 20 Karelska
272 1360 79 20 banans
367 1360 121 26 byggande,
506 1360 52 20 intet
575 1362 31 18 att
621 1360 92 25 tillägga,
728 1365 47 13 men
791 1358 67 20 skulle

94 1397 25 13 en
138 1390 109 26 tvägrenig
267 1390 54 19 bana
337 1390 6 19 i
360 1390 82 26 princip
459 1389 83 27 framgå
558 1397 25 12 ur
599 1389 126 21 Ständernas
742 1388 117 25 öfverlägg-

95 1420 79 25 ningar,
197 1420 66 19 måste
284 1419 37 25 jag
345 1419 62 25 bedja
429 1422 33 17 att
480 1419 24 20 få
520 1420 66 20 uttala
601 1420 42 19 min
659 1419 84 25 mening
758 1419 56 25 vara,
830 1419 32 17 att

95 1450 35 19 det
149 1456 48 14 vore
213 1449 80 25 obilligt
310 1450 38 18 och
364 1449 46 20 icke
427 1449 34 20 till
478 1450 83 19 landets
578 1456 65 13 sanna
659 1448 83 26 bätnad,
756 1454 32 13 om
799 1448 61 19 hvar-

165 1491 201 25 Jernvägsutskottets
382 1491 122 20 betänkande
520 1492 37 19 N:o
573 1492 17 18 3.
