1061 1717
293 97 237 23 Petitionsbetänkande
545 98 37 23 N:o
600 98 34 23 17.
783 101 28 21 13

90 163 85 23 krafter
190 164 7 21 i
213 164 101 27 anspråk,
331 164 46 31 det,
391 164 43 22 alla
449 164 109 22 särskilda
568 165 165 28 bestämningar
743 166 98 27 oaktadt,

90 199 64 22 alltid
170 201 70 21 måste
255 200 68 22 varda
339 200 55 22 både
410 200 49 28 dyrt
476 201 39 21 och
530 201 111 27 vanskligt
656 203 34 20 att
706 201 34 22 för
755 202 87 27 sjukbe-

90 235 40 21 sök
152 236 28 26 på
204 235 121 28 aflägsnare
341 236 84 22 trakter
440 237 97 27 påräkna
552 237 55 22 hans
623 237 67 28 hjälp.
720 238 50 21 Han
786 238 56 22 skall

89 270 47 23 ofta
159 271 62 23 äfven
246 272 51 22 med
317 272 63 22 bästa
394 272 52 28 vilja
462 274 34 20 att
511 274 27 26 gå
555 273 26 21 de
596 273 196 27 hjälpbehöfvande
807 274 35 22 till

89 309 70 20 mötes
184 314 22 16 se
223 308 33 21 sin
273 308 68 27 afsigt
357 308 53 22 eller
426 308 39 22 sitt
480 308 54 22 löfte
550 311 33 19 att
598 309 113 27 bispringa
728 310 48 21 dem
792 310 49 22 kor-

89 343 54 22 sade
158 350 77 20 genom
251 344 189 28 ämbetsgöromål,
457 350 47 16 som
521 344 47 22 icke
584 344 46 22 tåla
645 345 102 28 uppskof,
759 347 41 21 och
810 346 31 22 äf-

89 385 41 15 ven
153 379 33 22 uti
209 380 27 22 de
257 380 103 27 möjligen
376 380 107 22 tänkbara
499 380 46 28 fall,
561 381 28 21 då
604 388 28 15 en
646 382 195 26 provinsialläkare

89 414 24 22 af
127 422 27 15 en
170 415 53 23 eller
239 422 71 16 annan
327 416 65 22 orsak
408 416 96 22 önskade
519 417 142 27 undandraga
672 417 34 28 sig
716 424 26 15 en
753 417 88 23 besvär-

89 451 31 28 lig
135 458 55 21 resa,
207 452 57 21 skall
280 452 43 22 han
338 452 34 22 väl
386 453 47 26 just
448 453 33 21 uti
498 453 48 22 sina
562 453 212 28 tjensteåligganden
788 456 52 20 utan

91 488 110 27 svårighet
217 489 74 21 kunna
307 488 58 22 finna
381 489 63 27 giltig
459 489 118 27 anledning
593 489 82 22 därtill.
707 490 45 27 Att,
769 491 71 21 såsom

90 523 38 22 det
150 523 131 28 föreslagits,
303 524 34 22 för
357 525 142 27 sjukvårdens
515 525 168 22 handhafvande
699 525 78 28 ålägga
792 533 49 20 pro-

89 559 169 22 vinsialläkaren
278 562 32 20 ett
326 560 55 22 visst
398 561 59 22 antal
473 562 29 26 på
517 561 93 22 förhand
626 561 117 22 faststälda
757 568 62 16 resor
834 563 7 20 i

88 595 165 28 kommunerna,
280 596 71 22 skulle
366 597 74 22 vidare
457 597 48 21 icke
521 597 57 22 blott
593 603 52 16 vara
660 598 50 21 med
725 597 55 22 hans
795 600 46 20 äm-

89 631 188 23 betsverksamhet
300 632 160 28 svårförenligt,
484 634 54 20 utan
559 633 66 21 också
641 633 61 27 långt
717 633 58 22 ifrån
790 633 51 22 full-

89 667 97 27 ständigt
202 669 111 20 motsvara
329 668 37 22 det
382 669 89 21 därmed
488 669 91 21 afsedda
594 669 131 22 ändamålet.
757 669 44 22 Det
816 672 25 19 är

88 703 109 27 nämligen
217 703 60 22 klart
297 705 41 26 att,
354 705 29 20 då
397 705 55 20 hans
468 704 68 22 besök
551 704 57 22 blott
624 704 70 22 skulle
710 705 87 22 inträffa
813 707 27 26 på

88 738 66 28 vissa,
177 738 61 28 gifna
261 739 64 28 tider,
349 740 37 21 det
406 740 46 21 helt
468 740 40 21 och
524 739 68 22 hållet
606 739 72 22 blefve
694 740 108 23 beroende
817 741 24 21 af

88 774 107 28 slumpen,
211 775 108 22 huruvida
335 776 81 21 sådana
432 776 89 21 svårare
537 776 67 21 akuta
620 775 159 29 sjukdomsfall,
796 776 43 22 för-

87 809 150 29 lossningsfall
253 817 20 15 o.
290 811 28 27 d.,
335 811 35 22 vid
386 811 74 22 hvilka
476 811 7 21 i
500 811 91 22 främsta
604 813 95 20 rummet
709 811 28 22 lif
745 812 40 21 och
796 813 43 21 död

88 846 43 21 kan
147 845 51 23 bero
215 846 25 21 af
253 846 102 23 läkarens
372 853 64 15 snara
451 847 68 27 hjälp,
535 847 87 22 komme
638 849 34 20 att
687 848 153 21 sammanfalla

88 882 51 21 med
154 882 132 27 tidpunkten
302 882 33 22 för
351 883 54 21 hans
420 883 108 21 ankomst.
554 883 11 20 I
581 883 74 26 regeln
671 883 73 22 kunde
760 883 78 22 åtmin-

87 920 63 20 stone
175 925 26 15 en
226 919 68 21 sådan
317 918 136 28 tillfällighet
475 919 48 22 helt
538 919 107 27 naturligt
660 919 47 22 icke
722 920 115 27 påräknas.

88 953 46 22 Och
150 953 33 22 för
194 954 105 21 kroniska
310 955 113 21 åkommor
434 955 39 21 och
485 955 86 21 mindre
582 955 122 27 betydande
715 956 123 27 sjukdoms-

87 989 45 28 fall,
147 989 86 22 hvilkas
249 991 53 20 vård
317 990 58 27 förty
390 990 123 22 merändels
529 991 86 21 komme
632 992 32 20 att
679 994 96 25 upptaga
789 998 48 21 pro-

85 1025 181 22 vinsialläkarens
288 1026 33 21 tid
341 1027 69 20 under
426 1027 26 21 de
469 1026 148 27 regelbundna
632 1033 96 21 resorna,
745 1033 50 16 vore
811 1034 27 15 en

86 1061 34 22 för
135 1062 78 21 honom
237 1063 24 20 så
283 1062 139 27 betungande
446 1063 40 21 och
505 1062 50 22 hela
570 1063 54 20 hans
642 1062 104 28 ställning
762 1064 25 20 så
802 1065 35 19 vä-

86 1097 123 28 sendtligen
232 1098 174 27 omgestaltande
421 1098 81 22 reform
520 1098 123 27 säkerligen
659 1098 47 22 icke
722 1098 25 22 af
759 1099 79 22 nöden.

87 1133 44 22 Det
146 1133 44 22 kan
205 1133 86 23 således
308 1134 47 22 icke
369 1133 70 23 finnas
450 1134 71 27 utsigt
531 1133 34 22 för
575 1135 33 20 att
618 1134 221 27 provinsialläkarens

86 1169 80 22 hittills
182 1170 96 21 varande
288 1169 176 28 hufvuduppgift,
476 1171 33 20 att
520 1169 64 22 hafva
594 1170 42 21 den
647 1169 74 28 tillsyn
733 1169 61 23 öfver
805 1171 32 21 di-

87 1204 100 22 striktets
204 1205 99 22 sanitära
318 1205 159 28 förhållanden,
494 1205 119 22 verkställa
629 1205 154 28 liköppningar
798 1206 40 21 och

85 1241 69 20 andra
174 1241 193 22 rättsmedicinska
390 1241 197 27 undersökningar,
602 1243 53 25 göra
670 1241 167 27 apoteksvisita-

85 1276 78 28 tioner,
180 1277 117 22 öfvervaka
312 1277 164 23 vaccinationen
488 1278 40 22 och
541 1278 53 21 söka
605 1277 117 28 förebygga
733 1277 104 23 farsoters

85 1312 118 28 uppkomst
227 1314 40 21 och
291 1314 113 27 spridning
427 1320 28 15 m.
479 1320 37 21 m.,
533 1313 24 22 af
570 1315 80 25 staten,
667 1313 7 21 i
689 1313 65 22 hvars
770 1314 68 26 tjenst

84 1349 43 21 han
144 1350 53 26 står,
214 1350 57 21 skall
287 1350 87 21 komma
390 1351 34 21 att
438 1350 151 22 underordnas
605 1349 53 22 eller
674 1356 38 15 ens
728 1350 110 22 likställas

85 1385 50 21 med
158 1385 153 27 skyldigheten
335 1387 33 20 att
390 1386 100 22 meddela
511 1386 85 22 enskild
617 1385 110 28 sjukvård,
745 1386 39 22 och
801 1386 37 21 det

85 1420 56 22 enda
156 1421 35 21 till
207 1421 57 22 buds
281 1422 89 22 stående
388 1422 40 22 och
443 1424 29 26 på
488 1428 83 16 samma
586 1422 57 27 gång
658 1421 51 21 fullt
723 1422 114 26 praktiska

84 1456 83 22 medlet
182 1459 33 19 att
232 1458 152 22 åstadkomma
399 1458 120 27 tillräcklig
534 1458 129 21 läkarevård
676 1458 28 26 på
716 1457 76 22 landet
803 1464 34 21 sy-

159 1499 108 21 Allmänna
283 1500 184 20 Besvärsutskottets
484 1500 117 20 betänkande
617 1500 39 20 N:o
672 1500 31 19 14.
