1061 1717
213 103 29 21 22
384 102 239 24 Petitionsbetänkande
638 104 36 23 N:o
691 103 35 23 31.

184 168 49 22 från
256 168 146 23 Statsverkets
425 170 49 21 sida
496 169 85 23 erhålla
601 170 130 27 tillräckligt
746 170 121 22 understöd
882 170 53 22 eller

184 204 25 21 af
221 204 78 22 Staten
313 204 47 22 helt
375 205 40 21 ock
430 205 70 22 hållet
515 205 149 28 öfvertagas*;

255 241 48 26 »”att
325 240 7 21 i
353 240 121 28 Uleåborgs
493 241 49 21 stad
557 242 34 20 ett
606 240 139 28 fullständigt
761 241 175 24 elementarläro-

184 275 53 22 verk
259 276 50 21 med
327 275 85 23 finskan
428 282 47 16 som
491 276 235 28 undervisningsspråk
741 278 69 21 måtte
826 277 25 22 af
864 278 71 21 staten

184 311 153 28 uppehållas'';

255 349 48 25 vätt
337 350 33 20 ett
402 348 139 28 fullständigt
575 348 220 22 elementarläroverk
821 349 51 21 med
897 348 38 22 fin-

184 384 55 21 skan
265 384 71 21 såsom
359 384 235 27 undervisningsspråk
616 385 70 21 måtte
709 384 95 22 inrättas
824 384 81 28 jemväl
928 384 7 22 i

185 414 53 33 Åbo,
255 420 40 21 och
310 421 33 20 ett
358 419 139 28 fyrklassiskt
512 419 67 22 finskt
594 420 84 27 lyceum
695 420 7 22 i
717 417 161 31 Björneborg'':

254 457 47 25 »att
323 456 73 21 derest
418 456 78 27 nödigt
516 455 70 23 blefve
605 458 34 19 att
654 456 90 27 utvidga
759 456 154 27 normallyceet
928 456 7 21 i

184 491 135 21 Tavastehus
343 492 50 21 med
416 498 27 15 en
466 491 204 28 parallelafdelning
694 498 26 15 en
745 493 67 21 sådan
831 493 19 26 ej
867 493 67 21 måtte

184 527 89 21 komma
295 526 75 29 ifråga,
394 529 54 20 utan
472 527 7 22 i
503 527 75 22 stället
600 529 33 20 ett
648 527 57 22 finsk
720 528 83 27 lyceum
820 528 115 21 inrättas
924 522 15 37 i

184 563 170 28 Tammerfors'';

255 600 46 25 »att
321 600 33 20 ett
369 598 67 22 finskt
451 599 84 27 lyceum
551 600 68 21 måtte
635 599 33 22 för
684 601 60 20 östra
760 599 93 22 Finland
868 599 66 22 inrät-

183 635 35 20 tas
234 634 41 21 och
290 634 108 27 förläggas
414 635 35 21 till
464 635 202 21 Willmanstrand''.

255 669 105 22 Däremot
383 677 72 15 vunno
480 671 26 21 de
530 671 129 21 framstälda
682 670 111 28 förslagen
815 677 34 15 om
866 670 70 22 utvid-

184 705 70 27 gande
278 705 23 22 af
322 705 98 22 Joensuu
443 706 131 27 fyrklassiga
588 705 71 22 finska
674 706 85 27 lyceum
775 706 110 22 äfvensom
901 712 34 15 om

184 741 135 22 inrättandet
342 741 24 22 af
386 748 42 21 nya
452 741 72 28 lyceer
546 742 7 21 i
576 741 64 22 Kemi
660 742 40 21 och
716 741 93 28 Kuopio,
827 742 36 21 det
879 741 57 22 förra

184 776 127 28 fyrklassigt
334 777 50 22 med
406 777 68 22 finskt
489 777 242 28 undervisningsspråk,
748 778 37 21 det
801 783 76 16 senare
892 778 44 26 sju-

184 811 95 28 klassigt
303 813 50 20 med
376 813 90 20 svenskt
488 813 236 26 undervisningsspråk
747 813 48 21 icke
817 813 119 22 understöd

184 847 49 22 från
252 848 120 21 utskottets
388 848 55 21 sida.
475 848 49 21 Men
540 848 6 21 i
563 849 50 20 dess
630 848 64 22 ställe
710 848 97 27 föreslog
822 849 114 27 utskottet,

185 885 34 19 att
241 882 123 23 Ständerna
387 883 71 22 skulle
482 883 75 22 förena
579 883 34 28 sig
636 890 46 15 om:
699 885 48 26 ,att
763 883 116 22 framdeles
895 884 41 21 den

184 919 119 26 grundsats
318 920 69 21 måtte
402 919 73 28 följas,
491 921 33 20 att
540 919 178 22 statsunderstöd
733 919 70 28 gifves
819 921 23 20 åt
852 919 84 28 privata

184 954 78 27 lyceer,
278 955 74 21 hvilka
366 955 59 21 visat
440 955 34 27 sig
489 955 97 27 uppfylla
602 957 32 20 ett
650 955 95 27 verkligt
760 955 87 22 behof*.

255 990 35 21 Då
309 991 68 21 sedan
398 991 64 21 dessa
478 991 119 21 utskottets
613 991 83 27 förslag
710 991 72 21 blefvo
797 991 91 22 föremål
904 991 34 22 för

184 1025 136 29 behandling!
343 1026 58 22 inom
425 1027 100 27 ständen,
551 1027 126 26 godkändes
702 1027 26 21 de
752 1026 43 22 alla
818 1027 70 26 punkt
904 1027 33 21 för

184 1061 77 27 punkt,
280 1061 49 22 med
345 1062 111 27 undantag
473 1061 23 22 af
513 1063 37 20 det
566 1069 46 14 som
629 1062 63 21 rörde
709 1062 77 21 skolan
802 1062 7 21 i
824 1061 112 23 Willman-

184 1097 84 27 strand,
292 1097 112 27 angäende
426 1097 88 22 hvilken
535 1097 253 28 meningsskiljaktighet
803 1098 85 27 yppade
903 1098 34 27 sig

184 1132 80 22 mellan
288 1133 98 22 ständen.
417 1133 87 22 Preste-
520 1133 39 22 och
575 1133 169 22 Bondeständen
759 1133 102 22 fordrade
876 1136 60 19 näm-

183 1168 66 27 ligen,
274 1170 33 19 att
329 1169 93 21 svenska
445 1169 124 22 lärovärket
585 1169 6 21 i
608 1169 32 21 S:t
655 1169 79 21 Michel
750 1169 71 22 skulle
837 1169 98 22 förvand-

183 1203 33 22 las
238 1203 36 22 till
291 1203 162 28 finskspräkigt,
469 1205 120 26 hvarjämte
605 1204 166 22 Bondeständet
787 1204 101 28 föreslog,
904 1207 33 19 att

184 1239 38 22 det
237 1239 165 28 önskningsmäl
417 1240 67 21 borde
501 1240 23 21 af
538 1240 123 21 Ständerna
677 1240 90 27 uttalas,
784 1242 33 19 att
827 1240 110 27 Styrelsen

183 1274 58 28 ville,
257 1276 26 20 sä
297 1277 61 19 snart
374 1275 38 22 ske
428 1275 51 28 kan,
494 1276 89 27 vidtaga
597 1276 77 27 ätgärd
692 1276 75 21 därom
784 1277 33 21 att
833 1275 33 23 för
877 1277 59 21 östra

183 1310 106 22 Finlands
309 1310 67 22 behof
390 1312 33 21 ett
438 1311 139 27 fullständigt
593 1311 222 22 elementarlärovärk
831 1312 51 21 med
896 1311 40 22 fin-

184 1346 54 21 skan
265 1346 35 22 till
322 1347 234 27 undervisningsspräk
579 1347 121 22 inrättades
725 1347 7 21 i
755 1347 101 27 Wiborgs
880 1348 56 21 stad.

183 1381 11 21 I
209 1382 329 28 sammanjämkningsförslaget
553 1382 137 22 förkastades
707 1383 56 21 dock
779 1383 26 21 dessa
855 1383 81 27 förslag

184 1412 56 26 och"
251 1406 117 45 Standerna
385 1406 110 45 förenade
519 1414 33 32 sig
566 1414 44 26 om
617 1410 126 35 anhällan,
770 1410 31 11 =

253 1454 49 26 yätt
320 1454 33 21 ett
368 1453 67 22 finskt
450 1454 83 27 lyceum
549 1455 69 21 måtte
634 1454 34 21 för
683 1456 62 20 östra
759 1454 95 22 Finland
871 1454 65 22 inrät-

256 1496 107 20 Allmänna
379 1496 184 20 Besvärsutskottets
579 1496 118 20 betänkande
713 1496 38 20 N:o
766 1497 32 19 21.
