1061 1717
242 103 29 21 62
424 90 238 34 Petitionsbetänkande
676 99 37 23 N:o
731 92 18 29 1.

212 163 127 27 sträckning,
354 163 32 19 uti
400 162 85 20 hvilken
501 162 90 20 kanalen
605 161 75 26 kunde,
696 160 48 21 med
755 159 105 21 anlitande
871 158 22 21 af
900 159 64 20 redan

211 193 107 25 befintliga
340 192 130 26 vattendrag,
493 192 58 20 ledas
573 192 86 20 emellan
681 191 90 25 Wiborg
789 190 40 20 och
845 189 119 21 Keksholm.

212 223 117 20 Afstånden
349 226 35 16 äro
404 225 107 23 upptagna
528 222 7 20 i
556 222 92 26 enlighet
662 221 47 20 med
728 220 113 26 allmogens
859 218 106 28 uppgifter

213 254 27 26 på
263 252 25 20 de
311 252 67 20 skilda
399 255 83 17 orterna
502 252 38 20 och
560 252 55 26 förty
636 251 46 20 icke
697 250 127 25 fullkomligt
839 254 125 21 noggranna,

212 289 47 14 men
277 282 59 20 torde
356 282 64 20 likväl
438 282 196 25 öfverhufvudtaget
649 287 50 15 vara
714 280 99 26 temligen
827 278 139 25 tillförlitliga;

212 312 113 26 hvarjemte
341 312 100 20 särskildt
456 312 93 26 angifves
565 313 12 19 &
592 318 39 14 ena
646 311 59 20 sidan
721 310 26 21 de
763 309 94 21 sträckor
871 309 37 20 der
922 310 44 18 vat-

213 342 86 26 tendjup
322 342 23 19 af
366 342 28 21 10
417 342 31 20 fot
468 342 50 20 eller
538 341 118 21 derutöfver
676 340 112 20 förefinnes
806 342 53 18 samt
875 340 12 19 &
902 338 64 20 andra

213 372 60 20 sidan
291 372 37 20 der
345 372 105 26 grundare
464 375 72 17 vatten
553 372 49 20 eller
616 371 50 20 land
681 373 72 18 möter.

806 404 88 22 grundare
906 405 61 16 vatten

644 429 23 18 10
679 430 27 17 fot
719 431 62 16 vatten
830 429 45 17 eller
886 428 48 18 land.

213 456 93 20 Juustila
321 456 30 25 sjö
362 456 39 20 och
410 455 153 21 Koukkakallio
574 455 42 20 fors
664 455 12 21 1
695 451 12 36 =
715 457 58 18 verst
829 454 25 27 1/,
871 456 57 19 verst

214 486 98 20 Wentelä
334 489 82 17 vattnet
440 486 74 20 nedom
538 485 83 20 Saarela
666 485 14 21 6
737 501 10 11 $
828 483 77 28 Mew

215 515 83 21 Saarela
328 518 86 25 vattnet,
446 515 106 20 Talikoski
583 515 37 20 och

244 545 108 26 Kohijärvi
369 561 1 5 .
402 561 1 4 <
438 561 2 4 <
474 561 2 5 .
508 561 4 10 ,
545 560 75 5 00.
666 545 14 21 5
738 560 9 9 »
835 544 12 21 1
896 559 8 10 4

214 575 124 26 Rapukoski
345 576 38 19 och
391 575 164 26 Korpelanselkä
561 575 63 26 (Nää-

244 605 129 27 tälänjärvi),
404 621 4 4 .
440 621 4 4 .
476 621 4 4 «<
512 621 4 4 <
547 621 4 4 <
583 620 4 4 <
618 620 4 5 0.
668 605 14 21 3
739 620 10 12 m
835 603 13 22 3
896 620 9 11 >»

214 635 126 20 Mertosalmi
355 636 38 19 och
409 635 142 20 Kokonselkä.
668 635 14 21 3
735 629 14 37 n"
829 633 27 28 Ya
896 649 9 10 n

214 665 122 20 Hietasalmi
351 665 39 20 och
404 665 149 20 Pullilanselkä
668 665 14 20 3
738 680 11 12 »
828 663 27 28 a
896 679 9 12 »

215 695 144 20 Tammasalmi
375 695 38 20 och
428 695 159 20 Noskuanselkä
667 695 13 20 6
738 710 9 9 5

215 725 141 26 Kirnunlahti,
366 725 168 26 Meriojanlampi,
542 725 77 19 Raitai-

245 755 128 26 paleenlahti,
382 755 134 26 Oisiinlampi,
521 755 100 19 Hämeen-

245 784 38 26 oja,
299 785 159 26 Hämeenlampi,
477 784 143 20 Puomikallio-

246 814 38 26 oja,
304 815 132 26 Kalliolampi
456 815 39 19 och
510 821 25 14 en
551 814 33 20 del
600 813 23 20 af

244 844 128 26 Lempassuo
403 860 5 5 .
439 861 4 4 .
475 860 4 4 2
511 859 4 4 2
547 859 75 6 00.
669 844 12 21 1
739 860 10 12 x
829 843 13 21 3
889 860 9 11 %

215 873 136 28 Katiainvesi,
374 874 92 20 Udukka
489 874 38 20 och
547 874 73 20 Laiva-

245 904 54 19 saari
315 904 54 19 sund
403 919 4 4 .
439 919 4 4 .
476 919 4 5 .
511 920 4 4 .
549 919 2 4 .
583 919 39 4 ..
668 903 14 22 3
735 899 13 35 ää
836 903 11 21 1
896 919 10 10 5;

215 932 165 27 Siintolanselkä,
394 933 184 20 Paakkulankoski
588 934 32 19 till

245 963 68 20 ändan
329 963 23 20 af
364 963 115 20 Naisniemi
509 978 4 5 .
545 979 4 4 .
580 979 5 4 .
616 980 4 4 .
652 963 59 28 42%
739 979 9 10 ,

214 993 56 20 Från
286 993 113 20 Naisniemi
414 993 31 20 till
462 993 101 20 Tiurifors
586 1009 1 4 .
617 1011 4 4 .
653 993 58 28 23/
739 1009 10 12 »
835 993 14 20 2
896 1009 10 9 »,

215 1022 102 21 Tiurifors
333 1023 38 20 och
386 1023 179 20 Nuotkovinselkä
584 1039 1 4 .
616 1040 5 4 .
668 1024 13 21 7
738 1039 10 10 n
836 1023 10 20 1
896 1039 10 11 »,

215 1053 158 20 Ahvenitsafors
389 1053 39 20 och
443 1052 142 22 Saakalisund.
616 1069 4 4 .
668 1053 43 28 21,
739 1069 10 12 ,
835 1052 42 28 21/0
896 1068 10 12 5

215 1082 55 20 Frän
287 1081 84 22 Saakali
386 1083 72 20 strand
474 1083 32 20 till
522 1083 97 20 stranden

245 1111 24 20 af
281 1112 85 25 Ladoga
380 1113 61 25 längs
452 1113 40 20 den
502 1112 53 20 förbi
565 1113 55 20 Kex-

245 1141 56 20 holm
315 1141 93 27 flytande
423 1142 43 21 fors
485 1158 1 5 .
518 1158 1 5 .
551 1157 4 4 .
586 1158 5 4 .
622 1159 4 4 .
657 1143 29 21 20
743 1158 10 12 7
839 1142 13 21 2
898 1157 10 11 6

646 1184 73 28 1261
745 1200 10 10 »
825 1183 57 28 19/4
898 1200 11 11 »

715 1227 84 20 Summa
816 1226 71 27 1453/,
906 1229 63 18 verst.

290 1274 31 19 På
341 1274 93 26 antydda
450 1274 57 28 19!/,
526 1277 68 18 versts
614 1277 41 23 väg
672 1274 69 20 finnes
757 1273 14 22 5
787 1277 57 17 verst
864 1274 48 20 land
933 1275 34 19 be-

215 1303 81 19 stämda
313 1304 32 19 till
360 1306 78 18 största
453 1304 59 20 delen
528 1304 23 20 af
563 1305 112 26 kärrmark,
698 1305 13 20 7
728 1307 59 17 verst
801 1304 115 26 stengrund
932 1304 37 20 och

216 1332 67 20 forsar
298 1333 47 20 med
360 1334 14 20 2
390 1334 32 19 till
438 1334 13 20 6
466 1334 41 20 fots
523 1337 78 23 vatten;
617 1334 132 20 återstående
767 1334 42 28 7!/,
825 1336 57 18 verst
896 1334 72 19 kunna

214 1362 85 26 bringas
317 1363 32 19 till
371 1363 28 21 10
417 1363 41 21 fots
473 1367 47 17 rent
539 1364 123 26 vattendjup
680 1364 77 20 endast
775 1370 73 20 genom
868 1363 100 26 hortrödj-

215 1392 52 26 ning
281 1392 24 20 al
317 1393 87 20 eusiaka
419 1396 75 18 stonar.
524 1394 74 20 Denna
612 1394 187 26 kanalsträekning
813 1397 22 14 är
845 1394 34 18 väl
888 1393 81 26 ganska

214 1422 142 26 mängbugtig,
379 1430 47 13 men
449 1423 117 21 densamma
587 1424 57 26 löper
664 1430 75 20 genom
760 1426 41 17 tätt
823 1421 93 22 bebodda
931 1423 38 19 och

215 1451 115 26 ordentliga
345 1453 120 20 trafikleder
480 1454 127 20 behöfvande
622 1454 86 20 trakter.
740 1454 33 19 En
789 1453 74 27 flygtig
874 1452 54 21 blick
938 1454 27 24 pä

284 1494 195 25 Jernvägsutskottets
494 1495 116 20 betänkande
626 1496 37 19 N:o
681 1496 18 19 3.
