1061 1717
239 84 30 31 48
420 92 239 23 Petitionshetänkande
674 92 37 22 N:o
729 91 17 22 1.

205 160 45 25 joki
268 160 96 20 kommun
379 159 107 21 förbundit
502 160 32 25 sig
549 162 51 18 utan
617 159 116 25 ersättning
748 158 54 20 afstä
818 158 26 19 all
859 157 32 21 för
905 158 55 25 jern-

209 192 67 23 vägen
291 189 94 27 behöflig,
400 190 55 20 inom
471 190 92 20 socknen
578 189 94 26 befintlig
688 188 72 21 oodlad
776 188 63 20 mark.

279 237 130 25 Helsingfors
425 237 40 20 den
482 236 28 22 23
526 237 88 20 Januari
630 236 64 22 1885.

735 282 35 22 W.
786 281 21 23 J.
823 280 66 23 Lund.

569 420 31 22 15.

285 475 56 21 Frän
361 475 165 21 Bondeständet
541 481 27 15 en
584 475 94 26 petition
695 481 34 14 om
746 476 33 19 att
795 479 27 16 en
838 473 56 21 bana
915 471 48 22 frän

210 511 66 21 Wasa
290 511 91 27 jernväg
396 511 34 21 till
446 511 149 21 Kristinestad
611 511 68 21 mätte
699 510 85 26 intagas
800 509 7 21 i
823 509 85 21 landets
924 507 39 22 all-

211 549 80 19 männa
305 547 141 26 jernvägsnät
462 547 40 21 och
519 547 80 27 byggas
616 547 50 21 med
682 548 83 19 statens
781 545 72 22 medel
869 545 23 20 sä
902 545 62 20 snart

209 583 38 20 ske
269 583 49 26 kan,
341 582 95 27 ingifvan
457 582 24 21 af
501 582 57 22 Herr
579 582 103 22 Kaabriel
698 581 91 28 Anttila,
805 581 87 21 hvilken
909 580 7 21 i
933 579 30 22 öf-

211 618 136 27 versättning
363 621 23 18 är
403 619 130 26 sälydande:

354 701 2 6 —
369 679 50 19 Till
434 679 157 20 hedervärda
606 677 200 22 Bondeständet!

286 732 92 19 Landets
401 732 68 20 skilda
491 732 118 20 landsdelar
633 731 49 20 täfla
697 730 161 21 förnärvarande
873 730 7 19 i
895 729 70 20 anhäl-

211 762 34 19 lan
269 768 31 13 om
321 762 117 25 jernvägar.
469 762 35 20 Må
528 762 35 19 det
583 761 98 20 förunnas
697 761 62 20 äfven
774 761 43 24 mig
832 762 31 17 att
878 760 26 25 på
919 759 47 20 mitt

211 791 114 26 landskaps
347 792 90 25 begäran
461 792 38 19 och
522 793 12 18 å
557 791 48 20 dess
624 795 78 22 vägnar
717 790 109 20 framhålla
842 790 46 19 dess
904 788 64 21 behof

213 821 38 20 och
267 821 126 26 önskningar
409 824 31 17 att
455 822 38 19 hos
509 821 80 20 landets
606 821 89 20 Ständer
710 823 59 22 tagas
785 820 7 19 i
808 819 157 26 öfvervägande,

213 851 38 19 och
275 851 74 20 föreslå
372 851 120 26 byggandet
516 851 23 20 af
557 857 26 14 en
597 851 76 20 bibana
688 851 48 19 från
751 850 66 20 Wasa
829 849 90 26 jernväg
934 849 32 20 till

212 881 148 20 Kristinestad.

287 911 12 19 I
315 910 95 20 afseende
426 911 12 19 &
454 911 119 25 riktningen
588 910 23 20 af
621 911 159 25 jernvägsnätet
795 909 38 20 har
843 915 45 13 man
900 908 65 25 enligt

213 940 42 19 min
278 939 134 27 uppfattning
434 940 182 26 hufvudsakligast
634 941 54 25 tagit
703 943 76 16 tvenne
794 938 172 27 grundprinciper

213 970 7 19 i
235 970 143 20 betraktande.

275 1000 49 19 Man
340 999 42 23 har,
398 999 32 21 för
446 1000 36 19 det
496 999 71 27 första,
578 1000 88 19 medelst
674 999 147 20 hufvudbanor
829 998 54 20 velat
893 997 73 20 förena

212 1030 48 19 värt
275 1029 60 20 lands
351 1029 67 20 skilda
434 1030 57 19 delar
502 1030 37 19 och
551 1029 113 26 aflägsnare
676 1029 98 20 omräden
785 1028 46 20 med
839 1027 127 24 hvarandra;

213 1059 38 19 oeh
275 1059 32 20 för
325 1059 36 20 det
376 1059 65 20 andra
457 1060 37 19 har
510 1066 47 13 man
571 1059 70 20 funnit
656 1059 36 20 det
707 1059 111 24 angeläget
833 1060 31 17 att
879 1057 87 20 medelst

213 1088 86 20 bibanor
320 1088 76 21 tillföra
419 1089 25 20 de
465 1089 55 20 förra
541 1095 55 14 mera
611 1089 67 25 trafik,
695 1089 85 19 hvarest
795 1094 26 13 en
836 1087 63 20 talrik
914 1086 52 20 folk-

213 1118 78 25 mängd
313 1119 38 19 och
375 1121 30 18 ett
429 1119 23 20 af
465 1121 88 18 naturen
569 1119 42 20 rikt
626 1119 104 25 landskap
746 1118 41 19 kan
803 1117 86 26 erbjuda
904 1117 64 24 nägot

213 1147 74 26 dylikt.
317 1148 33 19 De
372 1148 57 20 förra
451 1149 92 19 banorna
565 1147 65 22 måste
652 1148 44 21 ofta
718 1147 56 20 föras
795 1147 62 26 långa
875 1146 93 20 sträckor

213 1177 82 26 igenom
318 1180 74 17 nästan
415 1179 39 19 öde
477 1179 85 25 trakter,
581 1179 37 19 der
633 1178 40 20 den
687 1177 70 21 lokala
773 1177 91 20 rörelsen
880 1179 22 17 är
918 1179 50 16 nära

213 1208 28 25 på
263 1207 68 26 ingen,
355 1208 133 26 hvarigenom
509 1211 67 17 staten
592 1208 42 19 kan
648 1207 22 20 få
686 1207 117 20 vidkännas
818 1213 26 14 en
860 1207 52 24 årlig
927 1205 40 20 för-

214 1237 43 19 lust
273 1237 21 19 af
309 1237 95 20 rörelsen.
434 1238 49 20 Men
499 1238 58 20 desto
573 1245 56 13 mera
645 1237 23 20 af
682 1237 45 26 vigt
743 1239 24 17 är
785 1237 35 20 det
831 1238 30 18 att
872 1236 17 25 ej
900 1236 68 19 lemna

214 1267 114 20 obeaktade
345 1267 77 20 sådana
437 1268 70 26 banor,
523 1268 71 19 hvilka
608 1274 50 13 vore
673 1267 7 20 i
697 1267 63 20 stånd
775 1269 31 17 att
824 1266 57 20 såväl
892 1265 76 20 under-

212 1296 56 20 hålla
283 1296 33 26 sig
331 1297 70 27 sjelva,
418 1304 43 14 som
477 1298 38 20 ock
531 1298 39 19 öka
586 1297 185 21 hufvudbanornas
787 1296 125 25 afkastning.

289 1326 42 20 Det
354 1330 24 16 är
400 1328 102 25 naturligt
524 1330 30 17 att
575 1328 26 19 då
621 1328 67 19 Wasa
701 1327 90 25 jernväg
807 1329 22 17 är
845 1325 69 25 färdig
928 1324 40 20 och

189 1382 3 2 =
213 1356 116 26 Uleåborgs
350 1356 89 26 jernväg
460 1363 42 14 som
518 1358 46 19 bäst
579 1360 24 17 är
618 1357 66 20 under
700 1351 105 37 byggnad,
822 1362 47 13 man
884 1355 85 19 allmänt

213 1388 24 16 är
261 1386 86 20 betänkt
370 1387 27 26 på
420 1389 32 16 att
474 1386 61 20 äfven
557 1387 65 19 andra
644 1386 104 26 landskap
764 1385 67 21 skulle
846 1385 81 19 komma
942 1385 27 25 på

213 1414 161 27 dagordningen,
385 1414 49 22 och
450 1419 30 17 att
496 1412 132 25 Österbotten
643 1422 29 14 nu
687 1416 58 25 finge
760 1422 51 14 vara
825 1416 49 24 nöjd
888 1417 32 17 för
936 1414 33 20 sin

213 1444 39 20 del.
283 1445 49 20 Men
356 1446 26 19 då
398 1446 36 20 det
450 1453 28 13 nu
494 1450 23 16 är
531 1446 60 26 fråga
606 1453 32 13 om
653 1453 26 13 en
695 1446 60 25 bana,
771 1445 86 21 hvilkon
869 1444 37 26 jag
920 1444 48 20 med

289 1487 197 26 Jernvägsutskottets
501 1488 116 20 betänkande
633 1488 39 21 N:o
688 1488 18 19 3.
