1061 1717
279 96 243 23 Petitiensbetänkande
536 97 41 21 N:o
593 96 35 22 23.
802 96 27 22 11

108 163 47 22 tills
166 163 73 22 vidare
255 163 40 22 och
306 163 58 21 intill
379 163 50 22 dess
440 163 50 21 dess
500 162 133 28 behöflighet
643 162 59 22 visat
711 162 34 27 sig
756 162 35 21 stä
801 161 60 22 öfver

110 199 33 22 alt
158 198 81 28 tvifvel,
256 199 48 21 icke
319 199 67 21 borde
402 198 24 22 af
440 200 74 20 staten
531 198 131 26 öfvertagas.

178 234 12 22 I
204 236 93 20 motsats
311 234 76 22 härtill
402 234 41 22 har
454 234 56 22 dock
520 234 121 22 utskottets
655 234 112 26 majoritet
777 232 85 22 förenat

109 270 35 28 sig
159 276 35 16 om
210 271 27 21 de
252 276 57 22 resp.
325 270 183 27 petitionärernas
524 270 65 27 äsigt,
604 271 34 20 att
653 269 110 27 nämligen
779 268 82 22 befolk-

109 306 74 27 nings-
199 307 40 20 och
262 306 233 27 spräkförhällandena
518 306 24 21 sä
561 306 7 20 i
584 305 153 27 Tammerfors,
753 311 47 15 som
815 299 46 27 Åbo

111 344 53 24 göra
179 342 134 22 inrättandet
328 342 24 22 af
365 348 27 16 en
408 341 148 27 finskspråkig
571 341 121 22 statsskola
714 340 35 22 för
763 340 77 22 flickor
855 340 8 21 i

110 378 106 21 hvardera
239 377 24 22 af
284 373 64 26 dessa
371 378 75 21 städer
466 377 35 21 till
517 384 27 15 en
560 377 77 27 åtgärd
654 376 134 22 förestafvad
803 376 61 22 såväl

110 412 25 23 af
148 413 101 22 behofvet
264 420 46 15 som
327 413 24 22 af
363 413 64 28 billig
442 413 84 28 hänsyn
541 413 35 22 till
593 413 41 22 den
650 412 124 22 numeriskt
795 412 68 22 öfver-

110 450 98 27 vägande
223 449 165 28 befolkningens
403 449 107 28 befogade
526 449 102 27 anspråk.
660 448 76 22 Såsom
747 448 117 28 petitionä-

111 491 40 16 ren
167 486 36 21 det
219 485 120 22 framhällit
354 485 94 28 ,företer
463 485 147 22 Tammerfors
626 485 8 21 i
650 485 110 27 egenskap
781 483 24 22 af
818 484 46 21 lan-

112 521 49 21 dets
177 521 68 21 första
261 521 143 21 industristad
420 521 28 26 på
464 521 44 21 alla
523 520 196 21 förvärfsområden
736 527 27 14 en
778 519 87 27 lifaktig

112 555 64 28 äflan,
197 563 46 15 som
267 559 39 24 gör
325 556 102 21 behofvet
448 556 23 21 af
485 562 27 15 en
536 556 137 21 intellektuel
691 555 126 27 utrustning
832 555 34 21 för

112 592 93 27 kampen
221 592 34 21 för
270 592 101 21 tillvaron
387 592 41 21 här
443 598 35 15 om
494 592 147 27 någonstädes
657 591 32 22 alt
704 597 60 16 mera
782 591 83 21 känbar

115 627 48 22 icke
179 627 94 22 allenast
288 627 33 22 för
336 629 37 20 det
388 627 143 28 uppväxande
555 627 103 27 manliga,
674 629 53 19 utan
751 627 62 21 äfven
832 626 35 22 för

112 664 39 21 det
166 663 95 28 kvinliga
277 664 99 27 slägtet*.
401 663 96 22 Tillfälle
512 663 35 22 till
563 663 149 27 skolbildning
728 663 34 21 för
773 663 41 21 den
825 662 39 21 fin-

115 699 40 21 ska
170 699 87 22 talande
273 699 96 27 kvinliga
385 699 155 26 befolkningen
556 699 7 20 i
579 698 148 22 Tammerfors
751 699 43 20 kan
810 698 54 21 såle-

113 735 38 21 des
167 735 69 21 under
251 735 50 27 inga
317 735 152 21 förhållanden
485 734 22 21 få
523 734 87 27 saknas,
627 734 40 21 och
684 734 36 21 det
736 734 40 21 har
791 733 74 22 därför

110 772 62 25 synts
191 771 109 21 utskottet
321 777 52 15 vara
394 770 47 21 skäl
464 771 34 20 att
519 770 86 27 föreslå,
622 770 38 21 det
677 769 71 22 finska
763 769 100 22 fruntim-

112 806 123 22 merskolan
251 807 119 27 därstädes,
385 807 72 26 hvars,
474 806 44 21 alla
533 806 167 26 missgynnande
715 805 151 22 förhållanden

112 843 99 26 oaktadt,
232 842 88 21 relativt
340 844 60 19 stora
421 841 109 22 elevantal
545 841 97 27 tydligen
658 841 123 21 vidhanden
797 840 69 28 gifver

115 878 50 21 dess
180 878 137 27 behöflighet,
333 877 70 22 blefve
419 877 24 22 af
458 879 73 20 staten
547 877 132 27 öfvertagen.

185 913 120 22 Enahanda
328 913 48 22 skäl
399 913 57 27 gälla
481 913 7 21 i
504 915 59 19 ännu
578 913 67 26 högre
661 913 53 27 grad
730 907 47 26 Åbo
793 912 8 21 i
817 912 49 21 dess

114 949 109 27 egenskap
239 949 23 22 af
275 949 86 22 landets
377 951 50 19 näst
443 950 82 20 största
541 949 55 21 stad.
628 944 70 26 Äfven
721 949 39 21 där
775 950 40 25 gör
833 954 33 15 re-

115 985 43 21 dan
174 985 71 22 lifvets
262 985 146 27 mångfaldiga
424 984 52 21 kraf
490 985 28 26 pä
534 984 187 27 själfförsörjning,
739 984 68 21 andra
818 990 49 21 syn-

113 1021 96 27 punkter
224 1023 33 19 att
273 1021 84 27 förtiga,
374 1027 27 15 en
424 1021 92 26 tryggad
531 1022 67 25 utväg
612 1020 36 21 till
661 1020 156 27 undervisning
827 1019 40 22 och

114 1056 99 27 bildning
235 1057 20 26 ej
278 1057 57 21 blott
357 1056 34 21 för
414 1056 42 21 den
480 1056 103 27 manliga,
607 1057 53 20 utan
684 1055 63 22 äfven
770 1055 34 22 för
825 1055 42 21 den

114 1092 103 27 kvinliga,
233 1093 19 26 ej
269 1092 57 21 blott
341 1092 33 21 för
390 1092 42 21 den
456 1092 93 21 svenska
565 1091 95 28 talande,
677 1093 53 20 utan
755 1091 63 22 äfven
834 1090 34 22 för

116 1128 41 21 den
173 1127 70 22 finska
258 1128 88 21 talande
362 1127 63 22 delen
441 1127 24 21 af
478 1127 155 27 befolkningen
649 1127 35 21 till
700 1129 32 20 ett
753 1127 114 26 lifsvilkor,

116 1164 40 21 och
179 1164 92 27 tryggad
294 1166 24 19 är
341 1164 70 21 denna
434 1165 66 25 utväg
524 1163 27 27 ej,
567 1164 25 20 sä
615 1163 64 27 länge
702 1163 49 21 dess
773 1163 95 26 tillvaro,

116 1199 8 22 i
139 1199 69 22 likhet
223 1200 50 21 med
295 1200 85 26 privata
403 1199 71 22 finska
500 1199 228 22 fruntimmerskolans
753 1199 7 20 i
783 1193 54 32 Äbo,
861 1198 8 21 i

117 1235 54 27 följd
191 1235 24 22 af
233 1237 34 20 att
288 1235 215 27 inträdesafgifterna
519 1235 18 26 ej
555 1234 73 27 förslä,
644 1235 64 21 beror
731 1234 24 21 af
774 1234 42 21 den
832 1240 37 15 en-

116 1271 73 21 skilda
204 1271 189 27 offervilligheten,
410 1272 28 26 pä
460 1271 89 21 hvilken
569 1270 152 28 offervillighet
737 1271 25 21 sä
778 1269 91 27 mycken

114 1313 62 15 mera
186 1308 139 20 uteslutande
335 1308 70 20 mäste
415 1307 89 27 byggas,
516 1313 46 15 som
574 1306 175 22 elevirekvensen
760 1305 109 27 svärligen

116 1343 44 21 kan
180 1343 87 21 komma
287 1344 34 20 att
341 1343 57 27 stiga
415 1342 35 22 till
470 1342 34 22 sin
520 1342 98 22 normala
633 1342 59 27 höjd,
709 1342 28 21 dä
752 1341 117 21 inrättnin-

115 1385 54 20 gens
185 1378 71 22 ovissa
271 1378 167 22 existensvilkor
460 1378 48 22 helt
528 1378 106 26 naturligt
650 1377 125 22 afskräcker
790 1378 80 26 mänga

119 1414 107 21 föräldrar
241 1414 48 21 frän
305 1416 34 19 att
353 1416 53 25 göra
422 1414 48 21 sina
485 1414 66 20 barns
563 1413 107 27 skolgäng
681 1413 64 21 däraf
753 1412 116 22 beroende.

116 1450 47 26 Att,
179 1449 110 27 slutligen,
305 1444 46 27 Äbo
367 1451 72 20 säsom
463 1449 106 21 Finlands
593 1449 72 27 gamla
680 1448 134 22 hufvudstad
830 1447 40 22 och

190 1492 107 19 Allmänna
312 1491 184 20 Besvärsutskottets
512 1490 116 20 betänkande
644 1490 37 20 N:o
696 1490 33 20 18.
