1061 1717
208 85 29 22 72
395 84 238 24 Petitionsbetänkande
648 85 40 22 N:o
705 83 19 23 1.

253 150 11 22 I
279 150 121 28 petitionen
416 152 14 22 8
446 152 48 22 åter
510 151 92 23 föreslås
618 158 28 15 en
662 151 69 22 sådan
746 149 135 27 sträckning,
896 150 34 20 att

178 187 127 27 Pyhäjärvis
320 187 65 22 södra
400 188 76 21 strand
492 187 71 23 skulle
578 187 89 22 beröras
684 186 39 22 och
739 186 68 22 sedan
818 185 42 22 den
870 184 60 22 förut

178 223 135 23 undersökta
327 223 68 23 linien
410 223 72 28 följas.
776 220 3 2 |

252 257 115 24 Utskottet
386 259 41 22 har
446 260 50 22 icke
516 261 56 20 trott
592 259 34 27 sig
646 259 74 21 kunna
739 259 99 26 upptaga
853 256 76 26 frägan

178 301 34 15 om
233 294 89 23 hvilken
343 294 24 23 af
384 295 27 22 de
431 294 125 28 föreslagna
576 294 180 28 sträckningarne
771 299 52 16 vore
838 294 34 20 att
886 290 44 22 för-

178 330 75 28 draga,
274 337 49 15 men
343 331 41 21 har
403 331 56 22 dock
480 332 73 21 ansett
571 331 38 21 det
628 336 52 16 vara
698 329 35 22 väl
748 328 134 23 motiveradt
896 328 34 20 att

176 366 68 22 linien
260 367 78 27 drages
353 366 47 22 frän
415 367 91 27 Wiborg
521 366 34 22 till
571 366 94 28 Jääskis,
682 366 38 22 der
735 365 43 22 den
789 364 51 22 skär
850 362 80 23 Wuok-

177 408 50 16 sens
250 402 164 23 kanaliserbara
436 403 44 27 del,
503 402 40 22 och
567 402 95 22 derifrän
682 401 86 22 direkte
787 400 34 22 till
840 398 90 28 lämplig

176 439 126 27 hamnplats
325 439 36 22 vid
379 439 101 28 Ladogas
498 445 67 16 norra
585 439 53 22 eller
657 439 129 22 nordvestra
803 437 60 27 kust,
882 441 47 16 som

177 481 78 21 genom
279 475 82 22 ordnad
384 475 125 28 skeppsfart
532 475 119 22 förmedlar
670 481 27 16 en
712 473 136 28 betydligare
864 471 65 23 trafik

177 511 94 22 emellan
285 511 95 22 Karelen
396 511 40 22 och
451 511 116 28 Ryssland.

250 547 114 22 Huruvida
384 547 41 22 den
446 547 118 28 vestligare
585 547 53 22 eller
654 547 105 27 ostligare
775 545 154 27 sträckningen

176 589 44 21 upp
239 583 35 22 till
293 583 96 22 Joensuu
407 585 25 20 är
446 585 34 20 att
495 583 121 28 föredraga,
632 584 71 21 mäste
718 583 52 22 bero
785 583 29 26 pä
829 583 101 20 närmare

176 619 171 28 undersökning.

251 655 44 22 För
310 655 42 22 den
368 656 80 27 ostliga
463 655 154 28 sträckningen
633 655 64 28 talar,
707 657 33 20 att
755 655 42 21 den
814 656 52 19 utan
877 659 51 22 gen-

176 690 85 29 sägelse
284 697 101 21 passerar
407 691 120 22 folkrikare
549 691 86 22 trakter
657 691 41 22 och
716 693 54 19 nära
787 690 64 22 berör
868 689 61 27 bety-

176 727 71 22 dande
263 727 139 22 industriella
417 727 164 28 anläggningar.
596 727 48 22 Mot
660 728 42 21 den
717 726 93 28 vestliga
825 726 43 21 kan
879 725 49 22 med

176 762 36 28 fog
228 765 71 25 sägas,
315 765 34 20 att
364 763 41 22 den
420 765 80 20 nästan
515 764 28 27 pä
558 763 50 22 hela
624 763 34 22 sin
674 763 87 22 sträcka
777 761 64 28 följer
855 761 74 22 alltför

175 800 54 19 nära
244 798 165 28 vattendragen,
425 805 50 16 men
491 799 35 21 till
542 798 84 23 förmän
642 799 34 21 för
692 799 127 21 densamma
830 799 54 26 äter,
895 799 33 20 att

175 834 42 21 den
233 833 127 28 antagligen
375 833 43 22 blir
432 834 101 28 billigare
549 835 34 21 att
597 833 79 23 utföra.

250 869 32 22 På
297 869 71 28 grund
384 869 24 22 af
422 869 38 22 det
474 870 68 27 sagda
552 869 34 22 får
599 869 110 23 utskottet
719 870 112 21 vördsamt
841 867 87 28 föreslå,

358 906 33 21 att
410 905 121 22 ständerna
545 904 50 23 ville
611 905 37 22 hos
664 905 66 22 Hans
745 904 125 28 Kejserliga
880 903 48 22 Ma-

312 941 69 27 Jjestät
401 941 9 22 i
429 941 175 28 underdånighet
624 941 91 22 anhålla
735 947 33 15 om
788 941 32 21 att
842 939 86 22 teknisk

318 976 37 22 och
370 976 122 23 ekonomisk
506 977 120 28 utredning
641 977 68 22 måtte
725 975 159 29 åvägabringas
897 974 29 22 be-

318 1011 108 29 träffande
448 1012 135 29 lämpligaste
602 1012 152 28 sträckningen
775 1011 29 28 af
821 1018 28 15 en
864 1012 64 21 stam-

317 1047 58 23 bana
379 1047 59 28 från
453 1047 83 29 Wiborg
546 1047 60 28 öfver
615 1048 91 22 Jääskis
717 1047 82 22 direkte
809 1047 34 22 till
853 1047 75 22 hamn-

314 1083 60 28 plats
388 1084 37 22 vid
440 1083 91 28 Ladoga
547 1083 38 22 och
599 1083 101 29 derifrån
715 1083 35 22 titl
759 1083 104 28 Joensuu,
871 1084 56 20 samt

317 1121 32 20 att
359 1119 135 28 proposition
509 1126 33 15 om
553 1119 111 29 byggande
676 1119 31 28 af
713 1119 72 22 sådan
795 1118 57 23 bana
861 1118 66 22 måtte

311 1155 128 28 Jöreläggas
454 1155 258 23 nästsammanträdande
727 1155 96 22 ständer.

540 1281 20 23 9.

243 1328 11 21 I
270 1328 44 22 alla
329 1329 27 21 de
380 1330 80 27 städer,
484 1330 34 21 till
541 1330 74 22 hvilka
637 1331 49 21 vårt
699 1330 142 26 jernvägsnät
857 1328 69 22 under

170 1369 76 16 senare
275 1364 58 22 tider
360 1365 128 28 utsträckts,
511 1366 29 22 ha
566 1366 160 27 jernvägsspär
748 1364 82 28 jemväl
853 1363 73 23 blifvit

168 1399 69 22 jedda
249 1399 35 22 iii
296 1395 61 40 resp.
367 1395 94 40 hamnar.
477 1395 90 40 .Sädant
580 1395 35 40 bar
624 1395 60 40 varit
694 1400 232 28 förkrällairde
844 1395 23 40 ej
874 1395 54 40 allo-

170 1436 50 20 nast
236 1435 7 21 i
264 1434 62 28 fråga
349 1442 35 16 om
407 1436 162 29 kuststäderna,
592 1439 53 19 utan
668 1436 64 22 äfven
756 1436 28 22 dä
809 1436 38 21 det
872 1435 54 27 gällt

238 1477 198 26 Jernvägsutskottets
452 1478 117 21 betänkande
585 1478 41 22 N:o
642 1480 17 18 3.
