1061 1717
239 90 28 22 10
419 88 242 24 Petitionsbetänkande
676 89 37 23 N:o
725 88 24 24 5.

208 162 39 22 fall
267 161 66 23 berör
351 162 61 22 detta
427 161 138 22 förhällande
581 162 42 22 den
640 162 97 22 militära
753 161 153 23 institutionen
923 162 40 22 och

208 198 68 22 borde
292 198 63 21 äfven
370 198 74 21 kunna
460 197 85 28 stäfjas.
569 197 31 22 Af
609 198 27 21 de
647 198 137 27 berättelser,
795 197 75 23 hvilka
880 203 83 16 reserv-

208 233 207 27 kompanicheferna
430 232 110 28 aflemnat,
557 233 102 28 framgår,
676 235 33 21 att
724 233 75 22 försök
816 234 7 21 i
835 234 61 22 detta
906 233 57 28 syfte

208 269 77 27 gjorts,
303 268 46 22 dels
365 275 77 21 genom
459 271 34 20 att
509 269 211 27 kronobetjäningen
735 270 115 22 beordrats
867 272 33 19 att
913 272 49 19 när-

208 311 53 15 vara
276 305 37 21 vid
329 311 112 15 reservens
457 304 71 22 första
544 306 231 21 sammankommande
791 305 47 22 dels
852 305 57 22 ocki
926 312 36 15 en-

208 340 83 22 skildta
310 340 38 22 fall
370 341 125 27 derigenom
517 343 33 19 att
565 341 126 27 gudstjenst
706 341 76 21 hällits
797 341 38 21 vid
849 341 75 27 början
940 340 24 22 af

207 378 151 26 reservmötet,
380 377 39 21 och
440 377 41 21 har
503 377 126 27 isynnerhet
645 377 41 21 den
710 383 77 15 senare
808 377 104 27 ätgärden
931 376 31 22 vi-

208 414 35 19 sat
259 412 34 27 sig
307 412 65 22 hafva
387 413 56 27 goda
459 412 86 28 följder.

279 448 50 22 Men
345 455 35 15 om
396 449 40 22 ock
452 449 93 22 orsaken
562 449 34 21 till
612 449 150 28 nyssnämnda
772 448 190 23 missförhällande

207 484 43 21 kan
273 487 64 24 sägas
357 484 58 27 ligga
431 487 61 19 utom
509 485 119 27 militären,
648 486 24 20 sä
687 485 40 20 har
743 485 99 21 deremot
858 485 36 21 det
910 486 52 25 sätt,

207 520 83 27 hvarpä
313 520 119 27 ordningen
456 521 119 21 handhafts
596 521 36 21 vid
656 527 27 15 en
702 520 36 21 del
753 520 208 27 reservkompanier,

207 555 64 27 gifvit
287 555 118 28 anledning
420 556 35 21 till
471 556 98 22 klander.
601 557 43 21 Det
660 557 40 21 har
716 557 49 20 med
781 556 48 21 skäl
841 556 119 27 anmärkts,

208 592 72 21 säsom
297 591 48 22 icke
360 592 50 21 med
420 592 43 27 god
475 592 93 27 ordning
579 591 245 28 öfverensstämmande,
836 593 33 20 att
879 597 83 16 reserv-

207 629 94 20 männen
317 633 35 15 om
368 627 191 28 lördagsaftnarna
576 628 39 21 och
633 628 137 27 söndagarna
786 627 34 22 till
835 629 55 20 stort
901 628 60 21 anta!

208 662 84 22 erhälla
308 663 137 28 permission,
460 663 70 22 under
540 663 89 22 hvilken
640 663 27 22 de
679 663 7 22 i
697 663 76 22 skaror
783 664 68 27 draga
863 663 99 28 omkring

207 699 7 20 i
236 698 116 22 trakterna
372 698 24 22 af
409 699 116 27 kasärnen,
542 699 93 28 uppföra
651 699 34 28 sig
700 699 116 27 anstötligt
832 701 57 20 samt
905 699 56 22 deri-

207 740 78 21 genom
307 734 67 22 väcka
395 734 119 28 förargelse
530 735 40 22 hos
587 735 100 22 traktens
704 735 124 27 inbyggare.
860 735 101 22 Visserli-

206 776 41 21 gen
264 769 120 23 anbefaller
398 770 257 27 befälhafvarestyrelsen
672 771 7 21 i
696 777 26 15 en
742 771 24 21 år
788 771 57 22 1883
859 771 102 21 utfärdad

205 806 148 27 promemoria
376 806 34 21 till
431 807 157 21 reservbefälet
608 808 34 20 att
662 813 36 15 om
714 806 191 28 lördagsaftnarna
920 807 40 21 och

206 842 137 27 söndagarna
361 842 131 27 permission
508 843 36 21 mä
564 842 70 27 gifvas
654 843 79 21 endast
748 843 23 20 ät
787 843 26 21 de
829 845 131 24 reservmän,

204 877 77 22 hvilka
303 878 57 21 visat
381 880 33 19 ett
435 878 148 27 oklanderligt
599 878 143 27 uppförande,
767 878 7 21 i
789 878 105 21 händelse
910 878 27 22 de
953 878 6 21 i

204 913 106 22 närheten
326 919 40 22 ega
382 914 128 27 slägtingar.
537 914 49 21 Men
602 915 72 20 denna
690 913 112 22 föreskrift
817 920 64 21 synes
897 913 7 22 i
920 913 40 23 all-

205 949 90 21 mänhet
310 949 19 27 ej
344 949 65 22 hafva
422 949 61 28 följts
494 950 50 21 med
560 949 107 28 tillbörlig
682 949 141 28 noggranhet.

275 985 115 22 Likaledes
407 985 40 22 har
463 986 37 21 det
516 986 65 21 väckt
596 988 75 19 anstöt
687 987 34 20 att
737 986 130 27 manskapet
882 985 36 22 vid
932 992 28 15 en

205 1020 35 22 del
261 1021 203 27 reservkompanier
484 1021 122 22 meddelats
627 1021 102 22 tillständ
748 1023 34 20 att
797 1027 35 16 om
849 1021 110 27 söndagen

204 1056 6 21 i
227 1055 55 22 eller
298 1059 53 19 nära
366 1057 58 21 intill
440 1057 133 22 barackerne
589 1057 95 22 anställa
696 1057 127 27 dansnöjen,
834 1063 47 15 som
892 1057 67 21 vällat

203 1091 167 28 folksamlingar
392 1093 40 21 och
452 1093 109 21 föranledt
579 1093 151 27 dryckenskap
751 1093 40 21 och
812 1093 68 21 andra
896 1093 62 21 oord-

203 1127 84 27 ningar.
319 1127 62 22 Dock
401 1128 40 21 bör
462 1129 64 21 äfven
547 1129 8 21 i
577 1129 61 21 detta
654 1128 104 22 afseende
775 1131 133 25 omnämnas,
925 1131 33 19 att

203 1164 28 25 pä
251 1164 69 26 nägra
343 1165 59 20 orter
417 1164 82 21 befälet
515 1164 204 27 uppmärksammat
735 1164 57 21 slika
808 1163 150 22 förhällanden

203 1199 39 20 och
259 1199 50 21 med
325 1199 119 28 anledning
460 1199 64 22 deraf
537 1199 106 28 förbjudit
658 1200 83 21 sädana
757 1199 171 28 tillställningar.

274 1234 63 22 Säväl
358 1236 94 21 rörande
474 1235 89 22 aktiven
586 1242 46 15 som
654 1241 102 16 reserven
771 1235 44 22 kan
831 1241 50 16 man
897 1236 61 21 dess-

202 1271 61 20 utom
289 1271 111 27 anmärka,
424 1273 34 20 att
478 1270 162 23 underbefälets
661 1271 136 27 uppförande
819 1271 47 22 icke
884 1271 74 22 städse

201 1306 58 21 varit
281 1306 38 22 det
339 1306 63 22 bästa
425 1307 118 22 föredöme.
575 1307 110 22 Särskildt
700 1307 41 21 har
755 1307 8 21 i
779 1307 62 21 detta
857 1307 101 21 afseende

202 1342 37 21 det
259 1340 92 23 allmänt
370 1342 108 22 utbredda
494 1344 124 27 svärjandet
633 1343 67 21 väckt
715 1345 33 19 ett
763 1342 125 28 obehagligt
904 1348 54 22 upp-

201 1377 88 22 seende.
321 1378 121 28 Medgifvas
464 1380 69 20 mäste
554 1379 130 27 visserligen
705 1380 34 20 att
755 1378 71 22 denna
842 1378 52 22 osed
910 1378 48 22 icke

201 1407 25 27 är
241 1412 88 22 hemma?
345 1413 94 23 allenast
452 1414 267 27 4'kasärnema;'men'&
725 1414 83 21 andra
816 1403 62 43 sidan
888 1403 73 43 fitnes

204 1448 56 22 dock
281 1449 65 21 bland
370 1450 37 21 det
428 1449 70 22 finska
516 1450 69 22 folket
600 1456 27 15 en
643 1452 49 19 stor
707 1450 80 27 mängd
803 1450 82 21 sädana
900 1450 57 26 hem,

277 1492 107 20 Allmänna
399 1492 187 21 Besvärsutskottets
602 1492 119 20 betänkande
735 1492 40 20 N:o
790 1493 19 19 4.
