1061 1717
295 83 240 23 Petitionsbetänkande
549 84 41 22 N:o
607 83 35 23 14.
789 83 27 21 13

97 151 49 21 kets
163 151 38 21 sak
217 151 70 21 skulle
304 151 7 21 i
326 151 104 21 händelse
446 151 24 21 af
484 151 42 21 den
542 150 103 28 oenighet
656 150 80 22 mellan
748 149 99 27 stånden,

97 193 47 15 som
167 194 51 14 man
241 186 93 28 befarar,
356 187 47 21 icke
424 186 88 22 befinna
532 187 33 27 sig
581 187 7 21 i
604 193 72 15 annan
692 186 111 27 ställning,
819 187 28 19 än

98 224 79 26 många
196 224 69 20 andra
285 222 81 28 frågor,
382 223 74 22 hvilka
471 224 8 21 i
494 223 90 22 likadan
598 223 106 21 händelse
720 225 38 19 äro
774 222 75 21 hänvi-

99 259 52 21 sade
173 259 34 21 till
226 259 42 21 den
287 259 141 27 bearbetning
444 259 24 21 af
482 259 124 27 opinionen,
623 265 46 15 som
686 260 23 20 är
725 258 124 27 nödvändig

99 294 34 22 för
155 296 33 20 att
209 301 77 21 genom
303 301 42 21 nya
360 295 34 21 val
410 294 83 22 erhålla
508 294 114 28 pluralitet
638 294 59 22 inom
712 295 136 26 representa-

98 330 82 22 tionen.
211 330 75 22 Skulle
302 331 7 21 i
325 330 102 22 afseende
444 332 12 20 &
472 330 44 22 alla
531 331 65 21 dessa
611 330 64 27 följas
690 330 108 27 politiken
809 331 39 25 att,

98 366 69 23 hellre
190 369 27 19 än
239 368 33 20 att
287 366 89 22 försöka
392 367 70 21 denna
478 366 150 28 bearbetning,
644 366 64 21 kasta
724 365 102 27 frågorna
842 364 8 22 i

99 403 42 21 den
157 404 68 20 andra
240 403 158 21 statsmaktens
414 409 79 21 armar,
510 404 24 20 så
549 409 51 15 vore
617 403 37 24 det
670 403 61 20 snart
745 402 44 21 slut
799 401 51 21 med

99 439 30 22 all
152 439 214 27 representationens
389 439 61 21 makt
467 439 6 21 i
490 440 48 20 vårt
554 439 125 21 statsskick.
711 437 46 22 Och
773 437 34 22 till
823 443 27 15 en

100 475 69 21 sådan
191 474 102 27 fortgång
312 481 50 15 vore
377 474 77 27 början
470 475 69 26 gjord,
557 481 34 14 om
608 481 51 14 man
675 473 23 22 af
712 473 90 27 farhåga
817 472 34 22 för

99 510 103 27 möjligen
218 510 114 21 bristande
349 510 188 27 samstämmighet
554 510 79 21 mellan
646 510 93 21 stånden
749 509 38 21 vill
798 508 53 21 fast-

77 553 3 2 *
100 546 59 22 hålla
175 547 36 20 det
227 545 70 22 finska
313 546 100 27 språkets
429 546 40 21 sak
485 552 47 15 som
548 552 27 15 en
586 545 165 28 angelägenhet,
762 545 88 21 hvarom

102 582 117 21 ständerna
235 581 62 22 skola
313 581 28 22 ha
356 581 57 22 intet
428 583 34 19 att
477 581 93 22 besluta.

173 617 50 22 Men
247 617 48 22 icke
319 623 37 16 ens
380 617 34 21 till
438 624 26 15 en
485 618 67 20 sådan
569 617 91 28 farhåga
675 616 116 23 förefinnes
807 615 44 22 till-

101 653 96 27 räckliga
213 653 55 27 skäl,
285 659 35 15 om
335 653 57 22 blott
408 653 250 27 regeringsproposition
672 653 6 21 i
690 653 67 21 saken
769 653 84 26 engång

101 689 99 22 erhålles.
233 689 30 27 Ty
287 689 7 21 i
317 690 40 21 och
380 690 50 21 med
454 690 123 21 detsamma
600 696 27 15 en
646 690 67 21 sådan
730 689 122 26 föreligger,

101 725 63 22 skola
178 725 160 27 verkningarne
349 732 51 15 vara
415 726 137 26 undanröjda
567 725 24 22 af
605 726 27 21 de
644 725 209 27 meningsolikheter

102 761 7 21 i
125 761 178 21 konstitutionelt
319 761 102 21 afseende
438 762 40 20 och
494 762 50 21 med
559 761 84 27 hänsyn
659 761 35 22 till
709 761 144 27 lagtolkning,

102 797 75 21 hvilka
199 797 80 21 hittills
301 798 25 20 så
349 797 86 27 mycket
450 797 89 21 hindrat
555 797 40 22 allt
611 797 132 27 samgående
759 797 8 21 i
782 796 72 21 hithö-

103 833 68 21 rande
190 832 83 27 frågor,
297 833 40 21 och
356 833 43 21 alla
417 833 62 21 skola
495 833 74 22 kunna
585 833 59 21 sluta
660 833 33 26 sig
708 833 146 21 tillsammans

103 869 29 27 på
153 869 47 26 den,
222 869 132 21 åtminstone
375 869 87 27 hittills,
484 869 58 21 inom
561 869 202 26 representationen
780 867 23 22 af
817 869 38 20 nä-

105 906 49 20 stan
175 904 43 21 alla
240 905 96 20 erkända
351 905 147 26 grundsatsen
514 911 34 15 om
565 905 37 21 det
618 904 111 22 definitiva
745 903 110 28 genomfö-

103 941 79 21 randet
201 939 24 22 af
239 939 98 22 finskans
353 941 40 20 och
409 941 120 20 svenskans
545 940 143 27 fullständiga
703 939 152 28 likställighet.

104 975 46 22 Och
173 978 24 19 är
218 976 71 21 denna
309 976 39 21 bas
364 977 84 26 engång
464 976 79 27 gifven,
560 977 24 20 så
600 976 62 21 skola
678 976 177 21 enskildheterna

104 1011 56 21 dock
182 1011 64 22 alltid
269 1012 74 21 kunna
364 1012 86 26 jemkas
470 1011 58 28 ihop,
545 1018 34 15 om
596 1014 28 19 än
639 1011 83 22 kanske
739 1011 47 21 icke
802 1013 53 18 utan

103 1047 77 21 besvär
196 1047 39 21 och
251 1047 112 26 rifningar.

178 1082 33 21 De
235 1085 47 18 mot
303 1083 101 20 anhållan
426 1089 34 14 om
478 1083 101 21 ärendets
595 1083 138 27 upptagande
749 1082 35 22 till
799 1082 56 21 före-

104 1118 44 21 mål
171 1117 33 22 för
228 1118 231 27 ständerlagstiftning
482 1119 76 26 gjorda
574 1118 185 27 invändningarne
776 1117 81 22 förlora

105 1153 85 22 derföre
206 1153 29 22 all
253 1154 34 21 sin
298 1154 112 27 betydelse
421 1156 113 25 gentemot
545 1155 41 20 den
598 1156 60 19 stora
668 1154 105 27 politiska
783 1153 74 28 vigten

106 1191 33 19 att
160 1189 53 21 söka
229 1190 169 26 sammanknyta
413 1190 50 21 med
479 1190 123 21 hvarandra
618 1191 37 20 det
671 1189 69 22 finska
757 1189 100 28 språkets

105 1225 40 21 och
161 1225 37 21 det
213 1225 184 22 konstitutionela
413 1225 154 22 statsskickets
583 1225 132 28 utveckling.
746 1226 66 21 Först
830 1225 28 21 då

105 1260 57 21 skall
177 1261 42 21 den
235 1260 48 22 fara
298 1267 53 15 vara
367 1261 153 27 öfvervunnen,
537 1268 47 15 som
600 1263 24 20 så
640 1261 64 27 länge
719 1261 40 22 och
771 1261 88 22 alltmer

105 1297 79 27 begynt
200 1298 33 20 att
249 1297 53 21 hota
317 1298 48 20 vårt
377 1297 84 21 statslif
473 1298 125 26 derigenom
610 1299 34 20 att
655 1298 63 21 dessa
729 1299 36 20 två
775 1297 82 27 vigtiga

105 1332 140 22 sträfvanden
261 1332 74 22 hållits
352 1333 70 21 skilda
438 1333 49 21 från
503 1334 128 21 hvarandra.

178 1368 42 21 Till
240 1367 55 27 följd
310 1368 64 21 häraf
388 1375 64 15 anser
468 1368 34 28 sig
518 1369 108 21 utskottet
642 1369 53 21 böra
709 1369 40 21 hos
765 1369 93 21 stånden

105 1403 80 21 föreslå
207 1404 171 26 godkännandet
400 1404 24 21 af
441 1404 37 22 det
494 1404 34 22 till
544 1405 41 21 sitt
600 1404 97 22 innehåll
713 1405 50 21 med
778 1404 81 27 slutyr-

104 1439 82 21 kandet
201 1439 8 21 i
225 1440 37 20 det
278 1439 59 22 inom
353 1440 167 22 Presteståndet
530 1440 129 22 framstälda
669 1440 189 27 petitionsmemo-

178 1481 107 20 Allmänna
300 1482 185 20 Besvärsutskottets
501 1482 118 20 betänkande
634 1483 39 20 N:o
688 1483 33 21 12.
