<?xml version="1.0" encoding="UTF-8"?>
<alto xmlns="http://www.loc.gov/standards/alto/ns-v3#" xmlns:xlink="http://www.w3.org/1999/xlink" xmlns:xsi="http://www.w3.org/2001/XMLSchema-instance" xsi:schemaLocation="http://www.loc.gov/standards/alto/ns-v3# http://www.loc.gov/alto/v3/alto-3-0.xsd">
	<Description>
		<MeasurementUnit>pixel</MeasurementUnit>
		<sourceImageInformation>
			<fileName>/tmp/tess_67kpc1s2_input.PNG</fileName>
		</sourceImageInformation>
		<OCRProcessing ID="OCR_0">
			<ocrProcessingStep>
				<processingSoftware>
					<softwareName>tesseract 5.3.4</softwareName>
				</processingSoftware>
			</ocrProcessingStep>
		</OCRProcessing>
	</Description>
	<Layout>
		<Page WIDTH="1061" HEIGHT="1717" PHYSICAL_IMG_NR="0" ID="page_0">
			<PrintSpace HPOS="0" VPOS="0" WIDTH="1061" HEIGHT="1717">
				<ComposedBlock ID="cblock_0" HPOS="300" VPOS="94" WIDTH="523" HEIGHT="24">
					<TextBlock ID="block_0" HPOS="300" VPOS="94" WIDTH="523" HEIGHT="24">
						<TextLine ID="line_0" HPOS="300" VPOS="94" WIDTH="523" HEIGHT="24">
							<String ID="string_0" HPOS="300" VPOS="94" WIDTH="238" HEIGHT="23" WC="0.91" CONTENT="Petitionsbetänkande"/><SP WIDTH="16" VPOS="94" HPOS="538"/>
							<String ID="string_1" HPOS="554" VPOS="94" WIDTH="37" HEIGHT="24" WC="0.96" CONTENT="N:o"/><SP WIDTH="17" VPOS="94" HPOS="591"/>
							<String ID="string_2" HPOS="608" VPOS="94" WIDTH="19" HEIGHT="23" WC="0.95" CONTENT="1."/><SP WIDTH="168" VPOS="94" HPOS="627"/>
							<String ID="string_3" HPOS="795" VPOS="96" WIDTH="28" HEIGHT="21" WC="0.96" CONTENT="41"/>
						</TextLine>
					</TextBlock>
				</ComposedBlock>
				<ComposedBlock ID="cblock_1" HPOS="105" VPOS="161" WIDTH="765" HEIGHT="1308">
					<TextBlock ID="block_1" HPOS="105" VPOS="161" WIDTH="759" HEIGHT="415">
						<TextLine ID="line_1" HPOS="105" VPOS="161" WIDTH="750" HEIGHT="27">
							<String ID="string_4" HPOS="105" VPOS="161" WIDTH="102" HEIGHT="27" WC="0.96" CONTENT="skålpund"/><SP WIDTH="23" VPOS="161" HPOS="207"/>
							<String ID="string_5" HPOS="230" VPOS="168" WIDTH="37" HEIGHT="19" WC="0.96" CONTENT="per"/><SP WIDTH="22" VPOS="168" HPOS="267"/>
							<String ID="string_6" HPOS="289" VPOS="161" WIDTH="87" HEIGHT="26" WC="0.96" CONTENT="löpande"/><SP WIDTH="20" VPOS="161" HPOS="376"/>
							<String ID="string_7" HPOS="396" VPOS="161" WIDTH="31" HEIGHT="20" WC="0.96" CONTENT="fot"/><SP WIDTH="21" VPOS="161" HPOS="427"/>
							<String ID="string_8" HPOS="448" VPOS="162" WIDTH="38" HEIGHT="20" WC="0.96" CONTENT="och"/><SP WIDTH="15" VPOS="162" HPOS="486"/>
							<String ID="string_9" HPOS="501" VPOS="162" WIDTH="32" HEIGHT="20" WC="0.96" CONTENT="för"/><SP WIDTH="16" VPOS="162" HPOS="533"/>
							<String ID="string_10" HPOS="549" VPOS="162" WIDTH="76" HEIGHT="25" WC="0.93" CONTENT="rörliga"/><SP WIDTH="14" VPOS="162" HPOS="625"/>
							<String ID="string_11" HPOS="639" VPOS="162" WIDTH="121" HEIGHT="20" WC="0.91" CONTENT="materielen"/><SP WIDTH="16" VPOS="162" HPOS="760"/>
							<String ID="string_12" HPOS="776" VPOS="164" WIDTH="34" HEIGHT="18" WC="0.96" CONTENT="äro"/><SP WIDTH="17" VPOS="164" HPOS="810"/>
							<String ID="string_13" HPOS="827" VPOS="162" WIDTH="28" HEIGHT="20" WC="0.96" CONTENT="14"/>
						</TextLine>
						<TextLine ID="line_2" HPOS="105" VPOS="190" WIDTH="751" HEIGHT="27">
							<String ID="string_14" HPOS="105" VPOS="193" WIDTH="12" HEIGHT="18" WC="0.85" CONTENT="a"/><SP WIDTH="18" VPOS="193" HPOS="117"/>
							<String ID="string_15" HPOS="135" VPOS="191" WIDTH="28" HEIGHT="21" WC="0.95" CONTENT="16"/><SP WIDTH="21" VPOS="191" HPOS="163"/>
							<String ID="string_16" HPOS="184" VPOS="194" WIDTH="47" HEIGHT="17" WC="0.92" CONTENT="tons"/><SP WIDTH="20" VPOS="194" HPOS="231"/>
							<String ID="string_17" HPOS="251" VPOS="190" WIDTH="162" HEIGHT="21" WC="0.91" CONTENT="tanklokomotiv"/><SP WIDTH="16" VPOS="190" HPOS="413"/>
							<String ID="string_18" HPOS="429" VPOS="191" WIDTH="122" HEIGHT="26" WC="0.93" CONTENT="föreslagna."/><SP WIDTH="33" VPOS="191" HPOS="551"/>
							<String ID="string_19" HPOS="584" VPOS="192" WIDTH="178" HEIGHT="25" WC="0.91" CONTENT="Täghastigheten"/><SP WIDTH="14" VPOS="192" HPOS="762"/>
							<String ID="string_20" HPOS="776" VPOS="192" WIDTH="80" HEIGHT="20" WC="0.96" CONTENT="komme"/>
						</TextLine>
						<TextLine ID="line_3" HPOS="107" VPOS="220" WIDTH="751" HEIGHT="27">
							<String ID="string_21" HPOS="107" VPOS="220" WIDTH="62" HEIGHT="22" WC="0.90" CONTENT="äfven"/><SP WIDTH="15" VPOS="220" HPOS="169"/>
							<String ID="string_22" HPOS="184" VPOS="224" WIDTH="31" HEIGHT="17" WC="0.93" CONTENT="att"/><SP WIDTH="14" VPOS="224" HPOS="215"/>
							<String ID="string_23" HPOS="229" VPOS="220" WIDTH="110" HEIGHT="21" WC="0.91" CONTENT="reduceras"/><SP WIDTH="14" VPOS="220" HPOS="339"/>
							<String ID="string_24" HPOS="353" VPOS="221" WIDTH="47" HEIGHT="19" WC="0.93" CONTENT="frän"/><SP WIDTH="17" VPOS="221" HPOS="400"/>
							<String ID="string_25" HPOS="417" VPOS="220" WIDTH="28" HEIGHT="22" WC="0.93" CONTENT="25"/><SP WIDTH="16" VPOS="220" HPOS="445"/>
							<String ID="string_26" HPOS="461" VPOS="224" WIDTH="57" HEIGHT="18" WC="0.92" CONTENT="verst"/><SP WIDTH="15" VPOS="224" HPOS="518"/>
							<String ID="string_27" HPOS="533" VPOS="221" WIDTH="65" HEIGHT="26" WC="0.96" CONTENT="enligt"/><SP WIDTH="16" VPOS="221" HPOS="598"/>
							<String ID="string_28" HPOS="614" VPOS="222" WIDTH="88" HEIGHT="25" WC="0.93" CONTENT="tidigare"/><SP WIDTH="15" VPOS="222" HPOS="702"/>
							<String ID="string_29" HPOS="717" VPOS="221" WIDTH="99" HEIGHT="26" WC="0.93" CONTENT="förslaget"/><SP WIDTH="10" VPOS="221" HPOS="816"/>
							<String ID="string_30" HPOS="826" VPOS="222" WIDTH="32" HEIGHT="19" WC="0.92" CONTENT="till"/>
						</TextLine>
						<TextLine ID="line_4" HPOS="107" VPOS="250" WIDTH="750" HEIGHT="27">
							<String ID="string_31" HPOS="107" VPOS="250" WIDTH="28" HEIGHT="22" WC="0.92" CONTENT="15"/><SP WIDTH="22" VPOS="250" HPOS="135"/>
							<String ID="string_32" HPOS="157" VPOS="252" WIDTH="11" HEIGHT="19" WC="0.87" CONTENT="&amp;"/><SP WIDTH="21" VPOS="252" HPOS="168"/>
							<String ID="string_33" HPOS="189" VPOS="251" WIDTH="28" HEIGHT="21" WC="0.93" CONTENT="20"/><SP WIDTH="21" VPOS="251" HPOS="217"/>
							<String ID="string_34" HPOS="238" VPOS="250" WIDTH="79" HEIGHT="21" WC="0.92" CONTENT="versti"/><SP WIDTH="16" VPOS="250" HPOS="317"/>
							<String ID="string_35" HPOS="333" VPOS="250" WIDTH="83" HEIGHT="20" WC="0.95" CONTENT="timmen"/><SP WIDTH="20" VPOS="250" HPOS="416"/>
							<String ID="string_36" HPOS="436" VPOS="251" WIDTH="64" HEIGHT="25" WC="0.96" CONTENT="enligt"/><SP WIDTH="16" VPOS="251" HPOS="500"/>
							<String ID="string_37" HPOS="516" VPOS="251" WIDTH="57" HEIGHT="20" WC="0.96" CONTENT="detta"/><SP WIDTH="15" VPOS="251" HPOS="573"/>
							<String ID="string_38" HPOS="588" VPOS="251" WIDTH="82" HEIGHT="26" WC="0.96" CONTENT="förslag."/><SP WIDTH="32" VPOS="251" HPOS="670"/>
							<String ID="string_39" HPOS="702" VPOS="251" WIDTH="79" HEIGHT="20" WC="0.77" CONTENT="Genom"/><SP WIDTH="15" VPOS="251" HPOS="781"/>
							<String ID="string_40" HPOS="796" VPOS="251" WIDTH="61" HEIGHT="20" WC="0.96" CONTENT="dessa"/>
						</TextLine>
						<TextLine ID="line_5" HPOS="108" VPOS="280" WIDTH="751" HEIGHT="27">
							<String ID="string_41" HPOS="108" VPOS="281" WIDTH="38" HEIGHT="20" WC="0.95" CONTENT="och"/><SP WIDTH="19" VPOS="281" HPOS="146"/>
							<String ID="string_42" HPOS="165" VPOS="281" WIDTH="64" HEIGHT="19" WC="0.93" CONTENT="andra"/><SP WIDTH="14" VPOS="281" HPOS="229"/>
							<String ID="string_43" HPOS="243" VPOS="280" WIDTH="85" HEIGHT="20" WC="0.92" CONTENT="härmed"/><SP WIDTH="15" VPOS="280" HPOS="328"/>
							<String ID="string_44" HPOS="343" VPOS="280" WIDTH="7" HEIGHT="20" WC="0.96" CONTENT="i"/><SP WIDTH="16" VPOS="280" HPOS="350"/>
							<String ID="string_45" HPOS="366" VPOS="281" WIDTH="147" HEIGHT="26" WC="0.93" CONTENT="sammanhang"/><SP WIDTH="16" VPOS="281" HPOS="513"/>
							<String ID="string_46" HPOS="529" VPOS="281" WIDTH="85" HEIGHT="20" WC="0.92" CONTENT="stäende"/><SP WIDTH="16" VPOS="281" HPOS="614"/>
							<String ID="string_47" HPOS="630" VPOS="281" WIDTH="175" HEIGHT="25" WC="0.91" CONTENT="inskränkningar"/><SP WIDTH="16" VPOS="281" HPOS="805"/>
							<String ID="string_48" HPOS="821" VPOS="281" WIDTH="38" HEIGHT="19" WC="0.96" CONTENT="och"/>
						</TextLine>
						<TextLine ID="line_6" HPOS="108" VPOS="309" WIDTH="751" HEIGHT="28">
							<String ID="string_49" HPOS="108" VPOS="311" WIDTH="134" HEIGHT="26" WC="0.96" CONTENT="besparingar"/><SP WIDTH="33" VPOS="311" HPOS="242"/>
							<String ID="string_50" HPOS="275" VPOS="310" WIDTH="38" HEIGHT="20" WC="0.93" CONTENT="har"/><SP WIDTH="31" VPOS="310" HPOS="313"/>
							<String ID="string_51" HPOS="344" VPOS="310" WIDTH="253" HEIGHT="26" WC="0.76" CONTENT="&#39;anläggningskostnaden"/><SP WIDTH="38" VPOS="310" HPOS="597"/>
							<String ID="string_52" HPOS="635" VPOS="311" WIDTH="88" HEIGHT="25" WC="0.38" CONTENT="=nedgätt"/><SP WIDTH="33" VPOS="311" HPOS="723"/>
							<String ID="string_53" HPOS="756" VPOS="310" WIDTH="31" HEIGHT="21" WC="0.95" CONTENT="till"/><SP WIDTH="29" VPOS="310" HPOS="787"/>
							<String ID="string_54" HPOS="816" VPOS="309" WIDTH="43" HEIGHT="27" WC="0.64" CONTENT="Sy"/>
						</TextLine>
						<TextLine ID="line_7" HPOS="107" VPOS="340" WIDTH="753" HEIGHT="28">
							<String ID="string_55" HPOS="107" VPOS="340" WIDTH="122" HEIGHT="27" WC="0.92" CONTENT="4,293,106:"/><SP WIDTH="10" VPOS="340" HPOS="229"/>
							<String ID="string_56" HPOS="239" VPOS="340" WIDTH="30" HEIGHT="21" WC="0.96" CONTENT="60"/><SP WIDTH="14" VPOS="340" HPOS="269"/>
							<String ID="string_57" HPOS="283" VPOS="340" WIDTH="50" HEIGHT="20" WC="0.93" CONTENT="eller"/><SP WIDTH="15" VPOS="340" HPOS="333"/>
							<String ID="string_58" HPOS="348" VPOS="340" WIDTH="112" HEIGHT="20" WC="0.92" CONTENT="afrundadt"/><SP WIDTH="16" VPOS="340" HPOS="460"/>
							<String ID="string_59" HPOS="476" VPOS="341" WIDTH="31" HEIGHT="19" WC="0.93" CONTENT="till"/><SP WIDTH="15" VPOS="341" HPOS="507"/>
							<String ID="string_60" HPOS="522" VPOS="340" WIDTH="118" HEIGHT="28" WC="0.92" CONTENT="4,300,000"/><SP WIDTH="10" VPOS="340" HPOS="640"/>
							<String ID="string_61" HPOS="650" VPOS="341" WIDTH="59" HEIGHT="19" WC="0.96" CONTENT="mark"/><SP WIDTH="11" VPOS="341" HPOS="709"/>
							<String ID="string_62" HPOS="720" VPOS="341" WIDTH="38" HEIGHT="19" WC="0.93" CONTENT="och"/><SP WIDTH="10" VPOS="341" HPOS="758"/>
							<String ID="string_63" HPOS="768" VPOS="340" WIDTH="92" HEIGHT="20" WC="0.93" CONTENT="fördelad"/>
						</TextLine>
						<TextLine ID="line_8" HPOS="108" VPOS="370" WIDTH="752" HEIGHT="27">
							<String ID="string_64" HPOS="108" VPOS="372" WIDTH="27" HEIGHT="24" WC="0.95" CONTENT="pä"/><SP WIDTH="12" VPOS="372" HPOS="135"/>
							<String ID="string_65" HPOS="147" VPOS="370" WIDTH="58" HEIGHT="26" WC="0.93" CONTENT="109,9"/><SP WIDTH="16" VPOS="370" HPOS="205"/>
							<String ID="string_66" HPOS="221" VPOS="372" WIDTH="57" HEIGHT="18" WC="0.92" CONTENT="verst"/><SP WIDTH="11" VPOS="372" HPOS="278"/>
							<String ID="string_67" HPOS="289" VPOS="370" WIDTH="77" HEIGHT="20" WC="0.92" CONTENT="lemnar"/><SP WIDTH="10" VPOS="370" HPOS="366"/>
							<String ID="string_68" HPOS="376" VPOS="376" WIDTH="26" HEIGHT="14" WC="0.92" CONTENT="en"/><SP WIDTH="11" VPOS="376" HPOS="402"/>
							<String ID="string_69" HPOS="413" VPOS="370" WIDTH="89" HEIGHT="20" WC="0.92" CONTENT="kostnad"/><SP WIDTH="12" VPOS="370" HPOS="502"/>
							<String ID="string_70" HPOS="514" VPOS="370" WIDTH="23" HEIGHT="20" WC="0.92" CONTENT="af"/><SP WIDTH="8" VPOS="370" HPOS="537"/>
							<String ID="string_71" HPOS="545" VPOS="370" WIDTH="79" HEIGHT="27" WC="0.92" CONTENT="39,126"/><SP WIDTH="10" VPOS="370" HPOS="624"/>
							<String ID="string_72" HPOS="634" VPOS="370" WIDTH="35" HEIGHT="20" WC="0.96" CONTENT="fm."/><SP WIDTH="11" VPOS="370" HPOS="669"/>
							<String ID="string_73" HPOS="680" VPOS="370" WIDTH="29" HEIGHT="22" WC="0.95" CONTENT="47"/><SP WIDTH="11" VPOS="370" HPOS="709"/>
							<String ID="string_74" HPOS="720" VPOS="378" WIDTH="19" HEIGHT="18" WC="0.96" CONTENT="p."/><SP WIDTH="11" VPOS="378" HPOS="739"/>
							<String ID="string_75" HPOS="750" VPOS="377" WIDTH="37" HEIGHT="19" WC="0.93" CONTENT="per"/><SP WIDTH="10" VPOS="377" HPOS="787"/>
							<String ID="string_76" HPOS="797" VPOS="373" WIDTH="63" HEIGHT="17" WC="0.92" CONTENT="verst."/>
						</TextLine>
						<TextLine ID="line_9" HPOS="107" VPOS="400" WIDTH="753" HEIGHT="26">
							<String ID="string_77" HPOS="107" VPOS="400" WIDTH="110" HEIGHT="20" WC="0.90" CONTENT="Beräknad"/><SP WIDTH="25" VPOS="400" HPOS="217"/>
							<String ID="string_78" HPOS="242" VPOS="400" WIDTH="31" HEIGHT="20" WC="0.96" CONTENT="för"/><SP WIDTH="25" VPOS="400" HPOS="273"/>
							<String ID="string_79" HPOS="298" VPOS="406" WIDTH="77" HEIGHT="14" WC="0.93" CONTENT="samma"/><SP WIDTH="22" VPOS="406" HPOS="375"/>
							<String ID="string_80" HPOS="397" VPOS="400" WIDTH="99" HEIGHT="20" WC="0.91" CONTENT="nettolast"/><SP WIDTH="23" VPOS="400" HPOS="496"/>
							<String ID="string_81" HPOS="519" VPOS="400" WIDTH="38" HEIGHT="20" WC="0.96" CONTENT="och"/><SP WIDTH="23" VPOS="400" HPOS="557"/>
							<String ID="string_82" HPOS="580" VPOS="400" WIDTH="41" HEIGHT="20" WC="0.96" CONTENT="lika"/><SP WIDTH="15" VPOS="400" HPOS="621"/>
							<String ID="string_83" HPOS="636" VPOS="400" WIDTH="88" HEIGHT="26" WC="0.96" CONTENT="utgifter"/><SP WIDTH="14" VPOS="400" HPOS="724"/>
							<String ID="string_84" HPOS="738" VPOS="400" WIDTH="32" HEIGHT="20" WC="0.96" CONTENT="för"/><SP WIDTH="15" VPOS="400" HPOS="770"/>
							<String ID="string_85" HPOS="785" VPOS="400" WIDTH="75" HEIGHT="20" WC="0.96" CONTENT="allmän"/>
						</TextLine>
						<TextLine ID="line_10" HPOS="109" VPOS="429" WIDTH="750" HEIGHT="28">
							<String ID="string_86" HPOS="109" VPOS="430" WIDTH="38" HEIGHT="20" WC="0.93" CONTENT="och"/><SP WIDTH="14" VPOS="430" HPOS="147"/>
							<String ID="string_87" HPOS="161" VPOS="430" WIDTH="129" HEIGHT="20" WC="0.41" CONTENT="kommersiel"/><SP WIDTH="14" VPOS="430" HPOS="290"/>
							<String ID="string_88" HPOS="304" VPOS="429" WIDTH="126" HEIGHT="26" WC="0.96" CONTENT="förvaltning"/><SP WIDTH="16" VPOS="429" HPOS="430"/>
							<String ID="string_89" HPOS="446" VPOS="437" WIDTH="44" HEIGHT="13" WC="0.96" CONTENT="som"/><SP WIDTH="15" VPOS="437" HPOS="490"/>
							<String ID="string_90" HPOS="505" VPOS="430" WIDTH="7" HEIGHT="20" WC="0.96" CONTENT="i"/><SP WIDTH="16" VPOS="430" HPOS="512"/>
							<String ID="string_91" HPOS="528" VPOS="430" WIDTH="36" HEIGHT="21" WC="0.96" CONTENT="det"/><SP WIDTH="15" VPOS="430" HPOS="564"/>
							<String ID="string_92" HPOS="579" VPOS="430" WIDTH="89" HEIGHT="26" WC="0.93" CONTENT="tidigare"/><SP WIDTH="10" VPOS="430" HPOS="668"/>
							<String ID="string_93" HPOS="678" VPOS="430" WIDTH="99" HEIGHT="26" WC="0.96" CONTENT="förslaget"/><SP WIDTH="10" VPOS="430" HPOS="777"/>
							<String ID="string_94" HPOS="787" VPOS="430" WIDTH="72" HEIGHT="27" WC="0.97" CONTENT="skulle,"/>
						</TextLine>
						<TextLine ID="line_11" HPOS="109" VPOS="459" WIDTH="751" HEIGHT="28">
							<String ID="string_95" HPOS="109" VPOS="467" WIDTH="32" HEIGHT="13" WC="0.96" CONTENT="om"/><SP WIDTH="16" VPOS="467" HPOS="141"/>
							<String ID="string_96" HPOS="157" VPOS="460" WIDTH="61" HEIGHT="25" WC="0.93" CONTENT="ingen"/><SP WIDTH="15" VPOS="460" HPOS="218"/>
							<String ID="string_97" HPOS="233" VPOS="460" WIDTH="177" HEIGHT="20" WC="0.93" CONTENT="statssubvention"/><SP WIDTH="16" VPOS="460" HPOS="410"/>
							<String ID="string_98" HPOS="426" VPOS="463" WIDTH="58" HEIGHT="22" WC="0.96" CONTENT="tages"/><SP WIDTH="16" VPOS="463" HPOS="484"/>
							<String ID="string_99" HPOS="500" VPOS="460" WIDTH="46" HEIGHT="20" WC="0.96" CONTENT="med"/><SP WIDTH="16" VPOS="460" HPOS="546"/>
							<String ID="string_100" HPOS="562" VPOS="461" WIDTH="7" HEIGHT="18" WC="0.93" CONTENT="i"/><SP WIDTH="16" VPOS="461" HPOS="569"/>
							<String ID="string_101" HPOS="585" VPOS="461" WIDTH="146" HEIGHT="26" WC="0.93" CONTENT="beräkningen,"/><SP WIDTH="17" VPOS="461" HPOS="731"/>
							<String ID="string_102" HPOS="748" VPOS="459" WIDTH="112" HEIGHT="26" WC="0.90" CONTENT="ärsbudge-"/>
						</TextLine>
						<TextLine ID="line_12" HPOS="109" VPOS="489" WIDTH="755" HEIGHT="27">
							<String ID="string_103" HPOS="109" VPOS="493" WIDTH="35" HEIGHT="17" WC="0.95" CONTENT="ten"/><SP WIDTH="24" VPOS="493" HPOS="144"/>
							<String ID="string_104" HPOS="168" VPOS="489" WIDTH="24" HEIGHT="20" WC="0.95" CONTENT="de"/><SP WIDTH="23" VPOS="489" HPOS="192"/>
							<String ID="string_105" HPOS="215" VPOS="489" WIDTH="65" HEIGHT="20" WC="0.93" CONTENT="första"/><SP WIDTH="23" VPOS="489" HPOS="280"/>
							<String ID="string_106" HPOS="303" VPOS="491" WIDTH="48" HEIGHT="18" WC="0.96" CONTENT="åren"/><SP WIDTH="16" VPOS="491" HPOS="351"/>
							<String ID="string_107" HPOS="367" VPOS="489" WIDTH="23" HEIGHT="20" WC="0.93" CONTENT="af"/><SP WIDTH="19" VPOS="489" HPOS="390"/>
							<String ID="string_108" HPOS="409" VPOS="490" WIDTH="79" HEIGHT="20" WC="0.96" CONTENT="banans"/><SP WIDTH="21" VPOS="490" HPOS="488"/>
							<String ID="string_109" HPOS="509" VPOS="490" WIDTH="108" HEIGHT="26" WC="0.95" CONTENT="öppnande"/><SP WIDTH="20" VPOS="490" HPOS="617"/>
							<String ID="string_110" HPOS="637" VPOS="491" WIDTH="68" HEIGHT="19" WC="0.96" CONTENT="lemna"/><SP WIDTH="23" VPOS="491" HPOS="705"/>
							<String ID="string_111" HPOS="728" VPOS="497" WIDTH="25" HEIGHT="13" WC="0.93" CONTENT="en"/><SP WIDTH="20" VPOS="497" HPOS="753"/>
							<String ID="string_112" HPOS="773" VPOS="490" WIDTH="52" HEIGHT="20" WC="0.96" CONTENT="brist"/><SP WIDTH="16" VPOS="490" HPOS="825"/>
							<String ID="string_113" HPOS="841" VPOS="489" WIDTH="23" HEIGHT="20" WC="0.96" CONTENT="af"/>
						</TextLine>
						<TextLine ID="line_13" HPOS="111" VPOS="519" WIDTH="750" HEIGHT="26">
							<String ID="string_114" HPOS="111" VPOS="519" WIDTH="78" HEIGHT="26" WC="0.92" CONTENT="77,763"/><SP WIDTH="24" VPOS="519" HPOS="189"/>
							<String ID="string_115" HPOS="213" VPOS="520" WIDTH="58" HEIGHT="19" WC="0.96" CONTENT="mark"/><SP WIDTH="23" VPOS="520" HPOS="271"/>
							<String ID="string_116" HPOS="294" VPOS="519" WIDTH="28" HEIGHT="21" WC="0.96" CONTENT="36"/><SP WIDTH="16" VPOS="519" HPOS="322"/>
							<String ID="string_117" HPOS="338" VPOS="520" WIDTH="68" HEIGHT="25" WC="0.93" CONTENT="penni,"/><SP WIDTH="16" VPOS="520" HPOS="406"/>
							<String ID="string_118" HPOS="422" VPOS="520" WIDTH="84" HEIGHT="20" WC="0.91" CONTENT="hvartill"/><SP WIDTH="16" VPOS="520" HPOS="506"/>
							<String ID="string_119" HPOS="522" VPOS="521" WIDTH="36" HEIGHT="19" WC="0.93" CONTENT="bör"/><SP WIDTH="16" VPOS="521" HPOS="558"/>
							<String ID="string_120" HPOS="574" VPOS="520" WIDTH="96" HEIGHT="25" WC="0.92" CONTENT="tilläggas"/><SP WIDTH="16" VPOS="520" HPOS="670"/>
							<String ID="string_121" HPOS="686" VPOS="523" WIDTH="59" HEIGHT="17" WC="0.92" CONTENT="ränte"/><SP WIDTH="15" VPOS="523" HPOS="745"/>
							<String ID="string_122" HPOS="760" VPOS="519" WIDTH="101" HEIGHT="20" WC="0.93" CONTENT="förlusten"/>
						</TextLine>
						<TextLine ID="line_14" HPOS="109" VPOS="549" WIDTH="648" HEIGHT="27">
							<String ID="string_123" HPOS="109" VPOS="551" WIDTH="13" HEIGHT="18" WC="0.90" CONTENT="&amp;"/><SP WIDTH="15" VPOS="551" HPOS="122"/>
							<String ID="string_124" HPOS="137" VPOS="549" WIDTH="235" HEIGHT="26" WC="0.91" CONTENT="anläggningskapitalet"/><SP WIDTH="16" VPOS="549" HPOS="372"/>
							<String ID="string_125" HPOS="388" VPOS="549" WIDTH="67" HEIGHT="20" WC="0.93" CONTENT="under"/><SP WIDTH="15" VPOS="549" HPOS="455"/>
							<String ID="string_126" HPOS="470" VPOS="552" WIDTH="76" HEIGHT="18" WC="0.92" CONTENT="tvenne"/><SP WIDTH="15" VPOS="552" HPOS="546"/>
							<String ID="string_127" HPOS="561" VPOS="551" WIDTH="33" HEIGHT="19" WC="0.92" CONTENT="ärs"/><SP WIDTH="16" VPOS="551" HPOS="594"/>
							<String ID="string_128" HPOS="610" VPOS="550" WIDTH="147" HEIGHT="26" WC="0.92" CONTENT="byggnadstid."/>
						</TextLine>
					</TextBlock>
					<TextBlock ID="block_2" HPOS="110" VPOS="579" WIDTH="755" HEIGHT="259">
						<TextLine ID="line_15" HPOS="184" VPOS="579" WIDTH="675" HEIGHT="26">
							<String ID="string_129" HPOS="184" VPOS="579" WIDTH="48" HEIGHT="20" WC="0.87" CONTENT="Men"/><SP WIDTH="23" VPOS="579" HPOS="232"/>
							<String ID="string_130" HPOS="255" VPOS="579" WIDTH="65" HEIGHT="20" WC="0.93" CONTENT="ehuru"/><SP WIDTH="24" VPOS="579" HPOS="320"/>
							<String ID="string_131" HPOS="344" VPOS="579" WIDTH="98" HEIGHT="26" WC="0.74" CONTENT="Ingeniör"/><SP WIDTH="22" VPOS="579" HPOS="442"/>
							<String ID="string_132" HPOS="464" VPOS="579" WIDTH="79" HEIGHT="21" WC="0.84" CONTENT="Hilden"/><SP WIDTH="20" VPOS="579" HPOS="543"/>
							<String ID="string_133" HPOS="563" VPOS="586" WIDTH="61" HEIGHT="13" WC="0.96" CONTENT="anser"/><SP WIDTH="18" VPOS="586" HPOS="624"/>
							<String ID="string_134" HPOS="642" VPOS="583" WIDTH="32" HEIGHT="16" WC="0.96" CONTENT="att"/><SP WIDTH="15" VPOS="583" HPOS="674"/>
							<String ID="string_135" HPOS="689" VPOS="586" WIDTH="25" HEIGHT="14" WC="0.93" CONTENT="en"/><SP WIDTH="16" VPOS="586" HPOS="714"/>
							<String ID="string_136" HPOS="730" VPOS="579" WIDTH="129" HEIGHT="20" WC="0.92" CONTENT="säbeskaffad"/>
						</TextLine>
						<TextLine ID="line_16" HPOS="111" VPOS="609" WIDTH="751" HEIGHT="26">
							<String ID="string_137" HPOS="111" VPOS="609" WIDTH="120" HEIGHT="26" WC="0.90" CONTENT="smalspärig"/><SP WIDTH="14" VPOS="609" HPOS="231"/>
							<String ID="string_138" HPOS="245" VPOS="609" WIDTH="54" HEIGHT="20" WC="0.90" CONTENT="bana"/><SP WIDTH="15" VPOS="609" HPOS="299"/>
							<String ID="string_139" HPOS="314" VPOS="609" WIDTH="92" HEIGHT="26" WC="0.91" CONTENT="tillfylles"/><SP WIDTH="16" VPOS="609" HPOS="406"/>
							<String ID="string_140" HPOS="422" VPOS="609" WIDTH="70" HEIGHT="20" WC="0.93" CONTENT="kunde"/><SP WIDTH="16" VPOS="609" HPOS="492"/>
							<String ID="string_141" HPOS="508" VPOS="609" WIDTH="107" HEIGHT="26" WC="0.92" CONTENT="tillgodose"/><SP WIDTH="16" VPOS="609" HPOS="615"/>
							<String ID="string_142" HPOS="631" VPOS="609" WIDTH="41" HEIGHT="20" WC="0.96" CONTENT="den"/><SP WIDTH="15" VPOS="609" HPOS="672"/>
							<String ID="string_143" HPOS="687" VPOS="609" WIDTH="32" HEIGHT="20" WC="0.96" CONTENT="för"/><SP WIDTH="16" VPOS="609" HPOS="719"/>
							<String ID="string_144" HPOS="735" VPOS="609" WIDTH="67" HEIGHT="20" WC="0.93" CONTENT="denna"/><SP WIDTH="11" VPOS="609" HPOS="802"/>
							<String ID="string_145" HPOS="813" VPOS="609" WIDTH="49" HEIGHT="20" WC="0.93" CONTENT="ban-"/>
						</TextLine>
						<TextLine ID="line_17" HPOS="110" VPOS="638" WIDTH="752" HEIGHT="27">
							<String ID="string_146" HPOS="110" VPOS="639" WIDTH="120" HEIGHT="26" WC="0.90" CONTENT="sträckning"/><SP WIDTH="23" VPOS="639" HPOS="230"/>
							<String ID="string_147" HPOS="253" VPOS="639" WIDTH="117" HEIGHT="26" WC="0.90" CONTENT="päräknade"/><SP WIDTH="21" VPOS="639" HPOS="370"/>
							<String ID="string_148" HPOS="391" VPOS="639" WIDTH="154" HEIGHT="20" WC="0.91" CONTENT="trafikrörelsen"/><SP WIDTH="21" VPOS="639" HPOS="545"/>
							<String ID="string_149" HPOS="566" VPOS="639" WIDTH="38" HEIGHT="20" WC="0.93" CONTENT="och"/><SP WIDTH="22" VPOS="639" HPOS="604"/>
							<String ID="string_150" HPOS="626" VPOS="639" WIDTH="61" HEIGHT="21" WC="0.94" CONTENT="äfven"/><SP WIDTH="19" VPOS="639" HPOS="687"/>
							<String ID="string_151" HPOS="706" VPOS="639" WIDTH="67" HEIGHT="20" WC="0.93" CONTENT="skulle"/><SP WIDTH="15" VPOS="639" HPOS="773"/>
							<String ID="string_152" HPOS="788" VPOS="638" WIDTH="74" HEIGHT="21" WC="0.82" CONTENT="kräfva"/>
						</TextLine>
						<TextLine ID="line_18" HPOS="111" VPOS="668" WIDTH="750" HEIGHT="28">
							<String ID="string_153" HPOS="111" VPOS="669" WIDTH="26" HEIGHT="20" WC="0.93" CONTENT="de"/><SP WIDTH="15" VPOS="669" HPOS="137"/>
							<String ID="string_154" HPOS="152" VPOS="669" WIDTH="75" HEIGHT="20" WC="0.89" CONTENT="minsta"/><SP WIDTH="21" VPOS="669" HPOS="227"/>
							<String ID="string_155" HPOS="248" VPOS="669" WIDTH="82" HEIGHT="26" WC="0.91" CONTENT="möjliga"/><SP WIDTH="21" VPOS="669" HPOS="330"/>
							<String ID="string_156" HPOS="351" VPOS="669" WIDTH="254" HEIGHT="27" WC="0.90" CONTENT="anläggningskostnader,"/><SP WIDTH="16" VPOS="669" HPOS="605"/>
							<String ID="string_157" HPOS="621" VPOS="670" WIDTH="23" HEIGHT="19" WC="0.93" CONTENT="sä"/><SP WIDTH="16" VPOS="670" HPOS="644"/>
							<String ID="string_158" HPOS="660" VPOS="669" WIDTH="92" HEIGHT="20" WC="0.92" CONTENT="förordar"/><SP WIDTH="15" VPOS="669" HPOS="752"/>
							<String ID="string_159" HPOS="767" VPOS="669" WIDTH="41" HEIGHT="20" WC="0.93" CONTENT="han"/><SP WIDTH="15" VPOS="669" HPOS="808"/>
							<String ID="string_160" HPOS="823" VPOS="668" WIDTH="38" HEIGHT="20" WC="0.93" CONTENT="lik-"/>
						</TextLine>
						<TextLine ID="line_19" HPOS="111" VPOS="699" WIDTH="753" HEIGHT="25">
							<String ID="string_161" HPOS="111" VPOS="699" WIDTH="34" HEIGHT="20" WC="0.96" CONTENT="väl"/><SP WIDTH="23" VPOS="699" HPOS="145"/>
							<String ID="string_162" HPOS="168" VPOS="699" WIDTH="35" HEIGHT="20" WC="0.95" CONTENT="det"/><SP WIDTH="22" VPOS="699" HPOS="203"/>
							<String ID="string_163" HPOS="225" VPOS="699" WIDTH="91" HEIGHT="20" WC="0.93" CONTENT="normala"/><SP WIDTH="22" VPOS="699" HPOS="316"/>
							<String ID="string_164" HPOS="338" VPOS="699" WIDTH="133" HEIGHT="25" WC="0.93" CONTENT="spärmättets"/><SP WIDTH="23" VPOS="699" HPOS="471"/>
							<String ID="string_165" HPOS="494" VPOS="699" WIDTH="148" HEIGHT="24" WC="0.90" CONTENT="bibehällande,"/><SP WIDTH="22" VPOS="699" HPOS="642"/>
							<String ID="string_166" HPOS="664" VPOS="705" WIDTH="46" HEIGHT="14" WC="0.96" CONTENT="men"/><SP WIDTH="15" VPOS="705" HPOS="710"/>
							<String ID="string_167" HPOS="725" VPOS="699" WIDTH="46" HEIGHT="20" WC="0.96" CONTENT="med"/><SP WIDTH="16" VPOS="699" HPOS="771"/>
							<String ID="string_168" HPOS="787" VPOS="705" WIDTH="77" HEIGHT="14" WC="0.96" CONTENT="samma"/>
						</TextLine>
						<TextLine ID="line_20" HPOS="110" VPOS="727" WIDTH="753" HEIGHT="28">
							<String ID="string_169" HPOS="110" VPOS="729" WIDTH="74" HEIGHT="20" WC="0.92" CONTENT="lättare"/><SP WIDTH="18" VPOS="729" HPOS="184"/>
							<String ID="string_170" HPOS="202" VPOS="728" WIDTH="156" HEIGHT="26" WC="0.92" CONTENT="öfverbyggnad"/><SP WIDTH="16" VPOS="728" HPOS="358"/>
							<String ID="string_171" HPOS="374" VPOS="728" WIDTH="22" HEIGHT="20" WC="0.93" CONTENT="af"/><SP WIDTH="15" VPOS="728" HPOS="396"/>
							<String ID="string_172" HPOS="411" VPOS="728" WIDTH="57" HEIGHT="27" WC="0.76" CONTENT="11!/,"/><SP WIDTH="22" VPOS="728" HPOS="468"/>
							<String ID="string_173" HPOS="490" VPOS="729" WIDTH="120" HEIGHT="26" WC="0.92" CONTENT="skälpunds,"/><SP WIDTH="17" VPOS="729" HPOS="610"/>
							<String ID="string_174" HPOS="627" VPOS="729" WIDTH="75" HEIGHT="20" WC="0.96" CONTENT="skenor"/><SP WIDTH="16" VPOS="729" HPOS="702"/>
							<String ID="string_175" HPOS="718" VPOS="729" WIDTH="38" HEIGHT="19" WC="0.96" CONTENT="och"/><SP WIDTH="16" VPOS="729" HPOS="756"/>
							<String ID="string_176" HPOS="772" VPOS="727" WIDTH="28" HEIGHT="22" WC="0.96" CONTENT="15"/><SP WIDTH="16" VPOS="727" HPOS="800"/>
							<String ID="string_177" HPOS="816" VPOS="731" WIDTH="47" HEIGHT="17" WC="0.96" CONTENT="tons"/>
						</TextLine>
						<TextLine ID="line_21" HPOS="111" VPOS="758" WIDTH="753" HEIGHT="26">
							<String ID="string_178" HPOS="111" VPOS="759" WIDTH="116" HEIGHT="25" WC="0.91" CONTENT="lokomotiv,"/><SP WIDTH="21" VPOS="759" HPOS="227"/>
							<String ID="string_179" HPOS="248" VPOS="765" WIDTH="43" HEIGHT="13" WC="0.96" CONTENT="som"/><SP WIDTH="23" VPOS="765" HPOS="291"/>
							<String ID="string_180" HPOS="314" VPOS="758" WIDTH="54" HEIGHT="20" WC="0.93" CONTENT="varit"/><SP WIDTH="22" VPOS="758" HPOS="368"/>
							<String ID="string_181" HPOS="390" VPOS="759" WIDTH="154" HEIGHT="20" WC="0.87" CONTENT="bestämmande"/><SP WIDTH="22" VPOS="759" HPOS="544"/>
							<String ID="string_182" HPOS="566" VPOS="758" WIDTH="32" HEIGHT="20" WC="0.96" CONTENT="för"/><SP WIDTH="20" VPOS="758" HPOS="598"/>
							<String ID="string_183" HPOS="618" VPOS="758" WIDTH="36" HEIGHT="20" WC="0.93" CONTENT="det"/><SP WIDTH="15" VPOS="758" HPOS="654"/>
							<String ID="string_184" HPOS="669" VPOS="758" WIDTH="135" HEIGHT="26" WC="0.92" CONTENT="smalspäriga"/><SP WIDTH="15" VPOS="758" HPOS="804"/>
							<String ID="string_185" HPOS="819" VPOS="765" WIDTH="45" HEIGHT="18" WC="0.92" CONTENT="pro-"/>
						</TextLine>
						<TextLine ID="line_22" HPOS="111" VPOS="787" WIDTH="754" HEIGHT="26">
							<String ID="string_186" HPOS="111" VPOS="788" WIDTH="77" HEIGHT="25" WC="0.91" CONTENT="jektets"/><SP WIDTH="20" VPOS="788" HPOS="188"/>
							<String ID="string_187" HPOS="208" VPOS="788" WIDTH="136" HEIGHT="20" WC="0.92" CONTENT="utarbetande"/><SP WIDTH="15" VPOS="788" HPOS="344"/>
							<String ID="string_188" HPOS="359" VPOS="791" WIDTH="53" HEIGHT="17" WC="0.96" CONTENT="samt"/><SP WIDTH="16" VPOS="791" HPOS="412"/>
							<String ID="string_189" HPOS="428" VPOS="787" WIDTH="59" HEIGHT="20" WC="0.96" CONTENT="anför"/><SP WIDTH="16" VPOS="787" HPOS="487"/>
							<String ID="string_190" HPOS="503" VPOS="795" WIDTH="44" HEIGHT="13" WC="0.96" CONTENT="som"/><SP WIDTH="15" VPOS="795" HPOS="547"/>
							<String ID="string_191" HPOS="562" VPOS="788" WIDTH="46" HEIGHT="20" WC="0.92" CONTENT="stöd"/><SP WIDTH="20" VPOS="788" HPOS="608"/>
							<String ID="string_192" HPOS="628" VPOS="788" WIDTH="70" HEIGHT="24" WC="0.92" CONTENT="härför"/><SP WIDTH="15" VPOS="788" HPOS="698"/>
							<String ID="string_193" HPOS="713" VPOS="787" WIDTH="89" HEIGHT="26" WC="0.93" CONTENT="följande"/><SP WIDTH="15" VPOS="787" HPOS="802"/>
							<String ID="string_194" HPOS="817" VPOS="787" WIDTH="48" HEIGHT="20" WC="0.92" CONTENT="fullt"/>
						</TextLine>
						<TextLine ID="line_23" HPOS="112" VPOS="818" WIDTH="151" HEIGHT="20">
							<String ID="string_195" HPOS="112" VPOS="818" WIDTH="82" HEIGHT="19" WC="0.92" CONTENT="talande"/><SP WIDTH="16" VPOS="818" HPOS="194"/>
							<String ID="string_196" HPOS="210" VPOS="818" WIDTH="53" HEIGHT="20" WC="0.96" CONTENT="skäl:"/>
						</TextLine>
					</TextBlock>
					<TextBlock ID="block_3" HPOS="113" VPOS="847" WIDTH="752" HEIGHT="147">
						<TextLine ID="line_24" HPOS="186" VPOS="847" WIDTH="677" HEIGHT="26">
							<String ID="string_197" HPOS="186" VPOS="850" WIDTH="31" HEIGHT="17" WC="0.93" CONTENT="att"/><SP WIDTH="22" VPOS="850" HPOS="217"/>
							<String ID="string_198" HPOS="239" VPOS="855" WIDTH="25" HEIGHT="13" WC="0.93" CONTENT="en"/><SP WIDTH="21" VPOS="855" HPOS="264"/>
							<String ID="string_199" HPOS="285" VPOS="847" WIDTH="150" HEIGHT="26" WC="0.94" CONTENT="normalspårig"/><SP WIDTH="22" VPOS="847" HPOS="435"/>
							<String ID="string_200" HPOS="457" VPOS="847" WIDTH="55" HEIGHT="20" WC="0.95" CONTENT="bana"/><SP WIDTH="22" VPOS="847" HPOS="512"/>
							<String ID="string_201" HPOS="534" VPOS="847" WIDTH="96" HEIGHT="20" WC="0.96" CONTENT="utrustad"/><SP WIDTH="23" VPOS="847" HPOS="630"/>
							<String ID="string_202" HPOS="653" VPOS="848" WIDTH="47" HEIGHT="20" WC="0.96" CONTENT="med"/><SP WIDTH="20" VPOS="848" HPOS="700"/>
							<String ID="string_203" HPOS="720" VPOS="854" WIDTH="77" HEIGHT="13" WC="0.92" CONTENT="samma"/><SP WIDTH="14" VPOS="854" HPOS="797"/>
							<String ID="string_204" HPOS="811" VPOS="847" WIDTH="52" HEIGHT="20" WC="0.96" CONTENT="lätta"/>
						</TextLine>
						<TextLine ID="line_25" HPOS="113" VPOS="877" WIDTH="752" HEIGHT="27">
							<String ID="string_205" HPOS="113" VPOS="877" WIDTH="162" HEIGHT="27" WC="0.83" CONTENT="ofverbyggnad,"/><SP WIDTH="25" VPOS="877" HPOS="275"/>
							<String ID="string_206" HPOS="300" VPOS="885" WIDTH="76" HEIGHT="12" WC="0.93" CONTENT="samma"/><SP WIDTH="23" VPOS="885" HPOS="376"/>
							<String ID="string_207" HPOS="399" VPOS="877" WIDTH="123" HEIGHT="20" WC="0.81" CONTENT="balanslinie"/><SP WIDTH="24" VPOS="877" HPOS="522"/>
							<String ID="string_208" HPOS="546" VPOS="878" WIDTH="38" HEIGHT="19" WC="0.89" CONTENT="och"/><SP WIDTH="15" VPOS="878" HPOS="584"/>
							<String ID="string_209" HPOS="599" VPOS="877" WIDTH="7" HEIGHT="20" WC="0.89" CONTENT="i"/><SP WIDTH="16" VPOS="877" HPOS="606"/>
							<String ID="string_210" HPOS="622" VPOS="877" WIDTH="64" HEIGHT="26" WC="0.96" CONTENT="öfrigt"/><SP WIDTH="14" VPOS="877" HPOS="686"/>
							<String ID="string_211" HPOS="700" VPOS="884" WIDTH="77" HEIGHT="13" WC="0.93" CONTENT="samma"/><SP WIDTH="15" VPOS="884" HPOS="777"/>
							<String ID="string_212" HPOS="792" VPOS="877" WIDTH="73" HEIGHT="19" WC="0.92" CONTENT="anord-"/>
						</TextLine>
						<TextLine ID="line_26" HPOS="113" VPOS="907" WIDTH="752" HEIGHT="26">
							<String ID="string_213" HPOS="113" VPOS="907" WIDTH="79" HEIGHT="26" WC="0.91" CONTENT="ningar,"/><SP WIDTH="16" VPOS="907" HPOS="192"/>
							<String ID="string_214" HPOS="208" VPOS="914" WIDTH="43" HEIGHT="13" WC="0.96" CONTENT="som"/><SP WIDTH="16" VPOS="914" HPOS="251"/>
							<String ID="string_215" HPOS="267" VPOS="907" WIDTH="31" HEIGHT="20" WC="0.93" CONTENT="för"/><SP WIDTH="16" VPOS="907" HPOS="298"/>
							<String ID="string_216" HPOS="314" VPOS="908" WIDTH="61" HEIGHT="19" WC="0.92" CONTENT="smalt"/><SP WIDTH="15" VPOS="908" HPOS="375"/>
							<String ID="string_217" HPOS="390" VPOS="908" WIDTH="48" HEIGHT="25" WC="0.92" CONTENT="spär"/><SP WIDTH="16" VPOS="908" HPOS="438"/>
							<String ID="string_218" HPOS="454" VPOS="907" WIDTH="123" HEIGHT="26" WC="0.92" CONTENT="föreslagits,"/><SP WIDTH="16" VPOS="907" HPOS="577"/>
							<String ID="string_219" HPOS="593" VPOS="907" WIDTH="66" HEIGHT="20" WC="0.93" CONTENT="skulle"/><SP WIDTH="11" VPOS="907" HPOS="659"/>
							<String ID="string_220" HPOS="670" VPOS="907" WIDTH="39" HEIGHT="20" WC="0.93" CONTENT="öka"/><SP WIDTH="11" VPOS="907" HPOS="709"/>
							<String ID="string_221" HPOS="720" VPOS="907" WIDTH="145" HEIGHT="26" WC="0.92" CONTENT="anläggnings-"/>
						</TextLine>
						<TextLine ID="line_27" HPOS="113" VPOS="937" WIDTH="752" HEIGHT="26">
							<String ID="string_222" HPOS="113" VPOS="937" WIDTH="138" HEIGHT="20" WC="0.95" CONTENT="kostnaderna"/><SP WIDTH="21" VPOS="937" HPOS="251"/>
							<String ID="string_223" HPOS="272" VPOS="937" WIDTH="46" HEIGHT="20" WC="0.95" CONTENT="med"/><SP WIDTH="21" VPOS="937" HPOS="318"/>
							<String ID="string_224" HPOS="339" VPOS="937" WIDTH="73" HEIGHT="20" WC="0.93" CONTENT="endast"/><SP WIDTH="22" VPOS="937" HPOS="412"/>
							<String ID="string_225" HPOS="434" VPOS="937" WIDTH="96" HEIGHT="26" WC="0.92" CONTENT="140,000"/><SP WIDTH="20" VPOS="937" HPOS="530"/>
							<String ID="string_226" HPOS="550" VPOS="937" WIDTH="57" HEIGHT="19" WC="0.96" CONTENT="mark"/><SP WIDTH="21" VPOS="937" HPOS="607"/>
							<String ID="string_227" HPOS="628" VPOS="937" WIDTH="39" HEIGHT="20" WC="0.93" CONTENT="och"/><SP WIDTH="15" VPOS="937" HPOS="667"/>
							<String ID="string_228" HPOS="682" VPOS="937" WIDTH="87" HEIGHT="20" WC="0.92" CONTENT="sälunda"/><SP WIDTH="15" VPOS="937" HPOS="769"/>
							<String ID="string_229" HPOS="784" VPOS="937" WIDTH="81" HEIGHT="19" WC="0.96" CONTENT="komma"/>
						</TextLine>
						<TextLine ID="line_28" HPOS="115" VPOS="967" WIDTH="333" HEIGHT="27">
							<String ID="string_230" HPOS="115" VPOS="970" WIDTH="30" HEIGHT="17" WC="0.96" CONTENT="att"/><SP WIDTH="16" VPOS="970" HPOS="145"/>
							<String ID="string_231" HPOS="161" VPOS="970" WIDTH="72" HEIGHT="23" WC="0.93" CONTENT="utgöra"/><SP WIDTH="15" VPOS="970" HPOS="233"/>
							<String ID="string_232" HPOS="248" VPOS="967" WIDTH="118" HEIGHT="27" WC="0.92" CONTENT="4,440,000"/><SP WIDTH="14" VPOS="967" HPOS="366"/>
							<String ID="string_233" HPOS="380" VPOS="967" WIDTH="68" HEIGHT="25" WC="0.96" CONTENT="mark;"/>
						</TextLine>
					</TextBlock>
					<TextBlock ID="block_4" HPOS="114" VPOS="995" WIDTH="753" HEIGHT="88">
						<TextLine ID="line_29" HPOS="190" VPOS="995" WIDTH="675" HEIGHT="28">
							<String ID="string_234" HPOS="190" VPOS="999" WIDTH="30" HEIGHT="18" WC="0.95" CONTENT="att"/><SP WIDTH="23" VPOS="999" HPOS="220"/>
							<String ID="string_235" HPOS="243" VPOS="997" WIDTH="68" HEIGHT="20" WC="0.93" CONTENT="direkt"/><SP WIDTH="20" VPOS="997" HPOS="311"/>
							<String ID="string_236" HPOS="331" VPOS="997" WIDTH="121" HEIGHT="20" WC="0.92" CONTENT="samfärdsel"/><SP WIDTH="16" VPOS="997" HPOS="452"/>
							<String ID="string_237" HPOS="468" VPOS="996" WIDTH="47" HEIGHT="20" WC="0.96" CONTENT="med"/><SP WIDTH="15" VPOS="996" HPOS="515"/>
							<String ID="string_238" HPOS="530" VPOS="996" WIDTH="88" HEIGHT="26" WC="0.93" CONTENT="tidigare"/><SP WIDTH="15" VPOS="996" HPOS="618"/>
							<String ID="string_239" HPOS="633" VPOS="997" WIDTH="84" HEIGHT="26" WC="0.91" CONTENT="byggda"/><SP WIDTH="15" VPOS="997" HPOS="717"/>
							<String ID="string_240" HPOS="732" VPOS="997" WIDTH="65" HEIGHT="19" WC="0.89" CONTENT="banor"/><SP WIDTH="13" VPOS="997" HPOS="797"/>
							<String ID="string_241" HPOS="810" VPOS="995" WIDTH="55" HEIGHT="21" WC="0.92" CONTENT="före-"/>
						</TextLine>
						<TextLine ID="line_30" HPOS="114" VPOS="1025" WIDTH="753" HEIGHT="28">
							<String ID="string_242" HPOS="114" VPOS="1026" WIDTH="81" HEIGHT="27" WC="0.94" CONTENT="funnes,"/><SP WIDTH="23" VPOS="1026" HPOS="195"/>
							<String ID="string_243" HPOS="218" VPOS="1027" WIDTH="132" HEIGHT="26" WC="0.96" CONTENT="hvarigenom"/><SP WIDTH="23" VPOS="1027" HPOS="350"/>
							<String ID="string_244" HPOS="373" VPOS="1027" WIDTH="67" HEIGHT="19" WC="0.93" CONTENT="denna"/><SP WIDTH="22" VPOS="1027" HPOS="440"/>
							<String ID="string_245" HPOS="462" VPOS="1027" WIDTH="66" HEIGHT="19" WC="0.91" CONTENT="banas"/><SP WIDTH="14" VPOS="1027" HPOS="528"/>
							<String ID="string_246" HPOS="542" VPOS="1026" WIDTH="79" HEIGHT="21" WC="0.96" CONTENT="lastade"/><SP WIDTH="16" VPOS="1026" HPOS="621"/>
							<String ID="string_247" HPOS="637" VPOS="1033" WIDTH="78" HEIGHT="19" WC="0.93" CONTENT="vagnar"/><SP WIDTH="16" VPOS="1033" HPOS="715"/>
							<String ID="string_248" HPOS="731" VPOS="1025" WIDTH="136" HEIGHT="21" WC="0.92" CONTENT="obehindradt"/>
						</TextLine>
						<TextLine ID="line_31" HPOS="115" VPOS="1055" WIDTH="475" HEIGHT="28">
							<String ID="string_249" HPOS="115" VPOS="1057" WIDTH="69" HEIGHT="20" WC="0.96" CONTENT="kunde"/><SP WIDTH="15" VPOS="1057" HPOS="184"/>
							<String ID="string_250" HPOS="199" VPOS="1057" WIDTH="46" HEIGHT="26" WC="0.96" CONTENT="löpa"/><SP WIDTH="15" VPOS="1057" HPOS="245"/>
							<String ID="string_251" HPOS="260" VPOS="1057" WIDTH="22" HEIGHT="19" WC="0.96" CONTENT="in"/><SP WIDTH="15" VPOS="1057" HPOS="282"/>
							<String ID="string_252" HPOS="297" VPOS="1057" WIDTH="27" HEIGHT="25" WC="0.96" CONTENT="på"/><SP WIDTH="15" VPOS="1057" HPOS="324"/>
							<String ID="string_253" HPOS="339" VPOS="1056" WIDTH="81" HEIGHT="20" WC="0.96" CONTENT="landets"/><SP WIDTH="16" VPOS="1056" HPOS="420"/>
							<String ID="string_254" HPOS="436" VPOS="1055" WIDTH="67" HEIGHT="26" WC="0.96" CONTENT="öfriga"/><SP WIDTH="16" VPOS="1055" HPOS="503"/>
							<String ID="string_255" HPOS="519" VPOS="1057" WIDTH="71" HEIGHT="24" WC="0.96" CONTENT="banor;"/>
						</TextLine>
					</TextBlock>
					<TextBlock ID="block_5" HPOS="115" VPOS="1085" WIDTH="753" HEIGHT="176">
						<TextLine ID="line_32" HPOS="190" VPOS="1085" WIDTH="677" HEIGHT="27">
							<String ID="string_256" HPOS="190" VPOS="1089" WIDTH="30" HEIGHT="17" WC="0.96" CONTENT="att"/><SP WIDTH="15" VPOS="1089" HPOS="220"/>
							<String ID="string_257" HPOS="235" VPOS="1086" WIDTH="123" HEIGHT="26" WC="0.96" CONTENT="omlastning"/><SP WIDTH="15" VPOS="1086" HPOS="358"/>
							<String ID="string_258" HPOS="373" VPOS="1087" WIDTH="27" HEIGHT="25" WC="0.96" CONTENT="på"/><SP WIDTH="16" VPOS="1087" HPOS="400"/>
							<String ID="string_259" HPOS="416" VPOS="1086" WIDTH="32" HEIGHT="19" WC="0.95" CONTENT="sin"/><SP WIDTH="16" VPOS="1086" HPOS="448"/>
							<String ID="string_260" HPOS="464" VPOS="1086" WIDTH="75" HEIGHT="25" WC="0.96" CONTENT="högsta"/><SP WIDTH="14" VPOS="1086" HPOS="539"/>
							<String ID="string_261" HPOS="553" VPOS="1086" WIDTH="49" HEIGHT="25" WC="0.96" CONTENT="höjd"/><SP WIDTH="16" VPOS="1086" HPOS="602"/>
							<String ID="string_262" HPOS="618" VPOS="1085" WIDTH="66" HEIGHT="21" WC="0.96" CONTENT="skulle"/><SP WIDTH="16" VPOS="1085" HPOS="684"/>
							<String ID="string_263" HPOS="700" VPOS="1086" WIDTH="81" HEIGHT="19" WC="0.95" CONTENT="komma"/><SP WIDTH="10" VPOS="1086" HPOS="781"/>
							<String ID="string_264" HPOS="791" VPOS="1085" WIDTH="6" HEIGHT="20" WC="0.95" CONTENT="i"/><SP WIDTH="11" VPOS="1085" HPOS="797"/>
							<String ID="string_265" HPOS="808" VPOS="1085" WIDTH="59" HEIGHT="26" WC="0.96" CONTENT="fråga"/>
						</TextLine>
						<TextLine ID="line_33" HPOS="115" VPOS="1115" WIDTH="753" HEIGHT="26">
							<String ID="string_266" HPOS="115" VPOS="1116" WIDTH="32" HEIGHT="20" WC="0.95" CONTENT="för"/><SP WIDTH="23" VPOS="1116" HPOS="147"/>
							<String ID="string_267" HPOS="170" VPOS="1116" WIDTH="31" HEIGHT="20" WC="0.96" CONTENT="till"/><SP WIDTH="23" VPOS="1116" HPOS="201"/>
							<String ID="string_268" HPOS="224" VPOS="1116" WIDTH="68" HEIGHT="20" WC="0.96" CONTENT="denna"/><SP WIDTH="19" VPOS="1116" HPOS="292"/>
							<String ID="string_269" HPOS="311" VPOS="1117" WIDTH="55" HEIGHT="19" WC="0.96" CONTENT="bana"/><SP WIDTH="22" VPOS="1117" HPOS="366"/>
							<String ID="string_270" HPOS="388" VPOS="1116" WIDTH="149" HEIGHT="19" WC="0.96" CONTENT="ankommande"/><SP WIDTH="16" VPOS="1116" HPOS="537"/>
							<String ID="string_271" HPOS="553" VPOS="1116" WIDTH="51" HEIGHT="25" WC="0.96" CONTENT="gods"/><SP WIDTH="16" VPOS="1116" HPOS="604"/>
							<String ID="string_272" HPOS="620" VPOS="1116" WIDTH="37" HEIGHT="19" WC="0.96" CONTENT="och"/><SP WIDTH="17" VPOS="1116" HPOS="657"/>
							<String ID="string_273" HPOS="674" VPOS="1116" WIDTH="117" HEIGHT="25" WC="0.96" CONTENT="antagligen"/><SP WIDTH="16" VPOS="1116" HPOS="791"/>
							<String ID="string_274" HPOS="807" VPOS="1115" WIDTH="61" HEIGHT="20" WC="0.96" CONTENT="äfven"/>
						</TextLine>
						<TextLine ID="line_34" HPOS="116" VPOS="1145" WIDTH="751" HEIGHT="27">
							<String ID="string_275" HPOS="116" VPOS="1146" WIDTH="67" HEIGHT="20" WC="0.95" CONTENT="denna"/><SP WIDTH="22" VPOS="1146" HPOS="183"/>
							<String ID="string_276" HPOS="205" VPOS="1145" WIDTH="64" HEIGHT="21" WC="0.95" CONTENT="blifva"/><SP WIDTH="22" VPOS="1145" HPOS="269"/>
							<String ID="string_277" HPOS="291" VPOS="1146" WIDTH="47" HEIGHT="20" WC="0.96" CONTENT="med"/><SP WIDTH="17" VPOS="1146" HPOS="338"/>
							<String ID="string_278" HPOS="355" VPOS="1145" WIDTH="58" HEIGHT="21" WC="0.93" CONTENT="tiden"/><SP WIDTH="16" VPOS="1145" HPOS="413"/>
							<String ID="string_279" HPOS="429" VPOS="1145" WIDTH="106" HEIGHT="26" WC="0.91" CONTENT="obehöflig,"/><SP WIDTH="17" VPOS="1145" HPOS="535"/>
							<String ID="string_280" HPOS="552" VPOS="1145" WIDTH="32" HEIGHT="27" WC="0.94" CONTENT="då,"/><SP WIDTH="16" VPOS="1145" HPOS="584"/>
							<String ID="string_281" HPOS="600" VPOS="1147" WIDTH="67" HEIGHT="18" WC="0.96" CONTENT="såsom"/><SP WIDTH="16" VPOS="1147" HPOS="667"/>
							<String ID="string_282" HPOS="683" VPOS="1145" WIDTH="34" HEIGHT="20" WC="0.96" CONTENT="det"/><SP WIDTH="16" VPOS="1145" HPOS="717"/>
							<String ID="string_283" HPOS="733" VPOS="1149" WIDTH="23" HEIGHT="16" WC="0.95" CONTENT="är"/><SP WIDTH="16" VPOS="1149" HPOS="756"/>
							<String ID="string_284" HPOS="772" VPOS="1147" WIDTH="31" HEIGHT="18" WC="0.93" CONTENT="att"/><SP WIDTH="15" VPOS="1147" HPOS="803"/>
							<String ID="string_285" HPOS="818" VPOS="1145" WIDTH="49" HEIGHT="26" WC="0.90" CONTENT="hop-"/>
						</TextLine>
						<TextLine ID="line_35" HPOS="115" VPOS="1175" WIDTH="751" HEIGHT="26">
							<String ID="string_286" HPOS="115" VPOS="1182" WIDTH="37" HEIGHT="19" WC="0.96" CONTENT="pas"/><SP WIDTH="16" VPOS="1182" HPOS="152"/>
							<String ID="string_287" HPOS="168" VPOS="1176" WIDTH="37" HEIGHT="20" WC="0.97" CONTENT="och"/><SP WIDTH="16" VPOS="1176" HPOS="205"/>
							<String ID="string_288" HPOS="221" VPOS="1176" WIDTH="60" HEIGHT="20" WC="0.96" CONTENT="äfven"/><SP WIDTH="14" VPOS="1176" HPOS="281"/>
							<String ID="string_289" HPOS="295" VPOS="1176" WIDTH="64" HEIGHT="20" WC="0.96" CONTENT="redan"/><SP WIDTH="15" VPOS="1176" HPOS="359"/>
							<String ID="string_290" HPOS="374" VPOS="1175" WIDTH="60" HEIGHT="20" WC="0.96" CONTENT="torde"/><SP WIDTH="15" VPOS="1175" HPOS="434"/>
							<String ID="string_291" HPOS="449" VPOS="1182" WIDTH="51" HEIGHT="13" WC="0.96" CONTENT="vara"/><SP WIDTH="14" VPOS="1182" HPOS="500"/>
							<String ID="string_292" HPOS="514" VPOS="1175" WIDTH="114" HEIGHT="26" WC="0.91" CONTENT="ifrågasatt,"/><SP WIDTH="14" VPOS="1175" HPOS="628"/>
							<String ID="string_293" HPOS="642" VPOS="1175" WIDTH="178" HEIGHT="26" WC="0.87" CONTENT="jernvägsvagnar"/><SP WIDTH="10" VPOS="1175" HPOS="820"/>
							<String ID="string_294" HPOS="830" VPOS="1181" WIDTH="36" HEIGHT="13" WC="0.90" CONTENT="en-"/>
						</TextLine>
						<TextLine ID="line_36" HPOS="115" VPOS="1204" WIDTH="752" HEIGHT="27">
							<String ID="string_295" HPOS="115" VPOS="1205" WIDTH="42" HEIGHT="26" WC="0.96" CONTENT="ligt"/><SP WIDTH="22" VPOS="1205" HPOS="157"/>
							<String ID="string_296" HPOS="179" VPOS="1205" WIDTH="35" HEIGHT="20" WC="0.96" CONTENT="det"/><SP WIDTH="20" VPOS="1205" HPOS="214"/>
							<String ID="string_297" HPOS="234" VPOS="1205" WIDTH="149" HEIGHT="21" WC="0.93" CONTENT="Amerikanska"/><SP WIDTH="15" VPOS="1205" HPOS="383"/>
							<String ID="string_298" HPOS="398" VPOS="1205" WIDTH="66" HEIGHT="26" WC="0.92" CONTENT="Bogie"/><SP WIDTH="16" VPOS="1205" HPOS="464"/>
							<String ID="string_299" HPOS="480" VPOS="1207" WIDTH="101" HEIGHT="24" WC="0.96" CONTENT="systemet"/><SP WIDTH="15" VPOS="1207" HPOS="581"/>
							<String ID="string_300" HPOS="596" VPOS="1205" WIDTH="58" HEIGHT="20" WC="0.96" CONTENT="skola"/><SP WIDTH="15" VPOS="1205" HPOS="654"/>
							<String ID="string_301" HPOS="669" VPOS="1205" WIDTH="35" HEIGHT="20" WC="0.96" CONTENT="vid"/><SP WIDTH="16" VPOS="1205" HPOS="704"/>
							<String ID="string_302" HPOS="720" VPOS="1208" WIDTH="79" HEIGHT="17" WC="0.93" CONTENT="statens"/><SP WIDTH="15" VPOS="1208" HPOS="799"/>
							<String ID="string_303" HPOS="814" VPOS="1204" WIDTH="53" HEIGHT="25" WC="0.89" CONTENT="jern-"/>
						</TextLine>
						<TextLine ID="line_37" HPOS="117" VPOS="1235" WIDTH="371" HEIGHT="26">
							<String ID="string_304" HPOS="117" VPOS="1238" WIDTH="64" HEIGHT="23" WC="0.96" CONTENT="vägar"/><SP WIDTH="16" VPOS="1238" HPOS="181"/>
							<String ID="string_305" HPOS="197" VPOS="1235" WIDTH="108" HEIGHT="26" WC="0.96" CONTENT="anskaffas,"/><SP WIDTH="17" VPOS="1235" HPOS="305"/>
							<String ID="string_306" HPOS="322" VPOS="1238" WIDTH="52" HEIGHT="17" WC="0.96" CONTENT="samt"/><SP WIDTH="16" VPOS="1238" HPOS="374"/>
							<String ID="string_307" HPOS="390" VPOS="1235" WIDTH="98" HEIGHT="26" WC="0.95" CONTENT="slutligen"/>
						</TextLine>
					</TextBlock>
					<TextBlock ID="block_6" HPOS="117" VPOS="1263" WIDTH="753" HEIGHT="206">
						<TextLine ID="line_38" HPOS="192" VPOS="1263" WIDTH="676" HEIGHT="28">
							<String ID="string_308" HPOS="192" VPOS="1268" WIDTH="36" HEIGHT="23" WC="0.96" CONTENT="att,"/><SP WIDTH="23" VPOS="1268" HPOS="228"/>
							<String ID="string_309" HPOS="251" VPOS="1265" WIDTH="26" HEIGHT="20" WC="0.96" CONTENT="då"/><SP WIDTH="21" VPOS="1265" HPOS="277"/>
							<String ID="string_310" HPOS="298" VPOS="1265" WIDTH="35" HEIGHT="21" WC="0.96" CONTENT="vid"/><SP WIDTH="23" VPOS="1265" HPOS="333"/>
							<String ID="string_311" HPOS="356" VPOS="1265" WIDTH="97" HEIGHT="20" WC="0.93" CONTENT="framtida"/><SP WIDTH="23" VPOS="1265" HPOS="453"/>
							<String ID="string_312" HPOS="476" VPOS="1265" WIDTH="85" HEIGHT="25" WC="0.92" CONTENT="stegrad"/><SP WIDTH="21" VPOS="1265" HPOS="561"/>
							<String ID="string_313" HPOS="582" VPOS="1265" WIDTH="76" HEIGHT="20" WC="0.93" CONTENT="rörelse"/><SP WIDTH="15" VPOS="1265" HPOS="658"/>
							<String ID="string_314" HPOS="673" VPOS="1264" WIDTH="98" HEIGHT="21" WC="0.91" CONTENT="behofvet"/><SP WIDTH="15" VPOS="1264" HPOS="771"/>
							<String ID="string_315" HPOS="786" VPOS="1263" WIDTH="23" HEIGHT="20" WC="0.92" CONTENT="af"/><SP WIDTH="13" VPOS="1263" HPOS="809"/>
							<String ID="string_316" HPOS="822" VPOS="1263" WIDTH="46" HEIGHT="20" WC="0.91" CONTENT="obe-"/>
						</TextLine>
						<TextLine ID="line_39" HPOS="117" VPOS="1293" WIDTH="752" HEIGHT="28">
							<String ID="string_317" HPOS="117" VPOS="1295" WIDTH="88" HEIGHT="20" WC="0.96" CONTENT="hindrad"/><SP WIDTH="16" VPOS="1295" HPOS="205"/>
							<String ID="string_318" HPOS="221" VPOS="1295" WIDTH="121" HEIGHT="21" WC="0.96" CONTENT="samfärdsel"/><SP WIDTH="14" VPOS="1295" HPOS="342"/>
							<String ID="string_319" HPOS="356" VPOS="1298" WIDTH="38" HEIGHT="23" WC="0.96" CONTENT="gör"/><SP WIDTH="16" VPOS="1298" HPOS="394"/>
							<String ID="string_320" HPOS="410" VPOS="1296" WIDTH="32" HEIGHT="24" WC="0.96" CONTENT="sig"/><SP WIDTH="16" VPOS="1296" HPOS="442"/>
							<String ID="string_321" HPOS="458" VPOS="1298" WIDTH="26" HEIGHT="16" WC="0.97" CONTENT="än"/><SP WIDTH="17" VPOS="1298" HPOS="484"/>
							<String ID="string_322" HPOS="501" VPOS="1301" WIDTH="56" HEIGHT="13" WC="0.96" CONTENT="mera"/><SP WIDTH="15" VPOS="1301" HPOS="557"/>
							<String ID="string_323" HPOS="572" VPOS="1294" WIDTH="100" HEIGHT="27" WC="0.95" CONTENT="gällande,"/><SP WIDTH="17" VPOS="1294" HPOS="672"/>
							<String ID="string_324" HPOS="689" VPOS="1294" WIDTH="34" HEIGHT="20" WC="0.96" CONTENT="det"/><SP WIDTH="16" VPOS="1294" HPOS="723"/>
							<String ID="string_325" HPOS="739" VPOS="1294" WIDTH="36" HEIGHT="20" WC="0.96" CONTENT="vid"/><SP WIDTH="15" VPOS="1294" HPOS="775"/>
							<String ID="string_326" HPOS="790" VPOS="1293" WIDTH="79" HEIGHT="20" WC="0.96" CONTENT="normal"/>
						</TextLine>
						<TextLine ID="line_40" HPOS="118" VPOS="1324" WIDTH="751" HEIGHT="28">
							<String ID="string_327" HPOS="118" VPOS="1325" WIDTH="98" HEIGHT="26" WC="0.96" CONTENT="spårvidd"/><SP WIDTH="16" VPOS="1325" HPOS="216"/>
							<String ID="string_328" HPOS="232" VPOS="1328" WIDTH="22" HEIGHT="17" WC="0.91" CONTENT="är"/><SP WIDTH="15" VPOS="1328" HPOS="254"/>
							<String ID="string_329" HPOS="269" VPOS="1325" WIDTH="93" HEIGHT="27" WC="0.91" CONTENT="tillfylles"/><SP WIDTH="16" VPOS="1325" HPOS="362"/>
							<String ID="string_330" HPOS="378" VPOS="1328" WIDTH="30" HEIGHT="17" WC="0.93" CONTENT="att"/><SP WIDTH="16" VPOS="1328" HPOS="408"/>
							<String ID="string_331" HPOS="424" VPOS="1325" WIDTH="105" HEIGHT="19" WC="0.90" CONTENT="skenorna"/><SP WIDTH="15" VPOS="1325" HPOS="529"/>
							<String ID="string_332" HPOS="544" VPOS="1326" WIDTH="67" HEIGHT="18" WC="0.92" CONTENT="såsom"/><SP WIDTH="16" VPOS="1326" HPOS="611"/>
							<String ID="string_333" HPOS="627" VPOS="1324" WIDTH="93" HEIGHT="20" WC="0.90" CONTENT="förslitna"/><SP WIDTH="11" VPOS="1324" HPOS="720"/>
							<String ID="string_334" HPOS="731" VPOS="1324" WIDTH="85" HEIGHT="26" WC="0.92" CONTENT="utbytas"/><SP WIDTH="11" VPOS="1324" HPOS="816"/>
							<String ID="string_335" HPOS="827" VPOS="1326" WIDTH="42" HEIGHT="16" WC="0.95" CONTENT="mot"/>
						</TextLine>
						<TextLine ID="line_41" HPOS="118" VPOS="1354" WIDTH="750" HEIGHT="27">
							<String ID="string_336" HPOS="118" VPOS="1358" WIDTH="75" HEIGHT="23" WC="0.96" CONTENT="tyngre"/><SP WIDTH="20" VPOS="1358" HPOS="193"/>
							<String ID="string_337" HPOS="213" VPOS="1356" WIDTH="38" HEIGHT="19" WC="0.96" CONTENT="och"/><SP WIDTH="15" VPOS="1356" HPOS="251"/>
							<String ID="string_338" HPOS="266" VPOS="1355" WIDTH="121" HEIGHT="25" WC="0.96" CONTENT="tillräckligt"/><SP WIDTH="15" VPOS="1355" HPOS="387"/>
							<String ID="string_339" HPOS="402" VPOS="1354" WIDTH="72" HEIGHT="20" WC="0.96" CONTENT="starka"/><SP WIDTH="15" VPOS="1354" HPOS="474"/>
							<String ID="string_340" HPOS="489" VPOS="1354" WIDTH="33" HEIGHT="20" WC="0.93" CONTENT="för"/><SP WIDTH="15" VPOS="1354" HPOS="522"/>
							<String ID="string_341" HPOS="537" VPOS="1355" WIDTH="155" HEIGHT="19" WC="0.92" CONTENT="stambanornas"/><SP WIDTH="16" VPOS="1355" HPOS="692"/>
							<String ID="string_342" HPOS="708" VPOS="1354" WIDTH="95" HEIGHT="25" WC="0.93" CONTENT="samtliga"/><SP WIDTH="17" VPOS="1354" HPOS="803"/>
							<String ID="string_343" HPOS="820" VPOS="1360" WIDTH="48" HEIGHT="18" WC="0.91" CONTENT="vag-"/>
						</TextLine>
						<TextLine ID="line_42" HPOS="118" VPOS="1383" WIDTH="752" HEIGHT="27">
							<String ID="string_344" HPOS="118" VPOS="1392" WIDTH="43" HEIGHT="18" WC="0.94" CONTENT="nar,"/><SP WIDTH="23" VPOS="1392" HPOS="161"/>
							<String ID="string_345" HPOS="184" VPOS="1385" WIDTH="26" HEIGHT="19" WC="0.90" CONTENT="då"/><SP WIDTH="22" VPOS="1385" HPOS="210"/>
							<String ID="string_346" HPOS="232" VPOS="1385" WIDTH="91" HEIGHT="20" WC="0.90" CONTENT="deremot"/><SP WIDTH="22" VPOS="1385" HPOS="323"/>
							<String ID="string_347" HPOS="345" VPOS="1385" WIDTH="35" HEIGHT="20" WC="0.96" CONTENT="vid"/><SP WIDTH="22" VPOS="1385" HPOS="380"/>
							<String ID="string_348" HPOS="402" VPOS="1384" WIDTH="54" HEIGHT="20" WC="0.95" CONTENT="olika"/><SP WIDTH="21" VPOS="1384" HPOS="456"/>
							<String ID="string_349" HPOS="477" VPOS="1384" WIDTH="100" HEIGHT="26" WC="0.95" CONTENT="spårvidd"/><SP WIDTH="22" VPOS="1384" HPOS="577"/>
							<String ID="string_350" HPOS="599" VPOS="1390" WIDTH="25" HEIGHT="14" WC="0.95" CONTENT="en"/><SP WIDTH="24" VPOS="1390" HPOS="624"/>
							<String ID="string_351" HPOS="648" VPOS="1384" WIDTH="43" HEIGHT="20" WC="0.95" CONTENT="helt"/><SP WIDTH="18" VPOS="1384" HPOS="691"/>
							<String ID="string_352" HPOS="709" VPOS="1384" WIDTH="38" HEIGHT="20" WC="0.96" CONTENT="och"/><SP WIDTH="15" VPOS="1384" HPOS="747"/>
							<String ID="string_353" HPOS="762" VPOS="1383" WIDTH="65" HEIGHT="20" WC="0.96" CONTENT="hållet"/><SP WIDTH="14" VPOS="1383" HPOS="827"/>
							<String ID="string_354" HPOS="841" VPOS="1389" WIDTH="29" HEIGHT="13" WC="0.96" CONTENT="nu"/>
						</TextLine>
						<TextLine ID="line_43" HPOS="119" VPOS="1413" WIDTH="751" HEIGHT="28">
							<String ID="string_355" HPOS="119" VPOS="1414" WIDTH="119" HEIGHT="26" WC="0.93" CONTENT="vagnspark"/><SP WIDTH="14" VPOS="1414" HPOS="238"/>
							<String ID="string_356" HPOS="252" VPOS="1415" WIDTH="67" HEIGHT="19" WC="0.96" CONTENT="måste"/><SP WIDTH="15" VPOS="1415" HPOS="319"/>
							<String ID="string_357" HPOS="334" VPOS="1414" WIDTH="110" HEIGHT="27" WC="0.92" CONTENT="anskaffas,"/><SP WIDTH="15" VPOS="1414" HPOS="444"/>
							<String ID="string_358" HPOS="459" VPOS="1414" WIDTH="122" HEIGHT="20" WC="0.91" CONTENT="banvallens"/><SP WIDTH="15" VPOS="1414" HPOS="581"/>
							<String ID="string_359" HPOS="596" VPOS="1414" WIDTH="66" HEIGHT="20" WC="0.96" CONTENT="bredd"/><SP WIDTH="16" VPOS="1414" HPOS="662"/>
							<String ID="string_360" HPOS="678" VPOS="1416" WIDTH="53" HEIGHT="18" WC="0.91" CONTENT="samt"/><SP WIDTH="16" VPOS="1416" HPOS="731"/>
							<String ID="string_361" HPOS="747" VPOS="1413" WIDTH="123" HEIGHT="25" WC="0.91" CONTENT="öfverbygg-"/>
						</TextLine>
						<TextLine ID="line_44" HPOS="117" VPOS="1442" WIDTH="752" HEIGHT="27">
							<String ID="string_362" HPOS="117" VPOS="1444" WIDTH="79" HEIGHT="20" WC="0.91" CONTENT="nadens"/><SP WIDTH="15" VPOS="1444" HPOS="196"/>
							<String ID="string_363" HPOS="211" VPOS="1444" WIDTH="75" HEIGHT="20" WC="0.96" CONTENT="ballast"/><SP WIDTH="15" VPOS="1444" HPOS="286"/>
							<String ID="string_364" HPOS="301" VPOS="1444" WIDTH="65" HEIGHT="20" WC="0.96" CONTENT="bredd"/><SP WIDTH="16" VPOS="1444" HPOS="366"/>
							<String ID="string_365" HPOS="382" VPOS="1444" WIDTH="38" HEIGHT="20" WC="0.91" CONTENT="och"/><SP WIDTH="16" VPOS="1444" HPOS="420"/>
							<String ID="string_366" HPOS="436" VPOS="1444" WIDTH="92" HEIGHT="25" WC="0.91" CONTENT="sleepers"/><SP WIDTH="11" VPOS="1444" HPOS="528"/>
							<String ID="string_367" HPOS="539" VPOS="1443" WIDTH="103" HEIGHT="21" WC="0.82" CONTENT="förstoras."/><SP WIDTH="32" VPOS="1443" HPOS="642"/>
							<String ID="string_368" HPOS="674" VPOS="1444" WIDTH="67" HEIGHT="19" WC="0.94" CONTENT="Alltså"/><SP WIDTH="10" VPOS="1444" HPOS="741"/>
							<String ID="string_369" HPOS="751" VPOS="1443" WIDTH="7" HEIGHT="19" WC="0.95" CONTENT="i"/><SP WIDTH="11" VPOS="1443" HPOS="758"/>
							<String ID="string_370" HPOS="769" VPOS="1443" WIDTH="35" HEIGHT="19" WC="0.96" CONTENT="det"/><SP WIDTH="10" VPOS="1443" HPOS="804"/>
							<String ID="string_371" HPOS="814" VPOS="1442" WIDTH="55" HEIGHT="20" WC="0.96" CONTENT="förra"/>
						</TextLine>
					</TextBlock>
				</ComposedBlock>
				<ComposedBlock ID="cblock_2" HPOS="193" VPOS="1485" WIDTH="415" HEIGHT="25">
					<TextBlock ID="block_7" HPOS="193" VPOS="1485" WIDTH="415" HEIGHT="25">
						<TextLine ID="line_45" HPOS="193" VPOS="1485" WIDTH="415" HEIGHT="25">
							<String ID="string_372" HPOS="193" VPOS="1486" WIDTH="194" HEIGHT="24" WC="0.90" CONTENT="Jernvägsutskottets"/><SP WIDTH="16" VPOS="1486" HPOS="387"/>
							<String ID="string_373" HPOS="403" VPOS="1485" WIDTH="119" HEIGHT="20" WC="0.95" CONTENT="betänkande"/><SP WIDTH="15" VPOS="1485" HPOS="522"/>
							<String ID="string_374" HPOS="537" VPOS="1485" WIDTH="37" HEIGHT="19" WC="0.95" CONTENT="N:o"/><SP WIDTH="17" VPOS="1485" HPOS="574"/>
							<String ID="string_375" HPOS="591" VPOS="1486" WIDTH="17" HEIGHT="19" WC="0.96" CONTENT="3."/>
						</TextLine>
					</TextBlock>
				</ComposedBlock>
				<GraphicalElement ID="cblock_3" HPOS="1048" VPOS="355" WIDTH="13" HEIGHT="889"></GraphicalElement >
			</PrintSpace>
		</Page>
	</Layout>
</alto>
