1061 1717
281 90 239 23 Petitionsbetänkande
535 90 37 23 N:o
588 90 20 23 5.
792 92 25 21 11

100 158 58 21 inom
181 157 74 22 hvilka
277 164 27 15 en
327 157 60 27 dylik
410 158 64 21 rähet
496 158 91 21 alldeles
609 158 49 22 icke
681 158 106 21 tolereras
810 157 40 22 och

102 193 75 22 hvilka
197 192 72 22 derför
280 187 58 27 med
362 192 89 22 fruktan
474 193 119 22 bortsända
608 194 49 21 sina
672 194 54 21 barn
742 195 33 20 att
790 193 60 21 inan-

100 230 39 21 das
160 228 154 22 kasärnlifvets
335 228 7 22 i
361 228 62 22 detta
438 228 102 23 afseende
556 229 127 22 förskämda
700 229 49 22 luft.
780 229 70 21 Dessa

100 265 92 21 likasom
215 264 69 22 folket
307 264 6 21 i
335 264 33 22 sin
389 264 75 22 helhet
482 264 64 22 hafva
561 266 45 20 rätt
622 267 34 19 att
672 264 74 22 fordra
761 266 34 20 att
810 264 40 22 allt

99 301 58 21 befäl
173 301 49 21 med
237 301 53 27 godt
305 300 97 27 exempel
418 300 86 28 föregär
520 301 55 27 dem,
593 307 46 15 som
656 303 38 19 äro
710 300 140 22 anförtrodda

98 338 23 20 åt
137 337 49 21 dess
201 337 59 21 vård.

167 372 34 22 Då
223 372 104 22 Finlands
349 373 89 21 ständer
459 374 25 20 år
501 373 56 22 1878
577 375 80 25 antogo
676 372 151 28 värneplikten
843 373 7 21 i

105 410 48 20 dess
172 409 124 21 nuvarande
317 408 69 27 skick,
409 408 99 22 uttalade
529 409 26 21 de
572 409 105 21 särskildt
693 409 42 21 den
751 408 99 27 förhopp-

106 445 58 28 ning,
180 446 33 20 att
229 445 48 21 från
293 444 68 22 första
378 445 94 21 stunden
488 451 27 15 en
531 447 85 25 strängt
632 445 71 27 sedlig
713 445 58 21 anda
781 444 70 22 skulle

103 481 127 27 uppehållas
246 481 58 21 inom
320 482 38 20 vår
373 480 117 27 nybildade
507 481 59 21 armé
577 481 40 22 och
628 481 70 22 ehuru
709 481 27 22 de
747 481 50 21 med
807 480 44 22 till-

101 517 77 27 försigt
200 517 117 21 förutsatte
340 518 33 20 att
396 517 163 22 vederbörande
587 517 58 22 befäl
670 517 71 21 skulle
763 518 29 25 på
815 516 36 21 det

104 555 159 25 noggrannaste
285 552 80 22 beakta
384 553 71 21 denna
475 553 83 27 vigtiga
579 553 47 21 sida
642 552 24 22 af
681 553 74 26 saken,
771 553 80 26 ansågo

101 589 66 21 likväl
183 589 118 21 ständerna
316 590 33 19 att.
363 588 94 21 befälets
473 589 140 21 sträfvanden
624 589 7 20 i
643 589 61 21 detta
715 588 56 27 syfte
782 587 70 22 skulle

103 625 6 21 i
124 625 107 26 väsentlig
247 625 50 20 mån
312 624 124 27 befrämjas,
446 631 35 14 om
498 625 37 21 vid
550 626 120 25 trupperna
682 625 77 21 enkom
771 623 81 22 anstäl-

104 661 38 21 des
165 660 174 27 religionslärare
362 660 34 21 för
419 662 33 19 att
471 660 123 22 handhafva
610 661 143 26 själavården.
785 659 10 22 I
816 666 37 15 en-

109 697 67 27 lighet
191 697 90 20 härmed
296 697 40 20 har
351 696 128 27 visserligen
496 696 65 21 ocksä
575 697 37 20 vid
627 696 53 21 hvar
696 697 40 20 och
752 702 26 15 en
794 695 24 22 af
827 696 26 21 de

108 732 73 22 aktiva
205 732 150 27 bataljonerna
376 739 26 14 en
423 734 61 25 prest
500 732 101 27 anstälts,
624 732 99 22 hvilkens
740 731 113 28 äliggande

103 769 38 22 det
156 771 23 19 är
195 770 32 20 att
244 769 57 26 sörja
318 768 33 21 för
362 768 37 21 det
410 768 6 21 i
428 768 70 27 tjänst
508 769 94 20 varande
613 768 142 27 manskapets
766 767 87 28 andliga

104 805 66 21 behof
189 805 39 21 och
249 806 33 19 att
302 805 55 20 vaka
378 804 60 21 öfver
466 804 50 21 dess
538 804 83 27 sedliga
636 803 136 28 uppfostran.
803 803 50 22 Men

105 841 42 21 den
169 840 74 21 härför
262 840 114 21 bestämda
397 839 123 28 aflöningen
546 842 24 19 är
589 841 24 20 sä
628 840 46 27 lägt
689 840 108 27 tilltagen,
821 841 33 19 att

105 876 46 21 icke
166 877 70 26 nägon
252 875 139 22 uteslutande
407 875 43 22 kan
466 877 57 25 ägna
539 873 34 30 sig
588 877 23 20 ät
627 876 61 21 detta
701 875 45 22 kall
757 878 52 19 utan
821 877 33 19 att

107 912 88 21 dermed
210 912 75 21 förena
301 912 67 21 andra
383 911 156 27 befattningar.
565 911 92 27 Följden
673 911 63 22 däraf
750 911 40 22 har
805 911 48 21 der-

107 948 44 22 före
168 948 64 21 ocksä
247 947 72 22 blifvit
335 948 47 27 den,
402 949 33 20 att
451 947 232 28 predikantämbetena
698 947 36 22 vid
749 948 52 21 vära
816 947 37 21 ba-

106 983 92 28 taljoner
220 984 7 21 i
249 985 68 20 större
341 983 53 22 eller
412 983 86 22 mindre
514 984 53 26 grad
583 983 113 22 betraktas
711 989 47 16 som
774 983 79 26 bitjän-

105 1021 52 20 ster.
193 1019 60 22 Inom
285 1025 99 16 reserven
413 1020 47 20 åter
486 1021 25 19 är
539 1019 136 27 själavärden
701 1021 57 19 ännu
781 1021 70 19 sämre

105 1055 152 28 tillgodosedd,
287 1055 7 21 i
322 1055 36 21 det
384 1056 34 20 att
448 1055 24 20 af
497 1054 109 27 Styrelsen
633 1055 7 20 i
667 1055 60 21 detta
752 1054 101 22 afseende

104 1091 89 21 alldeles
219 1091 50 27 inga
293 1091 101 26 ätgärder
416 1090 112 27 vidtagits.
559 1090 134 27 Visserligen
715 1090 66 21 hafva
803 1090 49 21 che-

105 1127 60 21 ferna
185 1127 36 20 vid
242 1126 229 27 reservkompanierna
494 1126 41 21 här
559 1127 39 20 och
622 1127 38 21 der
684 1127 50 20 sökt
757 1126 97 27 afhjelpa

105 1163 70 21 denna
193 1162 56 22 brist
265 1163 124 27 derigenom
406 1164 32 20 att
454 1163 72 26 nägon
542 1162 35 21 del
593 1162 23 21 af
630 1163 135 26 manskapet,
781 1163 73 20 derest

105 1199 68 26 kyrka
195 1197 83 22 funnits
300 1198 7 21 i
328 1199 112 26 närheten,
464 1204 36 15 om
522 1199 136 26 söndagarna
678 1198 176 21 kommenderats

106 1235 33 20 att
154 1236 91 19 närvara
261 1234 37 21 vid
313 1234 41 21 den
370 1234 111 21 allmänna
497 1234 165 27 gudstjänsten;
678 1235 28 26 pä
717 1234 81 21 sädana
809 1235 44 19 mö-

108 1269 117 27 tesplatser
243 1271 53 25 åter,
315 1269 73 22 hvilka
404 1269 59 28 legat
478 1269 93 28 aflägset
586 1269 47 21 från
648 1269 75 27 kyrka,
742 1269 39 21 här
797 1275 57 21 man,

106 1306 24 20 sä
153 1306 46 20 vidt
221 1306 86 26 möjligt
325 1306 63 26 varit,
413 1306 50 21 sökt
479 1305 22 21 få
519 1306 35 21 till
573 1306 64 21 stånd
655 1305 58 22 skild
731 1305 124 27 gudstjänst

106 1342 6 20 i
129 1342 76 26 sjelfva
220 1342 140 21 barackerna.
386 1342 50 21 Men
452 1342 108 26 naturligt
575 1344 25 18 är
615 1343 33 19 att
664 1342 64 20 dessa
741 1341 114 27 gagneliga

107 1377 144 27 anordningar
272 1377 47 21 icke
339 1378 85 20 kunnat
443 1377 69 21 blifva
533 1379 67 19 annat
621 1379 27 19 än
670 1377 89 27 spridda
775 1376 80 27 försök,

106 1414 27 20 då
149 1413 47 21 från
211 1412 122 28 Styrelsens
349 1413 48 21 sida
413 1413 56 21 intet
484 1413 7 21 i
508 1413 69 21 saken
592 1413 72 21 blifvit
680 1413 78 27 gjordt.

173 1448 62 22 Såväl
251 1448 7 22 i
275 1449 37 21 det
331 1455 41 15 ena
389 1455 47 15 som
452 1448 70 22 andra
538 1448 113 22 afseendet
666 1448 52 27 tala,
738 1448 69 27 enligt
822 1450 34 20 ut-

177 1491 104 19 Allmänna
297 1491 184 20 Besvärsutskottets
496 1490 119 20 betänkande
630 1491 38 19 N:o
683 1491 19 19 4.
