1061 1717
178 83 14 21 8
391 81 239 25 Petitionsbetänkande
645 80 38 22 N:o
698 79 20 22 3.

177 148 79 22 sådant
277 148 7 21 i
304 148 102 23 afseende
432 150 13 20 &
465 149 71 27 lyceet
551 149 7 21 i
574 148 143 26 Tavastehus,
739 146 65 22 hvars
819 145 111 28 ypperliga

176 184 49 27 läge
248 184 40 21 och
308 184 216 23 kommunikationer
549 186 58 20 samt
626 184 79 22 närhet
720 182 35 22 till
771 181 160 22 hufvudstaden

177 219 64 22 alltid
256 220 98 22 kommer
369 222 34 20 att
418 220 33 22 dit
466 220 64 22 locka
546 220 149 22 framstående
711 218 162 22 lärarekrafter.

248 256 132 27 Ytterligare
395 256 40 22 har
450 257 59 21 inom
526 257 112 21 utskottet
652 256 117 27 påpekats,
785 255 104 21 hurusom
904 254 26 21 de

176 291 77 27 billiga
275 291 235 23 lefnadskostnaderna
525 292 7 21 i
548 292 136 22 Tavastehus
704 291 74 21 kunde
795 290 90 27 erbjuda
899 290 31 21 lä-

177 327 207 22 rarekandidaterne
400 334 27 16 en
443 328 124 27 ersättning
582 328 34 21 för
632 328 41 21 den
690 328 65 26 orätt,
773 326 26 22 de
815 326 45 22 lida
876 326 55 21 deri-

178 369 85 21 genom,
282 365 34 19 att
337 364 26 21 de
379 364 33 22 för
428 366 34 20 att
477 364 114 22 förbereda
606 364 34 26 sig
655 364 35 20 till
707 363 40 21 sitt
762 362 111 22 blifvande
888 362 45 21 kall

177 399 81 27 nödgas
274 398 96 28 aflägsna
386 400 34 27 sig
437 400 49 22 från
501 400 154 22 universitetet
670 400 40 21 och
727 397 204 29 pedagogieprofes-

177 441 62 16 sorns
255 435 85 22 närhet.
371 436 68 22 Detta
455 436 128 27 påstående,
600 442 47 15 som
663 435 25 22 af
709 429 174 32 Öfverstyrelsen
898 433 34 22 för

178 471 154 22 skolväsendet
347 472 87 21 erhållit
450 471 90 22 officielt
555 472 127 26 understöd,
699 471 76 26 vädjar
791 470 92 21 sålunda
898 469 34 22 till

177 507 229 22 lärarekandidaterne
422 507 77 28 sjelfve
516 510 58 19 samt
589 507 34 22 till
640 508 41 21 den
698 506 132 27 erfarenhet,
847 506 7 21 i
870 507 60 20 detta

176 542 103 23 afseende
295 544 66 21 redan
377 544 96 21 vunnits.
500 543 115 22 Utskottet
630 543 40 22 har
681 543 52 22 med
744 542 117 27 anledning
872 542 38 21 der
920 549 13 14 a

177 578 114 22 förskaflat
313 579 34 27 sig
370 579 137 28 förteckning
528 579 61 22 öfver
604 579 233 22 lärarekandidaterne
852 578 35 21 vid
904 578 26 21 de

176 614 69 27 bägge
268 615 160 27 normallyceen
448 616 71 21 under
543 616 27 21 de
593 617 33 20 tre
650 616 32 26 är,
699 621 47 15 som
769 613 93 22 förflutit
877 613 55 22 efter

178 652 87 20 senaste
281 651 155 22 ständermöte.
468 651 70 22 Deras
555 651 60 22 antal
631 651 114 27 utgjorde:

199 687 119 21 värtermin
350 687 64 28 1882,
439 687 6 21 i
469 687 137 27 Helsingfors
631 687 37 28 12;
693 687 7 21 i
725 687 135 21 Tavastehus
898 686 14 21 8

199 722 132 22 hösttermin
349 718 13 37 =
377 739 10 11 ,
531 739 10 12 äj
629 724 37 26 19;
788 738 10 12 n
884 722 29 21 20

199 759 120 20 värtermin
351 759 64 27 1883,
533 775 10 12 a
628 759 38 27 23;
788 774 10 11 ä
885 757 27 22 16

199 793 131 22 hösttermin
347 789 13 38 =
371 811 15 12 ,
531 811 10 11 N
628 795 38 27 12;
788 810 10 11 n
898 794 14 21 9

198 830 119 21 värtermin
350 831 64 26 1884,
531 847 10 10 s
628 831 38 27 17;
789 846 9 12 -
898 829 14 22 5

199 865 130 22 hösttermin
348 861 12 36 =
376 882 10 11 ,
530 883 9 11 w
628 862 36 36 19;
787 882 10 11 W
898 865 14 22 5

199 901 119 22 värtermin
351 902 65 27 1885,
530 919 10 11 n
627 903 38 26 25;
787 918 10 10 ”
897 902 15 21 4

248 937 71 22 Häraf
340 937 101 28 framgär,
458 939 33 20 att
514 938 83 21 antalet
614 938 155 21 auskultanter
790 937 141 22 öfverhufvud

177 973 57 20 varit
248 972 108 28 betydligt
379 973 85 22 mindre
480 973 36 22 vid
536 973 176 28 Normallyceum
730 973 6 20 i
753 973 135 22 Tavastehus
903 975 27 19 än

177 1008 6 21 i
199 1008 145 28 Helsingfors,
361 1009 110 22 äfvensom
496 1011 33 20 att
548 1010 62 21 detta
626 1009 192 22 missförhällande
835 1009 96 27 isynner-

177 1044 38 21 het
230 1045 29 26 pä
274 1051 77 15 senare
366 1045 58 22 tider
439 1045 73 22 blifvit
527 1045 90 22 alldeles
634 1045 6 21 i
657 1047 86 25 ögonen
760 1044 101 22 fallande.
888 1044 43 21 En-

178 1079 48 22 dast
249 1081 70 20 under
342 1081 41 21 den
406 1081 33 21 tid
462 1080 150 28 professionen
633 1081 6 21 i
664 1081 126 27 pedagogik
813 1087 38 15 var
866 1080 65 27 ledig,

177 1115 103 27 uppehöll
296 1116 34 27 sig
346 1118 33 19 ett
394 1118 70 20 större
480 1117 60 21 antal
559 1117 131 22 kandidater
707 1117 7 20 i
731 1116 145 27 Tavastehus;
892 1123 38 14 nu-

177 1157 60 15 mera
253 1151 98 22 deremot
374 1152 73 27 sedan,
464 1153 71 21 denna
550 1153 118 26 vetenskap
686 1153 49 21 äter
751 1151 88 22 erhällit
855 1158 26 15 en
897 1158 33 15 or-

176 1186 85 22 dinarie
277 1187 106 22 mälsman
399 1187 37 22 vid
451 1188 158 27 universitetet,
627 1189 57 26 välja
701 1189 27 20 de
745 1188 55 21 allra
810 1187 62 22 fleste
883 1188 47 21 uni-

176 1222 186 23 versitetsstaden.
395 1223 43 22 Det
462 1230 62 21 synes
546 1224 84 22 säledes
646 1231 52 14 vara
715 1223 167 28 ovedersägligt,
898 1226 33 19 att

176 1257 33 22 för
225 1258 56 28 dem,
297 1259 75 21 hvilka
387 1259 116 22 förbereda
519 1260 34 27 sig
568 1259 33 22 för
616 1260 150 27 lärarekallet,
783 1260 26 21 de
820 1259 60 27 lägre
890 1259 40 22 lef-

175 1294 203 22 nadskostnaderna
402 1295 7 21 i
433 1296 136 22 Tavastehus
593 1296 47 22 icke
664 1298 113 20 motsvara
801 1296 26 21 de
843 1296 88 26 mänga-

175 1330 72 21 handa
262 1330 102 28 fördelar,
380 1331 138 28 Helsingfors
534 1332 81 22 förmär
631 1332 99 27 erbjuda,
740 1332 40 21 och
797 1333 34 19 att
846 1331 84 21 säledes

175 1366 42 20 den
233 1367 141 27 omvärdnad,
391 1374 49 14 man
456 1374 78 20 genom
551 1370 34 19 att
600 1368 137 21 fortfarande
754 1367 54 21 söka
821 1366 110 22 bibehälla

175 1403 37 19 det
226 1400 72 23 finska
312 1402 161 28 Normaliyceet
487 1410 8 14 i
506 1403 134 22 Tavastehus
651 1409 70 21 egnar
731 1403 28 22 de
769 1402 72 22 finska
851 1402 80 22 lärare-

175 1436 167 29 kandidaterne,
358 1438 24 21 af
396 1439 49 21 dem
462 1438 74 27 sjelfve
553 1439 90 27 afböjes.
668 1439 77 21 Under
757 1439 83 21 sädana
851 1438 79 21 förhäl-

245 1480 109 20 Allmänna
369 1481 186 20 Besvärsutskottets
571 1481 117 20 betänkande
705 1481 39 20 N:o
761 1482 20 18 2.
