1061 1717
311 101 238 24 Petitionsbetänkande
564 102 39 23 N:o
621 102 33 22 16.
813 103 14 22 5

108 168 105 22 svarande
229 168 151 28 församlingen
397 168 180 27 hufvudsakligen
593 168 111 22 användes
720 169 36 21 vid
767 168 42 22 den
818 168 38 21 all-

108 203 78 20 männa
195 202 158 28 gudstjänsten.
369 202 103 21 Däremot
480 201 73 21 kunna
561 202 43 20 alla
610 202 127 21 skrifvelser
745 202 40 21 och
794 202 64 20 hand-

109 235 76 29 lingar,
201 236 28 28 på
244 236 74 20 hvilka
327 242 76 21 genom
419 235 177 21 ämbetsvärkens
612 236 130 28 förmedling
751 236 108 20 infordras

111 269 140 21 kommunens
274 276 55 20 svar,
351 276 51 14 vara
424 269 83 21 skrifna
529 269 103 27 antingen
656 270 27 26 på
698 270 92 21 svenska
805 269 54 21 eller

109 303 74 25 finska,
205 306 52 18 utan
272 303 83 28 hänsyn
370 303 40 25 till,
430 303 83 21 hvilket
528 303 65 27 språk
609 303 130 21 kommunen
755 304 33 20 för
803 310 55 21 egen

109 337 35 21 del
161 338 109 20 använder
285 337 40 21 och
340 337 85 21 förstår.
455 336 32 22 På
502 338 59 20 detta
576 338 42 20 sätt
633 337 74 21 kunna
723 337 43 21 alla
774 337 85 26 besvär,

110 371 145 28 ansökningar
278 371 39 21 och
340 370 108 28 skriftliga
469 370 84 28 inlagor
574 371 7 20 i
600 371 64 21 civila
687 371 42 21 mål
753 373 54 19 samt
822 377 37 14 an-

111 404 38 22 dra
171 404 48 22 med
241 404 118 28 anledning
381 404 63 21 häraf
465 404 123 28 uppkomna
612 404 132 26 skrifvelser,
759 411 51 14 vare
826 404 33 28 sig

110 439 27 21 de
160 439 66 21 sedan
248 440 37 19 äro
308 439 124 20 inlämnade
454 438 23 21 af
495 438 98 21 enskilde
608 445 103 22 personer
727 439 54 21 eller
795 438 24 21 af
833 445 26 14 en

111 472 36 21 hel
162 473 108 25 kommun,
285 472 30 21 all
328 472 152 28 skriftväxling
489 472 78 21 mellan
579 473 177 21 ämbetsmännen
765 473 39 20 och
816 473 45 20 äm-

112 506 135 25 betsvärken,
266 508 55 19 samt
336 506 108 21 dessutom
462 506 44 21 alla
521 506 77 28 utdrag
613 513 25 14 ur
654 506 59 21 äldre
723 506 138 26 domböcker,

109 539 151 28 jordeböcker,
275 540 184 27 mantalslängder
474 540 40 21 och
529 540 66 21 andra
611 540 6 21 i
627 540 177 21 ämbetsvärkens
819 541 40 26 ägo

113 573 110 28 befintliga
238 574 129 27 handlingar
382 573 54 22 eller
452 574 53 27 eljes
520 574 132 27 frambragta
666 574 118 21 dokument
799 574 6 21 i
821 573 40 22 och

111 607 34 21 för
160 607 138 22 infordrande
313 607 24 22 af
349 608 121 27 förklaring
486 607 53 22 eller
555 615 47 14 svar
626 608 139 21 öfversändas
787 608 33 21 till
835 615 25 14 en

113 641 106 25 kommun,
234 649 46 13 som
295 641 34 21 för
344 641 100 28 språkets
460 641 56 22 skull
532 642 20 27 ej
569 643 23 20 är
607 642 6 21 i
630 641 62 22 stånd
707 644 32 19 att
749 643 52 26 taga
810 641 51 22 reda

113 675 27 27 på
155 675 62 21 deras
233 675 103 28 innehåll;
352 675 40 21 och
408 675 68 21 kändt
484 677 23 19 är
516 677 30 19 att
554 675 126 28 isynnerhet
690 675 26 22 de
724 676 70 20 finska
802 675 59 21 kom-

113 715 104 15 munerna
239 709 41 21 fått
303 709 119 21 vidkännas
446 709 140 28 olägenheter
608 709 23 21 af
651 709 59 22 detta
729 709 132 22 missförhål-

112 741 70 22 lande.

180 776 151 21 Förevarande
353 777 183 27 petitionsförslag
552 777 100 20 omfattar
667 777 138 28 synbarligen
821 783 37 14 en-

113 810 47 21 dast
175 810 26 21 de
217 810 44 27 fall,
277 810 28 21 då
320 817 26 14 en
363 811 34 20 hel
414 810 102 21 kommun
533 810 76 21 tvistar
625 813 44 18 mot
684 817 26 15 en
729 817 70 15 annan
808 810 54 21 eller

114 844 27 21 då
157 844 84 21 enskild
256 851 79 21 person
351 844 6 21 i
372 844 49 28 laga
437 846 41 25 väg
494 844 80 21 vänder
588 844 33 27 sig
636 847 44 18 mot
694 844 110 25 kommun,
822 843 40 22 och

114 877 156 28 petitionärens
285 878 67 27 afsigt
367 878 60 21 torde
445 885 56 18 vara,
517 880 32 19 att
564 878 7 21 i
587 877 37 22 det
634 878 57 21 förra
700 878 61 21 fallet
769 877 94 22 ämbets-

115 919 48 14 man
179 912 53 22 eller
247 911 145 26 embetsvärk,
408 912 39 21 hos
462 911 84 22 hvilket
561 911 66 22 målet
641 913 24 20 är
674 911 189 28 anhängiggjordt,

114 945 7 21 i
143 952 76 14 senare
241 945 62 22 fallet
324 946 46 21 åter
391 945 42 22 den
448 945 101 22 enskilda
565 945 153 28 målsäganden
734 945 69 21 skulle
819 945 42 21 för-

115 979 102 28 pligtigas
238 981 33 19 att
290 979 67 27 draga
372 979 84 28 försorg
472 979 80 24 därem,
567 981 33 19 att
615 979 120 22 käromålet
749 979 54 21 eller
818 979 45 21 åta-

115 1013 37 26 let,
168 1013 91 21 skrifvet
275 1013 27 28 på
317 1013 41 21 den
370 1013 166 28 ifrågavarande
546 1013 143 21 kommunens
697 1013 72 28 språk,
778 1013 85 21 komme

116 1047 70 21 denna
208 1047 33 20 till
264 1047 76 21 handa.
370 1047 114 21 Utskottet
504 1047 33 20 för
556 1047 33 21 sin
604 1047 35 20 del
655 1047 39 20 har
709 1047 20 27 ej
745 1049 72 19 ansett
831 1047 33 27 sig

116 1081 72 20 kunna
203 1080 75 21 förena
297 1081 33 26 sig
345 1087 33 14 om
395 1081 118 27 någotdera
528 1081 23 20 af
564 1080 62 21 dessa
641 1080 86 28 förslag.
758 1080 107 22 Otvifvel-

116 1115 70 27 aktigt
207 1115 24 20 är
253 1114 135 28 visserligen,
410 1114 56 21 hvad
489 1121 44 14 som
553 1114 66 21 också
642 1121 25 14 ur
682 1115 37 20 det
733 1114 131 28 föregående

117 1148 60 21 torde
199 1148 89 28 framgå,
310 1150 31 19 att
363 1148 231 28 språkförhållandena
616 1148 33 21 för
672 1149 37 20 det
730 1148 134 21 närvarande

116 1184 37 19 äro
168 1189 26 14 en
209 1182 58 21 källa
283 1182 33 21 till
332 1182 78 28 många
423 1182 140 28 olägenheter
578 1182 33 21 för
626 1181 163 27 kommunerna,
806 1182 57 28 isyn-

117 1216 76 21 nerhet
207 1216 27 21 de
250 1216 76 27 finska,
341 1223 49 15 men
406 1216 27 21 de
448 1216 72 21 medel
535 1216 103 27 däremot,
654 1222 44 15 som
714 1215 24 22 af
752 1216 113 27 petitionä-

117 1257 37 14 ren
176 1250 99 25 föreslås,
293 1251 37 20 äro
345 1250 24 21 sä
384 1250 32 21 till
432 1250 50 21 vida
497 1249 151 28 otillräckliga,
664 1256 45 14 som
723 1249 144 22 förhållandet

117 1291 77 21 genom
212 1283 48 22 dem
273 1284 20 28 ej
302 1284 72 21 blefve
382 1283 122 29 synnerligt
512 1283 75 22 bättre.
603 1283 88 21 Märkas
702 1283 38 21 bör
749 1283 116 29 nämligen,

117 1318 101 28 attjämte
227 1318 26 21 de
263 1318 133 27 stämningar
404 1318 40 21 och
453 1317 67 21 andra
529 1317 107 28 skriftliga
644 1317 90 28 inlagor,
742 1317 72 21 hvilka
823 1317 44 21 till-

118 1352 74 21 ställas
207 1352 130 21 kommunen
350 1358 45 14 som
404 1351 114 27 svarande,
526 1351 72 21 kunna
607 1351 62 21 äfven
678 1350 115 29 vidlyftiga
800 1350 66 22 hand-

118 1386 76 27 lingar,
209 1386 145 20 ämbetsmäns
369 1386 147 27 förklaringar
530 1392 27 14 m.
573 1392 27 14 m.
616 1384 86 22 komma
709 1384 42 22 den
760 1385 106 21 tillhanda

119 1420 39 20 och
167 1419 63 21 dessa
238 1420 37 20 äro
284 1420 75 20 nästan
368 1420 62 20 alltid
440 1419 104 21 affattade
552 1419 28 27 på
588 1418 92 22 svenska
688 1418 39 22 och
737 1418 72 22 därför
817 1420 50 20 obe-

119 1453 93 28 gripliga
227 1453 32 21 för
275 1460 26 14 en
318 1453 55 21 finsk
389 1453 110 21 kommun.
529 1453 115 21 Dessutom
660 1452 72 21 kunna
748 1452 66 22 också
824 1454 44 20 äm-

190 1500 106 20 Allmänna
312 1501 184 19 Besvärsutskottets
513 1499 117 21 betänkande
645 1500 41 20 N:o
701 1500 30 20 13.
