<?xml version="1.0" encoding="UTF-8"?>
<alto xmlns="http://www.loc.gov/standards/alto/ns-v3#" xmlns:xlink="http://www.w3.org/1999/xlink" xmlns:xsi="http://www.w3.org/2001/XMLSchema-instance" xsi:schemaLocation="http://www.loc.gov/standards/alto/ns-v3# http://www.loc.gov/alto/v3/alto-3-0.xsd">
	<Description>
		<MeasurementUnit>pixel</MeasurementUnit>
		<sourceImageInformation>
			<fileName>/tmp/tess_elou79bh_input.PNG</fileName>
		</sourceImageInformation>
		<OCRProcessing ID="OCR_0">
			<ocrProcessingStep>
				<processingSoftware>
					<softwareName>tesseract 5.3.4</softwareName>
				</processingSoftware>
			</ocrProcessingStep>
		</OCRProcessing>
	</Description>
	<Layout>
		<Page WIDTH="1061" HEIGHT="1717" PHYSICAL_IMG_NR="0" ID="page_0">
			<PrintSpace HPOS="0" VPOS="0" WIDTH="1061" HEIGHT="1717">
				<ComposedBlock ID="cblock_0" HPOS="321" VPOS="117" WIDTH="542" HEIGHT="23">
					<TextBlock ID="block_0" HPOS="321" VPOS="117" WIDTH="542" HEIGHT="23">
						<TextLine ID="line_0" HPOS="321" VPOS="117" WIDTH="542" HEIGHT="23">
							<String ID="string_0" HPOS="321" VPOS="117" WIDTH="238" HEIGHT="23" WC="0.91" CONTENT="Petitionsbetänkande"/><SP WIDTH="16" VPOS="117" HPOS="559"/>
							<String ID="string_1" HPOS="575" VPOS="117" WIDTH="36" HEIGHT="23" WC="0.96" CONTENT="N:o"/><SP WIDTH="17" VPOS="117" HPOS="611"/>
							<String ID="string_2" HPOS="628" VPOS="117" WIDTH="34" HEIGHT="22" WC="0.96" CONTENT="31."/><SP WIDTH="187" VPOS="117" HPOS="662"/>
							<String ID="string_3" HPOS="849" VPOS="118" WIDTH="14" HEIGHT="21" WC="0.96" CONTENT="3"/>
						</TextLine>
					</TextBlock>
				</ComposedBlock>
				<ComposedBlock ID="cblock_1" HPOS="107" VPOS="184" WIDTH="758" HEIGHT="469">
					<TextBlock ID="block_1" HPOS="107" VPOS="184" WIDTH="758" HEIGHT="469">
						<TextLine ID="line_1" HPOS="107" VPOS="184" WIDTH="754" HEIGHT="28">
							<String ID="string_4" HPOS="107" VPOS="184" WIDTH="100" HEIGHT="21" WC="0.96" CONTENT="klassiskt"/><SP WIDTH="14" VPOS="184" HPOS="207"/>
							<String ID="string_5" HPOS="221" VPOS="185" WIDTH="81" HEIGHT="27" WC="0.94" CONTENT="lyceum"/><SP WIDTH="15" VPOS="185" HPOS="302"/>
							<String ID="string_6" HPOS="317" VPOS="186" WIDTH="38" HEIGHT="19" WC="0.96" CONTENT="och"/><SP WIDTH="15" VPOS="186" HPOS="355"/>
							<String ID="string_7" HPOS="370" VPOS="185" WIDTH="32" HEIGHT="20" WC="0.93" CONTENT="för"/><SP WIDTH="16" VPOS="185" HPOS="402"/>
							<String ID="string_8" HPOS="418" VPOS="185" WIDTH="180" HEIGHT="21" WC="0.92" CONTENT="åstadkommande"/><SP WIDTH="17" VPOS="185" HPOS="598"/>
							<String ID="string_9" HPOS="615" VPOS="186" WIDTH="23" HEIGHT="19" WC="0.96" CONTENT="af"/><SP WIDTH="15" VPOS="186" HPOS="638"/>
							<String ID="string_10" HPOS="653" VPOS="186" WIDTH="68" HEIGHT="20" WC="0.96" CONTENT="denna"/><SP WIDTH="15" VPOS="186" HPOS="721"/>
							<String ID="string_11" HPOS="736" VPOS="186" WIDTH="125" HEIGHT="25" WC="0.96" CONTENT="utvidgning"/>
						</TextLine>
						<TextLine ID="line_2" HPOS="108" VPOS="214" WIDTH="754" HEIGHT="27">
							<String ID="string_12" HPOS="108" VPOS="215" WIDTH="76" HEIGHT="25" WC="0.96" CONTENT="begära"/><SP WIDTH="16" VPOS="215" HPOS="184"/>
							<String ID="string_13" HPOS="200" VPOS="214" WIDTH="57" HEIGHT="22" WC="0.96" CONTENT="1885"/><SP WIDTH="16" VPOS="214" HPOS="257"/>
							<String ID="string_14" HPOS="273" VPOS="216" WIDTH="34" HEIGHT="19" WC="0.93" CONTENT="års"/><SP WIDTH="15" VPOS="216" HPOS="307"/>
							<String ID="string_15" HPOS="322" VPOS="215" WIDTH="160" HEIGHT="26" WC="0.91" CONTENT="borgarestånds"/><SP WIDTH="16" VPOS="215" HPOS="482"/>
							<String ID="string_16" HPOS="498" VPOS="215" WIDTH="90" HEIGHT="26" WC="0.96" CONTENT="kraftiga"/><SP WIDTH="15" VPOS="215" HPOS="588"/>
							<String ID="string_17" HPOS="603" VPOS="216" WIDTH="135" HEIGHT="20" WC="0.92" CONTENT="medverkan."/><SP WIDTH="31" VPOS="216" HPOS="738"/>
							<String ID="string_18" HPOS="769" VPOS="216" WIDTH="41" HEIGHT="20" WC="0.96" CONTENT="För"/><SP WIDTH="11" VPOS="216" HPOS="810"/>
							<String ID="string_19" HPOS="821" VPOS="216" WIDTH="41" HEIGHT="19" WC="0.96" CONTENT="min"/>
						</TextLine>
						<TextLine ID="line_3" HPOS="109" VPOS="244" WIDTH="754" HEIGHT="27">
							<String ID="string_20" HPOS="109" VPOS="244" WIDTH="103" HEIGHT="20" WC="0.89" CONTENT="enskildta"/><SP WIDTH="22" VPOS="244" HPOS="212"/>
							<String ID="string_21" HPOS="234" VPOS="245" WIDTH="34" HEIGHT="20" WC="0.96" CONTENT="del"/><SP WIDTH="22" VPOS="245" HPOS="268"/>
							<String ID="string_22" HPOS="290" VPOS="246" WIDTH="65" HEIGHT="19" WC="0.96" CONTENT="måste"/><SP WIDTH="20" VPOS="246" HPOS="355"/>
							<String ID="string_23" HPOS="375" VPOS="245" WIDTH="37" HEIGHT="25" WC="0.96" CONTENT="jag"/><SP WIDTH="21" VPOS="245" HPOS="412"/>
							<String ID="string_24" HPOS="433" VPOS="252" WIDTH="49" HEIGHT="13" WC="0.96" CONTENT="anse"/><SP WIDTH="22" VPOS="252" HPOS="482"/>
							<String ID="string_25" HPOS="504" VPOS="245" WIDTH="34" HEIGHT="20" WC="0.96" CONTENT="det"/><SP WIDTH="16" VPOS="245" HPOS="538"/>
							<String ID="string_26" HPOS="554" VPOS="252" WIDTH="50" HEIGHT="13" WC="0.96" CONTENT="vara"/><SP WIDTH="16" VPOS="252" HPOS="604"/>
							<String ID="string_27" HPOS="620" VPOS="248" WIDTH="30" HEIGHT="17" WC="0.96" CONTENT="ett"/><SP WIDTH="17" VPOS="248" HPOS="650"/>
							<String ID="string_28" HPOS="667" VPOS="245" WIDTH="112" HEIGHT="26" WC="0.95" CONTENT="glädjande"/><SP WIDTH="15" VPOS="245" HPOS="779"/>
							<String ID="string_29" HPOS="794" VPOS="245" WIDTH="69" HEIGHT="20" WC="0.96" CONTENT="tidens"/>
						</TextLine>
						<TextLine ID="line_4" HPOS="109" VPOS="274" WIDTH="753" HEIGHT="27">
							<String ID="string_30" HPOS="109" VPOS="274" WIDTH="74" HEIGHT="20" WC="0.96" CONTENT="tecken"/><SP WIDTH="23" VPOS="274" HPOS="183"/>
							<String ID="string_31" HPOS="206" VPOS="274" WIDTH="38" HEIGHT="20" WC="0.92" CONTENT="och"/><SP WIDTH="23" VPOS="274" HPOS="244"/>
							<String ID="string_32" HPOS="267" VPOS="274" WIDTH="110" HEIGHT="26" WC="0.90" CONTENT="prisvärdt,"/><SP WIDTH="21" VPOS="274" HPOS="377"/>
							<String ID="string_33" HPOS="398" VPOS="277" WIDTH="32" HEIGHT="17" WC="0.96" CONTENT="att"/><SP WIDTH="15" VPOS="277" HPOS="430"/>
							<String ID="string_34" HPOS="445" VPOS="278" WIDTH="30" HEIGHT="17" WC="0.96" CONTENT="ett"/><SP WIDTH="15" VPOS="278" HPOS="475"/>
							<String ID="string_35" HPOS="490" VPOS="274" WIDTH="48" HEIGHT="27" WC="0.96" CONTENT="folk,"/><SP WIDTH="17" VPOS="274" HPOS="538"/>
							<String ID="string_36" HPOS="555" VPOS="282" WIDTH="48" HEIGHT="18" WC="0.96" CONTENT="som,"/><SP WIDTH="16" VPOS="282" HPOS="603"/>
							<String ID="string_37" HPOS="619" VPOS="276" WIDTH="27" HEIGHT="25" WC="0.96" CONTENT="på"/><SP WIDTH="16" VPOS="276" HPOS="646"/>
							<String ID="string_38" HPOS="662" VPOS="282" WIDTH="79" HEIGHT="13" WC="0.95" CONTENT="samma"/><SP WIDTH="14" VPOS="282" HPOS="741"/>
							<String ID="string_39" HPOS="755" VPOS="276" WIDTH="56" HEIGHT="24" WC="0.96" CONTENT="gång"/><SP WIDTH="16" VPOS="276" HPOS="811"/>
							<String ID="string_40" HPOS="827" VPOS="275" WIDTH="35" HEIGHT="20" WC="0.96" CONTENT="det"/>
						</TextLine>
						<TextLine ID="line_5" HPOS="109" VPOS="304" WIDTH="753" HEIGHT="26">
							<String ID="string_41" HPOS="109" VPOS="304" WIDTH="82" HEIGHT="20" WC="0.96" CONTENT="arbetar"/><SP WIDTH="22" VPOS="304" HPOS="191"/>
							<String ID="string_42" HPOS="213" VPOS="304" WIDTH="32" HEIGHT="20" WC="0.96" CONTENT="för"/><SP WIDTH="24" VPOS="304" HPOS="245"/>
							<String ID="string_43" HPOS="269" VPOS="307" WIDTH="52" HEIGHT="17" WC="0.96" CONTENT="samt"/><SP WIDTH="22" VPOS="307" HPOS="321"/>
							<String ID="string_44" HPOS="343" VPOS="306" WIDTH="37" HEIGHT="24" WC="0.96" CONTENT="går"/><SP WIDTH="23" VPOS="306" HPOS="380"/>
							<String ID="string_45" HPOS="403" VPOS="304" WIDTH="53" HEIGHT="20" WC="0.96" CONTENT="fram"/><SP WIDTH="21" VPOS="304" HPOS="456"/>
							<String ID="string_46" HPOS="477" VPOS="304" WIDTH="7" HEIGHT="21" WC="0.93" CONTENT="i"/><SP WIDTH="16" VPOS="304" HPOS="484"/>
							<String ID="string_47" HPOS="500" VPOS="305" WIDTH="101" HEIGHT="20" WC="0.90" CONTENT="materielt"/><SP WIDTH="16" VPOS="305" HPOS="601"/>
							<String ID="string_48" HPOS="617" VPOS="305" WIDTH="104" HEIGHT="25" WC="0.96" CONTENT="välstånd,"/><SP WIDTH="17" VPOS="305" HPOS="721"/>
							<String ID="string_49" HPOS="738" VPOS="305" WIDTH="45" HEIGHT="19" WC="0.96" CONTENT="icke"/><SP WIDTH="16" VPOS="305" HPOS="783"/>
							<String ID="string_50" HPOS="799" VPOS="305" WIDTH="63" HEIGHT="20" WC="0.96" CONTENT="heller"/>
						</TextLine>
						<TextLine ID="line_6" HPOS="109" VPOS="334" WIDTH="753" HEIGHT="29">
							<String ID="string_51" HPOS="109" VPOS="334" WIDTH="90" HEIGHT="25" WC="0.91" CONTENT="förgäter"/><SP WIDTH="20" VPOS="334" HPOS="199"/>
							<String ID="string_52" HPOS="219" VPOS="337" WIDTH="51" HEIGHT="17" WC="0.96" CONTENT="utan"/><SP WIDTH="18" VPOS="337" HPOS="270"/>
							<String ID="string_53" HPOS="288" VPOS="335" WIDTH="86" HEIGHT="25" WC="0.96" CONTENT="kämpar"/><SP WIDTH="15" VPOS="335" HPOS="374"/>
							<String ID="string_54" HPOS="389" VPOS="334" WIDTH="31" HEIGHT="20" WC="0.96" CONTENT="för"/><SP WIDTH="16" VPOS="334" HPOS="420"/>
							<String ID="string_55" HPOS="436" VPOS="334" WIDTH="32" HEIGHT="29" WC="0.96" CONTENT="sin"/><SP WIDTH="16" VPOS="334" HPOS="468"/>
							<String ID="string_56" HPOS="484" VPOS="334" WIDTH="83" HEIGHT="26" WC="0.96" CONTENT="andliga"/><SP WIDTH="15" VPOS="334" HPOS="567"/>
							<String ID="string_57" HPOS="582" VPOS="335" WIDTH="127" HEIGHT="25" WC="0.96" CONTENT="utveckling."/><SP WIDTH="33" VPOS="335" HPOS="709"/>
							<String ID="string_58" HPOS="742" VPOS="335" WIDTH="32" HEIGHT="25" WC="0.90" CONTENT="Ty"/><SP WIDTH="17" VPOS="335" HPOS="774"/>
							<String ID="string_59" HPOS="791" VPOS="337" WIDTH="30" HEIGHT="17" WC="0.95" CONTENT="att"/><SP WIDTH="16" VPOS="337" HPOS="821"/>
							<String ID="string_60" HPOS="837" VPOS="342" WIDTH="25" HEIGHT="12" WC="0.96" CONTENT="en"/>
						</TextLine>
						<TextLine ID="line_7" HPOS="109" VPOS="364" WIDTH="752" HEIGHT="26">
							<String ID="string_61" HPOS="109" VPOS="364" WIDTH="64" HEIGHT="25" WC="0.96" CONTENT="högre"/><SP WIDTH="15" VPOS="364" HPOS="173"/>
							<String ID="string_62" HPOS="188" VPOS="364" WIDTH="94" HEIGHT="26" WC="0.96" CONTENT="bildning"/><SP WIDTH="15" VPOS="364" HPOS="282"/>
							<String ID="string_63" HPOS="297" VPOS="364" WIDTH="58" HEIGHT="20" WC="0.96" CONTENT="alltid"/><SP WIDTH="15" VPOS="364" HPOS="355"/>
							<String ID="string_64" HPOS="370" VPOS="364" WIDTH="76" HEIGHT="20" WC="0.96" CONTENT="förstår"/><SP WIDTH="16" VPOS="364" HPOS="446"/>
							<String ID="string_65" HPOS="462" VPOS="365" WIDTH="68" HEIGHT="19" WC="0.96" CONTENT="bättre"/><SP WIDTH="15" VPOS="365" HPOS="530"/>
							<String ID="string_66" HPOS="545" VPOS="364" WIDTH="87" HEIGHT="20" WC="0.96" CONTENT="värdera"/><SP WIDTH="18" VPOS="364" HPOS="632"/>
							<String ID="string_67" HPOS="650" VPOS="365" WIDTH="38" HEIGHT="19" WC="0.96" CONTENT="och"/><SP WIDTH="16" VPOS="365" HPOS="688"/>
							<String ID="string_68" HPOS="704" VPOS="365" WIDTH="112" HEIGHT="25" WC="0.96" CONTENT="uppskatta"/><SP WIDTH="15" VPOS="365" HPOS="816"/>
							<String ID="string_69" HPOS="831" VPOS="367" WIDTH="30" HEIGHT="17" WC="0.96" CONTENT="ett"/>
						</TextLine>
						<TextLine ID="line_8" HPOS="110" VPOS="394" WIDTH="751" HEIGHT="20">
							<String ID="string_70" HPOS="110" VPOS="400" WIDTH="56" HEIGHT="13" WC="0.93" CONTENT="mera"/><SP WIDTH="19" VPOS="400" HPOS="166"/>
							<String ID="string_71" HPOS="185" VPOS="394" WIDTH="121" HEIGHT="20" WC="0.91" CONTENT="utveckladt"/><SP WIDTH="21" VPOS="394" HPOS="306"/>
							<String ID="string_72" HPOS="327" VPOS="394" WIDTH="156" HEIGHT="20" WC="0.96" CONTENT="samhällsskick"/><SP WIDTH="21" VPOS="394" HPOS="483"/>
							<String ID="string_73" HPOS="504" VPOS="397" WIDTH="54" HEIGHT="17" WC="0.96" CONTENT="samt"/><SP WIDTH="15" VPOS="397" HPOS="558"/>
							<String ID="string_74" HPOS="573" VPOS="394" WIDTH="72" HEIGHT="20" WC="0.96" CONTENT="arbeta"/><SP WIDTH="17" VPOS="394" HPOS="645"/>
							<String ID="string_75" HPOS="662" VPOS="394" WIDTH="32" HEIGHT="20" WC="0.96" CONTENT="för"/><SP WIDTH="16" VPOS="394" HPOS="694"/>
							<String ID="string_76" HPOS="710" VPOS="394" WIDTH="48" HEIGHT="20" WC="0.95" CONTENT="dess"/><SP WIDTH="17" VPOS="394" HPOS="758"/>
							<String ID="string_77" HPOS="775" VPOS="394" WIDTH="86" HEIGHT="20" WC="0.96" CONTENT="bestånd"/>
						</TextLine>
						<TextLine ID="line_9" HPOS="110" VPOS="423" WIDTH="751" HEIGHT="28">
							<String ID="string_78" HPOS="110" VPOS="424" WIDTH="39" HEIGHT="19" WC="0.92" CONTENT="och"/><SP WIDTH="22" VPOS="424" HPOS="149"/>
							<String ID="string_79" HPOS="171" VPOS="423" WIDTH="160" HEIGHT="25" WC="0.90" CONTENT="fortskridande,"/><SP WIDTH="23" VPOS="423" HPOS="331"/>
							<String ID="string_80" HPOS="354" VPOS="427" WIDTH="23" HEIGHT="16" WC="0.96" CONTENT="är"/><SP WIDTH="23" VPOS="427" HPOS="377"/>
							<String ID="string_81" HPOS="400" VPOS="424" WIDTH="33" HEIGHT="20" WC="0.96" CONTENT="väl"/><SP WIDTH="24" VPOS="424" HPOS="433"/>
							<String ID="string_82" HPOS="457" VPOS="425" WIDTH="63" HEIGHT="25" WC="0.94" CONTENT="något"/><SP WIDTH="21" VPOS="425" HPOS="520"/>
							<String ID="string_83" HPOS="541" VPOS="431" WIDTH="43" HEIGHT="13" WC="0.96" CONTENT="som"/><SP WIDTH="20" VPOS="431" HPOS="584"/>
							<String ID="string_84" HPOS="604" VPOS="424" WIDTH="36" HEIGHT="26" WC="0.96" CONTENT="jag"/><SP WIDTH="16" VPOS="424" HPOS="640"/>
							<String ID="string_85" HPOS="656" VPOS="424" WIDTH="103" HEIGHT="27" WC="0.93" CONTENT="knappast"/><SP WIDTH="15" VPOS="424" HPOS="759"/>
							<String ID="string_86" HPOS="774" VPOS="424" WIDTH="87" HEIGHT="20" WC="0.92" CONTENT="behöfde"/>
						</TextLine>
						<TextLine ID="line_10" HPOS="110" VPOS="452" WIDTH="753" HEIGHT="27">
							<String ID="string_87" HPOS="110" VPOS="452" WIDTH="109" HEIGHT="21" WC="0.91" CONTENT="framhålla"/><SP WIDTH="22" VPOS="452" HPOS="219"/>
							<String ID="string_88" HPOS="241" VPOS="453" WIDTH="54" HEIGHT="20" WC="0.95" CONTENT="inför"/><SP WIDTH="23" VPOS="453" HPOS="295"/>
							<String ID="string_89" HPOS="318" VPOS="454" WIDTH="57" HEIGHT="20" WC="0.95" CONTENT="detta"/><SP WIDTH="23" VPOS="454" HPOS="375"/>
							<String ID="string_90" HPOS="398" VPOS="454" WIDTH="67" HEIGHT="20" WC="0.96" CONTENT="stånd."/><SP WIDTH="31" VPOS="454" HPOS="465"/>
							<String ID="string_91" HPOS="496" VPOS="455" WIDTH="41" HEIGHT="18" WC="0.96" CONTENT="För"/><SP WIDTH="22" VPOS="455" HPOS="537"/>
							<String ID="string_92" HPOS="559" VPOS="461" WIDTH="51" HEIGHT="18" WC="0.96" CONTENT="egen"/><SP WIDTH="22" VPOS="461" HPOS="610"/>
							<String ID="string_93" HPOS="632" VPOS="455" WIDTH="33" HEIGHT="19" WC="0.96" CONTENT="del"/><SP WIDTH="16" VPOS="455" HPOS="665"/>
							<String ID="string_94" HPOS="681" VPOS="454" WIDTH="74" HEIGHT="20" WC="0.96" CONTENT="tänker"/><SP WIDTH="13" VPOS="454" HPOS="755"/>
							<String ID="string_95" HPOS="768" VPOS="455" WIDTH="37" HEIGHT="24" WC="0.96" CONTENT="jag"/><SP WIDTH="15" VPOS="455" HPOS="805"/>
							<String ID="string_96" HPOS="820" VPOS="454" WIDTH="43" HEIGHT="25" WC="0.96" CONTENT="mig"/>
						</TextLine>
						<TextLine ID="line_11" HPOS="111" VPOS="483" WIDTH="752" HEIGHT="26">
							<String ID="string_97" HPOS="111" VPOS="483" WIDTH="73" HEIGHT="26" WC="0.96" CONTENT="frågan"/><SP WIDTH="15" VPOS="483" HPOS="184"/>
							<String ID="string_98" HPOS="199" VPOS="484" WIDTH="44" HEIGHT="19" WC="0.96" CONTENT="helt"/><SP WIDTH="15" VPOS="484" HPOS="243"/>
							<String ID="string_99" HPOS="258" VPOS="483" WIDTH="69" HEIGHT="20" WC="0.96" CONTENT="enkelt"/><SP WIDTH="16" VPOS="483" HPOS="327"/>
							<String ID="string_100" HPOS="343" VPOS="485" WIDTH="28" HEIGHT="24" WC="0.96" CONTENT="så,"/><SP WIDTH="17" VPOS="485" HPOS="371"/>
							<String ID="string_101" HPOS="388" VPOS="486" WIDTH="31" HEIGHT="17" WC="0.96" CONTENT="att"/><SP WIDTH="15" VPOS="486" HPOS="419"/>
							<String ID="string_102" HPOS="434" VPOS="484" WIDTH="36" HEIGHT="19" WC="0.96" CONTENT="det"/><SP WIDTH="10" VPOS="484" HPOS="470"/>
							<String ID="string_103" HPOS="480" VPOS="484" WIDTH="63" HEIGHT="19" WC="0.95" CONTENT="borde"/><SP WIDTH="12" VPOS="484" HPOS="543"/>
							<String ID="string_104" HPOS="555" VPOS="484" WIDTH="113" HEIGHT="19" WC="0.96" CONTENT="tillkomma"/><SP WIDTH="11" VPOS="484" HPOS="668"/>
							<String ID="string_105" HPOS="679" VPOS="491" WIDTH="32" HEIGHT="12" WC="0.95" CONTENT="oss"/><SP WIDTH="12" VPOS="491" HPOS="711"/>
							<String ID="string_106" HPOS="723" VPOS="487" WIDTH="31" HEIGHT="16" WC="0.96" CONTENT="att"/><SP WIDTH="11" VPOS="487" HPOS="754"/>
							<String ID="string_107" HPOS="765" VPOS="485" WIDTH="23" HEIGHT="18" WC="0.96" CONTENT="så"/><SP WIDTH="11" VPOS="485" HPOS="788"/>
							<String ID="string_108" HPOS="799" VPOS="484" WIDTH="64" HEIGHT="19" WC="0.95" CONTENT="ordna"/>
						</TextLine>
						<TextLine ID="line_12" HPOS="111" VPOS="513" WIDTH="752" HEIGHT="26">
							<String ID="string_109" HPOS="111" VPOS="513" WIDTH="81" HEIGHT="20" WC="0.95" CONTENT="landets"/><SP WIDTH="15" VPOS="513" HPOS="192"/>
							<String ID="string_110" HPOS="207" VPOS="514" WIDTH="39" HEIGHT="19" WC="0.96" CONTENT="och"/><SP WIDTH="15" VPOS="514" HPOS="246"/>
							<String ID="string_111" HPOS="261" VPOS="515" WIDTH="50" HEIGHT="18" WC="0.93" CONTENT="våra"/><SP WIDTH="15" VPOS="515" HPOS="311"/>
							<String ID="string_112" HPOS="326" VPOS="513" WIDTH="211" HEIGHT="26" WC="0.91" CONTENT="bildningsanstalter,"/><SP WIDTH="17" VPOS="513" HPOS="537"/>
							<String ID="string_113" HPOS="554" VPOS="516" WIDTH="30" HEIGHT="17" WC="0.96" CONTENT="att"/><SP WIDTH="16" VPOS="516" HPOS="584"/>
							<String ID="string_114" HPOS="600" VPOS="514" WIDTH="20" HEIGHT="19" WC="0.96" CONTENT="vi"/><SP WIDTH="16" VPOS="514" HPOS="620"/>
							<String ID="string_115" HPOS="636" VPOS="513" WIDTH="63" HEIGHT="20" WC="0.96" CONTENT="hafva"/><SP WIDTH="10" VPOS="513" HPOS="699"/>
							<String ID="string_116" HPOS="709" VPOS="521" WIDTH="26" HEIGHT="12" WC="0.96" CONTENT="en"/><SP WIDTH="12" VPOS="521" HPOS="735"/>
							<String ID="string_117" HPOS="747" VPOS="514" WIDTH="60" HEIGHT="20" WC="0.93" CONTENT="säker"/><SP WIDTH="11" VPOS="514" HPOS="807"/>
							<String ID="string_118" HPOS="818" VPOS="514" WIDTH="45" HEIGHT="19" WC="0.92" CONTENT="bor-"/>
						</TextLine>
						<TextLine ID="line_13" HPOS="112" VPOS="543" WIDTH="750" HEIGHT="27">
							<String ID="string_119" HPOS="112" VPOS="549" WIDTH="40" HEIGHT="18" WC="0.95" CONTENT="gen"/><SP WIDTH="14" VPOS="549" HPOS="152"/>
							<String ID="string_120" HPOS="166" VPOS="543" WIDTH="36" HEIGHT="27" WC="0.96" CONTENT="för,"/><SP WIDTH="16" VPOS="543" HPOS="202"/>
							<String ID="string_121" HPOS="218" VPOS="546" WIDTH="31" HEIGHT="17" WC="0.96" CONTENT="att"/><SP WIDTH="16" VPOS="546" HPOS="249"/>
							<String ID="string_122" HPOS="265" VPOS="543" WIDTH="35" HEIGHT="20" WC="0.96" CONTENT="det"/><SP WIDTH="15" VPOS="543" HPOS="300"/>
							<String ID="string_123" HPOS="315" VPOS="543" WIDTH="135" HEIGHT="26" WC="0.91" CONTENT="uppväxande"/><SP WIDTH="16" VPOS="543" HPOS="450"/>
							<String ID="string_124" HPOS="466" VPOS="543" WIDTH="81" HEIGHT="27" WC="0.91" CONTENT="slägtet,"/><SP WIDTH="16" VPOS="543" HPOS="547"/>
							<String ID="string_125" HPOS="563" VPOS="546" WIDTH="37" HEIGHT="17" WC="0.96" CONTENT="när"/><SP WIDTH="16" VPOS="546" HPOS="600"/>
							<String ID="string_126" HPOS="616" VPOS="550" WIDTH="25" HEIGHT="13" WC="0.96" CONTENT="en"/><SP WIDTH="16" VPOS="550" HPOS="641"/>
							<String ID="string_127" HPOS="657" VPOS="544" WIDTH="56" HEIGHT="25" WC="0.95" CONTENT="gång"/><SP WIDTH="16" VPOS="544" HPOS="713"/>
							<String ID="string_128" HPOS="729" VPOS="543" WIDTH="48" HEIGHT="20" WC="0.96" CONTENT="dess"/><SP WIDTH="16" VPOS="543" HPOS="777"/>
							<String ID="string_129" HPOS="793" VPOS="543" WIDTH="31" HEIGHT="20" WC="0.96" CONTENT="tid"/><SP WIDTH="16" VPOS="543" HPOS="824"/>
							<String ID="string_130" HPOS="840" VPOS="546" WIDTH="22" HEIGHT="17" WC="0.96" CONTENT="är"/>
						</TextLine>
						<TextLine ID="line_14" HPOS="112" VPOS="572" WIDTH="752" HEIGHT="27">
							<String ID="string_131" HPOS="112" VPOS="572" WIDTH="99" HEIGHT="27" WC="0.96" CONTENT="kommen,"/><SP WIDTH="16" VPOS="572" HPOS="211"/>
							<String ID="string_132" HPOS="227" VPOS="574" WIDTH="33" HEIGHT="18" WC="0.96" CONTENT="må"/><SP WIDTH="15" VPOS="574" HPOS="260"/>
							<String ID="string_133" HPOS="275" VPOS="573" WIDTH="70" HEIGHT="19" WC="0.96" CONTENT="kunna"/><SP WIDTH="15" VPOS="573" HPOS="345"/>
							<String ID="string_134" HPOS="360" VPOS="573" WIDTH="64" HEIGHT="20" WC="0.96" CONTENT="vårda"/><SP WIDTH="16" VPOS="573" HPOS="424"/>
							<String ID="string_135" HPOS="440" VPOS="573" WIDTH="37" HEIGHT="20" WC="0.96" CONTENT="och"/><SP WIDTH="17" VPOS="573" HPOS="477"/>
							<String ID="string_136" HPOS="494" VPOS="579" WIDTH="25" HEIGHT="14" WC="0.96" CONTENT="en"/><SP WIDTH="15" VPOS="579" HPOS="519"/>
							<String ID="string_137" HPOS="534" VPOS="573" WIDTH="52" HEIGHT="20" WC="0.96" CONTENT="hvar"/><SP WIDTH="15" VPOS="573" HPOS="586"/>
							<String ID="string_138" HPOS="601" VPOS="573" WIDTH="53" HEIGHT="20" WC="0.96" CONTENT="efter"/><SP WIDTH="16" VPOS="573" HPOS="654"/>
							<String ID="string_139" HPOS="670" VPOS="573" WIDTH="32" HEIGHT="20" WC="0.95" CONTENT="sin"/><SP WIDTH="15" VPOS="573" HPOS="702"/>
							<String ID="string_140" HPOS="717" VPOS="573" WIDTH="92" HEIGHT="26" WC="0.96" CONTENT="förmåga"/><SP WIDTH="10" VPOS="573" HPOS="809"/>
							<String ID="string_141" HPOS="819" VPOS="573" WIDTH="45" HEIGHT="19" WC="0.96" CONTENT="föra"/>
						</TextLine>
						<TextLine ID="line_15" HPOS="112" VPOS="601" WIDTH="753" HEIGHT="28">
							<String ID="string_142" HPOS="112" VPOS="601" WIDTH="58" HEIGHT="28" WC="0.96" CONTENT="fram,"/><SP WIDTH="20" VPOS="601" HPOS="170"/>
							<String ID="string_143" HPOS="190" VPOS="603" WIDTH="55" HEIGHT="20" WC="0.95" CONTENT="hvad"/><SP WIDTH="19" VPOS="603" HPOS="245"/>
							<String ID="string_144" HPOS="264" VPOS="603" WIDTH="21" HEIGHT="19" WC="0.96" CONTENT="vi"/><SP WIDTH="16" VPOS="603" HPOS="285"/>
							<String ID="string_145" HPOS="301" VPOS="603" WIDTH="6" HEIGHT="18" WC="0.96" CONTENT="i"/><SP WIDTH="16" VPOS="603" HPOS="307"/>
							<String ID="string_146" HPOS="323" VPOS="603" WIDTH="70" HEIGHT="25" WC="0.96" CONTENT="odling"/><SP WIDTH="15" VPOS="603" HPOS="393"/>
							<String ID="string_147" HPOS="408" VPOS="603" WIDTH="38" HEIGHT="20" WC="0.96" CONTENT="och"/><SP WIDTH="16" VPOS="603" HPOS="446"/>
							<String ID="string_148" HPOS="462" VPOS="603" WIDTH="157" HEIGHT="20" WC="0.96" CONTENT="samhällsskick"/><SP WIDTH="15" VPOS="603" HPOS="619"/>
							<String ID="string_149" HPOS="634" VPOS="603" WIDTH="64" HEIGHT="20" WC="0.96" CONTENT="hafva"/><SP WIDTH="15" VPOS="603" HPOS="698"/>
							<String ID="string_150" HPOS="713" VPOS="605" WIDTH="31" HEIGHT="18" WC="0.96" CONTENT="att"/><SP WIDTH="15" VPOS="605" HPOS="744"/>
							<String ID="string_151" HPOS="759" VPOS="603" WIDTH="66" HEIGHT="20" WC="0.96" CONTENT="lemna"/><SP WIDTH="18" VPOS="603" HPOS="825"/>
							<String ID="string_152" HPOS="843" VPOS="603" WIDTH="22" HEIGHT="19" WC="0.95" CONTENT="åt"/>
						</TextLine>
						<TextLine ID="line_16" HPOS="112" VPOS="631" WIDTH="306" HEIGHT="22">
							<String ID="string_153" HPOS="112" VPOS="631" WIDTH="115" HEIGHT="21" WC="0.95" CONTENT="detsamma"/><SP WIDTH="15" VPOS="631" HPOS="227"/>
							<String ID="string_154" HPOS="242" VPOS="632" WIDTH="7" HEIGHT="19" WC="0.93" CONTENT="i"/><SP WIDTH="16" VPOS="632" HPOS="249"/>
							<String ID="string_155" HPOS="265" VPOS="632" WIDTH="33" HEIGHT="19" WC="0.91" CONTENT="arf"/><SP WIDTH="13" VPOS="632" HPOS="298"/>
							<String ID="string_156" HPOS="311" VPOS="632" WIDTH="51" HEIGHT="20" WC="0.96" CONTENT="efter"/><SP WIDTH="16" VPOS="632" HPOS="362"/>
							<String ID="string_157" HPOS="378" VPOS="639" WIDTH="40" HEIGHT="14" WC="0.91" CONTENT="oss."/>
						</TextLine>
					</TextBlock>
				</ComposedBlock>
				<ComposedBlock ID="cblock_2" HPOS="113" VPOS="668" WIDTH="758" HEIGHT="827">
					<TextBlock ID="block_2" HPOS="113" VPOS="668" WIDTH="756" HEIGHT="531">
						<TextLine ID="line_17" HPOS="187" VPOS="668" WIDTH="680" HEIGHT="26">
							<String ID="string_158" HPOS="187" VPOS="668" WIDTH="38" HEIGHT="19" WC="0.88" CONTENT="Ati"/><SP WIDTH="21" VPOS="668" HPOS="225"/>
							<String ID="string_159" HPOS="246" VPOS="668" WIDTH="102" HEIGHT="26" WC="0.96" CONTENT="styrelsen"/><SP WIDTH="17" VPOS="668" HPOS="348"/>
							<String ID="string_160" HPOS="365" VPOS="669" WIDTH="27" HEIGHT="25" WC="0.92" CONTENT="på"/><SP WIDTH="21" VPOS="669" HPOS="392"/>
							<String ID="string_161" HPOS="413" VPOS="668" WIDTH="96" HEIGHT="20" WC="0.91" CONTENT="sednaste"/><SP WIDTH="20" VPOS="668" HPOS="509"/>
							<String ID="string_162" HPOS="529" VPOS="668" WIDTH="54" HEIGHT="20" WC="0.96" CONTENT="tider"/><SP WIDTH="15" VPOS="668" HPOS="583"/>
							<String ID="string_163" HPOS="598" VPOS="669" WIDTH="48" HEIGHT="19" WC="0.93" CONTENT="sökt"/><SP WIDTH="16" VPOS="669" HPOS="646"/>
							<String ID="string_164" HPOS="662" VPOS="669" WIDTH="91" HEIGHT="25" WC="0.92" CONTENT="utjemna"/><SP WIDTH="16" VPOS="669" HPOS="753"/>
							<String ID="string_165" HPOS="769" VPOS="668" WIDTH="26" HEIGHT="20" WC="0.96" CONTENT="de"/><SP WIDTH="16" VPOS="668" HPOS="795"/>
							<String ID="string_166" HPOS="811" VPOS="671" WIDTH="56" HEIGHT="17" WC="0.95" CONTENT="stora"/>
						</TextLine>
						<TextLine ID="line_18" HPOS="113" VPOS="697" WIDTH="752" HEIGHT="27">
							<String ID="string_167" HPOS="113" VPOS="698" WIDTH="38" HEIGHT="19" WC="0.96" CONTENT="och"/><SP WIDTH="15" VPOS="698" HPOS="151"/>
							<String ID="string_168" HPOS="166" VPOS="698" WIDTH="59" HEIGHT="25" WC="0.93" CONTENT="länge"/><SP WIDTH="16" VPOS="698" HPOS="225"/>
							<String ID="string_169" HPOS="241" VPOS="697" WIDTH="145" HEIGHT="26" WC="0.91" CONTENT="öfverklagade"/><SP WIDTH="16" VPOS="697" HPOS="386"/>
							<String ID="string_170" HPOS="402" VPOS="698" WIDTH="75" HEIGHT="19" WC="0.96" CONTENT="brister"/><SP WIDTH="16" VPOS="698" HPOS="477"/>
							<String ID="string_171" HPOS="493" VPOS="699" WIDTH="38" HEIGHT="19" WC="0.96" CONTENT="och"/><SP WIDTH="11" VPOS="699" HPOS="531"/>
							<String ID="string_172" HPOS="542" VPOS="698" WIDTH="201" HEIGHT="25" WC="0.95" CONTENT="missförhållanden,"/><SP WIDTH="11" VPOS="698" HPOS="743"/>
							<String ID="string_173" HPOS="754" VPOS="698" WIDTH="56" HEIGHT="20" WC="0.93" CONTENT="hvad"/><SP WIDTH="11" VPOS="698" HPOS="810"/>
							<String ID="string_174" HPOS="821" VPOS="705" WIDTH="44" HEIGHT="19" WC="0.92" CONTENT="spe-"/>
						</TextLine>
						<TextLine ID="line_19" HPOS="113" VPOS="727" WIDTH="754" HEIGHT="28">
							<String ID="string_175" HPOS="113" VPOS="727" WIDTH="48" HEIGHT="20" WC="0.91" CONTENT="cielt"/><SP WIDTH="22" VPOS="727" HPOS="161"/>
							<String ID="string_176" HPOS="183" VPOS="727" WIDTH="81" HEIGHT="20" WC="0.96" CONTENT="landets"/><SP WIDTH="21" VPOS="727" HPOS="264"/>
							<String ID="string_177" HPOS="285" VPOS="728" WIDTH="62" HEIGHT="25" WC="0.92" CONTENT="högre"/><SP WIDTH="20" VPOS="728" HPOS="347"/>
							<String ID="string_178" HPOS="367" VPOS="727" WIDTH="205" HEIGHT="26" WC="0.91" CONTENT="bildningsanstalter"/><SP WIDTH="21" VPOS="727" HPOS="572"/>
							<String ID="string_179" HPOS="593" VPOS="727" WIDTH="105" HEIGHT="28" WC="0.96" CONTENT="beträffar,"/><SP WIDTH="17" VPOS="727" HPOS="698"/>
							<String ID="string_180" HPOS="715" VPOS="728" WIDTH="102" HEIGHT="20" WC="0.96" CONTENT="erkänner"/><SP WIDTH="13" VPOS="728" HPOS="817"/>
							<String ID="string_181" HPOS="830" VPOS="728" WIDTH="37" HEIGHT="25" WC="0.96" CONTENT="jag"/>
						</TextLine>
						<TextLine ID="line_20" HPOS="113" VPOS="757" WIDTH="753" HEIGHT="26">
							<String ID="string_182" HPOS="113" VPOS="757" WIDTH="47" HEIGHT="20" WC="0.95" CONTENT="med"/><SP WIDTH="20" VPOS="757" HPOS="160"/>
							<String ID="string_183" HPOS="180" VPOS="757" WIDTH="107" HEIGHT="26" WC="0.95" CONTENT="uppriktig"/><SP WIDTH="17" VPOS="757" HPOS="287"/>
							<String ID="string_184" HPOS="304" VPOS="757" WIDTH="133" HEIGHT="20" WC="0.95" CONTENT="tacksamhet."/><SP WIDTH="31" VPOS="757" HPOS="437"/>
							<String ID="string_185" HPOS="468" VPOS="758" WIDTH="48" HEIGHT="19" WC="0.96" CONTENT="Men"/><SP WIDTH="21" VPOS="758" HPOS="516"/>
							<String ID="string_186" HPOS="537" VPOS="760" WIDTH="30" HEIGHT="17" WC="0.96" CONTENT="att"/><SP WIDTH="21" VPOS="760" HPOS="567"/>
							<String ID="string_187" HPOS="588" VPOS="760" WIDTH="56" HEIGHT="17" WC="0.96" CONTENT="östra"/><SP WIDTH="20" VPOS="760" HPOS="644"/>
							<String ID="string_188" HPOS="664" VPOS="757" WIDTH="88" HEIGHT="20" WC="0.93" CONTENT="Finland"/><SP WIDTH="23" VPOS="757" HPOS="752"/>
							<String ID="string_189" HPOS="775" VPOS="769" WIDTH="27" HEIGHT="2" WC="0.92" CONTENT="—"/><SP WIDTH="17" VPOS="769" HPOS="802"/>
							<String ID="string_190" HPOS="819" VPOS="764" WIDTH="47" HEIGHT="19" WC="0.90" CONTENT="syn-"/>
						</TextLine>
						<TextLine ID="line_21" HPOS="114" VPOS="787" WIDTH="753" HEIGHT="26">
							<String ID="string_191" HPOS="114" VPOS="787" WIDTH="99" HEIGHT="25" WC="0.91" CONTENT="nerligast"/><SP WIDTH="22" VPOS="787" HPOS="213"/>
							<String ID="string_192" HPOS="235" VPOS="787" WIDTH="111" HEIGHT="26" WC="0.96" CONTENT="provinsen"/><SP WIDTH="23" VPOS="787" HPOS="346"/>
							<String ID="string_193" HPOS="369" VPOS="787" WIDTH="90" HEIGHT="20" WC="0.93" CONTENT="Karelen"/><SP WIDTH="25" VPOS="787" HPOS="459"/>
							<String ID="string_194" HPOS="484" VPOS="799" WIDTH="27" HEIGHT="3" WC="0.90" CONTENT="—"/><SP WIDTH="24" VPOS="799" HPOS="511"/>
							<String ID="string_195" HPOS="535" VPOS="788" WIDTH="7" HEIGHT="19" WC="0.94" CONTENT="i"/><SP WIDTH="21" VPOS="788" HPOS="542"/>
							<String ID="string_196" HPOS="563" VPOS="787" WIDTH="57" HEIGHT="20" WC="0.96" CONTENT="detta"/><SP WIDTH="16" VPOS="787" HPOS="620"/>
							<String ID="string_197" HPOS="636" VPOS="787" WIDTH="97" HEIGHT="20" WC="0.96" CONTENT="afseende"/><SP WIDTH="17" VPOS="787" HPOS="733"/>
							<String ID="string_198" HPOS="750" VPOS="790" WIDTH="55" HEIGHT="17" WC="0.96" CONTENT="ännu"/><SP WIDTH="16" VPOS="790" HPOS="805"/>
							<String ID="string_199" HPOS="821" VPOS="787" WIDTH="46" HEIGHT="20" WC="0.96" CONTENT="icke"/>
						</TextLine>
						<TextLine ID="line_22" HPOS="114" VPOS="816" WIDTH="751" HEIGHT="27">
							<String ID="string_200" HPOS="114" VPOS="816" WIDTH="68" HEIGHT="20" WC="0.92" CONTENT="blifvit"/><SP WIDTH="20" VPOS="816" HPOS="182"/>
							<String ID="string_201" HPOS="202" VPOS="817" WIDTH="143" HEIGHT="25" WC="0.91" CONTENT="ihågkommet,"/><SP WIDTH="21" VPOS="817" HPOS="345"/>
							<String ID="string_202" HPOS="366" VPOS="818" WIDTH="65" HEIGHT="19" WC="0.96" CONTENT="måste"/><SP WIDTH="13" VPOS="818" HPOS="431"/>
							<String ID="string_203" HPOS="444" VPOS="817" WIDTH="37" HEIGHT="26" WC="0.96" CONTENT="jag"/><SP WIDTH="16" VPOS="817" HPOS="481"/>
							<String ID="string_204" HPOS="497" VPOS="817" WIDTH="80" HEIGHT="26" WC="0.96" CONTENT="påpeka"/><SP WIDTH="16" VPOS="817" HPOS="577"/>
							<String ID="string_205" HPOS="593" VPOS="824" WIDTH="42" HEIGHT="13" WC="0.95" CONTENT="som"/><SP WIDTH="17" VPOS="824" HPOS="635"/>
							<String ID="string_206" HPOS="652" VPOS="818" WIDTH="31" HEIGHT="19" WC="0.95" CONTENT="ett"/><SP WIDTH="17" VPOS="818" HPOS="683"/>
							<String ID="string_207" HPOS="700" VPOS="820" WIDTH="52" HEIGHT="17" WC="0.95" CONTENT="stort"/><SP WIDTH="15" VPOS="820" HPOS="752"/>
							<String ID="string_208" HPOS="767" VPOS="817" WIDTH="75" HEIGHT="25" WC="0.95" CONTENT="felsteg"/><SP WIDTH="16" VPOS="817" HPOS="842"/>
							<String ID="string_209" HPOS="858" VPOS="817" WIDTH="7" HEIGHT="18" WC="0.96" CONTENT="i"/>
						</TextLine>
						<TextLine ID="line_23" HPOS="115" VPOS="846" WIDTH="750" HEIGHT="27">
							<String ID="string_210" HPOS="115" VPOS="846" WIDTH="122" HEIGHT="20" WC="0.91" CONTENT="dislokation"/><SP WIDTH="17" VPOS="846" HPOS="237"/>
							<String ID="string_211" HPOS="254" VPOS="859" WIDTH="27" HEIGHT="2" WC="0.92" CONTENT="—"/><SP WIDTH="17" VPOS="859" HPOS="281"/>
							<String ID="string_212" HPOS="298" VPOS="853" WIDTH="32" HEIGHT="13" WC="0.96" CONTENT="om"/><SP WIDTH="15" VPOS="853" HPOS="330"/>
							<String ID="string_213" HPOS="345" VPOS="847" WIDTH="45" HEIGHT="20" WC="0.96" CONTENT="icke"/><SP WIDTH="16" VPOS="847" HPOS="390"/>
							<String ID="string_214" HPOS="406" VPOS="853" WIDTH="43" HEIGHT="14" WC="0.96" CONTENT="som"/><SP WIDTH="15" VPOS="853" HPOS="449"/>
							<String ID="string_215" HPOS="464" VPOS="853" WIDTH="26" HEIGHT="14" WC="0.93" CONTENT="en"/><SP WIDTH="16" VPOS="853" HPOS="490"/>
							<String ID="string_216" HPOS="506" VPOS="847" WIDTH="144" HEIGHT="26" WC="0.89" CONTENT="styfmoderlig"/><SP WIDTH="16" VPOS="847" HPOS="650"/>
							<String ID="string_217" HPOS="666" VPOS="847" WIDTH="131" HEIGHT="24" WC="0.96" CONTENT="behandling."/><SP WIDTH="26" VPOS="847" HPOS="797"/>
							<String ID="string_218" HPOS="823" VPOS="847" WIDTH="42" HEIGHT="19" WC="0.96" CONTENT="För"/>
						</TextLine>
						<TextLine ID="line_24" HPOS="115" VPOS="876" WIDTH="749" HEIGHT="27">
							<String ID="string_219" HPOS="115" VPOS="879" WIDTH="31" HEIGHT="17" WC="0.83" CONTENT="act"/><SP WIDTH="20" VPOS="879" HPOS="146"/>
							<String ID="string_220" HPOS="166" VPOS="876" WIDTH="62" HEIGHT="21" WC="0.95" CONTENT="vinna"/><SP WIDTH="18" VPOS="876" HPOS="228"/>
							<String ID="string_221" HPOS="246" VPOS="877" WIDTH="47" HEIGHT="19" WC="0.96" CONTENT="stöd"/><SP WIDTH="15" VPOS="877" HPOS="293"/>
							<String ID="string_222" HPOS="308" VPOS="876" WIDTH="31" HEIGHT="20" WC="0.96" CONTENT="för"/><SP WIDTH="15" VPOS="876" HPOS="339"/>
							<String ID="string_223" HPOS="354" VPOS="877" WIDTH="68" HEIGHT="20" WC="0.96" CONTENT="denna"/><SP WIDTH="15" VPOS="877" HPOS="422"/>
							<String ID="string_224" HPOS="437" VPOS="877" WIDTH="41" HEIGHT="19" WC="0.96" CONTENT="min"/><SP WIDTH="16" VPOS="877" HPOS="478"/>
							<String ID="string_225" HPOS="494" VPOS="877" WIDTH="81" HEIGHT="26" WC="0.96" CONTENT="klagan,"/><SP WIDTH="16" VPOS="877" HPOS="575"/>
							<String ID="string_226" HPOS="591" VPOS="877" WIDTH="36" HEIGHT="20" WC="0.97" CONTENT="ber"/><SP WIDTH="17" VPOS="877" HPOS="627"/>
							<String ID="string_227" HPOS="644" VPOS="877" WIDTH="33" HEIGHT="25" WC="0.96" CONTENT="jag"/><SP WIDTH="16" VPOS="877" HPOS="677"/>
							<String ID="string_228" HPOS="693" VPOS="876" WIDTH="123" HEIGHT="25" WC="0.95" CONTENT="ödmjukast,"/><SP WIDTH="17" VPOS="876" HPOS="816"/>
							<String ID="string_229" HPOS="833" VPOS="879" WIDTH="31" HEIGHT="16" WC="0.96" CONTENT="att"/>
						</TextLine>
						<TextLine ID="line_25" HPOS="115" VPOS="905" WIDTH="749" HEIGHT="26">
							<String ID="string_230" HPOS="115" VPOS="906" WIDTH="180" HEIGHT="25" WC="0.91" CONTENT="borgareståndets"/><SP WIDTH="16" VPOS="906" HPOS="295"/>
							<String ID="string_231" HPOS="311" VPOS="907" WIDTH="61" HEIGHT="19" WC="0.93" CONTENT="ärade"/><SP WIDTH="15" VPOS="907" HPOS="372"/>
							<String ID="string_232" HPOS="387" VPOS="906" WIDTH="125" HEIGHT="20" WC="0.91" CONTENT="medlemnar"/><SP WIDTH="16" VPOS="906" HPOS="512"/>
							<String ID="string_233" HPOS="528" VPOS="906" WIDTH="47" HEIGHT="20" WC="0.96" CONTENT="ville"/><SP WIDTH="16" VPOS="906" HPOS="575"/>
							<String ID="string_234" HPOS="591" VPOS="907" WIDTH="53" HEIGHT="19" WC="0.96" CONTENT="blott"/><SP WIDTH="14" VPOS="907" HPOS="644"/>
							<String ID="string_235" HPOS="658" VPOS="907" WIDTH="61" HEIGHT="19" WC="0.96" CONTENT="kasta"/><SP WIDTH="16" VPOS="907" HPOS="719"/>
							<String ID="string_236" HPOS="735" VPOS="913" WIDTH="25" HEIGHT="13" WC="0.96" CONTENT="en"/><SP WIDTH="11" VPOS="913" HPOS="760"/>
							<String ID="string_237" HPOS="771" VPOS="905" WIDTH="56" HEIGHT="20" WC="0.96" CONTENT="blick"/><SP WIDTH="10" VPOS="905" HPOS="827"/>
							<String ID="string_238" HPOS="837" VPOS="906" WIDTH="27" HEIGHT="25" WC="0.96" CONTENT="på"/>
						</TextLine>
						<TextLine ID="line_26" HPOS="115" VPOS="933" WIDTH="749" HEIGHT="30">
							<String ID="string_239" HPOS="115" VPOS="936" WIDTH="81" HEIGHT="20" WC="0.94" CONTENT="landets"/><SP WIDTH="26" VPOS="936" HPOS="196"/>
							<String ID="string_240" HPOS="222" VPOS="936" WIDTH="65" HEIGHT="27" WC="0.93" CONTENT="karta,"/><SP WIDTH="22" VPOS="936" HPOS="287"/>
							<String ID="string_241" HPOS="309" VPOS="935" WIDTH="87" HEIGHT="26" WC="0.92" CONTENT="jemföra"/><SP WIDTH="22" VPOS="935" HPOS="396"/>
							<String ID="string_242" HPOS="418" VPOS="933" WIDTH="196" HEIGHT="29" WC="0.90" CONTENT="provinsarealerna,"/><SP WIDTH="24" VPOS="933" HPOS="614"/>
							<String ID="string_243" HPOS="638" VPOS="936" WIDTH="61" HEIGHT="19" WC="0.96" CONTENT="deras"/><SP WIDTH="23" VPOS="936" HPOS="699"/>
							<String ID="string_244" HPOS="722" VPOS="936" WIDTH="67" HEIGHT="25" WC="0.93" CONTENT="lägen,"/><SP WIDTH="23" VPOS="936" HPOS="789"/>
							<String ID="string_245" HPOS="812" VPOS="935" WIDTH="52" HEIGHT="19" WC="0.89" CONTENT="folk-"/>
						</TextLine>
						<TextLine ID="line_27" HPOS="116" VPOS="965" WIDTH="750" HEIGHT="26">
							<String ID="string_246" HPOS="116" VPOS="965" WIDTH="227" HEIGHT="26" WC="0.91" CONTENT="mängdsförhållanden"/><SP WIDTH="23" VPOS="965" HPOS="343"/>
							<String ID="string_247" HPOS="366" VPOS="966" WIDTH="38" HEIGHT="19" WC="0.93" CONTENT="och"/><SP WIDTH="22" VPOS="966" HPOS="404"/>
							<String ID="string_248" HPOS="426" VPOS="965" WIDTH="293" HEIGHT="20" WC="0.91" CONTENT="kommunikationsförmåner."/><SP WIDTH="32" VPOS="965" HPOS="719"/>
							<String ID="string_249" HPOS="751" VPOS="965" WIDTH="54" HEIGHT="20" WC="0.93" CONTENT="Lika"/><SP WIDTH="24" VPOS="965" HPOS="805"/>
							<String ID="string_250" HPOS="829" VPOS="965" WIDTH="37" HEIGHT="19" WC="0.91" CONTENT="öd-"/>
						</TextLine>
						<TextLine ID="line_28" HPOS="116" VPOS="995" WIDTH="751" HEIGHT="26">
							<String ID="string_251" HPOS="116" VPOS="995" WIDTH="67" HEIGHT="26" WC="0.96" CONTENT="mjukt"/><SP WIDTH="14" VPOS="995" HPOS="183"/>
							<String ID="string_252" HPOS="197" VPOS="996" WIDTH="36" HEIGHT="20" WC="0.96" CONTENT="ber"/><SP WIDTH="13" VPOS="996" HPOS="233"/>
							<String ID="string_253" HPOS="246" VPOS="995" WIDTH="37" HEIGHT="26" WC="0.96" CONTENT="jag"/><SP WIDTH="16" VPOS="995" HPOS="283"/>
							<String ID="string_254" HPOS="299" VPOS="996" WIDTH="61" HEIGHT="19" WC="0.96" CONTENT="också"/><SP WIDTH="15" VPOS="996" HPOS="360"/>
							<String ID="string_255" HPOS="375" VPOS="995" WIDTH="21" HEIGHT="20" WC="0.96" CONTENT="få"/><SP WIDTH="10" VPOS="995" HPOS="396"/>
							<String ID="string_256" HPOS="406" VPOS="995" WIDTH="86" HEIGHT="26" WC="0.93" CONTENT="påpeka,"/><SP WIDTH="10" VPOS="995" HPOS="492"/>
							<String ID="string_257" HPOS="502" VPOS="996" WIDTH="98" HEIGHT="19" WC="0.91" CONTENT="hurusom"/><SP WIDTH="12" VPOS="996" HPOS="600"/>
							<String ID="string_258" HPOS="612" VPOS="998" WIDTH="14" HEIGHT="17" WC="0.91" CONTENT="t."/><SP WIDTH="12" VPOS="998" HPOS="626"/>
							<String ID="string_259" HPOS="638" VPOS="1002" WIDTH="30" HEIGHT="13" WC="0.96" CONTENT="ex."/><SP WIDTH="11" VPOS="1002" HPOS="668"/>
							<String ID="string_260" HPOS="679" VPOS="995" WIDTH="102" HEIGHT="20" WC="0.93" CONTENT="Karelens"/><SP WIDTH="12" VPOS="995" HPOS="781"/>
							<String ID="string_261" HPOS="793" VPOS="997" WIDTH="74" HEIGHT="23" WC="0.89" CONTENT="gräns-"/>
						</TextLine>
						<TextLine ID="line_29" HPOS="116" VPOS="1024" WIDTH="751" HEIGHT="27">
							<String ID="string_262" HPOS="116" VPOS="1025" WIDTH="84" HEIGHT="26" WC="0.95" CONTENT="provins"/><SP WIDTH="23" VPOS="1025" HPOS="200"/>
							<String ID="string_263" HPOS="223" VPOS="1025" WIDTH="100" HEIGHT="20" WC="0.81" CONTENT="Savolaks"/><SP WIDTH="23" VPOS="1025" HPOS="323"/>
							<String ID="string_264" HPOS="346" VPOS="1025" WIDTH="68" HEIGHT="20" WC="0.94" CONTENT="blifvit"/><SP WIDTH="21" VPOS="1025" HPOS="414"/>
							<String ID="string_265" HPOS="435" VPOS="1025" WIDTH="112" HEIGHT="20" WC="0.96" CONTENT="omhuldad"/><SP WIDTH="15" VPOS="1025" HPOS="547"/>
							<String ID="string_266" HPOS="562" VPOS="1025" WIDTH="46" HEIGHT="20" WC="0.96" CONTENT="med"/><SP WIDTH="16" VPOS="1025" HPOS="608"/>
							<String ID="string_267" HPOS="624" VPOS="1025" WIDTH="47" HEIGHT="26" WC="0.96" CONTENT="fyra"/><SP WIDTH="15" VPOS="1025" HPOS="671"/>
							<String ID="string_268" HPOS="686" VPOS="1025" WIDTH="64" HEIGHT="25" WC="0.96" CONTENT="högre"/><SP WIDTH="16" VPOS="1025" HPOS="750"/>
							<String ID="string_269" HPOS="766" VPOS="1024" WIDTH="101" HEIGHT="25" WC="0.96" CONTENT="läroverk,"/>
						</TextLine>
						<TextLine ID="line_30" HPOS="117" VPOS="1054" WIDTH="751" HEIGHT="27">
							<String ID="string_270" HPOS="117" VPOS="1055" WIDTH="73" HEIGHT="20" WC="0.96" CONTENT="medan"/><SP WIDTH="15" VPOS="1055" HPOS="190"/>
							<String ID="string_271" HPOS="205" VPOS="1055" WIDTH="91" HEIGHT="20" WC="0.96" CONTENT="Karelen"/><SP WIDTH="16" VPOS="1055" HPOS="296"/>
							<String ID="string_272" HPOS="312" VPOS="1055" WIDTH="36" HEIGHT="20" WC="0.96" CONTENT="allt"/><SP WIDTH="16" VPOS="1055" HPOS="348"/>
							<String ID="string_273" HPOS="364" VPOS="1058" WIDTH="55" HEIGHT="17" WC="0.96" CONTENT="ännu"/><SP WIDTH="16" VPOS="1058" HPOS="419"/>
							<String ID="string_274" HPOS="435" VPOS="1058" WIDTH="22" HEIGHT="17" WC="0.96" CONTENT="är"/><SP WIDTH="16" VPOS="1058" HPOS="457"/>
							<String ID="string_275" HPOS="473" VPOS="1055" WIDTH="7" HEIGHT="19" WC="0.96" CONTENT="i"/><SP WIDTH="15" VPOS="1055" HPOS="480"/>
							<String ID="string_276" HPOS="495" VPOS="1055" WIDTH="51" HEIGHT="20" WC="0.96" CONTENT="total"/><SP WIDTH="17" VPOS="1055" HPOS="546"/>
							<String ID="string_277" HPOS="563" VPOS="1055" WIDTH="79" HEIGHT="19" WC="0.96" CONTENT="saknad"/><SP WIDTH="16" VPOS="1055" HPOS="642"/>
							<String ID="string_278" HPOS="658" VPOS="1054" WIDTH="23" HEIGHT="20" WC="0.96" CONTENT="af"/><SP WIDTH="13" VPOS="1054" HPOS="681"/>
							<String ID="string_279" HPOS="694" VPOS="1055" WIDTH="77" HEIGHT="26" WC="0.92" CONTENT="dylika,"/><SP WIDTH="12" VPOS="1055" HPOS="771"/>
							<String ID="string_280" HPOS="783" VPOS="1054" WIDTH="85" HEIGHT="19" WC="0.91" CONTENT="oaktadt"/>
						</TextLine>
						<TextLine ID="line_31" HPOS="117" VPOS="1083" WIDTH="752" HEIGHT="28">
							<String ID="string_281" HPOS="117" VPOS="1085" WIDTH="94" HEIGHT="20" WC="0.96" CONTENT="Joensuu"/><SP WIDTH="22" VPOS="1085" HPOS="211"/>
							<String ID="string_282" HPOS="233" VPOS="1085" WIDTH="82" HEIGHT="26" WC="0.96" CONTENT="lyceum"/><SP WIDTH="22" VPOS="1085" HPOS="315"/>
							<String ID="string_283" HPOS="337" VPOS="1085" WIDTH="75" HEIGHT="19" WC="0.96" CONTENT="räknar"/><SP WIDTH="24" VPOS="1085" HPOS="412"/>
							<String ID="string_284" HPOS="436" VPOS="1085" WIDTH="94" HEIGHT="25" WC="0.92" CONTENT="omkring"/><SP WIDTH="19" VPOS="1085" HPOS="530"/>
							<String ID="string_285" HPOS="549" VPOS="1084" WIDTH="96" HEIGHT="27" WC="0.89" CONTENT="200,000"/><SP WIDTH="16" VPOS="1084" HPOS="645"/>
							<String ID="string_286" HPOS="661" VPOS="1084" WIDTH="23" HEIGHT="19" WC="0.96" CONTENT="af"/><SP WIDTH="13" VPOS="1084" HPOS="684"/>
							<String ID="string_287" HPOS="697" VPOS="1087" WIDTH="56" HEIGHT="17" WC="0.96" CONTENT="östra"/><SP WIDTH="15" VPOS="1087" HPOS="753"/>
							<String ID="string_288" HPOS="768" VPOS="1083" WIDTH="101" HEIGHT="20" WC="0.96" CONTENT="Finlands"/>
						</TextLine>
						<TextLine ID="line_32" HPOS="118" VPOS="1113" WIDTH="750" HEIGHT="28">
							<String ID="string_289" HPOS="118" VPOS="1115" WIDTH="123" HEIGHT="20" WC="0.96" CONTENT="innevånare"/><SP WIDTH="16" VPOS="1115" HPOS="241"/>
							<String ID="string_290" HPOS="257" VPOS="1115" WIDTH="56" HEIGHT="20" WC="0.96" CONTENT="antal"/><SP WIDTH="15" VPOS="1115" HPOS="313"/>
							<String ID="string_291" HPOS="328" VPOS="1115" WIDTH="32" HEIGHT="19" WC="0.96" CONTENT="till"/><SP WIDTH="14" VPOS="1115" HPOS="360"/>
							<String ID="string_292" HPOS="374" VPOS="1115" WIDTH="38" HEIGHT="19" WC="0.93" CONTENT="sitt"/><SP WIDTH="15" VPOS="1115" HPOS="412"/>
							<String ID="string_293" HPOS="427" VPOS="1115" WIDTH="108" HEIGHT="26" WC="0.92" CONTENT="skolgebit,"/><SP WIDTH="16" VPOS="1115" HPOS="535"/>
							<String ID="string_294" HPOS="551" VPOS="1114" WIDTH="26" HEIGHT="20" WC="0.96" CONTENT="de"/><SP WIDTH="16" VPOS="1114" HPOS="577"/>
							<String ID="string_295" HPOS="593" VPOS="1114" WIDTH="37" HEIGHT="19" WC="0.96" CONTENT="der"/><SP WIDTH="15" VPOS="1114" HPOS="630"/>
							<String ID="string_296" HPOS="645" VPOS="1121" WIDTH="29" HEIGHT="12" WC="0.96" CONTENT="nu"/><SP WIDTH="15" VPOS="1121" HPOS="674"/>
							<String ID="string_297" HPOS="689" VPOS="1113" WIDTH="63" HEIGHT="20" WC="0.96" CONTENT="hafva"/><SP WIDTH="13" VPOS="1113" HPOS="752"/>
							<String ID="string_298" HPOS="765" VPOS="1120" WIDTH="26" HEIGHT="13" WC="0.96" CONTENT="en"/><SP WIDTH="11" VPOS="1120" HPOS="791"/>
							<String ID="string_299" HPOS="802" VPOS="1113" WIDTH="66" HEIGHT="20" WC="0.96" CONTENT="medel"/>
						</TextLine>
						<TextLine ID="line_33" HPOS="118" VPOS="1143" WIDTH="751" HEIGHT="26">
							<String ID="string_300" HPOS="118" VPOS="1144" WIDTH="116" HEIGHT="25" WC="0.92" CONTENT="vägalängd"/><SP WIDTH="20" VPOS="1144" HPOS="234"/>
							<String ID="string_301" HPOS="254" VPOS="1144" WIDTH="23" HEIGHT="20" WC="0.96" CONTENT="af"/><SP WIDTH="16" VPOS="1144" HPOS="277"/>
							<String ID="string_302" HPOS="293" VPOS="1144" WIDTH="61" HEIGHT="20" WC="0.96" CONTENT="minst"/><SP WIDTH="15" VPOS="1144" HPOS="354"/>
							<String ID="string_303" HPOS="369" VPOS="1143" WIDTH="77" HEIGHT="21" WC="0.96" CONTENT="femton"/><SP WIDTH="16" VPOS="1143" HPOS="446"/>
							<String ID="string_304" HPOS="462" VPOS="1144" WIDTH="38" HEIGHT="19" WC="0.97" CONTENT="och"/><SP WIDTH="17" VPOS="1144" HPOS="500"/>
							<String ID="string_305" HPOS="517" VPOS="1151" WIDTH="24" HEIGHT="12" WC="0.96" CONTENT="en"/><SP WIDTH="17" VPOS="1151" HPOS="541"/>
							<String ID="string_306" HPOS="558" VPOS="1144" WIDTH="82" HEIGHT="19" WC="0.93" CONTENT="maximi"/><SP WIDTH="16" VPOS="1144" HPOS="640"/>
							<String ID="string_307" HPOS="656" VPOS="1143" WIDTH="116" HEIGHT="26" WC="0.92" CONTENT="vägalängd"/><SP WIDTH="17" VPOS="1143" HPOS="772"/>
							<String ID="string_308" HPOS="789" VPOS="1143" WIDTH="22" HEIGHT="20" WC="0.93" CONTENT="af"/><SP WIDTH="14" VPOS="1143" HPOS="811"/>
							<String ID="string_309" HPOS="825" VPOS="1149" WIDTH="44" HEIGHT="14" WC="0.91" CONTENT="om-"/>
						</TextLine>
						<TextLine ID="line_34" HPOS="118" VPOS="1173" WIDTH="552" HEIGHT="26">
							<String ID="string_310" HPOS="118" VPOS="1176" WIDTH="57" HEIGHT="17" WC="0.91" CONTENT="trent"/><SP WIDTH="15" VPOS="1176" HPOS="175"/>
							<String ID="string_311" HPOS="190" VPOS="1174" WIDTH="69" HEIGHT="19" WC="0.93" CONTENT="trettio"/><SP WIDTH="16" VPOS="1174" HPOS="259"/>
							<String ID="string_312" HPOS="275" VPOS="1174" WIDTH="35" HEIGHT="19" WC="0.95" CONTENT="mil"/><SP WIDTH="15" VPOS="1174" HPOS="310"/>
							<String ID="string_313" HPOS="325" VPOS="1174" WIDTH="31" HEIGHT="19" WC="0.96" CONTENT="till"/><SP WIDTH="15" VPOS="1174" HPOS="356"/>
							<String ID="string_314" HPOS="371" VPOS="1177" WIDTH="104" HEIGHT="16" WC="0.96" CONTENT="närmaste"/><SP WIDTH="15" VPOS="1177" HPOS="475"/>
							<String ID="string_315" HPOS="490" VPOS="1174" WIDTH="65" HEIGHT="25" WC="0.93" CONTENT="högre"/><SP WIDTH="14" VPOS="1174" HPOS="555"/>
							<String ID="string_316" HPOS="569" VPOS="1173" WIDTH="101" HEIGHT="20" WC="0.92" CONTENT="läroverk."/>
						</TextLine>
					</TextBlock>
					<TextBlock ID="block_3" HPOS="119" VPOS="1202" WIDTH="752" HEIGHT="293">
						<TextLine ID="line_35" HPOS="193" VPOS="1202" WIDTH="675" HEIGHT="27">
							<String ID="string_317" HPOS="193" VPOS="1204" WIDTH="38" HEIGHT="19" WC="0.91" CONTENT="Att"/><SP WIDTH="22" VPOS="1204" HPOS="231"/>
							<String ID="string_318" HPOS="253" VPOS="1203" WIDTH="233" HEIGHT="26" WC="0.86" CONTENT="bildningsanstalterna"/><SP WIDTH="22" VPOS="1203" HPOS="486"/>
							<String ID="string_319" HPOS="508" VPOS="1203" WIDTH="92" HEIGHT="26" WC="0.96" CONTENT="placeras"/><SP WIDTH="24" VPOS="1203" HPOS="600"/>
							<String ID="string_320" HPOS="624" VPOS="1203" WIDTH="37" HEIGHT="20" WC="0.93" CONTENT="och"/><SP WIDTH="24" VPOS="1203" HPOS="661"/>
							<String ID="string_321" HPOS="685" VPOS="1203" WIDTH="98" HEIGHT="24" WC="0.95" CONTENT="utvidgas"/><SP WIDTH="17" VPOS="1203" HPOS="783"/>
							<String ID="string_322" HPOS="800" VPOS="1202" WIDTH="6" HEIGHT="19" WC="0.96" CONTENT="i"/><SP WIDTH="16" VPOS="1202" HPOS="806"/>
							<String ID="string_323" HPOS="822" VPOS="1209" WIDTH="46" HEIGHT="12" WC="0.96" CONTENT="mon"/>
						</TextLine>
						<TextLine ID="line_36" HPOS="119" VPOS="1232" WIDTH="749" HEIGHT="26">
							<String ID="string_324" HPOS="119" VPOS="1232" WIDTH="24" HEIGHT="20" WC="0.94" CONTENT="af"/><SP WIDTH="20" VPOS="1232" HPOS="143"/>
							<String ID="string_325" HPOS="163" VPOS="1233" WIDTH="59" HEIGHT="20" WC="0.93" CONTENT="deras"/><SP WIDTH="24" VPOS="1233" HPOS="222"/>
							<String ID="string_326" HPOS="246" VPOS="1233" WIDTH="63" HEIGHT="20" WC="0.91" CONTENT="behof"/><SP WIDTH="20" VPOS="1233" HPOS="309"/>
							<String ID="string_327" HPOS="329" VPOS="1233" WIDTH="37" HEIGHT="20" WC="0.92" CONTENT="och"/><SP WIDTH="20" VPOS="1233" HPOS="366"/>
							<String ID="string_328" HPOS="386" VPOS="1233" WIDTH="143" HEIGHT="25" WC="0.91" CONTENT="elevfregvens"/><SP WIDTH="21" VPOS="1233" HPOS="529"/>
							<String ID="string_329" HPOS="550" VPOS="1235" WIDTH="22" HEIGHT="17" WC="0.92" CONTENT="är"/><SP WIDTH="21" VPOS="1235" HPOS="572"/>
							<String ID="string_330" HPOS="593" VPOS="1239" WIDTH="25" HEIGHT="14" WC="0.96" CONTENT="en"/><SP WIDTH="16" VPOS="1239" HPOS="618"/>
							<String ID="string_331" HPOS="634" VPOS="1233" WIDTH="79" HEIGHT="25" WC="0.96" CONTENT="princip"/><SP WIDTH="16" VPOS="1233" HPOS="713"/>
							<String ID="string_332" HPOS="729" VPOS="1232" WIDTH="43" HEIGHT="19" WC="0.96" CONTENT="lika"/><SP WIDTH="15" VPOS="1232" HPOS="772"/>
							<String ID="string_333" HPOS="787" VPOS="1232" WIDTH="81" HEIGHT="25" WC="0.96" CONTENT="rättvis,"/>
						</TextLine>
						<TextLine ID="line_37" HPOS="119" VPOS="1261" WIDTH="752" HEIGHT="25">
							<String ID="string_334" HPOS="119" VPOS="1269" WIDTH="44" HEIGHT="13" WC="0.96" CONTENT="som"/><SP WIDTH="18" VPOS="1269" HPOS="163"/>
							<String ID="string_335" HPOS="181" VPOS="1263" WIDTH="40" HEIGHT="20" WC="0.96" CONTENT="den"/><SP WIDTH="20" VPOS="1263" HPOS="221"/>
							<String ID="string_336" HPOS="241" VPOS="1263" WIDTH="84" HEIGHT="20" WC="0.93" CONTENT="allmänt"/><SP WIDTH="20" VPOS="1263" HPOS="325"/>
							<String ID="string_337" HPOS="345" VPOS="1262" WIDTH="69" HEIGHT="21" WC="0.95" CONTENT="blifvit"/><SP WIDTH="14" VPOS="1262" HPOS="414"/>
							<String ID="string_338" HPOS="428" VPOS="1263" WIDTH="80" HEIGHT="19" WC="0.96" CONTENT="uttalad"/><SP WIDTH="16" VPOS="1263" HPOS="508"/>
							<String ID="string_339" HPOS="524" VPOS="1262" WIDTH="62" HEIGHT="20" WC="0.96" CONTENT="också"/><SP WIDTH="15" VPOS="1262" HPOS="586"/>
							<String ID="string_340" HPOS="601" VPOS="1263" WIDTH="55" HEIGHT="18" WC="0.96" CONTENT="inom"/><SP WIDTH="17" VPOS="1263" HPOS="656"/>
							<String ID="string_341" HPOS="673" VPOS="1262" WIDTH="57" HEIGHT="20" WC="0.93" CONTENT="detta"/><SP WIDTH="15" VPOS="1262" HPOS="730"/>
							<String ID="string_342" HPOS="745" VPOS="1261" WIDTH="71" HEIGHT="25" WC="0.96" CONTENT="stånd;"/><SP WIDTH="17" VPOS="1261" HPOS="816"/>
							<String ID="string_343" HPOS="833" VPOS="1261" WIDTH="38" HEIGHT="19" WC="0.95" CONTENT="och"/>
						</TextLine>
						<TextLine ID="line_38" HPOS="120" VPOS="1292" WIDTH="749" HEIGHT="26">
							<String ID="string_344" HPOS="120" VPOS="1292" WIDTH="60" HEIGHT="21" WC="0.96" CONTENT="äfven"/><SP WIDTH="18" VPOS="1292" HPOS="180"/>
							<String ID="string_345" HPOS="198" VPOS="1293" WIDTH="7" HEIGHT="19" WC="0.96" CONTENT="i"/><SP WIDTH="16" VPOS="1293" HPOS="205"/>
							<String ID="string_346" HPOS="221" VPOS="1293" WIDTH="58" HEIGHT="20" WC="0.93" CONTENT="detta"/><SP WIDTH="15" VPOS="1293" HPOS="279"/>
							<String ID="string_347" HPOS="294" VPOS="1292" WIDTH="96" HEIGHT="21" WC="0.96" CONTENT="afseende"/><SP WIDTH="16" VPOS="1292" HPOS="390"/>
							<String ID="string_348" HPOS="406" VPOS="1293" WIDTH="37" HEIGHT="19" WC="0.96" CONTENT="har"/><SP WIDTH="15" VPOS="1293" HPOS="443"/>
							<String ID="string_349" HPOS="458" VPOS="1292" WIDTH="95" HEIGHT="20" WC="0.93" CONTENT="Joensuu"/><SP WIDTH="15" VPOS="1292" HPOS="553"/>
							<String ID="string_350" HPOS="568" VPOS="1292" WIDTH="126" HEIGHT="26" WC="0.93" CONTENT="fyrklassiga"/><SP WIDTH="14" VPOS="1292" HPOS="694"/>
							<String ID="string_351" HPOS="708" VPOS="1292" WIDTH="102" HEIGHT="25" WC="0.96" CONTENT="läroverk,"/><SP WIDTH="17" VPOS="1292" HPOS="810"/>
							<String ID="string_352" HPOS="827" VPOS="1298" WIDTH="42" HEIGHT="12" WC="0.96" CONTENT="som"/>
						</TextLine>
						<TextLine ID="line_39" HPOS="119" VPOS="1321" WIDTH="750" HEIGHT="27">
							<String ID="string_353" HPOS="119" VPOS="1322" WIDTH="64" HEIGHT="20" WC="0.96" CONTENT="redan"/><SP WIDTH="15" VPOS="1322" HPOS="183"/>
							<String ID="string_354" HPOS="198" VPOS="1323" WIDTH="66" HEIGHT="19" WC="0.96" CONTENT="under"/><SP WIDTH="16" VPOS="1323" HPOS="264"/>
							<String ID="string_355" HPOS="280" VPOS="1329" WIDTH="25" HEIGHT="13" WC="0.96" CONTENT="en"/><SP WIDTH="14" VPOS="1329" HPOS="305"/>
							<String ID="string_356" HPOS="319" VPOS="1322" WIDTH="51" HEIGHT="26" WC="0.95" CONTENT="följd"/><SP WIDTH="15" VPOS="1322" HPOS="370"/>
							<String ID="string_357" HPOS="385" VPOS="1322" WIDTH="24" HEIGHT="20" WC="0.96" CONTENT="af"/><SP WIDTH="13" VPOS="1322" HPOS="409"/>
							<String ID="string_358" HPOS="422" VPOS="1324" WIDTH="22" HEIGHT="18" WC="0.93" CONTENT="är"/><SP WIDTH="15" VPOS="1324" HPOS="444"/>
							<String ID="string_359" HPOS="459" VPOS="1322" WIDTH="75" HEIGHT="20" WC="0.93" CONTENT="räknat"/><SP WIDTH="15" VPOS="1322" HPOS="534"/>
							<String ID="string_360" HPOS="549" VPOS="1322" WIDTH="103" HEIGHT="25" WC="0.96" CONTENT="betydligt"/><SP WIDTH="16" VPOS="1322" HPOS="652"/>
							<String ID="string_361" HPOS="668" VPOS="1321" WIDTH="56" HEIGHT="20" WC="0.93" CONTENT="öfver"/><SP WIDTH="11" VPOS="1321" HPOS="724"/>
							<String ID="string_362" HPOS="735" VPOS="1321" WIDTH="84" HEIGHT="20" WC="0.92" CONTENT="hundra"/><SP WIDTH="11" VPOS="1321" HPOS="819"/>
							<String ID="string_363" HPOS="830" VPOS="1321" WIDTH="39" HEIGHT="19" WC="0.93" CONTENT="ele-"/>
						</TextLine>
						<TextLine ID="line_40" HPOS="119" VPOS="1351" WIDTH="752" HEIGHT="27">
							<String ID="string_364" HPOS="119" VPOS="1359" WIDTH="42" HEIGHT="19" WC="0.92" CONTENT="ver,"/><SP WIDTH="24" VPOS="1359" HPOS="161"/>
							<String ID="string_365" HPOS="185" VPOS="1352" WIDTH="142" HEIGHT="26" WC="0.88" CONTENT="speciminerat"/><SP WIDTH="23" VPOS="1352" HPOS="327"/>
							<String ID="string_366" HPOS="350" VPOS="1352" WIDTH="100" HEIGHT="19" WC="0.95" CONTENT="måhända"/><SP WIDTH="24" VPOS="1352" HPOS="450"/>
							<String ID="string_367" HPOS="474" VPOS="1352" WIDTH="47" HEIGHT="20" WC="0.95" CONTENT="bäst"/><SP WIDTH="15" VPOS="1352" HPOS="521"/>
							<String ID="string_368" HPOS="536" VPOS="1352" WIDTH="7" HEIGHT="18" WC="0.68" CONTENT="i"/><SP WIDTH="15" VPOS="1352" HPOS="543"/>
							<String ID="string_369" HPOS="558" VPOS="1351" WIDTH="71" HEIGHT="20" WC="0.96" CONTENT="landet"/><SP WIDTH="15" VPOS="1351" HPOS="629"/>
							<String ID="string_370" HPOS="644" VPOS="1351" WIDTH="38" HEIGHT="19" WC="0.96" CONTENT="och"/><SP WIDTH="16" VPOS="1351" HPOS="682"/>
							<String ID="string_371" HPOS="698" VPOS="1351" WIDTH="56" HEIGHT="25" WC="0.96" CONTENT="gjort"/><SP WIDTH="15" VPOS="1351" HPOS="754"/>
							<String ID="string_372" HPOS="769" VPOS="1351" WIDTH="33" HEIGHT="25" WC="0.96" CONTENT="sig"/><SP WIDTH="15" VPOS="1351" HPOS="802"/>
							<String ID="string_373" HPOS="817" VPOS="1352" WIDTH="54" HEIGHT="18" WC="0.96" CONTENT="mest"/>
						</TextLine>
						<TextLine ID="line_41" HPOS="119" VPOS="1380" WIDTH="750" HEIGHT="27">
							<String ID="string_374" HPOS="119" VPOS="1382" WIDTH="85" HEIGHT="25" WC="0.92" CONTENT="förtjent"/><SP WIDTH="15" VPOS="1382" HPOS="204"/>
							<String ID="string_375" HPOS="219" VPOS="1382" WIDTH="23" HEIGHT="19" WC="0.93" CONTENT="af"/><SP WIDTH="13" VPOS="1382" HPOS="242"/>
							<String ID="string_376" HPOS="255" VPOS="1382" WIDTH="129" HEIGHT="25" WC="0.91" CONTENT="utvidgning."/><SP WIDTH="26" VPOS="1382" HPOS="384"/>
							<String ID="string_377" HPOS="410" VPOS="1382" WIDTH="48" HEIGHT="19" WC="0.96" CONTENT="Men"/><SP WIDTH="16" VPOS="1382" HPOS="458"/>
							<String ID="string_378" HPOS="474" VPOS="1381" WIDTH="27" HEIGHT="20" WC="0.96" CONTENT="dä"/><SP WIDTH="16" VPOS="1381" HPOS="501"/>
							<String ID="string_379" HPOS="517" VPOS="1388" WIDTH="28" HEIGHT="12" WC="0.93" CONTENT="nu"/><SP WIDTH="15" VPOS="1388" HPOS="545"/>
							<String ID="string_380" HPOS="560" VPOS="1380" WIDTH="73" HEIGHT="26" WC="0.92" CONTENT="frägan"/><SP WIDTH="16" VPOS="1380" HPOS="633"/>
							<String ID="string_381" HPOS="649" VPOS="1380" WIDTH="54" HEIGHT="20" WC="0.93" CONTENT="varit"/><SP WIDTH="11" VPOS="1380" HPOS="703"/>
							<String ID="string_382" HPOS="714" VPOS="1380" WIDTH="118" HEIGHT="26" WC="0.92" CONTENT="omdryftad"/><SP WIDTH="11" VPOS="1380" HPOS="832"/>
							<String ID="string_383" HPOS="843" VPOS="1380" WIDTH="26" HEIGHT="25" WC="0.96" CONTENT="pä"/>
						</TextLine>
						<TextLine ID="line_42" HPOS="121" VPOS="1409" WIDTH="749" HEIGHT="28">
							<String ID="string_384" HPOS="121" VPOS="1412" WIDTH="23" HEIGHT="19" WC="0.92" CONTENT="sä"/><SP WIDTH="23" VPOS="1412" HPOS="144"/>
							<String ID="string_385" HPOS="167" VPOS="1412" WIDTH="74" HEIGHT="25" WC="0.90" CONTENT="mänga"/><SP WIDTH="22" VPOS="1412" HPOS="241"/>
							<String ID="string_386" HPOS="263" VPOS="1411" WIDTH="123" HEIGHT="25" WC="0.92" CONTENT="föregäende"/><SP WIDTH="18" VPOS="1411" HPOS="386"/>
							<String ID="string_387" HPOS="404" VPOS="1411" WIDTH="128" HEIGHT="25" WC="0.91" CONTENT="landtdagar,"/><SP WIDTH="17" VPOS="1411" HPOS="532"/>
							<String ID="string_388" HPOS="549" VPOS="1417" WIDTH="60" HEIGHT="13" WC="0.96" CONTENT="anser"/><SP WIDTH="12" VPOS="1417" HPOS="609"/>
							<String ID="string_389" HPOS="621" VPOS="1410" WIDTH="37" HEIGHT="26" WC="0.93" CONTENT="jag"/><SP WIDTH="16" VPOS="1410" HPOS="658"/>
							<String ID="string_390" HPOS="674" VPOS="1410" WIDTH="110" HEIGHT="26" WC="0.92" CONTENT="specielare"/><SP WIDTH="17" VPOS="1410" HPOS="784"/>
							<String ID="string_391" HPOS="801" VPOS="1409" WIDTH="69" HEIGHT="20" WC="0.93" CONTENT="statis-"/>
						</TextLine>
						<TextLine ID="line_43" HPOS="120" VPOS="1438" WIDTH="750" HEIGHT="28">
							<String ID="string_392" HPOS="120" VPOS="1441" WIDTH="56" HEIGHT="19" WC="0.91" CONTENT="tiska"/><SP WIDTH="19" VPOS="1441" HPOS="176"/>
							<String ID="string_393" HPOS="195" VPOS="1441" WIDTH="110" HEIGHT="20" WC="0.92" CONTENT="relationer"/><SP WIDTH="20" VPOS="1441" HPOS="305"/>
							<String ID="string_394" HPOS="325" VPOS="1441" WIDTH="66" HEIGHT="19" WC="0.93" CONTENT="denna"/><SP WIDTH="18" VPOS="1441" HPOS="391"/>
							<String ID="string_395" HPOS="409" VPOS="1442" WIDTH="55" HEIGHT="24" WC="0.92" CONTENT="gäng"/><SP WIDTH="15" VPOS="1442" HPOS="464"/>
							<String ID="string_396" HPOS="479" VPOS="1440" WIDTH="46" HEIGHT="20" WC="0.91" CONTENT="icke"/><SP WIDTH="15" VPOS="1440" HPOS="525"/>
							<String ID="string_397" HPOS="540" VPOS="1440" WIDTH="49" HEIGHT="20" WC="0.92" CONTENT="böra"/><SP WIDTH="15" VPOS="1440" HPOS="589"/>
							<String ID="string_398" HPOS="604" VPOS="1442" WIDTH="92" HEIGHT="24" WC="0.92" CONTENT="upptaga"/><SP WIDTH="16" VPOS="1442" HPOS="696"/>
							<String ID="string_399" HPOS="712" VPOS="1439" WIDTH="93" HEIGHT="20" WC="0.93" CONTENT="ständets"/><SP WIDTH="17" VPOS="1439" HPOS="805"/>
							<String ID="string_400" HPOS="822" VPOS="1438" WIDTH="48" HEIGHT="26" WC="0.91" CONTENT="dyr-"/>
						</TextLine>
						<TextLine ID="line_44" HPOS="121" VPOS="1468" WIDTH="750" HEIGHT="27">
							<String ID="string_401" HPOS="121" VPOS="1471" WIDTH="50" HEIGHT="19" WC="0.95" CONTENT="bara"/><SP WIDTH="21" VPOS="1471" HPOS="171"/>
							<String ID="string_402" HPOS="192" VPOS="1471" WIDTH="37" HEIGHT="19" WC="0.83" CONTENT="tid."/><SP WIDTH="31" VPOS="1471" HPOS="229"/>
							<String ID="string_403" HPOS="260" VPOS="1470" WIDTH="48" HEIGHT="20" WC="0.96" CONTENT="Men"/><SP WIDTH="23" VPOS="1470" HPOS="308"/>
							<String ID="string_404" HPOS="331" VPOS="1477" WIDTH="32" HEIGHT="12" WC="0.93" CONTENT="om"/><SP WIDTH="22" VPOS="1477" HPOS="363"/>
							<String ID="string_405" HPOS="385" VPOS="1469" WIDTH="177" HEIGHT="26" WC="0.79" CONTENT="Borgareständet"/><SP WIDTH="20" VPOS="1469" HPOS="562"/>
							<String ID="string_406" HPOS="582" VPOS="1470" WIDTH="26" HEIGHT="25" WC="0.96" CONTENT="pä"/><SP WIDTH="16" VPOS="1470" HPOS="608"/>
							<String ID="string_407" HPOS="624" VPOS="1469" WIDTH="67" HEIGHT="20" WC="0.93" CONTENT="denna"/><SP WIDTH="15" VPOS="1469" HPOS="691"/>
							<String ID="string_408" HPOS="706" VPOS="1468" WIDTH="100" HEIGHT="25" WC="0.92" CONTENT="landtdag"/><SP WIDTH="15" VPOS="1468" HPOS="806"/>
							<String ID="string_409" HPOS="821" VPOS="1468" WIDTH="50" HEIGHT="19" WC="0.97" CONTENT="ville"/>
						</TextLine>
					</TextBlock>
				</ComposedBlock>
				<ComposedBlock ID="cblock_3" HPOS="192" VPOS="1510" WIDTH="543" HEIGHT="21">
					<TextBlock ID="block_4" HPOS="192" VPOS="1510" WIDTH="543" HEIGHT="21">
						<TextLine ID="line_45" HPOS="192" VPOS="1510" WIDTH="543" HEIGHT="21">
							<String ID="string_410" HPOS="192" VPOS="1512" WIDTH="106" HEIGHT="19" WC="0.93" CONTENT="Allmänna"/><SP WIDTH="15" VPOS="1512" HPOS="298"/>
							<String ID="string_411" HPOS="313" VPOS="1511" WIDTH="186" HEIGHT="20" WC="0.90" CONTENT="Besvärsutskottets"/><SP WIDTH="17" VPOS="1511" HPOS="499"/>
							<String ID="string_412" HPOS="516" VPOS="1510" WIDTH="118" HEIGHT="20" WC="0.96" CONTENT="betänkande"/><SP WIDTH="16" VPOS="1510" HPOS="634"/>
							<String ID="string_413" HPOS="650" VPOS="1510" WIDTH="37" HEIGHT="20" WC="0.86" CONTENT="N:o"/><SP WIDTH="17" VPOS="1510" HPOS="687"/>
							<String ID="string_414" HPOS="704" VPOS="1511" WIDTH="31" HEIGHT="19" WC="0.96" CONTENT="21."/>
						</TextLine>
					</TextBlock>
				</ComposedBlock>
				<GraphicalElement ID="cblock_4" HPOS="1053" VPOS="370" WIDTH="8" HEIGHT="534"></GraphicalElement >
			</PrintSpace>
		</Page>
	</Layout>
</alto>
