1061 1717
277 98 239 24 Petitionsbetänkande
531 98 37 23 N:o
586 98 18 22 1.
785 99 29 23 59

94 166 89 20 forlöner
205 166 39 19 och
265 166 134 26 skutfrakter,
420 166 178 25 hufvudsakligen
614 166 32 20 till
661 166 109 26 Uleåborg,
786 166 59 20 utbe-

93 196 52 20 talar
168 198 79 18 ensamt
269 195 40 20 den
331 196 153 25 Lundbergska
506 196 133 25 änggvarnen
655 195 140 26 25—30,000
809 196 35 20 mk

93 226 84 26 årligen,
207 226 44 20 Här
275 225 61 20 ofvan
359 225 118 21 beräknade
500 225 152 21 trafikinkomst
672 228 61 23 utgör
748 232 31 20 pr.
793 226 50 20 ban-

92 258 58 18 verst
170 256 63 20 omkr.
249 254 28 28 3/,
293 255 23 19 af
329 255 40 20 den
388 255 162 21 bruttoinkomst
569 255 204 26 Hangö-Hyvinge
788 255 56 26 jern-

93 288 40 24 väg
155 286 80 20 lemnat
249 284 7 20 i
272 285 95 20 medeltal
389 285 67 20 under
476 285 40 20 den
531 285 31 20 tid
577 285 68 20 denna
660 286 53 19 bana
729 285 116 20 trafikerats

95 315 22 21 af
130 318 67 18 staten
213 315 38 19 och
267 318 22 16 är
305 314 86 26 ungefär
407 315 43 20 lika
465 318 44 17 stor
525 314 47 21 med
582 315 117 20 inkomsten
709 322 31 20 pr.
751 316 98 20 banverst

95 346 35 20 vid
153 345 134 21 Wasabanan
309 345 67 26 under
399 345 91 20 sistlidet
509 346 28 20 &r.
568 345 147 25 Beräkningen
730 346 59 20 torde
805 345 44 21 der-

93 375 34 20 för
137 375 46 20 icke
198 382 50 14 vara
263 374 32 20 för
310 375 46 25 hög.
388 374 82 21 Trafik-
487 376 39 19 och
540 375 235 20 underhällskostnaden
790 375 59 21 torde

94 405 65 25 enligt
181 404 106 21 fackmäns
309 407 74 23 utsago
406 406 72 25 uppgä
492 405 32 20 till
539 406 61 24 högst
615 404 66 28 2,000
695 405 41 20 mk.
752 412 30 19 pr.
797 406 50 19 ban-

94 438 57 17 verst
173 435 48 20 eller
242 434 80 27 54,000
343 435 40 20 mk.
405 435 31 20 för
458 435 48 20 hela
531 436 73 20 banan.
636 434 212 21 "Trafikinkomsterna

94 465 47 20 med
164 465 72 26 tillägg
251 465 24 20 af
288 465 84 20 stadens
395 465 75 26 bidrag
494 465 63 20 borde
580 465 68 20 derför
663 465 64 20 redan
743 465 25 20 de
783 465 65 20 första

95 496 49 19 åren
167 495 80 20 komma
271 497 32 18 att
325 495 47 20 fullt
394 495 90 20 betäcka
502 495 202 20 trafikkostnaderna
719 495 38 20 och
769 495 77 26 jemväl

94 525 67 20 lemna
180 526 63 25 nägot
265 525 79 20 mindre
367 525 121 26 öfverskott,
512 525 81 20 oafsedt
612 525 40 20 den
668 532 73 19 genom
756 525 89 20 bibanan

95 554 120 21 föranledda
230 555 65 20 ökade
311 555 179 20 trafikinkomsten
506 557 13 18 &
533 554 156 22 hufvudbanan.

167 585 30 19 På
211 585 70 25 grund
295 585 24 19 af
331 585 55 20 hvad
399 585 37 26 jag
452 585 88 20 sålunda
555 585 44 20 haft
614 588 52 18 äran
682 585 71 20 anföra
767 585 32 20 får
807 585 37 26 jag

93 614 38 21 hos
145 614 108 26 Vällofliga
268 615 175 26 Borgareständet
458 615 107 20 vördsamt
579 615 77 21 föreslå

279 652 29 19 att
327 651 111 20 Ständerna
461 651 59 20 mätte
543 651 32 20 hos
594 651 28 20 H.
639 651 25 20 K.
680 651 28 20 M.
724 652 9 19 i
748 651 94 20 underdä-

234 681 65 24 nighet
318 681 118 24 petitionera
459 687 31 13 om
514 681 105 25 byggandet
639 681 27 24 af
682 687 22 14 en
725 679 71 22 bibana
811 681 33 20 till

234 711 111 19 Brahestad
360 711 9 19 i
384 711 142 25 sammanhang
549 711 42 19 med
612 710 129 25 slutförandet
763 711 27 24 af
809 710 35 20 den

239 740 129 26 Uleäborgska
379 741 109 24 jernvägen
502 740 43 20 med
559 741 66 23 medel,
641 747 40 13 som
692 741 109 19 Ständerna
811 740 34 20 vid

233 770 131 20 innevarande
380 770 94 25 landtdag
491 770 52 20 torde
558 771 35 24 för
607 770 110 20 ändamålet
732 771 75 20 anvisa.

165 806 37 20 Ett
225 806 74 25 utdrag
323 805 20 20 af
357 805 114 20 förstärkte
488 805 204 26 Stadsfullmäktiges
707 806 6 19 i
729 806 115 20 Brahestad

96 835 100 27 protokoll
210 835 93 26 bilägges
320 835 110 21 vördsamt.

611 887 61 23 Felix
688 887 82 24 Heikel.

454 1025 34 22 19.

168 1087 57 21 Från
247 1086 163 22 Bondeständet
434 1093 27 14 en
483 1086 93 27 petition
597 1092 35 15 om
656 1085 151 28 föreläggande
824 1085 24 21 af

94 1122 135 28 proposition
250 1122 34 21 till
305 1123 63 21 nästa
383 1122 107 27 landtdag
507 1124 33 19 att
556 1128 26 15 en
595 1121 156 28 jernvägslinie
766 1121 80 22 mellan

94 1158 107 27 Uleäborg
225 1158 39 21 och
290 1158 83 21 Torneä
396 1159 69 20 mätte
486 1158 128 27 udersökas,
633 1157 95 28 ingifven
749 1157 23 21 af
790 1156 57 23 Herr

93 1194 59 21 Iisak
166 1193 94 28 Hoikka,
276 1194 87 22 hvilken
381 1194 6 21 i
403 1193 161 27 öfversättning
579 1195 24 20 är
619 1193 128 27 sälydande:

222 1260 57 20 Till
299 1260 181 21 Hedervärda
502 1259 214 21 Bondeständet.

167 1308 73 20 Kändt
263 1311 29 23 är,
315 1310 32 18 att
367 1308 95 20 Svenska
484 1308 73 20 Staten
577 1308 85 20 beslutit
680 1308 38 20 och
733 1307 64 21 redan
813 1307 34 20 be-

93 1340 68 24 gynnt
176 1338 119 26 byggandet
310 1338 23 20 af
346 1344 26 14 en
384 1338 90 26 jornväg
494 1338 55 20 ifrån
569 1338 81 20 Norska
670 1337 123 20 hafskusten
811 1343 36 19 ge-

94 1374 47 14 nom
156 1368 69 25 Norge
240 1368 39 20 och
295 1366 84 27 Sverige
394 1368 32 20 till
442 1368 113 20 Bottniska
570 1368 73 20 vikens
658 1367 127 25 nordligaste
800 1366 47 20 stad

94 1397 144 27 Haaparanda.
269 1397 76 20 Derför
365 1400 23 17 är
408 1398 37 20 det
460 1398 42 20 den
518 1397 158 21 nordbottniska
690 1396 157 26 befolkningens

94 1430 53 17 mest
167 1427 114 25 trängande
305 1427 161 26 önskningsmäl,
487 1430 33 17 att
539 1428 121 20 stambanan
675 1426 53 20 ifrän
743 1426 105 25 Uleäborg

95 1457 66 20 skulle
176 1456 117 20 utsträckas
309 1457 37 19 allt
360 1457 32 19 till
413 1457 40 20 den
474 1458 92 20 svenska
583 1457 120 25 jernvägen,
721 1456 38 20 och
780 1456 67 20 skulle

170 1498 195 25 Jernvägsutskottets
380 1498 119 20 betänkande
515 1498 39 21 N:o
570 1500 17 18 3.
