1061 1717
243 101 80 23 Ständ.
338 101 50 22 Pet.
404 113 28 3 —
448 101 166 22 Petitionsbet.
631 102 39 21 N:o
686 101 33 23 13.
812 99 13 20 3

105 164 52 29 riga
178 166 87 19 statens
288 164 97 22 embets-
401 164 44 22 och
460 164 142 29 tjenstemän
620 163 105 29 åtnjuter
739 163 72 27 långa
825 162 32 20 fe-

105 199 53 26 rier,
180 200 119 27 motväges
313 199 38 21 till
366 198 58 22 fullo
440 199 26 21 af
480 198 40 22 det
535 198 78 22 arbete
629 198 47 21 han
692 197 75 22 under
781 196 77 22 denna

107 233 35 21 tid
165 236 25 18 är
212 235 105 26 tvungeu
332 235 34 19 att
382 240 61 22 egna
458 233 50 21 dels
525 234 24 20 åt
564 233 46 21 den
624 232 140 22 kommande
781 230 77 22 termi-

105 274 57 14 nens
177 267 242 29 föreläsningskurser,
435 267 50 21 dels
502 268 24 20 åt
541 268 72 20 sådan
629 269 54 19 rent
693 265 164 29 vetenskaplig

105 301 129 29 forskning,
249 308 49 15 som
312 302 74 21 under
400 302 103 21 läseåret
517 309 49 13 mer
581 301 56 21 eller
652 300 91 22 mindre
759 300 45 22 fått
819 300 37 20 stå

106 336 99 21 tillbaka
225 336 36 21 för
282 336 358 28 undervisningsskyldigheten,
663 343 54 13 men
740 342 49 14 som
807 334 51 22 uni-

108 370 208 26 versitetsläraren,
346 370 8 22 i
381 370 119 28 egenskap
524 370 25 22 af
568 370 173 28 vetenskapens
763 370 95 20 främste

107 404 110 22 målsman
240 405 8 21 i
269 404 86 26 landet,
378 404 60 22 dock
460 405 54 21 icke
537 405 36 21 för
588 404 45 22 den
648 404 63 21 skull
726 404 42 22 bör
783 403 75 22 åsido-

108 441 66 20 sätta.
203 439 52 22 Den
270 439 74 22 fördel
358 439 47 22 han
420 439 54 22 med
490 439 108 22 afseende
614 440 14 20 &
642 439 97 21 ferietid
755 438 104 29 åtnjuter

107 473 98 22 framom
228 473 71 22 andra
313 473 46 22 kan
374 473 90 22 således
480 474 74 21 under
569 473 57 29 inga
643 473 163 22 förhållanden
820 473 38 20 be-

109 508 88 21 traktas
214 508 75 21 såsom
302 508 123 21 lemnande
440 508 87 21 honom
542 510 73 26 utväg
631 510 34 19 att
679 508 9 21 i
704 515 87 14 samma
805 507 54 22 mån

108 542 153 29 komplettera
275 542 51 21 sina
340 542 173 21 löneförmåner
529 549 83 22 genom
628 542 143 28 biförtjenst.
802 541 57 22 Sna-

107 583 50 14 rare
179 576 78 21 kunde
279 576 74 21 under
374 576 100 21 läseåret
498 577 83 20 sådant
598 576 95 21 tillfälle
709 576 37 21 till
762 576 97 21 förbätt-

106 611 42 21 rad
169 611 103 21 utkomst
294 611 36 20 stå
351 611 247 21 universitetsläraren
616 611 39 20 till
670 610 67 26 buds,
753 610 44 21 och
811 617 49 14 mer

107 649 30 18 än
151 653 29 13 en
195 645 42 21 har
251 645 70 21 också
335 645 73 21 under
424 645 146 21 närvarande
587 645 165 21 förhållanden
767 646 46 19 sett
823 644 37 28 sig

107 679 119 22 nödsakad
248 681 34 19 att
303 686 84 21 genom
408 679 31 28 på
461 679 69 21 sidan
552 686 37 14 om
603 679 256 21 universitetslärarens

107 713 118 29 egentliga
240 713 95 28 uppgift
349 713 95 21 stäende
461 713 182 28 sysselsättning
660 713 57 21 söka
727 715 88 26 trygga
823 713 36 21 sin

107 747 148 22 ekonomiska
271 747 117 28 ställning.
419 747 55 22 Som
490 747 40 21 det
545 747 60 22 dock
620 747 66 22 torde
702 747 24 22 fä
741 755 68 14 anses
817 755 40 13 na-

105 783 83 28 turligt
210 784 35 19 att
265 782 36 21 för
322 782 178 21 universitetets
517 789 72 14 sanna
605 781 76 22 fördel
699 782 46 21 alla
761 782 52 21 dess
827 781 33 22 lä-

104 817 140 22 rarekrafter
257 816 148 21 uteslutande
420 816 73 21 borde
509 816 92 21 komma
616 816 46 21 den
676 816 180 29 vetenskapliga

106 851 153 28 forskningen
287 851 44 21 och
352 851 46 21 den
420 851 153 21 akademiska
594 850 205 29 undervisningen
821 850 37 21 till

106 886 67 28 godo,
194 886 25 21 sä
234 885 59 21 talar
308 885 68 21 äfven
392 885 45 21 den
453 885 216 28 omständigheten,
686 887 35 19 att
736 881 125 26 förhällan-

108 921 59 20 dena
184 919 103 29 päkallat
303 919 112 21 afvikelse
431 919 53 21 frän
500 919 77 21 denna
591 919 101 28 princip,
711 919 150 22 uteslutande

106 955 37 21 för
157 961 29 14 en
201 953 134 28 förhöjning
351 953 25 21 af
387 953 270 21 universitetslärarenes
673 953 72 22 löner.

175 987 70 22 Hvad
267 988 49 21 äter
338 988 71 27 angär
431 987 177 22 universitetets
635 979 147 40 tjenstemän,
804 983 57 26 anse

109 1023 130 22 Ständerna
261 1024 34 19 att
317 1022 71 25 desse,
410 1021 54 22 med
480 1021 94 28 hänsyn
589 1021 37 22 till
642 1022 46 21 den
704 1022 68 28 ringa
787 1021 76 29 utsigt

109 1057 37 22 till
159 1057 79 21 vidare
253 1055 125 22 befordran
393 1056 27 21 de
436 1056 9 21 i
458 1056 135 28 jemförelse
612 1056 53 21 med
682 1056 76 28 öfriga
773 1058 89 19 statens

107 1092 139 28 tjenstemän
268 1094 49 24 äga,
339 1091 71 20 borde
425 1090 24 21 fä
464 1090 54 21 sina
533 1091 171 20 löneförmoner
721 1091 114 21 förökade
851 1091 8 20 i

111 1133 85 14 samma
212 1125 57 28 grad
284 1132 49 14 som
348 1124 251 21 universitetslärarne.

177 1160 34 21 På
228 1159 77 28 grund
319 1159 26 20 af
357 1159 62 21 hvad
435 1158 101 22 sålunda
547 1159 87 20 anförts
645 1159 23 20 få
680 1159 131 21 Ständerna
821 1158 41 21 hos

111 1195 90 21 Eders
221 1193 174 29 Kejserliga
413 1193 141 28 Majestät
573 1193 170 28 underdånigst
759 1193 102 26 anhålla;

312 1229 33 20 att
370 1227 162 22 universitetets
555 1227 82 22 lärares
661 1227 38 21 och
721 1227 142 28 tjenstemäns

247 1262 60 21 löner
321 1261 65 28 blefve
402 1261 102 28 förhöjda
520 1262 46 21 med
581 1261 67 22 minst
661 1261 32 21 20
706 1262 34 27 /,.

177 1297 88 21 Tillika
279 1297 24 21 få
319 1296 131 22 Ständerna
465 1296 173 28 underdånigst
654 1296 97 27 anmäla,
766 1297 35 19 att
808 1295 57 21 Bor-

110 1331 150 29 gareståndet
275 1331 51 21 icke
341 1331 92 21 förenat
449 1330 37 28 sig
503 1338 38 14 om
555 1330 76 21 denna
646 1330 107 28 petition.

178 1365 113 22 Finlands
307 1365 99 22 Ständer
420 1364 135 22 framhärda
570 1367 43 19 etc.

178 1400 148 28 Helsingfors
341 1400 45 21 den
402 1400 26 21 22
444 1399 47 28 Maj
511 1399 62 22 1885.
