1061 1717
233 84 13 21 2
420 79 240 27 Petitionsbetänkande
675 84 40 23 N:o
732 81 35 25 24.

275 150 33 17 Om
326 156 40 11 man
384 150 68 18 säledes
466 152 33 16 har
511 152 6 15 i
530 152 59 16 sinnet
602 153 27 15 att
641 152 59 16 väcka
712 152 49 16 östra
773 151 88 17 Finlands
874 152 83 21 gränsbe-

202 179 85 23 folkning
299 180 20 17 af
330 180 34 17 den
378 181 86 21 grekiska
481 181 159 17 trosbekännelsen
660 181 39 17 frän
714 181 31 17 det
759 181 197 22 bedöfningstillständ,

203 210 52 16 hvari
268 210 31 17 det
311 210 12 17 f.
336 216 17 11 n.
366 210 80 18 befinner
465 212 34 20 sig,
512 211 34 17 och
565 211 62 22 hjelpa
644 211 31 17 det
688 213 26 15 att
727 210 45 22 följa
784 211 31 17 det
827 211 59 22 öfriga
898 211 58 17 folket

203 241 22 20 pä
238 240 180 17 framätskridandets
430 242 42 20 väg,
486 242 20 15 sä
518 241 55 17 borde
587 241 58 21 enligt
658 242 31 16 vär
702 241 55 17 tanke
770 240 27 17 för
810 241 50 17 detta
873 241 83 17 ändamäl

202 270 57 21 nägra
271 270 91 17 särskilda
375 270 124 23 uppoffringar
511 272 58 20 göras.
594 271 22 16 Vi
629 270 55 22 bedja
696 271 32 16 här
736 271 108 17 ätminstone
853 271 18 16 fä
879 271 76 22 päpeka,

204 302 27 14 att
243 300 56 17 redan
311 300 101 17 tillständet
425 301 6 16 i
444 300 53 17 dessa
510 301 136 21 gränssocknar,
656 306 36 11 som
705 300 65 22 skiljer
782 301 29 21 sig
823 300 40 17 frän
871 301 31 17 det
910 302 6 15 i
925 301 31 16 det

204 330 59 21 öfriga
275 330 83 21 Finland,
372 331 32 16 har
417 330 68 22 utgjort
497 330 27 17 för
536 336 29 11 oss
578 336 21 11 en
613 331 111 21 uppmaning
736 332 27 15 att
775 331 107 21 petitionera
890 336 27 12 om
930 332 26 15 ät-

203 360 69 20 gärder,
280 360 99 17 afvikande
391 360 39 17 frän
443 360 23 17 de
479 360 75 17 allmänt
567 360 81 22 vanliga,
656 360 65 17 hvilka
732 360 103 17 tillsvidare
844 360 60 17 skulle
913 366 43 11 vara

203 392 27 14 att
247 395 43 12 anse
303 391 57 16 säsom
372 390 114 22 hjelpmedel,
499 390 70 22 egnade
581 392 27 15 att
621 391 40 16 utsä
674 390 22 17 de
708 390 56 17 första
781 390 39 17 frön
837 390 30 17 till
883 390 73 22 upplys-

205 421 49 20 ning.
279 420 23 17 Vi
314 420 81 22 häntydä
407 422 47 15 ännu
467 421 24 21 pä
503 420 35 17 den
551 420 138 22 omständighet,
698 422 27 15 att
738 420 59 17 denna
809 420 52 22 fråga
873 426 36 12 som
918 421 38 16 när-

203 452 46 15 mast
261 451 56 20 angär
329 455 23 12 en
364 450 107 22 folkmängd
483 450 21 17 af
515 451 21 16 24
550 452 51 15 tusen
621 455 88 17 personer,
723 450 69 17 boende
805 451 24 21 pä
841 452 26 15 ett
879 450 75 20 omräde,

202 485 36 11 som
252 480 29 24 till
295 481 27 16 sin
335 480 68 17 storlek
415 482 99 15 motsvarar
527 481 81 20 Nylands
622 481 35 19 län,
671 481 33 16 har
716 481 48 16 varit
773 480 73 17 föremäl
856 481 27 16 för
890 480 65 22 grund-

202 510 57 21 ligare
273 510 103 17 diskussion
388 511 24 21 pä
424 510 93 17 allmänna
535 510 147 17 folkskolemötet
696 511 6 16 i
715 511 94 16 Sortavala
821 510 77 17 förliden
911 515 43 12 som-

202 545 37 11 mar
251 540 33 16 och
298 541 47 20 våga
357 541 19 15 vi
395 540 168 21 högaktningsfullt
581 540 80 20 anhålla,
675 542 27 15 att
721 540 30 17 det
763 540 112 17 hedervärda
887 540 67 17 Bonde-

201 569 72 18 ståndet
285 570 86 21 antingen
384 572 68 15 ensamt
472 570 45 17 eller
528 570 41 17 med
584 570 58 17 andra
658 570 52 17 stånd
723 572 108 19 gemensamt
850 570 44 17 ville
907 569 47 17 med-

202 600 56 16 verka
271 600 30 16 till
313 605 21 11 en
349 600 111 21 underdänig
473 600 75 21 petition
562 599 20 17 af
593 600 89 17 innehäll:

380 638 26 13 att
420 636 24 21 af
455 635 89 16 allmänna
560 635 51 16 medel
625 636 55 16 skulle
694 635 97 17 tillsvidare
803 636 69 21 beviljas
884 638 23 13 ett
918 638 36 14 sär-

345 666 52 15 skildt
407 666 63 20 anslag
481 666 49 15 såväl
540 665 34 22 för
587 665 130 16 underhållande
729 665 25 21 af
768 666 131 15 ambulatoriska
918 666 36 15 sko-

345 696 32 19 lor,
391 696 29 15 der
431 696 89 15 elementär
532 695 125 21 undervisning
667 695 54 16 skulle
733 695 85 20 meddelas,
831 695 86 22 äfvensom
921 695 35 22 för

345 726 95 15 inrättande
452 725 24 21 af
485 725 48 21 högre
541 725 99 21 folkskolor
652 725 53 16 bland
715 725 30 16 den
758 725 7 16 i
776 725 19 16 de
807 725 79 21 ostfinska
894 727 60 19 gräns-

346 755 93 16 socknarna
454 755 58 20 Salmi,
531 755 91 19 Suistamo,
639 755 87 21 Suojärvi,
739 755 101 21 Korpiselkä
852 755 28 16 och
897 755 57 16 Kitelä

345 785 61 20 boende,
422 785 91 19 medellösa,
529 785 33 16 icke
577 785 101 20 läskunniga
695 785 115 20 befolkningen
825 785 24 21 af
861 785 29 16 den
900 785 54 20 greki-

345 815 29 15 ska
386 815 147 16 trosbekännelsen.

309 857 144 20 Helsingfors,
466 857 30 15 den
508 860 23 16 31
538 857 40 20 jan.
593 855 52 18 1885.

273 908 25 22 K.
313 909 25 21 H.
354 908 114 23 Teittinen.
695 909 73 22 Semen
783 909 99 22 Ratinen.

272 1046 42 21 Vid
339 1046 137 27 ompröfning
499 1046 24 21 af
544 1046 150 27 föreliggande
713 1046 185 27 petitionsförslag
915 1047 39 20 har

200 1082 110 21 utskottet
326 1082 55 26 tagit
397 1081 6 21 i
420 1082 153 27 betraktande,
589 1075 36 28 att
639 1082 164 27 ifrägavarande
822 1082 79 21 ärende
917 1082 36 21 vid

200 1117 147 22 innevarande
363 1117 106 28 landtdag
484 1117 69 22 delvis
570 1117 66 22 redan
653 1117 43 22 fätt
711 1123 27 16 en
749 1117 203 22 tillfredsställande

200 1153 93 26 lösning.
325 1153 170 22 Statsutskottet
518 1153 39 22 har
580 1152 110 28 nämligen
713 1153 33 21 uti
762 1153 39 21 sitt
816 1153 136 22 betänkande

199 1195 36 15 n:o
252 1189 36 27 10,
305 1195 35 15 om
356 1189 76 27 anslag
456 1188 23 22 af
500 1189 203 26 bevillningsmedel
719 1189 34 21 till
770 1188 159 22 folkskolornas
946 1189 6 20 i

199 1225 76 21 landet
290 1225 122 27 underhäll,
428 1225 120 27 föreslagit,
572 1227 34 19 att
628 1225 110 21 särskilda
761 1225 103 26 ätgärder
885 1225 67 21 borde

198 1261 101 26 vidtagas
315 1260 34 22 för
372 1261 127 26 grundande
522 1260 24 22 af
566 1260 121 21 folkskolor
702 1260 33 21 uti
751 1260 87 27 Salmis,
854 1260 98 27 Suojärvi

199 1296 40 22 och
255 1296 132 27 Korpiselkä
402 1297 93 21 socknar
511 1297 39 21 och
566 1298 34 20 att
615 1296 124 22 Ständerna
753 1296 34 22 för
807 1296 92 22 berörda
914 1298 38 20 än-

199 1332 74 21 damä]
289 1332 70 22 skulle
374 1332 81 27 bevilja
470 1332 77 21 inalles
565 1332 81 26 10,000
661 1332 64 21 mark
739 1332 70 21 under
823 1333 52 21 åren
887 1332 64 26 1886,

199 1368 58 21 1887
274 1368 40 21 och
331 1368 64 22 1888.
426 1368 69 22 Detta
517 1367 182 22 Statsutskottets
723 1367 81 28 förslag
824 1368 41 21 har
880 1368 71 21 seder-

198 1403 61 22 mera
274 1404 78 22 vunnit
366 1403 134 23 Ständernas
512 1403 72 28 bifall;
601 1404 42 21 och
658 1404 71 21 under
739 1404 82 21 sådana
833 1405 118 20 förhällan-

199 1440 41 21 den
257 1446 38 21 ger
311 1440 141 22 förevarande
475 1440 93 26 petition
585 1440 6 20 i
607 1440 27 21 de
657 1440 102 26 punkter,
776 1446 45 15 som
838 1442 50 19 röra
904 1438 47 23 Sal-

274 1482 107 20 Allmänna
397 1482 184 20 Besvärsutskottets
597 1481 118 20 betänkande
731 1482 38 20 N:o
784 1482 31 20 19.
