1061 1717
338 92 211 24 Potitionsbetänkande
564 92 33 24 N:o
612 92 35 24 46.
812 92 13 21 9

95 151 50 21 Med
160 151 81 27 hänsyn
255 150 34 22 till
303 150 175 22 fiskeriintresset
495 150 68 22 mäste
579 150 126 27 flottningen
715 149 98 22 värtiden
823 148 31 22 in-

96 186 103 21 skränkas
221 185 34 21 till
271 186 26 21 18
320 185 78 27 dygn
391 179 16 37 i
421 185 41 21 den
484 184 79 22 mellan
585 184 124 22 Rovaniemi
731 184 68 27 kyrka
815 183 39 21 och

96 219 135 22 Taivalkoski
254 219 98 27 liggaude
375 219 62 21 delen
454 219 22 21 af
497 219 67 22 elfven
588 218 40 22 och
650 219 28 21 22
694 218 55 28 dygn
764 218 7 21 i
786 218 69 21 elfven

97 254 104 22 nedanom
224 253 142 21 Taivalkoski.
396 253 68 21 Tiden
480 254 78 20 räknas
577 253 47 21 frän
639 252 40 22 och
694 253 49 21 med
758 253 41 21 den
814 252 41 26 dag

98 288 27 22 dä
147 288 180 27 Kirkonjyrhämä
348 288 36 20 vid
399 288 125 21 Rovaniemi
541 287 69 27 kyrka
625 288 91 26 belägna
731 287 125 27 lugnvatten

97 323 76 21 blifver
188 322 71 21 isfritt.
289 321 31 22 På
334 322 78 21 hösten
426 321 44 22 kan
480 322 131 26 flottningen,
618 322 84 26 jemlikt
712 323 144 25 guvernörens

99 357 41 21 den
163 357 25 20 27
205 356 58 21 Mars
287 356 54 22 1884
361 356 127 21 meddelade
504 356 77 27 utslag,
597 356 110 26 angäende
723 355 98 27 flottning
836 354 22 22 af

99 390 130 28 skogsalster
243 390 7 21 i
265 390 62 21 Kemi
342 390 34 26 elf,
392 390 93 21 emellan
506 390 124 28 Rovaniemi
645 390 69 27 kyrka
725 390 39 21 och
774 389 83 21 Taival-

99 425 62 22 koski
183 424 106 22 bedrifvas
307 424 89 27 ungefär
419 424 116 22 halfannan
550 424 79 22 mänad
644 424 52 22 eller
710 424 48 22 frän
773 424 41 21 den
831 424 25 20 15

99 460 91 27 Augusti
207 459 33 21 till
255 459 107 27 utgången
377 459 23 21 af
422 459 132 26 September,
571 459 27 21 dä
614 459 40 21 den
670 458 67 22 måste
752 458 103 26 inställas,

100 494 45 21 dels
160 493 88 22 emedan
263 493 98 22 stockens
376 493 120 27 infrysning
510 500 51 15 vore
577 495 32 20 att
624 493 80 26 befara,
720 493 136 27 hvarigenom

101 529 40 20 den
157 528 68 21 skulle
240 529 92 20 utsättas
347 527 33 22 för
396 529 32 19 att
451 527 94 28 följande
560 527 38 22 vär
616 528 49 21 med
679 528 46 21 isen
740 527 78 22 drifvas
833 528 24 19 ut

100 563 7 20 i
122 562 77 27 hafvet,
216 562 45 21 dels
275 562 89 21 emedan
380 562 74 21 laxens
470 563 40 20 och
526 562 70 21 sikens
611 562 35 21 lek
662 562 28 21 dä
704 561 96 22 inträffar
818 560 40 22 och

100 597 47 21 icke
170 597 39 21 bör
225 596 91 21 ofredas.
347 596 113 21 Nedanom
482 596 135 21 Taivalkoski
634 596 34 21 får
683 596 125 27 flottningen
823 601 35 16 om

101 631 76 21 hösten
192 631 69 26 fortgä
276 631 74 26 längre
365 631 32 20 tid
412 631 54 20 eller
482 631 24 21 sä
521 631 62 26 länge
598 631 75 26 nödigt
688 633 30 19 är.

169 665 62 21 Säväl
239 665 33 21 för
279 665 177 26 fiskerinäringen
464 671 47 15 som
518 665 33 21 för
559 665 195 21 trädvaruhandeln
764 671 51 15 vore
823 664 36 21 det

102 699 7 21 i
123 699 43 27 hög
181 699 53 27 grad
249 699 137 27 fördelaktigt
401 705 35 15 om
452 699 69 21 under
536 699 41 22 den
591 699 32 22 tid
639 705 33 15 om
683 699 71 27 vären,
763 699 28 21 dä
801 699 58 21 flott-

102 733 51 27 ning
167 733 42 21 kan
224 733 87 26 tillätas,
335 733 69 21 denna
420 733 73 21 kunde
508 733 7 21 i
533 733 120 27 möjligaste
668 733 67 22 mätto
751 733 109 21 underlät-

102 769 34 20 tas
152 767 23 22 sä
190 769 32 20 att
237 774 26 15 en
279 769 68 20 större
364 767 106 27 gvantitet
485 768 66 26 virke,
563 769 27 19 än
601 767 34 22 för
642 768 139 25 närvarande,
789 767 71 21 kunde

102 802 165 21 frambefordras
275 803 56 20 samt
338 802 88 21 stocken
442 802 55 26 icke,
508 802 70 21 såsom
586 809 28 14 nu
630 802 45 21 ofta
681 802 103 25 inträffar,
792 801 69 22 blefve

103 836 33 21 till
149 843 26 14 en
191 836 33 21 del
243 836 97 27 fördröjd
355 836 39 21 och
410 836 124 27 derigenom
549 837 105 26 hinderlig
668 837 67 21 under
743 836 118 21 fisketiden.

104 871 49 20 Men
176 870 183 27 nödvändigheten
382 872 32 19 att
437 871 70 21 under
528 871 123 21 nuvarande
674 871 133 21 förhållande
827 870 35 21 vid

104 904 135 22 Taivalkoski
261 904 72 21 afbida
356 905 98 26 lämpligt
477 905 137 21 vattenstånd
633 905 39 21 och
688 905 64 22 väder
766 905 34 21 för
815 904 48 22 flot-

105 941 73 19 tornas
193 939 153 26 nedsläppning
360 939 60 21 utför
442 939 80 26 forsen,
537 941 38 25 gör
591 941 32 19 att
638 945 26 16 en
683 939 94 27 ansenlig
793 939 34 21 del
842 938 23 22 af

105 973 23 21 af
141 973 41 21 den
204 973 125 21 inskränkta
351 972 171 27 flottningstiden
545 979 34 15 om
594 973 66 21 våren
682 973 67 22 måste
765 973 97 26 förloras,

105 1007 40 22 och
161 1007 27 21 då
203 1007 76 26 dertill,
297 1007 72 21 såsom
384 1007 38 21 det
437 1009 25 19 är
478 1007 116 27 uppgifvet,
610 1007 53 22 hvar
670 1007 72 22 tionde
751 1007 60 22 stock
821 1007 43 21 kan

105 1043 89 25 antagas
209 1041 27 27 gå
251 1041 33 21 till
300 1041 67 27 spillo,
384 1041 25 22 så
424 1042 58 21 inses
498 1042 41 21 lätt
552 1042 56 21 huru
623 1042 88 27 menligt
726 1043 59 20 detta
795 1041 69 22 måste

107 1075 89 22 inverka
211 1075 28 27 på
253 1075 220 28 skogshandteringen
488 1076 58 21 inom
562 1077 62 20 Kemi
640 1076 91 21 distrikt.
753 1076 112 22 Utskottet

107 1109 40 22 har
162 1110 89 21 kommit
266 1110 33 21 till
315 1110 41 21 den
372 1110 151 27 öfvertygelse,
539 1112 32 19 att
586 1111 154 26 anläggningen
755 1111 23 21 af
791 1117 26 15 en
832 1110 33 21 så-

107 1144 41 21 dan
163 1144 33 21 för
212 1144 170 27 virkesflottning
397 1144 76 21 afsedd
484 1146 142 20 vattenränna
635 1145 74 22 utmed
719 1145 146 21 Taivalkoskis

106 1180 72 19 vestra
201 1178 81 26 strand,
306 1178 86 21 hvartill
414 1178 84 27 förslag
520 1179 69 21 blifvit
603 1179 8 21 i
626 1179 62 22 ofvan
708 1179 74 22 anförd
797 1179 68 22 måtto

106 1212 122 27 uppgjordt,
246 1212 68 21 skulle
329 1213 130 26 derigenom,
469 1214 34 20 att
519 1213 40 22 den
573 1213 147 27 möjliggjorde
730 1213 136 28 flottningens

107 1246 116 21 oafbrutna
238 1247 39 21 och
293 1247 96 20 oskadda
396 1247 103 27 fortgång
509 1253 76 21 genom
595 1248 77 26 forsen,
683 1248 93 27 afhjelpa
787 1249 80 20 största

107 1280 62 22 delen
185 1281 22 21 af
221 1280 26 22 de
263 1281 142 27 olägenheter,
426 1287 46 15 som
487 1281 35 22 för
536 1282 132 22 närvarande
684 1283 47 21 med
742 1282 46 22 skäl
799 1282 68 22 öfver-

107 1314 81 28 klagas,
212 1315 40 21 och
267 1314 27 22 då
316 1315 84 21 kronan
416 1317 25 19 är
456 1316 34 20 till
508 1316 23 21 så
550 1316 153 27 öfvervägande
719 1317 34 21 del
768 1317 100 21 intresse-

109 1349 40 21 rad
165 1349 22 21 af
196 1350 31 20 att
244 1349 105 27 skogarne
364 1350 7 20 i
386 1350 64 21 dessa
466 1350 85 22 trakter
565 1350 68 22 blefve
648 1357 59 15 mera
717 1351 151 21 inkomstbrin-

108 1384 75 26 gande,
199 1383 80 22 tillåter
295 1384 31 26 sig
343 1384 107 21 utskottet
465 1385 112 21 vördsamt
591 1385 79 21 föreslå

182 1456 192 19 Ekonomiutskottets
386 1457 120 18 betänkande
519 1460 34 17 N:o
567 1459 17 17 8.
