1061 1717
309 91 238 23 Petitionsbetänkande
563 92 39 22 N:o
621 91 18 23 1.
795 93 28 21 89

101 156 33 22 för
149 157 41 21 den
201 158 144 27 smalspåriga
356 158 72 22 banan
439 158 57 22 ifrån
506 158 142 28 kalkylerade
660 158 120 27 4,293,106
792 157 61 22 mark

101 192 29 22 60
145 193 65 27 penni
226 194 59 26 höjts
301 194 33 21 till
350 194 118 26 5,035,000
482 194 68 21 mark.

176 230 42 21 Vid
241 230 163 27 granskningen
428 230 24 22 af
473 230 298 27 rentabilitetsberäkningen
789 228 64 22 hafva

102 265 47 21 åter
165 264 95 28 följande
275 265 177 22 modifikationer
468 267 85 20 ansetts
569 265 87 27 nödiga.

176 301 25 21 A.
232 300 49 22 Den
299 301 159 27 genomgående
475 300 172 28 pass.-trafiken.
678 296 47 26 Åbo
741 302 61 20 stads
817 306 36 22 ge-

74 332 3 2 *
102 337 135 27 nomgäende
260 336 134 28 pass.-trafik
418 338 101 26 utgjorde
538 338 25 20 år
583 337 57 22 1883
656 337 81 27 14,563
753 342 101 22 passage-

103 378 56 22 rare,
178 372 59 22 såväl
259 373 158 21 ankommande
434 379 46 15 som
497 372 112 28 afgående,
626 373 54 21 eller
695 373 42 27 0,64
753 378 102 22 passage-

102 414 49 15 rare
174 414 39 21 per
228 408 109 22 invånare.
366 408 11 22 I
393 409 225 21 öfverensstämmelse
632 409 90 21 härmed
738 408 40 22 har
793 408 61 28 Björ-

102 443 93 28 neborgs
218 443 65 23 trafik
307 445 19 27 ej
350 447 84 20 ansetts
458 445 73 22 kunna
553 445 131 27 uppskattas
700 445 35 22 till
752 451 59 15 mera
827 447 27 19 än

102 479 65 27 5,500
182 487 147 21 passagerare,
346 481 6 21 i
369 481 75 22 stället
460 481 33 22 för
508 481 125 22 beräknade
650 481 88 27 15,000.

177 516 24 21 B.
232 515 49 23 Den
302 517 159 28 genomgående
482 516 154 28 godstrafiken.
668 511 46 27 Åbo
739 517 60 21 stads
816 522 38 23 ge-

103 553 135 26 nomgående
261 552 121 28 godstrafik
404 553 40 21 har
460 553 69 22 under
545 554 24 20 år
586 553 57 22 1883
659 553 95 27 utgjorts
770 552 25 22 af
809 551 44 29 1:0)

107 587 110 22 Trävaror
239 589 97 27 360,000
359 591 39 26 ctr,
420 589 153 27 förnämligast
589 589 47 21 från
656 588 156 27 Tammerfors;
828 588 28 21 då

105 625 71 20 denna
192 624 65 22 trafik
273 625 107 27 klarligen
397 625 19 27 ej
433 625 87 21 komme
535 627 34 19 att
585 625 53 21 ökas
654 631 79 21 genom
749 625 105 26 uppkom-

105 662 48 19 sten
169 660 24 21 af
206 660 227 28 Björneborgsbanan,
450 663 58 19 samt
524 661 86 27 mycket
626 661 89 21 osäkert
731 667 63 20 synes
805 666 52 15 vara

105 703 35 14 om
165 703 37 15 ens
226 697 71 26 någon
320 697 33 21 del
370 697 68 26 deraf,
455 697 92 21 likasom
564 697 24 21 af
601 697 81 20 Wiiala
698 697 93 26 ångsågs
807 701 49 22 pro-

106 732 98 27 duktion,
228 733 87 21 komme
339 734 33 20 att
394 732 48 21 från
464 727 46 27 Åbo
527 732 123 27 öfverflytta
666 732 35 21 till
715 731 141 28 Björneborg,

105 768 40 21 har
164 768 109 21 utshottet
289 769 18 26 ej
325 770 73 19 ansett
414 768 33 27 sig
462 768 75 21 kunna
552 768 69 21 räkna
638 768 42 21 den
696 767 161 28 genomgående

106 804 185 21 trävarurörelsen
307 804 34 21 till
357 804 67 27 högre
440 806 27 19 än
485 803 84 27 70,000
585 805 35 20 ctr.
645 802 45 30 2:0)
706 803 48 22 Den
770 808 88 22 genom-

105 840 83 27 gående
204 839 93 22 trafiken
312 841 29 26 på
355 839 147 22 Tammerfors
516 840 41 21 och
567 840 136 21 Tavastehus
714 840 40 21 har
765 839 92 27 uppgått

107 875 34 21 till
159 875 95 27 174,000
270 877 41 25 ctr;
329 876 27 21 då
371 876 77 21 härom
464 875 70 28 gäller
550 881 84 16 samma
649 875 151 27 anmärkning,
812 880 46 15 som

107 917 51 21 nyss
182 911 68 27 gjorts
275 918 34 15 om
330 913 134 26 trävarorna,
486 912 40 21 har
547 911 24 22 af
585 912 71 21 denna
672 911 57 27 slags
745 910 65 22 trafik
825 909 34 22 för

107 947 217 27 Björneborgsbanan
341 947 18 27 ej
372 949 84 20 ansetts
466 947 54 22 böra
530 947 107 22 beräknas
649 953 60 16 mera
719 949 28 19 än
757 947 65 26 högst
834 946 23 27 '/;

107 982 24 22 af
146 983 37 21 det
199 983 96 27 anförda,
312 982 54 23 eller
382 982 86 28 60,000
483 984 37 20 ctr.
551 982 44 29 3:0)
611 977 47 27 Åbo
675 983 61 21 stads
751 981 65 22 trafik
831 982 28 26 pä

108 1018 70 27 öfriga
193 1018 68 22 banor
277 1019 40 21 har
333 1021 93 25 uppgått
442 1019 34 22 till
493 1020 82 27 70,000
591 1021 41 25 ctr;
650 1020 33 21 ett
699 1019 45 21 lika
755 1020 58 20 stort
822 1018 37 21 be-

108 1055 51 26 lopp
175 1055 40 20 har
230 1056 67 20 trotts
312 1055 52 21 böra
380 1055 109 27 påräknas
506 1055 34 22 för
555 1054 226 28 Björneborgsbanan,
797 1054 64 21 hvars

109 1091 162 26 genomgående
287 1090 120 27 godstrafik
423 1091 65 21 alltså
502 1090 142 27 uppskattats
656 1090 35 21 till
702 1089 160 27 sammanlagdt

109 1125 103 27 200,000
227 1127 38 25 ctr,
282 1126 7 21 i
305 1127 73 21 stället
393 1127 34 21 för
442 1127 125 22 beräknade
583 1127 97 27 329,000
696 1128 39 19 ctr.

185 1161 22 22 C.
239 1161 50 22 Den
312 1161 70 22 lokala
400 1162 147 27 passrörelsen
566 1163 40 21 har
626 1162 24 21 af
664 1161 103 28 Ingeniör
781 1161 81 24 Hjldén

109 1197 119 22 beräknats
247 1199 49 20 med
316 1198 89 27 ledning
426 1198 23 21 af
464 1199 26 21 de
507 1205 17 14 s.
540 1199 21 20 k.
576 1197 286 28 jernvägskommissionens

110 1232 157 23 koefficienter.
298 1233 35 22 Då
356 1235 64 20 dessa
442 1234 141 27 naturligtvis
602 1234 56 21 dock
674 1234 19 26 ej
709 1233 75 21 kunna
799 1238 64 15 anses

110 1275 53 16 vara
177 1269 50 22 fullt
243 1270 84 27 exakta,
344 1270 40 22 har
400 1277 26 15 en
440 1270 126 27 jemförelse
582 1269 24 23 af
620 1269 117 23 resultatet
752 1269 50 21 med
820 1270 44 19 tra-

111 1304 58 23 fiken
186 1306 13 21 å
214 1300 47 27 Åbo
277 1306 71 21 banan
364 1306 57 21 varit
436 1306 111 27 påkallad.
579 1300 18 27 Å
612 1300 47 27 Åbo
676 1305 71 21 banan
764 1304 100 28 utgjorde

112 1341 59 21 1878
195 1341 40 21 den
259 1341 72 21 lokala
354 1341 241 27 passagerarerörelsen
620 1341 60 21 cirka
700 1340 81 28 14,000
796 1346 69 21 pass.-

111 1378 60 20 verst
187 1382 38 21 per
240 1376 109 22 banverst.
374 1376 90 22 Räknas
480 1376 34 22 för
529 1376 227 27 Björneborgsbanan,
773 1375 50 22 med
833 1374 32 22 af-

112 1412 80 22 seende
208 1413 13 20 å
236 1412 51 22 dess
302 1414 71 19 tätare
389 1412 40 21 och
444 1414 102 20 närmare
562 1412 34 21 till
610 1412 73 21 banan
694 1410 172 22 koncentrerade

111 1447 128 27 befolkning
263 1448 68 21 omkr.
355 1448 29 22 50
401 1448 27 27 %
445 1448 75 27 högre,
537 1449 24 20 så
577 1448 93 21 erhålles
686 1447 34 21 för
736 1448 41 20 den
793 1446 73 22 lokala

182 1490 194 25 Jernvägsutskottets
392 1490 118 20 betänkande
525 1488 42 22 N:o
583 1491 17 18 3.
