1061 1717
293 104 248 22 Petitionsbetänkande
557 104 37 23 N:o
610 104 34 22 22.
766 88 56 38 5

163 170 164 28 Behandlingen
342 170 25 21 af
379 170 142 28 regeringens
538 170 158 28 propositioner
715 170 70 22 skulle
800 171 54 21 utan

95 204 77 23 tvifvel
199 204 66 22 vinna
295 204 66 28 derpä
392 206 32 20 att
455 205 27 21 de
511 205 235 27 styrelsemedlemmar,
777 210 78 22 genom

96 239 84 22 hvilkas
195 238 85 28 försorg
295 239 109 21 desamma
418 240 133 26 utarbetats,
567 240 81 21 erhölle
658 239 86 22 tillfälle
755 240 34 20 att
799 238 7 22 i
817 238 38 22 fall

96 274 25 22 af
138 273 66 23 behof
220 274 57 21 inom
297 274 26 22 de
343 274 108 22 särskilda
470 274 94 22 ständen
579 274 62 28 gifva
656 276 99 20 närmare
770 274 85 27 upplys-

97 308 83 28 ningar,
196 308 87 28 päpeka
297 308 120 28 förslagens
428 308 96 22 fördelar
535 309 38 21 och
584 309 86 21 bemöta
680 308 77 28 gjorda
767 308 88 22 invänd-

97 342 83 28 ningar.
210 342 64 22 Efter
295 343 197 27 propositionernas
512 343 144 22 utarbetande
672 343 73 21 kunna
760 343 39 21 ock
815 349 41 15 om-

97 376 150 29 ständigheter
266 377 67 22 hafva
347 377 103 28 inträffat,
467 377 75 22 hvilka
557 377 49 22 frän
621 377 173 22 vederbörandes
809 376 48 22 sida

98 412 89 34 päkalla
196 412 129 28 ytterligare
335 409 156 25 meddelanden
501 412 34 22 till
545 412 90 28 frågans
646 412 120 28 belysning.
785 406 72 27 Äfven

98 447 49 22 med
161 442 84 32 hänsyn
260 447 33 21 till
303 447 122 28 framlagda
435 447 187 27 petitionsförslag
632 447 72 22 kunde
714 447 52 22 det
762 438 14 41 i
777 447 80 27 många

99 481 39 22 fall
153 487 54 16 vara
221 481 97 28 önskligt
333 481 33 22 för
382 481 26 22 de
420 481 100 22 enskilda
529 481 93 22 stånden
632 483 35 20 att
676 481 72 22 erfara
758 481 100 28 styrelse-

99 516 175 22 medlemmarnes
290 516 64 28 åsigt.
377 517 33 26 Ty
426 517 68 21 ehuru
504 516 75 28 dylika
589 516 127 22 uttalanden
727 516 48 22 icke
784 517 74 21 kunna

100 551 140 22 tillerkännas
261 557 27 15 en
303 551 34 21 för
351 551 131 28 regeringen
497 551 108 22 bindande
620 551 111 27 karakter,
747 551 69 21 skulle
831 551 27 21 de

101 585 56 22 dock
175 585 112 28 sjelffallet
303 586 74 21 kunna
391 585 77 23 utöfva
484 587 33 20 ett
531 586 48 21 icke
594 585 132 28 oväsentligt
740 585 119 28 inflytande

101 621 29 26 på
149 620 155 27 petitionernas
319 620 139 28 behandling.
489 621 34 21 De
537 620 89 22 sakrika
641 620 134 27 uttalanden,
791 626 45 15 som
851 620 8 21 i

101 654 172 28 Ridderskapets
289 655 38 22 och
342 655 81 22 Adelns
438 655 66 28 plena
514 655 103 22 särskildt
627 655 69 22 under
705 662 29 15 nu
745 654 114 29 pågående

101 689 146 22 ständermöte
266 689 99 28 afgifvits
384 689 24 22 af
422 690 112 27 åtskillige
549 690 66 21 bland
629 690 117 27 styrelsens
761 689 99 22 medlem-

103 730 52 21 mar,
171 726 78 25 utgöra
263 724 8 21 i
285 725 119 21 utskottets
414 725 67 21 tanke
492 725 41 21 ock
542 725 60 22 bevis
612 724 35 22 för
657 726 34 20 att
702 724 159 22 ofvannämnda

103 758 95 22 fördelar
217 758 114 28 verkligen
345 759 70 22 skulle
430 760 66 21 ernås
512 766 76 21 genom
603 759 251 28 regeringsmedlemmar

102 799 39 16 nes
155 793 97 22 tillträde
267 793 34 22 till
315 794 103 21 ståndens
434 794 72 27 plena.

171 827 35 22 En
221 827 93 22 särskild
328 828 49 27 vigt
390 829 70 21 finner
475 829 108 22 utskottet
598 828 64 23 äfven
678 829 53 21 böra
745 828 69 21 fästas
824 827 38 22 vid

104 869 26 16 en
153 863 164 27 omständighet,
340 869 45 15 som
405 863 49 22 icke
469 863 68 22 finnes
554 863 7 22 i
576 863 235 27 petitionsmemorialet
827 863 35 21 be-

103 897 57 28 rörd,
171 903 48 16 men
229 904 44 15 som
283 897 121 22 sedermera
414 898 70 21 under
494 897 180 22 remissdebatten
681 897 8 22 i
696 897 166 22 Prestaståndet

88 934 2 2 *
104 931 73 23 blifvit
199 931 24 22 af
243 931 145 28 petitionären
410 932 137 22 framhällen.
577 933 46 26 Om,
646 933 70 21 såsom
732 932 48 22 skäl
795 932 68 21 finnes

105 968 34 20 att
163 968 88 26 antaga,
277 967 120 22 Ständerna
420 967 67 22 innan
510 968 64 21 nästa
596 967 106 27 landtdag
723 967 140 21 tillerkännes

105 1001 142 27 motionsrätt,
263 1002 26 21 så
303 1002 85 21 komma
402 1001 142 28 regeringens
560 1001 136 28 åtgöranden
708 1001 8 22 i
726 1001 81 28 frågor,
819 1007 44 16 som

106 1037 13 20 å
135 1036 70 21 denna
219 1038 44 26 väg
278 1037 86 26 väckas,
380 1038 34 20 att
428 1036 121 22 inskränka
564 1036 34 28 sig
613 1036 35 21 till
658 1036 42 22 den
707 1035 157 29 jemförelsevis

105 1071 89 27 passiva
207 1071 46 27 roll,
269 1077 44 16 som
328 1071 114 22 innebäres
457 1071 8 22 i
480 1071 182 22 sanktionerande
678 1071 52 22 eller
744 1070 121 22 icke-sank-

106 1105 125 22 tionerande
247 1105 24 22 af
284 1105 132 22 Ständernas
430 1106 79 21 beslut.
539 1107 12 20 I
565 1106 79 21 sådant
658 1105 39 22 fall
712 1106 44 21 kan
771 1105 38 22 det
823 1105 42 22 lätt

106 1140 93 27 inträffa,
211 1142 33 20 att
254 1140 193 28 maktpåliggande
457 1141 78 21 sakers
545 1140 85 28 lösning
640 1141 83 21 komme
733 1142 34 20 att
775 1140 90 21 stranda

106 1177 45 20 mot
173 1181 26 16 en
221 1175 58 22 olika
300 1175 87 28 mening
409 1176 39 21 hos
470 1176 107 27 styrelsen
600 1182 32 15 om
648 1175 97 28 detaljer,
762 1175 13 22 å
791 1175 75 22 hvilka

107 1209 122 22 Ständerna
246 1210 8 21 i
272 1210 79 28 sjelfva
372 1211 78 21 verket
464 1210 50 22 icke
529 1210 59 22 velat
602 1210 68 27 lägga
684 1211 73 26 någon
771 1209 95 22 särskild

107 1244 54 27 vigt,
178 1245 38 21 och
231 1244 34 22 för
279 1246 34 20 att
326 1245 132 22 förekomma
474 1245 63 22 detta
551 1251 51 15 vore
613 1245 37 21 det
659 1245 36 21 väl
704 1244 118 22 önskvärdt
833 1246 34 19 att

108 1279 127 22 monarkens
250 1279 126 27 rådgifvare
392 1279 37 23 vid
440 1279 216 28 motionsförslagens
667 1279 131 28 behandling
809 1278 57 22 inom

108 1314 198 28 representationen
321 1314 71 22 uttala
406 1314 48 22 sina
470 1315 85 27 åsigter
569 1314 7 22 i
591 1314 85 28 frågan.

177 1349 44 22 Det
240 1350 39 20 har
297 1351 44 20 mot
354 1349 159 27 petitionärens
527 1349 83 28 förslag
624 1349 73 22 blifvit
711 1349 106 27 anmärkt,
833 1350 35 20 att

110 1384 41 22 den
165 1384 9 21 i
188 1384 40 22 vår
238 1384 171 27 representation
419 1384 101 22 rådande
530 1384 251 28 fyrståndsindelningen
791 1384 77 27 lägger

109 1418 77 22 hinder
200 1418 7 22 i
222 1420 72 26 vägen
308 1418 34 22 för
357 1418 49 22 dess
420 1419 136 27 realisering.
587 1419 59 22 Utan
661 1420 34 20 att
709 1418 53 28 vilja
777 1418 92 22 förneka

178 1458 139 24 Lagutskottets
329 1458 116 18 betänkande
457 1460 37 16 N:o
507 1460 17 17 9.
