1061 1717
228 110 373 25 Petitionsbetänkande
616 111 56 24 N:o
688 110 49 24 43.

325 393 136 22 Allmänna
494 392 250 23 Besvärsutskottets
778 392 83 22 betän-

288 429 82 22 kande
394 430 40 22 N:o
456 429 27 22 26
504 429 47 22 med
571 429 117 28 anledning
707 428 26 23 af
754 428 31 22 ett
807 428 55 22 inom

289 465 155 22 Bondeståndet
464 465 66 22 väckt
550 465 185 29 petitionsförslag
751 471 32 16 om
798 463 64 23 inrät-

289 501 65 22 tande
369 501 26 22 af
407 507 26 16 en
446 501 179 29 jordbruksskola
640 501 27 29 på
682 493 77 30 Åland.

184 568 82 22 Genom
290 569 200 27 protokollsutdrag
511 569 23 22 af
551 569 41 21 den
608 569 13 21 9
637 568 105 22 Februari
766 568 39 21 har
826 567 37 22 he-

115 604 103 22 dervärda
238 605 163 21 Bondeständet
421 605 35 21 till
476 605 110 21 allmänna
601 605 210 21 besvärsutskottets
827 603 36 22 be-

115 640 103 27 handling
233 641 123 21 remitterat
370 641 96 26 följande
482 640 227 28 petitionsmemoria!:

277 713 44 16 Till
334 713 36 17 det
383 713 137 16 hedervärda
531 712 171 17 Bondeständet!

186 760 26 16 En
225 760 80 17 landsort
318 761 39 16 med
371 761 41 21 föga
421 761 44 16 eller
474 761 52 21 ringa
533 761 83 21 kunskap
626 765 28 12 om
660 759 72 22 jordens
742 759 121 17 ändamälsen-

115 789 38 22 liga
171 790 63 21 odling
252 791 33 16 och
304 790 117 22 bearbetning
439 791 33 16 har
490 791 40 16 icke
550 791 56 16 heller
625 792 27 15 att
668 791 55 16 vänta
735 790 60 21 nägon
807 789 57 21 riklig

115 819 55 17 skörd
182 820 29 17 till
227 820 30 17 lön
276 820 27 17 för
321 821 28 16 sin
367 821 58 20 möda,
439 821 73 17 emedan
526 821 33 16 den
572 821 92 21 okunnige
676 820 37 17 ofta
725 825 36 16 nog
774 819 91 23 uppofirar

116 851 25 16 ett
153 850 54 22 drygt
219 850 59 17 arbete
291 851 32 16 der
334 851 45 16 hans
391 851 53 16 möda
457 851 60 22 aldrig
529 852 78 16 ersättes.

186 881 33 16 Det
237 881 111 22 ofvansagda
366 882 37 16 kan
422 881 30 17 till
469 882 37 17 alla
519 881 50 17 delar
582 881 91 22 tillämpas
686 881 23 22 pä
721 876 68 21 Älands
801 879 63 18 härad.

115 910 91 22 Seglation
225 911 32 16 och
276 911 45 17 fiske
333 911 24 17 ha
369 911 39 17 frän
428 911 51 17 äldre
492 911 27 17 tid
532 911 47 17 varit
591 906 122 26 Älänningens
727 909 138 22 hufvudnäring

115 940 32 17 och
158 940 63 21 jorden
236 941 33 16 har
287 941 68 17 derföre
374 941 34 17 fätt
427 941 27 16 stä
467 941 79 16 tillbaka
559 941 32 16 och
603 940 95 17 bedrifvits
711 940 45 17 efter
768 941 25 16 ett
806 939 59 17 uräld-

115 971 37 20 rigt
164 970 20 17 af
194 970 27 17 far
233 971 33 16 och
279 970 55 17 farfar
346 971 36 16 ärft
394 972 40 19 sätt,
448 971 38 16 dels
500 971 19 16 af
530 971 66 21 böjelse
609 970 29 17 för
651 970 29 17 det
688 970 61 22 gamla
757 970 33 17 och
800 969 38 17 dels
847 969 20 16 af

115 999 90 18 bristande
218 1000 100 17 kännedom
331 1005 27 12 om
371 1002 25 15 ett
409 1006 55 16 nyare
474 1001 184 21 jordbrukningssätt.

187 1030 130 17 Förhällanden
338 1031 24 16 ha
374 1031 47 16 dock
434 1031 6 16 i
453 1031 32 16 vär
498 1031 27 16 tid
537 1030 101 17 förändrats
652 1031 22 21 pä
687 1025 65 23 Äland.
776 1029 89 17 Fiskeriet

116 1059 32 17 har
161 1059 38 18 frän
217 1060 134 22 hufvudnäring
369 1060 101 17 förändrats
483 1061 31 16 till
526 1066 21 11 en
559 1061 72 21 mycket
644 1059 125 18 underordnad
781 1059 84 21 binäring

116 1090 29 16 till
159 1089 44 22 följd
216 1090 20 17 af
246 1091 82 16 minskad
342 1091 78 22 tillgäng
438 1091 24 22 pä
474 1090 40 21 fisk,
533 1091 33 16 och
581 1090 89 21 seglation
687 1090 33 17 har
736 1090 57 17 under
805 1093 62 13 senare

115 1119 35 17 tids
163 1119 105 18 förändrade
281 1120 136 22 konjunkturer,
430 1121 33 16 och
476 1121 29 16 till
516 1120 44 21 följä
569 1120 19 17 af
595 1120 34 17 den
638 1120 101 17 revolution
747 1119 119 22 ängfartygen

116 1149 47 22 gjort
175 1150 26 16 uti
213 1150 116 21 seglationen,
343 1150 75 22 nedgätt
434 1151 24 21 pä
470 1152 26 15 ett
509 1151 41 20 sätt,
563 1152 26 15 att
602 1150 34 17 den
649 1155 71 12 numera
731 1150 41 16 icke
785 1151 20 14 är
817 1148 48 17 hvad

116 1179 34 17 den
163 1179 47 18 förut
222 1181 47 16 varit
281 1180 28 17 för
320 1175 64 22 Äland.

186 1205 68 22 Ålands
267 1210 107 21 befolkning
385 1210 67 17 blifver
464 1210 77 17 sålunda
553 1210 75 17 anvisad
641 1212 27 15 att
680 1210 34 17 allt
726 1215 48 12 mera
783 1209 44 17 söka
835 1209 31 16 sitt

115 1239 45 17 bröd
172 1239 39 17 frän
224 1239 33 18 den
271 1241 107 16 inskränkta
390 1240 60 17 torfva
462 1245 38 12 som
512 1240 61 17 blifvit
586 1240 100 17 densamma
698 1239 84 18 tilldelad
795 1239 23 22 pä
827 1239 40 16 sina

115 1269 75 17 enstaka
209 1269 72 23 klippor
300 1270 32 17 och
346 1270 43 17 skär
402 1271 6 16 i
421 1270 68 21 hafvet;
504 1275 39 12 men
557 1270 22 17 då
591 1265 68 22 Ålands
670 1269 41 23 jord
724 1271 19 15 är
757 1269 30 17 till
799 1269 66 16 omfän-

115 1301 30 19 get
157 1304 48 12 mera
217 1300 96 17 inskränkt
325 1301 24 16 än
359 1300 64 22 jorden
436 1301 23 21 pä
478 1300 47 17 fasta
537 1300 67 21 landet,
617 1300 67 17 blifver
697 1300 30 17 det
739 1300 28 17 för
778 1295 86 21 Älännin-

115 1334 34 16 gen
162 1334 21 12 en
196 1330 135 21 nödvändighet
349 1332 27 14 att
392 1330 44 17 söka
449 1330 83 22 aftvinga
545 1330 58 17 denna
614 1330 41 22 jord
668 1330 34 16 den
715 1330 64 21 högsta
792 1329 75 21 möjliga

115 1358 104 22 afkastning
234 1364 27 12 om
274 1359 30 17 det
316 1360 49 16 skall
384 1360 58 16 blifva
461 1360 64 16 honom
540 1360 70 21 möjligt
623 1361 27 15 att
663 1360 56 16 vistas
731 1360 24 22 pä
768 1360 40 16 sina
820 1359 48 21 klip-

117 1393 39 17 por;
169 1394 39 11 men
227 1389 55 21 insigt
301 1389 32 17 och
346 1390 105 21 kunskaper
463 1390 26 16 uti
502 1391 55 15 sättet
569 1391 26 15 att
608 1390 65 21 bringa
682 1389 64 22 jorden
760 1389 30 17 till
803 1389 64 21 högsta

117 1418 73 22 möjliga
202 1418 106 22 afkastning
327 1419 67 17 saknar
412 1414 126 27 Äländningen
558 1424 35 12 mer
610 1421 24 15 än
646 1420 59 20 nägon
717 1424 64 16 annan,
795 1418 24 17 dä
831 1418 36 16 han

116 1447 32 17 bor
159 1447 77 17 isolerad
255 1448 39 16 frän
313 1448 47 17 fasta
379 1448 62 17 landet
461 1448 39 18 med
519 1448 39 18 dess
576 1448 181 18 landtbruksinstitut
776 1448 33 17 och
820 1447 47 22 jord-

115 1476 123 18 bruksskolor.

189 1513 105 19 Allmänna
310 1514 184 20 Besvärsutskottets
511 1514 116 20 betänkande
642 1515 38 19 N:o
696 1516 35 19 26.
