<?xml version="1.0" encoding="UTF-8"?>
<alto xmlns="http://www.loc.gov/standards/alto/ns-v3#" xmlns:xlink="http://www.w3.org/1999/xlink" xmlns:xsi="http://www.w3.org/2001/XMLSchema-instance" xsi:schemaLocation="http://www.loc.gov/standards/alto/ns-v3# http://www.loc.gov/alto/v3/alto-3-0.xsd">
	<Description>
		<MeasurementUnit>pixel</MeasurementUnit>
		<sourceImageInformation>
			<fileName>/tmp/tess__yptd_q0_input.PNG</fileName>
		</sourceImageInformation>
		<OCRProcessing ID="OCR_0">
			<ocrProcessingStep>
				<processingSoftware>
					<softwareName>tesseract 5.3.4</softwareName>
				</processingSoftware>
			</ocrProcessingStep>
		</OCRProcessing>
	</Description>
	<Layout>
		<Page WIDTH="1061" HEIGHT="1717" PHYSICAL_IMG_NR="0" ID="page_0">
			<PrintSpace HPOS="0" VPOS="0" WIDTH="1061" HEIGHT="1717">
				<GraphicalElement ID="cblock_0" HPOS="0" VPOS="562" WIDTH="2" HEIGHT="937"></GraphicalElement >
				<ComposedBlock ID="cblock_1" HPOS="221" VPOS="86" WIDTH="506" HEIGHT="28">
					<TextBlock ID="block_0" HPOS="221" VPOS="86" WIDTH="506" HEIGHT="28">
						<TextLine ID="line_0" HPOS="221" VPOS="86" WIDTH="506" HEIGHT="28">
							<String ID="string_0" HPOS="221" VPOS="86" WIDTH="14" HEIGHT="28" WC="0.96" CONTENT="8"/><SP WIDTH="165" VPOS="86" HPOS="235"/>
							<String ID="string_1" HPOS="400" VPOS="88" WIDTH="240" HEIGHT="26" WC="0.89" CONTENT="Petitionsbetänkande"/><SP WIDTH="16" VPOS="88" HPOS="640"/>
							<String ID="string_2" HPOS="656" VPOS="90" WIDTH="71" HEIGHT="24" WC="0.96" CONTENT="N:o"/><SP WIDTH="-23" VPOS="90" HPOS="727"/>
							<String ID="string_3" HPOS="704" VPOS="82" WIDTH="25" HEIGHT="42" WC="0.91" CONTENT="7."/>
						</TextLine>
					</TextBlock>
				</ComposedBlock>
				<ComposedBlock ID="cblock_2" HPOS="191" VPOS="157" WIDTH="753" HEIGHT="135">
					<TextBlock ID="block_1" HPOS="191" VPOS="157" WIDTH="753" HEIGHT="135">
						<TextLine ID="line_1" HPOS="191" VPOS="157" WIDTH="748" HEIGHT="29">
							<String ID="string_4" HPOS="191" VPOS="163" WIDTH="39" HEIGHT="21" WC="0.96" CONTENT="gar"/><SP WIDTH="16" VPOS="163" HPOS="230"/>
							<String ID="string_5" HPOS="246" VPOS="158" WIDTH="40" HEIGHT="21" WC="0.93" CONTENT="och"/><SP WIDTH="11" VPOS="158" HPOS="286"/>
							<String ID="string_6" HPOS="297" VPOS="158" WIDTH="193" HEIGHT="28" WC="0.92" CONTENT="kostnadsförslag."/><SP WIDTH="24" VPOS="158" HPOS="490"/>
							<String ID="string_7" HPOS="514" VPOS="158" WIDTH="49" HEIGHT="22" WC="0.93" CONTENT="Den"/><SP WIDTH="8" VPOS="158" HPOS="563"/>
							<String ID="string_8" HPOS="571" VPOS="158" WIDTH="111" HEIGHT="22" WC="0.92" CONTENT="blifvande"/><SP WIDTH="8" VPOS="158" HPOS="682"/>
							<String ID="string_9" HPOS="690" VPOS="157" WIDTH="110" HEIGHT="23" WC="0.93" CONTENT="anstalten"/><SP WIDTH="16" VPOS="157" HPOS="800"/>
							<String ID="string_10" HPOS="816" VPOS="158" WIDTH="59" HEIGHT="22" WC="0.92" CONTENT="invid"/><SP WIDTH="7" VPOS="158" HPOS="875"/>
							<String ID="string_11" HPOS="882" VPOS="158" WIDTH="57" HEIGHT="21" WC="0.92" CONTENT="Kex-"/>
						</TextLine>
						<TextLine ID="line_2" HPOS="191" VPOS="193" WIDTH="753" HEIGHT="33">
							<String ID="string_12" HPOS="191" VPOS="193" WIDTH="60" HEIGHT="21" WC="0.93" CONTENT="holm"/><SP WIDTH="15" VPOS="193" HPOS="251"/>
							<String ID="string_13" HPOS="266" VPOS="193" WIDTH="58" HEIGHT="23" WC="0.93" CONTENT="lärer"/><SP WIDTH="15" VPOS="193" HPOS="324"/>
							<String ID="string_14" HPOS="339" VPOS="200" WIDTH="51" HEIGHT="15" WC="0.93" CONTENT="vara"/><SP WIDTH="14" VPOS="200" HPOS="390"/>
							<String ID="string_15" HPOS="404" VPOS="194" WIDTH="112" HEIGHT="22" WC="0.92" CONTENT="beräknad"/><SP WIDTH="15" VPOS="194" HPOS="516"/>
							<String ID="string_16" HPOS="531" VPOS="196" WIDTH="34" HEIGHT="20" WC="0.93" CONTENT="att"/><SP WIDTH="16" VPOS="196" HPOS="565"/>
							<String ID="string_17" HPOS="581" VPOS="194" WIDTH="107" HEIGHT="28" WC="0.89" CONTENT="inrymma"/><SP WIDTH="16" VPOS="194" HPOS="688"/>
							<String ID="string_18" HPOS="704" VPOS="194" WIDTH="100" HEIGHT="27" WC="0.96" CONTENT="omkring"/><SP WIDTH="11" VPOS="194" HPOS="804"/>
							<String ID="string_19" HPOS="815" VPOS="193" WIDTH="44" HEIGHT="23" WC="0.93" CONTENT="120"/><SP WIDTH="11" VPOS="193" HPOS="859"/>
							<String ID="string_20" HPOS="870" VPOS="194" WIDTH="74" HEIGHT="32" WC="0.93" CONTENT="därar,"/>
						</TextLine>
						<TextLine ID="line_3" HPOS="191" VPOS="228" WIDTH="750" HEIGHT="30">
							<String ID="string_21" HPOS="191" VPOS="228" WIDTH="84" HEIGHT="23" WC="0.87" CONTENT="hälften"/><SP WIDTH="23" VPOS="228" HPOS="275"/>
							<String ID="string_22" HPOS="298" VPOS="229" WIDTH="96" HEIGHT="28" WC="0.96" CONTENT="manliga"/><SP WIDTH="22" VPOS="229" HPOS="394"/>
							<String ID="string_23" HPOS="416" VPOS="231" WIDTH="40" HEIGHT="21" WC="0.96" CONTENT="och"/><SP WIDTH="23" VPOS="231" HPOS="456"/>
							<String ID="string_24" HPOS="479" VPOS="230" WIDTH="84" HEIGHT="22" WC="0.93" CONTENT="hälften"/><SP WIDTH="23" VPOS="230" HPOS="563"/>
							<String ID="string_25" HPOS="586" VPOS="231" WIDTH="104" HEIGHT="27" WC="0.92" CONTENT="kvinliga,"/><SP WIDTH="19" VPOS="231" HPOS="690"/>
							<String ID="string_26" HPOS="709" VPOS="229" WIDTH="78" HEIGHT="23" WC="0.95" CONTENT="hvaraf"/><SP WIDTH="19" VPOS="229" HPOS="787"/>
							<String ID="string_27" HPOS="806" VPOS="230" WIDTH="33" HEIGHT="21" WC="0.96" CONTENT="uti"/><SP WIDTH="16" VPOS="230" HPOS="839"/>
							<String ID="string_28" HPOS="855" VPOS="229" WIDTH="86" HEIGHT="23" WC="0.96" CONTENT="enskild"/>
						</TextLine>
						<TextLine ID="line_4" HPOS="191" VPOS="264" WIDTH="491" HEIGHT="28">
							<String ID="string_29" HPOS="191" VPOS="264" WIDTH="100" HEIGHT="28" WC="0.91" CONTENT="byggnad"/><SP WIDTH="16" VPOS="264" HPOS="291"/>
							<String ID="string_30" HPOS="307" VPOS="266" WIDTH="68" HEIGHT="21" WC="0.91" CONTENT="omkr."/><SP WIDTH="17" VPOS="266" HPOS="375"/>
							<String ID="string_31" HPOS="392" VPOS="266" WIDTH="28" HEIGHT="22" WC="0.96" CONTENT="20"/><SP WIDTH="16" VPOS="266" HPOS="420"/>
							<String ID="string_32" HPOS="436" VPOS="273" WIDTH="16" HEIGHT="15" WC="0.96" CONTENT="s."/><SP WIDTH="17" VPOS="273" HPOS="452"/>
							<String ID="string_33" HPOS="469" VPOS="267" WIDTH="21" HEIGHT="21" WC="0.93" CONTENT="k."/><SP WIDTH="17" VPOS="267" HPOS="490"/>
							<String ID="string_34" HPOS="507" VPOS="267" WIDTH="175" HEIGHT="22" WC="0.92" CONTENT="kriminaldärar."/>
						</TextLine>
					</TextBlock>
				</ComposedBlock>
				<ComposedBlock ID="cblock_3" HPOS="190" VPOS="325" WIDTH="755" HEIGHT="1179">
					<TextBlock ID="block_2" HPOS="190" VPOS="325" WIDTH="754" HEIGHT="424">
						<TextLine ID="line_5" HPOS="263" VPOS="325" WIDTH="680" HEIGHT="29">
							<String ID="string_35" HPOS="263" VPOS="325" WIDTH="32" HEIGHT="22" WC="0.92" CONTENT="De"/><SP WIDTH="16" VPOS="325" HPOS="295"/>
							<String ID="string_36" HPOS="311" VPOS="327" WIDTH="78" HEIGHT="21" WC="0.92" CONTENT="tvenne"/><SP WIDTH="15" VPOS="327" HPOS="389"/>
							<String ID="string_37" HPOS="404" VPOS="326" WIDTH="220" HEIGHT="28" WC="0.89" CONTENT="petitionsmemorial"/><SP WIDTH="16" VPOS="326" HPOS="624"/>
							<String ID="string_38" HPOS="640" VPOS="334" WIDTH="47" HEIGHT="16" WC="0.96" CONTENT="som"/><SP WIDTH="16" VPOS="334" HPOS="687"/>
							<String ID="string_39" HPOS="703" VPOS="334" WIDTH="30" HEIGHT="15" WC="0.93" CONTENT="nu"/><SP WIDTH="15" VPOS="334" HPOS="733"/>
							<String ID="string_40" HPOS="748" VPOS="330" WIDTH="38" HEIGHT="19" WC="0.92" CONTENT="äro"/><SP WIDTH="16" VPOS="330" HPOS="786"/>
							<String ID="string_41" HPOS="802" VPOS="327" WIDTH="91" HEIGHT="22" WC="0.92" CONTENT="föremäl"/><SP WIDTH="16" VPOS="327" HPOS="893"/>
							<String ID="string_42" HPOS="909" VPOS="326" WIDTH="34" HEIGHT="22" WC="0.96" CONTENT="för"/>
						</TextLine>
						<TextLine ID="line_6" HPOS="191" VPOS="361" WIDTH="752" HEIGHT="29">
							<String ID="string_43" HPOS="191" VPOS="361" WIDTH="122" HEIGHT="22" WC="0.93" CONTENT="utskottets"/><SP WIDTH="20" VPOS="361" HPOS="313"/>
							<String ID="string_44" HPOS="333" VPOS="362" WIDTH="100" HEIGHT="28" WC="0.92" CONTENT="pröfning"/><SP WIDTH="23" VPOS="362" HPOS="433"/>
							<String ID="string_45" HPOS="456" VPOS="363" WIDTH="46" HEIGHT="22" WC="0.93" CONTENT="afse"/><SP WIDTH="21" VPOS="363" HPOS="502"/>
							<String ID="string_46" HPOS="523" VPOS="364" WIDTH="107" HEIGHT="22" WC="0.96" CONTENT="hvardera"/><SP WIDTH="22" VPOS="364" HPOS="630"/>
							<String ID="string_47" HPOS="652" VPOS="364" WIDTH="130" HEIGHT="26" WC="0.94" CONTENT="utvidgning"/><SP WIDTH="15" VPOS="364" HPOS="782"/>
							<String ID="string_48" HPOS="797" VPOS="363" WIDTH="24" HEIGHT="22" WC="0.96" CONTENT="af"/><SP WIDTH="14" VPOS="363" HPOS="821"/>
							<String ID="string_49" HPOS="835" VPOS="364" WIDTH="41" HEIGHT="21" WC="0.93" CONTENT="den"/><SP WIDTH="16" VPOS="364" HPOS="876"/>
							<String ID="string_50" HPOS="892" VPOS="369" WIDTH="51" HEIGHT="21" WC="0.96" CONTENT="nyss"/>
						</TextLine>
						<TextLine ID="line_7" HPOS="191" VPOS="397" WIDTH="751" HEIGHT="30">
							<String ID="string_51" HPOS="191" VPOS="397" WIDTH="34" HEIGHT="22" WC="0.93" CONTENT="till"/><SP WIDTH="15" VPOS="397" HPOS="225"/>
							<String ID="string_52" HPOS="240" VPOS="398" WIDTH="141" HEIGHT="27" WC="0.92" CONTENT="begagnande"/><SP WIDTH="16" VPOS="398" HPOS="381"/>
							<String ID="string_53" HPOS="397" VPOS="399" WIDTH="106" HEIGHT="28" WC="0.91" CONTENT="upplätna"/><SP WIDTH="14" VPOS="399" HPOS="503"/>
							<String ID="string_54" HPOS="517" VPOS="400" WIDTH="52" HEIGHT="21" WC="0.93" CONTENT="kur-"/><SP WIDTH="16" VPOS="400" HPOS="569"/>
							<String ID="string_55" HPOS="585" VPOS="400" WIDTH="40" HEIGHT="22" WC="0.93" CONTENT="och"/><SP WIDTH="10" VPOS="400" HPOS="625"/>
							<String ID="string_56" HPOS="635" VPOS="400" WIDTH="166" HEIGHT="22" WC="0.92" CONTENT="värdanstalten"/><SP WIDTH="12" VPOS="400" HPOS="801"/>
							<String ID="string_57" HPOS="813" VPOS="400" WIDTH="12" HEIGHT="21" WC="0.83" CONTENT="&amp;"/><SP WIDTH="8" VPOS="400" HPOS="825"/>
							<String ID="string_58" HPOS="833" VPOS="400" WIDTH="109" HEIGHT="26" WC="0.96" CONTENT="Fagernäs"/>
						</TextLine>
						<TextLine ID="line_8" HPOS="191" VPOS="434" WIDTH="752" HEIGHT="29">
							<String ID="string_59" HPOS="191" VPOS="434" WIDTH="24" HEIGHT="21" WC="0.96" CONTENT="sä"/><SP WIDTH="16" VPOS="434" HPOS="215"/>
							<String ID="string_60" HPOS="231" VPOS="435" WIDTH="34" HEIGHT="20" WC="0.93" CONTENT="att"/><SP WIDTH="11" VPOS="435" HPOS="265"/>
							<String ID="string_61" HPOS="276" VPOS="434" WIDTH="125" HEIGHT="23" WC="0.92" CONTENT="densamma"/><SP WIDTH="12" VPOS="434" HPOS="401"/>
							<String ID="string_62" HPOS="413" VPOS="435" WIDTH="75" HEIGHT="22" WC="0.91" CONTENT="kunde"/><SP WIDTH="15" VPOS="435" HPOS="488"/>
							<String ID="string_63" HPOS="503" VPOS="436" WIDTH="106" HEIGHT="27" WC="0.91" CONTENT="inrymma"/><SP WIDTH="15" VPOS="436" HPOS="609"/>
							<String ID="string_64" HPOS="624" VPOS="436" WIDTH="127" HEIGHT="27" WC="0.96" CONTENT="ytterligare"/><SP WIDTH="16" VPOS="436" HPOS="751"/>
							<String ID="string_65" HPOS="767" VPOS="436" WIDTH="44" HEIGHT="21" WC="0.93" CONTENT="200"/><SP WIDTH="15" VPOS="436" HPOS="811"/>
							<String ID="string_66" HPOS="826" VPOS="436" WIDTH="117" HEIGHT="27" WC="0.92" CONTENT="patienter,"/>
						</TextLine>
						<TextLine ID="line_9" HPOS="190" VPOS="469" WIDTH="753" HEIGHT="30">
							<String ID="string_67" HPOS="190" VPOS="469" WIDTH="94" HEIGHT="22" WC="0.92" CONTENT="hvarhos"/><SP WIDTH="27" VPOS="469" HPOS="284"/>
							<String ID="string_68" HPOS="311" VPOS="471" WIDTH="41" HEIGHT="21" WC="0.96" CONTENT="den"/><SP WIDTH="20" VPOS="471" HPOS="352"/>
							<String ID="string_69" HPOS="372" VPOS="477" WIDTH="42" HEIGHT="16" WC="0.95" CONTENT="ena"/><SP WIDTH="21" VPOS="477" HPOS="414"/>
							<String ID="string_70" HPOS="435" VPOS="471" WIDTH="24" HEIGHT="22" WC="0.93" CONTENT="af"/><SP WIDTH="18" VPOS="471" HPOS="459"/>
							<String ID="string_71" HPOS="477" VPOS="472" WIDTH="147" HEIGHT="27" WC="0.92" CONTENT="petitionerna"/><SP WIDTH="18" VPOS="472" HPOS="624"/>
							<String ID="string_72" HPOS="642" VPOS="471" WIDTH="93" HEIGHT="22" WC="0.96" CONTENT="föreslår"/><SP WIDTH="14" VPOS="471" HPOS="735"/>
							<String ID="string_73" HPOS="749" VPOS="473" WIDTH="34" HEIGHT="20" WC="0.93" CONTENT="att"/><SP WIDTH="15" VPOS="473" HPOS="783"/>
							<String ID="string_74" HPOS="798" VPOS="471" WIDTH="80" HEIGHT="28" WC="0.92" CONTENT="nödiga"/><SP WIDTH="14" VPOS="471" HPOS="878"/>
							<String ID="string_75" HPOS="892" VPOS="478" WIDTH="51" HEIGHT="21" WC="0.0" CONTENT="pen;"/>
						</TextLine>
						<TextLine ID="line_10" HPOS="190" VPOS="505" WIDTH="753" HEIGHT="30">
							<String ID="string_76" HPOS="190" VPOS="505" WIDTH="138" HEIGHT="28" WC="0.91" CONTENT="ningemedel"/><SP WIDTH="22" VPOS="505" HPOS="328"/>
							<String ID="string_77" HPOS="350" VPOS="508" WIDTH="68" HEIGHT="21" WC="0.91" CONTENT="mätte"/><SP WIDTH="23" VPOS="508" HPOS="418"/>
							<String ID="string_78" HPOS="441" VPOS="514" WIDTH="30" HEIGHT="15" WC="0.93" CONTENT="nu"/><SP WIDTH="23" VPOS="514" HPOS="471"/>
							<String ID="string_79" HPOS="494" VPOS="509" WIDTH="78" HEIGHT="26" WC="0.92" CONTENT="genast"/><SP WIDTH="22" VPOS="509" HPOS="572"/>
							<String ID="string_80" HPOS="594" VPOS="507" WIDTH="24" HEIGHT="22" WC="0.93" CONTENT="af"/><SP WIDTH="22" VPOS="507" HPOS="618"/>
							<String ID="string_81" HPOS="640" VPOS="508" WIDTH="117" HEIGHT="21" WC="0.92" CONTENT="ständerne"/><SP WIDTH="16" VPOS="508" HPOS="757"/>
							<String ID="string_82" HPOS="773" VPOS="507" WIDTH="74" HEIGHT="22" WC="0.91" CONTENT="därtill"/><SP WIDTH="15" VPOS="507" HPOS="847"/>
							<String ID="string_83" HPOS="862" VPOS="507" WIDTH="81" HEIGHT="27" WC="0.93" CONTENT="ansläs,"/>
						</TextLine>
						<TextLine ID="line_11" HPOS="190" VPOS="542" WIDTH="754" HEIGHT="29">
							<String ID="string_84" HPOS="190" VPOS="542" WIDTH="79" HEIGHT="21" WC="0.95" CONTENT="medan"/><SP WIDTH="24" VPOS="542" HPOS="269"/>
							<String ID="string_85" HPOS="293" VPOS="543" WIDTH="98" HEIGHT="21" WC="0.96" CONTENT="däremot"/><SP WIDTH="17" VPOS="543" HPOS="391"/>
							<String ID="string_86" HPOS="408" VPOS="544" WIDTH="42" HEIGHT="21" WC="0.96" CONTENT="den"/><SP WIDTH="19" VPOS="544" HPOS="450"/>
							<String ID="string_87" HPOS="469" VPOS="544" WIDTH="68" HEIGHT="21" WC="0.93" CONTENT="andra"/><SP WIDTH="23" VPOS="544" HPOS="537"/>
							<String ID="string_88" HPOS="560" VPOS="544" WIDTH="130" HEIGHT="21" WC="0.92" CONTENT="inskränker"/><SP WIDTH="23" VPOS="544" HPOS="690"/>
							<String ID="string_89" HPOS="713" VPOS="543" WIDTH="34" HEIGHT="28" WC="0.96" CONTENT="sig"/><SP WIDTH="15" VPOS="543" HPOS="747"/>
							<String ID="string_90" HPOS="762" VPOS="543" WIDTH="35" HEIGHT="22" WC="0.96" CONTENT="till"/><SP WIDTH="18" VPOS="543" HPOS="797"/>
							<String ID="string_91" HPOS="815" VPOS="545" WIDTH="34" HEIGHT="20" WC="0.93" CONTENT="att"/><SP WIDTH="15" VPOS="545" HPOS="849"/>
							<String ID="string_92" HPOS="864" VPOS="543" WIDTH="80" HEIGHT="27" WC="0.92" CONTENT="begära"/>
						</TextLine>
						<TextLine ID="line_12" HPOS="190" VPOS="578" WIDTH="754" HEIGHT="29">
							<String ID="string_93" HPOS="190" VPOS="578" WIDTH="67" HEIGHT="27" WC="0.92" CONTENT="nädig"/><SP WIDTH="15" VPOS="578" HPOS="257"/>
							<String ID="string_94" HPOS="272" VPOS="579" WIDTH="134" HEIGHT="26" WC="0.96" CONTENT="proposition"/><SP WIDTH="15" VPOS="579" HPOS="406"/>
							<String ID="string_95" HPOS="421" VPOS="579" WIDTH="35" HEIGHT="22" WC="0.93" CONTENT="till"/><SP WIDTH="15" VPOS="579" HPOS="456"/>
							<String ID="string_96" HPOS="471" VPOS="580" WIDTH="258" HEIGHT="21" WC="0.91" CONTENT="nästsammanträdande"/><SP WIDTH="15" VPOS="580" HPOS="729"/>
							<String ID="string_97" HPOS="744" VPOS="579" WIDTH="95" HEIGHT="28" WC="0.92" CONTENT="ständer,"/><SP WIDTH="17" VPOS="579" HPOS="839"/>
							<String ID="string_98" HPOS="856" VPOS="579" WIDTH="33" HEIGHT="21" WC="0.93" CONTENT="för"/><SP WIDTH="18" VPOS="579" HPOS="889"/>
							<String ID="string_99" HPOS="907" VPOS="585" WIDTH="37" HEIGHT="21" WC="0.91" CONTENT="ge-"/>
						</TextLine>
						<TextLine ID="line_13" HPOS="190" VPOS="614" WIDTH="754" HEIGHT="29">
							<String ID="string_100" HPOS="190" VPOS="614" WIDTH="142" HEIGHT="22" WC="0.92" CONTENT="nomförande"/><SP WIDTH="22" VPOS="614" HPOS="332"/>
							<String ID="string_101" HPOS="354" VPOS="615" WIDTH="24" HEIGHT="21" WC="0.93" CONTENT="af"/><SP WIDTH="21" VPOS="615" HPOS="378"/>
							<String ID="string_102" HPOS="399" VPOS="615" WIDTH="103" HEIGHT="22" WC="0.91" CONTENT="därvärds"/><SP WIDTH="23" VPOS="615" HPOS="502"/>
							<String ID="string_103" HPOS="525" VPOS="616" WIDTH="202" HEIGHT="27" WC="0.91" CONTENT="reorganisationen"/><SP WIDTH="24" VPOS="616" HPOS="727"/>
							<String ID="string_104" HPOS="751" VPOS="615" WIDTH="8" HEIGHT="22" WC="0.96" CONTENT="i"/><SP WIDTH="18" VPOS="615" HPOS="759"/>
							<String ID="string_105" HPOS="777" VPOS="615" WIDTH="50" HEIGHT="22" WC="0.96" CONTENT="hela"/><SP WIDTH="16" VPOS="615" HPOS="827"/>
							<String ID="string_106" HPOS="843" VPOS="615" WIDTH="49" HEIGHT="22" WC="0.97" CONTENT="dess"/><SP WIDTH="15" VPOS="615" HPOS="892"/>
							<String ID="string_107" HPOS="907" VPOS="615" WIDTH="37" HEIGHT="22" WC="0.96" CONTENT="vid"/>
						</TextLine>
						<TextLine ID="line_14" HPOS="192" VPOS="650" WIDTH="752" HEIGHT="29">
							<String ID="string_108" HPOS="192" VPOS="650" WIDTH="118" HEIGHT="22" WC="0.47" CONTENT="1877—78"/><SP WIDTH="23" VPOS="650" HPOS="310"/>
							<String ID="string_109" HPOS="333" VPOS="652" WIDTH="35" HEIGHT="20" WC="0.91" CONTENT="års"/><SP WIDTH="23" VPOS="652" HPOS="368"/>
							<String ID="string_110" HPOS="391" VPOS="651" WIDTH="105" HEIGHT="27" WC="0.92" CONTENT="landtdag"/><SP WIDTH="14" VPOS="651" HPOS="496"/>
							<String ID="string_111" HPOS="510" VPOS="651" WIDTH="102" HEIGHT="22" WC="0.96" CONTENT="beslutna"/><SP WIDTH="14" VPOS="651" HPOS="612"/>
							<String ID="string_112" HPOS="626" VPOS="652" WIDTH="59" HEIGHT="27" WC="0.96" CONTENT="vidd,"/><SP WIDTH="17" VPOS="652" HPOS="685"/>
							<String ID="string_113" HPOS="702" VPOS="652" WIDTH="69" HEIGHT="21" WC="0.93" CONTENT="under"/><SP WIDTH="16" VPOS="652" HPOS="771"/>
							<String ID="string_114" HPOS="787" VPOS="651" WIDTH="157" HEIGHT="27" WC="0.96" CONTENT="förutsättning"/>
						</TextLine>
						<TextLine ID="line_15" HPOS="191" VPOS="686" WIDTH="753" HEIGHT="29">
							<String ID="string_115" HPOS="191" VPOS="686" WIDTH="110" HEIGHT="27" WC="0.91" CONTENT="nemligen"/><SP WIDTH="15" VPOS="686" HPOS="301"/>
							<String ID="string_116" HPOS="316" VPOS="688" WIDTH="33" HEIGHT="20" WC="0.96" CONTENT="att"/><SP WIDTH="11" VPOS="688" HPOS="349"/>
							<String ID="string_117" HPOS="360" VPOS="687" WIDTH="110" HEIGHT="23" WC="0.93" CONTENT="allmänna"/><SP WIDTH="16" VPOS="687" HPOS="470"/>
							<String ID="string_118" HPOS="486" VPOS="688" WIDTH="128" HEIGHT="22" WC="0.91" CONTENT="statsmedel"/><SP WIDTH="14" VPOS="688" HPOS="614"/>
							<String ID="string_119" HPOS="628" VPOS="687" WIDTH="34" HEIGHT="22" WC="0.96" CONTENT="för"/><SP WIDTH="8" VPOS="687" HPOS="662"/>
							<String ID="string_120" HPOS="670" VPOS="687" WIDTH="126" HEIGHT="22" WC="0.96" CONTENT="ändamålet"/><SP WIDTH="8" VPOS="687" HPOS="796"/>
							<String ID="string_121" HPOS="804" VPOS="688" WIDTH="19" HEIGHT="27" WC="0.95" CONTENT="ej"/><SP WIDTH="9" VPOS="688" HPOS="823"/>
							<String ID="string_122" HPOS="832" VPOS="687" WIDTH="69" HEIGHT="22" WC="0.96" CONTENT="finnas"/><SP WIDTH="9" VPOS="687" HPOS="901"/>
							<String ID="string_123" HPOS="910" VPOS="689" WIDTH="34" HEIGHT="20" WC="0.96" CONTENT="att"/>
						</TextLine>
						<TextLine ID="line_16" HPOS="190" VPOS="722" WIDTH="69" HEIGHT="27">
							<String ID="string_124" HPOS="190" VPOS="722" WIDTH="69" HEIGHT="27" WC="0.96" CONTENT="tillgå."/>
						</TextLine>
					</TextBlock>
					<TextBlock ID="block_3" HPOS="190" VPOS="759" WIDTH="754" HEIGHT="238">
						<TextLine ID="line_17" HPOS="265" VPOS="759" WIDTH="679" HEIGHT="27">
							<String ID="string_125" HPOS="265" VPOS="759" WIDTH="51" HEIGHT="22" WC="0.96" CONTENT="Med"/><SP WIDTH="23" VPOS="759" HPOS="316"/>
							<String ID="string_126" HPOS="339" VPOS="759" WIDTH="101" HEIGHT="24" WC="0.93" CONTENT="afseende"/><SP WIDTH="24" VPOS="759" HPOS="440"/>
							<String ID="string_127" HPOS="464" VPOS="762" WIDTH="13" HEIGHT="20" WC="0.92" CONTENT="å"/><SP WIDTH="15" VPOS="762" HPOS="477"/>
							<String ID="string_128" HPOS="492" VPOS="761" WIDTH="57" HEIGHT="22" WC="0.93" CONTENT="hvad"/><SP WIDTH="17" VPOS="761" HPOS="549"/>
							<String ID="string_129" HPOS="566" VPOS="761" WIDTH="118" HEIGHT="22" WC="0.90" CONTENT="1877—78"/><SP WIDTH="18" VPOS="761" HPOS="684"/>
							<String ID="string_130" HPOS="702" VPOS="762" WIDTH="35" HEIGHT="20" WC="0.96" CONTENT="års"/><SP WIDTH="16" VPOS="762" HPOS="737"/>
							<String ID="string_131" HPOS="753" VPOS="760" WIDTH="90" HEIGHT="21" WC="0.96" CONTENT="ständer"/><SP WIDTH="15" VPOS="760" HPOS="843"/>
							<String ID="string_132" HPOS="858" VPOS="759" WIDTH="8" HEIGHT="22" WC="0.96" CONTENT="i"/><SP WIDTH="16" VPOS="759" HPOS="866"/>
							<String ID="string_133" HPOS="882" VPOS="759" WIDTH="62" HEIGHT="27" WC="0.96" CONTENT="fråga"/>
						</TextLine>
						<TextLine ID="line_18" HPOS="192" VPOS="795" WIDTH="750" HEIGHT="30">
							<String ID="string_134" HPOS="192" VPOS="800" WIDTH="34" HEIGHT="15" WC="0.89" CONTENT="om"/><SP WIDTH="17" VPOS="800" HPOS="226"/>
							<String ID="string_135" HPOS="243" VPOS="795" WIDTH="131" HEIGHT="22" WC="0.89" CONTENT="dårvårdens"/><SP WIDTH="16" VPOS="795" HPOS="374"/>
							<String ID="string_136" HPOS="390" VPOS="797" WIDTH="172" HEIGHT="27" WC="0.92" CONTENT="reorganisation"/><SP WIDTH="16" VPOS="797" HPOS="562"/>
							<String ID="string_137" HPOS="578" VPOS="797" WIDTH="98" HEIGHT="28" WC="0.92" CONTENT="beslutit,"/><SP WIDTH="18" VPOS="797" HPOS="676"/>
							<String ID="string_138" HPOS="694" VPOS="803" WIDTH="63" HEIGHT="21" WC="0.96" CONTENT="synes"/><SP WIDTH="17" VPOS="803" HPOS="757"/>
							<String ID="string_139" HPOS="774" VPOS="796" WIDTH="37" HEIGHT="21" WC="0.96" CONTENT="det"/><SP WIDTH="16" VPOS="796" HPOS="811"/>
							<String ID="string_140" HPOS="827" VPOS="795" WIDTH="115" HEIGHT="27" WC="0.96" CONTENT="utskottet,"/>
						</TextLine>
						<TextLine ID="line_19" HPOS="192" VPOS="831" WIDTH="750" HEIGHT="29">
							<String ID="string_141" HPOS="192" VPOS="836" WIDTH="46" HEIGHT="16" WC="0.96" CONTENT="som"/><SP WIDTH="17" VPOS="836" HPOS="238"/>
							<String ID="string_142" HPOS="255" VPOS="837" WIDTH="35" HEIGHT="15" WC="0.96" CONTENT="om"/><SP WIDTH="16" VPOS="837" HPOS="290"/>
							<String ID="string_143" HPOS="306" VPOS="838" WIDTH="30" HEIGHT="15" WC="0.95" CONTENT="nu"/><SP WIDTH="16" VPOS="838" HPOS="336"/>
							<String ID="string_144" HPOS="352" VPOS="831" WIDTH="164" HEIGHT="28" WC="0.93" CONTENT="ifrågavarande"/><SP WIDTH="15" VPOS="831" HPOS="516"/>
							<String ID="string_145" HPOS="531" VPOS="833" WIDTH="126" HEIGHT="27" WC="0.92" CONTENT="petitioner,"/><SP WIDTH="17" VPOS="833" HPOS="657"/>
							<String ID="string_146" HPOS="674" VPOS="834" WIDTH="26" HEIGHT="20" WC="0.97" CONTENT="så"/><SP WIDTH="13" VPOS="834" HPOS="700"/>
							<String ID="string_147" HPOS="713" VPOS="834" WIDTH="68" HEIGHT="25" WC="0.96" CONTENT="gärna"/><SP WIDTH="13" VPOS="834" HPOS="781"/>
							<String ID="string_148" HPOS="794" VPOS="831" WIDTH="110" HEIGHT="22" WC="0.96" CONTENT="utskottet"/><SP WIDTH="10" VPOS="831" HPOS="904"/>
							<String ID="string_149" HPOS="914" VPOS="833" WIDTH="28" HEIGHT="19" WC="0.96" CONTENT="än"/>
						</TextLine>
						<TextLine ID="line_20" HPOS="192" VPOS="866" WIDTH="750" HEIGHT="30">
							<String ID="string_150" HPOS="192" VPOS="866" WIDTH="107" HEIGHT="23" WC="0.96" CONTENT="erkänner"/><SP WIDTH="16" VPOS="866" HPOS="299"/>
							<String ID="string_151" HPOS="315" VPOS="868" WIDTH="38" HEIGHT="21" WC="0.96" CONTENT="det"/><SP WIDTH="14" VPOS="868" HPOS="353"/>
							<String ID="string_152" HPOS="367" VPOS="869" WIDTH="56" HEIGHT="26" WC="0.96" CONTENT="goda"/><SP WIDTH="16" VPOS="869" HPOS="423"/>
							<String ID="string_153" HPOS="439" VPOS="869" WIDTH="67" HEIGHT="27" WC="0.96" CONTENT="syftet"/><SP WIDTH="15" VPOS="869" HPOS="506"/>
							<String ID="string_154" HPOS="521" VPOS="869" WIDTH="50" HEIGHT="22" WC="0.96" CONTENT="med"/><SP WIDTH="12" VPOS="869" HPOS="571"/>
							<String ID="string_155" HPOS="583" VPOS="869" WIDTH="118" HEIGHT="27" WC="0.93" CONTENT="desamma,"/><SP WIDTH="12" VPOS="869" HPOS="701"/>
							<String ID="string_156" HPOS="713" VPOS="868" WIDTH="76" HEIGHT="27" WC="0.91" CONTENT="afsåge"/><SP WIDTH="10" VPOS="868" HPOS="789"/>
							<String ID="string_157" HPOS="799" VPOS="874" WIDTH="28" HEIGHT="15" WC="0.93" CONTENT="en"/><SP WIDTH="10" VPOS="874" HPOS="827"/>
							<String ID="string_158" HPOS="837" VPOS="867" WIDTH="105" HEIGHT="22" WC="0.91" CONTENT="afvikelse"/>
						</TextLine>
						<TextLine ID="line_21" HPOS="192" VPOS="901" WIDTH="752" HEIGHT="30">
							<String ID="string_159" HPOS="192" VPOS="901" WIDTH="47" HEIGHT="22" WC="0.96" CONTENT="från"/><SP WIDTH="16" VPOS="901" HPOS="239"/>
							<String ID="string_160" HPOS="255" VPOS="903" WIDTH="42" HEIGHT="21" WC="0.96" CONTENT="den"/><SP WIDTH="15" VPOS="903" HPOS="297"/>
							<String ID="string_161" HPOS="312" VPOS="903" WIDTH="38" HEIGHT="22" WC="0.96" CONTENT="vid"/><SP WIDTH="15" VPOS="903" HPOS="350"/>
							<String ID="string_162" HPOS="365" VPOS="904" WIDTH="135" HEIGHT="22" WC="0.93" CONTENT="sistnämnde"/><SP WIDTH="16" VPOS="904" HPOS="500"/>
							<String ID="string_163" HPOS="516" VPOS="905" WIDTH="148" HEIGHT="21" WC="0.91" CONTENT="ständermöte"/><SP WIDTH="16" VPOS="905" HPOS="664"/>
							<String ID="string_164" HPOS="680" VPOS="905" WIDTH="104" HEIGHT="26" WC="0.96" CONTENT="antagna,"/><SP WIDTH="16" VPOS="905" HPOS="784"/>
							<String ID="string_165" HPOS="800" VPOS="903" WIDTH="24" HEIGHT="21" WC="0.96" CONTENT="af"/><SP WIDTH="13" VPOS="903" HPOS="824"/>
							<String ID="string_166" HPOS="837" VPOS="903" WIDTH="107" HEIGHT="27" WC="0.96" CONTENT="styrelsen"/>
						</TextLine>
						<TextLine ID="line_22" HPOS="192" VPOS="938" WIDTH="751" HEIGHT="29">
							<String ID="string_167" HPOS="192" VPOS="938" WIDTH="124" HEIGHT="22" WC="0.93" CONTENT="sedermera"/><SP WIDTH="15" VPOS="938" HPOS="316"/>
							<String ID="string_168" HPOS="331" VPOS="940" WIDTH="115" HEIGHT="26" WC="0.93" CONTENT="godkända"/><SP WIDTH="14" VPOS="940" HPOS="446"/>
							<String ID="string_169" HPOS="460" VPOS="941" WIDTH="80" HEIGHT="26" WC="0.96" CONTENT="planen"/><SP WIDTH="16" VPOS="941" HPOS="540"/>
							<String ID="string_170" HPOS="556" VPOS="941" WIDTH="35" HEIGHT="21" WC="0.96" CONTENT="till"/><SP WIDTH="17" VPOS="941" HPOS="591"/>
							<String ID="string_171" HPOS="608" VPOS="941" WIDTH="75" HEIGHT="21" WC="0.96" CONTENT="vidare"/><SP WIDTH="12" VPOS="941" HPOS="683"/>
							<String ID="string_172" HPOS="695" VPOS="939" WIDTH="126" HEIGHT="27" WC="0.96" CONTENT="utveckling"/><SP WIDTH="8" VPOS="939" HPOS="821"/>
							<String ID="string_173" HPOS="829" VPOS="939" WIDTH="28" HEIGHT="26" WC="0.93" CONTENT="på"/><SP WIDTH="8" VPOS="939" HPOS="857"/>
							<String ID="string_174" HPOS="865" VPOS="938" WIDTH="78" HEIGHT="27" WC="0.92" CONTENT="ifråga-"/>
						</TextLine>
						<TextLine ID="line_23" HPOS="190" VPOS="975" WIDTH="205" HEIGHT="22">
							<String ID="string_175" HPOS="190" VPOS="975" WIDTH="95" HEIGHT="20" WC="0.95" CONTENT="varande"/><SP WIDTH="16" VPOS="975" HPOS="285"/>
							<String ID="string_176" HPOS="301" VPOS="976" WIDTH="94" HEIGHT="21" WC="0.96" CONTENT="område."/>
						</TextLine>
					</TextBlock>
					<TextBlock ID="block_4" HPOS="190" VPOS="1009" WIDTH="755" HEIGHT="459">
						<TextLine ID="line_24" HPOS="265" VPOS="1009" WIDTH="678" HEIGHT="30">
							<String ID="string_177" HPOS="265" VPOS="1009" WIDTH="76" HEIGHT="28" WC="0.96" CONTENT="Enligt"/><SP WIDTH="22" VPOS="1009" HPOS="341"/>
							<String ID="string_178" HPOS="363" VPOS="1012" WIDTH="95" HEIGHT="21" WC="0.96" CONTENT="nämnda"/><SP WIDTH="22" VPOS="1012" HPOS="458"/>
							<String ID="string_179" HPOS="480" VPOS="1012" WIDTH="51" HEIGHT="27" WC="0.96" CONTENT="plan"/><SP WIDTH="22" VPOS="1012" HPOS="531"/>
							<String ID="string_180" HPOS="553" VPOS="1012" WIDTH="70" HEIGHT="21" WC="0.96" CONTENT="skulle"/><SP WIDTH="17" VPOS="1012" HPOS="623"/>
							<String ID="string_181" HPOS="640" VPOS="1011" WIDTH="23" HEIGHT="22" WC="0.96" CONTENT="af"/><SP WIDTH="15" VPOS="1011" HPOS="663"/>
							<String ID="string_182" HPOS="678" VPOS="1012" WIDTH="27" HEIGHT="21" WC="0.96" CONTENT="de"/><SP WIDTH="16" VPOS="1012" HPOS="705"/>
							<String ID="string_183" HPOS="721" VPOS="1010" WIDTH="156" HEIGHT="22" WC="0.92" CONTENT="kombinerade"/><SP WIDTH="15" VPOS="1010" HPOS="877"/>
							<String ID="string_184" HPOS="892" VPOS="1010" WIDTH="51" HEIGHT="21" WC="0.92" CONTENT="kur-"/>
						</TextLine>
						<TextLine ID="line_25" HPOS="192" VPOS="1045" WIDTH="750" HEIGHT="30">
							<String ID="string_185" HPOS="192" VPOS="1045" WIDTH="39" HEIGHT="22" WC="0.93" CONTENT="och"/><SP WIDTH="28" VPOS="1045" HPOS="231"/>
							<String ID="string_186" HPOS="259" VPOS="1047" WIDTH="230" HEIGHT="28" WC="0.91" CONTENT="vårdinrättningarna"/><SP WIDTH="23" VPOS="1047" HPOS="489"/>
							<String ID="string_187" HPOS="512" VPOS="1048" WIDTH="41" HEIGHT="21" WC="0.96" CONTENT="den"/><SP WIDTH="23" VPOS="1048" HPOS="553"/>
							<String ID="string_188" HPOS="576" VPOS="1048" WIDTH="36" HEIGHT="21" WC="0.96" CONTENT="vid"/><SP WIDTH="23" VPOS="1048" HPOS="612"/>
							<String ID="string_189" HPOS="635" VPOS="1047" WIDTH="88" HEIGHT="28" WC="0.96" CONTENT="Kuopio"/><SP WIDTH="28" VPOS="1047" HPOS="723"/>
							<String ID="string_190" HPOS="751" VPOS="1046" WIDTH="56" HEIGHT="21" WC="0.96" CONTENT="först"/><SP WIDTH="23" VPOS="1046" HPOS="807"/>
							<String ID="string_191" HPOS="830" VPOS="1045" WIDTH="112" HEIGHT="28" WC="0.96" CONTENT="uppföras,"/>
						</TextLine>
						<TextLine ID="line_26" HPOS="191" VPOS="1078" WIDTH="751" HEIGHT="33">
							<String ID="string_192" HPOS="191" VPOS="1081" WIDTH="50" HEIGHT="22" WC="0.95" CONTENT="med"/><SP WIDTH="16" VPOS="1081" HPOS="241"/>
							<String ID="string_193" HPOS="257" VPOS="1083" WIDTH="33" HEIGHT="20" WC="0.93" CONTENT="ett"/><SP WIDTH="15" VPOS="1083" HPOS="290"/>
							<String ID="string_194" HPOS="305" VPOS="1081" WIDTH="145" HEIGHT="28" WC="0.92" CONTENT="patientantal"/><SP WIDTH="16" VPOS="1081" HPOS="450"/>
							<String ID="string_195" HPOS="466" VPOS="1083" WIDTH="35" HEIGHT="22" WC="0.96" CONTENT="till"/><SP WIDTH="16" VPOS="1083" HPOS="501"/>
							<String ID="string_196" HPOS="517" VPOS="1090" WIDTH="27" HEIGHT="15" WC="0.96" CONTENT="en"/><SP WIDTH="15" VPOS="1090" HPOS="544"/>
							<String ID="string_197" HPOS="559" VPOS="1083" WIDTH="76" HEIGHT="28" WC="0.96" CONTENT="början"/><SP WIDTH="17" VPOS="1083" HPOS="635"/>
							<String ID="string_198" HPOS="652" VPOS="1083" WIDTH="24" HEIGHT="22" WC="0.96" CONTENT="af"/><SP WIDTH="14" VPOS="1083" HPOS="676"/>
							<String ID="string_199" HPOS="690" VPOS="1083" WIDTH="79" HEIGHT="22" WC="0.96" CONTENT="endast"/><SP WIDTH="18" VPOS="1083" HPOS="769"/>
							<String ID="string_200" HPOS="787" VPOS="1082" WIDTH="49" HEIGHT="21" WC="0.95" CONTENT="100."/><SP WIDTH="23" VPOS="1082" HPOS="836"/>
							<String ID="string_201" HPOS="859" VPOS="1078" WIDTH="39" HEIGHT="25" WC="0.95" CONTENT="Att"/><SP WIDTH="10" VPOS="1078" HPOS="898"/>
							<String ID="string_202" HPOS="908" VPOS="1081" WIDTH="34" HEIGHT="22" WC="0.95" CONTENT="uti"/>
						</TextLine>
						<TextLine ID="line_27" HPOS="192" VPOS="1117" WIDTH="752" HEIGHT="30">
							<String ID="string_203" HPOS="192" VPOS="1117" WIDTH="41" HEIGHT="21" WC="0.96" CONTENT="den"/><SP WIDTH="24" VPOS="1117" HPOS="233"/>
							<String ID="string_204" HPOS="257" VPOS="1117" WIDTH="30" HEIGHT="22" WC="0.93" CONTENT="nu"/><SP WIDTH="23" VPOS="1117" HPOS="287"/>
							<String ID="string_205" HPOS="310" VPOS="1118" WIDTH="85" HEIGHT="27" WC="0.95" CONTENT="färdiga"/><SP WIDTH="22" VPOS="1118" HPOS="395"/>
							<String ID="string_206" HPOS="417" VPOS="1119" WIDTH="111" HEIGHT="22" WC="0.96" CONTENT="anstalten"/><SP WIDTH="19" VPOS="1119" HPOS="528"/>
							<String ID="string_207" HPOS="547" VPOS="1119" WIDTH="37" HEIGHT="22" WC="0.96" CONTENT="vid"/><SP WIDTH="20" VPOS="1119" HPOS="584"/>
							<String ID="string_208" HPOS="604" VPOS="1119" WIDTH="112" HEIGHT="28" WC="0.93" CONTENT="Fagernäs"/><SP WIDTH="15" VPOS="1119" HPOS="716"/>
							<String ID="string_209" HPOS="731" VPOS="1120" WIDTH="109" HEIGHT="25" WC="0.92" CONTENT="utrymme"/><SP WIDTH="15" VPOS="1120" HPOS="840"/>
							<String ID="string_210" HPOS="855" VPOS="1117" WIDTH="89" HEIGHT="22" WC="0.92" CONTENT="beredts"/>
						</TextLine>
						<TextLine ID="line_28" HPOS="191" VPOS="1152" WIDTH="753" HEIGHT="30">
							<String ID="string_211" HPOS="191" VPOS="1152" WIDTH="34" HEIGHT="22" WC="0.96" CONTENT="för"/><SP WIDTH="23" VPOS="1152" HPOS="225"/>
							<String ID="string_212" HPOS="248" VPOS="1153" WIDTH="30" HEIGHT="22" WC="0.92" CONTENT="20"/><SP WIDTH="21" VPOS="1153" HPOS="278"/>
							<String ID="string_213" HPOS="299" VPOS="1154" WIDTH="133" HEIGHT="27" WC="0.91" CONTENT="sjukplatser"/><SP WIDTH="19" VPOS="1154" HPOS="432"/>
							<String ID="string_214" HPOS="451" VPOS="1155" WIDTH="133" HEIGHT="27" WC="0.92" CONTENT="därutöfver,"/><SP WIDTH="15" VPOS="1155" HPOS="584"/>
							<String ID="string_215" HPOS="599" VPOS="1156" WIDTH="63" HEIGHT="21" WC="0.96" CONTENT="torde"/><SP WIDTH="15" VPOS="1156" HPOS="662"/>
							<String ID="string_216" HPOS="677" VPOS="1155" WIDTH="76" HEIGHT="21" WC="0.96" CONTENT="berott"/><SP WIDTH="14" VPOS="1155" HPOS="753"/>
							<String ID="string_217" HPOS="767" VPOS="1155" WIDTH="29" HEIGHT="26" WC="0.93" CONTENT="på"/><SP WIDTH="15" VPOS="1155" HPOS="796"/>
							<String ID="string_218" HPOS="811" VPOS="1153" WIDTH="133" HEIGHT="27" WC="0.92" CONTENT="nödvändig-"/>
						</TextLine>
						<TextLine ID="line_29" HPOS="190" VPOS="1189" WIDTH="752" HEIGHT="29">
							<String ID="string_219" HPOS="190" VPOS="1189" WIDTH="66" HEIGHT="22" WC="0.96" CONTENT="heten"/><SP WIDTH="16" VPOS="1189" HPOS="256"/>
							<String ID="string_220" HPOS="272" VPOS="1191" WIDTH="34" HEIGHT="20" WC="0.96" CONTENT="att"/><SP WIDTH="15" VPOS="1191" HPOS="306"/>
							<String ID="string_221" HPOS="321" VPOS="1191" WIDTH="128" HEIGHT="27" WC="0.96" CONTENT="möjliggöra"/><SP WIDTH="16" VPOS="1191" HPOS="449"/>
							<String ID="string_222" HPOS="465" VPOS="1197" WIDTH="27" HEIGHT="16" WC="0.96" CONTENT="en"/><SP WIDTH="15" VPOS="1197" HPOS="492"/>
							<String ID="string_223" HPOS="507" VPOS="1191" WIDTH="24" HEIGHT="22" WC="0.96" CONTENT="af"/><SP WIDTH="14" VPOS="1191" HPOS="531"/>
							<String ID="string_224" HPOS="545" VPOS="1192" WIDTH="37" HEIGHT="21" WC="0.96" CONTENT="det"/><SP WIDTH="15" VPOS="1192" HPOS="582"/>
							<String ID="string_225" HPOS="597" VPOS="1198" WIDTH="65" HEIGHT="20" WC="0.93" CONTENT="nyare"/><SP WIDTH="17" VPOS="1198" HPOS="662"/>
							<String ID="string_226" HPOS="679" VPOS="1189" WIDTH="214" HEIGHT="28" WC="0.92" CONTENT="behandlingssättet"/><SP WIDTH="10" VPOS="1189" HPOS="893"/>
							<String ID="string_227" HPOS="903" VPOS="1190" WIDTH="39" HEIGHT="26" WC="0.92" CONTENT="på-"/>
						</TextLine>
						<TextLine ID="line_30" HPOS="191" VPOS="1225" WIDTH="754" HEIGHT="30">
							<String ID="string_228" HPOS="191" VPOS="1225" WIDTH="75" HEIGHT="22" WC="0.96" CONTENT="kallad"/><SP WIDTH="15" VPOS="1225" HPOS="266"/>
							<String ID="string_229" HPOS="281" VPOS="1226" WIDTH="104" HEIGHT="27" WC="0.96" CONTENT="isolering"/><SP WIDTH="16" VPOS="1226" HPOS="385"/>
							<String ID="string_230" HPOS="401" VPOS="1227" WIDTH="23" HEIGHT="21" WC="0.96" CONTENT="af"/><SP WIDTH="14" VPOS="1227" HPOS="424"/>
							<String ID="string_231" HPOS="438" VPOS="1227" WIDTH="144" HEIGHT="28" WC="0.96" CONTENT="patienterna,"/><SP WIDTH="16" VPOS="1227" HPOS="582"/>
							<String ID="string_232" HPOS="598" VPOS="1229" WIDTH="53" HEIGHT="20" WC="0.96" CONTENT="enär"/><SP WIDTH="15" VPOS="1229" HPOS="651"/>
							<String ID="string_233" HPOS="666" VPOS="1227" WIDTH="77" HEIGHT="26" WC="0.96" CONTENT="hvarje"/><SP WIDTH="16" VPOS="1227" HPOS="743"/>
							<String ID="string_234" HPOS="759" VPOS="1225" WIDTH="60" HEIGHT="22" WC="0.93" CONTENT="olika"/><SP WIDTH="15" VPOS="1225" HPOS="819"/>
							<String ID="string_235" HPOS="834" VPOS="1225" WIDTH="111" HEIGHT="26" WC="0.92" CONTENT="afdelning"/>
						</TextLine>
						<TextLine ID="line_31" HPOS="191" VPOS="1261" WIDTH="751" HEIGHT="26">
							<String ID="string_236" HPOS="191" VPOS="1261" WIDTH="64" HEIGHT="26" WC="0.95" CONTENT="eljest"/><SP WIDTH="22" VPOS="1261" HPOS="255"/>
							<String ID="string_237" HPOS="277" VPOS="1262" WIDTH="56" HEIGHT="21" WC="0.96" CONTENT="hade"/><SP WIDTH="23" VPOS="1262" HPOS="333"/>
							<String ID="string_238" HPOS="356" VPOS="1263" WIDTH="35" HEIGHT="20" WC="0.96" CONTENT="till"/><SP WIDTH="21" VPOS="1263" HPOS="391"/>
							<String ID="string_239" HPOS="412" VPOS="1269" WIDTH="49" HEIGHT="16" WC="0.96" CONTENT="men"/><SP WIDTH="19" VPOS="1269" HPOS="461"/>
							<String ID="string_240" HPOS="480" VPOS="1263" WIDTH="34" HEIGHT="22" WC="0.96" CONTENT="för"/><SP WIDTH="16" VPOS="1263" HPOS="514"/>
							<String ID="string_241" HPOS="530" VPOS="1263" WIDTH="37" HEIGHT="22" WC="0.96" CONTENT="det"/><SP WIDTH="15" VPOS="1263" HPOS="567"/>
							<String ID="string_242" HPOS="582" VPOS="1263" WIDTH="50" HEIGHT="22" WC="0.96" CONTENT="hela"/><SP WIDTH="14" VPOS="1263" HPOS="632"/>
							<String ID="string_243" HPOS="646" VPOS="1263" WIDTH="52" HEIGHT="21" WC="0.96" CONTENT="bort"/><SP WIDTH="15" VPOS="1263" HPOS="698"/>
							<String ID="string_244" HPOS="713" VPOS="1261" WIDTH="36" HEIGHT="22" WC="0.96" CONTENT="till"/><SP WIDTH="15" VPOS="1261" HPOS="749"/>
							<String ID="string_245" HPOS="764" VPOS="1261" WIDTH="75" HEIGHT="22" WC="0.93" CONTENT="alltför"/><SP WIDTH="16" VPOS="1261" HPOS="839"/>
							<String ID="string_246" HPOS="855" VPOS="1261" WIDTH="87" HEIGHT="26" WC="0.92" CONTENT="obetyd-"/>
						</TextLine>
						<TextLine ID="line_32" HPOS="190" VPOS="1296" WIDTH="752" HEIGHT="31">
							<String ID="string_247" HPOS="190" VPOS="1296" WIDTH="41" HEIGHT="28" WC="0.96" CONTENT="ligt"/><SP WIDTH="24" VPOS="1296" HPOS="231"/>
							<String ID="string_248" HPOS="255" VPOS="1298" WIDTH="88" HEIGHT="28" WC="0.96" CONTENT="omfång"/><SP WIDTH="22" VPOS="1298" HPOS="343"/>
							<String ID="string_249" HPOS="365" VPOS="1299" WIDTH="123" HEIGHT="28" WC="0.95" CONTENT="reduceras,"/><SP WIDTH="24" VPOS="1299" HPOS="488"/>
							<String ID="string_250" HPOS="512" VPOS="1300" WIDTH="40" HEIGHT="21" WC="0.96" CONTENT="och"/><SP WIDTH="15" VPOS="1300" HPOS="552"/>
							<String ID="string_251" HPOS="567" VPOS="1300" WIDTH="44" HEIGHT="20" WC="0.96" CONTENT="kan"/><SP WIDTH="15" VPOS="1300" HPOS="611"/>
							<String ID="string_252" HPOS="626" VPOS="1299" WIDTH="34" HEIGHT="21" WC="0.96" CONTENT="uti"/><SP WIDTH="16" VPOS="1299" HPOS="660"/>
							<String ID="string_253" HPOS="676" VPOS="1298" WIDTH="67" HEIGHT="27" WC="0.96" CONTENT="ingen"/><SP WIDTH="15" VPOS="1298" HPOS="743"/>
							<String ID="string_254" HPOS="758" VPOS="1297" WIDTH="105" HEIGHT="21" WC="0.96" CONTENT="händelse"/><SP WIDTH="16" VPOS="1297" HPOS="863"/>
							<String ID="string_255" HPOS="879" VPOS="1302" WIDTH="63" HEIGHT="16" WC="0.96" CONTENT="anses"/>
						</TextLine>
						<TextLine ID="line_33" HPOS="190" VPOS="1332" WIDTH="755" HEIGHT="30">
							<String ID="string_256" HPOS="190" VPOS="1332" WIDTH="65" HEIGHT="22" WC="0.93" CONTENT="hafva"/><SP WIDTH="16" VPOS="1332" HPOS="255"/>
							<String ID="string_257" HPOS="271" VPOS="1334" WIDTH="62" HEIGHT="21" WC="0.92" CONTENT="ländt"/><SP WIDTH="22" VPOS="1334" HPOS="333"/>
							<String ID="string_258" HPOS="355" VPOS="1334" WIDTH="35" HEIGHT="22" WC="0.92" CONTENT="till"/><SP WIDTH="16" VPOS="1334" HPOS="390"/>
							<String ID="string_259" HPOS="406" VPOS="1335" WIDTH="121" HEIGHT="21" WC="0.92" CONTENT="anstaltens"/><SP WIDTH="16" VPOS="1335" HPOS="527"/>
							<String ID="string_260" HPOS="543" VPOS="1335" WIDTH="137" HEIGHT="27" WC="0.94" CONTENT="försämring."/><SP WIDTH="24" VPOS="1335" HPOS="680"/>
							<String ID="string_261" HPOS="704" VPOS="1334" WIDTH="76" HEIGHT="26" WC="0.96" CONTENT="Enligt"/><SP WIDTH="15" VPOS="1334" HPOS="780"/>
							<String ID="string_262" HPOS="795" VPOS="1338" WIDTH="84" HEIGHT="16" WC="0.96" CONTENT="samma"/><SP WIDTH="14" VPOS="1338" HPOS="879"/>
							<String ID="string_263" HPOS="893" VPOS="1332" WIDTH="52" HEIGHT="27" WC="0.96" CONTENT="plan"/>
						</TextLine>
						<TextLine ID="line_34" HPOS="190" VPOS="1368" WIDTH="754" HEIGHT="28">
							<String ID="string_264" HPOS="190" VPOS="1368" WIDTH="67" HEIGHT="22" WC="0.96" CONTENT="borde"/><SP WIDTH="24" VPOS="1368" HPOS="257"/>
							<String ID="string_265" HPOS="281" VPOS="1376" WIDTH="30" HEIGHT="15" WC="0.96" CONTENT="nu"/><SP WIDTH="24" VPOS="1376" HPOS="311"/>
							<String ID="string_266" HPOS="335" VPOS="1370" WIDTH="109" HEIGHT="22" WC="0.95" CONTENT="anstalten"/><SP WIDTH="18" VPOS="1370" HPOS="444"/>
							<String ID="string_267" HPOS="462" VPOS="1371" WIDTH="37" HEIGHT="21" WC="0.96" CONTENT="vid"/><SP WIDTH="16" VPOS="1371" HPOS="499"/>
							<String ID="string_268" HPOS="515" VPOS="1370" WIDTH="145" HEIGHT="22" WC="0.96" CONTENT="Tammerfors"/><SP WIDTH="15" VPOS="1370" HPOS="660"/>
							<String ID="string_269" HPOS="675" VPOS="1370" WIDTH="106" HEIGHT="26" WC="0.95" CONTENT="beläggas"/><SP WIDTH="16" VPOS="1370" HPOS="781"/>
							<String ID="string_270" HPOS="797" VPOS="1368" WIDTH="50" HEIGHT="22" WC="0.96" CONTENT="med"/><SP WIDTH="15" VPOS="1368" HPOS="847"/>
							<String ID="string_271" HPOS="862" VPOS="1368" WIDTH="82" HEIGHT="27" WC="0.96" CONTENT="arbete,"/>
						</TextLine>
						<TextLine ID="line_35" HPOS="190" VPOS="1404" WIDTH="755" HEIGHT="29">
							<String ID="string_272" HPOS="190" VPOS="1409" WIDTH="51" HEIGHT="17" WC="0.96" CONTENT="men"/><SP WIDTH="2" VPOS="1409" HPOS="241"/>
							<String ID="string_273" HPOS="243" VPOS="1400" WIDTH="12" HEIGHT="38" WC="0.96" CONTENT="i"/><SP WIDTH="16" VPOS="1400" HPOS="255"/>
							<String ID="string_274" HPOS="271" VPOS="1406" WIDTH="76" HEIGHT="21" WC="0.96" CONTENT="stället"/><SP WIDTH="12" VPOS="1406" HPOS="347"/>
							<String ID="string_275" HPOS="359" VPOS="1406" WIDTH="76" HEIGHT="22" WC="0.96" CONTENT="härför"/><SP WIDTH="14" VPOS="1406" HPOS="435"/>
							<String ID="string_276" HPOS="449" VPOS="1407" WIDTH="92" HEIGHT="21" WC="0.96" CONTENT="föreslås"/><SP WIDTH="9" VPOS="1407" HPOS="541"/>
							<String ID="string_277" HPOS="550" VPOS="1408" WIDTH="39" HEIGHT="20" WC="0.91" CONTENT="uti"/><SP WIDTH="9" VPOS="1408" HPOS="589"/>
							<String ID="string_278" HPOS="598" VPOS="1404" WIDTH="256" HEIGHT="29" WC="0.88" CONTENT="petitionsmemoriaien"/><SP WIDTH="13" VPOS="1404" HPOS="854"/>
							<String ID="string_279" HPOS="867" VPOS="1411" WIDTH="29" HEIGHT="15" WC="0.87" CONTENT="en"/><SP WIDTH="7" VPOS="1411" HPOS="896"/>
							<String ID="string_280" HPOS="903" VPOS="1411" WIDTH="42" HEIGHT="14" WC="0.87" CONTENT="an-"/>
						</TextLine>
						<TextLine ID="line_36" HPOS="190" VPOS="1439" WIDTH="753" HEIGHT="29">
							<String ID="string_281" HPOS="190" VPOS="1440" WIDTH="71" HEIGHT="28" WC="0.92" CONTENT="senlig"/><SP WIDTH="14" VPOS="1440" HPOS="261"/>
							<String ID="string_282" HPOS="275" VPOS="1441" WIDTH="130" HEIGHT="27" WC="0.96" CONTENT="utvidgning"/><SP WIDTH="16" VPOS="1441" HPOS="405"/>
							<String ID="string_283" HPOS="421" VPOS="1442" WIDTH="24" HEIGHT="21" WC="0.93" CONTENT="af"/><SP WIDTH="13" VPOS="1442" HPOS="445"/>
							<String ID="string_284" HPOS="458" VPOS="1442" WIDTH="140" HEIGHT="21" WC="0.91" CONTENT="oftanämnda"/><SP WIDTH="8" VPOS="1442" HPOS="598"/>
							<String ID="string_285" HPOS="606" VPOS="1442" WIDTH="84" HEIGHT="21" WC="0.96" CONTENT="anstalt"/><SP WIDTH="9" VPOS="1442" HPOS="690"/>
							<String ID="string_286" HPOS="699" VPOS="1440" WIDTH="60" HEIGHT="22" WC="0.95" CONTENT="invid"/><SP WIDTH="11" VPOS="1440" HPOS="759"/>
							<String ID="string_287" HPOS="770" VPOS="1439" WIDTH="93" HEIGHT="28" WC="0.93" CONTENT="Kuopio,"/><SP WIDTH="9" VPOS="1439" HPOS="863"/>
							<String ID="string_288" HPOS="872" VPOS="1439" WIDTH="71" HEIGHT="21" WC="0.90" CONTENT="hvari-"/>
						</TextLine>
					</TextBlock>
					<TextBlock ID="block_5" HPOS="261" VPOS="1483" WIDTH="532" HEIGHT="21">
						<TextLine ID="line_37" HPOS="261" VPOS="1483" WIDTH="532" HEIGHT="21">
							<String ID="string_289" HPOS="261" VPOS="1484" WIDTH="107" HEIGHT="19" WC="0.93" CONTENT="Allmänna"/><SP WIDTH="16" VPOS="1484" HPOS="368"/>
							<String ID="string_290" HPOS="384" VPOS="1484" WIDTH="184" HEIGHT="20" WC="0.91" CONTENT="Besvärsutskottets"/><SP WIDTH="16" VPOS="1484" HPOS="568"/>
							<String ID="string_291" HPOS="584" VPOS="1484" WIDTH="118" HEIGHT="20" WC="0.96" CONTENT="betänkande"/><SP WIDTH="16" VPOS="1484" HPOS="702"/>
							<String ID="string_292" HPOS="718" VPOS="1483" WIDTH="39" HEIGHT="20" WC="0.96" CONTENT="N:o"/><SP WIDTH="18" VPOS="1483" HPOS="757"/>
							<String ID="string_293" HPOS="775" VPOS="1483" WIDTH="18" HEIGHT="20" WC="0.95" CONTENT="6."/>
						</TextLine>
					</TextBlock>
				</ComposedBlock>
			</PrintSpace>
		</Page>
	</Layout>
</alto>
