<?xml version="1.0" encoding="UTF-8"?>
<alto xmlns="http://www.loc.gov/standards/alto/ns-v3#" xmlns:xlink="http://www.w3.org/1999/xlink" xmlns:xsi="http://www.w3.org/2001/XMLSchema-instance" xsi:schemaLocation="http://www.loc.gov/standards/alto/ns-v3# http://www.loc.gov/alto/v3/alto-3-0.xsd">
	<Description>
		<MeasurementUnit>pixel</MeasurementUnit>
		<sourceImageInformation>
			<fileName>/tmp/tess_y37s7n3k_input.PNG</fileName>
		</sourceImageInformation>
		<OCRProcessing ID="OCR_0">
			<ocrProcessingStep>
				<processingSoftware>
					<softwareName>tesseract 5.3.4</softwareName>
				</processingSoftware>
			</ocrProcessingStep>
		</OCRProcessing>
	</Description>
	<Layout>
		<Page WIDTH="1061" HEIGHT="1717" PHYSICAL_IMG_NR="0" ID="page_0">
			<PrintSpace HPOS="0" VPOS="0" WIDTH="1061" HEIGHT="1717">
				<GraphicalElement ID="cblock_0" HPOS="0" VPOS="528" WIDTH="1" HEIGHT="471"></GraphicalElement >
				<ComposedBlock ID="cblock_1" HPOS="229" VPOS="90" WIDTH="525" HEIGHT="24">
					<TextBlock ID="block_0" HPOS="229" VPOS="90" WIDTH="525" HEIGHT="24">
						<TextLine ID="line_0" HPOS="229" VPOS="90" WIDTH="525" HEIGHT="24">
							<String ID="string_0" HPOS="229" VPOS="91" WIDTH="16" HEIGHT="22" WC="0.97" CONTENT="4"/><SP WIDTH="167" VPOS="91" HPOS="245"/>
							<String ID="string_1" HPOS="412" VPOS="90" WIDTH="238" HEIGHT="24" WC="0.85" CONTENT="Petitionsbetänkande"/><SP WIDTH="14" VPOS="90" HPOS="650"/>
							<String ID="string_2" HPOS="664" VPOS="90" WIDTH="40" HEIGHT="24" WC="0.96" CONTENT="N:o"/><SP WIDTH="15" VPOS="90" HPOS="704"/>
							<String ID="string_3" HPOS="719" VPOS="90" WIDTH="35" HEIGHT="23" WC="0.96" CONTENT="20."/>
						</TextLine>
					</TextBlock>
				</ComposedBlock>
				<ComposedBlock ID="cblock_2" HPOS="199" VPOS="157" WIDTH="754" HEIGHT="1349">
					<TextBlock ID="block_1" HPOS="201" VPOS="157" WIDTH="752" HEIGHT="308">
						<TextLine ID="line_1" HPOS="201" VPOS="157" WIDTH="750" HEIGHT="28">
							<String ID="string_4" HPOS="201" VPOS="157" WIDTH="152" HEIGHT="28" WC="0.93" CONTENT="utsträckning"/><SP WIDTH="14" VPOS="157" HPOS="353"/>
							<String ID="string_5" HPOS="367" VPOS="157" WIDTH="111" HEIGHT="28" WC="0.92" CONTENT="begagnas"/><SP WIDTH="16" VPOS="157" HPOS="478"/>
							<String ID="string_6" HPOS="494" VPOS="158" WIDTH="39" HEIGHT="22" WC="0.96" CONTENT="och"/><SP WIDTH="16" VPOS="158" HPOS="533"/>
							<String ID="string_7" HPOS="549" VPOS="158" WIDTH="85" HEIGHT="22" WC="0.96" CONTENT="således"/><SP WIDTH="14" VPOS="158" HPOS="634"/>
							<String ID="string_8" HPOS="648" VPOS="157" WIDTH="123" HEIGHT="23" WC="0.96" CONTENT="folkskolan"/><SP WIDTH="10" VPOS="157" HPOS="771"/>
							<String ID="string_9" HPOS="781" VPOS="157" WIDTH="125" HEIGHT="28" WC="0.96" CONTENT="härigenom"/><SP WIDTH="12" VPOS="157" HPOS="906"/>
							<String ID="string_10" HPOS="918" VPOS="157" WIDTH="33" HEIGHT="22" WC="0.96" CONTENT="får"/>
						</TextLine>
						<TextLine ID="line_2" HPOS="201" VPOS="192" WIDTH="751" HEIGHT="29">
							<String ID="string_11" HPOS="201" VPOS="192" WIDTH="120" HEIGHT="23" WC="0.91" CONTENT="vidkännas"/><SP WIDTH="13" VPOS="192" HPOS="321"/>
							<String ID="string_12" HPOS="334" VPOS="193" WIDTH="122" HEIGHT="28" WC="0.96" CONTENT="betydande"/><SP WIDTH="14" VPOS="193" HPOS="456"/>
							<String ID="string_13" HPOS="470" VPOS="193" WIDTH="146" HEIGHT="28" WC="0.96" CONTENT="olägenheter,"/><SP WIDTH="8" VPOS="193" HPOS="616"/>
							<String ID="string_14" HPOS="624" VPOS="194" WIDTH="26" HEIGHT="21" WC="0.96" CONTENT="så"/><SP WIDTH="13" VPOS="194" HPOS="650"/>
							<String ID="string_15" HPOS="663" VPOS="194" WIDTH="40" HEIGHT="21" WC="0.96" CONTENT="har"/><SP WIDTH="13" VPOS="194" HPOS="703"/>
							<String ID="string_16" HPOS="716" VPOS="193" WIDTH="110" HEIGHT="22" WC="0.96" CONTENT="utskottet"/><SP WIDTH="8" VPOS="193" HPOS="826"/>
							<String ID="string_17" HPOS="834" VPOS="195" WIDTH="72" HEIGHT="21" WC="0.96" CONTENT="ansett"/><SP WIDTH="12" VPOS="195" HPOS="906"/>
							<String ID="string_18" HPOS="918" VPOS="193" WIDTH="34" HEIGHT="27" WC="0.96" CONTENT="sig"/>
						</TextLine>
						<TextLine ID="line_3" HPOS="203" VPOS="228" WIDTH="748" HEIGHT="29">
							<String ID="string_19" HPOS="203" VPOS="228" WIDTH="53" HEIGHT="22" WC="0.96" CONTENT="böra"/><SP WIDTH="15" VPOS="228" HPOS="256"/>
							<String ID="string_20" HPOS="271" VPOS="229" WIDTH="116" HEIGHT="27" WC="0.96" CONTENT="godkänna"/><SP WIDTH="15" VPOS="229" HPOS="387"/>
							<String ID="string_21" HPOS="402" VPOS="230" WIDTH="42" HEIGHT="22" WC="0.97" CONTENT="den"/><SP WIDTH="16" VPOS="230" HPOS="444"/>
							<String ID="string_22" HPOS="460" VPOS="230" WIDTH="84" HEIGHT="27" WC="0.96" CONTENT="åtgärd,"/><SP WIDTH="9" VPOS="230" HPOS="544"/>
							<String ID="string_23" HPOS="553" VPOS="235" WIDTH="47" HEIGHT="16" WC="0.95" CONTENT="som"/><SP WIDTH="11" VPOS="235" HPOS="600"/>
							<String ID="string_24" HPOS="611" VPOS="229" WIDTH="8" HEIGHT="22" WC="0.95" CONTENT="i"/><SP WIDTH="9" VPOS="229" HPOS="619"/>
							<String ID="string_25" HPOS="628" VPOS="230" WIDTH="42" HEIGHT="21" WC="0.96" CONTENT="den"/><SP WIDTH="11" VPOS="230" HPOS="670"/>
							<String ID="string_26" HPOS="681" VPOS="228" WIDTH="141" HEIGHT="23" WC="0.92" CONTENT="förevarande"/><SP WIDTH="10" VPOS="228" HPOS="822"/>
							<String ID="string_27" HPOS="832" VPOS="229" WIDTH="119" HEIGHT="27" WC="0.92" CONTENT="petitionen"/>
						</TextLine>
						<TextLine ID="line_4" HPOS="202" VPOS="263" WIDTH="749" HEIGHT="29">
							<String ID="string_28" HPOS="202" VPOS="263" WIDTH="125" HEIGHT="29" WC="0.96" CONTENT="föreslagits"/><SP WIDTH="15" VPOS="263" HPOS="327"/>
							<String ID="string_29" HPOS="342" VPOS="264" WIDTH="34" HEIGHT="22" WC="0.93" CONTENT="till"/><SP WIDTH="16" VPOS="264" HPOS="376"/>
							<String ID="string_30" HPOS="392" VPOS="264" WIDTH="149" HEIGHT="28" WC="0.90" CONTENT="afhjälpandet"/><SP WIDTH="10" VPOS="264" HPOS="541"/>
							<String ID="string_31" HPOS="551" VPOS="264" WIDTH="24" HEIGHT="22" WC="0.93" CONTENT="af"/><SP WIDTH="9" VPOS="264" HPOS="575"/>
							<String ID="string_32" HPOS="584" VPOS="264" WIDTH="160" HEIGHT="22" WC="0.90" CONTENT="ofvannämnda"/><SP WIDTH="10" VPOS="264" HPOS="744"/>
							<String ID="string_33" HPOS="754" VPOS="264" WIDTH="197" HEIGHT="27" WC="0.89" CONTENT="missförhållande,"/>
						</TextLine>
						<TextLine ID="line_5" HPOS="202" VPOS="299" WIDTH="750" HEIGHT="29">
							<String ID="string_34" HPOS="202" VPOS="300" WIDTH="25" HEIGHT="21" WC="0.96" CONTENT="så"/><SP WIDTH="16" VPOS="300" HPOS="227"/>
							<String ID="string_35" HPOS="243" VPOS="300" WIDTH="87" HEIGHT="27" WC="0.96" CONTENT="mycket"/><SP WIDTH="22" VPOS="300" HPOS="330"/>
							<String ID="string_36" HPOS="352" VPOS="300" WIDTH="76" HEIGHT="28" WC="0.96" CONTENT="hellre,"/><SP WIDTH="16" VPOS="300" HPOS="428"/>
							<String ID="string_37" HPOS="444" VPOS="306" WIDTH="54" HEIGHT="22" WC="0.96" CONTENT="som,"/><SP WIDTH="16" VPOS="306" HPOS="498"/>
							<String ID="string_38" HPOS="514" VPOS="300" WIDTH="69" HEIGHT="28" WC="0.96" CONTENT="enligt"/><SP WIDTH="15" VPOS="300" HPOS="583"/>
							<String ID="string_39" HPOS="598" VPOS="300" WIDTH="120" HEIGHT="22" WC="0.93" CONTENT="utskottets"/><SP WIDTH="16" VPOS="300" HPOS="718"/>
							<String ID="string_40" HPOS="734" VPOS="299" WIDTH="147" HEIGHT="28" WC="0.92" CONTENT="förmenande,"/><SP WIDTH="15" VPOS="299" HPOS="881"/>
							<String ID="string_41" HPOS="896" VPOS="300" WIDTH="56" HEIGHT="22" WC="0.96" CONTENT="intet"/>
						</TextLine>
						<TextLine ID="line_6" HPOS="202" VPOS="335" WIDTH="750" HEIGHT="28">
							<String ID="string_42" HPOS="202" VPOS="336" WIDTH="67" HEIGHT="21" WC="0.96" CONTENT="annat"/><SP WIDTH="15" VPOS="336" HPOS="269"/>
							<String ID="string_43" HPOS="284" VPOS="336" WIDTH="111" HEIGHT="22" WC="0.96" CONTENT="verksamt"/><SP WIDTH="15" VPOS="336" HPOS="395"/>
							<String ID="string_44" HPOS="410" VPOS="336" WIDTH="71" HEIGHT="22" WC="0.96" CONTENT="medel"/><SP WIDTH="16" VPOS="336" HPOS="481"/>
							<String ID="string_45" HPOS="497" VPOS="338" WIDTH="34" HEIGHT="20" WC="0.96" CONTENT="att"/><SP WIDTH="16" VPOS="338" HPOS="531"/>
							<String ID="string_46" HPOS="547" VPOS="336" WIDTH="69" HEIGHT="22" WC="0.96" CONTENT="ordna"/><SP WIDTH="10" VPOS="336" HPOS="616"/>
							<String ID="string_47" HPOS="626" VPOS="336" WIDTH="68" HEIGHT="22" WC="0.96" CONTENT="saken"/><SP WIDTH="12" VPOS="336" HPOS="694"/>
							<String ID="string_48" HPOS="706" VPOS="336" WIDTH="63" HEIGHT="22" WC="0.93" CONTENT="torde"/><SP WIDTH="11" VPOS="336" HPOS="769"/>
							<String ID="string_49" HPOS="780" VPOS="335" WIDTH="122" HEIGHT="28" WC="0.88" CONTENT="förefinnas,"/><SP WIDTH="10" VPOS="335" HPOS="902"/>
							<String ID="string_50" HPOS="912" VPOS="336" WIDTH="40" HEIGHT="22" WC="0.96" CONTENT="och"/>
						</TextLine>
						<TextLine ID="line_7" HPOS="203" VPOS="370" WIDTH="750" HEIGHT="30">
							<String ID="string_51" HPOS="203" VPOS="370" WIDTH="28" HEIGHT="22" WC="0.96" CONTENT="då"/><SP WIDTH="22" VPOS="370" HPOS="231"/>
							<String ID="string_52" HPOS="253" VPOS="371" WIDTH="42" HEIGHT="22" WC="0.96" CONTENT="den"/><SP WIDTH="16" VPOS="371" HPOS="295"/>
							<String ID="string_53" HPOS="311" VPOS="371" WIDTH="7" HEIGHT="22" WC="0.93" CONTENT="i"/><SP WIDTH="16" VPOS="371" HPOS="318"/>
							<String ID="string_54" HPOS="334" VPOS="371" WIDTH="141" HEIGHT="23" WC="0.91" CONTENT="förenämnda"/><SP WIDTH="17" VPOS="371" HPOS="475"/>
							<String ID="string_55" HPOS="492" VPOS="372" WIDTH="188" HEIGHT="28" WC="0.91" CONTENT="petitionsförslag"/><SP WIDTH="14" VPOS="372" HPOS="680"/>
							<String ID="string_56" HPOS="694" VPOS="370" WIDTH="99" HEIGHT="29" WC="0.96" CONTENT="åsyftade"/><SP WIDTH="22" VPOS="370" HPOS="793"/>
							<String ID="string_57" HPOS="815" VPOS="371" WIDTH="138" HEIGHT="27" WC="0.95" CONTENT="bestämning"/>
						</TextLine>
						<TextLine ID="line_8" HPOS="202" VPOS="406" WIDTH="750" HEIGHT="29">
							<String ID="string_58" HPOS="202" VPOS="406" WIDTH="48" HEIGHT="22" WC="0.96" CONTENT="icke"/><SP WIDTH="23" VPOS="406" HPOS="250"/>
							<String ID="string_59" HPOS="273" VPOS="407" WIDTH="137" HEIGHT="28" WC="0.96" CONTENT="synnerligen"/><SP WIDTH="24" VPOS="407" HPOS="410"/>
							<String ID="string_60" HPOS="434" VPOS="408" WIDTH="86" HEIGHT="22" WC="0.96" CONTENT="komme"/><SP WIDTH="23" VPOS="408" HPOS="520"/>
							<String ID="string_61" HPOS="543" VPOS="409" WIDTH="34" HEIGHT="21" WC="0.95" CONTENT="att"/><SP WIDTH="26" VPOS="409" HPOS="577"/>
							<String ID="string_62" HPOS="603" VPOS="407" WIDTH="120" HEIGHT="22" WC="0.93" CONTENT="inskränka"/><SP WIDTH="25" VPOS="407" HPOS="723"/>
							<String ID="string_63" HPOS="748" VPOS="406" WIDTH="204" HEIGHT="23" WC="0.90" CONTENT="folkskolelärarnes"/>
						</TextLine>
						<TextLine ID="line_9" HPOS="202" VPOS="441" WIDTH="73" HEIGHT="24">
							<String ID="string_64" HPOS="202" VPOS="441" WIDTH="73" HEIGHT="24" WC="0.96" CONTENT="frihet."/>
						</TextLine>
					</TextBlock>
					<TextBlock ID="block_2" HPOS="200" VPOS="478" WIDTH="752" HEIGHT="458">
						<TextLine ID="line_10" HPOS="262" VPOS="478" WIDTH="689" HEIGHT="29">
							<String ID="string_65" HPOS="262" VPOS="478" WIDTH="51" HEIGHT="22" WC="0.94" CONTENT="Man"/><SP WIDTH="15" VPOS="478" HPOS="313"/>
							<String ID="string_66" HPOS="328" VPOS="479" WIDTH="40" HEIGHT="22" WC="0.96" CONTENT="har"/><SP WIDTH="15" VPOS="479" HPOS="368"/>
							<String ID="string_67" HPOS="383" VPOS="479" WIDTH="129" HEIGHT="28" WC="0.93" CONTENT="visserligen"/><SP WIDTH="11" VPOS="479" HPOS="512"/>
							<String ID="string_68" HPOS="523" VPOS="479" WIDTH="100" HEIGHT="22" WC="0.92" CONTENT="häremot"/><SP WIDTH="11" VPOS="479" HPOS="623"/>
							<String ID="string_69" HPOS="634" VPOS="479" WIDTH="96" HEIGHT="27" WC="0.91" CONTENT="invändt,"/><SP WIDTH="11" VPOS="479" HPOS="730"/>
							<String ID="string_70" HPOS="741" VPOS="480" WIDTH="34" HEIGHT="21" WC="0.96" CONTENT="att"/><SP WIDTH="11" VPOS="480" HPOS="775"/>
							<String ID="string_71" HPOS="786" VPOS="478" WIDTH="165" HEIGHT="29" WC="0.96" CONTENT="ifrågavarande"/>
						</TextLine>
						<TextLine ID="line_11" HPOS="201" VPOS="513" WIDTH="750" HEIGHT="31">
							<String ID="string_72" HPOS="201" VPOS="513" WIDTH="190" HEIGHT="31" WC="0.89" CONTENT="missförhållande"/><SP WIDTH="24" VPOS="513" HPOS="391"/>
							<String ID="string_73" HPOS="415" VPOS="516" WIDTH="63" HEIGHT="23" WC="0.96" CONTENT="äfven"/><SP WIDTH="23" VPOS="516" HPOS="478"/>
							<String ID="string_74" HPOS="501" VPOS="517" WIDTH="54" HEIGHT="21" WC="0.93" CONTENT="utan"/><SP WIDTH="21" VPOS="517" HPOS="555"/>
							<String ID="string_75" HPOS="576" VPOS="515" WIDTH="68" HEIGHT="22" WC="0.91" CONTENT="skildt"/><SP WIDTH="16" VPOS="515" HPOS="644"/>
							<String ID="string_76" HPOS="660" VPOS="515" WIDTH="157" HEIGHT="28" WC="0.90" CONTENT="lagstadgande"/><SP WIDTH="15" VPOS="515" HPOS="817"/>
							<String ID="string_77" HPOS="832" VPOS="515" WIDTH="72" HEIGHT="22" WC="0.93" CONTENT="kunde"/><SP WIDTH="16" VPOS="515" HPOS="904"/>
							<String ID="string_78" HPOS="920" VPOS="515" WIDTH="31" HEIGHT="22" WC="0.92" CONTENT="af-"/>
						</TextLine>
						<TextLine ID="line_12" HPOS="201" VPOS="549" WIDTH="751" HEIGHT="30">
							<String ID="string_79" HPOS="201" VPOS="549" WIDTH="86" HEIGHT="28" WC="0.93" CONTENT="hjälpas"/><SP WIDTH="16" VPOS="549" HPOS="287"/>
							<String ID="string_80" HPOS="303" VPOS="551" WIDTH="132" HEIGHT="28" WC="0.91" CONTENT="derigenom,"/><SP WIDTH="16" VPOS="551" HPOS="435"/>
							<String ID="string_81" HPOS="451" VPOS="553" WIDTH="33" HEIGHT="21" WC="0.93" CONTENT="att"/><SP WIDTH="23" VPOS="553" HPOS="484"/>
							<String ID="string_82" HPOS="507" VPOS="551" WIDTH="178" HEIGHT="22" WC="0.91" CONTENT="folkskolelärare"/><SP WIDTH="22" VPOS="551" HPOS="685"/>
							<String ID="string_83" HPOS="707" VPOS="557" WIDTH="79" HEIGHT="22" WC="0.96" CONTENT="genom"/><SP WIDTH="18" VPOS="557" HPOS="786"/>
							<String ID="string_84" HPOS="804" VPOS="551" WIDTH="104" HEIGHT="22" WC="0.96" CONTENT="kontrakt"/><SP WIDTH="15" VPOS="551" HPOS="908"/>
							<String ID="string_85" HPOS="923" VPOS="551" WIDTH="29" HEIGHT="27" WC="0.96" CONTENT="på"/>
						</TextLine>
						<TextLine ID="line_13" HPOS="202" VPOS="585" WIDTH="749" HEIGHT="30">
							<String ID="string_86" HPOS="202" VPOS="585" WIDTH="101" HEIGHT="23" WC="0.96" CONTENT="bestämd"/><SP WIDTH="15" VPOS="585" HPOS="303"/>
							<String ID="string_87" HPOS="318" VPOS="587" WIDTH="33" HEIGHT="22" WC="0.93" CONTENT="tid"/><SP WIDTH="15" VPOS="587" HPOS="351"/>
							<String ID="string_88" HPOS="366" VPOS="587" WIDTH="83" HEIGHT="23" WC="0.91" CONTENT="bundes"/><SP WIDTH="15" VPOS="587" HPOS="449"/>
							<String ID="string_89" HPOS="464" VPOS="588" WIDTH="37" HEIGHT="21" WC="0.96" CONTENT="vid"/><SP WIDTH="11" VPOS="588" HPOS="501"/>
							<String ID="string_90" HPOS="512" VPOS="588" WIDTH="34" HEIGHT="21" WC="0.96" CONTENT="sin"/><SP WIDTH="11" VPOS="588" HPOS="546"/>
							<String ID="string_91" HPOS="557" VPOS="588" WIDTH="69" HEIGHT="27" WC="0.96" CONTENT="tjänst"/><SP WIDTH="11" VPOS="588" HPOS="626"/>
							<String ID="string_92" HPOS="637" VPOS="587" WIDTH="40" HEIGHT="22" WC="0.96" CONTENT="och"/><SP WIDTH="11" VPOS="587" HPOS="677"/>
							<String ID="string_93" HPOS="688" VPOS="587" WIDTH="92" HEIGHT="22" WC="0.96" CONTENT="sålunda"/><SP WIDTH="9" VPOS="587" HPOS="780"/>
							<String ID="string_94" HPOS="789" VPOS="587" WIDTH="118" HEIGHT="22" WC="0.96" CONTENT="hindrades"/><SP WIDTH="11" VPOS="587" HPOS="907"/>
							<String ID="string_95" HPOS="918" VPOS="588" WIDTH="33" HEIGHT="21" WC="0.96" CONTENT="att"/>
						</TextLine>
						<TextLine ID="line_14" HPOS="202" VPOS="622" WIDTH="748" HEIGHT="29">
							<String ID="string_96" HPOS="202" VPOS="622" WIDTH="70" HEIGHT="22" WC="0.93" CONTENT="under"/><SP WIDTH="15" VPOS="622" HPOS="272"/>
							<String ID="string_97" HPOS="287" VPOS="623" WIDTH="105" HEIGHT="22" WC="0.92" CONTENT="läseärets"/><SP WIDTH="23" VPOS="623" HPOS="392"/>
							<String ID="string_98" HPOS="415" VPOS="623" WIDTH="85" HEIGHT="28" WC="0.93" CONTENT="förlopp"/><SP WIDTH="24" VPOS="623" HPOS="500"/>
							<String ID="string_99" HPOS="524" VPOS="623" WIDTH="51" HEIGHT="28" WC="0.84" CONTENT="afg&amp;"/><SP WIDTH="14" VPOS="623" HPOS="575"/>
							<String ID="string_100" HPOS="589" VPOS="623" WIDTH="48" HEIGHT="22" WC="0.96" CONTENT="från"/><SP WIDTH="16" VPOS="623" HPOS="637"/>
							<String ID="string_101" HPOS="653" VPOS="623" WIDTH="34" HEIGHT="22" WC="0.96" CONTENT="sin"/><SP WIDTH="18" VPOS="623" HPOS="687"/>
							<String ID="string_102" HPOS="705" VPOS="622" WIDTH="130" HEIGHT="29" WC="0.96" CONTENT="befattning,"/><SP WIDTH="14" VPOS="622" HPOS="835"/>
							<String ID="string_103" HPOS="849" VPOS="629" WIDTH="50" HEIGHT="16" WC="0.93" CONTENT="men"/><SP WIDTH="15" VPOS="629" HPOS="899"/>
							<String ID="string_104" HPOS="914" VPOS="629" WIDTH="36" HEIGHT="15" WC="0.92" CONTENT="en-"/>
						</TextLine>
						<TextLine ID="line_15" HPOS="201" VPOS="657" WIDTH="749" HEIGHT="30">
							<String ID="string_105" HPOS="201" VPOS="657" WIDTH="41" HEIGHT="28" WC="0.92" CONTENT="ligt"/><SP WIDTH="15" VPOS="657" HPOS="242"/>
							<String ID="string_106" HPOS="257" VPOS="658" WIDTH="120" HEIGHT="23" WC="0.92" CONTENT="utskottets"/><SP WIDTH="23" VPOS="658" HPOS="377"/>
							<String ID="string_107" HPOS="400" VPOS="659" WIDTH="58" HEIGHT="28" WC="0.91" CONTENT="&amp;sigt"/><SP WIDTH="23" VPOS="659" HPOS="458"/>
							<String ID="string_108" HPOS="481" VPOS="659" WIDTH="60" HEIGHT="22" WC="0.96" CONTENT="leder"/><SP WIDTH="23" VPOS="659" HPOS="541"/>
							<String ID="string_109" HPOS="564" VPOS="659" WIDTH="61" HEIGHT="22" WC="0.96" CONTENT="detta"/><SP WIDTH="15" VPOS="659" HPOS="625"/>
							<String ID="string_110" HPOS="640" VPOS="658" WIDTH="81" HEIGHT="28" WC="0.96" CONTENT="förslag"/><SP WIDTH="15" VPOS="658" HPOS="721"/>
							<String ID="string_111" HPOS="736" VPOS="658" WIDTH="25" HEIGHT="23" WC="0.97" CONTENT="af"/><SP WIDTH="12" VPOS="658" HPOS="761"/>
							<String ID="string_112" HPOS="773" VPOS="659" WIDTH="115" HEIGHT="27" WC="0.96" CONTENT="praktiska"/><SP WIDTH="15" VPOS="659" HPOS="888"/>
							<String ID="string_113" HPOS="903" VPOS="658" WIDTH="47" HEIGHT="22" WC="0.96" CONTENT="skäl"/>
						</TextLine>
						<TextLine ID="line_16" HPOS="201" VPOS="693" WIDTH="749" HEIGHT="29">
							<String ID="string_114" HPOS="201" VPOS="693" WIDTH="49" HEIGHT="22" WC="0.92" CONTENT="icke"/><SP WIDTH="16" VPOS="693" HPOS="250"/>
							<String ID="string_115" HPOS="266" VPOS="693" WIDTH="35" HEIGHT="22" WC="0.93" CONTENT="till"/><SP WIDTH="15" VPOS="693" HPOS="301"/>
							<String ID="string_116" HPOS="316" VPOS="694" WIDTH="74" HEIGHT="22" WC="0.88" CONTENT="mälet."/><SP WIDTH="31" VPOS="694" HPOS="390"/>
							<String ID="string_117" HPOS="421" VPOS="695" WIDTH="44" HEIGHT="22" WC="0.96" CONTENT="Det"/><SP WIDTH="15" VPOS="695" HPOS="465"/>
							<String ID="string_118" HPOS="480" VPOS="697" WIDTH="25" HEIGHT="20" WC="0.96" CONTENT="är"/><SP WIDTH="15" VPOS="697" HPOS="505"/>
							<String ID="string_119" HPOS="520" VPOS="695" WIDTH="110" HEIGHT="27" WC="0.93" CONTENT="nämligen"/><SP WIDTH="16" VPOS="695" HPOS="630"/>
							<String ID="string_120" HPOS="646" VPOS="693" WIDTH="117" HEIGHT="29" WC="0.92" CONTENT="själfklart,"/><SP WIDTH="11" VPOS="693" HPOS="763"/>
							<String ID="string_121" HPOS="774" VPOS="695" WIDTH="33" HEIGHT="21" WC="0.96" CONTENT="att"/><SP WIDTH="10" VPOS="695" HPOS="807"/>
							<String ID="string_122" HPOS="817" VPOS="700" WIDTH="28" HEIGHT="16" WC="0.93" CONTENT="en"/><SP WIDTH="10" VPOS="700" HPOS="845"/>
							<String ID="string_123" HPOS="855" VPOS="693" WIDTH="95" HEIGHT="23" WC="0.92" CONTENT="folksko-"/>
						</TextLine>
						<TextLine ID="line_17" HPOS="201" VPOS="728" WIDTH="750" HEIGHT="30">
							<String ID="string_124" HPOS="201" VPOS="728" WIDTH="138" HEIGHT="29" WC="0.92" CONTENT="ledirektion,"/><SP WIDTH="9" VPOS="728" HPOS="339"/>
							<String ID="string_125" HPOS="348" VPOS="736" WIDTH="46" HEIGHT="16" WC="0.96" CONTENT="som"/><SP WIDTH="17" VPOS="736" HPOS="394"/>
							<String ID="string_126" HPOS="411" VPOS="731" WIDTH="28" HEIGHT="27" WC="0.93" CONTENT="pä"/><SP WIDTH="15" VPOS="731" HPOS="439"/>
							<String ID="string_127" HPOS="454" VPOS="731" WIDTH="86" HEIGHT="21" WC="0.92" CONTENT="läraren"/><SP WIDTH="13" VPOS="731" HPOS="540"/>
							<String ID="string_128" HPOS="553" VPOS="730" WIDTH="75" HEIGHT="22" WC="0.92" CONTENT="ställer"/><SP WIDTH="10" VPOS="730" HPOS="628"/>
							<String ID="string_129" HPOS="638" VPOS="730" WIDTH="89" HEIGHT="22" WC="0.92" CONTENT="fordran"/><SP WIDTH="11" VPOS="730" HPOS="727"/>
							<String ID="string_130" HPOS="738" VPOS="731" WIDTH="33" HEIGHT="20" WC="0.96" CONTENT="att"/><SP WIDTH="10" VPOS="731" HPOS="771"/>
							<String ID="string_131" HPOS="781" VPOS="729" WIDTH="43" HEIGHT="22" WC="0.96" CONTENT="han"/><SP WIDTH="10" VPOS="729" HPOS="824"/>
							<String ID="string_132" HPOS="834" VPOS="729" WIDTH="56" HEIGHT="22" WC="0.93" CONTENT="skall"/><SP WIDTH="10" VPOS="729" HPOS="890"/>
							<String ID="string_133" HPOS="900" VPOS="729" WIDTH="51" HEIGHT="28" WC="0.89" CONTENT="ingä"/>
						</TextLine>
						<TextLine ID="line_18" HPOS="201" VPOS="765" WIDTH="749" HEIGHT="28">
							<String ID="string_134" HPOS="201" VPOS="765" WIDTH="28" HEIGHT="26" WC="0.96" CONTENT="pä"/><SP WIDTH="16" VPOS="765" HPOS="229"/>
							<String ID="string_135" HPOS="245" VPOS="766" WIDTH="32" HEIGHT="21" WC="0.93" CONTENT="ett"/><SP WIDTH="16" VPOS="766" HPOS="277"/>
							<String ID="string_136" HPOS="293" VPOS="765" WIDTH="78" HEIGHT="22" WC="0.93" CONTENT="sädant"/><SP WIDTH="15" VPOS="765" HPOS="371"/>
							<String ID="string_137" HPOS="386" VPOS="766" WIDTH="110" HEIGHT="22" WC="0.92" CONTENT="bindande"/><SP WIDTH="10" VPOS="766" HPOS="496"/>
							<String ID="string_138" HPOS="506" VPOS="766" WIDTH="111" HEIGHT="27" WC="0.92" CONTENT="kontrakt,"/><SP WIDTH="9" VPOS="766" HPOS="617"/>
							<String ID="string_139" HPOS="626" VPOS="767" WIDTH="70" HEIGHT="20" WC="0.93" CONTENT="mäste"/><SP WIDTH="11" VPOS="767" HPOS="696"/>
							<String ID="string_140" HPOS="707" VPOS="765" WIDTH="90" HEIGHT="28" WC="0.96" CONTENT="erbjuda"/><SP WIDTH="10" VPOS="765" HPOS="797"/>
							<String ID="string_141" HPOS="807" VPOS="766" WIDTH="79" HEIGHT="21" WC="0.93" CONTENT="honom"/><SP WIDTH="9" VPOS="766" HPOS="886"/>
							<String ID="string_142" HPOS="895" VPOS="765" WIDTH="55" HEIGHT="27" WC="0.92" CONTENT="jäm-"/>
						</TextLine>
						<TextLine ID="line_19" HPOS="201" VPOS="799" WIDTH="748" HEIGHT="30">
							<String ID="string_143" HPOS="201" VPOS="799" WIDTH="113" HEIGHT="28" WC="0.91" CONTENT="förelsevis"/><SP WIDTH="23" VPOS="799" HPOS="314"/>
							<String ID="string_144" HPOS="337" VPOS="803" WIDTH="70" HEIGHT="20" WC="0.93" CONTENT="större"/><SP WIDTH="24" VPOS="803" HPOS="407"/>
							<String ID="string_145" HPOS="431" VPOS="801" WIDTH="166" HEIGHT="28" WC="0.91" CONTENT="löneförmäner,"/><SP WIDTH="17" VPOS="801" HPOS="597"/>
							<String ID="string_146" HPOS="614" VPOS="803" WIDTH="28" HEIGHT="20" WC="0.93" CONTENT="än"/><SP WIDTH="23" VPOS="803" HPOS="642"/>
							<String ID="string_147" HPOS="665" VPOS="807" WIDTH="80" HEIGHT="16" WC="0.93" CONTENT="annars"/><SP WIDTH="15" VPOS="807" HPOS="745"/>
							<String ID="string_148" HPOS="760" VPOS="807" WIDTH="51" HEIGHT="16" WC="0.92" CONTENT="vore"/><SP WIDTH="16" VPOS="807" HPOS="811"/>
							<String ID="string_149" HPOS="827" VPOS="801" WIDTH="66" HEIGHT="27" WC="0.88" CONTENT="fallet,"/><SP WIDTH="17" VPOS="801" HPOS="893"/>
							<String ID="string_150" HPOS="910" VPOS="801" WIDTH="39" HEIGHT="22" WC="0.96" CONTENT="och"/>
						</TextLine>
						<TextLine ID="line_20" HPOS="201" VPOS="835" WIDTH="748" HEIGHT="30">
							<String ID="string_151" HPOS="201" VPOS="835" WIDTH="72" HEIGHT="22" WC="0.92" CONTENT="denna"/><SP WIDTH="16" VPOS="835" HPOS="273"/>
							<String ID="string_152" HPOS="289" VPOS="837" WIDTH="162" HEIGHT="28" WC="0.92" CONTENT="omständighet"/><SP WIDTH="15" VPOS="837" HPOS="451"/>
							<String ID="string_153" HPOS="466" VPOS="839" WIDTH="39" HEIGHT="26" WC="0.96" CONTENT="gör"/><SP WIDTH="15" VPOS="839" HPOS="505"/>
							<String ID="string_154" HPOS="520" VPOS="838" WIDTH="37" HEIGHT="21" WC="0.96" CONTENT="det"/><SP WIDTH="16" VPOS="838" HPOS="557"/>
							<String ID="string_155" HPOS="573" VPOS="837" WIDTH="117" HEIGHT="27" WC="0.96" CONTENT="sannolikt,"/><SP WIDTH="12" VPOS="837" HPOS="690"/>
							<String ID="string_156" HPOS="702" VPOS="838" WIDTH="33" HEIGHT="21" WC="0.93" CONTENT="att"/><SP WIDTH="16" VPOS="838" HPOS="735"/>
							<String ID="string_157" HPOS="751" VPOS="837" WIDTH="104" HEIGHT="22" WC="0.93" CONTENT="kontrakt"/><SP WIDTH="14" VPOS="837" HPOS="855"/>
							<String ID="string_158" HPOS="869" VPOS="836" WIDTH="80" HEIGHT="22" WC="0.96" CONTENT="mellan"/>
						</TextLine>
						<TextLine ID="line_21" HPOS="202" VPOS="870" WIDTH="748" HEIGHT="29">
							<String ID="string_159" HPOS="202" VPOS="870" WIDTH="135" HEIGHT="26" WC="0.92" CONTENT="direktioner"/><SP WIDTH="15" VPOS="870" HPOS="337"/>
							<String ID="string_160" HPOS="352" VPOS="873" WIDTH="41" HEIGHT="21" WC="0.93" CONTENT="och"/><SP WIDTH="16" VPOS="873" HPOS="393"/>
							<String ID="string_161" HPOS="409" VPOS="872" WIDTH="178" HEIGHT="23" WC="0.92" CONTENT="folkskolelärare"/><SP WIDTH="21" VPOS="872" HPOS="587"/>
							<String ID="string_162" HPOS="608" VPOS="873" WIDTH="78" HEIGHT="22" WC="0.92" CONTENT="endast"/><SP WIDTH="10" VPOS="873" HPOS="686"/>
							<String ID="string_163" HPOS="696" VPOS="872" WIDTH="8" HEIGHT="22" WC="0.92" CONTENT="i"/><SP WIDTH="10" VPOS="872" HPOS="704"/>
							<String ID="string_164" HPOS="714" VPOS="872" WIDTH="163" HEIGHT="27" WC="0.92" CONTENT="undantagsfall"/><SP WIDTH="11" VPOS="872" HPOS="877"/>
							<String ID="string_165" HPOS="888" VPOS="872" WIDTH="62" HEIGHT="22" WC="0.96" CONTENT="skola"/>
						</TextLine>
						<TextLine ID="line_22" HPOS="200" VPOS="906" WIDTH="285" HEIGHT="30">
							<String ID="string_166" HPOS="200" VPOS="906" WIDTH="75" HEIGHT="23" WC="0.96" CONTENT="kunna"/><SP WIDTH="16" VPOS="906" HPOS="275"/>
							<String ID="string_167" HPOS="291" VPOS="907" WIDTH="88" HEIGHT="22" WC="0.96" CONTENT="komma"/><SP WIDTH="15" VPOS="907" HPOS="379"/>
							<String ID="string_168" HPOS="394" VPOS="908" WIDTH="7" HEIGHT="21" WC="0.93" CONTENT="i"/><SP WIDTH="16" VPOS="908" HPOS="401"/>
							<String ID="string_169" HPOS="417" VPOS="907" WIDTH="68" HEIGHT="29" WC="0.96" CONTENT="fråga."/>
						</TextLine>
					</TextBlock>
					<TextBlock ID="block_3" HPOS="199" VPOS="937" WIDTH="751" HEIGHT="532">
						<TextLine ID="line_23" HPOS="272" VPOS="937" WIDTH="677" HEIGHT="34">
							<String ID="string_170" HPOS="272" VPOS="937" WIDTH="69" HEIGHT="28" WC="0.92" CONTENT="Äfven"/><SP WIDTH="16" VPOS="937" HPOS="341"/>
							<String ID="string_171" HPOS="357" VPOS="943" WIDTH="42" HEIGHT="22" WC="0.93" CONTENT="den"/><SP WIDTH="16" VPOS="943" HPOS="399"/>
							<String ID="string_172" HPOS="415" VPOS="943" WIDTH="58" HEIGHT="28" WC="0.92" CONTENT="äsigt"/><SP WIDTH="14" VPOS="943" HPOS="473"/>
							<String ID="string_173" HPOS="487" VPOS="944" WIDTH="41" HEIGHT="21" WC="0.96" CONTENT="har"/><SP WIDTH="15" VPOS="944" HPOS="528"/>
							<String ID="string_174" HPOS="543" VPOS="944" WIDTH="57" HEIGHT="21" WC="0.93" CONTENT="inom"/><SP WIDTH="17" VPOS="944" HPOS="600"/>
							<String ID="string_175" HPOS="617" VPOS="944" WIDTH="110" HEIGHT="21" WC="0.87" CONTENT="utskottet"/><SP WIDTH="10" VPOS="944" HPOS="727"/>
							<String ID="string_176" HPOS="737" VPOS="944" WIDTH="51" HEIGHT="21" WC="0.93" CONTENT="sökt"/><SP WIDTH="9" VPOS="944" HPOS="788"/>
							<String ID="string_177" HPOS="797" VPOS="945" WIDTH="53" HEIGHT="26" WC="0.95" CONTENT="göra"/><SP WIDTH="11" VPOS="945" HPOS="850"/>
							<String ID="string_178" HPOS="861" VPOS="943" WIDTH="33" HEIGHT="28" WC="0.92" CONTENT="sig"/><SP WIDTH="10" VPOS="943" HPOS="894"/>
							<String ID="string_179" HPOS="904" VPOS="943" WIDTH="45" HEIGHT="28" WC="0.92" CONTENT="gäl-"/>
						</TextLine>
						<TextLine ID="line_24" HPOS="199" VPOS="977" WIDTH="749" HEIGHT="30">
							<String ID="string_180" HPOS="199" VPOS="977" WIDTH="72" HEIGHT="28" WC="0.96" CONTENT="lande,"/><SP WIDTH="12" VPOS="977" HPOS="271"/>
							<String ID="string_181" HPOS="283" VPOS="980" WIDTH="34" HEIGHT="20" WC="0.93" CONTENT="att"/><SP WIDTH="10" VPOS="980" HPOS="317"/>
							<String ID="string_182" HPOS="327" VPOS="978" WIDTH="76" HEIGHT="28" WC="0.96" CONTENT="frågan"/><SP WIDTH="15" VPOS="978" HPOS="403"/>
							<String ID="string_183" HPOS="418" VPOS="979" WIDTH="72" HEIGHT="22" WC="0.93" CONTENT="skulle"/><SP WIDTH="15" VPOS="979" HPOS="490"/>
							<String ID="string_184" HPOS="505" VPOS="979" WIDTH="68" HEIGHT="22" WC="0.96" CONTENT="ordna"/><SP WIDTH="15" VPOS="979" HPOS="573"/>
							<String ID="string_185" HPOS="588" VPOS="979" WIDTH="34" HEIGHT="28" WC="0.97" CONTENT="sig"/><SP WIDTH="15" VPOS="979" HPOS="622"/>
							<String ID="string_186" HPOS="637" VPOS="979" WIDTH="24" HEIGHT="22" WC="0.96" CONTENT="af"/><SP WIDTH="13" VPOS="979" HPOS="661"/>
							<String ID="string_187" HPOS="674" VPOS="979" WIDTH="33" HEIGHT="27" WC="0.93" CONTENT="sig"/><SP WIDTH="16" VPOS="979" HPOS="707"/>
							<String ID="string_188" HPOS="723" VPOS="979" WIDTH="57" HEIGHT="28" WC="0.35" CONTENT="själf,"/><SP WIDTH="9" VPOS="979" HPOS="780"/>
							<String ID="string_189" HPOS="789" VPOS="980" WIDTH="25" HEIGHT="21" WC="0.35" CONTENT="så"/><SP WIDTH="15" VPOS="980" HPOS="814"/>
							<String ID="string_190" HPOS="829" VPOS="981" WIDTH="61" HEIGHT="20" WC="0.96" CONTENT="snart"/><SP WIDTH="14" VPOS="981" HPOS="890"/>
							<String ID="string_191" HPOS="904" VPOS="979" WIDTH="44" HEIGHT="22" WC="0.82" CONTENT="till"/>
						</TextLine>
						<TextLine ID="line_25" HPOS="200" VPOS="1013" WIDTH="748" HEIGHT="30">
							<String ID="string_192" HPOS="200" VPOS="1013" WIDTH="84" HEIGHT="28" WC="0.91" CONTENT="räcklig"/><SP WIDTH="22" VPOS="1013" HPOS="284"/>
							<String ID="string_193" HPOS="306" VPOS="1014" WIDTH="93" HEIGHT="28" WC="0.96" CONTENT="tillgång"/><SP WIDTH="20" VPOS="1014" HPOS="399"/>
							<String ID="string_194" HPOS="419" VPOS="1016" WIDTH="28" HEIGHT="26" WC="0.93" CONTENT="pä"/><SP WIDTH="16" VPOS="1016" HPOS="447"/>
							<String ID="string_195" HPOS="463" VPOS="1015" WIDTH="177" HEIGHT="22" WC="0.92" CONTENT="folkskolelärare"/><SP WIDTH="23" VPOS="1015" HPOS="640"/>
							<String ID="string_196" HPOS="663" VPOS="1015" WIDTH="87" HEIGHT="22" WC="0.95" CONTENT="komme"/><SP WIDTH="23" VPOS="1015" HPOS="750"/>
							<String ID="string_197" HPOS="773" VPOS="1016" WIDTH="34" HEIGHT="21" WC="0.93" CONTENT="att"/><SP WIDTH="14" VPOS="1016" HPOS="807"/>
							<String ID="string_198" HPOS="821" VPOS="1014" WIDTH="127" HEIGHT="29" WC="0.93" CONTENT="förefinnas;"/>
						</TextLine>
						<TextLine ID="line_26" HPOS="200" VPOS="1049" WIDTH="749" HEIGHT="29">
							<String ID="string_199" HPOS="200" VPOS="1055" WIDTH="50" HEIGHT="16" WC="0.93" CONTENT="men"/><SP WIDTH="17" VPOS="1055" HPOS="250"/>
							<String ID="string_200" HPOS="267" VPOS="1049" WIDTH="47" HEIGHT="22" WC="0.91" CONTENT="icke"/><SP WIDTH="15" VPOS="1049" HPOS="314"/>
							<String ID="string_201" HPOS="329" VPOS="1050" WIDTH="69" HEIGHT="22" WC="0.96" CONTENT="heller"/><SP WIDTH="16" VPOS="1050" HPOS="398"/>
							<String ID="string_202" HPOS="414" VPOS="1051" WIDTH="71" HEIGHT="22" WC="0.96" CONTENT="denna"/><SP WIDTH="22" VPOS="1051" HPOS="485"/>
							<String ID="string_203" HPOS="507" VPOS="1051" WIDTH="142" HEIGHT="27" WC="0.96" CONTENT="uppfattning"/><SP WIDTH="22" VPOS="1051" HPOS="649"/>
							<String ID="string_204" HPOS="671" VPOS="1051" WIDTH="40" HEIGHT="22" WC="0.96" CONTENT="har"/><SP WIDTH="16" VPOS="1051" HPOS="711"/>
							<String ID="string_205" HPOS="727" VPOS="1051" WIDTH="85" HEIGHT="22" WC="0.96" CONTENT="kunnat"/><SP WIDTH="15" VPOS="1051" HPOS="812"/>
							<String ID="string_206" HPOS="827" VPOS="1051" WIDTH="24" HEIGHT="22" WC="0.93" CONTENT="af"/><SP WIDTH="13" VPOS="1051" HPOS="851"/>
							<String ID="string_207" HPOS="864" VPOS="1051" WIDTH="85" HEIGHT="22" WC="0.93" CONTENT="utskot-"/>
						</TextLine>
						<TextLine ID="line_27" HPOS="199" VPOS="1085" WIDTH="750" HEIGHT="30">
							<String ID="string_208" HPOS="199" VPOS="1086" WIDTH="44" HEIGHT="21" WC="0.91" CONTENT="tets"/><SP WIDTH="16" VPOS="1086" HPOS="243"/>
							<String ID="string_209" HPOS="259" VPOS="1085" WIDTH="112" HEIGHT="28" WC="0.91" CONTENT="majoritet"/><SP WIDTH="23" VPOS="1085" HPOS="371"/>
							<String ID="string_210" HPOS="394" VPOS="1086" WIDTH="110" HEIGHT="22" WC="0.93" CONTENT="omfattas."/><SP WIDTH="31" VPOS="1086" HPOS="504"/>
							<String ID="string_211" HPOS="535" VPOS="1086" WIDTH="156" HEIGHT="23" WC="0.89" CONTENT="Erfarenheten"/><SP WIDTH="15" VPOS="1086" HPOS="691"/>
							<String ID="string_212" HPOS="706" VPOS="1087" WIDTH="40" HEIGHT="21" WC="0.96" CONTENT="har"/><SP WIDTH="15" VPOS="1087" HPOS="746"/>
							<String ID="string_213" HPOS="761" VPOS="1086" WIDTH="110" HEIGHT="28" WC="0.96" CONTENT="nämligen"/><SP WIDTH="15" VPOS="1086" HPOS="871"/>
							<String ID="string_214" HPOS="886" VPOS="1087" WIDTH="63" HEIGHT="28" WC="0.97" CONTENT="visat,"/>
						</TextLine>
						<TextLine ID="line_28" HPOS="199" VPOS="1121" WIDTH="751" HEIGHT="29">
							<String ID="string_215" HPOS="199" VPOS="1122" WIDTH="34" HEIGHT="20" WC="0.93" CONTENT="att"/><SP WIDTH="15" VPOS="1122" HPOS="233"/>
							<String ID="string_216" HPOS="248" VPOS="1121" WIDTH="162" HEIGHT="28" WC="0.90" CONTENT="tjänstebytena"/><SP WIDTH="23" VPOS="1121" HPOS="410"/>
							<String ID="string_217" HPOS="433" VPOS="1122" WIDTH="63" HEIGHT="21" WC="0.92" CONTENT="ökats"/><SP WIDTH="23" VPOS="1122" HPOS="496"/>
							<String ID="string_218" HPOS="519" VPOS="1121" WIDTH="7" HEIGHT="22" WC="0.94" CONTENT="i"/><SP WIDTH="24" VPOS="1121" HPOS="526"/>
							<String ID="string_219" HPOS="550" VPOS="1128" WIDTH="83" HEIGHT="15" WC="0.93" CONTENT="samma"/><SP WIDTH="18" VPOS="1128" HPOS="633"/>
							<String ID="string_220" HPOS="651" VPOS="1122" WIDTH="134" HEIGHT="28" WC="0.90" CONTENT="proportion,"/><SP WIDTH="20" VPOS="1122" HPOS="785"/>
							<String ID="string_221" HPOS="805" VPOS="1129" WIDTH="46" HEIGHT="15" WC="0.96" CONTENT="som"/><SP WIDTH="16" VPOS="1129" HPOS="851"/>
							<String ID="string_222" HPOS="867" VPOS="1123" WIDTH="83" HEIGHT="22" WC="0.96" CONTENT="antalet"/>
						</TextLine>
						<TextLine ID="line_29" HPOS="200" VPOS="1155" WIDTH="749" HEIGHT="30">
							<String ID="string_223" HPOS="200" VPOS="1155" WIDTH="24" HEIGHT="22" WC="0.90" CONTENT="af"/><SP WIDTH="26" VPOS="1155" HPOS="224"/>
							<String ID="string_224" HPOS="250" VPOS="1156" WIDTH="121" HEIGHT="22" WC="0.94" CONTENT="folkskolor"/><SP WIDTH="27" VPOS="1156" HPOS="371"/>
							<String ID="string_225" HPOS="398" VPOS="1157" WIDTH="41" HEIGHT="22" WC="0.93" CONTENT="och"/><SP WIDTH="28" VPOS="1157" HPOS="439"/>
							<String ID="string_226" HPOS="467" VPOS="1157" WIDTH="177" HEIGHT="22" WC="0.92" CONTENT="folkskolelärare"/><SP WIDTH="28" VPOS="1157" HPOS="644"/>
							<String ID="string_227" HPOS="672" VPOS="1157" WIDTH="99" HEIGHT="28" WC="0.51" CONTENT="tilltagit,"/><SP WIDTH="28" VPOS="1157" HPOS="771"/>
							<String ID="string_228" HPOS="799" VPOS="1159" WIDTH="73" HEIGHT="26" WC="0.96" CONTENT="något,"/><SP WIDTH="31" VPOS="1159" HPOS="872"/>
							<String ID="string_229" HPOS="903" VPOS="1164" WIDTH="46" HEIGHT="16" WC="0.96" CONTENT="som"/>
						</TextLine>
						<TextLine ID="line_30" HPOS="201" VPOS="1191" WIDTH="748" HEIGHT="30">
							<String ID="string_230" HPOS="201" VPOS="1191" WIDTH="105" HEIGHT="23" WC="0.96" CONTENT="särskildt"/><SP WIDTH="25" VPOS="1191" HPOS="306"/>
							<String ID="string_231" HPOS="331" VPOS="1192" WIDTH="146" HEIGHT="23" WC="0.96" CONTENT="förhållandet"/><SP WIDTH="25" VPOS="1192" HPOS="477"/>
							<String ID="string_232" HPOS="502" VPOS="1193" WIDTH="69" HEIGHT="21" WC="0.96" CONTENT="under"/><SP WIDTH="22" VPOS="1193" HPOS="571"/>
							<String ID="string_233" HPOS="593" VPOS="1193" WIDTH="27" HEIGHT="21" WC="0.93" CONTENT="de"/><SP WIDTH="23" VPOS="1193" HPOS="620"/>
							<String ID="string_234" HPOS="643" VPOS="1195" WIDTH="87" HEIGHT="20" WC="0.96" CONTENT="senaste"/><SP WIDTH="23" VPOS="1195" HPOS="730"/>
							<String ID="string_235" HPOS="753" VPOS="1195" WIDTH="52" HEIGHT="20" WC="0.96" CONTENT="åren"/><SP WIDTH="22" VPOS="1195" HPOS="805"/>
							<String ID="string_236" HPOS="827" VPOS="1200" WIDTH="63" HEIGHT="21" WC="0.92" CONTENT="synes"/><SP WIDTH="22" VPOS="1200" HPOS="890"/>
							<String ID="string_237" HPOS="912" VPOS="1194" WIDTH="37" HEIGHT="22" WC="0.90" CONTENT="be-"/>
						</TextLine>
						<TextLine ID="line_31" HPOS="201" VPOS="1227" WIDTH="749" HEIGHT="30">
							<String ID="string_238" HPOS="201" VPOS="1227" WIDTH="81" HEIGHT="27" WC="0.93" CONTENT="styrka."/><SP WIDTH="23" VPOS="1227" HPOS="282"/>
							<String ID="string_239" HPOS="305" VPOS="1227" WIDTH="107" HEIGHT="22" WC="0.91" CONTENT="Häremot"/><SP WIDTH="10" VPOS="1227" HPOS="412"/>
							<String ID="string_240" HPOS="422" VPOS="1229" WIDTH="72" HEIGHT="21" WC="0.96" CONTENT="kunde"/><SP WIDTH="11" VPOS="1229" HPOS="494"/>
							<String ID="string_241" HPOS="505" VPOS="1228" WIDTH="127" HEIGHT="27" WC="0.93" CONTENT="visserligen"/><SP WIDTH="11" VPOS="1228" HPOS="632"/>
							<String ID="string_242" HPOS="643" VPOS="1228" WIDTH="105" HEIGHT="23" WC="0.92" CONTENT="invändas"/><SP WIDTH="11" VPOS="1228" HPOS="748"/>
							<String ID="string_243" HPOS="759" VPOS="1230" WIDTH="34" HEIGHT="21" WC="0.96" CONTENT="att"/><SP WIDTH="10" VPOS="1230" HPOS="793"/>
							<String ID="string_244" HPOS="803" VPOS="1231" WIDTH="25" HEIGHT="20" WC="0.96" CONTENT="så"/><SP WIDTH="10" VPOS="1231" HPOS="828"/>
							<String ID="string_245" HPOS="838" VPOS="1231" WIDTH="60" HEIGHT="20" WC="0.96" CONTENT="snart"/><SP WIDTH="10" VPOS="1231" HPOS="898"/>
							<String ID="string_246" HPOS="908" VPOS="1236" WIDTH="42" HEIGHT="21" WC="0.96" CONTENT="nya"/>
						</TextLine>
						<TextLine ID="line_32" HPOS="200" VPOS="1262" WIDTH="750" HEIGHT="29">
							<String ID="string_247" HPOS="200" VPOS="1262" WIDTH="121" HEIGHT="23" WC="0.96" CONTENT="folkskolor"/><SP WIDTH="15" VPOS="1262" HPOS="321"/>
							<String ID="string_248" HPOS="336" VPOS="1263" WIDTH="20" HEIGHT="27" WC="0.96" CONTENT="ej"/><SP WIDTH="24" VPOS="1263" HPOS="356"/>
							<String ID="string_249" HPOS="380" VPOS="1270" WIDTH="60" HEIGHT="16" WC="0.96" CONTENT="mera"/><SP WIDTH="23" VPOS="1270" HPOS="440"/>
							<String ID="string_250" HPOS="463" VPOS="1264" WIDTH="100" HEIGHT="27" WC="0.96" CONTENT="inrättas,"/><SP WIDTH="16" VPOS="1264" HPOS="563"/>
							<String ID="string_251" HPOS="579" VPOS="1263" WIDTH="62" HEIGHT="23" WC="0.96" CONTENT="skola"/><SP WIDTH="22" VPOS="1263" HPOS="641"/>
							<String ID="string_252" HPOS="663" VPOS="1264" WIDTH="64" HEIGHT="22" WC="0.97" CONTENT="äfven"/><SP WIDTH="24" VPOS="1264" HPOS="727"/>
							<String ID="string_253" HPOS="751" VPOS="1265" WIDTH="27" HEIGHT="22" WC="0.96" CONTENT="de"/><SP WIDTH="20" VPOS="1265" HPOS="778"/>
							<String ID="string_254" HPOS="798" VPOS="1265" WIDTH="102" HEIGHT="22" WC="0.96" CONTENT="tillfällen"/><SP WIDTH="15" VPOS="1265" HPOS="900"/>
							<String ID="string_255" HPOS="915" VPOS="1265" WIDTH="35" HEIGHT="22" WC="0.96" CONTENT="till"/>
						</TextLine>
						<TextLine ID="line_33" HPOS="201" VPOS="1298" WIDTH="749" HEIGHT="30">
							<String ID="string_256" HPOS="201" VPOS="1298" WIDTH="88" HEIGHT="28" WC="0.96" CONTENT="ombyte"/><SP WIDTH="10" VPOS="1298" HPOS="289"/>
							<String ID="string_257" HPOS="299" VPOS="1298" WIDTH="30" HEIGHT="29" WC="0.93" CONTENT="af"/><SP WIDTH="14" VPOS="1298" HPOS="329"/>
							<String ID="string_258" HPOS="343" VPOS="1299" WIDTH="68" HEIGHT="27" WC="0.92" CONTENT="tjenst"/><SP WIDTH="15" VPOS="1299" HPOS="411"/>
							<String ID="string_259" HPOS="426" VPOS="1300" WIDTH="105" HEIGHT="28" WC="0.96" CONTENT="upphöra,"/><SP WIDTH="8" VPOS="1300" HPOS="531"/>
							<String ID="string_260" HPOS="539" VPOS="1305" WIDTH="48" HEIGHT="17" WC="0.96" CONTENT="som"/><SP WIDTH="10" VPOS="1305" HPOS="587"/>
							<String ID="string_261" HPOS="597" VPOS="1306" WIDTH="31" HEIGHT="15" WC="0.96" CONTENT="nu"/><SP WIDTH="15" VPOS="1306" HPOS="628"/>
							<String ID="string_262" HPOS="643" VPOS="1300" WIDTH="90" HEIGHT="28" WC="0.96" CONTENT="erbjuda"/><SP WIDTH="16" VPOS="1300" HPOS="733"/>
							<String ID="string_263" HPOS="749" VPOS="1300" WIDTH="34" HEIGHT="28" WC="0.96" CONTENT="sig"/><SP WIDTH="16" VPOS="1300" HPOS="783"/>
							<String ID="string_264" HPOS="799" VPOS="1301" WIDTH="28" HEIGHT="21" WC="0.96" CONTENT="då"/><SP WIDTH="14" VPOS="1301" HPOS="827"/>
							<String ID="string_265" HPOS="841" VPOS="1302" WIDTH="70" HEIGHT="26" WC="0.96" CONTENT="någon"/><SP WIDTH="11" VPOS="1302" HPOS="911"/>
							<String ID="string_266" HPOS="922" VPOS="1308" WIDTH="28" HEIGHT="20" WC="0.96" CONTENT="ny"/>
						</TextLine>
						<TextLine ID="line_34" HPOS="200" VPOS="1334" WIDTH="750" HEIGHT="30">
							<String ID="string_267" HPOS="200" VPOS="1334" WIDTH="110" HEIGHT="22" WC="0.96" CONTENT="folkskola"/><SP WIDTH="9" VPOS="1334" HPOS="310"/>
							<String ID="string_268" HPOS="319" VPOS="1337" WIDTH="90" HEIGHT="25" WC="0.96" CONTENT="öppnas."/><SP WIDTH="15" VPOS="1337" HPOS="409"/>
							<String ID="string_269" HPOS="424" VPOS="1335" WIDTH="51" HEIGHT="23" WC="0.96" CONTENT="Men"/><SP WIDTH="13" VPOS="1335" HPOS="475"/>
							<String ID="string_270" HPOS="488" VPOS="1336" WIDTH="63" HEIGHT="22" WC="0.96" CONTENT="äfven"/><SP WIDTH="13" VPOS="1336" HPOS="551"/>
							<String ID="string_271" HPOS="564" VPOS="1342" WIDTH="27" HEIGHT="16" WC="0.96" CONTENT="en"/><SP WIDTH="13" VPOS="1342" HPOS="591"/>
							<String ID="string_272" HPOS="604" VPOS="1336" WIDTH="64" HEIGHT="28" WC="0.96" CONTENT="ringa"/><SP WIDTH="12" VPOS="1336" HPOS="668"/>
							<String ID="string_273" HPOS="680" VPOS="1336" WIDTH="123" HEIGHT="23" WC="0.96" CONTENT="kännedom"/><SP WIDTH="8" VPOS="1336" HPOS="803"/>
							<String ID="string_274" HPOS="811" VPOS="1342" WIDTH="36" HEIGHT="16" WC="0.95" CONTENT="om"/><SP WIDTH="8" VPOS="1342" HPOS="847"/>
							<String ID="string_275" HPOS="855" VPOS="1337" WIDTH="95" HEIGHT="22" WC="0.96" CONTENT="rådande"/>
						</TextLine>
						<TextLine ID="line_35" HPOS="200" VPOS="1369" WIDTH="749" HEIGHT="30">
							<String ID="string_276" HPOS="200" VPOS="1369" WIDTH="152" HEIGHT="23" WC="0.96" CONTENT="förhållanden"/><SP WIDTH="16" VPOS="1369" HPOS="352"/>
							<String ID="string_277" HPOS="368" VPOS="1371" WIDTH="58" HEIGHT="21" WC="0.95" CONTENT="visar"/><SP WIDTH="14" VPOS="1371" HPOS="426"/>
							<String ID="string_278" HPOS="440" VPOS="1371" WIDTH="36" HEIGHT="22" WC="0.95" CONTENT="till"/><SP WIDTH="10" VPOS="1371" HPOS="476"/>
							<String ID="string_279" HPOS="486" VPOS="1371" WIDTH="53" HEIGHT="22" WC="0.96" CONTENT="fullo"/><SP WIDTH="11" VPOS="1371" HPOS="539"/>
							<String ID="string_280" HPOS="550" VPOS="1373" WIDTH="34" HEIGHT="20" WC="0.96" CONTENT="att"/><SP WIDTH="15" VPOS="1373" HPOS="584"/>
							<String ID="string_281" HPOS="599" VPOS="1372" WIDTH="43" HEIGHT="22" WC="0.96" CONTENT="den"/><SP WIDTH="10" VPOS="1372" HPOS="642"/>
							<String ID="string_282" HPOS="652" VPOS="1372" WIDTH="111" HEIGHT="27" WC="0.96" CONTENT="tidpunkt,"/><SP WIDTH="9" VPOS="1372" HPOS="763"/>
							<String ID="string_283" HPOS="772" VPOS="1372" WIDTH="28" HEIGHT="21" WC="0.96" CONTENT="då"/><SP WIDTH="10" VPOS="1372" HPOS="800"/>
							<String ID="string_284" HPOS="810" VPOS="1374" WIDTH="33" HEIGHT="20" WC="0.93" CONTENT="ett"/><SP WIDTH="10" VPOS="1374" HPOS="843"/>
							<String ID="string_285" HPOS="853" VPOS="1372" WIDTH="96" HEIGHT="22" WC="0.92" CONTENT="tillräck-"/>
						</TextLine>
						<TextLine ID="line_36" HPOS="199" VPOS="1406" WIDTH="751" HEIGHT="29">
							<String ID="string_286" HPOS="199" VPOS="1406" WIDTH="42" HEIGHT="26" WC="0.96" CONTENT="ligt"/><SP WIDTH="14" VPOS="1406" HPOS="241"/>
							<String ID="string_287" HPOS="255" VPOS="1406" WIDTH="65" HEIGHT="21" WC="0.93" CONTENT="antal"/><SP WIDTH="11" VPOS="1406" HPOS="320"/>
							<String ID="string_288" HPOS="331" VPOS="1406" WIDTH="202" HEIGHT="22" WC="0.40" CONTENT="folkskolor:::skall"/><SP WIDTH="10" VPOS="1406" HPOS="533"/>
							<String ID="string_289" HPOS="543" VPOS="1408" WIDTH="73" HEIGHT="22" WC="0.92" CONTENT="finnas"/><SP WIDTH="15" VPOS="1408" HPOS="616"/>
							<String ID="string_290" HPOS="631" VPOS="1409" WIDTH="11" HEIGHT="20" WC="0.96" CONTENT="i"/><SP WIDTH="12" VPOS="1409" HPOS="642"/>
							<String ID="string_291" HPOS="654" VPOS="1402" WIDTH="121" HEIGHT="37" WC="0.87" CONTENT="värt:lend,"/><SP WIDTH="14" VPOS="1402" HPOS="775"/>
							<String ID="string_292" HPOS="789" VPOS="1402" WIDTH="161" HEIGHT="37" WC="0.48" CONTENT="torde:ligga.i"/>
						</TextLine>
						<TextLine ID="line_37" HPOS="199" VPOS="1440" WIDTH="309" HEIGHT="29">
							<String ID="string_293" HPOS="199" VPOS="1446" WIDTH="28" HEIGHT="17" WC="0.96" CONTENT="en"/><SP WIDTH="15" VPOS="1446" HPOS="227"/>
							<String ID="string_294" HPOS="242" VPOS="1447" WIDTH="45" HEIGHT="21" WC="0.93" CONTENT="nog"/><SP WIDTH="14" VPOS="1447" HPOS="287"/>
							<String ID="string_295" HPOS="301" VPOS="1440" WIDTH="95" HEIGHT="29" WC="0.91" CONTENT="aflägsen"/><SP WIDTH="15" VPOS="1440" HPOS="396"/>
							<String ID="string_296" HPOS="411" VPOS="1441" WIDTH="97" HEIGHT="23" WC="0.96" CONTENT="framtid."/>
						</TextLine>
					</TextBlock>
					<TextBlock ID="block_4" HPOS="284" VPOS="1483" WIDTH="540" HEIGHT="23">
						<TextLine ID="line_38" HPOS="284" VPOS="1483" WIDTH="540" HEIGHT="23">
							<String ID="string_297" HPOS="284" VPOS="1483" WIDTH="107" HEIGHT="21" WC="0.93" CONTENT="Allmänna"/><SP WIDTH="15" VPOS="1483" HPOS="391"/>
							<String ID="string_298" HPOS="406" VPOS="1484" WIDTH="183" HEIGHT="21" WC="0.86" CONTENT="Besvärsutskottets"/><SP WIDTH="15" VPOS="1484" HPOS="589"/>
							<String ID="string_299" HPOS="604" VPOS="1484" WIDTH="117" HEIGHT="21" WC="0.96" CONTENT="betänkande"/><SP WIDTH="15" VPOS="1484" HPOS="721"/>
							<String ID="string_300" HPOS="736" VPOS="1485" WIDTH="39" HEIGHT="21" WC="0.95" CONTENT="N:o"/><SP WIDTH="15" VPOS="1485" HPOS="775"/>
							<String ID="string_301" HPOS="790" VPOS="1485" WIDTH="34" HEIGHT="21" WC="0.94" CONTENT="15."/>
						</TextLine>
					</TextBlock>
				</ComposedBlock>
			</PrintSpace>
		</Page>
	</Layout>
</alto>
