1061 1717
247 98 12 22 2
343 98 79 23 Ständ.
440 99 50 22 Pet.
506 112 27 2 —
549 100 168 22 Petitionsbet.
733 99 38 23 N:o
785 99 34 22 31.

218 161 57 29 vigt,
300 163 34 20 att
353 162 71 28 sagda
443 162 107 22 landsdel
567 162 53 22 med
636 162 42 22 allt
693 162 85 22 fastare
794 162 95 29 andliga
903 162 65 22 band

218 196 85 28 knytes
325 196 41 22 vid
388 196 39 22 det
442 197 74 28 öfriga
533 196 111 27 Finland,
658 197 71 21 hafva
745 196 131 22 Ständerna
890 198 79 21 ansett

219 230 40 22 det
274 230 74 22 såsom
363 238 29 14 en
407 230 110 30 oafvislig
530 231 63 29 pligt
608 233 35 20 att
656 231 93 22 förorda
763 231 152 22 förevarande
928 239 39 21 pe-

219 264 96 22 titioner
329 265 96 22 rörande
440 266 107 21 Joensuu
562 266 114 21 läroverk.
700 266 113 21 Häremot
822 265 78 23 kunde
910 265 57 29 möj-

217 299 65 29 ligen
297 299 120 27 invändas,
436 302 35 19 att
485 307 53 14 man
553 300 9 21 i
577 300 106 22 Joensuu
697 300 49 21 lika
760 300 45 26 väl,
821 307 50 15 som
885 306 84 16 annor-

219 333 77 22 städes
310 334 9 20 i
333 334 86 26 landet,
442 341 54 15 vore
512 334 8 21 i
535 334 94 22 tillfälle
650 336 36 20 att
699 334 30 29 på
745 334 103 22 enskildt
862 334 106 22 initiativ

217 368 159 28 åvägabringa
385 368 259 29 komplementsklasser
654 369 39 21 till
703 369 45 21 den
755 369 136 21 nuvarande
900 370 68 20 stats-

218 402 89 23 skolan.
335 403 55 21 Men
404 410 53 14 man
472 403 99 21 förbiser
593 403 91 28 härvid,
700 405 35 20 att
753 403 93 21 stadens
867 403 101 22 afskilda

218 437 52 28 läge
292 437 9 22 i
323 437 71 29 högre
408 438 64 28 grad,
492 441 29 18 än
536 438 14 21 &
565 438 28 21 de
608 438 68 21 flesta
692 438 71 21 andra
779 440 62 20 orter
855 438 9 21 i
878 437 89 28 landet,

217 472 116 21 försvårar
349 472 161 22 anskaffandet
520 473 25 21 af
554 473 98 28 dugliga
659 473 170 21 lärarekrafter.
845 473 34 21 På
888 472 80 27 sätt
944 468 27 38 af

217 506 169 29 underdånigst
399 507 95 28 bilagda
507 507 124 29 protokoll,
645 507 63 22 fördt
722 507 41 22 vid
789 515 88 14 Joensuu
892 507 75 22 stads-

217 540 160 29 fullmäktiges
392 542 169 21 sammanträde
577 542 45 21 den
638 543 25 20 21
680 541 99 22 Januari
792 543 54 20 1885
857 541 109 28 framgår,

217 575 42 22 har
274 576 105 21 Joensuu
399 576 52 22 stad
466 576 44 22 och
524 577 150 21 handlanden
689 576 120 22 derstädes
822 577 80 20 Petter
910 576 56 21 Par-

217 610 95 22 viainen
327 610 75 22 under
415 611 63 21 vissa
492 611 9 21 i
516 611 98 22 berörda
627 611 117 29 protokoll
753 614 106 19 närmare
870 610 97 29 angifna

217 644 76 22 vilkor
308 645 73 21 utfäst
400 645 42 29 sig,
462 647 40 24 att,
522 645 52 22 ifall
594 646 40 21 det
655 645 158 29 fyraklassiga
834 645 132 22 läroverket

217 679 118 22 derstädes
357 680 109 29 utvidgas
489 680 38 21 till
547 682 34 19 ett
601 680 151 29 fullständigt
766 679 150 29 ättaklassigt
931 679 36 29 ly-

217 720 71 20 ceum,
305 714 73 21 såsom
393 714 84 29 bidrag
491 715 38 20 till
543 714 145 29 uppförande
697 715 26 21 af
731 714 103 27 skolhus,
845 714 121 22 kostnads-

215 747 53 22 fritt
289 748 96 29 upplåta
407 749 36 21 för
466 749 132 22 ändamålet
619 749 85 28 nödigt
719 749 148 28 jordområde
883 748 82 22 samt
951 743 18 40 i

216 782 115 22 särskilda
345 785 61 19 rater
420 783 95 29 erlägga
536 783 170 29 sammanlagdt
721 784 187 21 trettiotretusen
923 783 43 21 fin-

216 816 41 22 ska
269 817 73 22 mark.
370 817 74 22 Dessa
467 818 77 21 anbud
566 818 66 21 torde
656 818 69 21 äfven
740 818 8 21 i
763 818 37 21 sin
815 819 53 20 mån
882 817 84 22 bevisa

215 851 60 22 huru
292 851 71 29 lifligt
378 852 73 21 kändt
472 852 112 22 behofvet
606 853 26 21 af
651 852 178 29 ifrågavarande
845 851 119 23 läroverks

215 885 142 29 utvidgning
371 887 31 28 på
416 889 67 19 orten
498 891 30 18 är.

282 920 71 22 Hvad
377 921 71 21 sedan
471 921 28 21 de
521 921 200 28 petitionsförslag
745 921 116 26 beträffar,
883 921 82 21 hvilka

215 954 78 28 åsyfta
313 954 76 22 finska
407 955 143 22 läroverkets
569 955 9 22 i
597 955 148 29 Björneborg
765 955 144 28 utvidgande
925 955 39 21 till

215 990 34 19 ett
263 988 149 29 åttaklassigt
432 989 99 28 lyceum,
553 989 71 22 hafva
647 989 131 22 Ständerna
795 989 42 22 vid
851 989 113 29 pröfning

214 1022 70 22 häraf
300 1023 8 21 i
328 1023 96 22 främsta
445 1025 99 20 rummet
566 1024 82 21 länkat
662 1024 37 21 sin
713 1023 205 30 uppmärksamhet
933 1024 31 28 på

214 1057 141 22 elevantalet
369 1058 36 21 uti
419 1058 157 29 Björneborgs
594 1059 174 28 finskspråkiga
788 1058 175 21 läroinrättnin-

213 1099 43 21 gar
278 1092 74 21 under
373 1092 28 22 de
424 1093 155 22 sistförflutna
606 1093 62 21 åren.
705 1093 92 21 Härvid
818 1093 42 21 har
875 1093 40 21 det
928 1092 36 22 vi-

214 1128 36 19 sat
273 1126 42 29 sig,
339 1129 34 19 att
394 1127 157 29 Björneborgs
573 1127 77 22 finska
671 1127 177 29 privatlyceum,
866 1134 49 14 som
930 1126 33 22 in-

213 1160 102 22 rättades
331 1168 37 14 om
382 1161 83 22 hösten
481 1163 61 27 1879,
564 1161 75 22 under
652 1161 74 22 första
740 1161 99 22 läseåret
853 1161 109 22 besöktes

213 1194 26 22 af
251 1195 29 22 40
295 1195 85 28 elever;
396 1195 74 22 under
485 1196 40 22 det
539 1196 73 22 andra
628 1197 138 22 1880—1881
782 1195 94 29 belöpte
886 1195 36 28 sig
932 1195 31 28 på

212 1229 41 22 två
268 1229 89 22 klasser
371 1229 141 22 elevantalet
526 1238 42 21 per
583 1231 63 21 klass
657 1225 41 39 till
705 1230 6 21 i
718 1230 111 22 medeltal
838 1231 27 20 29
875 1229 87 29 lärjun-

212 1270 49 22 gar,
280 1264 138 23 1881—1882
432 1265 31 29 på
477 1267 35 19 tre
528 1265 89 21 klasser
630 1265 10 21 i
654 1264 110 22 medeltal
779 1264 38 21 till
830 1265 34 26 28,
876 1265 86 22 1882—

215 1299 54 21 1883
284 1299 31 28 på
329 1298 52 29 fyra
396 1298 88 22 klasser
498 1299 38 21 till
549 1300 36 27 29,
601 1300 80 22 1883—
687 1300 61 27 1884,
759 1299 30 22 dä
799 1299 45 21 den
855 1299 73 21 första
938 1298 26 22 af

212 1334 77 20 staten
311 1333 137 29 öfvertagna
468 1333 93 22 klassen
583 1334 103 28 begynte
709 1333 36 22 sin
760 1333 154 27 verksamhet,
930 1333 31 28 på

212 1367 47 21 fem
273 1367 89 22 klasser
376 1368 38 21 till
428 1368 27 22 29
470 1368 44 22 och
529 1368 73 22 under
617 1368 100 22 läseäret
728 1368 141 22 1884—1885
879 1368 30 28 på
919 1374 41 14 sex

211 1401 90 22 klasser
319 1402 39 22 till
371 1402 9 22 i
394 1402 110 22 medeltal
519 1403 28 22 28
562 1402 77 22 olever
653 1410 42 22 per
709 1402 70 22 klass.
804 1402 77 22 Häraf
890 1402 70 21 fram-
