1061 1717
229 100 30 22 26
402 100 239 23 Petitionsbetänkande
656 100 36 22 N:o
709 98 34 24 31.

201 166 90 27 trakter,
315 166 39 22 der
376 166 122 22 Ständerna
522 167 36 21 vid
577 167 40 21 sist
633 166 102 22 förflutna
751 166 105 26 landtdag
871 166 80 26 ansågo

198 207 42 21 nya
264 201 74 22 skolor
360 208 52 16 vara
427 202 115 28 behöfliga,
559 204 75 25 måtte,
651 202 72 22 såvidt
741 202 64 21 deras
821 201 131 28 principaler

198 237 74 22 dertill
294 237 83 28 bifalla,
402 237 123 29 öfvertagas
550 238 23 22 af
595 240 72 20 staten
691 237 48 22 från
763 237 39 22 och
822 237 50 21 med
887 239 64 19 nästa

197 272 143 22 hösttermins
362 273 76 28 början
462 274 36 21 för
512 276 34 19 att
562 274 67 21 sedan
646 273 114 22 fortsättas
776 273 40 21 och
831 272 96 22 utbildas
945 273 6 20 i

198 307 225 24 öfverensstämmelse
446 310 50 21 med
517 310 38 21 det
571 311 81 25 system
674 309 33 21 för
722 308 166 27 statsskolorna,
904 312 51 18 som

197 344 44 22 kan
272 345 68 21 varda
369 345 108 27 antaget.”
508 345 74 22 Jämte
611 345 62 21 detta
702 344 111 22 allmänna
837 344 114 22 uttalande

199 379 132 23 förordnade
347 381 108 21 utskottet
472 381 6 21 i
495 382 33 20 ett
543 380 105 22 särskildt
664 380 149 22 betänkande:

271 424 45 27 pätt
341 424 33 20 ett
398 422 141 28 fullständigt
565 422 220 23 elementarläroverk
801 422 49 21 med
867 421 83 22 finskan

199 463 47 16 som
268 458 233 28 undervisningsspräk
528 459 69 21 mätte
621 458 24 22 af
659 459 72 21 staten
747 458 93 21 inrättas
856 457 39 22 och
911 464 39 21 up-

198 493 99 27 pehällas
315 494 7 21 i
337 495 53 21 hvar
406 495 39 22 och
462 501 26 16 en
504 495 24 21 af
542 495 102 21 städerna
660 489 53 32 Äbo,
729 493 140 28 Björneborg,
886 493 63 22 Tam-

198 529 93 22 merfors
307 529 39 22 och
361 530 112 27 Wiborg;*
953 529 2 2 |

268 573 45 26 pätt
335 571 98 22 Joensuu
455 571 130 28 fyrklassiga
607 571 73 22 finska
703 571 82 27 lyceum
809 571 74 27 måtte,
900 571 49 21 med

197 605 152 24 bibehållande
372 607 24 22 af
417 608 40 21 sitt
477 607 125 23 nuvarande
621 607 241 27 undervisningsspråk,
877 606 72 21 utvid-

198 648 38 21 gas
252 642 35 21 till
303 645 32 19 ett
350 643 138 28 fullständigt
504 642 242 28 elementarläroverk;*

271 686 45 25 pätt
332 685 259 27 undervisningsspräket
600 684 37 22 vid
650 685 69 26 lyceet
730 684 7 21 i
748 684 32 21 S:t
790 683 79 22 Michel
879 683 70 22 blefve

199 719 48 22 frän
271 720 40 21 och
330 721 49 21 med
395 723 64 19 nästa
474 720 143 22 hösttermins
632 720 78 27 början
727 719 134 28 smäningom
878 719 71 22 förän-

198 755 66 22 dradt
280 755 34 22 till
329 755 85 22 finskt.*

271 793 46 26 pätt
339 791 35 22 till
398 791 85 22 Torneå
499 792 49 21 stad
564 793 68 20 måtte
649 791 110 28 förläggas
775 793 32 20 ett
823 791 127 27 fyrklassigt

200 826 221 23 elementarläroverk
439 827 50 22 med
504 827 85 22 finskan
605 829 72 20 såsom
694 827 255 27 undervisningsspräk;*
965 823 2 2 '

271 871 45 25 »xatt
331 875 27 15 en
374 869 97 22 förskola
486 869 34 21 för
535 869 38 22 det
589 869 90 22 afsedda
694 869 86 27 privata
795 868 154 22 handelsinsti-

200 906 58 20 tutet
277 904 7 21 i
299 904 122 22 Brahestad
436 906 69 20 mätte
521 904 23 22 af
559 907 73 19 staten
648 904 93 22 inrättas
758 904 49 21 med
823 904 57 21 helst
895 903 54 28 fyra,

199 946 50 15 men
265 939 133 22 åtminstone
414 942 34 20 tre
464 940 105 27 klasser;*

272 977 44 26 pätt
331 975 85 27 privata
432 975 71 22 finska
518 975 69 28 lyceet
603 975 7 21 i
626 975 138 22 Nikolaistad
783 976 68 21 måtte
867 975 83 21 erhålla

199 1011 51 21 fullt
264 1005 7 38 —
282 1011 126 27 tillräckligt
438 1011 177 22 statsunderstöd
639 1011 34 21 till
698 1017 26 16 en
747 1011 77 26 början
847 1010 34 22 för
903 1009 47 28 fyra

200 1046 106 26 klasser;*

272 1084 45 25 pätt
340 1082 37 21 det
400 1082 8 21 i
431 1083 170 21 Fredrikshamn
624 1082 110 21 inrättade
756 1082 86 27 privata
858 1081 92 22 svenska

200 1117 117 28 reallyceet
332 1115 68 24 måtte
416 1117 24 22 af
454 1119 73 20 staten
541 1117 93 28 kraftigt
650 1117 173 27 understödjas.*

268 1159 34 21 Då
324 1159 128 22 förenämda
474 1161 80 20 tvänne
569 1159 153 22 betänkanden
741 1159 24 21 af
779 1158 115 22 Allmänna
909 1158 41 22 Be-

199 1195 171 21 svärsutskottet
392 1195 72 22 blefvo
487 1195 91 22 föremäl
601 1194 34 22 för
658 1194 133 22 Ständernas
811 1194 139 27 behandling,

198 1230 75 22 kunde
296 1231 18 26 ej
339 1230 87 27 enighet
449 1231 134 21 beträffande
606 1231 49 21 dem
679 1230 164 27 &vägabringas,
864 1229 86 22 hvarför

198 1266 44 22 alla
265 1267 120 21 utskottets
411 1267 64 21 ofvan
490 1266 141 28 uppräknade
647 1266 83 28 förslag
745 1265 87 22 förföllo
849 1267 52 20 utan
917 1267 33 20 att

197 1302 66 21 hafva
279 1302 76 21 vunnit
370 1302 133 22 Ständernas
518 1302 119 27 pluralitet.

273 1342 76 22 Under
368 1344 42 21 den
426 1343 40 27 tid,
482 1349 47 21 som
545 1342 93 22 förflutit
653 1343 67 21 sedan
737 1345 87 20 senaste
840 1342 110 27 landtdag,

198 1378 40 22 har
262 1378 124 28 skolfrägan
410 1379 112 27 ändtligen
545 1378 73 22 blifvit
641 1378 104 22 definitift
761 1378 92 28 afgjord,
869 1378 39 22 och
923 1379 29 27 pä

200 1406 94 40 salliiha'
303 1406 53 40 gäng
371 1411 47 25 hår'
426 1411 75 31 frågan
511 1413 42 23 om
569 1411 161 25 dislökationen
746 1411 146 25 af'de'skilda
902 1412 56 24 sko-'

197 1450 64 21 lorna
287 1450 72 22 funnit
384 1450 34 22 sin
439 1450 93 27 lösning.
564 1450 122 27 Kejserliga
702 1450 155 26 förordningen
873 1448 23 23 af
910 1450 42 21 den

274 1492 106 20 Allmänna
397 1492 189 20 Besvärsutskottets
601 1492 118 20 betänkande
734 1492 39 20 N:o
789 1492 33 20 21.
