1061 1717
234 94 15 21 4
402 88 242 28 Petitionsbetänkande
659 91 41 25 N:o
712 91 39 25 11.

202 166 65 16 anses
283 166 51 16 vara
349 160 23 22 af
386 161 78 27 nöden,
481 160 27 22 då
524 160 35 22 vid
575 160 143 22 förefallande
734 160 67 22 behof
815 160 87 22 tillfälle
918 160 34 22 till

202 198 34 20 att
251 202 78 21 genom
346 196 224 28 medicinalstyrelsen
587 197 83 21 erhålla
686 196 156 28 upplysningar
857 196 40 22 och
913 196 39 22 råd

201 232 63 22 alltid
281 234 46 20 står
342 233 34 21 till
392 232 62 22 buds.
486 232 72 28 Långt
573 232 106 28 vigtigare
695 234 69 20 måste
781 233 37 21 det
835 232 72 22 därtill
919 239 32 15 er-

201 268 84 22 kännas
309 275 51 16 vara
383 271 33 20 att
437 270 42 21 den
495 269 135 22 medicinska
646 269 151 22 erfarenheten
813 269 40 21 och
869 268 82 22 fackin-

202 304 72 28 sigten
297 305 128 22 medverkar
445 312 78 20 genom
539 305 113 27 personlig
667 305 74 27 tillsyn
758 305 6 21 i
782 304 60 28 fråga
858 311 33 15 om
909 304 43 22 alla

201 340 34 22 till
259 340 142 23 hälsovården
425 342 97 21 hörande
546 341 163 27 detaljärenden
734 341 6 21 i
761 341 75 27 hvarje
857 340 94 22 särskild

201 376 68 28 skola,
289 376 110 23 äfvensom
416 379 33 20 att
465 378 77 21 skolan
558 379 36 20 må
610 378 74 21 kunna
700 377 91 27 erbjuda
807 377 48 21 sina
871 377 79 21 medel-

201 412 47 23 lösa
264 412 71 23 elever
351 413 134 22 kostnadsfri
502 414 127 21 läkarevård
646 413 39 22 och
698 413 124 28 derigenom
834 413 117 28 förebygga

199 449 57 22 hvad
273 455 46 16 som
335 450 69 21 under
419 450 135 21 närvarande
571 449 150 22 förhållanden
738 450 23 21 så
778 449 45 22 ofta
839 450 69 21 måste
920 449 30 22 in-

199 484 71 28 träffa,
287 487 33 20 att
336 486 109 27 nämligen
461 485 79 28 fattiga
556 486 78 28 elever,
651 486 78 22 seende
745 485 34 28 sig
795 492 26 15 ur
837 485 64 22 stånd
917 487 33 20 att

198 520 109 23 honorera
322 521 89 22 läkaren
427 521 34 22 för
476 522 55 21 hans
547 522 67 27 hjälp,
630 521 115 22 underlåta
756 523 33 20 att
800 521 101 28 rådfråga
912 521 37 22 ho-

197 563 51 15 nom
273 557 40 22 och
337 557 127 28 därigenom
488 558 119 27 tillskynda
622 558 34 27 sig
672 565 26 14 en
715 558 74 27 skada,
807 564 46 15 som
869 564 80 15 annars

196 592 56 23 hade
268 593 84 22 kunnat
367 593 113 22 undvikas.

273 629 39 22 Att
332 629 96 22 hvarken
444 630 38 21 det
498 636 39 15 ena
554 629 53 22 eller
623 630 37 21 det
676 629 67 22 andra
759 629 24 22 af
798 630 63 21 dessa
877 629 71 28 syften

197 664 117 27 rimligtvis
337 665 43 21 kan
404 666 84 26 uppnås
512 671 77 22 genom
611 671 27 16 en
658 665 86 22 läkares
760 665 137 22 anställande
912 665 36 22 vid

196 700 37 22 det
255 701 96 22 centrala
367 701 174 28 styrelseverket,
558 703 25 20 är
598 703 53 20 utan
667 701 74 22 vidare
757 701 128 28 utläggning
900 701 47 27 tyd-

196 736 47 27 ligt,
262 737 40 21 och
319 737 37 21 det
372 737 40 22 har
427 737 58 22 inom
503 737 109 22 utskottet
627 737 34 22 för
677 737 41 22 den
735 737 58 21 skull
809 737 138 27 framhållits,

195 773 34 20 att
249 772 7 21 i
275 772 104 23 händelse
395 773 133 22 Ständernas
545 773 127 27 ingripande
689 773 7 20 i
712 773 61 21 detta
789 772 38 22 fall
843 779 51 16 vore
910 774 36 26 på-

195 807 91 28 kalladt,
308 809 61 21 detta
390 809 66 21 borde
478 809 39 21 ske
538 809 50 21 med
607 808 127 27 anslutning
750 808 48 22 icke
814 809 34 21 till
864 808 82 23 föreva-

195 844 68 21 rande
287 844 194 28 petitionsförslag,
506 846 52 20 utan
582 845 69 21 hällre
670 844 34 21 till
721 844 41 21 den
779 844 167 28 framställning,

194 885 47 16 som
265 880 67 21 redan
354 880 35 21 vid
410 881 38 21 det
464 880 61 22 2:dra
541 880 109 22 allmänna
666 880 191 22 skolläraremötet
873 881 7 21 i
896 881 50 22 Hel-

194 915 95 28 singfors
310 917 24 20 år
355 917 57 21 1867
428 916 24 22 af
466 916 224 27 medicinalstyrelsen
705 916 96 27 gjordes,
818 917 39 20 och
874 917 72 21 seder-

193 957 61 16 mera
269 952 160 27 återupptagits
445 952 56 22 både
517 951 24 22 af
559 952 57 22 1879
633 953 34 20 års
684 952 132 21 skolkomité
832 952 40 21 och
888 953 57 21 skol-

193 986 167 29 öfverstyrelsen
384 987 6 22 i
416 989 50 20 dess
491 988 49 21 med
564 987 117 27 anledning
697 987 23 22 af
734 987 101 22 bemälda
851 988 93 22 komités

193 1023 138 21 betänkande
347 1022 82 28 afgifna
445 1022 120 27 utlåtande,
578 1023 39 21 och
628 1022 88 21 hvilken
728 1022 162 27 framställning
896 1024 48 25 just

192 1059 39 26 går
254 1060 25 20 ut
299 1059 28 26 på
347 1060 33 20 att
398 1058 76 27 anslag
491 1059 68 20 måtte
575 1059 23 20 åt
614 1059 83 20 statens
713 1057 75 22 skolor
804 1057 90 27 beviljas
910 1057 33 22 för

192 1094 131 27 vidtagande
339 1094 24 22 af
376 1094 80 27 nödiga
472 1094 126 27 hygieniska
614 1094 101 27 åtgärder
732 1093 40 21 och
785 1093 34 21 till
831 1094 79 21 arvode
921 1095 23 20 åt

192 1136 27 15 en
235 1130 38 21 vid
288 1130 74 27 hvarje
378 1130 62 21 skola
456 1129 86 22 anstäld
558 1129 82 22 läkare.

266 1165 33 22 En
316 1166 68 21 sådan
400 1165 86 22 läkares
502 1165 87 28 uppgift
604 1165 98 27 angifves
713 1164 33 22 uti
757 1164 187 28 skolöfverstyrel-

190 1208 51 15 sens
257 1201 95 22 berörda
367 1202 114 21 utlåtande
497 1202 49 21 med
562 1201 96 28 följande
674 1201 49 22 ord:
741 1201 42 27 ,Af
797 1201 90 27 mycken
899 1201 46 28 vigt

190 1237 47 22 icke
258 1237 57 22 blott
337 1237 6 22 i
360 1238 120 21 statistiskt
495 1238 130 27 hänseende,
643 1239 52 20 utan
711 1236 63 22 äfven
791 1236 33 22 för
840 1236 102 23 framtida

190 1273 158 27 förbättringar
363 1280 51 15 vore
430 1273 69 28 enligt
516 1273 179 28 öfverstyrelsens
706 1273 67 21 tanke
785 1279 26 15 en
822 1273 122 28 anordning

190 1310 7 20 i
213 1310 38 21 det
267 1309 64 28 syfte,
348 1311 33 20 att
396 1310 89 21 läkaren
501 1310 36 21 vid
553 1312 79 19 tvenne
648 1309 115 22 bestämda
779 1309 129 27 tidpunkter
922 1309 23 21 af

190 1345 74 27 hvarje
279 1345 78 27 läseår,
374 1346 132 27 exempelvis
522 1347 7 20 i
545 1346 76 26 början
638 1346 39 21 och
694 1345 67 21 slutet
777 1344 24 22 af
814 1345 127 27 detsamma,

190 1381 71 21 skulle
285 1383 94 26 nogrant
401 1382 124 21 undersöka
549 1381 101 26 samtliga
674 1380 83 22 elevers
778 1380 163 22 hälsotillstånd

190 1416 40 22 döh
247 1412 75 26 därvid
338 1418 53 26 göra
407 1417 158 27 anteckningar
580 1417 68 27 enligt
664 1416 113 22 faststäldt
792 1416 106 22 formulär
909 1416 34 22 till

189 1453 122 21 utrönande
327 1453 24 21 af
366 1454 26 21 de
408 1453 116 27 vigtigaste
539 1453 153 27 förändringar
707 1452 7 22 i
727 1452 94 22 sanitärt
831 1452 110 28 afseende,

264 1496 106 19 Allmänna
386 1496 176 20 besvärsutskottets
577 1495 118 20 betänkande
711 1495 38 20 N:o
766 1495 32 19 10.
