1061 1717
229 107 12 19 4
402 105 247 24 Petitionsbetänkande
663 106 38 22 N:o
716 105 31 23 41.

566 250 20 23 2.

383 309 43 23 Till
442 308 119 30 Vällofiiga
575 308 195 30 Borgareständet.

267 372 42 18 Den
321 372 70 24 mängd
403 372 189 24 petitionsmemorial
604 372 6 18 i
622 371 161 25 jernvägsfrägor,
797 378 40 13 som
849 373 60 18 under
920 372 32 24 pä-

199 400 74 24 gående
287 401 93 24 landtdag
392 402 88 23 antingen
492 402 59 18 redan
563 401 91 24 ingitvits,
667 402 47 18 eller
726 402 51 18 ännu
788 402 34 18 äro
834 403 29 17 att
875 403 78 23 emotse,

201 430 52 19 leder
265 430 137 23 oundvikligen
415 430 71 19 tanken
497 429 26 25 pä
533 432 29 17 att
571 430 23 19 de
603 430 109 24 föreslagna
716 430 235 25 jernvägsbyggnaderna,

199 458 68 19 sävida
285 459 24 18 de
326 459 61 18 under
404 465 24 13 en
446 459 132 24 öfverskädlig
594 459 76 19 framtid
687 460 56 18 skola
760 460 65 19 kunna
836 460 75 18 komma
923 460 29 18 till

199 487 106 24 utförande,
320 487 114 20 ätminstone
446 489 62 18 delvis
520 487 61 20 mäste
593 488 127 19 öfverlemnas
732 488 21 19 ät
765 489 37 18 den
814 489 75 23 privata
902 488 50 19 före-

199 517 134 23 tagsamheten.
358 517 30 23 Ty
401 516 25 19 dä
437 519 63 17 staten
512 518 50 18 ännu
574 523 23 13 en
609 516 45 25 lång
666 517 28 18 tid
706 517 71 19 framåt
787 517 74 24 nödgas
873 517 79 18 fortfara

198 545 42 19 med
257 547 30 17 att
299 546 65 23 bygga
375 546 113 24 stambanor,
507 546 76 19 hvilkas
598 546 142 19 trafikinkomst
757 547 43 18 icke
812 552 34 13 ens
859 546 93 19 betäcker

202 575 248 24 exploitationskostnaden,
470 577 24 17 än
510 576 72 19 mindre
593 575 25 19 dä
630 576 72 18 lemnar
713 577 56 17 ränta
780 575 26 24 pä
817 575 132 24 anläggnings-

199 604 98 23 kapitalet,
309 604 38 18 kan
360 605 36 18 den
408 605 42 18 icke
459 605 98 23 samtidigt
565 604 65 19 utföra
638 605 38 18 alla
684 605 57 18 dessa
749 605 113 18 lokalbanor
870 605 78 18 hvarom

198 637 43 14 man
259 638 26 13 nu
302 633 123 23 petitionerar
443 633 37 19 och
496 633 22 18 af
531 633 66 19 hvilka
611 633 46 19 flere
672 633 59 19 hafva
743 639 24 13 en
779 633 58 24 längd
849 633 22 18 af
881 634 29 23 sju
923 633 28 18 till

199 661 52 19 elfva
263 662 38 18 mil.

266 691 29 18 De
307 691 76 23 privata
395 692 236 23 jernvägsanläggningar,
647 697 40 13 som
703 691 68 19 hittills
784 691 70 19 utförts
866 691 35 18 hos
913 696 38 17 oss,

199 724 54 14 mana
271 719 111 24 visserligen
400 720 43 19 icke
460 721 29 18 till
507 720 103 24 efterföljd.
634 721 42 18 Men
688 725 44 14 man
744 721 36 18 bör
792 720 73 23 härvid,
877 719 75 20 oafsedt

199 748 24 19 de
235 748 84 24 misstag,
331 755 40 12 som
390 749 34 18 vid
441 750 57 18 dessa
515 749 75 24 företag
605 749 64 19 blifvit
683 749 106 24 begångna,
802 749 102 24 ingalunda
915 749 37 18 för-

198 777 87 23 glömma,
298 778 6 17 i
315 777 49 19 huru
376 778 40 23 hög
428 779 48 22 grad
488 778 107 19 kostnaden
608 778 30 19 för
646 779 232 23 jernvägsanläggningar
890 777 24 24 pä
922 783 29 13 se-

199 811 45 14 nare
256 806 29 18 tid
297 806 84 24 nedgätt.

267 835 84 19 Hvilken
366 835 51 24 äsigt
434 841 43 14 man
495 836 31 19 för
542 836 58 24 öfrigt
612 838 24 17 än
648 835 30 20 mä
690 837 50 23 hysa
751 841 31 14 om
795 836 76 24 privata
882 836 69 19 banors

200 863 76 20 framtid
292 864 6 18 i
313 865 69 23 landet,
395 864 21 19 sä
428 870 58 19 synes
498 871 42 12 man
553 865 49 18 dock
614 865 43 19 icke
668 865 49 19 böra
728 871 69 18 genom
810 865 141 24 lagstiftningen

199 892 56 24 lägga
267 899 39 18 nya
317 893 67 19 hinder
396 894 29 19 till
438 894 24 19 de
474 893 73 25 mänga,
560 899 40 14 som
612 894 35 19 hos
660 899 32 14 oss
704 893 59 20 äfven
775 895 48 23 eljes
835 894 57 19 ställa
904 894 29 23 sig
944 893 6 18 i

199 923 62 22 vägen
273 922 30 19 för
315 921 177 26 ävägabringandet
502 923 23 18 af
533 923 87 19 enskilda
628 923 175 24 jernvägsföretag.

267 951 92 20 Gällande
374 951 112 25 förordning
497 952 22 19 af
528 952 37 19 den
577 953 10 17 3
600 952 82 19 februari
696 953 44 17 1876
753 951 98 25 angående
863 951 87 19 vilkoren

199 979 29 20 för
240 980 118 23 beviljandet
368 981 22 18 af
396 981 230 24 jernvägskoncessioner
637 982 22 17 är
671 981 106 19 emellertid
787 981 42 24 just
841 981 6 18 i
859 981 53 18 detta
924 981 26 18 af-

197 1009 71 19 seende
280 1009 91 19 behäftad
383 1010 43 19 med
438 1010 120 23 väsendtliga
569 1010 75 19 brister.
662 1011 40 17 För
713 1011 30 17 att
751 1010 44 19 icke
803 1010 40 18 tala
851 1015 30 13 om
890 1010 61 19 andra

197 1038 73 19 mindre
287 1039 109 23 betydande
414 1039 147 24 bestämningar,
578 1040 22 17 är
617 1039 92 19 särskildt
728 1039 33 19 det
777 1039 106 23 stadgande
894 1039 6 18 i
913 1039 37 19 för-

197 1067 114 24 ordningens
327 1069 11 16 4
349 1069 11 20 $
372 1067 127 24 betungande,
512 1068 59 23 enligt
582 1068 74 19 hvilket
667 1068 66 23 privat
742 1068 83 23 jernväg
834 1068 59 23 jemte
906 1068 44 19 dess

198 1096 71 23 rörliga
285 1097 85 18 materiel
387 1097 51 18 inom
456 1097 39 18 viss
510 1097 29 18 tid
550 1097 84 19 tillfaller
646 1097 74 18 kronan
732 1098 46 17 utan
790 1097 54 18 lösen
856 1097 36 18 och
904 1099 46 17 utan

198 1126 29 17 att
239 1130 56 19 egare
306 1125 23 18 af
338 1125 63 19 aktier
413 1127 5 17 i
428 1126 106 23 jernvägen
543 1126 46 19 eller
598 1125 239 24 obligationsinnehafvare
845 1125 34 19 har
887 1125 62 24 nägon

198 1155 39 17 rätt
254 1154 30 19 till
301 1153 67 20 vidare
385 1155 125 23 godtgörelse
526 1161 22 12 ur
562 1155 106 24 jernvägen
682 1155 48 18 eller
741 1154 107 19 inkomsten
861 1154 87 19 derifrän.

197 1182 29 19 En
238 1181 61 20 sädan
311 1183 99 21 föreskrift
421 1183 38 19 kan
471 1184 64 23 lämpa
547 1184 29 23 sig
588 1183 30 19 för
630 1183 66 19 länder
708 1183 35 19 der
747 1183 202 24 jernvägsanläggnin-

197 1216 36 18 gar
245 1211 50 19 inom
307 1211 45 19 kort
364 1212 61 19 lemna
437 1213 57 23 vinst,
508 1218 41 13 men
561 1212 97 19 försvarar
672 1213 87 18 deremot
767 1213 18 23 ej
793 1212 30 19 sin
831 1213 50 22 plats
889 1213 60 18 under

198 1239 46 20 våra
256 1239 137 20 förhållanden.

266 1269 87 19 Nämnda
364 1269 112 26 förordning
489 1271 47 18 lider
549 1271 95 18 dessutom
657 1270 22 19 af
688 1272 28 17 ett
727 1271 59 18 annat
797 1270 152 24 grundväsendt-

197 1298 35 24 ligt
244 1298 25 19 fel
281 1299 46 18 eller
338 1300 29 17 att
379 1299 37 19 den
428 1301 23 17 är
462 1299 90 19 utfärdad
564 1300 6 18 i
583 1300 140 18 administrativ
731 1301 45 22 väg.
793 1300 56 18 Utom
857 1300 29 17 att
894 1299 54 19 Stän-

197 1327 68 18 dernas
284 1327 114 23 deltagande
417 1328 5 18 i
440 1328 142 24 lagstiftningen
597 1328 25 24 på
634 1329 54 18 detta
700 1327 77 20 område
789 1328 58 18 äfven
859 1328 22 18 af
890 1328 59 18 andra

197 1356 42 18 skäl
267 1361 33 13 vore
313 1356 111 24 önskvärdt,
437 1357 35 18 har
480 1357 91 24 nemligen
581 1357 144 24 förordningens
734 1357 96 23 egenskap
839 1356 22 19 af
865 1358 29 17 att
902 1362 47 13 vara

197 1384 140 20 administrativ
354 1386 25 18 bl
391 1391 17 13 a
420 1387 96 23 utgjort
510 1392 20 12 en
541 1386 23 19 af
573 1386 178 20 hufvndorsakerna
763 1386 28 18 till
803 1388 29 16 att
843 1385 62 25 någon
917 1386 31 24 lag

198 1419 30 13 om
240 1413 128 25 inteckning
360 1409 12 35 i
380 1414 78 24 privata
465 1416 105 23 jernvägar
581 1415 43 19 icke
636 1415 79 19 kommit
727 1415 29 19 till
768 1414 61 20 stånd.

265 1455 139 23 Lagutskottets
416 1456 116 18 betänkande
543 1456 37 19 N:o
591 1457 27 18 15.
