1061 1717
303 105 249 23 Petitionsbetänkande
567 106 37 22 N:o
620 105 30 22 18.
800 107 24 19 13

97 172 69 28 lingar
180 172 157 27 sammanlagdt
352 172 73 27 uppnå
436 174 32 19 ett
479 172 91 27 omfång,
582 178 46 15 som
639 172 70 21 skulle
719 174 61 19 snart
791 171 64 27 sagdt

99 207 142 27 omöjliggöra
251 208 32 20 ett
293 208 107 26 noggrant
410 206 161 27 genomgående
582 206 21 22 af
614 206 109 22 desamma
733 206 70 22 under
814 206 41 22 den

97 242 64 20 korta
176 241 38 26 tid,
226 241 108 21 utskottet
345 240 56 22 hade
412 240 33 27 sig
456 240 83 22 derföre
551 241 93 21 tillmätt.
667 241 47 21 Den
725 241 130 26 omständig-

98 276 44 25 het,
159 278 32 19 att
201 275 6 21 i
219 275 88 27 Sverige
319 277 32 19 ett
362 275 68 27 dylikt
440 275 121 22 förfarande
572 276 82 20 kunnat
664 275 116 27 iakttagas,
792 281 64 15 anser

98 310 155 27 Lagutskottet
263 310 48 21 icke
323 310 53 22 böra
386 310 129 21 tillerkänna
525 310 115 27 tillräcklig
651 310 118 22 beviskraft
779 310 76 21 härut-

99 345 70 26 innan,
183 347 22 25 ty
213 346 60 20 utom
282 346 33 20 att
325 344 38 22 det
378 344 92 22 svenska
480 344 275 22 konstitutionsutskottets
767 344 89 27 gransk-

99 379 50 27 ning
165 378 44 22 ofta
224 379 63 21 torde
305 378 104 27 gestaltat
424 378 33 27 sig
472 378 33 22 till
521 385 25 15 en
562 381 44 19 tom
622 379 123 25 formalitet,
766 378 91 22 omfatta

101 414 42 21 den
158 412 69 23 finska
242 413 105 22 Senatens
363 413 109 28 protokoll
485 419 26 16 en
522 414 78 26 mängd
616 413 101 27 ärenden,
729 419 46 16 som
786 413 7 22 i
804 413 53 22 Sve-

99 448 46 27 rige
167 448 133 27 handläggas
323 448 56 21 inom
402 448 132 27 kollegierna
554 449 40 20 och
612 448 92 21 sålunda
722 448 49 21 icke
786 448 71 27 ingå
844 444 16 36 i

101 482 136 22 Statsrådets
245 482 167 27 förhandlingar.
436 483 42 20 Det
487 483 39 20 har
542 483 54 21 dock
612 484 60 26 synts
690 483 115 26 utskottet,
822 483 34 20 sä-

101 523 47 16 som
165 517 69 22 skulle
250 517 79 22 sakens
338 519 50 25 eget
396 517 92 22 intresse
504 517 92 27 påkalla,
612 519 34 19 att
662 517 59 22 äfven
738 516 36 22 vid
790 517 68 26 sagda

101 551 128 22 berättelses
246 551 121 27 afgifvande
383 558 25 15 en
425 552 29 27 på
468 551 91 22 förhand
576 552 110 21 verkstäld
707 552 115 27 utgallring
838 551 22 22 af

101 586 95 22 ärenden
212 586 23 21 af
248 587 83 21 mindre
347 586 78 21 allmän
439 586 117 27 betydelse,
568 586 72 21 såsom
651 586 97 22 enskilda
758 587 99 20 besvärs-

101 621 49 26 mål,
176 623 81 19 smärre
280 620 220 27 förvaltningsfrågor,
522 627 25 15 m.
564 627 34 20 m.,
622 621 67 21 borde
705 621 45 26 ske,
771 621 28 27 på
822 621 37 21 det

102 655 123 22 Ständerna
240 656 35 21 må
294 656 91 21 beredas
409 655 82 22 tillfälle
508 657 32 20 att
555 655 81 22 erhålla
651 662 27 15 en
693 655 166 27 fullständigare

102 689 80 22 inblick
197 691 6 20 i
220 690 96 27 verkliga
336 690 244 27 regeringshandlingar.
603 690 9 21 I
628 690 61 21 detta
704 689 101 22 afseende
821 689 39 22 har

103 724 125 27 visserligen
249 725 105 27 påpekats
377 725 139 26 svårigheten
537 727 32 19 att
584 725 6 20 i
606 725 107 21 särskilda
727 724 37 21 fall
779 724 80 27 afgöra,

103 759 56 22 hvad
175 765 46 16 som
237 760 39 21 bör
291 760 120 21 rubriceras
428 766 47 15 som
490 759 76 28 vigtigt
582 759 40 22 och
636 761 104 25 tvärtom;
757 759 39 22 och
808 761 52 20 utan

105 793 72 22 tvifvel
194 795 85 20 komme
289 795 34 21 vid
334 795 144 21 berättelsens
495 795 145 27 uppsättande
656 794 57 21 olika
728 793 133 28 uppfattnin-

104 834 38 21 gar
158 831 32 18 att
205 830 54 25 göra
274 829 33 26 sig
322 829 106 26 gällande.
458 829 62 21 Dock
542 829 62 21 torde
624 835 50 15 man
688 828 23 21 få
725 831 86 24 antaga,
829 830 33 19 att

105 863 70 27 någon
192 863 43 22 tids
252 863 122 22 erfarenhet
389 864 55 21 skall
459 863 130 22 härutinnan
607 863 71 22 lemna
693 863 66 27 nödig
774 863 87 27 vägled-

106 897 58 27 ning.
196 898 55 21 Från
267 898 70 21 denna
351 898 109 27 synpunkt
475 898 39 21 har
529 898 113 21 Utskottet
656 898 104 21 likaledes
783 899 79 24 ansett,

105 933 34 20 att
158 932 123 21 Ständerna
300 933 47 21 icke
367 933 68 21 borde
457 933 70 21 uttala
542 933 33 26 sig
589 931 134 23 beträffande
741 932 26 21 de
783 932 78 28 frågor,

105 972 46 16 som
168 967 123 27 isynnerhet
306 967 7 21 i
329 967 37 22 det
381 967 67 21 andra
470 967 239 27 petitionsmemorialet
729 967 134 21 förekomma

106 1001 111 26 angående
233 1003 68 20 sättet
315 1001 33 22 för
361 1001 157 27 behandlingen
529 1001 23 22 af
561 1001 162 27 ifrågavarande
735 1001 126 26 berättelse,

106 1036 72 21 såsom
188 1036 41 21 ock
237 1036 111 27 angående
356 1036 27 21 de
391 1036 127 21 uttalanden
533 1035 47 22 från
589 1035 131 22 Ständernas
730 1035 53 27 sida,
800 1035 62 22 hvar-

106 1070 32 21 till
155 1070 41 21 den
211 1070 142 28 tilläfventyrs
368 1071 73 21 kunde
456 1070 117 22 föranleda.

165 1104 74 22 Skulle
254 1104 104 27 förslaget
374 1111 33 15 om
424 1111 26 15 en
461 1105 59 27 dylik
534 1105 150 27 redogörelses
700 1104 121 27 afgifvande
831 1104 33 21 till

107 1138 122 22 Ständerna
251 1139 64 21 vinna
339 1140 105 21 hvardera
470 1139 156 22 statsmaktens
654 1139 161 27 godkännande,
840 1139 25 21 sä

106 1174 86 21 komme
208 1173 159 28 otvifvelaktigt
383 1174 42 21 den
440 1174 137 27 lämpligaste
601 1174 100 21 metoden
715 1173 34 22 för
765 1174 99 21 densam-

107 1214 46 15 mas
171 1208 185 27 tillgodogörande
372 1211 34 19 att
421 1208 114 22 efterhand
551 1215 76 20 genom
643 1209 71 26 praxis
729 1208 86 22 utbilda
825 1208 39 27 sig.

107 1243 33 21 De
156 1244 78 20 tvänne
251 1243 141 22 sistförflutna
412 1243 155 22 decenniernas
591 1243 122 22 erfarenhet
727 1243 8 21 i
750 1243 49 21 vårt
814 1243 51 21 land

107 1277 89 27 utvisar,
213 1279 33 20 att
261 1278 81 27 vigtiga
366 1277 105 28 framsteg
485 1278 7 21 i
508 1278 175 22 konstitutionelt
706 1277 101 23 afseende
819 1279 46 25 just

106 1311 95 22 sålunda
215 1312 70 21 blifvit
300 1312 82 27 -gjorda.
413 1313 10 20 I
438 1312 80 22 sådant
540 1312 124 22 hänseende
684 1312 62 22 torde
763 1312 37 22 det
815 1318 51 15 vara

108 1346 127 27 tillräckligt
255 1348 34 20 att
310 1347 85 27 påpeka
418 1347 40 21 den
482 1346 129 28 utveckling,
642 1346 132 22 Ständernas
798 1346 67 22 delta-

107 1380 71 27 gande
195 1380 7 21 i
217 1380 227 27 finansförvaltningen
465 1381 114 22 efterhand
594 1381 123 27 undergätt.
749 1380 46 22 Och
812 1380 55 22 slut-

107 1414 58 28 ligen
181 1415 40 21 bör
236 1422 49 14 man
300 1416 49 21 icke
371 1415 81 23 förbise
475 1416 72 27 vigten
565 1416 64 26 deraf,
647 1418 33 19 att
695 1415 120 22 Ständerna
832 1415 35 21 vid

178 1454 140 22 Lagutskottets
331 1454 115 18 betänkande
459 1455 37 18 N:o
508 1456 17 17 8.
