1061 1717
300 98 239 24 Petitionsbetänkande
554 100 40 22 N:o
613 99 34 23 14.
795 99 28 22 25

173 165 11 21 I
199 166 50 22 stöd
265 166 24 22 af
303 172 51 22 nyss
370 166 94 22 anförda
479 166 48 22 skäl
543 167 40 21 och
600 166 144 22 alldenstund
759 166 96 27 godkän-

99 201 83 22 nandet
204 202 24 21 af
247 202 121 22 utskottets
389 202 139 22 betänkande
543 202 88 22 kömme
647 204 35 20 att
698 202 100 28 uppoffra
813 202 42 21 den

99 236 72 23 finska
186 237 165 28 befolkningens
368 238 60 24 såväl
444 238 60 22 reala
520 244 46 16 som
582 238 82 28 lagliga
679 238 132 27 rättigheter
822 237 34 21 till

100 272 85 23 förmån
209 273 33 22 för
265 280 27 16 en
308 274 146 27 betydelselös
470 274 278 28 skenkonstitutionalism,
764 274 55 27 våga
835 273 20 22 vi

99 309 162 22 vördsammast
281 309 87 28 föreslå,
391 311 33 21 att
440 310 117 22 ständerna
573 310 7 22 i
596 310 177 28 underdånighet
788 310 68 21 måtte

100 344 143 27 petitionera:

281 383 33 20 att
328 381 65 22 Hans
408 380 125 29 Kejserliga
543 381 105 28 Majestät
662 381 81 22 täcktes
755 380 48 22 med
807 380 50 28 för-

245 419 36 20 sta
297 416 88 29 möjliga
396 417 89 28 vidtaga
496 417 106 28 åtgärder,
612 424 77 21 genom
700 417 75 22 hvilka
780 416 78 28 finska

246 453 87 28 språket
357 453 81 22 komme
460 455 32 20 att
510 453 89 28 åtnjuta
615 460 28 15 en
655 454 33 27 på
702 453 104 28 gällande
823 453 35 27 lag

244 489 106 28 grundad
367 489 142 28 likställighet
524 489 37 22 vid
576 489 66 22 sidan
658 489 29 28 af
699 483 35 28 det
749 489 110 22 svenska
849 479 14 42 i

246 526 51 21 vårt
315 525 63 22 lands
392 525 129 22 embetsverk
533 525 111 28 äfvensom
658 526 9 21 i
682 525 62 22 deras
759 525 100 22 inbördes

247 561 162 28 skriftvexling,
423 563 57 20 samt
496 563 31 20 att
537 561 65 22 Hans
614 561 126 29 Kejserliga
750 561 109 28 Majestit,

249 604 34 15 om
305 597 55 22 Han
382 597 82 22 sådant
480 597 42 27 för
541 597 53 29 godt
604 597 85 28 finner,
704 597 69 25 redan
789 596 71 23 under

248 633 152 22 innevarande
424 633 105 28 landtdag
549 633 109 29 behagade
680 633 97 22 inhemta
800 634 59 20 stän-

250 669 76 22 dernas
341 669 115 22 utlåtande
471 669 9 22 i
496 669 73 22 denna
584 669 25 22 så
624 669 83 28 vigtiga
722 669 40 22 sak
777 670 56 20 samt

287 706 32 20 att
335 705 65 22 Hans
415 705 125 28 Kejserliga
553 705 105 28 Majestät
671 705 65 22 måtte
742 704 119 29 förelägga

250 741 121 21 ständerna
393 747 28 16 en
442 741 70 28 nådig
528 741 134 28 proposition
682 741 95 22 rörande
786 739 75 28 förfa-

251 776 128 28 ringssättet
394 776 37 22 vid
446 777 74 27 yppad
533 776 150 29 skiljaktighet
698 776 9 22 i
717 776 42 22 den
769 775 93 23 svenska

251 811 39 22 och
307 811 79 28 finska
409 811 111 29 lagtexten
541 812 9 22 i
569 812 100 28 afseende
684 813 14 21 å
711 811 151 28 härförinnan

251 847 93 28 utgifna
360 847 51 23 eller
420 847 122 28 framdeles
557 849 152 22 utkommande
723 848 139 29 lagstadgan-

253 883 42 22 den
311 883 36 22 och
352 883 172 29 förordningar.

182 937 180 29 Helsingfors,
378 938 42 22 den
436 938 28 22 21
481 938 62 27 April
560 939 65 25 1885.

168 1001 22 23 J.
206 1001 35 23 W.
257 1002 84 23 Luoma.
638 1003 61 23 Risto
714 1003 89 23 Summa.

639 1045 54 22 Erik
708 1045 77 29 Pöysti.

184 1136 12 21 I
211 1137 72 22 denna
297 1137 135 22 reservation
447 1137 88 22 förenar
550 1138 34 28 sig

577 1191 25 22 A.
618 1191 24 22 6.
658 1191 145 23 Westerlund.

186 1493 108 20 Allmänna
309 1494 184 20 Besvärsutskottets
509 1495 117 21 betänkande
640 1494 42 22 N:o
699 1497 32 19 12.
