1061 1717
226 105 29 21 14
434 105 242 24 Petitionsbetänkande
690 107 39 21 N:o
745 104 20 24 7.

194 164 84 22 anstalt
299 165 37 22 vid
358 166 147 24 Tammerfors
528 168 35 22 för
584 168 101 28 omkring
701 167 44 23 100
760 167 63 27 sjuke
838 167 110 27 knappast

195 200 72 22 skulle
282 201 65 23 kosta
361 202 85 23 mindre
461 206 28 19 än
505 204 111 22 anstalten
631 205 37 21 vid
683 203 87 28 Kuopio
786 203 54 22 eller
850 202 98 28 740,000

194 236 69 22 mark.
294 237 79 23 Tillika
396 239 70 22 skulle
489 238 84 29 platser
594 240 77 22 vinnas
690 240 33 22 för
739 240 48 26 just
805 240 37 21 det
857 239 48 27 slag
924 238 27 22 af

194 272 146 30 sinnessjuka,
356 280 46 16 som
420 275 15 21 f.
451 282 22 15 n.
490 276 8 21 i
513 277 43 27 hög
571 277 54 27 grad
640 277 54 21 söka
709 275 87 22 tillfälle
811 275 36 22 till
862 274 85 22 inträde

195 307 7 21 i
219 308 111 28 offentliga
347 311 112 22 anstalter.
490 312 97 22 Sålunda
602 312 70 22 skulle
688 312 41 22 ock
744 311 124 23 fördelarne
883 310 24 22 af
920 317 27 15 en

194 344 143 23 kombinerad
359 347 49 21 kur-
430 348 41 22 och
494 349 136 22 vårdanstalt
653 349 75 21 kunna
746 348 71 27 ernås,
839 347 8 21 i
865 347 37 22 det
921 346 27 22 de

195 380 102 22 kroniskt
317 382 61 27 sjuke
399 383 6 21 i
426 384 104 22 händelse
551 384 24 23 af
593 385 87 22 återfall
698 385 43 21 lätt
755 384 74 22 kunde
845 384 7 21 i
867 383 79 22 kuran-

195 416 81 23 stalten
295 418 112 29 återföras,
424 422 57 20 samt
497 421 111 22 dessutom
624 420 122 23 anstaltens
759 420 114 27 jordbruk,
888 419 59 22 träd-

194 453 134 26 gårsskötsel
346 462 28 15 m.
390 463 28 14 m.
435 463 78 21 genom
530 457 27 22 de
572 457 103 28 lugnares
690 457 75 22 arbete
781 455 169 28 upprätthållas.

196 489 46 22 Och
258 490 103 28 slutligen
377 492 70 22 skulle
463 493 126 22 erfarenhet
603 494 75 21 kunna
694 493 80 22 samlas
789 492 49 22 från
854 499 27 15 en
896 491 50 22 full-

196 526 89 28 ständig
303 528 40 21 och
362 530 135 22 omfattande
516 531 128 28 dåranstalt,
663 530 89 23 hvilken
771 529 125 23 erfarenhet
910 528 37 21 vid

195 566 118 23 framdeles
331 568 94 23 skeende
441 569 122 28 inrättning
578 570 24 21 af
616 570 147 22 Tammerfors
779 570 82 22 anstalt
875 570 74 21 kunde

196 603 50 22 med
261 605 48 20 stor
323 603 69 23 fördel
408 605 164 28 tillgodogöras.

266 639 35 22 Då
323 641 160 28 otvifvelaktigt
505 642 86 28 Kuopio
613 643 6 21 i
640 643 41 22 den
701 645 110 20 närmaste
830 643 117 21 framtiden

196 674 111 23 förbindes
329 677 50 21 med
402 677 86 22 landets
508 679 150 27 järnvägsnät,
682 679 71 22 skulle
775 679 26 21 de
820 680 72 21 vestra
908 679 39 21 och

197 711 65 22 södra
277 711 87 24 delarne
380 713 24 22 af
418 713 75 23 landet
509 714 118 28 ingalunda
642 721 52 16 vara
709 714 113 22 uteslutna
837 716 34 20 att
881 715 67 26 draga

197 747 70 22 fördel
283 748 24 21 af
321 749 41 22 den
378 749 59 22 invid
453 751 80 21 nämda
549 751 50 21 stad
615 751 93 27 belägna
724 750 89 22 anstalt.

267 783 95 23 Sålunda
382 785 135 28 fullkomligt
537 793 51 15 ense
609 787 51 22 med
679 786 172 28 petitionärerne
870 793 35 15 om
922 786 26 21 de

197 821 60 20 stora
275 820 122 23 fördelarne
416 821 24 22 af
456 828 27 15 en
502 822 151 22 modifikation
672 823 7 20 i
699 823 133 26 nyssnämnd
850 822 98 27 riktning

196 855 25 21 af
237 856 129 22 ständernas
386 858 57 21 1877
460 859 96 26 antagna
571 858 51 27 plan
638 858 34 22 för
688 858 133 21 dårvårdens
837 858 111 21 ordnande

196 897 65 15 anser
273 891 39 28 jag
327 892 84 22 mindre
426 893 108 28 lämpligt,
550 895 34 20 att
599 895 33 20 ett
647 894 113 21 bestämdt
775 893 113 22 uttalande
898 893 52 22 sker

195 925 136 24 beträffande
354 928 71 22 denna
448 929 168 28 omständighet,
637 930 65 21 hvars
723 929 90 28 slutliga
829 929 117 27 utredning

196 962 76 22 tillhör
288 963 27 22 de
330 964 142 28 sakkunnige,
488 967 53 20 utan
557 972 63 21 synes
636 966 46 27 mig
692 966 79 21 endast
781 972 27 15 en
817 965 131 22 hemställan

197 1004 35 15 om
249 1000 34 20 att
293 999 125 23 densamma
428 1002 36 20 må
474 1003 62 26 tagas
547 1002 69 21 under
626 1002 104 27 pröfning
739 1008 53 15 vara
801 1003 29 26 på
840 1001 34 22 sin
884 1001 65 27 plats.

267 1035 105 22 Deremot
384 1037 74 26 tyckes
471 1037 40 22 allt
522 1037 47 22 skäl
579 1044 53 15 vara
642 1037 34 22 för
689 1038 87 21 handen
787 1039 33 20 att
833 1037 120 22 ständerna

197 1070 81 22 betona
295 1072 73 28 vigten
384 1073 24 21 af
420 1075 34 19 att
470 1073 131 22 dårvårdens
616 1073 132 28 utvidgning
763 1073 41 22 och
819 1073 131 26 förbättring

197 1108 136 22 omedelbart
353 1109 40 21 och
412 1109 92 27 kraftigt
522 1109 111 28 fullföljes.
665 1109 45 22 Det
729 1111 25 19 är
768 1110 34 20 att
817 1109 83 27 hoppas
916 1110 34 20 att

197 1145 144 21 statsverkets
362 1145 118 27 tillgångar
497 1147 38 20 äro
554 1145 134 28 tillräckliga
703 1145 34 22 för
753 1144 135 28 syftemålets
903 1145 46 21 vin-

197 1181 72 21 nande
287 1187 50 15 men
357 1181 71 22 skulle
446 1183 25 20 så
486 1181 47 22 icke
549 1187 52 16 vara
616 1181 129 27 händelsen,
761 1181 64 21 torde
840 1181 35 20 väl
890 1182 60 20 stän-

197 1216 74 27 derne,
288 1222 46 15 som
351 1217 67 21 redan
434 1217 94 27 tidigare
543 1223 78 21 genom
637 1217 125 26 beviljande
773 1216 24 21 af
807 1216 76 27 anslag
892 1216 59 21 visat

197 1251 40 22 sitt
255 1252 93 22 intresse
366 1252 34 21 för
420 1253 71 21 denna
506 1253 193 27 maktpåliggande
715 1252 166 27 angelägenhet,
896 1251 54 22 böra

197 1286 97 23 förklara
309 1288 34 28 sig
358 1290 83 20 emotse
456 1288 135 28 proposition
603 1288 34 22 till
648 1290 66 20 nästa
721 1288 106 26 landtdag
838 1287 113 27 angående

197 1323 123 27 beviljande
335 1324 24 22 af
372 1324 146 28 tilläfventyrs
532 1325 80 27 nödiga
627 1324 193 26 tillskottsanslag.

267 1360 32 21 På
317 1360 37 22 det
372 1361 97 27 antydda
484 1362 68 20 sättet
567 1366 64 22 synes
647 1362 34 20 ett
698 1359 104 28 dröjsmål
817 1359 37 21 vid
869 1358 81 22 fullföl-

194 1394 79 28 Jandei
292 1396 24 22 ai
334 1396 149 28 föreliggande
506 1397 114 21 ömmande
640 1396 63 28 fråga
718 1396 75 21 säkort
807 1395 75 21 kunna
896 1395 56 21 und-

196 1430 69 22 vikas.
297 1431 46 22 Och
363 1432 38 27 jag
424 1433 65 26 vågar
511 1432 98 22 förmena
627 1434 33 20 att
680 1432 39 21 det
737 1431 35 21 för
789 1431 76 22 landet
882 1432 26 20 är
922 1436 27 16 en

196 1466 119 22 hederssak
335 1469 34 20 att
383 1468 66 26 tillse,
468 1469 33 20 att
519 1468 48 22 icke
585 1467 148 22 hundradetal
753 1466 107 28 olycklige
875 1466 76 22 fortfa-

271 1509 107 21 Allmänna
394 1510 178 20 besvärsutskottets
588 1508 120 22 betänkande
725 1509 39 20 N:o
781 1510 17 18 6.
