1061 1717
238 120 14 20 4

211 179 69 22 rande
300 176 76 23 hvilka
394 175 124 22 Ständerna
533 175 19 27 ej
568 181 41 21 ega
621 175 147 27 motionsrätt,
783 176 62 22 skola
864 176 104 22 Ständer-

211 218 42 17 mas
276 212 51 22 eller
350 210 103 22 ständens
474 209 186 28 framställningar
673 210 8 20 i
696 210 63 22 dessa
777 211 96 21 ärenden
887 212 80 20 under-

213 247 76 23 ställas
303 246 105 27 Kejsaren
424 244 42 22 och
480 244 132 22 Storfursten
636 245 77 21 endast
728 244 70 22 säsom
815 245 121 27 petitioner,
953 246 14 20 &

212 280 75 24 hvilka
308 280 106 28 Kejsaren
436 278 41 22 och
500 278 132 22 Storfursten
654 278 68 22 fäster
741 280 37 20 det
793 279 108 27 afseende,
916 279 49 22 Han

211 316 34 22 för
260 315 76 21 landet
350 314 70 20 finner
434 312 90 29 nyttigt.

282 348 84 22 Motion
388 347 52 22 eller
463 347 92 27 petition
570 347 8 21 i
593 348 70 25 ämne,
679 354 46 14 som
739 347 75 21 tillhör
828 347 89 23 allmänt
931 350 37 19 ut-

213 385 70 22 skotts
305 382 139 27 behandling,
466 381 40 21 bör
528 381 25 22 af
572 381 167 28 landtdagsman
761 382 131 22 framställas
906 382 8 21 i
929 383 37 21 det

213 420 65 21 stånd
293 418 44 22 han
351 416 80 26 tillhör,
446 416 59 21 inom
520 415 81 28 fjorton
617 416 68 27 dagar
695 416 54 21 efter
758 416 143 28 landtdagens
912 417 54 28 öpp-

214 454 78 21 nande.
324 452 126 21 Sedermera
472 451 36 20 mä
529 451 67 20 sädan
613 450 62 27 fräga
689 450 48 21 icke
752 450 75 22 kunna
841 451 85 28 väckas,
942 452 24 20 sä

212 488 67 21 framt
301 487 42 21 den
363 486 19 27 ej
404 484 181 27 omedelbarligen
607 484 123 22 föranledes
745 484 25 22 af
782 487 31 19 ett
826 485 59 22 inom
900 486 67 26 nägot

213 523 66 21 ständ
293 522 67 20 redan
375 520 81 21 fattadt
471 519 71 21 beslut
557 519 53 21 eller
624 525 74 15 annan
713 519 69 21 under
791 519 133 28 landtdagen
934 519 34 22 in-

210 556 81 22 träffad
305 554 111 23 händelse.

282 590 46 21 Har
342 589 168 26 landtdagsman
525 587 34 21 för
573 587 66 27 afsigt
654 589 33 20 att
702 587 120 22 framställa
837 589 71 26 någon
921 595 46 15 mo-

211 625 47 21 tion
283 624 53 21 eller
357 623 99 28 petition,
476 621 40 22 bör
532 621 44 22 han
592 623 74 20 derom
680 621 59 22 förut
753 623 128 20 underrätta
894 622 72 22 ordfö-

213 660 83 21 randen
319 658 7 21 i
349 658 96 25 ståndet;
468 656 114 22 hvarutom
604 656 44 21 alla
670 656 107 21 motioner
796 656 40 21 och
851 656 116 27 petitioner

214 693 68 26 skola,
304 693 66 20 innan
394 692 26 21 de
442 691 133 26 föredragas,
597 690 121 27 skriftligen
735 692 104 25 uppsatta
859 691 32 20 till
909 691 59 21 stån-

213 729 48 20 dets
277 727 132 21 sekreterare
428 725 110 21 aflemnas.
568 724 25 28 Ej
610 725 36 20 må
660 725 7 20 i
683 731 26 14 en
725 724 63 21 skrift
803 725 51 21 flere
871 726 95 21 ärenden

213 762 25 21 af
249 761 60 22 olika
331 759 148 23 beskaffenhet
500 758 162 22 sammanföras.
692 759 81 27 Hvarje
787 759 82 21 motion
883 759 39 22 bör
936 760 31 21 in-

215 795 87 23 nehälla
325 796 26 20 de
374 794 54 25 skäl,
450 793 83 28 hvarpä
548 794 41 21 den
605 794 25 20 är
644 794 105 26 grundad,
766 793 40 21 och
821 793 87 28 åtföljas
922 793 25 22 af
960 794 10 21 i

213 831 92 26 lagform
320 829 100 22 afiattadt
435 827 81 28 förslag
531 827 33 22 till
579 827 100 28 åsyftade
695 828 134 27 stadganden
844 828 7 21 i
866 829 82 20 ämnet.

561 892 11 25 s
589 891 34 21 52.

286 938 104 27 Kejsaren
405 937 41 21 och
462 936 143 22 Storfurstens
620 936 165 28 propositioner,
802 937 24 20 sä
841 937 127 22 ock
887 932 11 37 i
904 937 64 22 stän-

216 974 43 21 den
281 973 79 22 väckta
382 971 110 26 motioner,
510 971 36 21 mä
560 971 48 21 icke
623 971 33 21 till
672 971 73 27 slutlig
760 971 77 27 åtgärd
851 971 119 28 företagas,

213 1007 68 21 innan
298 1007 90 21 allmänt
402 1005 84 22 utskott
502 1005 98 22 deröfver
614 1005 85 27 afgifvit
713 1006 108 26 yttrande.

284 1041 46 21 Har
352 1040 92 28 petition
466 1040 92 21 rörande
576 1039 80 21 allmän
673 1039 61 27 fråga
748 1039 58 22 inom
821 1040 66 27 något
902 1041 66 20 stånd

213 1075 71 21 blifvit
307 1074 128 27 föreslagen,
458 1073 43 22 kan
524 1074 87 20 ståndet
624 1073 86 28 jemväl,
727 1080 34 14 om
777 1074 36 20 det
829 1074 24 21 så
867 1073 33 22 för
914 1075 54 26 godt

214 1109 79 24 finner,
306 1109 92 21 hänvisa
412 1108 76 27 frågan
504 1107 32 22 till
551 1107 133 28 behandling
699 1107 24 21 af
735 1107 91 21 allmänt
840 1107 90 22 utskott.

284 1143 46 21 Och
345 1142 65 21 hafva
426 1142 34 21 Wi
474 1149 35 14 om
525 1143 60 20 detta
601 1141 61 22 Wårt
676 1141 71 21 beslut
762 1141 39 22 hos
811 1141 60 22 Hans
881 1141 87 28 Kejser-

213 1177 45 28 liga
282 1176 102 28 Majestät
398 1177 8 20 i
421 1175 173 28 underdånighet
618 1175 82 22 anmält
715 1176 33 21 uti
763 1175 110 22 skrifvelse
887 1176 25 21 af
925 1177 42 20 der

214 1213 27 21 13
257 1211 97 22 sistlidne
370 1211 67 27 April.

566 1269 11 25 8
593 1268 19 21 7.

283 1314 51 22 Med
355 1314 210 27 tillkännagifvande
587 1316 33 18 att
643 1313 61 21 Hans
725 1312 121 28 Kejserliga
865 1312 102 28 Majestät

213 1348 50 22 icke
279 1348 91 22 allenast
386 1348 74 21 tillätit
475 1350 32 19 att
523 1354 26 14 en
567 1347 184 28 jernvägsbibana
765 1347 49 21 frän
829 1346 81 22 Simola
924 1349 43 19 sta-

214 1382 47 22 tion
277 1383 13 21 &
305 1382 177 22 Riihimäki—S:t
497 1382 127 27 Petersburg
637 1382 92 27 jernväg
743 1381 34 21 till
790 1381 179 21 Willmanstran&

214 1416 41 22 och
272 1416 86 22 Saimen
372 1416 58 28 finge
444 1417 50 21 med
509 1414 255 24 öfverskottsstatsmede!
780 1416 87 27 byggas,
884 1416 28 20 än
925 1414 42 23 vok
990 1415 2 2 '
