1061 1717
265 98 240 24 Petitionsbetänkande
520 100 41 22 N:o
580 99 18 22 1.
763 102 27 20 77

218 165 30 21 IV
264 166 72 27 kateg.
351 166 53 26 gods
420 182 4 4 .
445 182 1 5 .
465 182 4 5 .
487 182 5 5 .
508 165 118 27 3,355,000
664 166 33 27 0,
743 167 80 27 13,420

71 201 136 22 Accessoirer
223 201 40 22 och
279 202 85 22 diverse
380 201 123 23 inkumster.
535 218 3 5 .
556 218 5 4 .
579 217 116 7 ......
757 202 66 28 7,168

599 238 2 2 —
621 244 90 22 Summa
727 245 96 27 106,000

138 284 35 23 Då
201 284 304 28 exploitationskostnaderna
530 286 63 22 torde
621 286 54 22 böra
692 286 130 28 nppskattas

71 320 34 22 till
129 321 66 28 2,000
217 321 63 21 mark
303 327 39 21 per
364 323 66 25 verst,
446 321 55 22 eller
516 321 23 22 in
555 328 86 16 summa
657 322 82 28 84,000
753 323 69 27 mark,

69 362 51 17 vore
134 364 27 15 en
177 356 187 28 nettobehällning
380 356 24 22 af
418 357 82 27 22,000
516 358 62 21 mark
593 359 34 20 att
642 358 104 27 päräkna.

137 398 11 22 I
171 399 71 21 denna
263 398 271 28 rentabilitetsberäkning
557 399 62 27 ingär
634 399 48 22 icke
698 400 124 22 inkomsten

69 434 48 22 frän
141 435 41 21 den
205 435 161 27 genomgäende
390 434 72 28 trafik,
489 441 47 16 som
559 435 73 22 kunde
656 437 95 20 emotses
774 436 48 21 frän

69 471 110 22 Savolaks.
210 471 115 22 Storleken
349 470 23 22 af
396 471 71 21 denna
490 470 65 22 trafik
576 471 44 22 kan
644 471 56 22 dock
720 471 48 22 icke
784 478 38 15 ens

69 507 167 27 approximativt
251 507 114 21 beräknas.

137 548 75 22 Säsom
235 548 152 22 hufvudmotiv
410 548 34 22 för
467 555 26 15 en
517 549 57 21 bana
596 549 49 22 frän
668 549 98 27 Kaipiais
787 549 35 23 till

67 585 170 22 Fredrikshamn
260 584 87 22 anföres
363 584 7 21 i
388 584 244 27 petitionsmemorialet
653 585 127 27 betydelsen
801 585 24 22 af

67 622 34 20 att
116 620 103 23 Savolaks
235 621 78 25 banan,
330 620 75 21 sävida
421 620 42 22 den
479 621 71 21 säsom
567 623 91 25 antages
674 621 99 22 kommer
788 623 33 20 att

67 658 54 27 utgå
143 657 48 22 från
213 656 106 28 Kaipiais,
335 656 115 22 fortsättes
468 657 90 22 söderut
573 658 28 26 pä
616 657 99 22 kortaste
731 659 41 26 väg
788 657 34 22 till

67 693 124 26 hamnplats
206 693 36 21 vid
258 692 82 23 Finska
355 692 72 22 vikeu.
458 692 73 28 Längs
548 699 27 15 en
592 693 92 22 sälunda
699 693 50 22 ledd
764 693 57 22 bana

67 728 70 22 skulle
161 728 104 22 Savolaks
286 728 80 22 handel
382 728 106 22 äterföras
504 729 35 21 till
555 729 50 21 dess
621 729 73 27 gamla
710 729 110 27 sträkväg,

67 765 39 21 och
127 764 168 22 Fredrikshamn
319 764 74 21 kunna
416 764 75 27 intaga
506 764 34 21 sin
556 764 112 27 naturliga
682 765 42 21 roll
740 765 24 21 af
777 764 43 22 för-

66 799 96 23 medlare
187 799 24 22 af
232 800 108 27 importen
359 799 34 22 för
409 800 37 21 det
461 800 135 21 vidsträckta
613 801 99 21 omrädet
728 800 93 22 emellan

67 836 74 22 Saima
157 836 38 21 och
211 835 97 28 Päijäne.

135 871 34 22 Då
188 871 72 23 banan
284 873 28 26 pä
332 872 71 27 grund
424 871 65 22 häraf
503 872 71 21 skulle
591 872 89 21 komma
695 873 34 20 att
744 874 78 25 utgöra

67 914 25 15 en
117 907 34 22 del
175 907 23 22 af
220 914 26 15 en
267 908 52 27 läng
335 907 123 28 stambana,
474 914 65 15 anser
554 907 147 28 petitionären
717 908 38 21 det
770 914 52 15 vara

65 943 101 28 lämpligt
189 945 33 20 att
245 945 72 20 staten
339 943 123 27 öfvertager
476 943 85 22 banans
576 943 114 28 byggande
705 944 40 21 och
761 943 60 22 trafi-

65 979 103 22 kerande.

135 1015 43 22 För
186 1017 32 19 att
228 1015 78 27 riktigt
315 1015 116 21 bedömma
441 1014 103 28 motiven,
556 1015 70 21 mäste
637 1015 182 22 Fredrikshamns

66 1051 72 21 banan
151 1051 104 27 jemföras
271 1051 50 21 med
337 1051 41 21 den
394 1050 125 27 föreslagna
529 1050 71 22 banan
617 1051 114 21 Kouvola—
740 1046 80 36 Kotka,

67 1086 88 23 hvilken
173 1086 124 22 äfvenledes
313 1089 24 19 är
352 1086 93 22 föremäl
460 1086 35 21 för
511 1093 27 15 en
555 1086 101 27 petition,
669 1087 75 21 dervid
754 1087 67 21 Fred-

66 1122 124 22 rikshamns
214 1123 40 21 och
275 1122 84 22 Kotkas
377 1121 109 22 :inbördes
507 1122 129 27 lämplighet
657 1123 71 21 såsom
745 1122 76 21 hamn-

66 1158 82 27 platser
176 1159 39 20 och
241 1158 140 27 importorter
408 1158 40 21 bör
473 1160 62 25 tagas
561 1159 70 21 under
657 1158 164 27 öfvervägande.

134 1199 11 22 I
160 1199 123 28 händelser,
300 1199 6 22 i
323 1199 97 28 enlighet
436 1200 50 21 med
502 1199 121 22 utskottets
636 1199 133 22 alternativa
780 1199 43 22 för-

68 1236 53 27 slag,
143 1235 98 22 Kouvola
256 1235 69 27 väljes
341 1235 35 22 till
393 1235 166 28 utgångspunkt
574 1235 34 22 för
624 1235 103 22 Savolaks
743 1235 78 26 banan,

68 1273 25 20 är
113 1272 37 21 det
170 1273 78 20 nästan
263 1271 59 22 klart
338 1273 33 20 att
388 1277 27 16 en
431 1271 57 22 bana
504 1271 35 22 till
554 1271 73 22 Kotka
643 1271 71 22 skulle
732 1271 90 27 erbjuda

67 1309 70 20 större
160 1307 102 22 fördelar.
293 1307 117 21 Utskottet
430 1307 38 21 vill
485 1307 86 22 derföre
588 1308 53 26 utgå
657 1306 48 22 från
721 1307 42 21 den
779 1306 43 22 för-

65 1343 158 27 utsättningen,
239 1344 34 20 att
289 1342 103 22 Savolaks
408 1343 71 21 banan
495 1344 66 26 utgär
575 1342 49 22 frän
639 1342 106 28 Kaipiais.

135 1384 117 22 Afständet
270 1385 49 21 frän
340 1385 98 27 Kaipiais
454 1384 35 22 till
506 1385 181 21 Fredrikshamns
703 1385 65 21 hamn
784 1384 37 22 vid

65 1420 60 22 Hillo
141 1423 24 19 är
180 1421 29 21 42
225 1422 65 25 verst,
307 1421 40 21 och
362 1420 35 22 till
413 1420 74 22 Kotka
503 1421 46 26 51,5
566 1422 64 20 verst.
658 1420 116 22 Afständet
785 1420 34 21 till

65 1456 59 21 Hillo
147 1458 25 19 är
195 1456 85 22 säledes
303 1456 31 27 9,5
357 1457 60 20 verst
438 1456 95 26 kortare,
555 1456 39 21 och
615 1462 50 15 vore
682 1456 36 21 det
734 1455 85 22 derföre

138 1498 196 25 Jernvägsutskottets
350 1498 117 20 betänkande
483 1498 38 19 N:o
537 1498 18 20 3.
