1061 1717
290 106 107 22 Petitions
412 106 140 23 betänkande
567 107 37 22 N:o
619 106 36 22 25.
809 109 13 20 3

96 171 99 19 hållanden
208 170 43 24 ålåg
259 172 24 18 de
291 171 106 23 vapenföra
405 173 85 22 männen,
499 171 121 24 husfäderna,
629 173 29 17 att
663 172 64 23 hjelpa
732 172 36 18 och
775 171 76 23 skydda

97 202 62 17 ättens
171 200 22 18 af
201 202 81 16 naturen
294 206 81 17 svagare
387 201 128 22 medlemmar,
529 201 44 18 dess
583 202 81 22 qvinnor
673 201 36 18 och
717 201 52 18 barn.
790 201 61 17 Dessa

97 229 144 24 skyddspligter
259 229 99 18 medförde
376 228 12 20 å
404 230 59 17 andra
480 230 53 18 sidan
549 229 31 18 för
596 229 105 19 husfädren
716 229 135 19 motsvarande

96 258 119 23 rättigheter.
235 258 47 18 Dem
295 258 75 18 tillkom
383 264 23 12 en
419 258 114 18 oinskränkt
545 258 113 23 myndighet
671 258 55 18 öfver
735 258 24 18 de
768 258 82 22 skydds-

96 286 121 19 behöfvande
231 286 53 18 såväl
297 286 6 18 i
315 286 89 18 afseende
417 286 11 19 å
441 287 66 18 dessas
519 292 91 18 personer
623 292 41 13 som
677 287 43 17 med
733 287 77 23 hänsigt
821 286 29 18 till

97 316 55 18 deras
170 315 98 22 egendom.
292 314 106 24 Förmågan
416 317 29 16 att
461 315 81 23 kraftigt
558 315 58 18 häfda
628 316 64 18 ättens
704 316 93 17 intressen
809 314 42 19 utåt

96 344 85 18 berodde
199 343 68 19 främst
284 343 25 23 på
326 343 68 19 måttet
410 344 22 18 af
445 344 44 18 dess
502 344 138 23 förmögenhet,
653 344 90 18 hvarföre
757 344 32 18 det
801 343 32 23 låg
845 344 5 16 i

97 373 69 18 sakens
183 374 56 16 natur
256 375 29 15 att
301 372 21 19 så
340 373 78 23 mycket
434 378 40 13 som
488 374 73 22 möjligt
574 373 48 18 söka
634 372 96 19 bibehålla
743 373 108 18 densamma

97 403 49 17 inom
165 402 57 17 ätten.
247 401 96 18 Särskildt
358 402 64 22 gällde
435 402 53 18 detta
499 402 7 17 i
518 401 89 19 afseende
620 400 11 19 &
639 401 170 23 jordegendomen,
823 400 28 20 sä-

97 436 40 13 som
153 431 36 18 den
204 430 149 23 praevalerande
366 430 55 19 delen
434 430 56 19 deraf
500 430 35 19 och
548 430 78 19 hvilken
639 430 63 18 tillika
713 430 90 23 utgjorde
816 430 35 18 vil-

97 460 57 17 koret
169 459 29 18 för
210 459 111 24 ätnjutande
333 459 22 18 af
365 459 125 24 fullständiga
501 460 91 23 politiska
604 459 119 24 rättigheter.
747 460 29 17 En
788 461 64 16 natur-

97 489 26 22 lig
135 488 121 23 konsegvens
269 488 57 18 häraf
335 488 42 18 blef
386 488 37 18 ock
436 490 28 16 att
477 487 25 19 dä
514 488 271 23 egendomsgemensamheten
795 488 56 18 emel-

97 517 30 18 lan
145 518 89 17 makarna
251 516 65 19 blifvit
333 517 73 18 erkänd
418 517 62 18 säsom
494 522 23 13 en
529 517 65 23 gifven
606 517 100 23 rättsföljd
717 516 22 19 af
749 517 102 18 äktenska-

97 548 38 21 pet,
148 546 143 23 lagstiftningen
303 545 60 19 måste
371 546 23 23 gå
403 546 5 17 i
418 546 36 18 den
462 546 85 23 riktning
555 547 29 17 att
590 546 126 23 slägtjordens
723 545 128 23 öfvergäende

97 576 6 16 i
120 575 116 18 främmande
253 575 72 18 händer
341 575 108 22 derigenom
466 575 121 23 förebygdes.
611 575 44 18 Man
671 575 94 22 stadgade
777 574 74 19 derföre

97 604 59 18 redan
173 603 58 23 tidigt
245 605 28 16 att
285 603 90 18 makarne
387 603 43 18 icke
443 603 48 24 egde
504 603 119 24 delaktighet
635 604 5 17 i
654 603 117 18 hvärandras
783 605 68 21 genom

97 633 32 17 arf
138 632 123 18 förvärfvade
274 632 118 23 fastigheter,
405 637 46 13 vare
464 633 29 22 sig
504 634 29 16 att
541 633 53 17 detta
603 632 137 18 törvärfvande
749 632 52 18 skett
811 631 40 19 före

97 661 137 22 äktenskapets
254 660 93 23 ingående
368 661 47 17 eller
433 661 49 18 efter
501 661 43 18 dess
561 661 115 18 fullbordar.
701 661 38 18 Och
757 661 95 23 sjelffallet

97 690 64 19 kunde
173 691 97 22 principen
283 695 30 12 om
326 690 113 23 samegande
451 691 39 16 rätt
500 690 42 18 icke
551 690 95 23 tillämpas
655 689 25 24 pä
688 690 59 18 sädan
753 689 98 24 egendom,

97 725 40 12 som
150 719 78 18 tillfallit
241 719 36 18 den
290 724 35 13 ena
337 719 68 17 makan
418 719 61 18 under
487 719 115 23 uttryckligt
610 717 94 20 förbehäll
712 720 29 16 att
750 719 36 18 den
792 718 60 18 andra

98 748 41 18 deri
150 747 42 18 icke
205 747 48 23 egde
266 747 93 23 giftorätt.
380 747 68 18 Medan
462 747 62 18 denna
535 747 173 23 rättsuppfattning
720 747 94 23 stadgade
823 747 29 23 sig

97 775 25 24 pä
137 777 69 22 landet,
223 777 108 22 gestaltade
347 776 29 23 sig
388 776 100 18 makarnes
501 775 236 24 egendomsförhällanden
749 775 59 24 nägot
821 781 30 13 an-

97 805 92 18 norlunda
206 805 6 17 i
231 805 94 18 städerna.
349 805 41 18 Den
406 806 40 16 täta
462 805 117 22 samfärdsel,
592 805 55 17 hvari
660 805 55 18 dessa
726 804 85 19 befunno
823 805 29 22 sig

97 833 43 18 med
155 834 153 22 hansestäderna,
325 833 85 18 särdeles
423 833 84 23 Lybeck,
520 833 44 18 kom
577 833 68 18 härvid
658 835 29 16 att
699 833 68 18 utöfva
779 835 28 16 ett
819 833 32 18 be-

97 863 117 17 stämmande
234 862 109 23 inflytande.
368 863 39 17 För
424 864 30 16 att
472 862 67 24 främja
555 868 23 12 en
591 862 164 23 kapitalbildning,
769 867 40 13 som
822 863 29 16 ut-

97 891 68 23 gjorde
177 891 36 18 den
226 891 123 23 nödvändiga
361 890 113 24 häfstängen
487 891 30 18 för
528 891 92 18 handelns
629 891 36 18 och
674 891 121 18 konstflitens
803 896 48 17 upp-

96 920 113 23 blomstring
225 919 167 19 öfverenskommo
408 920 91 18 makarne
514 922 28 16 att
555 920 113 18 sammanslä
680 920 28 18 sin
719 919 133 23 förmögenhet

97 948 61 18 under
169 948 118 23 förvaltning
298 948 22 18 af
330 953 79 13 mannen
422 947 61 19 såsom
497 949 36 18 den
545 949 6 17 i
563 949 70 18 affärer
643 948 120 18 förfarnaste.
781 947 30 19 Då
819 948 33 18 äk-

97 977 102 23 tenskapet
211 977 108 18 sedermera
331 982 67 18 genom
412 977 37 18 den
462 983 36 12 ena
509 978 78 17 makans
599 977 88 18 fränfälle
699 977 105 23 upplöstes,
817 982 35 12 var

97 1006 34 17 det
145 1006 117 23 gemenligen
278 1006 53 18 svärt
343 1008 28 15 att
383 1006 81 23 urskilja
476 1006 52 18 hvad
539 1006 97 18 hvardera
648 1006 6 17 i
666 1006 46 18 boet
723 1005 65 19 infört.
812 1005 40 19 Och

97 1033 25 19 dä
139 1034 111 23 billigheten
267 1035 89 17 fordrade
373 1036 29 16 att
417 1035 57 18 äfven
487 1035 80 18 hustrun
580 1035 62 18 skulle
654 1040 24 12 ur
689 1035 46 18 boet
747 1033 41 19 utfä
800 1034 51 18 hvad

96 1063 39 18 hon
153 1063 40 18 deri
211 1063 58 18 infört
287 1063 83 23 uppkom
389 1063 71 18 bruket
476 1065 29 16 att
517 1063 5 18 i
535 1065 22 21 ty
570 1063 31 18 fall
614 1063 43 18 dela
670 1063 117 23 egendomen
800 1063 5 17 i
818 1061 34 19 två

94 1093 65 21 jemna
176 1092 63 22 lotter,
257 1091 22 18 af
295 1091 66 18 hvilka
379 1092 37 17 den
434 1097 36 12 ena
486 1092 64 18 tillföll
567 1092 36 18 den
616 1092 138 18 efterlefvande
767 1091 35 18 och
815 1092 36 17 den

97 1121 60 18 andra
168 1121 127 22 arfvingarne.

166 1150 139 23 Grunddragen
318 1149 21 18 af
349 1150 61 18 denna
422 1149 156 24 rättsåskådning
590 1148 92 19 återfinna
690 1149 34 18 vii
733 1148 35 19 vår
777 1154 25 12 nu
810 1149 41 22 gäl-

97 1179 56 18 lande
169 1179 125 22 lagstiftning.
318 1179 56 17 Hvad
390 1177 171 24 målsmansskapet
578 1178 59 23 enligt
652 1178 109 18 densamma
773 1177 78 18 innebär

96 1208 35 18 har
147 1207 56 18 ofvan
216 1207 64 18 blifvit
292 1207 76 18 anfördt
380 1207 35 18 och
425 1207 35 23 jag
472 1206 71 19 tillåter
555 1207 38 23 mig
605 1208 29 16 att
645 1207 36 17 här
693 1205 94 24 återgifva
799 1206 52 17 hvad

97 1243 22 12 en
137 1235 126 20 framstående
276 1236 70 18 svensk
358 1236 92 18 rättslärd
462 1237 63 22 yttrar
536 1235 98 24 angående
647 1235 33 18 det
692 1235 159 18 karakteristiska

97 1266 29 18 för
143 1265 268 23 egendomsgemensamheten
428 1265 28 18 uti
468 1265 134 22 äktenskapet.
626 1263 30 19 Då
670 1265 44 16 1734
725 1263 32 19 års
769 1264 33 22 lag
814 1263 37 18 för-

98 1295 69 22 klarar,
179 1296 29 16 att
219 1294 141 23 gemensamhet
371 1294 29 18 till
413 1294 93 23 egendom
519 1294 85 17 inträder
616 1293 30 18 för
659 1293 47 17 äkta
714 1293 66 17 makar
789 1291 62 19 såsom

97 1329 24 13 en
135 1323 83 23 juridisk
237 1323 73 17 verkan
327 1322 22 18 af
362 1322 133 23 äktenskapet,
508 1322 22 18 så
541 1327 64 13 menas
618 1322 84 22 dermed,
715 1323 28 16 att
756 1321 96 18 hvardera

97 1352 68 18 maken
178 1351 62 19 såsom
253 1352 92 18 särskildt
356 1351 128 23 rättssubjekt
496 1350 81 19 erhåller
585 1350 108 23 fullkomlig
701 1350 114 23 eganderätt
822 1346 29 22 till

97 1382 40 18 viss
153 1382 30 17 del
196 1381 21 18 af
227 1380 100 19 föremålet
339 1380 30 19 för
380 1380 165 24 gemensamheten
559 1380 34 18 den
606 1379 149 19 communicabla
767 1378 84 23 egendo-

97 1416 48 12 men.
169 1411 65 22 Begge
249 1410 100 18 makarnes
366 1410 58 18 lotter
441 1408 60 19 måste
514 1409 60 18 likväl
586 1408 25 24 pä
624 1409 52 17 detta
689 1409 38 17 sätt
739 1407 70 18 tänkas
821 1407 29 19 sä:

166 1444 139 24 Lagutskottets
318 1444 116 18 betänkande
447 1445 36 17 N:o
496 1445 28 16 10.
