<?xml version="1.0" encoding="UTF-8"?>
<alto xmlns="http://www.loc.gov/standards/alto/ns-v3#" xmlns:xlink="http://www.w3.org/1999/xlink" xmlns:xsi="http://www.w3.org/2001/XMLSchema-instance" xsi:schemaLocation="http://www.loc.gov/standards/alto/ns-v3# http://www.loc.gov/alto/v3/alto-3-0.xsd">
	<Description>
		<MeasurementUnit>pixel</MeasurementUnit>
		<sourceImageInformation>
			<fileName>/tmp/tess_e7fceu5m_input.PNG</fileName>
		</sourceImageInformation>
		<OCRProcessing ID="OCR_0">
			<ocrProcessingStep>
				<processingSoftware>
					<softwareName>tesseract 5.3.4</softwareName>
				</processingSoftware>
			</ocrProcessingStep>
		</OCRProcessing>
	</Description>
	<Layout>
		<Page WIDTH="1061" HEIGHT="1717" PHYSICAL_IMG_NR="0" ID="page_0">
			<PrintSpace HPOS="0" VPOS="0" WIDTH="1061" HEIGHT="1717">
				<GraphicalElement ID="cblock_0" HPOS="0" VPOS="367" WIDTH="3" HEIGHT="509"></GraphicalElement >
				<ComposedBlock ID="cblock_1" HPOS="233" VPOS="114" WIDTH="26" HEIGHT="21">
					<TextBlock ID="block_0" HPOS="233" VPOS="114" WIDTH="26" HEIGHT="21">
						<TextLine ID="line_0" HPOS="233" VPOS="114" WIDTH="26" HEIGHT="21">
							<String ID="string_0" HPOS="233" VPOS="114" WIDTH="26" HEIGHT="21" WC="0.95" CONTENT="16"/>
						</TextLine>
					</TextBlock>
				</ComposedBlock>
				<ComposedBlock ID="cblock_2" HPOS="203" VPOS="166" WIDTH="752" HEIGHT="100">
					<TextBlock ID="block_1" HPOS="203" VPOS="166" WIDTH="752" HEIGHT="100">
						<TextLine ID="line_1" HPOS="203" VPOS="166" WIDTH="752" HEIGHT="32">
							<String ID="string_1" HPOS="203" VPOS="171" WIDTH="40" HEIGHT="21" WC="0.96" CONTENT="och"/><SP WIDTH="15" VPOS="171" HPOS="243"/>
							<String ID="string_2" HPOS="258" VPOS="170" WIDTH="136" HEIGHT="23" WC="0.96" CONTENT="förvaltande"/><SP WIDTH="16" VPOS="170" HPOS="394"/>
							<String ID="string_3" HPOS="410" VPOS="171" WIDTH="101" HEIGHT="27" WC="0.93" CONTENT="personal"/><SP WIDTH="22" VPOS="171" HPOS="511"/>
							<String ID="string_4" HPOS="533" VPOS="170" WIDTH="159" HEIGHT="27" WC="0.92" CONTENT="sammanlagdt"/><SP WIDTH="15" VPOS="170" HPOS="692"/>
							<String ID="string_5" HPOS="707" VPOS="171" WIDTH="75" HEIGHT="19" WC="0.96" CONTENT="sexton"/><SP WIDTH="16" VPOS="171" HPOS="782"/>
							<String ID="string_6" HPOS="798" VPOS="168" WIDTH="99" HEIGHT="27" WC="0.91" CONTENT="miljoner"/><SP WIDTH="15" VPOS="168" HPOS="897"/>
							<String ID="string_7" HPOS="912" VPOS="166" WIDTH="43" HEIGHT="28" WC="0.91" CONTENT="sju-"/>
						</TextLine>
						<TextLine ID="line_2" HPOS="203" VPOS="201" WIDTH="751" HEIGHT="29">
							<String ID="string_8" HPOS="203" VPOS="206" WIDTH="86" HEIGHT="20" WC="0.96" CONTENT="hundra"/><SP WIDTH="22" VPOS="206" HPOS="289"/>
							<String ID="string_9" HPOS="311" VPOS="206" WIDTH="70" HEIGHT="21" WC="0.96" CONTENT="nitton"/><SP WIDTH="23" VPOS="206" HPOS="381"/>
							<String ID="string_10" HPOS="404" VPOS="208" WIDTH="63" HEIGHT="18" WC="0.96" CONTENT="tusen"/><SP WIDTH="23" VPOS="208" HPOS="467"/>
							<String ID="string_11" HPOS="490" VPOS="204" WIDTH="68" HEIGHT="26" WC="0.92" CONTENT="mark,"/><SP WIDTH="23" VPOS="204" HPOS="558"/>
							<String ID="string_12" HPOS="581" VPOS="204" WIDTH="87" HEIGHT="22" WC="0.92" CONTENT="hvarom"/><SP WIDTH="23" VPOS="204" HPOS="668"/>
							<String ID="string_13" HPOS="691" VPOS="203" WIDTH="38" HEIGHT="22" WC="0.96" CONTENT="allt"/><SP WIDTH="20" VPOS="203" HPOS="729"/>
							<String ID="string_14" HPOS="749" VPOS="203" WIDTH="33" HEIGHT="21" WC="0.96" CONTENT="Wi"/><SP WIDTH="15" VPOS="203" HPOS="782"/>
							<String ID="string_15" HPOS="797" VPOS="203" WIDTH="7" HEIGHT="21" WC="0.93" CONTENT="i"/><SP WIDTH="15" VPOS="203" HPOS="804"/>
							<String ID="string_16" HPOS="819" VPOS="201" WIDTH="135" HEIGHT="27" WC="0.91" CONTENT="underdånig"/>
						</TextLine>
						<TextLine ID="line_3" HPOS="203" VPOS="239" WIDTH="395" HEIGHT="27">
							<String ID="string_17" HPOS="203" VPOS="239" WIDTH="110" HEIGHT="22" WC="0.96" CONTENT="skrifvelse"/><SP WIDTH="16" VPOS="239" HPOS="313"/>
							<String ID="string_18" HPOS="329" VPOS="240" WIDTH="24" HEIGHT="21" WC="0.96" CONTENT="af"/><SP WIDTH="12" VPOS="240" HPOS="353"/>
							<String ID="string_19" HPOS="365" VPOS="241" WIDTH="72" HEIGHT="21" WC="0.96" CONTENT="denna"/><SP WIDTH="15" VPOS="241" HPOS="437"/>
							<String ID="string_20" HPOS="452" VPOS="241" WIDTH="42" HEIGHT="25" WC="0.96" CONTENT="dag"/><SP WIDTH="15" VPOS="241" HPOS="494"/>
							<String ID="string_21" HPOS="509" VPOS="239" WIDTH="89" HEIGHT="22" WC="0.94" CONTENT="anmält."/>
						</TextLine>
					</TextBlock>
				</ComposedBlock>
				<ComposedBlock ID="cblock_3" HPOS="551" VPOS="296" WIDTH="60" HEIGHT="26">
					<TextBlock ID="block_2" HPOS="551" VPOS="296" WIDTH="60" HEIGHT="26">
						<TextLine ID="line_4" HPOS="551" VPOS="296" WIDTH="60" HEIGHT="26">
							<String ID="string_22" HPOS="551" VPOS="297" WIDTH="10" HEIGHT="25" WC="0.90" CONTENT="$"/><SP WIDTH="16" VPOS="297" HPOS="561"/>
							<String ID="string_23" HPOS="577" VPOS="296" WIDTH="34" HEIGHT="21" WC="0.94" CONTENT="41."/>
						</TextLine>
					</TextBlock>
				</ComposedBlock>
				<ComposedBlock ID="cblock_4" HPOS="198" VPOS="339" WIDTH="756" HEIGHT="1059">
					<TextBlock ID="block_3" HPOS="198" VPOS="339" WIDTH="756" HEIGHT="1059">
						<TextLine ID="line_5" HPOS="273" VPOS="339" WIDTH="680" HEIGHT="30">
							<String ID="string_24" HPOS="273" VPOS="342" WIDTH="70" HEIGHT="22" WC="0.96" CONTENT="Sedan"/><SP WIDTH="19" VPOS="342" HPOS="343"/>
							<String ID="string_25" HPOS="362" VPOS="342" WIDTH="32" HEIGHT="21" WC="0.96" CONTENT="till"/><SP WIDTH="16" VPOS="342" HPOS="394"/>
							<String ID="string_26" HPOS="410" VPOS="342" WIDTH="46" HEIGHT="25" WC="0.93" CONTENT="Oss,"/><SP WIDTH="14" VPOS="342" HPOS="456"/>
							<String ID="string_27" HPOS="470" VPOS="342" WIDTH="86" HEIGHT="27" WC="0.91" CONTENT="jemlikt"/><SP WIDTH="15" VPOS="342" HPOS="556"/>
							<String ID="string_28" HPOS="571" VPOS="343" WIDTH="11" HEIGHT="25" WC="0.89" CONTENT="&amp;"/><SP WIDTH="31" VPOS="343" HPOS="582"/>
							<String ID="string_29" HPOS="613" VPOS="342" WIDTH="11" HEIGHT="21" WC="0.95" CONTENT="17"/><SP WIDTH="16" VPOS="342" HPOS="624"/>
							<String ID="string_30" HPOS="640" VPOS="342" WIDTH="8" HEIGHT="20" WC="0.96" CONTENT="i"/><SP WIDTH="15" VPOS="342" HPOS="648"/>
							<String ID="string_31" HPOS="663" VPOS="341" WIDTH="100" HEIGHT="27" WC="0.93" CONTENT="gällande"/><SP WIDTH="15" VPOS="341" HPOS="763"/>
							<String ID="string_32" HPOS="778" VPOS="339" WIDTH="175" HEIGHT="27" WC="0.91" CONTENT="Landtdagsord-"/>
						</TextLine>
						<TextLine ID="line_6" HPOS="203" VPOS="373" WIDTH="751" HEIGHT="31">
							<String ID="string_33" HPOS="203" VPOS="377" WIDTH="58" HEIGHT="27" WC="0.93" CONTENT="ning,"/><SP WIDTH="17" VPOS="377" HPOS="261"/>
							<String ID="string_34" HPOS="278" VPOS="376" WIDTH="150" HEIGHT="22" WC="0.91" CONTENT="öfverlemnats"/><SP WIDTH="16" VPOS="376" HPOS="428"/>
							<String ID="string_35" HPOS="444" VPOS="383" WIDTH="26" HEIGHT="15" WC="0.96" CONTENT="en"/><SP WIDTH="16" VPOS="383" HPOS="470"/>
							<String ID="string_36" HPOS="486" VPOS="376" WIDTH="24" HEIGHT="21" WC="0.93" CONTENT="af"/><SP WIDTH="14" VPOS="376" HPOS="510"/>
							<String ID="string_37" HPOS="524" VPOS="376" WIDTH="233" HEIGHT="27" WC="0.92" CONTENT="Finansexpeditionen"/><SP WIDTH="11" VPOS="376" HPOS="757"/>
							<String ID="string_38" HPOS="768" VPOS="375" WIDTH="7" HEIGHT="21" WC="0.96" CONTENT="i"/><SP WIDTH="10" VPOS="375" HPOS="775"/>
							<String ID="string_39" HPOS="785" VPOS="374" WIDTH="119" HEIGHT="28" WC="0.93" CONTENT="Kejserliga"/><SP WIDTH="15" VPOS="374" HPOS="904"/>
							<String ID="string_40" HPOS="919" VPOS="373" WIDTH="35" HEIGHT="21" WC="0.93" CONTENT="Se-"/>
						</TextLine>
						<TextLine ID="line_7" HPOS="202" VPOS="409" WIDTH="751" HEIGHT="28">
							<String ID="string_41" HPOS="202" VPOS="414" WIDTH="66" HEIGHT="18" WC="0.92" CONTENT="naten"/><SP WIDTH="24" VPOS="414" HPOS="268"/>
							<String ID="string_42" HPOS="292" VPOS="412" WIDTH="40" HEIGHT="20" WC="0.96" CONTENT="den"/><SP WIDTH="17" VPOS="412" HPOS="332"/>
							<String ID="string_43" HPOS="349" VPOS="412" WIDTH="27" HEIGHT="20" WC="0.93" CONTENT="30"/><SP WIDTH="16" VPOS="412" HPOS="376"/>
							<String ID="string_44" HPOS="392" VPOS="410" WIDTH="97" HEIGHT="22" WC="0.92" CONTENT="sistlidne"/><SP WIDTH="23" VPOS="410" HPOS="489"/>
							<String ID="string_45" HPOS="512" VPOS="410" WIDTH="90" HEIGHT="21" WC="0.93" CONTENT="Januari"/><SP WIDTH="23" VPOS="410" HPOS="602"/>
							<String ID="string_46" HPOS="625" VPOS="410" WIDTH="93" HEIGHT="27" WC="0.68" CONTENT="afgifven"/><SP WIDTH="16" VPOS="410" HPOS="718"/>
							<String ID="string_47" HPOS="734" VPOS="409" WIDTH="91" HEIGHT="21" WC="0.96" CONTENT="relation"/><SP WIDTH="16" VPOS="409" HPOS="825"/>
							<String ID="string_48" HPOS="841" VPOS="416" WIDTH="34" HEIGHT="14" WC="0.93" CONTENT="om"/><SP WIDTH="15" VPOS="416" HPOS="875"/>
							<String ID="string_49" HPOS="890" VPOS="410" WIDTH="63" HEIGHT="18" WC="0.91" CONTENT="stats-"/>
						</TextLine>
						<TextLine ID="line_8" HPOS="201" VPOS="443" WIDTH="751" HEIGHT="29">
							<String ID="string_50" HPOS="201" VPOS="445" WIDTH="88" HEIGHT="22" WC="0.96" CONTENT="verkets"/><SP WIDTH="22" VPOS="445" HPOS="289"/>
							<String ID="string_51" HPOS="311" VPOS="445" WIDTH="104" HEIGHT="25" WC="0.95" CONTENT="tillstånd,"/><SP WIDTH="23" VPOS="445" HPOS="415"/>
							<String ID="string_52" HPOS="438" VPOS="445" WIDTH="133" HEIGHT="21" WC="0.93" CONTENT="omfattande"/><SP WIDTH="23" VPOS="445" HPOS="571"/>
							<String ID="string_53" HPOS="594" VPOS="444" WIDTH="202" HEIGHT="28" WC="0.92" CONTENT="kapitalräkningar"/><SP WIDTH="19" VPOS="444" HPOS="796"/>
							<String ID="string_54" HPOS="815" VPOS="443" WIDTH="60" HEIGHT="21" WC="0.93" CONTENT="öfver"/><SP WIDTH="15" VPOS="443" HPOS="875"/>
							<String ID="string_55" HPOS="890" VPOS="444" WIDTH="62" HEIGHT="19" WC="0.93" CONTENT="stats-"/>
						</TextLine>
						<TextLine ID="line_9" HPOS="202" VPOS="479" WIDTH="751" HEIGHT="24">
							<String ID="string_56" HPOS="202" VPOS="480" WIDTH="41" HEIGHT="22" WC="0.92" CONTENT="och"/><SP WIDTH="23" VPOS="480" HPOS="243"/>
							<String ID="string_57" HPOS="266" VPOS="479" WIDTH="182" HEIGHT="22" WC="0.92" CONTENT="militiefonderna"/><SP WIDTH="14" VPOS="479" HPOS="448"/>
							<String ID="string_58" HPOS="462" VPOS="479" WIDTH="34" HEIGHT="22" WC="0.93" CONTENT="för"/><SP WIDTH="14" VPOS="479" HPOS="496"/>
							<String ID="string_59" HPOS="510" VPOS="480" WIDTH="51" HEIGHT="21" WC="0.95" CONTENT="åren"/><SP WIDTH="18" VPOS="480" HPOS="561"/>
							<String ID="string_60" HPOS="579" VPOS="480" WIDTH="61" HEIGHT="23" WC="0.96" CONTENT="1880,"/><SP WIDTH="18" VPOS="480" HPOS="640"/>
							<String ID="string_61" HPOS="658" VPOS="479" WIDTH="53" HEIGHT="22" WC="0.96" CONTENT="1881"/><SP WIDTH="16" VPOS="479" HPOS="711"/>
							<String ID="string_62" HPOS="727" VPOS="479" WIDTH="40" HEIGHT="20" WC="0.96" CONTENT="och"/><SP WIDTH="17" VPOS="479" HPOS="767"/>
							<String ID="string_63" HPOS="784" VPOS="479" WIDTH="61" HEIGHT="24" WC="0.93" CONTENT="1882,"/><SP WIDTH="16" VPOS="479" HPOS="845"/>
							<String ID="string_64" HPOS="861" VPOS="484" WIDTH="92" HEIGHT="15" WC="0.91" CONTENT="summa-"/>
						</TextLine>
						<TextLine ID="line_10" HPOS="202" VPOS="511" WIDTH="751" HEIGHT="30">
							<String ID="string_65" HPOS="202" VPOS="515" WIDTH="44" HEIGHT="21" WC="0.93" CONTENT="risk"/><SP WIDTH="16" VPOS="515" HPOS="246"/>
							<String ID="string_66" HPOS="262" VPOS="514" WIDTH="92" HEIGHT="27" WC="0.96" CONTENT="räkning"/><SP WIDTH="15" VPOS="514" HPOS="354"/>
							<String ID="string_67" HPOS="369" VPOS="513" WIDTH="60" HEIGHT="22" WC="0.96" CONTENT="öfver"/><SP WIDTH="15" VPOS="513" HPOS="429"/>
							<String ID="string_68" HPOS="444" VPOS="513" WIDTH="110" HEIGHT="22" WC="0.93" CONTENT="allmänna"/><SP WIDTH="15" VPOS="513" HPOS="554"/>
							<String ID="string_69" HPOS="569" VPOS="513" WIDTH="134" HEIGHT="22" WC="0.92" CONTENT="statsfonden"/><SP WIDTH="16" VPOS="513" HPOS="703"/>
							<String ID="string_70" HPOS="719" VPOS="513" WIDTH="33" HEIGHT="20" WC="0.96" CONTENT="för"/><SP WIDTH="15" VPOS="513" HPOS="752"/>
							<String ID="string_71" HPOS="767" VPOS="513" WIDTH="25" HEIGHT="20" WC="0.96" CONTENT="är"/><SP WIDTH="16" VPOS="513" HPOS="792"/>
							<String ID="string_72" HPOS="808" VPOS="513" WIDTH="61" HEIGHT="25" WC="0.96" CONTENT="1883,"/><SP WIDTH="12" VPOS="513" HPOS="869"/>
							<String ID="string_73" HPOS="881" VPOS="511" WIDTH="72" HEIGHT="28" WC="0.96" CONTENT="kalkyl"/>
						</TextLine>
						<TextLine ID="line_11" HPOS="202" VPOS="547" WIDTH="749" HEIGHT="28">
							<String ID="string_74" HPOS="202" VPOS="549" WIDTH="60" HEIGHT="22" WC="0.93" CONTENT="öfver"/><SP WIDTH="16" VPOS="549" HPOS="262"/>
							<String ID="string_75" HPOS="278" VPOS="548" WIDTH="146" HEIGHT="21" WC="0.92" CONTENT="statsfondens"/><SP WIDTH="16" VPOS="548" HPOS="424"/>
							<String ID="string_76" HPOS="440" VPOS="547" WIDTH="116" HEIGHT="28" WC="0.95" CONTENT="tillgångar"/><SP WIDTH="15" VPOS="547" HPOS="556"/>
							<String ID="string_77" HPOS="571" VPOS="547" WIDTH="32" HEIGHT="21" WC="0.93" CONTENT="till"/><SP WIDTH="16" VPOS="547" HPOS="603"/>
							<String ID="string_78" HPOS="619" VPOS="547" WIDTH="138" HEIGHT="21" WC="0.96" CONTENT="bestridande"/><SP WIDTH="12" VPOS="547" HPOS="757"/>
							<String ID="string_79" HPOS="769" VPOS="547" WIDTH="24" HEIGHT="21" WC="0.96" CONTENT="af"/><SP WIDTH="11" VPOS="547" HPOS="793"/>
							<String ID="string_80" HPOS="804" VPOS="547" WIDTH="53" HEIGHT="22" WC="0.92" CONTENT="1884"/><SP WIDTH="11" VPOS="547" HPOS="857"/>
							<String ID="string_81" HPOS="868" VPOS="547" WIDTH="34" HEIGHT="21" WC="0.93" CONTENT="års"/><SP WIDTH="16" VPOS="547" HPOS="902"/>
							<String ID="string_82" HPOS="918" VPOS="553" WIDTH="33" HEIGHT="14" WC="0.92" CONTENT="ex-"/>
						</TextLine>
						<TextLine ID="line_12" HPOS="201" VPOS="580" WIDTH="752" HEIGHT="29">
							<String ID="string_83" HPOS="201" VPOS="586" WIDTH="35" HEIGHT="19" WC="0.93" CONTENT="tra"/><SP WIDTH="22" VPOS="586" HPOS="236"/>
							<String ID="string_84" HPOS="258" VPOS="582" WIDTH="96" HEIGHT="27" WC="0.93" CONTENT="utgifter,"/><SP WIDTH="23" VPOS="582" HPOS="354"/>
							<String ID="string_85" HPOS="377" VPOS="582" WIDTH="127" HEIGHT="21" WC="0.91" CONTENT="summarisk"/><SP WIDTH="24" VPOS="582" HPOS="504"/>
							<String ID="string_86" HPOS="528" VPOS="581" WIDTH="102" HEIGHT="28" WC="0.91" CONTENT="öfversigt"/><SP WIDTH="17" VPOS="581" HPOS="630"/>
							<String ID="string_87" HPOS="647" VPOS="581" WIDTH="34" HEIGHT="21" WC="0.93" CONTENT="för"/><SP WIDTH="15" VPOS="581" HPOS="681"/>
							<String ID="string_88" HPOS="696" VPOS="582" WIDTH="51" HEIGHT="21" WC="0.93" CONTENT="ären"/><SP WIDTH="16" VPOS="582" HPOS="747"/>
							<String ID="string_89" HPOS="763" VPOS="582" WIDTH="62" HEIGHT="26" WC="0.95" CONTENT="1881,"/><SP WIDTH="18" VPOS="582" HPOS="825"/>
							<String ID="string_90" HPOS="843" VPOS="581" WIDTH="53" HEIGHT="22" WC="0.96" CONTENT="1882"/><SP WIDTH="17" VPOS="581" HPOS="896"/>
							<String ID="string_91" HPOS="913" VPOS="580" WIDTH="40" HEIGHT="21" WC="0.96" CONTENT="och"/>
						</TextLine>
						<TextLine ID="line_13" HPOS="203" VPOS="615" WIDTH="750" HEIGHT="27">
							<String ID="string_92" HPOS="203" VPOS="618" WIDTH="55" HEIGHT="21" WC="0.95" CONTENT="1883"/><SP WIDTH="23" VPOS="618" HPOS="258"/>
							<String ID="string_93" HPOS="281" VPOS="617" WIDTH="25" HEIGHT="21" WC="0.95" CONTENT="af"/><SP WIDTH="19" VPOS="617" HPOS="306"/>
							<String ID="string_94" HPOS="325" VPOS="616" WIDTH="111" HEIGHT="22" WC="0.92" CONTENT="allmänna"/><SP WIDTH="22" VPOS="616" HPOS="436"/>
							<String ID="string_95" HPOS="458" VPOS="616" WIDTH="162" HEIGHT="26" WC="0.90" CONTENT="militiefonden,"/><SP WIDTH="26" VPOS="616" HPOS="620"/>
							<String ID="string_96" HPOS="646" VPOS="615" WIDTH="244" HEIGHT="22" WC="0.90" CONTENT="militieboställskassan"/><SP WIDTH="23" VPOS="615" HPOS="890"/>
							<String ID="string_97" HPOS="913" VPOS="615" WIDTH="40" HEIGHT="21" WC="0.96" CONTENT="och"/>
						</TextLine>
						<TextLine ID="line_14" HPOS="202" VPOS="650" WIDTH="751" HEIGHT="29">
							<String ID="string_98" HPOS="202" VPOS="651" WIDTH="249" HEIGHT="28" WC="0.91" CONTENT="krigsmanshuskassan,"/><SP WIDTH="17" VPOS="651" HPOS="451"/>
							<String ID="string_99" HPOS="468" VPOS="650" WIDTH="134" HEIGHT="27" WC="0.90" CONTENT="statsförslag"/><SP WIDTH="15" VPOS="650" HPOS="602"/>
							<String ID="string_100" HPOS="617" VPOS="650" WIDTH="33" HEIGHT="21" WC="0.96" CONTENT="för"/><SP WIDTH="16" VPOS="650" HPOS="650"/>
							<String ID="string_101" HPOS="666" VPOS="651" WIDTH="24" HEIGHT="20" WC="0.96" CONTENT="är"/><SP WIDTH="16" VPOS="651" HPOS="690"/>
							<String ID="string_102" HPOS="706" VPOS="651" WIDTH="62" HEIGHT="25" WC="0.93" CONTENT="1884,"/><SP WIDTH="16" VPOS="651" HPOS="768"/>
							<String ID="string_103" HPOS="784" VPOS="650" WIDTH="109" HEIGHT="22" WC="0.92" CONTENT="äfvensom"/><SP WIDTH="16" VPOS="650" HPOS="893"/>
							<String ID="string_104" HPOS="909" VPOS="651" WIDTH="44" HEIGHT="20" WC="0.92" CONTENT="sär-"/>
						</TextLine>
						<TextLine ID="line_15" HPOS="202" VPOS="685" WIDTH="751" HEIGHT="27">
							<String ID="string_105" HPOS="202" VPOS="686" WIDTH="71" HEIGHT="21" WC="0.89" CONTENT="skilda"/><SP WIDTH="22" VPOS="686" HPOS="273"/>
							<String ID="string_106" HPOS="295" VPOS="686" WIDTH="115" HEIGHT="21" WC="0.92" CONTENT="relationer"/><SP WIDTH="22" VPOS="686" HPOS="410"/>
							<String ID="string_107" HPOS="432" VPOS="685" WIDTH="34" HEIGHT="21" WC="0.93" CONTENT="för"/><SP WIDTH="22" VPOS="685" HPOS="466"/>
							<String ID="string_108" HPOS="488" VPOS="686" WIDTH="51" HEIGHT="20" WC="0.92" CONTENT="ären"/><SP WIDTH="24" VPOS="686" HPOS="539"/>
							<String ID="string_109" HPOS="563" VPOS="686" WIDTH="61" HEIGHT="25" WC="0.96" CONTENT="1881,"/><SP WIDTH="20" VPOS="686" HPOS="624"/>
							<String ID="string_110" HPOS="644" VPOS="686" WIDTH="55" HEIGHT="21" WC="0.96" CONTENT="1882"/><SP WIDTH="15" VPOS="686" HPOS="699"/>
							<String ID="string_111" HPOS="714" VPOS="685" WIDTH="41" HEIGHT="21" WC="0.96" CONTENT="och"/><SP WIDTH="17" VPOS="685" HPOS="755"/>
							<String ID="string_112" HPOS="772" VPOS="685" WIDTH="55" HEIGHT="22" WC="0.93" CONTENT="1883"/><SP WIDTH="14" VPOS="685" HPOS="827"/>
							<String ID="string_113" HPOS="841" VPOS="685" WIDTH="112" HEIGHT="27" WC="0.92" CONTENT="angäende"/>
						</TextLine>
						<TextLine ID="line_16" HPOS="201" VPOS="719" WIDTH="749" HEIGHT="25">
							<String ID="string_114" HPOS="201" VPOS="719" WIDTH="287" HEIGHT="25" WC="0.91" CONTENT="kommunikationsfonden,"/><SP WIDTH="30" VPOS="719" HPOS="488"/>
							<String ID="string_115" HPOS="518" VPOS="719" WIDTH="196" HEIGHT="25" WC="0.90" CONTENT="bränvinsskatten,"/><SP WIDTH="29" VPOS="719" HPOS="714"/>
							<String ID="string_116" HPOS="743" VPOS="719" WIDTH="112" HEIGHT="22" WC="0.93" CONTENT="allmänna"/><SP WIDTH="24" VPOS="719" HPOS="855"/>
							<String ID="string_117" HPOS="879" VPOS="719" WIDTH="71" HEIGHT="22" WC="0.92" CONTENT="bevill-"/>
						</TextLine>
						<TextLine ID="line_17" HPOS="201" VPOS="753" WIDTH="752" HEIGHT="28">
							<String ID="string_118" HPOS="201" VPOS="755" WIDTH="152" HEIGHT="26" WC="0.92" CONTENT="ningsfonden,"/><SP WIDTH="23" VPOS="755" HPOS="353"/>
							<String ID="string_119" HPOS="376" VPOS="756" WIDTH="60" HEIGHT="19" WC="0.93" CONTENT="extra"/><SP WIDTH="19" VPOS="756" HPOS="436"/>
							<String ID="string_120" HPOS="455" VPOS="753" WIDTH="145" HEIGHT="28" WC="0.86" CONTENT="bevillningen"/><SP WIDTH="16" VPOS="753" HPOS="600"/>
							<String ID="string_121" HPOS="616" VPOS="753" WIDTH="33" HEIGHT="21" WC="0.93" CONTENT="till"/><SP WIDTH="15" VPOS="753" HPOS="649"/>
							<String ID="string_122" HPOS="664" VPOS="753" WIDTH="84" HEIGHT="22" WC="0.86" CONTENT="förmon"/><SP WIDTH="17" VPOS="753" HPOS="748"/>
							<String ID="string_123" HPOS="765" VPOS="753" WIDTH="33" HEIGHT="21" WC="0.96" CONTENT="för"/><SP WIDTH="14" VPOS="753" HPOS="798"/>
							<String ID="string_124" HPOS="812" VPOS="754" WIDTH="53" HEIGHT="21" WC="0.93" CONTENT="röda"/><SP WIDTH="15" VPOS="754" HPOS="865"/>
							<String ID="string_125" HPOS="880" VPOS="753" WIDTH="73" HEIGHT="21" WC="0.96" CONTENT="korset"/>
						</TextLine>
						<TextLine ID="line_18" HPOS="202" VPOS="787" WIDTH="750" HEIGHT="28">
							<String ID="string_126" HPOS="202" VPOS="792" WIDTH="57" HEIGHT="18" WC="0.93" CONTENT="samt"/><SP WIDTH="16" VPOS="792" HPOS="259"/>
							<String ID="string_127" HPOS="275" VPOS="788" WIDTH="313" HEIGHT="27" WC="0.91" CONTENT="stämpelbevillningsmedlen,"/><SP WIDTH="11" VPOS="788" HPOS="588"/>
							<String ID="string_128" HPOS="599" VPOS="788" WIDTH="93" HEIGHT="27" WC="0.92" CONTENT="räkning"/><SP WIDTH="10" VPOS="788" HPOS="692"/>
							<String ID="string_129" HPOS="702" VPOS="787" WIDTH="59" HEIGHT="22" WC="0.93" CONTENT="öfver"/><SP WIDTH="8" VPOS="787" HPOS="761"/>
							<String ID="string_130" HPOS="769" VPOS="787" WIDTH="183" HEIGHT="28" WC="0.91" CONTENT="bevillningsmed-"/>
						</TextLine>
						<TextLine ID="line_19" HPOS="201" VPOS="822" WIDTH="752" HEIGHT="28">
							<String ID="string_131" HPOS="201" VPOS="823" WIDTH="35" HEIGHT="21" WC="0.96" CONTENT="len"/><SP WIDTH="23" VPOS="823" HPOS="236"/>
							<String ID="string_132" HPOS="259" VPOS="823" WIDTH="34" HEIGHT="21" WC="0.93" CONTENT="för"/><SP WIDTH="21" VPOS="823" HPOS="293"/>
							<String ID="string_133" HPOS="314" VPOS="822" WIDTH="137" HEIGHT="27" WC="0.96" CONTENT="tillverkning"/><SP WIDTH="18" VPOS="822" HPOS="451"/>
							<String ID="string_134" HPOS="469" VPOS="822" WIDTH="24" HEIGHT="21" WC="0.93" CONTENT="af"/><SP WIDTH="17" VPOS="822" HPOS="493"/>
							<String ID="string_135" HPOS="510" VPOS="822" WIDTH="145" HEIGHT="28" WC="0.90" CONTENT="maltdrycker"/><SP WIDTH="17" VPOS="822" HPOS="655"/>
							<String ID="string_136" HPOS="672" VPOS="823" WIDTH="33" HEIGHT="20" WC="0.93" CONTENT="för"/><SP WIDTH="15" VPOS="823" HPOS="705"/>
							<String ID="string_137" HPOS="720" VPOS="823" WIDTH="24" HEIGHT="20" WC="0.96" CONTENT="år"/><SP WIDTH="17" VPOS="823" HPOS="744"/>
							<String ID="string_138" HPOS="761" VPOS="823" WIDTH="62" HEIGHT="24" WC="0.93" CONTENT="1883,"/><SP WIDTH="15" VPOS="823" HPOS="823"/>
							<String ID="string_139" HPOS="838" VPOS="823" WIDTH="115" HEIGHT="20" WC="0.96" CONTENT="relationer"/>
						</TextLine>
						<TextLine ID="line_20" HPOS="200" VPOS="856" WIDTH="750" HEIGHT="29">
							<String ID="string_140" HPOS="200" VPOS="857" WIDTH="34" HEIGHT="21" WC="0.93" CONTENT="för"/><SP WIDTH="15" VPOS="857" HPOS="234"/>
							<String ID="string_141" HPOS="249" VPOS="858" WIDTH="52" HEIGHT="20" WC="0.96" CONTENT="åren"/><SP WIDTH="17" VPOS="858" HPOS="301"/>
							<String ID="string_142" HPOS="318" VPOS="857" WIDTH="61" HEIGHT="25" WC="0.96" CONTENT="1881,"/><SP WIDTH="18" VPOS="857" HPOS="379"/>
							<String ID="string_143" HPOS="397" VPOS="857" WIDTH="55" HEIGHT="21" WC="0.96" CONTENT="1882"/><SP WIDTH="18" VPOS="857" HPOS="452"/>
							<String ID="string_144" HPOS="470" VPOS="856" WIDTH="39" HEIGHT="22" WC="0.96" CONTENT="och"/><SP WIDTH="20" VPOS="856" HPOS="509"/>
							<String ID="string_145" HPOS="529" VPOS="857" WIDTH="55" HEIGHT="22" WC="0.93" CONTENT="1883"/><SP WIDTH="21" VPOS="857" HPOS="584"/>
							<String ID="string_146" HPOS="605" VPOS="858" WIDTH="111" HEIGHT="26" WC="0.92" CONTENT="angående"/><SP WIDTH="22" VPOS="858" HPOS="716"/>
							<String ID="string_147" HPOS="738" VPOS="857" WIDTH="212" HEIGHT="28" WC="0.92" CONTENT="lagmanstingsgäst-"/>
						</TextLine>
						<TextLine ID="line_21" HPOS="199" VPOS="890" WIDTH="751" HEIGHT="29">
							<String ID="string_148" HPOS="199" VPOS="891" WIDTH="199" HEIGHT="28" WC="0.90" CONTENT="ningsspanmälen,"/><SP WIDTH="13" VPOS="891" HPOS="398"/>
							<String ID="string_149" HPOS="411" VPOS="891" WIDTH="80" HEIGHT="21" WC="0.93" CONTENT="fonden"/><SP WIDTH="18" VPOS="891" HPOS="491"/>
							<String ID="string_150" HPOS="509" VPOS="890" WIDTH="33" HEIGHT="22" WC="0.93" CONTENT="för"/><SP WIDTH="14" VPOS="890" HPOS="542"/>
							<String ID="string_151" HPOS="556" VPOS="891" WIDTH="83" HEIGHT="21" WC="0.93" CONTENT="inlösen"/><SP WIDTH="15" VPOS="891" HPOS="639"/>
							<String ID="string_152" HPOS="654" VPOS="891" WIDTH="25" HEIGHT="21" WC="0.93" CONTENT="af"/><SP WIDTH="8" VPOS="891" HPOS="679"/>
							<String ID="string_153" HPOS="687" VPOS="891" WIDTH="169" HEIGHT="28" WC="0.92" CONTENT="donationsgods"/><SP WIDTH="11" VPOS="891" HPOS="856"/>
							<String ID="string_154" HPOS="867" VPOS="892" WIDTH="39" HEIGHT="21" WC="0.93" CONTENT="och"/><SP WIDTH="11" VPOS="892" HPOS="906"/>
							<String ID="string_155" HPOS="917" VPOS="899" WIDTH="33" HEIGHT="14" WC="0.93" CONTENT="ar-"/>
						</TextLine>
						<TextLine ID="line_22" HPOS="200" VPOS="925" WIDTH="750" HEIGHT="28">
							<String ID="string_156" HPOS="200" VPOS="925" WIDTH="260" HEIGHT="25" WC="0.91" CONTENT="mortissementsfonden,"/><SP WIDTH="23" VPOS="925" HPOS="460"/>
							<String ID="string_157" HPOS="483" VPOS="925" WIDTH="115" HEIGHT="21" WC="0.92" CONTENT="relationer"/><SP WIDTH="23" VPOS="925" HPOS="598"/>
							<String ID="string_158" HPOS="621" VPOS="926" WIDTH="112" HEIGHT="27" WC="0.92" CONTENT="angäende"/><SP WIDTH="18" VPOS="926" HPOS="733"/>
							<String ID="string_159" HPOS="751" VPOS="926" WIDTH="199" HEIGHT="27" WC="0.92" CONTENT="undsättningsfon-"/>
						</TextLine>
						<TextLine ID="line_23" HPOS="201" VPOS="959" WIDTH="751" HEIGHT="29">
							<String ID="string_160" HPOS="201" VPOS="961" WIDTH="42" HEIGHT="20" WC="0.95" CONTENT="den"/><SP WIDTH="23" VPOS="961" HPOS="243"/>
							<String ID="string_161" HPOS="266" VPOS="960" WIDTH="41" HEIGHT="21" WC="0.92" CONTENT="och"/><SP WIDTH="22" VPOS="960" HPOS="307"/>
							<String ID="string_162" HPOS="329" VPOS="959" WIDTH="147" HEIGHT="22" WC="0.94" CONTENT="statsskulden"/><SP WIDTH="24" VPOS="959" HPOS="476"/>
							<String ID="string_163" HPOS="500" VPOS="962" WIDTH="55" HEIGHT="19" WC="0.95" CONTENT="samt"/><SP WIDTH="21" VPOS="962" HPOS="555"/>
							<String ID="string_164" HPOS="576" VPOS="967" WIDTH="25" HEIGHT="14" WC="0.96" CONTENT="en"/><SP WIDTH="16" VPOS="967" HPOS="601"/>
							<String ID="string_165" HPOS="617" VPOS="959" WIDTH="92" HEIGHT="22" WC="0.96" CONTENT="relation"/><SP WIDTH="16" VPOS="959" HPOS="709"/>
							<String ID="string_166" HPOS="725" VPOS="967" WIDTH="33" HEIGHT="14" WC="0.93" CONTENT="om"/><SP WIDTH="17" VPOS="967" HPOS="758"/>
							<String ID="string_167" HPOS="775" VPOS="960" WIDTH="57" HEIGHT="21" WC="0.93" CONTENT="hvad"/><SP WIDTH="14" VPOS="960" HPOS="832"/>
							<String ID="string_168" HPOS="846" VPOS="960" WIDTH="106" HEIGHT="28" WC="0.86" CONTENT="tillgjordt"/>
						</TextLine>
						<TextLine ID="line_24" HPOS="200" VPOS="993" WIDTH="750" HEIGHT="29">
							<String ID="string_169" HPOS="200" VPOS="993" WIDTH="70" HEIGHT="22" WC="0.89" CONTENT="blifvit"/><SP WIDTH="22" VPOS="993" HPOS="270"/>
							<String ID="string_170" HPOS="292" VPOS="994" WIDTH="7" HEIGHT="20" WC="0.91" CONTENT="i"/><SP WIDTH="22" VPOS="994" HPOS="299"/>
							<String ID="string_171" HPOS="321" VPOS="993" WIDTH="119" HEIGHT="28" WC="0.91" CONTENT="anledning"/><SP WIDTH="15" VPOS="993" HPOS="440"/>
							<String ID="string_172" HPOS="455" VPOS="993" WIDTH="25" HEIGHT="22" WC="0.96" CONTENT="af"/><SP WIDTH="12" VPOS="993" HPOS="480"/>
							<String ID="string_173" HPOS="492" VPOS="994" WIDTH="26" HEIGHT="21" WC="0.96" CONTENT="de"/><SP WIDTH="15" VPOS="994" HPOS="518"/>
							<String ID="string_174" HPOS="533" VPOS="994" WIDTH="36" HEIGHT="21" WC="0.96" CONTENT="vid"/><SP WIDTH="16" VPOS="994" HPOS="569"/>
							<String ID="string_175" HPOS="585" VPOS="994" WIDTH="55" HEIGHT="21" WC="0.87" CONTENT="1882"/><SP WIDTH="15" VPOS="994" HPOS="640"/>
							<String ID="string_176" HPOS="655" VPOS="995" WIDTH="35" HEIGHT="20" WC="0.92" CONTENT="ärs"/><SP WIDTH="14" VPOS="995" HPOS="690"/>
							<String ID="string_177" HPOS="704" VPOS="993" WIDTH="105" HEIGHT="28" WC="0.92" CONTENT="landtdag"/><SP WIDTH="14" VPOS="993" HPOS="809"/>
							<String ID="string_178" HPOS="823" VPOS="995" WIDTH="76" HEIGHT="27" WC="0.92" CONTENT="gjorda"/><SP WIDTH="15" VPOS="995" HPOS="899"/>
							<String ID="string_179" HPOS="914" VPOS="1002" WIDTH="36" HEIGHT="14" WC="0.92" CONTENT="an-"/>
						</TextLine>
						<TextLine ID="line_25" HPOS="200" VPOS="1027" WIDTH="753" HEIGHT="28">
							<String ID="string_180" HPOS="200" VPOS="1027" WIDTH="141" HEIGHT="28" WC="0.96" CONTENT="märkningar"/><SP WIDTH="21" VPOS="1027" HPOS="341"/>
							<String ID="string_181" HPOS="362" VPOS="1030" WIDTH="58" HEIGHT="19" WC="0.96" CONTENT="emot"/><SP WIDTH="23" VPOS="1030" HPOS="420"/>
							<String ID="string_182" HPOS="443" VPOS="1028" WIDTH="29" HEIGHT="21" WC="0.92" CONTENT="dä"/><SP WIDTH="20" VPOS="1028" HPOS="472"/>
							<String ID="string_183" HPOS="492" VPOS="1027" WIDTH="83" HEIGHT="28" WC="0.91" CONTENT="afgifoa"/><SP WIDTH="19" VPOS="1027" HPOS="575"/>
							<String ID="string_184" HPOS="594" VPOS="1028" WIDTH="90" HEIGHT="21" WC="0.90" CONTENT="relation"/><SP WIDTH="20" VPOS="1028" HPOS="684"/>
							<String ID="string_185" HPOS="704" VPOS="1035" WIDTH="34" HEIGHT="14" WC="0.92" CONTENT="om"/><SP WIDTH="16" VPOS="1035" HPOS="738"/>
							<String ID="string_186" HPOS="754" VPOS="1028" WIDTH="140" HEIGHT="22" WC="0.92" CONTENT="statsverkets"/><SP WIDTH="15" VPOS="1028" HPOS="894"/>
							<String ID="string_187" HPOS="909" VPOS="1029" WIDTH="44" HEIGHT="22" WC="0.92" CONTENT="till-"/>
						</TextLine>
						<TextLine ID="line_26" HPOS="201" VPOS="1062" WIDTH="751" HEIGHT="27">
							<String ID="string_188" HPOS="201" VPOS="1063" WIDTH="72" HEIGHT="24" WC="0.96" CONTENT="stånd,"/><SP WIDTH="16" VPOS="1063" HPOS="273"/>
							<String ID="string_189" HPOS="289" VPOS="1063" WIDTH="24" HEIGHT="20" WC="0.96" CONTENT="sä"/><SP WIDTH="14" VPOS="1063" HPOS="313"/>
							<String ID="string_190" HPOS="327" VPOS="1062" WIDTH="39" HEIGHT="21" WC="0.93" CONTENT="har"/><SP WIDTH="16" VPOS="1062" HPOS="366"/>
							<String ID="string_191" HPOS="382" VPOS="1062" WIDTH="60" HEIGHT="21" WC="0.92" CONTENT="Wärt"/><SP WIDTH="16" VPOS="1062" HPOS="442"/>
							<String ID="string_192" HPOS="458" VPOS="1062" WIDTH="150" HEIGHT="25" WC="0.92" CONTENT="Statsutskott,"/><SP WIDTH="16" VPOS="1062" HPOS="608"/>
							<String ID="string_193" HPOS="624" VPOS="1069" WIDTH="46" HEIGHT="14" WC="0.95" CONTENT="som"/><SP WIDTH="14" VPOS="1069" HPOS="670"/>
							<String ID="string_194" HPOS="684" VPOS="1062" WIDTH="7" HEIGHT="21" WC="0.96" CONTENT="i"/><SP WIDTH="16" VPOS="1062" HPOS="691"/>
							<String ID="string_195" HPOS="707" VPOS="1063" WIDTH="48" HEIGHT="20" WC="0.96" CONTENT="stöd"/><SP WIDTH="11" VPOS="1063" HPOS="755"/>
							<String ID="string_196" HPOS="766" VPOS="1063" WIDTH="25" HEIGHT="20" WC="0.93" CONTENT="af"/><SP WIDTH="8" VPOS="1063" HPOS="791"/>
							<String ID="string_197" HPOS="799" VPOS="1064" WIDTH="10" HEIGHT="25" WC="0.91" CONTENT="$"/><SP WIDTH="17" VPOS="1064" HPOS="809"/>
							<String ID="string_198" HPOS="826" VPOS="1063" WIDTH="21" HEIGHT="22" WC="0.79" CONTENT="36"/><SP WIDTH="9" VPOS="1063" HPOS="847"/>
							<String ID="string_199" HPOS="856" VPOS="1065" WIDTH="6" HEIGHT="19" WC="0.79" CONTENT="i"/><SP WIDTH="8" VPOS="1065" HPOS="862"/>
							<String ID="string_200" HPOS="870" VPOS="1063" WIDTH="82" HEIGHT="22" WC="0.92" CONTENT="Landt-"/>
						</TextLine>
						<TextLine ID="line_27" HPOS="200" VPOS="1096" WIDTH="751" HEIGHT="28">
							<String ID="string_201" HPOS="200" VPOS="1096" WIDTH="176" HEIGHT="28" WC="0.92" CONTENT="dagsordningen"/><SP WIDTH="23" VPOS="1096" HPOS="376"/>
							<String ID="string_202" HPOS="399" VPOS="1096" WIDTH="47" HEIGHT="21" WC="0.91" CONTENT="haft"/><SP WIDTH="18" VPOS="1096" HPOS="446"/>
							<String ID="string_203" HPOS="464" VPOS="1097" WIDTH="89" HEIGHT="27" WC="0.91" CONTENT="tillgäng"/><SP WIDTH="16" VPOS="1097" HPOS="553"/>
							<String ID="string_204" HPOS="569" VPOS="1096" WIDTH="32" HEIGHT="21" WC="0.96" CONTENT="till"/><SP WIDTH="15" VPOS="1096" HPOS="601"/>
							<String ID="string_205" HPOS="616" VPOS="1097" WIDTH="44" HEIGHT="20" WC="0.93" CONTENT="alla"/><SP WIDTH="15" VPOS="1097" HPOS="660"/>
							<String ID="string_206" HPOS="675" VPOS="1097" WIDTH="145" HEIGHT="21" WC="0.91" CONTENT="Statsverkets"/><SP WIDTH="15" VPOS="1097" HPOS="820"/>
							<String ID="string_207" HPOS="835" VPOS="1097" WIDTH="116" HEIGHT="22" WC="0.92" CONTENT="räkenska-"/>
						</TextLine>
						<TextLine ID="line_28" HPOS="199" VPOS="1130" WIDTH="754" HEIGHT="29">
							<String ID="string_208" HPOS="199" VPOS="1137" WIDTH="40" HEIGHT="21" WC="0.96" CONTENT="per"/><SP WIDTH="15" VPOS="1137" HPOS="239"/>
							<String ID="string_209" HPOS="254" VPOS="1131" WIDTH="41" HEIGHT="21" WC="0.93" CONTENT="och"/><SP WIDTH="15" VPOS="1131" HPOS="295"/>
							<String ID="string_210" HPOS="310" VPOS="1131" WIDTH="136" HEIGHT="27" WC="0.91" CONTENT="handlingar,"/><SP WIDTH="16" VPOS="1131" HPOS="446"/>
							<String ID="string_211" HPOS="462" VPOS="1131" WIDTH="55" HEIGHT="26" WC="0.93" CONTENT="tagit"/><SP WIDTH="18" VPOS="1131" HPOS="517"/>
							<String ID="string_212" HPOS="535" VPOS="1130" WIDTH="123" HEIGHT="22" WC="0.92" CONTENT="kännedom"/><SP WIDTH="15" VPOS="1130" HPOS="658"/>
							<String ID="string_213" HPOS="673" VPOS="1138" WIDTH="34" HEIGHT="14" WC="0.93" CONTENT="om"/><SP WIDTH="16" VPOS="1138" HPOS="707"/>
							<String ID="string_214" HPOS="723" VPOS="1131" WIDTH="230" HEIGHT="28" WC="0.91" CONTENT="kapitalräkningarne"/>
						</TextLine>
						<TextLine ID="line_29" HPOS="198" VPOS="1165" WIDTH="752" HEIGHT="28">
							<String ID="string_215" HPOS="198" VPOS="1165" WIDTH="35" HEIGHT="21" WC="0.93" CONTENT="för"/><SP WIDTH="15" VPOS="1165" HPOS="233"/>
							<String ID="string_216" HPOS="248" VPOS="1165" WIDTH="162" HEIGHT="21" WC="0.93" CONTENT="ofvannämnda"/><SP WIDTH="15" VPOS="1165" HPOS="410"/>
							<String ID="string_217" HPOS="425" VPOS="1168" WIDTH="33" HEIGHT="18" WC="0.96" CONTENT="tre"/><SP WIDTH="15" VPOS="1168" HPOS="458"/>
							<String ID="string_218" HPOS="473" VPOS="1166" WIDTH="24" HEIGHT="20" WC="0.92" CONTENT="är"/><SP WIDTH="12" VPOS="1166" HPOS="497"/>
							<String ID="string_219" HPOS="509" VPOS="1165" WIDTH="68" HEIGHT="28" WC="0.92" CONTENT="jemte"/><SP WIDTH="16" VPOS="1165" HPOS="577"/>
							<String ID="string_220" HPOS="593" VPOS="1165" WIDTH="69" HEIGHT="27" WC="0.93" CONTENT="öfriga"/><SP WIDTH="14" VPOS="1165" HPOS="662"/>
							<String ID="string_221" HPOS="676" VPOS="1165" WIDTH="33" HEIGHT="21" WC="0.96" CONTENT="till"/><SP WIDTH="16" VPOS="1165" HPOS="709"/>
							<String ID="string_222" HPOS="725" VPOS="1165" WIDTH="66" HEIGHT="22" WC="0.93" CONTENT="saken"/><SP WIDTH="16" VPOS="1165" HPOS="791"/>
							<String ID="string_223" HPOS="807" VPOS="1165" WIDTH="95" HEIGHT="22" WC="0.92" CONTENT="hörande"/><SP WIDTH="17" VPOS="1165" HPOS="902"/>
							<String ID="string_224" HPOS="919" VPOS="1168" WIDTH="31" HEIGHT="19" WC="0.90" CONTENT="rä-"/>
						</TextLine>
						<TextLine ID="line_30" HPOS="199" VPOS="1199" WIDTH="752" HEIGHT="28">
							<String ID="string_225" HPOS="199" VPOS="1199" WIDTH="124" HEIGHT="28" WC="0.92" CONTENT="kenskaper"/><SP WIDTH="14" VPOS="1199" HPOS="323"/>
							<String ID="string_226" HPOS="337" VPOS="1199" WIDTH="40" HEIGHT="22" WC="0.93" CONTENT="och"/><SP WIDTH="16" VPOS="1199" HPOS="377"/>
							<String ID="string_227" HPOS="393" VPOS="1199" WIDTH="102" HEIGHT="21" WC="0.91" CONTENT="särskildt"/><SP WIDTH="17" VPOS="1199" HPOS="495"/>
							<String ID="string_228" HPOS="512" VPOS="1199" WIDTH="104" HEIGHT="28" WC="0.92" CONTENT="granskat"/><SP WIDTH="15" VPOS="1199" HPOS="616"/>
							<String ID="string_229" HPOS="631" VPOS="1200" WIDTH="29" HEIGHT="27" WC="0.93" CONTENT="pä"/><SP WIDTH="14" VPOS="1200" HPOS="660"/>
							<String ID="string_230" HPOS="674" VPOS="1199" WIDTH="57" HEIGHT="22" WC="0.93" CONTENT="hvad"/><SP WIDTH="16" VPOS="1199" HPOS="731"/>
							<String ID="string_231" HPOS="747" VPOS="1201" WIDTH="43" HEIGHT="20" WC="0.96" CONTENT="sätt"/><SP WIDTH="15" VPOS="1201" HPOS="790"/>
							<String ID="string_232" HPOS="805" VPOS="1201" WIDTH="28" HEIGHT="19" WC="0.96" CONTENT="de"/><SP WIDTH="14" VPOS="1201" HPOS="833"/>
							<String ID="string_233" HPOS="847" VPOS="1200" WIDTH="36" HEIGHT="21" WC="0.93" CONTENT="vid"/><SP WIDTH="15" VPOS="1200" HPOS="883"/>
							<String ID="string_234" HPOS="898" VPOS="1200" WIDTH="53" HEIGHT="22" WC="0.92" CONTENT="före-"/>
						</TextLine>
						<TextLine ID="line_31" HPOS="199" VPOS="1233" WIDTH="753" HEIGHT="28">
							<String ID="string_235" HPOS="199" VPOS="1234" WIDTH="84" HEIGHT="26" WC="0.92" CONTENT="gående"/><SP WIDTH="15" VPOS="1234" HPOS="283"/>
							<String ID="string_236" HPOS="298" VPOS="1233" WIDTH="131" HEIGHT="27" WC="0.82" CONTENT="landidagar"/><SP WIDTH="15" VPOS="1233" HPOS="429"/>
							<String ID="string_237" HPOS="444" VPOS="1233" WIDTH="105" HEIGHT="28" WC="0.96" CONTENT="beviljade"/><SP WIDTH="16" VPOS="1233" HPOS="549"/>
							<String ID="string_238" HPOS="565" VPOS="1234" WIDTH="69" HEIGHT="21" WC="0.93" CONTENT="medel"/><SP WIDTH="11" VPOS="1234" HPOS="634"/>
							<String ID="string_239" HPOS="645" VPOS="1233" WIDTH="70" HEIGHT="22" WC="0.96" CONTENT="blifvit"/><SP WIDTH="10" VPOS="1233" HPOS="715"/>
							<String ID="string_240" HPOS="725" VPOS="1235" WIDTH="108" HEIGHT="24" WC="0.93" CONTENT="använda,"/><SP WIDTH="10" VPOS="1235" HPOS="833"/>
							<String ID="string_241" HPOS="843" VPOS="1234" WIDTH="109" HEIGHT="22" WC="0.95" CONTENT="hvarefter"/>
						</TextLine>
						<TextLine ID="line_32" HPOS="200" VPOS="1267" WIDTH="751" HEIGHT="28">
							<String ID="string_242" HPOS="200" VPOS="1267" WIDTH="166" HEIGHT="22" WC="0.96" CONTENT="Statsutskottet"/><SP WIDTH="22" VPOS="1267" HPOS="366"/>
							<String ID="string_243" HPOS="388" VPOS="1267" WIDTH="59" HEIGHT="22" WC="0.95" CONTENT="öfver"/><SP WIDTH="23" VPOS="1267" HPOS="447"/>
							<String ID="string_244" HPOS="470" VPOS="1268" WIDTH="38" HEIGHT="21" WC="0.96" CONTENT="allt"/><SP WIDTH="21" VPOS="1268" HPOS="508"/>
							<String ID="string_245" HPOS="529" VPOS="1269" WIDTH="60" HEIGHT="20" WC="0.96" CONTENT="detta"/><SP WIDTH="15" VPOS="1269" HPOS="589"/>
							<String ID="string_246" HPOS="604" VPOS="1267" WIDTH="33" HEIGHT="22" WC="0.96" CONTENT="till"/><SP WIDTH="16" VPOS="1267" HPOS="637"/>
							<String ID="string_247" HPOS="653" VPOS="1268" WIDTH="40" HEIGHT="21" WC="0.93" CONTENT="Oss"/><SP WIDTH="14" VPOS="1268" HPOS="693"/>
							<String ID="string_248" HPOS="707" VPOS="1267" WIDTH="85" HEIGHT="28" WC="0.91" CONTENT="afgifvit"/><SP WIDTH="15" VPOS="1267" HPOS="792"/>
							<String ID="string_249" HPOS="807" VPOS="1268" WIDTH="144" HEIGHT="27" WC="0.96" CONTENT="betänkande,"/>
						</TextLine>
						<TextLine ID="line_33" HPOS="199" VPOS="1302" WIDTH="753" HEIGHT="28">
							<String ID="string_250" HPOS="199" VPOS="1302" WIDTH="153" HEIGHT="22" WC="0.93" CONTENT="innefattande"/><SP WIDTH="12" VPOS="1302" HPOS="352"/>
							<String ID="string_251" HPOS="364" VPOS="1302" WIDTH="81" HEIGHT="28" WC="0.92" CONTENT="jemväl"/><SP WIDTH="16" VPOS="1302" HPOS="445"/>
							<String ID="string_252" HPOS="461" VPOS="1303" WIDTH="67" HEIGHT="26" WC="0.96" CONTENT="några"/><SP WIDTH="17" VPOS="1303" HPOS="528"/>
							<String ID="string_253" HPOS="545" VPOS="1302" WIDTH="170" HEIGHT="28" WC="0.96" CONTENT="anmärkningar"/><SP WIDTH="14" VPOS="1302" HPOS="715"/>
							<String ID="string_254" HPOS="729" VPOS="1304" WIDTH="94" HEIGHT="20" WC="0.93" CONTENT="rörande"/><SP WIDTH="14" VPOS="1304" HPOS="823"/>
							<String ID="string_255" HPOS="837" VPOS="1302" WIDTH="115" HEIGHT="23" WC="0.92" CONTENT="räkenska-"/>
						</TextLine>
						<TextLine ID="line_34" HPOS="198" VPOS="1336" WIDTH="753" HEIGHT="28">
							<String ID="string_256" HPOS="198" VPOS="1343" WIDTH="71" HEIGHT="21" WC="0.96" CONTENT="perna"/><SP WIDTH="15" VPOS="1343" HPOS="269"/>
							<String ID="string_257" HPOS="284" VPOS="1336" WIDTH="40" HEIGHT="22" WC="0.96" CONTENT="och"/><SP WIDTH="15" VPOS="1336" HPOS="324"/>
							<String ID="string_258" HPOS="339" VPOS="1336" WIDTH="159" HEIGHT="28" WC="0.96" CONTENT="förvaltningen"/><SP WIDTH="17" VPOS="1336" HPOS="498"/>
							<String ID="string_259" HPOS="515" VPOS="1339" WIDTH="56" HEIGHT="19" WC="0.96" CONTENT="samt"/><SP WIDTH="14" VPOS="1339" HPOS="571"/>
							<String ID="string_260" HPOS="585" VPOS="1336" WIDTH="81" HEIGHT="28" WC="0.96" CONTENT="förslag"/><SP WIDTH="14" VPOS="1336" HPOS="666"/>
							<String ID="string_261" HPOS="680" VPOS="1336" WIDTH="33" HEIGHT="22" WC="0.95" CONTENT="till"/><SP WIDTH="15" VPOS="1336" HPOS="713"/>
							<String ID="string_262" HPOS="728" VPOS="1336" WIDTH="131" HEIGHT="22" WC="0.93" CONTENT="förändrade"/><SP WIDTH="15" VPOS="1336" HPOS="859"/>
							<String ID="string_263" HPOS="874" VPOS="1339" WIDTH="77" HEIGHT="20" WC="0.93" CONTENT="anord-"/>
						</TextLine>
						<TextLine ID="line_35" HPOS="199" VPOS="1370" WIDTH="753" HEIGHT="28">
							<String ID="string_264" HPOS="199" VPOS="1372" WIDTH="79" HEIGHT="26" WC="0.95" CONTENT="ningar"/><SP WIDTH="14" VPOS="1372" HPOS="278"/>
							<String ID="string_265" HPOS="292" VPOS="1370" WIDTH="34" HEIGHT="22" WC="0.96" CONTENT="för"/><SP WIDTH="14" VPOS="1370" HPOS="326"/>
							<String ID="string_266" HPOS="340" VPOS="1370" WIDTH="127" HEIGHT="28" WC="0.94" CONTENT="framtiden;"/><SP WIDTH="15" VPOS="1370" HPOS="467"/>
							<String ID="string_267" HPOS="482" VPOS="1371" WIDTH="41" HEIGHT="21" WC="0.96" CONTENT="och"/><SP WIDTH="14" VPOS="1371" HPOS="523"/>
							<String ID="string_268" HPOS="537" VPOS="1371" WIDTH="66" HEIGHT="22" WC="0.95" CONTENT="hafva"/><SP WIDTH="16" VPOS="1371" HPOS="603"/>
							<String ID="string_269" HPOS="619" VPOS="1371" WIDTH="33" HEIGHT="21" WC="0.96" CONTENT="Wi"/><SP WIDTH="12" VPOS="1371" HPOS="652"/>
							<String ID="string_270" HPOS="664" VPOS="1370" WIDTH="69" HEIGHT="28" WC="0.93" CONTENT="jemte"/><SP WIDTH="11" VPOS="1370" HPOS="733"/>
							<String ID="string_271" HPOS="744" VPOS="1372" WIDTH="135" HEIGHT="26" WC="0.91" CONTENT="underdånig"/><SP WIDTH="10" VPOS="1372" HPOS="879"/>
							<String ID="string_272" HPOS="889" VPOS="1372" WIDTH="63" HEIGHT="21" WC="0.92" CONTENT="skrif-"/>
						</TextLine>
					</TextBlock>
				</ComposedBlock>
				<ComposedBlock ID="cblock_5" HPOS="197" VPOS="1404" WIDTH="754" HEIGHT="30">
					<TextBlock ID="block_4" HPOS="197" VPOS="1404" WIDTH="754" HEIGHT="30">
						<TextLine ID="line_36" HPOS="197" VPOS="1404" WIDTH="754" HEIGHT="30">
							<String ID="string_273" HPOS="197" VPOS="1404" WIDTH="60" HEIGHT="22" WC="0.92" CONTENT="veise"/><SP WIDTH="17" VPOS="1404" HPOS="257"/>
							<String ID="string_274" HPOS="274" VPOS="1405" WIDTH="30" HEIGHT="22" WC="0.96" CONTENT="af"/><SP WIDTH="19" VPOS="1405" HPOS="304"/>
							<String ID="string_275" HPOS="323" VPOS="1406" WIDTH="73" HEIGHT="21" WC="0.96" CONTENT="denna"/><SP WIDTH="22" VPOS="1406" HPOS="396"/>
							<String ID="string_276" HPOS="418" VPOS="1406" WIDTH="42" HEIGHT="27" WC="0.95" CONTENT="dag"/><SP WIDTH="24" VPOS="1406" HPOS="460"/>
							<String ID="string_277" HPOS="484" VPOS="1406" WIDTH="32" HEIGHT="21" WC="0.87" CONTENT="ul"/><SP WIDTH="20" VPOS="1406" HPOS="516"/>
							<String ID="string_278" HPOS="536" VPOS="1406" WIDTH="60" HEIGHT="21" WC="0.60" CONTENT="Ilans"/><SP WIDTH="15" VPOS="1406" HPOS="596"/>
							<String ID="string_279" HPOS="611" VPOS="1405" WIDTH="121" HEIGHT="29" WC="0.92" CONTENT="Kejserliga"/><SP WIDTH="14" VPOS="1405" HPOS="732"/>
							<String ID="string_280" HPOS="746" VPOS="1405" WIDTH="103" HEIGHT="29" WC="0.92" CONTENT="Majostät"/><SP WIDTH="14" VPOS="1405" HPOS="849"/>
							<String ID="string_281" HPOS="863" VPOS="1406" WIDTH="88" HEIGHT="22" WC="0.85" CONTENT="insändt"/>
						</TextLine>
					</TextBlock>
				</ComposedBlock>
			</PrintSpace>
		</Page>
	</Layout>
</alto>
