1061 1717
247 98 28 22 12
428 98 241 23 Petitionsbetänkande
684 98 37 23 N:o
739 98 20 22 1.

217 165 107 20 saknaden
339 164 23 20 af
377 171 25 14 en
419 165 92 26 stadgad
528 165 157 28 ordningsföljd,
702 166 6 19 i
724 165 88 20 hvilken
828 164 26 20 de
870 165 58 19 skola
942 168 33 17 ut-

215 195 60 20 föras.
306 195 74 20 Denna
399 202 73 13 senare
494 195 160 26 omständighet,
676 202 61 14 anser
759 195 36 26 jag
811 201 51 14 vara
878 195 98 20 särskildt

216 225 158 20 beaktansvärd.

291 261 43 19 Det
348 263 23 17 är
386 261 52 19 hvar
453 260 39 20 och
508 267 25 13 en
549 261 77 20 bekant
642 263 31 18 att
688 260 90 20 trafiken
795 261 27 25 på
837 267 26 13 en
879 266 28 20 ny
923 260 53 25 jern-

216 294 42 22 väg
273 293 22 17 är
311 297 51 19 svag
377 290 66 20 under
459 290 26 20 de
500 290 65 20 första
581 292 50 19 åren
642 291 37 19 och
690 293 32 17 att
733 291 41 19 den
784 290 54 20 först
849 289 127 26 småningom

217 321 82 19 arbetar
321 327 42 19 upp
387 320 38 26 sig.
457 320 95 20 Orsaken
572 320 70 20 härtill
663 324 23 16 är
706 320 107 26 sjelffallet
835 320 46 26 den,
896 322 31 17 att
942 319 36 20 det

217 350 104 21 erfordras
336 350 31 20 tid
382 350 70 20 förrän
467 350 157 20 förhållandena
639 350 65 20 hinna
718 350 93 26 gestalta
826 350 33 26 sig
874 350 51 20 efter
936 349 41 20 den

217 387 43 19 nya
282 380 147 26 inrättningen.
459 380 98 20 Handeln
581 380 38 20 och
640 380 104 20 industrin
766 380 63 20 länka
851 380 32 26 sig
903 379 74 21 endast

218 410 108 20 efterhand
343 409 47 20 från
405 410 96 26 invanda,
517 410 139 20 traditionella
672 413 70 23 vägar.
767 410 48 26 Nya
829 410 95 20 handels-
940 410 37 19 och

218 439 171 26 industriföretag
404 447 121 20 uppammas
541 441 38 19 och
595 441 95 25 begagna
707 441 33 25 sig
751 440 24 20 af
783 440 40 20 den
835 447 42 19 nya
886 440 91 19 kommu-

218 470 165 20 nikationsleden
406 470 52 20 först
482 470 53 20 efter
558 471 34 19 års
615 470 87 27 förlopp.
734 470 49 20 Den
807 470 82 25 ringare
910 469 67 26 trafik,

219 507 44 13 som
285 499 62 21 häraf
367 503 23 16 är
410 507 25 13 en
456 500 57 25 följd,
533 500 98 20 betäcker
647 500 106 26 knappast
769 499 208 27 trafikkostnaderna,

219 531 38 19 och
273 530 40 20 den
329 532 60 23 nytta
405 537 43 13 som
463 530 48 20 med
523 529 117 26 jernvägen
656 530 70 25 afsågs
743 533 38 22 gör
793 530 32 25 sig
836 530 74 20 endast
920 530 58 25 lång-

219 563 54 17 samt
287 559 101 26 gällande.

295 596 37 20 Ett
352 595 69 20 direkt
435 595 75 20 hinder
525 595 32 20 för
573 603 25 12 en
614 595 87 26 lifligare
717 595 63 20 trafik
797 599 24 16 är
836 595 106 20 saknaden
957 595 24 20 af

220 627 100 24 beqväma
339 625 161 26 tillförselvägar
520 626 32 19 till
569 626 121 25 jernvägen.
721 625 114 26 Befintliga
855 625 124 25 landsvägar

220 659 35 16 äro
278 655 88 26 anlagda
386 658 51 17 utan
458 656 36 19 allt
510 655 96 21 afseende
622 657 26 25 på
664 656 126 25 densamma,
807 655 38 20 och
860 655 71 20 kunna
946 656 31 19 så-

220 685 64 20 lunda
304 685 74 20 endast
396 685 132 26 tillfälligtvis
549 685 63 20 hafva
627 692 26 13 en
669 686 66 19 sådan
753 685 128 26 sträckning,
897 691 43 14 som
956 688 23 16 är

220 722 88 19 gynsam
328 715 32 20 för
380 722 25 13 en
426 715 52 26 liflig
493 715 67 20 trafik.
592 715 38 20 Att
646 715 95 26 aflägsna
757 715 59 20 detta
831 715 74 20 hinder
920 717 59 24 tager

221 753 25 12 en
267 745 50 26 lång
337 745 31 20 tid
388 745 7 19 i
411 745 96 26 anspråk,
524 745 65 26 enligt
605 745 147 20 erfarenheten
769 752 26 13 en
811 745 83 26 mycket
908 745 71 25 längre

219 775 37 26 tid,
273 778 25 17 än
314 775 91 25 önskligt
420 781 55 14 vore.

293 811 60 19 Huru
377 811 129 19 annorlunda
529 811 67 20 skulle
620 811 46 20 icke
690 811 66 20 saken
777 811 91 25 gestalta
889 810 37 25 sig,
948 817 31 12 om

220 840 120 26 jordmånen
355 841 64 19 redan
435 840 56 20 förut
506 847 49 14 vore
570 841 83 25 beredd,
669 842 70 19 såsom
755 840 40 20 den
812 839 69 21 blefve
896 840 40 25 det,
947 847 32 12 om

221 871 80 20 visshet
320 869 125 27 förefunnes,
464 873 32 17 att
516 877 26 13 en
560 870 90 26 jernväg
665 871 7 19 i
687 870 113 20 framtiden
817 870 37 19 och
870 870 7 19 i
893 877 25 12 en
934 869 44 20 icke

221 900 90 25 aflägsen
327 900 84 20 framtid
429 900 69 20 blefve
513 900 48 20 ledd
576 907 74 18 genom
666 907 26 14 en
708 900 65 20 trakt.
804 899 175 26 Bosättningsför-

220 930 123 20 hällandena
364 930 67 20 skulle
452 930 89 25 gestalta
562 930 33 25 sig
615 930 46 20 med
682 930 100 20 afseende
801 931 13 18 &
829 929 40 20 den
885 929 94 27 väntade,

219 959 93 26 mäktiga
333 959 202 26 kulturhäfstången,
558 960 120 25 jordvärdet
701 960 70 20 skulle
795 962 50 17 röna
866 959 113 26 inflytande

221 989 63 27 deraf,
299 996 42 19 nya
356 989 130 20 industriella
500 989 82 26 företag
597 989 67 21 skulle
678 989 124 20 förberedas
818 989 39 20 och
872 989 26 20 de
912 989 68 26 gamla

220 1019 22 20 få
264 1021 49 24 nytt
334 1019 26 20 lif
379 1020 38 19 och
437 1019 102 26 utvidgad
559 1019 137 26 verksamhet,
713 1019 267 25 landsvägsanläggningar

221 1049 38 20 och
278 1049 339 27 ångbåtskommunikationsleder,
632 1049 53 20 både
700 1049 63 26 längs
779 1049 106 25 naturliga
899 1051 80 18 vatten-

222 1079 52 25 drag
296 1079 38 19 och
356 1079 136 26 konstgjorda
515 1079 90 26 kanaler,
629 1079 69 20 kunde
721 1086 52 13 vara
789 1079 84 20 utförda
893 1079 37 20 och
946 1079 33 20 be-

220 1108 100 26 gagnade.

294 1144 98 20 Trafiken
407 1146 27 25 på
449 1151 26 14 en
487 1145 95 26 jernväg,
598 1145 129 20 tillkommen
744 1152 12 12 å
772 1151 27 13 en
815 1143 88 22 sålunda
913 1143 67 21 förbe-

221 1174 52 20 redd
288 1175 63 25 trakt,
366 1174 68 21 skulle
450 1175 116 25 säkerligen
583 1175 54 25 stiga
652 1175 107 25 hastigare
777 1174 38 19 och
825 1173 88 26 tidigare
924 1173 57 26 gifva

221 1203 115 21 öfverskott
356 1204 58 20 öfver
434 1204 119 26 utgifterna,
574 1205 133 25 hvarigenom
729 1204 74 20 landet
821 1203 75 20 lättare
910 1203 71 20 kunde

221 1234 51 19 bära
287 1234 78 19 bördan
380 1234 24 19 af
416 1234 115 20 kostnaden
547 1234 32 20 för
594 1241 42 19 nya
651 1234 160 25 anläggningar.

293 1269 71 27 Lifligt
384 1270 124 26 öfvertygad
528 1273 31 17 att
579 1271 68 19 denna
666 1270 44 20 min
726 1269 156 25 framställning
896 1268 46 21 icke
958 1271 23 17 är

221 1306 26 13 en
262 1299 126 27 fantasibild,
404 1303 51 17 utan
470 1300 38 20 har
524 1301 31 19 sin
571 1300 51 20 fulla
637 1300 156 26 motsvarighet
807 1300 8 18 i
831 1299 149 25 verkligheten,

222 1336 61 13 anser
301 1330 37 25 jag
358 1330 36 20 det
414 1330 80 20 derföre
515 1337 50 13 vara
584 1330 110 26 högeligen
716 1329 119 21 önskvärdt
851 1331 31 17 att
897 1336 29 12 nu
941 1328 40 28 för-

221 1359 90 20 samlade
330 1358 96 27 Ständer,
447 1360 61 20 äfven
524 1366 32 14 om
571 1360 26 20 de
612 1360 46 20 icke
674 1366 51 13 anse
743 1359 33 25 sig
792 1359 72 19 kunna
879 1358 38 20 och
932 1358 50 20 böra

221 1388 104 21 fastställa
347 1396 26 13 on
396 1389 94 21 definitiv
512 1390 48 26 plan
583 1390 31 18 för
633 1392 31 17 ett
682 1390 150 19 stambansnät
849 1388 8 20 i
872 1388 46 20 hela
934 1388 48 20 dess

221 1418 150 26 utsträckning,
393 1419 53 20 dock
466 1421 50 23 taga
535 1420 66 19 under
617 1419 165 25 öfverläggning
798 1418 39 20 och
852 1417 33 21 för
900 1418 33 20 sin
947 1418 35 19 del

221 1448 82 20 besluta
323 1456 33 12 om
376 1449 40 19 den
438 1449 101 19 allmänna
559 1449 149 25 sträckningen
727 1448 24 20 af
765 1448 26 20 de
809 1448 123 26 stambanor,
949 1454 32 13 om

292 1491 196 25 Jernvägsutskottets
503 1491 117 19 betänkande
636 1491 37 19 N:o
690 1492 19 18 5.
