1061 1717
301 107 250 23 Petitionsbetänkande
565 109 37 22 N:o
618 108 31 22 41.
807 111 13 20 3

99 173 43 19 med
159 174 44 18 stöd
215 174 22 18 af
247 179 25 13 nu
283 173 88 24 gällande
384 174 157 23 lagstadganden,
555 174 37 18 kan
605 174 114 18 säkerställa
731 174 29 18 sin
773 174 78 18 fordran

99 207 67 19 genom
178 202 109 24 inteckning
298 202 7 18 i
313 202 111 24 jernvägen.
450 202 123 24 Stadganden
585 208 31 13 om
630 202 111 24 inteckning
752 203 7 17 i
771 203 80 23 jernväg

99 232 34 17 äro
152 230 75 19 derföre
245 231 22 18 af
282 231 40 18 lika
338 232 48 17 stort
402 231 43 23 vigt
460 236 41 19 som
514 237 23 13 en
549 232 90 22 tidsenlig
651 232 162 23 koncessionslag,
825 231 26 24 pä

99 265 70 13 samma
181 259 50 25 gäng
243 260 56 18 dessa
311 259 49 19 bäda
372 259 65 24 frägor
450 259 30 20 stä
491 260 7 18 i
510 260 32 18 det
549 260 48 19 allra
604 262 96 17 närmaste
709 260 90 19 samband
807 260 44 19 med

99 289 113 19 hvarandra,

167 318 60 18 Dessa
242 317 80 19 anförda
334 317 163 24 omständigheter
509 317 58 19 hafva
578 318 59 18 redan
650 318 96 18 tillförene
758 318 51 18 varit
822 318 28 18 fö-

99 346 58 20 remål
175 346 30 19 för
219 346 111 19 ständernas
343 346 169 24 öfverläggningar
524 346 35 18 och
572 346 159 24 hemställningar.
755 346 38 19 Vid
807 348 44 16 1872

99 376 30 18 års
142 376 91 23 landtdag
245 376 137 23 petitionerade
396 376 104 18 ständerna
512 381 29 13 om
553 377 30 17 att
594 375 106 24 lagförslag
712 381 30 13 om
754 376 97 23 grundvil-

99 406 60 18 koren
177 405 30 19 för
222 405 108 23 beviljande
348 404 21 19 af
378 405 114 18 koncession
504 404 12 19 å
527 405 76 23 privata
612 405 105 23 jernvägar
729 404 59 19 måtte
801 406 49 17 stän-

100 435 58 18 derna
173 434 112 23 föreläggas.
311 434 44 19 Som
366 439 45 13 svar
423 432 11 20 å
446 439 24 13 en
482 434 30 18 till
524 439 71 13 samma
606 434 93 23 landtdag
711 432 69 21 aflåten
792 432 58 25 nådig

99 463 118 24 proposition
230 469 29 12 om
272 463 106 23 underpant
389 463 6 18 i
401 463 231 23 jernvägsanläggningar
640 463 100 18 tramhöllo
749 463 102 18 ständerna

100 493 90 23 derjemte
209 494 28 17 att
253 492 48 18 först
315 492 57 19 sedan
385 497 23 13 en
420 491 44 19 utaf
474 493 67 22 regent
553 492 36 18 och
601 492 78 18 ständer
692 491 66 19 stiftad
770 492 80 18 konces-

99 521 83 24 sionslag
194 521 79 18 kommit
284 521 29 18 till
325 519 60 25 stånd,
398 521 104 18 ständerna
514 519 70 24 ansägo
596 521 53 18 tiden
662 526 47 13 vara
721 521 42 18 inne
775 523 34 21 att,
819 526 31 13 an-

99 551 64 23 tingen
181 551 6 17 i
205 549 132 23 sammanhang
356 549 76 18 dermed
445 549 47 18 eller
505 549 64 23 skildt,
582 549 85 23 lagstifta
680 555 29 12 om
722 549 110 24 inteckning
844 550 6 17 i

99 580 76 23 privata
188 580 109 23 jernvägar.
321 578 111 18 Emellertid
449 578 113 18 emanerade
574 577 58 24 nägra
644 577 21 19 är
678 583 66 14 senare
756 577 25 24 pä
793 579 58 18 admi-

99 609 88 18 nistrativ
199 609 38 22 väg
249 607 139 18 ofvannämnda
399 606 71 24 nädiga
482 607 112 23 förordning
605 607 22 18 af
637 607 36 18 den
686 608 10 17 3
705 608 92 18 Februari
807 608 43 17 1876

99 643 30 12 om
142 637 87 18 vilkoren
241 636 30 19 för
282 636 108 23 beviljande
403 636 22 18 af
430 636 116 18 koncession
554 635 11 19 ä
570 636 214 24 jernvägsanläggning,
793 636 58 19 hvar-

99 666 49 19 efter
160 666 30 19 för
203 667 43 16 1877
259 665 30 19 ärs
302 665 78 18 ständer
392 665 96 18 förelades
500 671 26 17 ny
537 665 119 23 proposition
668 664 99 24 angäende
778 665 73 18 inteck-

99 696 45 23 ning
161 695 6 18 i
180 695 210 24 jernvägsanläggning.
415 695 59 17 Detta
486 693 106 24 lagförslag
603 694 42 19 blef
655 695 50 17 dock
717 694 22 19 af
748 695 103 18 ständerna

99 725 16 23 ej
135 724 125 19 oförändradt
277 725 81 22 antaget,
377 723 67 19 medan
461 722 12 19 å
488 723 59 18 andra
560 723 53 18 sidan
628 723 23 19 de
663 723 22 18 af
695 723 102 19 ständerna
809 724 42 18 vid-

99 755 57 22 tagna
174 753 131 23 förändringar
323 753 17 23 ej
358 758 63 12 vunno
438 752 114 19 Monarkens
569 753 94 23 sanktion,
680 753 90 18 hvarföre
787 753 64 18 landet

98 783 35 18 allt
150 781 116 19 fortfarande
284 781 70 19 saknar
371 780 59 19 sådan
446 781 157 23 inteckningslag.
627 781 9 18 I
652 781 28 18 sin
693 781 158 20 svarsskrifvelse

99 811 77 18 anhöllo
189 811 102 18 ständerna
303 811 91 22 derjemte
406 809 50 24 ånyo
469 815 31 13 om
512 810 135 23 föreläggande
660 810 21 18 af
690 811 118 23 proposition
821 811 30 18 till

100 840 161 23 koncessionslag,
277 839 78 18 hvilken
367 838 87 19 anhållan
467 839 51 18 dock
529 839 17 24 ej
560 839 94 19 föranledt
666 840 28 17 till
707 839 63 24 någon
782 839 69 24 åtgärd

101 868 41 19 från
154 869 120 24 regeringens
287 868 45 19 sida.

169 898 100 23 Behjertas
287 897 35 18 bör
341 897 50 18 dock
408 897 91 18 hurusom
516 895 25 24 på
556 897 38 18 sätt
606 897 102 18 ständerna
720 897 6 18 i
739 902 72 13 samma
823 897 28 18 sin

101 927 156 18 svarsskrifvelse
272 926 71 23 anföra,
355 931 25 13 nu
392 926 6 17 i
410 927 64 16 ämnet
486 925 89 24 gällande
587 925 149 24 lagstadganden
749 926 42 19 icke
804 928 47 17 mot-

101 961 58 13 svara
170 955 92 19 behofvet
274 957 49 16 samt
335 955 23 18 de
371 955 72 22 luckor,
451 960 41 13 som
504 955 28 17 uti
541 954 73 19 landets
623 955 118 24 lagstiftning
749 955 102 18 förefinnas

101 991 30 12 om
143 985 102 24 byggande
255 984 22 19 af
283 985 87 23 jernväg,
382 984 42 18 icke
436 984 165 23 grundlagsenligt
613 984 64 18 kunna
689 984 56 23 fyllas
757 986 58 17 annat
827 986 24 17 än

101 1019 68 18 genom
187 1019 23 13 en
222 1014 22 17 af
253 1015 66 22 regent
332 1013 36 18 och
380 1013 78 18 ständer
469 1014 116 21 gemensamt
597 1012 66 19 stiftad
675 1013 36 23 lag.
736 1009 115 28 Önsknings-

101 1042 57 19 målet
176 1048 29 13 om
223 1048 23 13 en
258 1041 59 20 sådan
329 1042 31 23 lag
371 1041 61 19 måste
444 1041 78 19 derföre
533 1042 35 18 allt
579 1041 117 19 fortfarande
707 1042 44 19 med
763 1042 88 18 oförmin-

101 1072 48 18 skad
161 1071 52 18 kraft
229 1070 81 25 gvarstä.
334 1071 29 18 De
375 1071 143 23 bestämningar
528 1071 20 18 at
559 1076 52 13 mera
622 1071 156 23 reglementarisk
789 1073 61 21 natur,

100 1101 67 18 hvilka
184 1100 25 24 pä
225 1102 90 22 regenten
333 1105 63 14 ensam
414 1100 106 23 ankomma,
537 1099 65 19 kunde
619 1100 100 23 lämpligen
731 1099 45 24 ingå
787 1101 28 17 uti
827 1106 24 13 en

100 1130 84 18 särskild
196 1130 138 18 administrativ
347 1129 115 23 förordning.

169 1159 43 18 Med
227 1159 76 23 ledning
315 1158 21 18 af
347 1158 32 19 det
390 1158 80 19 anförda
483 1158 36 18 och
531 1159 103 22 yttermera
646 1158 108 19 betonande
766 1158 85 19 nödvän-

101 1187 90 24 digheten
203 1187 22 19 af
234 1189 29 17 att
274 1187 143 24 lagstiftningen
429 1187 37 19 bör
478 1187 49 18 söka
535 1187 108 18 underlätta
651 1187 127 23 uppkomsten
785 1187 22 18 af
813 1187 38 23 pri-

101 1219 46 16 vata
158 1217 64 23 banor,
235 1215 29 20 får
273 1217 34 23 jag
319 1216 75 19 derföre
406 1217 100 18 vördsamt
518 1215 75 20 anhålla
604 1221 30 13 om
645 1216 104 24 höglofliga
761 1217 22 18 R.
792 1222 16 13 o.
817 1216 34 18 A:s

102 1245 117 19 medverkan
231 1246 29 17 till
272 1251 23 13 en
307 1245 79 24 petition
399 1245 73 18 derom:

238 1281 28 17 att
279 1279 34 23 för
331 1279 224 19 nästsammanträdande
573 1279 76 19 ständer
669 1279 56 19 måtte
740 1279 111 24 föreläggas

200 1310 122 22 proposition
334 1314 29 13 om
375 1309 83 18 vilkoren
467 1309 36 23 för
515 1309 105 23 beviljande
632 1308 25 23 af
666 1309 108 18 koncession
782 1308 9 19 ä
799 1308 50 23 jern-

203 1338 163 23 vägsanläggning
378 1339 49 17 samt
439 1343 30 13 om
481 1338 108 23 inteckning
600 1338 9 17 i
618 1337 85 23 jernväg.

170 1379 117 23 Helsingfors
299 1378 36 19 den
347 1380 21 16 31
380 1378 78 19 Januari
472 1380 50 17 1885.

528 1413 96 23 Lennart
640 1412 142 30 Gripenberg.

169 1459 139 23 Lagutskottets
321 1458 115 20 betänkande
448 1459 37 18 N:o
497 1459 29 18 15.
