1061 1717
239 98 79 23 Ständ.
334 98 50 22 Pet.
402 110 25 4 —
444 98 166 22 Petitionsbet.
628 98 38 22 N:o
681 98 26 22 41
807 98 13 21 3

98 167 67 27 neligt
180 169 31 20 att
224 167 117 27 jernvägar
354 166 74 22 kunde
443 166 39 22 här
497 166 80 28 byggas
593 166 62 22 äfven
671 173 78 20 genom
764 166 84 22 enskild

98 201 175 27 företagsamhet,
295 200 123 22 förklarade
441 201 121 21 Ständerna
585 202 35 20 det
636 202 26 20 de
678 200 48 22 icke
741 201 56 21 velat
813 208 37 14 un-

103 236 111 27 dandraga
236 236 31 26 sig
283 238 32 18 att
331 235 116 21 medverka
462 235 32 21 till
510 235 112 21 stiftandet
637 235 24 21 af
675 242 26 14 en
717 234 35 28 lag
768 242 34 14 om
817 235 32 20 in-

99 269 102 27 teckning
222 270 7 20 i
250 270 91 27 jernväg
356 270 40 20 och
412 270 61 26 förty,
490 270 47 20 med
553 268 107 22 särskilda
675 269 123 27 ändringar,
815 276 34 14 an-

100 304 56 27 tagit
178 305 35 20 det
228 304 7 21 i
255 305 41 20 den
312 304 80 27 nådiga
406 304 162 27 propositionen
583 304 106 26 ingående
704 303 145 27 lagförslaget,

102 345 49 15 men
174 338 86 22 anhöllo
283 338 121 22 Ständerna
426 338 70 21 tillika
518 338 7 21 i
548 338 172 26 underdänighet
736 344 35 14 om
786 337 65 27 nådig

102 372 133 28 proposition
257 373 33 21 till
312 373 95 27 följande
429 373 104 27 landtdag
556 372 112 27 angående
684 378 25 15 en
727 372 66 21 sådan
809 372 41 26 lag,

104 414 45 14 som
167 407 170 28 fullständigare,
354 409 26 19 än
398 408 36 20 det
449 407 66 28 enligt
529 407 107 28 grundlag
651 407 29 27 pä
695 406 158 22 administrativ

102 443 40 26 väg
160 449 49 14 vore
227 442 89 27 möjligt,
333 442 85 21 komme
434 444 32 19 att
481 442 52 27 fylla
547 441 105 22 luckorna
667 441 32 21 uti
713 441 85 21 landets
814 441 37 21 all-

101 477 80 20 männa
195 476 136 27 lagstiftning
347 483 33 14 om
396 477 112 26 byggande
523 476 24 21 af
557 477 97 26 jernväg.

170 510 29 21 Af
219 511 42 20 den
283 511 34 20 till
341 511 54 22 1882
418 512 34 20 års
476 511 91 21 Ständer
590 511 82 26 afgifna
686 511 115 21 berättelse
818 518 34 14 om

106 545 119 28 Styrelsens
247 545 144 26 tillgöranden
413 545 8 20 i
444 545 115 27 anledning
582 545 24 21 af
626 546 26 20 de
670 545 48 21 utaf
733 545 121 21 Ständerna

104 580 35 21 vid
162 579 129 27 föregäende
312 579 104 27 landtdag
439 579 83 22 fattade
537 580 69 21 beslut
621 580 106 21 inhemtas
744 579 60 27 dock,
821 582 32 19 att

103 613 78 22 Eder
196 614 184 27 Kejserliga
395 614 152 27 Majestät
563 614 46 21 icke
624 614 57 21 velat
692 614 161 21 fastställa
813 609 42 36 om-

103 648 106 21 förmälda
223 648 24 21 af
261 648 121 21 Ständerna
397 651 97 24 antagna
508 649 130 26 förordning,
655 651 52 18 utan
717 649 50 20 lätit
777 649 76 26 frägan

103 689 34 14 om
153 683 66 20 sädan
235 682 172 27 inteckningslag
422 682 117 21 tillsvidare
556 683 91 22 förfalla,
663 683 118 27 hvarjemte
792 683 62 20 Stän-

103 717 78 20 dernas
203 717 146 26 nyssnämnda
370 717 103 20 anhållan
496 724 34 14 om
553 717 133 27 proposition
702 718 111 26 angående
829 724 26 14 en

103 751 175 27 koncessionslag
293 751 32 21 för
340 751 113 27 byggande
469 751 23 21 af
503 752 90 27 jernväg
608 751 33 21 för
656 752 42 20 den
709 752 84 26 gängen
803 751 51 21 lem-

103 788 48 19 nats
167 787 51 19 utan
234 785 107 21 afseende.

172 819 125 22 Emellertid
319 826 62 21 synes
397 821 25 19 de
438 819 80 22 talrika
532 820 189 27 petitionsförslag,
739 827 45 14 som
799 820 55 27 isyn-

105 854 75 21 nerhet
202 855 67 20 under
292 861 29 13 nu
343 855 112 26 pågående
478 853 104 28 landtdag
602 853 70 22 blifvit
687 854 32 21 till
735 854 121 21 Ständerna

104 889 121 20 inlemnade
249 889 91 20 rörande
362 889 73 20 vidare
458 888 149 27 utsträckning
623 888 24 21 af
657 888 198 27 jernvägskommu-

109 922 151 21 nikationerna
275 923 7 20 i
296 923 160 26 landet,utgöra
466 928 30 15 ett
507 922 123 27 ytterligare
641 922 47 21 skäl
698 923 33 20 för
742 925 32 18 att
786 924 71 19 denna

106 957 35 21 vid
157 957 174 20 ständermötena
347 957 23 20 sä
384 957 65 26 länge
464 957 128 21 förevordna
607 957 61 27 fräga
684 957 92 21 omsider
791 957 66 21 borde

109 991 65 21 vinna
196 991 32 20 sin
243 991 90 26 lösning.
370 991 42 21 Det
434 992 62 19 torde
512 991 106 26 nemligen
634 991 108 28 knappast
758 999 52 14 vara
825 991 32 22 för

107 1027 69 19 staten
192 1025 83 27 möjligt
290 1027 32 19 att
337 1025 130 27 tillmötessä
483 1025 43 21 alla
536 1025 62 21 äfven
610 1025 134 28 berättigade
755 1025 102 28 anspräk,

112 1066 45 14 som
173 1066 88 14 numera
277 1059 131 21 framställas
422 1059 7 20 i
444 1061 141 25 nyssnämndt
601 1059 127 26 hänseende,
745 1063 52 18 utan
813 1061 44 20 mä-

108 1096 31 19 ste
161 1093 34 22 väl
210 1093 108 27 åtskilliga
333 1093 78 21 banors
427 1093 114 22 utförande
558 1093 32 21 till
605 1094 119 27 väsendtlig
741 1094 34 21 del
791 1094 65 21 öfver-

105 1128 83 21 lemnas
203 1129 22 19 ät
241 1129 41 20 den
299 1127 97 21 enskilda
411 1127 201 27 företagsamheten.

175 1161 31 21 De
230 1161 118 28 tryckande
363 1161 69 21 vilkor
447 1161 33 20 för
496 1161 120 27 beviljande
632 1161 24 21 af
666 1162 193 27 jernvägskonces-

108 1196 53 25 sion,
178 1203 45 13 som
238 1195 156 22 ofvanberörda
410 1195 171 21 administrativa
595 1195 125 28 förordning
731 1196 127 27 uppställer,

111 1230 69 21 säsom
203 1229 124 28 äliggandet
350 1232 32 18 att
405 1232 53 18 utan
480 1230 118 26 ersättning
621 1229 102 22 framföra
745 1233 50 24 post
819 1230 40 21 och

109 1264 149 27 skyldigheten
283 1266 32 19 att
338 1264 35 20 vid
392 1264 130 27 jernvägens
544 1264 173 28 telegrafstolpar
739 1265 45 21 läta
803 1265 57 21 fästa

112 1298 184 26 statstelegrafens
319 1299 73 20 trädar
415 1298 40 21 och
474 1299 66 20 värda
556 1300 114 24 desamma,
686 1306 48 14 men
750 1300 7 20 i
773 1306 86 20 synner-

113 1332 36 21 het
172 1332 185 27 bestämmningen
372 1334 32 19 att
420 1334 72 19 staten
507 1333 7 20 i
529 1333 73 27 hvarje
618 1333 38 21 fall
672 1333 131 21 tillkommer
819 1334 42 20 rätt

111 1368 33 18 att
168 1366 53 21 efter
243 1373 27 14 en
292 1366 43 21 viss
358 1366 42 21 tids
416 1366 84 28 förlopp
516 1372 52 16 utan
585 1368 118 26 ersättning
717 1367 67 21 blifva
800 1374 63 20 egare
