1061 1717
237 110 22 21 2
345 109 78 23 Ständ.
440 110 52 21 Pet.
508 122 28 3 —
551 110 166 22 Petitionsbet.
735 110 36 21 N:o
787 108 33 23 27.

207 172 106 22 lemnade
337 172 159 28 ansökningar
516 180 36 14 om
573 172 105 28 eftergift
693 172 8 21 i
716 172 176 28 värnepligtens
906 170 55 22 full-

207 206 110 29 görande.
357 207 191 28 Uppenbarligen
571 207 61 21 afses
655 206 136 28 härigenom
813 208 34 19 att
869 206 92 20 förläna

207 241 68 21 dessa
297 240 158 29 ansökningar
477 240 74 29 nödig
567 241 127 28 publicitet
709 241 62 21 inom
787 239 174 22 vederbörande

207 275 137 21 kommuner
363 275 43 21 och
426 275 99 21 sålunda
542 275 108 28 afklippa
665 275 96 28 möjliga
777 274 79 21 försök
872 276 34 20 att
921 281 40 21 ge-

206 316 55 14 nom
280 309 102 28 oriktiga
400 309 120 29 uppgifter
540 309 154 28 undandraga
709 309 37 28 sig
761 309 199 28 militärtjensten.

276 343 91 21 Härvid
383 347 25 17 är
423 343 60 21 dock
499 345 34 19 att
549 344 83 27 erinra,
649 345 34 19 att
698 344 71 20 redan
785 343 27 21 de
829 344 26 20 af
862 344 98 27 prester-

205 377 84 29 skapet
311 377 75 28 enligt
405 378 27 21 53
448 379 13 25 $
477 378 8 20 i
500 378 222 28 Värnepligtslagen
737 377 37 21 till
789 377 172 29 uppbådsnäm-

207 414 73 19 derna
295 412 133 20 aflemnade
447 412 164 29 specificerade
627 412 176 28 förteckningar
819 412 65 20 öfver
898 412 62 20 årets

205 447 177 28 värnepligtiga
404 447 119 21 innehålla
543 447 95 28 uppgift
655 454 37 14 om
707 446 253 29 familjeförhållanden

206 481 58 21 eller
286 481 161 29 kroppslyten,
462 481 30 28 på
507 481 77 28 grund
600 481 25 21 af
638 481 81 21 hvilka
735 481 105 28 eftergift
855 481 8 21 i
878 484 82 18 värne-

205 515 104 28 pligtens
325 515 148 28 fullgörande
488 516 47 21 kan
550 516 174 28 ifrågakomma.
750 516 62 21 Intet
823 515 83 21 hinder
912 517 48 18 mö-

207 551 36 19 ter
266 549 90 21 således
379 552 34 19 att
433 549 8 21 i
462 550 28 21 de
512 549 67 22 flesta
602 550 43 21 fall
662 551 24 20 få
704 550 27 21 de
748 548 213 27 sakförhållanden,

206 583 83 22 hvilka
303 584 9 20 i
328 584 170 21 ofvanberörda
516 584 158 28 ansökningar
689 585 79 20 kunna
784 584 118 28 åberopas,
918 590 42 13 un-

207 617 139 22 derkastade
362 618 287 22 kommunalstämmornas
665 619 152 28 granskning,
829 617 131 22 oberoende

207 653 26 20 af
246 652 116 21 huruvida
378 652 80 28 dylika
475 653 158 28 ansökningar
648 653 71 21 redan
735 653 80 21 blitvit
828 651 132 22 inlemnade

206 687 57 21 eller
279 687 59 21 icke.
368 687 48 21 Och
437 687 73 28 något
528 690 71 18 annat
614 688 62 27 syfte
692 687 41 21 har
749 687 100 21 nämnda
864 686 96 29 gransk-

207 721 59 28 ning
281 721 60 24 icke,
357 723 26 26 ty
398 721 84 28 sjeltva
504 721 188 29 ansökningarna
707 729 55 20 eger
777 721 61 22 blott
853 721 45 21 den
914 721 46 20 för-

207 755 90 21 stärkta
319 755 211 28 uppbådsnämden
552 758 35 19 att
608 756 38 21 till
667 756 112 28 pröfning
797 758 103 26 upptaga
916 754 44 21 och

208 789 87 28 afgöra.
327 789 81 22 Såsom
423 797 29 14 en
468 790 136 28 ytterligare
620 790 102 21 kontroll
738 790 7 21 i
762 789 150 22 omförmälda
927 789 33 21 af-

207 823 84 22 seende
308 823 94 28 stadgas
418 823 8 21 i
442 825 28 20 65
485 825 13 25 $
514 824 23 21 af
552 824 228 28 Värnepligtslagen,
797 826 34 19 att
846 824 40 21 vid
902 830 58 21 upp-

205 857 167 22 bådstillfället
387 858 66 21 skola
468 858 117 28 uppbåds-
600 859 44 20 och
658 858 232 28 fyllnadslängderna
901 859 60 19 samt

207 891 46 22 alla
268 892 9 21 i
292 892 211 28 uppbädslängden
522 893 83 28 gjorda
620 893 170 28 anteckningar
805 900 37 13 om
857 891 103 28 eftergif-

206 927 36 20 ter
258 926 8 21 i
285 926 177 29 värnepligtens
484 927 130 28 utgörande
636 927 36 21 för
692 927 27 21 de
740 925 220 23 tillstädesvarande

206 960 116 28 uppläsas,
347 961 120 21 äfvensom
490 963 35 19 att
542 961 64 21 såväl
624 961 29 22 de
668 961 139 28 uppbådade
824 968 49 14 som
888 960 73 21 andra

206 995 146 21 närvarande
375 1002 111 21 personer
508 999 39 17 äro
567 995 144 28 berättigade
733 997 34 20 att
782 999 56 24 göra
854 995 106 21 anmärk-

206 1029 85 27 ningar
313 1032 49 18 mot
384 1029 146 28 riktigheten
546 1030 25 20 af
585 1029 67 22 dessa
673 1029 171 28 anteckningar
860 1029 43 22 och
918 1031 42 25 att,

207 1070 37 13 om
261 1063 185 28 anmärkningen
462 1063 104 21 befinnes
581 1064 113 27 grundad,
710 1063 72 28 nödig
795 1063 94 22 rättelse
901 1062 60 22 skall

205 1098 26 21 af
244 1097 101 21 nämden
359 1101 75 24 göras.

276 1131 84 28 Någon
375 1131 101 22 särdeles
491 1133 107 28 praktisk
614 1132 122 28 betydelse
752 1132 65 21 torde
833 1133 62 27 förty
908 1131 52 22 icke

207 1165 80 22 kunna
303 1165 161 22 tillerkännas
484 1167 45 20 den
544 1167 8 20 i
567 1168 27 20 58
610 1168 13 25 $
639 1166 116 29 ingående
771 1166 190 21 tidsbestämnin-

206 1207 54 20 gen.
290 1200 112 21 Deremot
421 1207 70 22 synes
509 1201 133 21 densamma
656 1201 105 21 medföra
779 1201 120 28 åtskilliga
914 1200 46 21 olä-

206 1233 115 28 genheter
343 1234 36 21 för
402 1234 45 21 den
466 1235 174 28 värnepligtiga
654 1235 139 28 ungdomen,
809 1235 152 28 hvarigenom

207 1267 89 22 dennas
318 1270 48 19 rätt
388 1271 35 18 att
438 1269 8 21 i
462 1269 63 21 vissa
547 1269 43 21 fall
612 1269 92 29 åtnjuta
719 1269 106 28 eftergift
840 1272 66 25 göres
922 1269 39 20 be-

206 1302 87 21 roende
314 1304 26 19 af
356 1310 29 14 en
404 1310 42 14 ren
469 1304 138 21 formalitets
630 1303 161 29 uppfyllande.
821 1304 12 20 I
849 1303 63 21 detta
929 1303 32 21 af-

207 1336 85 22 seende
315 1336 135 22 framhällas
473 1338 35 20 uti
523 1345 32 14 nu
570 1338 179 28 ifrägavarande
763 1338 199 28 petitionsmemo-

206 1370 45 21 rial
270 1370 49 21 dels
338 1373 35 19 att
393 1372 169 21 ofvanberörda
584 1372 128 28 stadgande
735 1372 99 21 innebär
856 1380 29 13 en
908 1372 54 20 svår

207 1404 129 28 olägenhet
350 1408 37 18 för
401 1408 46 19 den
462 1408 180 26 värnepligtige,
658 1408 9 20 i
682 1408 40 20 det
737 1409 53 24 han,
805 1409 36 18 för
854 1409 34 19 att
898 1406 64 21 kom-
