1061 1717
293 94 239 23 Petitionsbetänkande
547 96 39 21 N:o
603 94 18 23 1.
783 96 28 22 93

89 162 39 22 der
151 162 57 28 282/,
233 162 24 20 är
280 162 35 21 till
338 168 26 15 en
388 161 132 27 smalspårig
537 162 68 27 bana;
622 161 111 22 äfvensom
749 162 35 21 för
799 162 42 21 den

89 198 59 21 förra
171 198 120 21 händelsen
310 204 35 14 om
362 198 68 21 sädan
446 198 93 27 ändring
555 198 23 22 ef
592 198 248 27 subventionsvilkoren,

89 235 34 20 att
137 234 71 21 banan
224 233 57 27 finge
297 239 45 15 som
359 233 131 27 smalspärig
502 233 91 22 utföras.

148 270 42 21 Vid
206 270 146 21 bedömandet
363 269 23 21 af
396 269 41 21 den
448 269 176 27 Björneborgska
635 270 84 21 banans
730 270 111 26 betydelse

90 305 34 22 för
145 306 41 22 den
201 305 101 21 landsdel
317 305 127 21 densamma
460 307 25 19 är
500 305 77 22 afsedd
593 307 33 20 att
641 306 94 27 betjena,
752 306 40 21 har
807 307 34 19 ut-

91 342 84 21 skottet
198 342 25 20 sä
246 341 87 27 mycket
355 341 85 21 mindre
463 343 56 19 trott
538 341 33 27 sig
587 341 92 21 behöfva
695 341 51 27 ingä
761 342 28 26 pä
805 342 37 20 nä-

90 384 39 20 gra
151 377 138 27 vidlyftigare
312 377 160 28 utläggningar,
497 384 46 15 som
567 378 109 21 utskottet
700 378 6 20 i
723 378 43 21 alla
782 377 61 22 delar

90 414 44 21 kan
157 412 92 23 omfatta
270 413 27 22 de
313 413 87 28 äsigter,
417 413 130 28 föregäende
564 414 89 21 ständer
669 413 7 22 i
692 414 79 21 sädant
786 413 56 22 afse-

91 449 55 22 ende
169 449 86 22 uttalat.
287 449 52 22 Man
357 449 103 22 behöfver
476 450 66 21 också
557 449 7 22 i
581 449 76 28 sjelfva
673 450 76 21 verket
765 450 78 21 endast

90 485 139 27 ihägkomma
253 487 33 19 att
308 485 134 27 Björneborg
466 487 24 19 är
514 492 26 15 en
560 485 24 22 af
597 486 49 21 värt
661 485 63 28 lands
740 485 103 27 lifligaste

90 521 173 27 handelsstäder,
279 522 34 20 att
329 521 41 21 den
386 521 60 21 såväl
462 521 50 21 med
529 521 101 22 afseende
646 522 13 20 &
676 521 69 22 denna
761 521 34 22 sin
811 521 31 22 af-

90 556 190 29 färsverksamhet,
305 563 46 15 som
363 557 44 24 sin
428 556 127 28 folkmängd
575 557 85 27 intager
680 559 31 20 ett
731 563 47 16 rum
795 563 47 16 som

92 593 41 22 den
153 592 66 22 femte
235 593 54 21 eller
305 593 63 26 sjette
384 592 67 22 bland
467 592 86 22 landets
570 593 80 27 städer,
668 595 33 20 att
717 593 126 21 Satakunda

91 629 65 21 hörer
173 629 34 21 till
227 629 26 21 de
269 630 68 20 tätast
352 628 115 22 befolkade
484 629 41 21 och
540 629 50 21 bäst
614 629 78 21 odlade
707 629 136 22 landsdelar-

91 671 35 21 ne,
151 665 37 21 der
203 671 27 15 en
246 671 61 15 mera
322 664 145 22 framskriden
482 665 208 26 jordbruksmethod
707 666 39 21 och
761 665 82 21 tidsen-

90 700 46 27 liga
149 700 230 29 jordbruksmaskiner
394 701 68 21 redan
478 701 77 21 vunnit
571 701 135 21 allmännare
720 701 79 27 insteg,
811 702 33 20 att

91 736 329 27 förmögenhetsförhällandena
433 737 81 26 jemväl
531 739 36 19 äro
584 737 83 26 ganska
698 737 56 27 goda
769 737 8 21 i
791 737 52 21 den-

91 774 28 20 na
138 773 35 21 del
192 772 23 21 af
229 773 82 27 landet,
328 773 89 20 hvarest
432 772 63 22 äfven
512 779 26 15 en
555 773 47 21 icke
618 774 25 20 sä
659 773 136 27 obetydande
811 773 32 21 in-

92 808 71 21 dustri
179 807 126 28 förefinnes;
321 815 50 14 man
385 808 103 21 behöfver
504 808 57 22 blott
577 809 138 26 ihägkomma
731 809 40 20 allt
783 808 61 21 detta

92 843 34 22 för
149 846 33 19 att
204 844 83 27 nödgas
307 844 102 27 erkänna,
426 846 34 19 att
475 851 27 15 en
519 845 7 20 i
541 845 91 26 lämplig
648 845 98 26 riktning
761 845 83 26 dragen

89 880 93 27 jernväg
196 880 40 21 här
252 881 70 20 mäste
337 881 75 21 kunna
427 887 52 14 vara
495 880 24 22 af
533 881 91 26 mycken
640 882 68 25 nytta.

167 915 96 22 Oaktadt
279 916 40 21 allt
335 916 61 21 detta
406 917 38 20 har
456 916 140 27 majoriteten
608 917 57 21 inom
678 917 109 21 utskottet
796 916 47 21 icke

92 951 85 22 kunnat
199 951 66 22 ställa
287 952 71 21 denna
373 952 63 27 bana,
453 952 51 21 med
520 952 102 22 afseende
638 953 13 20 &
667 953 49 20 dess
732 952 113 27 betydelse

91 987 34 21 för
141 987 74 22 landet
231 987 7 21 i
255 988 49 21 dess
321 987 80 28 helhet,
418 987 92 22 framom
527 988 53 21 eller
596 994 38 15 ens
650 988 7 21 i
669 988 114 27 jembredd
795 988 50 21 med

91 1023 42 22 den
150 1023 23 22 af
186 1023 122 22 Ständerna
319 1023 110 22 allaredan
438 1023 101 22 beslutna
551 1024 173 21 Savolaksbanan
737 1023 53 22 eller
801 1024 42 21 den

92 1059 108 22 Karelska
222 1059 79 27 banan,
326 1066 34 15 om
383 1060 65 21 hvars
472 1059 114 28 byggande
604 1060 110 21 utskottet
729 1060 59 21 velat
804 1059 39 22 hos

92 1095 118 22 ständerna
233 1095 80 22 föreslå
336 1101 26 15 en
385 1095 102 21 anhållan
512 1101 41 16 om
570 1095 135 27 proposition
724 1095 35 21 till
781 1096 64 20 nästa

92 1131 111 27 landtdag.
235 1131 99 21 Orsaken
357 1131 76 21 härtill
457 1133 24 19 är
505 1131 7 21 i
528 1131 92 21 främsta
636 1133 93 19 rummet
746 1131 49 27 den,
812 1132 34 19 att

93 1167 225 27 Björneborgsbanan,
335 1167 91 21 oaktadt
442 1167 43 21 alla
502 1167 51 21 dess
566 1166 101 22 lofvande
678 1167 100 27 utsigter,
790 1166 56 21 dock

93 1205 26 19 är
141 1209 28 15 en
191 1203 57 21 bana
271 1203 24 21 af
316 1203 154 22 företrädesvis
494 1203 60 21 lokal
577 1205 71 25 natur,
666 1209 27 15 en
707 1203 57 21 bana
780 1202 65 21 hvars

93 1238 131 27 verkningar
245 1239 48 21 icke
309 1239 86 21 komme
411 1240 34 20 att
461 1239 113 21 utsträcka
590 1239 33 26 sig
639 1238 59 22 öfver
713 1239 71 26 nägon
800 1237 47 22 vid-

93 1274 122 22 sträcktare
231 1274 36 22 del
283 1275 24 21 af
321 1275 81 21 landet.
426 1274 30 22 Af
466 1275 42 21 den
520 1275 90 21 anförda
621 1273 226 23 rentabilitetsberäk-

94 1310 81 27 ningen
197 1310 96 27 framgär
316 1310 62 22 äfven
398 1312 34 20 att
446 1310 85 22 banans
545 1311 157 27 jenomgäende
718 1309 65 22 trafik
798 1310 49 21 icke

92 1348 25 19 är
132 1346 24 21 af
170 1348 69 19 större
255 1346 112 27 betydelse
384 1346 40 21 och
440 1348 34 20 att
494 1352 28 16 en
534 1348 47 20 stor
601 1346 35 22 del
652 1345 24 23 af
690 1346 129 21 densamma
835 1351 11 15 e

93 1381 124 27 egentligen
233 1384 24 19 är
273 1383 71 26 nägon
359 1388 28 21 ny
404 1382 75 27 sädan,
496 1388 47 16 som
559 1381 24 22 af
594 1382 72 22 denna
676 1382 56 21 bana
743 1380 105 22 framkal-

93 1417 40 27 las,
156 1419 53 19 utan
225 1424 27 15 en
274 1418 69 21 sådan
358 1424 47 15 som
422 1417 112 22 allaredan
550 1418 41 22 och
606 1418 37 21 det
659 1418 84 26 ganska
758 1416 36 22 väl
809 1416 38 22 be-

94 1453 72 27 tjenas
189 1453 24 21 af
234 1448 47 27 Äbo
298 1453 78 22 banan.
408 1453 104 22 Deremot
536 1455 25 20 är
576 1454 42 21 den
634 1453 73 22 lokala
727 1452 94 22 trafiken
836 1453 13 21 &

165 1494 197 26 Jernvägsutskottets
378 1496 118 20 betänkande
511 1494 42 22 N:o
569 1497 18 19 3.
