1061 1717
232 98 13 20 4
406 98 249 23 Petitionsbetänkande
671 98 37 22 N:o
725 96 34 23 22.

203 162 86 24 tillfälle
311 165 39 27 att,
365 164 29 28 pä
409 165 45 21 sätt
468 164 8 22 i
491 164 141 22 förenämnda
647 165 13 26 $
676 163 25 23 af
713 164 26 21 L.
755 163 26 22 O.
797 163 90 27 åsyftas,
903 162 58 22 med-

203 199 68 21 verka
290 198 33 22 till
336 198 113 28 lösningen
464 198 26 22 af
504 199 26 21 de
544 198 39 23 vid
596 198 177 23 ständermötena
787 196 174 24 förekommande

202 232 82 29 frägor.
313 233 85 22 Endast
417 233 27 22 de
463 234 235 27 styrelsemedlemmar,
715 232 75 23 hvilka
809 232 87 22 tillhöra
910 231 52 22 Rid-

205 267 117 28 derskapet
337 268 38 22 och
389 268 71 22 Adeln
476 270 56 20 samt
547 270 38 20 äro
600 268 7 22 i
621 268 88 22 tillfälle
725 269 34 20 att
775 267 88 28 deltaga
878 267 7 21 i
901 266 61 22 detta

203 302 78 22 ständs
296 302 198 28 öfverläggningar,
516 302 109 23 äfvensom
641 303 27 22 de
683 302 26 22 af
722 302 151 27 ofrälseständ,
888 301 74 22 hvilka

203 336 146 28 tilläfventyrs
370 338 72 22 kunde
462 337 69 23 blifva
552 338 88 22 invalde
661 338 9 21 i
694 337 192 28 Borgareständet,
902 335 60 23 äro
949 331 17 38 i

204 370 87 24 tillfälle
314 373 33 21 att
368 371 116 23 framhålla
507 372 26 22 de
553 373 141 27 synpunkter,
710 378 45 16 som
773 372 46 22 ledt
834 371 128 28 regeringen

205 406 37 22 vid
252 406 154 23 utarbetandet
414 406 24 22 af
444 407 127 28 lagförslag,
581 407 75 22 hvilka
664 413 77 22 genom
749 406 82 28 nädiga
839 405 124 29 propositio-

203 447 40 16 ner
257 441 152 23 öfverlemnats
424 442 34 22 till
466 442 179 28 grundlagsenlig
655 441 135 28 behandling
801 441 25 22 af
834 441 128 22 Ständerna.

274 476 64 22 Utom
361 477 37 22 det
420 479 33 20 att
471 477 150 22 erfarenheten
636 476 50 22 frän
702 476 69 22 andra
785 475 178 23 konstitutionela

205 511 75 27 stater,
289 511 65 22 äfven
362 511 83 22 sädana
454 511 38 22 der
500 518 27 15 en
535 514 50 19 rent
592 511 183 28 parlamentarisk
783 511 92 27 styrelse
883 510 48 22 icke
939 512 25 19 är

205 544 78 29 införd,
307 546 40 22 och
368 546 105 22 särskildt
495 547 50 21 vårt
568 548 74 20 vestra
656 545 114 29 granland,
786 545 82 28 tydligt
882 545 81 27 adaga-

205 579 78 29 lägger
297 580 121 23 fördelarne
433 581 25 22 af
472 581 148 22 ministrarnes
636 580 134 28 deltagande
785 580 8 21 i
808 580 103 22 debatten
926 579 38 22 vid

205 614 159 29 lagförslagens
386 615 133 28 behandling
541 616 56 21 inom
619 615 208 28 representationen,
850 614 62 23 torde
927 614 37 21 det

207 649 65 22 äfven
286 650 39 22 hos
340 657 33 16 oss
388 651 66 22 hafva
470 651 58 22 visat
542 651 41 28 sig,
599 652 34 21 att
648 651 38 22 det
700 650 139 22 uteslutande
853 649 111 28 skriftliga

206 683 219 30 förhandlingssättet
446 686 171 22 statsmakterna
639 685 92 22 emellan
753 685 48 22 icke
821 687 25 19 är
867 684 97 28 tillfylles

207 720 53 21 utan
276 719 8 22 i
299 719 66 23 behof
384 720 26 22 af
430 727 27 15 en
478 720 174 28 komplettering..
686 720 75 27 Nägot
783 721 68 20 annat
873 721 44 20 sätt
932 720 34 20 att

207 753 149 23 ästadkomma
379 755 41 22 den
445 755 129 28 ytterligare
596 754 115 28 belysning
735 754 25 21 af
780 760 27 15 en
829 753 65 28 fräga
915 753 49 22 frän

206 788 141 29 regeringens
368 789 54 27 sida,
442 789 82 23 hvaraf
538 789 49 22 icke
609 789 70 22 sällan
694 791 66 26 göras
775 788 70 28 behof,
863 791 26 19 än
904 795 61 20 rege-

206 823 236 28 ringsmedlemmarnes
466 824 131 28 deltagande
616 824 8 21 i
644 824 104 22 ständens
765 823 198 28 öfverläggningar,

207 857 62 28 läter,
285 858 69 28 enligt
368 859 118 22 utskottets
500 859 93 28 mening,
609 859 48 22 icke
672 865 70 21 gerna
756 859 69 21 tänka
839 857 41 28 sig.

275 892 134 29 Visserligen
431 896 37 19 äro
488 893 27 22 de
529 893 102 28 politiska
646 893 167 22 förhållandena
827 893 38 22 hos
881 899 33 15 oss
928 894 37 20 vä-

206 927 109 28 sentligen
344 927 118 23 afvikande
490 927 50 22 från
569 928 69 21 andra
665 927 180 22 konstitutionela
872 927 92 27 länders,

207 962 66 22 äfven
288 962 46 22 deri
349 964 33 20 att
397 963 140 27 regeringens
552 963 138 22 medlemmar
699 962 50 23 icke
759 962 207 28 öfverhufvudtaget

207 997 75 22 kunna
296 999 65 26 sägas
378 1003 55 16 vara
447 997 65 22 ledda
520 997 24 22 af
549 1003 159 22 gemensamma
717 997 108 28 principer
833 999 56 20 samt
897 998 33 21 att
938 997 28 22 de

208 1031 77 23 utöfva
299 1031 33 22 sin
347 1031 147 28 tjenstgöring
508 1032 28 27 pä
552 1032 58 21 olika
626 1033 64 20 orter.
714 1031 119 28 Sjelffallet
847 1033 31 26 är,
887 1033 33 20 att
928 1031 38 22 vid

208 1065 81 23 sädant
310 1065 135 23 förhällande
468 1066 289 28 regeringsmedlemmarnes
777 1066 98 22 tillträde
890 1066 33 22 till
938 1066 27 21 de

208 1100 73 23 skilda
302 1101 104 22 ständens
427 1101 174 22 sammanträden
620 1101 48 22 icke
690 1101 45 22 kan
753 1100 68 23 hafva
835 1107 81 16 samma
930 1101 35 22 be-

208 1135 91 28 tydelse,
307 1141 45 16 som
366 1135 148 23 ministrarnes
525 1136 131 28 deltagande
666 1136 33 22 uti
709 1135 256 28 folkrepresentationens

207 1169 166 29 förhandlingar
386 1170 9 22 i
404 1171 179 22 konstitutionela
592 1172 70 21 stater
671 1171 50 22 med
731 1170 153 28 institutioner,
893 1171 73 21 bättre

207 1205 101 28 lämpade
329 1204 35 23 för
386 1211 26 16 en
434 1205 63 28 dylik
515 1205 146 22 vexelverkan
683 1205 80 22 mellan
781 1205 131 28 regeringen
927 1205 39 22 och

208 1239 206 28 representationen.
437 1240 51 21 Men
503 1246 32 15 om
551 1240 39 21 ock
605 1239 124 23 fördelarne
744 1239 48 22 icke
807 1240 79 27 kunna,
897 1239 8 22 i
918 1246 48 21 syn-

208 1274 78 22 nerhet
307 1274 34 22 till
362 1281 27 15 en
411 1274 83 28 början,
516 1274 69 22 blifva
600 1275 139 27 synnerligen
755 1277 64 25 stora,
835 1274 61 22 torde
912 1274 55 22 dock

208 1309 290 28 regeringsmedlemmarnes
506 1309 130 28 deltagande
644 1309 8 21 i
660 1309 105 22 ständens
774 1309 193 28 öfverläggningar

209 1344 48 22 icke
279 1343 70 23 blifva
370 1344 46 22 helt
438 1344 40 21 och
500 1344 67 21 hållet
581 1344 146 26 resultatiöst;
745 1344 39 21 och
799 1344 40 21 har
854 1344 36 21 det
906 1345 60 26 synts

209 1379 108 22 utskottet
339 1380 34 20 att
392 1378 65 23 äfven
472 1378 26 22 de
513 1378 87 28 ringare
615 1378 102 28 fördelar,
733 1385 46 15 som
793 1378 103 28 möjligen
911 1378 55 22 häri-

209 1420 78 22 genom
299 1413 74 22 kunna
388 1413 70 27 ernäs,
474 1413 54 21 böra
541 1412 161 29 tillvaratagas.

278 1453 138 23 Lagutskottets
428 1452 117 18 betänkande
557 1453 36 17 N:o
604 1454 16 17 9.
