1061 1717
285 96 239 25 Petitionsbetänkande
539 96 41 24 N:o
598 96 34 22 10.
795 96 13 22 7

87 168 69 25 vägen
171 166 34 21 till
220 167 33 21 ett
268 165 174 27 förverkligande
458 167 52 19 utan
527 166 33 20 att
576 164 122 22 Ständerna
713 164 51 26 taga
773 162 66 22 saken

88 208 34 15 om
139 202 64 21 hand.

162 238 62 21 Hvad
240 238 47 21 åter
303 238 67 26 angår
386 237 37 21 det
438 236 24 22 af
476 236 146 28 petitionären
638 236 79 22 väckta
735 234 105 29 förslaget

89 275 33 20 att
145 274 99 26 kunskap
268 273 7 21 i
298 273 116 21 hälsovård
434 272 68 22 borde
518 272 114 22 efterhand
648 272 7 21 i
672 272 41 22 den
730 273 50 21 mån
796 271 45 22 till-

90 310 57 27 gång
169 310 29 26 på
219 308 155 23 lärarekrafter
397 309 43 21 kan
463 308 83 28 vinnas,
570 314 78 22 genom
668 308 114 22 skolornas
798 307 42 22 för-

91 345 96 27 medling
210 345 93 27 spridas,
326 345 40 21 har
388 345 59 21 inom
468 344 109 22 utshottet
598 344 130 22 tvifvelsmål
749 344 92 22 uttalats

91 380 133 22 beträffande
235 381 155 27 lämpligheten
400 380 23 22 af
432 382 34 20 att
476 380 7 22 i
495 380 113 22 skolornas
619 380 99 28 läroplan
728 380 70 22 införa
809 381 32 20 ett

90 418 49 26 nytt
157 417 116 22 läroämne.
306 416 76 22 Likväl
398 416 63 22 torde
478 417 37 21 det
530 416 193 28 behjärtansvärda
740 416 101 28 syftemå-

90 453 31 22 let
136 454 33 20 att
185 453 171 27 skolungdomen
372 452 82 22 erhölle
470 453 71 27 någon
557 452 100 27 kunskap
669 453 6 21 i
687 452 154 22 hälsovårdens

91 489 94 27 grunder
204 489 81 27 kunna,
307 490 53 20 utan
381 490 33 20 att
430 489 41 21 den
487 488 118 22 bestående
620 488 127 27 läroplanen
764 488 77 22 under-

91 525 103 22 kastades
209 525 70 27 någon
300 524 114 27 rubbning,
436 524 76 22 vinnas
533 525 67 21 redan
617 524 126 28 därigenom
759 525 34 21 att
808 523 34 22 till

91 561 42 21 den
149 560 160 28 framställning
324 560 24 22 af
356 560 225 27 människokroppens
592 560 101 27 byggnad
704 561 39 21 och
755 560 87 21 förrätt-

90 596 85 27 ningar,
192 603 45 15 som
254 596 62 27 ingår
332 597 7 21 i
355 597 41 21 den
413 597 124 21 nuvarande
549 596 86 22 'kursen
651 596 7 21 i
674 596 91 27 zoologi,
784 595 58 28 foga-

93 633 37 21 des
159 631 61 23 äfven
246 632 134 21 hälsolärans
409 631 101 22 element.
536 632 115 22 Utskottet
674 631 37 22 vill
734 632 107 27 härjemte

91 669 86 27 påpeka
192 670 33 20 att
240 669 123 27 framdeles,
380 669 66 21 sedan
462 668 310 28 gymnastikundervisningen
788 667 55 22 efter

92 704 179 28 genomförandet
294 704 23 22 af
339 705 41 21 den
404 704 133 27 förbättring
560 705 109 21 utskottet
691 704 6 21 i
713 703 40 22 sitt
768 703 75 22 betän-

92 741 71 21 kande
186 747 35 15 n:o
245 741 12 21 7
281 739 48 23 haft
352 742 52 20 äran
421 739 87 28 föreslå,
525 740 6 21 i
548 740 43 21 alla
607 740 86 22 landets
709 739 74 22 skolor
799 745 44 16 om-

92 776 150 27 händertagits
259 775 24 22 af
297 776 50 21 fullt
370 776 141 27 kompetente
533 776 78 27 lärare,
633 776 41 21 den
690 775 89 22 fordran
794 775 50 21 med

93 813 48 21 skäl
165 812 55 22 skall
244 813 74 21 kunna
333 813 28 26 på
377 813 64 21 dessa
457 812 76 22 ställas
549 814 34 20 att
598 812 101 22 eleverna
714 812 7 21 i
739 811 105 22 samband

93 849 50 22 med
159 849 27 21 de
205 848 149 28 gymnastiska
373 848 129 27 öfningarna
517 848 56 28 finge
590 848 23 22 af
628 849 48 21 dem
694 848 97 22 inhemta
806 849 38 20 nö-

95 885 50 27 diga
161 884 139 27 anvisningar
315 885 91 21 rörande
422 885 125 26 grunderna
562 884 34 21 för
611 885 109 26 kroppens
736 885 53 21 värd
805 883 40 22 och

95 920 90 22 skötsel.
201 933 29 2 -—
245 920 80 21 Vidare
342 920 62 21 torde
420 920 126 22 ändamälet
565 919 68 28 enligt
657 921 120 21 utskottets
801 926 44 15 me-

95 956 53 27 ning
163 956 73 21 kunna
258 955 88 28 främjas
363 955 62 22 äfven
442 956 126 27 därigenom
585 957 33 20 att
634 956 6 21 i
652 955 156 23 läroböckerna
818 957 29 26 pä

95 992 154 22 modersmålet
265 993 32 20 ett
313 991 52 22 eller
380 993 68 20 annat
463 992 83 27 kapitel
560 992 94 27 egnades
666 993 22 20 åt
704 992 61 22 detta
776 994 70 19 ämne.

171 1027 38 22 Ett
225 1027 33 22 för
271 1027 134 28 syftemälets
417 1028 109 21 ernäende
538 1028 47 21 icke
596 1027 92 28 ovigtigt
702 1027 78 28 medel,
792 1027 55 22 hvil-

95 1064 38 21 ket
155 1064 72 21 kunde
245 1063 145 27 komplettera
412 1064 56 21 hvad
484 1070 77 21 genom
585 1064 112 21 skolornas
713 1063 85 28 försorg
813 1065 34 20 ut-

96 1101 76 26 rättas,
188 1106 50 15 vore
254 1099 103 28 slutligen
373 1099 127 28 spridandet
516 1099 24 22 af
554 1100 70 27 enkla,
636 1099 62 22 äfven
714 1100 33 21 för
763 1099 85 27 menige

96 1142 51 15 man
168 1135 113 28 afpassade
297 1135 95 28 skrifter,
410 1135 154 22 innehällande
579 1135 114 28 praktiska
709 1135 139 28 anvisningar

97 1171 39 22 och
152 1171 39 22 räd
207 1171 134 22 beträffande
356 1171 136 22 hälsolärans
508 1171 184 28 hufvudgrunder.

171 1208 42 21 För
229 1207 44 22 alla
296 1207 64 22 dessa
375 1207 177 28 önskningsmäls
569 1207 174 28 förverkligande
757 1209 46 20 tror
814 1209 34 20 ut-

98 1243 83 22 skottet
204 1243 121 22 emellertid
341 1245 32 20 ett
389 1243 204 22 ständeruttalande
610 1243 47 22 icke
680 1249 51 16 vara
754 1243 95 22 nödvän-

99 1279 52 27 digt,
168 1280 53 21 utan
244 1279 61 22 torde
327 1279 103 27 lämpliga
446 1279 102 27 ätgärder
563 1279 75 22 kunna
652 1286 78 21 genom
746 1279 103 23 vederbö-

97 1315 68 21 rande
180 1315 161 27 myndigheters
362 1315 85 27 försorg
463 1314 112 23 förväntas
591 1315 66 22 sedan
674 1316 84 28 engäng
773 1316 76 27 frägan

97 1350 72 22 blifvit
185 1350 90 23 föremäl
292 1350 33 22 för
340 1351 202 27 uppmärksamhet.

173 1386 31 22 Pä
227 1386 58 27 gund
306 1386 24 22 af
343 1386 56 22 hvad
416 1386 64 22 ofvan
492 1386 74 22 blifvit
581 1386 88 22 anfördt
684 1387 39 21 och
739 1386 8 22 i
763 1387 87 22 betrak-

99 1422 66 22 tande
181 1422 23 21 af
218 1424 33 20 att
266 1422 77 27 frågan
359 1428 34 16 om
410 1422 136 22 inrättandet
561 1422 24 22 af
598 1429 27 15 en
636 1422 90 22 lärostol
747 1423 7 21 i
772 1423 79 27 hygien

175 1464 106 20 Allmänna
297 1465 183 20 Besvärsutskottets
496 1465 117 20 betänkande
629 1464 41 22 N:o
686 1466 18 20 9.
