<?xml version="1.0" encoding="UTF-8"?>
<alto xmlns="http://www.loc.gov/standards/alto/ns-v3#" xmlns:xlink="http://www.w3.org/1999/xlink" xmlns:xsi="http://www.w3.org/2001/XMLSchema-instance" xsi:schemaLocation="http://www.loc.gov/standards/alto/ns-v3# http://www.loc.gov/alto/v3/alto-3-0.xsd">
	<Description>
		<MeasurementUnit>pixel</MeasurementUnit>
		<sourceImageInformation>
			<fileName>/tmp/tess_rg0jg17x_input.PNG</fileName>
		</sourceImageInformation>
		<OCRProcessing ID="OCR_0">
			<ocrProcessingStep>
				<processingSoftware>
					<softwareName>tesseract 5.3.4</softwareName>
				</processingSoftware>
			</ocrProcessingStep>
		</OCRProcessing>
	</Description>
	<Layout>
		<Page WIDTH="1061" HEIGHT="1717" PHYSICAL_IMG_NR="0" ID="page_0">
			<PrintSpace HPOS="0" VPOS="0" WIDTH="1061" HEIGHT="1717">
				<ComposedBlock ID="cblock_0" HPOS="310" VPOS="92" WIDTH="514" HEIGHT="25">
					<TextBlock ID="block_0" HPOS="310" VPOS="92" WIDTH="514" HEIGHT="25">
						<TextLine ID="line_0" HPOS="310" VPOS="92" WIDTH="514" HEIGHT="25">
							<String ID="string_0" HPOS="310" VPOS="92" WIDTH="243" HEIGHT="25" WC="0.85" CONTENT="Petitionsbetänkande"/><SP WIDTH="8" VPOS="92" HPOS="553"/>
							<String ID="string_1" HPOS="561" VPOS="94" WIDTH="45" HEIGHT="22" WC="0.81" CONTENT="N:o:"/><SP WIDTH="10" VPOS="94" HPOS="606"/>
							<String ID="string_2" HPOS="616" VPOS="92" WIDTH="39" HEIGHT="24" WC="0.89" CONTENT="20."/><SP WIDTH="156" VPOS="92" HPOS="655"/>
							<String ID="string_3" HPOS="811" VPOS="94" WIDTH="13" HEIGHT="21" WC="0.93" CONTENT="7"/>
						</TextLine>
					</TextBlock>
				</ComposedBlock>
				<ComposedBlock ID="cblock_1" HPOS="107" VPOS="158" WIDTH="752" HEIGHT="529">
					<TextBlock ID="block_1" HPOS="107" VPOS="158" WIDTH="752" HEIGHT="529">
						<TextLine ID="line_1" HPOS="107" VPOS="158" WIDTH="749" HEIGHT="29">
							<String ID="string_4" HPOS="107" VPOS="159" WIDTH="30" HEIGHT="26" WC="0.93" CONTENT="på"/><SP WIDTH="7" VPOS="159" HPOS="137"/>
							<String ID="string_5" HPOS="144" VPOS="158" WIDTH="65" HEIGHT="28" WC="0.92" CONTENT="sjette"/><SP WIDTH="7" VPOS="158" HPOS="209"/>
							<String ID="string_6" HPOS="216" VPOS="158" WIDTH="110" HEIGHT="24" WC="0.91" CONTENT="allmänna"/><SP WIDTH="7" VPOS="158" HPOS="326"/>
							<String ID="string_7" HPOS="333" VPOS="159" WIDTH="242" HEIGHT="28" WC="0.89" CONTENT="folkskolelärarmötet,"/><SP WIDTH="6" VPOS="159" HPOS="575"/>
							<String ID="string_8" HPOS="581" VPOS="160" WIDTH="28" HEIGHT="22" WC="0.95" CONTENT="då"/><SP WIDTH="7" VPOS="160" HPOS="609"/>
							<String ID="string_9" HPOS="616" VPOS="159" WIDTH="84" HEIGHT="27" WC="0.95" CONTENT="frågan,"/><SP WIDTH="5" VPOS="159" HPOS="700"/>
							<String ID="string_10" HPOS="705" VPOS="158" WIDTH="108" HEIGHT="22" WC="0.96" CONTENT="huruvida"/><SP WIDTH="6" VPOS="158" HPOS="813"/>
							<String ID="string_11" HPOS="819" VPOS="158" WIDTH="37" HEIGHT="22" WC="0.96" CONTENT="det"/>
						</TextLine>
						<TextLine ID="line_2" HPOS="108" VPOS="194" WIDTH="749" HEIGHT="29">
							<String ID="string_12" HPOS="108" VPOS="194" WIDTH="19" HEIGHT="27" WC="0.96" CONTENT="ej"/><SP WIDTH="12" VPOS="194" HPOS="127"/>
							<String ID="string_13" HPOS="139" VPOS="200" WIDTH="51" HEIGHT="16" WC="0.93" CONTENT="vore"/><SP WIDTH="15" VPOS="200" HPOS="190"/>
							<String ID="string_14" HPOS="205" VPOS="194" WIDTH="119" HEIGHT="22" WC="0.92" CONTENT="önskvärdt"/><SP WIDTH="15" VPOS="194" HPOS="324"/>
							<String ID="string_15" HPOS="339" VPOS="196" WIDTH="40" HEIGHT="21" WC="0.96" CONTENT="och"/><SP WIDTH="15" VPOS="196" HPOS="379"/>
							<String ID="string_16" HPOS="394" VPOS="195" WIDTH="101" HEIGHT="28" WC="0.96" CONTENT="lämpligt"/><SP WIDTH="14" VPOS="195" HPOS="495"/>
							<String ID="string_17" HPOS="509" VPOS="197" WIDTH="34" HEIGHT="20" WC="0.96" CONTENT="att"/><SP WIDTH="14" VPOS="197" HPOS="543"/>
							<String ID="string_18" HPOS="557" VPOS="196" WIDTH="113" HEIGHT="26" WC="0.96" CONTENT="transport"/><SP WIDTH="14" VPOS="196" HPOS="670"/>
							<String ID="string_19" HPOS="684" VPOS="194" WIDTH="48" HEIGHT="22" WC="0.96" CONTENT="från"/><SP WIDTH="16" VPOS="194" HPOS="732"/>
							<String ID="string_20" HPOS="748" VPOS="200" WIDTH="27" HEIGHT="16" WC="0.96" CONTENT="en"/><SP WIDTH="13" VPOS="200" HPOS="775"/>
							<String ID="string_21" HPOS="788" VPOS="194" WIDTH="69" HEIGHT="27" WC="0.96" CONTENT="tjänst"/>
						</TextLine>
						<TextLine ID="line_3" HPOS="107" VPOS="229" WIDTH="749" HEIGHT="29">
							<String ID="string_22" HPOS="107" VPOS="229" WIDTH="35" HEIGHT="21" WC="0.96" CONTENT="till"/><SP WIDTH="15" VPOS="229" HPOS="142"/>
							<String ID="string_23" HPOS="157" VPOS="236" WIDTH="27" HEIGHT="15" WC="0.96" CONTENT="en"/><SP WIDTH="15" VPOS="236" HPOS="184"/>
							<String ID="string_24" HPOS="199" VPOS="236" WIDTH="73" HEIGHT="17" WC="0.94" CONTENT="annan"/><SP WIDTH="15" VPOS="236" HPOS="272"/>
							<String ID="string_25" HPOS="287" VPOS="230" WIDTH="71" HEIGHT="22" WC="0.96" CONTENT="skulle"/><SP WIDTH="16" VPOS="230" HPOS="358"/>
							<String ID="string_26" HPOS="374" VPOS="231" WIDTH="39" HEIGHT="21" WC="0.96" CONTENT="ske"/><SP WIDTH="15" VPOS="231" HPOS="413"/>
							<String ID="string_27" HPOS="428" VPOS="232" WIDTH="28" HEIGHT="26" WC="0.96" CONTENT="pä"/><SP WIDTH="15" VPOS="232" HPOS="456"/>
							<String ID="string_28" HPOS="471" VPOS="230" WIDTH="100" HEIGHT="23" WC="0.96" CONTENT="bestämd"/><SP WIDTH="14" VPOS="230" HPOS="571"/>
							<String ID="string_29" HPOS="585" VPOS="230" WIDTH="34" HEIGHT="22" WC="0.97" CONTENT="tid"/><SP WIDTH="15" VPOS="230" HPOS="619"/>
							<String ID="string_30" HPOS="634" VPOS="230" WIDTH="25" HEIGHT="22" WC="0.93" CONTENT="af"/><SP WIDTH="13" VPOS="230" HPOS="659"/>
							<String ID="string_31" HPOS="672" VPOS="231" WIDTH="55" HEIGHT="27" WC="0.93" CONTENT="året,"/><SP WIDTH="16" VPOS="231" HPOS="727"/>
							<String ID="string_32" HPOS="743" VPOS="232" WIDTH="16" HEIGHT="19" WC="0.93" CONTENT="t."/><SP WIDTH="12" VPOS="232" HPOS="759"/>
							<String ID="string_33" HPOS="771" VPOS="236" WIDTH="32" HEIGHT="16" WC="0.96" CONTENT="ex."/><SP WIDTH="16" VPOS="236" HPOS="803"/>
							<String ID="string_34" HPOS="819" VPOS="229" WIDTH="37" HEIGHT="22" WC="0.96" CONTENT="vid"/>
						</TextLine>
						<TextLine ID="line_4" HPOS="107" VPOS="265" WIDTH="752" HEIGHT="29">
							<String ID="string_35" HPOS="107" VPOS="265" WIDTH="104" HEIGHT="22" WC="0.92" CONTENT="läseärets"/><SP WIDTH="16" VPOS="265" HPOS="211"/>
							<String ID="string_36" HPOS="227" VPOS="266" WIDTH="51" HEIGHT="28" WC="0.93" CONTENT="slut,"/><SP WIDTH="15" VPOS="266" HPOS="278"/>
							<String ID="string_37" HPOS="293" VPOS="268" WIDTH="94" HEIGHT="26" WC="0.93" CONTENT="upptogs"/><SP WIDTH="15" VPOS="268" HPOS="387"/>
							<String ID="string_38" HPOS="402" VPOS="266" WIDTH="35" HEIGHT="22" WC="0.93" CONTENT="till"/><SP WIDTH="15" VPOS="266" HPOS="437"/>
							<String ID="string_39" HPOS="452" VPOS="266" WIDTH="131" HEIGHT="28" WC="0.92" CONTENT="diskussion,"/><SP WIDTH="16" VPOS="266" HPOS="583"/>
							<String ID="string_40" HPOS="599" VPOS="266" WIDTH="44" HEIGHT="22" WC="0.96" CONTENT="alla"/><SP WIDTH="14" VPOS="266" HPOS="643"/>
							<String ID="string_41" HPOS="657" VPOS="266" WIDTH="136" HEIGHT="21" WC="0.93" CONTENT="närvarande"/><SP WIDTH="15" VPOS="266" HPOS="793"/>
							<String ID="string_42" HPOS="808" VPOS="271" WIDTH="51" HEIGHT="21" WC="0.89" CONTENT="syn-"/>
						</TextLine>
						<TextLine ID="line_5" HPOS="107" VPOS="300" WIDTH="749" HEIGHT="29">
							<String ID="string_43" HPOS="107" VPOS="302" WIDTH="34" HEIGHT="20" WC="0.89" CONTENT="tes:"/><SP WIDTH="15" VPOS="302" HPOS="141"/>
							<String ID="string_44" HPOS="156" VPOS="307" WIDTH="51" HEIGHT="16" WC="0.93" CONTENT="vara"/><SP WIDTH="15" VPOS="307" HPOS="207"/>
							<String ID="string_45" HPOS="222" VPOS="301" WIDTH="98" HEIGHT="28" WC="0.92" CONTENT="benägna"/><SP WIDTH="15" VPOS="301" HPOS="320"/>
							<String ID="string_46" HPOS="335" VPOS="301" WIDTH="33" HEIGHT="23" WC="0.96" CONTENT="för"/><SP WIDTH="16" VPOS="301" HPOS="368"/>
							<String ID="string_47" HPOS="384" VPOS="304" WIDTH="34" HEIGHT="20" WC="0.93" CONTENT="att"/><SP WIDTH="12" VPOS="304" HPOS="418"/>
							<String ID="string_48" HPOS="430" VPOS="302" WIDTH="95" HEIGHT="27" WC="0.92" CONTENT="jakande"/><SP WIDTH="14" VPOS="302" HPOS="525"/>
							<String ID="string_49" HPOS="539" VPOS="302" WIDTH="92" HEIGHT="22" WC="0.92" CONTENT="besvara"/><SP WIDTH="15" VPOS="302" HPOS="631"/>
							<String ID="string_50" HPOS="646" VPOS="302" WIDTH="133" HEIGHT="22" WC="0.92" CONTENT="densamma."/><SP WIDTH="31" VPOS="302" HPOS="779"/>
							<String ID="string_51" HPOS="810" VPOS="300" WIDTH="46" HEIGHT="23" WC="0.96" CONTENT="Och"/>
						</TextLine>
						<TextLine ID="line_6" HPOS="108" VPOS="336" WIDTH="749" HEIGHT="29">
							<String ID="string_52" HPOS="108" VPOS="343" WIDTH="35" HEIGHT="21" WC="0.92" CONTENT="om"/><SP WIDTH="22" VPOS="343" HPOS="143"/>
							<String ID="string_53" HPOS="165" VPOS="338" WIDTH="65" HEIGHT="21" WC="0.90" CONTENT="ocksä"/><SP WIDTH="15" VPOS="338" HPOS="230"/>
							<String ID="string_54" HPOS="245" VPOS="338" WIDTH="60" HEIGHT="22" WC="0.93" CONTENT="detta"/><SP WIDTH="15" VPOS="338" HPOS="305"/>
							<String ID="string_55" HPOS="320" VPOS="338" WIDTH="114" HEIGHT="22" WC="0.93" CONTENT="utlätande"/><SP WIDTH="16" VPOS="338" HPOS="434"/>
							<String ID="string_56" HPOS="450" VPOS="338" WIDTH="20" HEIGHT="27" WC="0.93" CONTENT="ej"/><SP WIDTH="17" VPOS="338" HPOS="470"/>
							<String ID="string_57" HPOS="487" VPOS="338" WIDTH="42" HEIGHT="23" WC="0.97" CONTENT="kan"/><SP WIDTH="16" VPOS="338" HPOS="529"/>
							<String ID="string_58" HPOS="545" VPOS="344" WIDTH="64" HEIGHT="16" WC="0.93" CONTENT="anses"/><SP WIDTH="15" VPOS="344" HPOS="609"/>
							<String ID="string_59" HPOS="624" VPOS="337" WIDTH="52" HEIGHT="22" WC="0.92" CONTENT="fullt"/><SP WIDTH="15" VPOS="337" HPOS="676"/>
							<String ID="string_60" HPOS="691" VPOS="336" WIDTH="125" HEIGHT="28" WC="0.92" CONTENT="afgörande,"/><SP WIDTH="17" VPOS="336" HPOS="816"/>
							<String ID="string_61" HPOS="833" VPOS="338" WIDTH="24" HEIGHT="20" WC="0.97" CONTENT="är"/>
						</TextLine>
						<TextLine ID="line_7" HPOS="108" VPOS="372" WIDTH="748" HEIGHT="29">
							<String ID="string_62" HPOS="108" VPOS="372" WIDTH="38" HEIGHT="22" WC="0.95" CONTENT="det"/><SP WIDTH="20" VPOS="372" HPOS="146"/>
							<String ID="string_63" HPOS="166" VPOS="373" WIDTH="55" HEIGHT="21" WC="0.93" CONTENT="dock"/><SP WIDTH="20" VPOS="373" HPOS="221"/>
							<String ID="string_64" HPOS="241" VPOS="373" WIDTH="106" HEIGHT="28" WC="0.92" CONTENT="naturligt"/><SP WIDTH="15" VPOS="373" HPOS="347"/>
							<String ID="string_65" HPOS="362" VPOS="375" WIDTH="33" HEIGHT="20" WC="0.93" CONTENT="att"/><SP WIDTH="15" VPOS="375" HPOS="395"/>
							<String ID="string_66" HPOS="410" VPOS="374" WIDTH="54" HEIGHT="22" WC="0.92" CONTENT="hvar"/><SP WIDTH="15" VPOS="374" HPOS="464"/>
							<String ID="string_67" HPOS="479" VPOS="374" WIDTH="40" HEIGHT="22" WC="0.96" CONTENT="och"/><SP WIDTH="15" VPOS="374" HPOS="519"/>
							<String ID="string_68" HPOS="534" VPOS="380" WIDTH="33" HEIGHT="20" WC="0.96" CONTENT="en,"/><SP WIDTH="17" VPOS="380" HPOS="567"/>
							<String ID="string_69" HPOS="584" VPOS="380" WIDTH="46" HEIGHT="16" WC="0.93" CONTENT="som"/><SP WIDTH="16" VPOS="380" HPOS="630"/>
							<String ID="string_70" HPOS="646" VPOS="374" WIDTH="160" HEIGHT="26" WC="0.91" CONTENT="samvetsgrant"/><SP WIDTH="16" VPOS="374" HPOS="806"/>
							<String ID="string_71" HPOS="822" VPOS="374" WIDTH="34" HEIGHT="20" WC="0.92" CONTENT="sö-"/>
						</TextLine>
						<TextLine ID="line_8" HPOS="108" VPOS="408" WIDTH="750" HEIGHT="29">
							<String ID="string_72" HPOS="108" VPOS="408" WIDTH="39" HEIGHT="22" WC="0.92" CONTENT="ker"/><SP WIDTH="24" VPOS="408" HPOS="147"/>
							<String ID="string_73" HPOS="171" VPOS="408" WIDTH="62" HEIGHT="22" WC="0.91" CONTENT="sköta"/><SP WIDTH="23" VPOS="408" HPOS="233"/>
							<String ID="string_74" HPOS="256" VPOS="409" WIDTH="39" HEIGHT="21" WC="0.93" CONTENT="sitt"/><SP WIDTH="22" VPOS="409" HPOS="295"/>
							<String ID="string_75" HPOS="317" VPOS="409" WIDTH="123" HEIGHT="28" WC="0.91" CONTENT="lärarekall,"/><SP WIDTH="21" VPOS="409" HPOS="440"/>
							<String ID="string_76" HPOS="461" VPOS="411" WIDTH="81" HEIGHT="26" WC="0.91" CONTENT="ogärna"/><SP WIDTH="20" VPOS="411" HPOS="542"/>
							<String ID="string_77" HPOS="562" VPOS="410" WIDTH="40" HEIGHT="21" WC="0.97" CONTENT="och"/><SP WIDTH="15" VPOS="410" HPOS="602"/>
							<String ID="string_78" HPOS="617" VPOS="410" WIDTH="79" HEIGHT="21" WC="0.96" CONTENT="endast"/><SP WIDTH="14" VPOS="410" HPOS="696"/>
							<String ID="string_79" HPOS="710" VPOS="408" WIDTH="25" HEIGHT="22" WC="0.93" CONTENT="af"/><SP WIDTH="12" VPOS="408" HPOS="735"/>
							<String ID="string_80" HPOS="747" VPOS="408" WIDTH="111" HEIGHT="27" WC="0.89" CONTENT="nödtväng"/>
						</TextLine>
						<TextLine ID="line_9" HPOS="109" VPOS="444" WIDTH="749" HEIGHT="28">
							<String ID="string_81" HPOS="109" VPOS="444" WIDTH="69" HEIGHT="21" WC="0.93" CONTENT="under"/><SP WIDTH="14" VPOS="444" HPOS="178"/>
							<String ID="string_82" HPOS="192" VPOS="444" WIDTH="95" HEIGHT="23" WC="0.92" CONTENT="läseäret"/><SP WIDTH="9" VPOS="444" HPOS="287"/>
							<String ID="string_83" HPOS="296" VPOS="444" WIDTH="97" HEIGHT="28" WC="0.92" CONTENT="afbryter"/><SP WIDTH="13" VPOS="444" HPOS="393"/>
							<String ID="string_84" HPOS="406" VPOS="445" WIDTH="34" HEIGHT="22" WC="0.93" CONTENT="sin"/><SP WIDTH="10" VPOS="445" HPOS="440"/>
							<String ID="string_85" HPOS="450" VPOS="445" WIDTH="145" HEIGHT="22" WC="0.92" CONTENT="värksamhet."/><SP WIDTH="17" VPOS="445" HPOS="595"/>
							<String ID="string_86" HPOS="612" VPOS="445" WIDTH="44" HEIGHT="21" WC="0.97" CONTENT="För"/><SP WIDTH="10" VPOS="445" HPOS="656"/>
							<String ID="string_87" HPOS="666" VPOS="445" WIDTH="64" HEIGHT="21" WC="0.93" CONTENT="dessa"/><SP WIDTH="10" VPOS="445" HPOS="730"/>
							<String ID="string_88" HPOS="740" VPOS="444" WIDTH="118" HEIGHT="22" WC="0.92" CONTENT="ätmistone"/>
						</TextLine>
						<TextLine ID="line_10" HPOS="109" VPOS="479" WIDTH="749" HEIGHT="29">
							<String ID="string_89" HPOS="109" VPOS="486" WIDTH="51" HEIGHT="16" WC="0.92" CONTENT="vore"/><SP WIDTH="11" VPOS="486" HPOS="160"/>
							<String ID="string_90" HPOS="171" VPOS="481" WIDTH="52" HEIGHT="22" WC="0.93" CONTENT="utan"/><SP WIDTH="16" VPOS="481" HPOS="223"/>
							<String ID="string_91" HPOS="239" VPOS="480" WIDTH="74" HEIGHT="23" WC="0.93" CONTENT="tvifvel"/><SP WIDTH="15" VPOS="480" HPOS="313"/>
							<String ID="string_92" HPOS="328" VPOS="487" WIDTH="27" HEIGHT="16" WC="0.93" CONTENT="en"/><SP WIDTH="15" VPOS="487" HPOS="355"/>
							<String ID="string_93" HPOS="370" VPOS="480" WIDTH="127" HEIGHT="28" WC="0.92" CONTENT="förordning"/><SP WIDTH="15" VPOS="480" HPOS="497"/>
							<String ID="string_94" HPOS="512" VPOS="481" WIDTH="148" HEIGHT="27" WC="0.92" CONTENT="kärkommen,"/><SP WIDTH="12" VPOS="481" HPOS="660"/>
							<String ID="string_95" HPOS="672" VPOS="487" WIDTH="46" HEIGHT="15" WC="0.93" CONTENT="som"/><SP WIDTH="11" VPOS="487" HPOS="718"/>
							<String ID="string_96" HPOS="729" VPOS="481" WIDTH="86" HEIGHT="26" WC="0.93" CONTENT="engäng"/><SP WIDTH="9" VPOS="481" HPOS="815"/>
							<String ID="string_97" HPOS="824" VPOS="479" WIDTH="34" HEIGHT="22" WC="0.96" CONTENT="för"/>
						</TextLine>
						<TextLine ID="line_11" HPOS="109" VPOS="515" WIDTH="748" HEIGHT="29">
							<String ID="string_98" HPOS="109" VPOS="515" WIDTH="44" HEIGHT="22" WC="0.96" CONTENT="alla"/><SP WIDTH="20" VPOS="515" HPOS="153"/>
							<String ID="string_99" HPOS="173" VPOS="517" WIDTH="70" HEIGHT="22" WC="0.96" CONTENT="skulle"/><SP WIDTH="22" VPOS="517" HPOS="243"/>
							<String ID="string_100" HPOS="265" VPOS="519" WIDTH="53" HEIGHT="25" WC="0.96" CONTENT="göra"/><SP WIDTH="20" VPOS="519" HPOS="318"/>
							<String ID="string_101" HPOS="338" VPOS="517" WIDTH="44" HEIGHT="21" WC="0.96" CONTENT="slut"/><SP WIDTH="15" VPOS="517" HPOS="382"/>
							<String ID="string_102" HPOS="397" VPOS="518" WIDTH="29" HEIGHT="26" WC="0.93" CONTENT="pä"/><SP WIDTH="15" VPOS="518" HPOS="426"/>
							<String ID="string_103" HPOS="441" VPOS="517" WIDTH="82" HEIGHT="22" WC="0.96" CONTENT="sådana"/><SP WIDTH="14" VPOS="517" HPOS="523"/>
							<String ID="string_104" HPOS="537" VPOS="517" WIDTH="104" HEIGHT="27" WC="0.96" CONTENT="plötsliga"/><SP WIDTH="15" VPOS="517" HPOS="641"/>
							<String ID="string_105" HPOS="656" VPOS="516" WIDTH="128" HEIGHT="28" WC="0.96" CONTENT="flyttningar"/><SP WIDTH="15" VPOS="516" HPOS="784"/>
							<String ID="string_106" HPOS="799" VPOS="516" WIDTH="58" HEIGHT="21" WC="0.96" CONTENT="inom"/>
						</TextLine>
						<TextLine ID="line_12" HPOS="109" VPOS="551" WIDTH="749" HEIGHT="24">
							<String ID="string_107" HPOS="109" VPOS="551" WIDTH="123" HEIGHT="23" WC="0.95" CONTENT="folkskolan"/><SP WIDTH="15" VPOS="551" HPOS="232"/>
							<String ID="string_108" HPOS="247" VPOS="553" WIDTH="40" HEIGHT="21" WC="0.93" CONTENT="och"/><SP WIDTH="15" VPOS="553" HPOS="287"/>
							<String ID="string_109" HPOS="302" VPOS="552" WIDTH="70" HEIGHT="23" WC="0.96" CONTENT="befria"/><SP WIDTH="15" VPOS="552" HPOS="372"/>
							<String ID="string_110" HPOS="387" VPOS="553" WIDTH="49" HEIGHT="22" WC="0.93" CONTENT="dem"/><SP WIDTH="16" VPOS="553" HPOS="436"/>
							<String ID="string_111" HPOS="452" VPOS="552" WIDTH="48" HEIGHT="22" WC="0.96" CONTENT="från"/><SP WIDTH="16" VPOS="552" HPOS="500"/>
							<String ID="string_112" HPOS="516" VPOS="553" WIDTH="41" HEIGHT="22" WC="0.97" CONTENT="den"/><SP WIDTH="15" VPOS="553" HPOS="557"/>
							<String ID="string_113" HPOS="572" VPOS="552" WIDTH="46" HEIGHT="23" WC="0.92" CONTENT="ofta"/><SP WIDTH="15" VPOS="552" HPOS="618"/>
							<String ID="string_114" HPOS="633" VPOS="552" WIDTH="120" HEIGHT="22" WC="0.92" CONTENT="ledsamma"/><SP WIDTH="10" VPOS="552" HPOS="753"/>
							<String ID="string_115" HPOS="763" VPOS="552" WIDTH="95" HEIGHT="21" WC="0.92" CONTENT="nödvän-"/>
						</TextLine>
						<TextLine ID="line_13" HPOS="109" VPOS="587" WIDTH="748" HEIGHT="29">
							<String ID="string_116" HPOS="109" VPOS="587" WIDTH="103" HEIGHT="27" WC="0.90" CONTENT="digheten"/><SP WIDTH="15" VPOS="587" HPOS="212"/>
							<String ID="string_117" HPOS="227" VPOS="590" WIDTH="34" HEIGHT="19" WC="0.93" CONTENT="att"/><SP WIDTH="16" VPOS="590" HPOS="261"/>
							<String ID="string_118" HPOS="277" VPOS="588" WIDTH="120" HEIGHT="22" WC="0.91" CONTENT="äsidosätta"/><SP WIDTH="16" VPOS="588" HPOS="397"/>
							<String ID="string_119" HPOS="413" VPOS="588" WIDTH="88" HEIGHT="22" WC="0.93" CONTENT="skolans"/><SP WIDTH="16" VPOS="588" HPOS="501"/>
							<String ID="string_120" HPOS="517" VPOS="588" WIDTH="70" HEIGHT="23" WC="0.92" CONTENT="fördel"/><SP WIDTH="15" VPOS="588" HPOS="587"/>
							<String ID="string_121" HPOS="602" VPOS="595" WIDTH="78" HEIGHT="21" WC="0.96" CONTENT="genom"/><SP WIDTH="16" VPOS="595" HPOS="680"/>
							<String ID="string_122" HPOS="696" VPOS="589" WIDTH="33" HEIGHT="21" WC="0.96" CONTENT="att"/><SP WIDTH="11" VPOS="589" HPOS="729"/>
							<String ID="string_123" HPOS="740" VPOS="588" WIDTH="73" HEIGHT="21" WC="0.96" CONTENT="lämna"/><SP WIDTH="11" VPOS="588" HPOS="813"/>
							<String ID="string_124" HPOS="824" VPOS="587" WIDTH="33" HEIGHT="21" WC="0.96" CONTENT="sin"/>
						</TextLine>
						<TextLine ID="line_14" HPOS="109" VPOS="623" WIDTH="750" HEIGHT="28">
							<String ID="string_125" HPOS="109" VPOS="623" WIDTH="57" HEIGHT="27" WC="0.90" CONTENT="plats"/><SP WIDTH="23" VPOS="623" HPOS="166"/>
							<String ID="string_126" HPOS="189" VPOS="624" WIDTH="56" HEIGHT="21" WC="0.92" CONTENT="midt"/><SP WIDTH="22" VPOS="624" HPOS="245"/>
							<String ID="string_127" HPOS="267" VPOS="625" WIDTH="69" HEIGHT="21" WC="0.93" CONTENT="under"/><SP WIDTH="20" VPOS="625" HPOS="336"/>
							<String ID="string_128" HPOS="356" VPOS="624" WIDTH="100" HEIGHT="27" WC="0.89" CONTENT="läseäret,"/><SP WIDTH="22" VPOS="624" HPOS="456"/>
							<String ID="string_129" HPOS="478" VPOS="624" WIDTH="78" HEIGHT="22" WC="0.96" CONTENT="endast"/><SP WIDTH="15" VPOS="624" HPOS="556"/>
							<String ID="string_130" HPOS="571" VPOS="624" WIDTH="34" HEIGHT="22" WC="0.96" CONTENT="för"/><SP WIDTH="15" VPOS="624" HPOS="605"/>
							<String ID="string_131" HPOS="620" VPOS="626" WIDTH="34" HEIGHT="20" WC="0.93" CONTENT="att"/><SP WIDTH="16" VPOS="626" HPOS="654"/>
							<String ID="string_132" HPOS="670" VPOS="623" WIDTH="84" HEIGHT="23" WC="0.92" CONTENT="erhälla"/><SP WIDTH="19" VPOS="623" HPOS="754"/>
							<String ID="string_133" HPOS="773" VPOS="629" WIDTH="27" HEIGHT="16" WC="0.93" CONTENT="en"/><SP WIDTH="16" VPOS="629" HPOS="800"/>
							<String ID="string_134" HPOS="816" VPOS="623" WIDTH="43" HEIGHT="22" WC="0.93" CONTENT="för-"/>
						</TextLine>
						<TextLine ID="line_15" HPOS="110" VPOS="658" WIDTH="225" HEIGHT="29">
							<String ID="string_135" HPOS="110" VPOS="658" WIDTH="135" HEIGHT="29" WC="0.88" CONTENT="delaktigare"/><SP WIDTH="15" VPOS="658" HPOS="245"/>
							<String ID="string_136" HPOS="260" VPOS="660" WIDTH="75" HEIGHT="27" WC="0.96" CONTENT="tjänst."/>
						</TextLine>
					</TextBlock>
				</ComposedBlock>
				<ComposedBlock ID="cblock_2" HPOS="111" VPOS="707" WIDTH="749" HEIGHT="136">
					<TextBlock ID="block_2" HPOS="111" VPOS="707" WIDTH="749" HEIGHT="136">
						<TextLine ID="line_16" HPOS="179" VPOS="707" WIDTH="680" HEIGHT="28">
							<String ID="string_137" HPOS="179" VPOS="707" WIDTH="62" HEIGHT="22" WC="0.96" CONTENT="Hvad"/><SP WIDTH="18" VPOS="707" HPOS="241"/>
							<String ID="string_138" HPOS="259" VPOS="707" WIDTH="102" HEIGHT="28" WC="0.96" CONTENT="slutligen"/><SP WIDTH="15" VPOS="707" HPOS="361"/>
							<String ID="string_139" HPOS="376" VPOS="707" WIDTH="104" HEIGHT="23" WC="0.94" CONTENT="beträffar"/><SP WIDTH="15" VPOS="707" HPOS="480"/>
							<String ID="string_140" HPOS="495" VPOS="708" WIDTH="42" HEIGHT="22" WC="0.93" CONTENT="den"/><SP WIDTH="15" VPOS="708" HPOS="537"/>
							<String ID="string_141" HPOS="552" VPOS="708" WIDTH="110" HEIGHT="27" WC="0.95" CONTENT="tidpunkt,"/><SP WIDTH="16" VPOS="708" HPOS="662"/>
							<String ID="string_142" HPOS="678" VPOS="714" WIDTH="46" HEIGHT="15" WC="0.96" CONTENT="som"/><SP WIDTH="16" VPOS="714" HPOS="724"/>
							<String ID="string_143" HPOS="740" VPOS="707" WIDTH="67" HEIGHT="22" WC="0.93" CONTENT="borde"/><SP WIDTH="16" VPOS="707" HPOS="807"/>
							<String ID="string_144" HPOS="823" VPOS="707" WIDTH="36" HEIGHT="22" WC="0.92" CONTENT="be-"/>
						</TextLine>
						<TextLine ID="line_17" HPOS="111" VPOS="743" WIDTH="748" HEIGHT="29">
							<String ID="string_145" HPOS="111" VPOS="744" WIDTH="102" HEIGHT="21" WC="0.92" CONTENT="stämmas"/><SP WIDTH="10" VPOS="744" HPOS="213"/>
							<String ID="string_146" HPOS="223" VPOS="743" WIDTH="40" HEIGHT="22" WC="0.93" CONTENT="för"/><SP WIDTH="15" VPOS="743" HPOS="263"/>
							<String ID="string_147" HPOS="278" VPOS="743" WIDTH="189" HEIGHT="26" WC="0.84" CONTENT="folkskolelärares"/><SP WIDTH="16" VPOS="743" HPOS="467"/>
							<String ID="string_148" HPOS="483" VPOS="743" WIDTH="107" HEIGHT="29" WC="0.95" CONTENT="flyttning,"/><SP WIDTH="13" VPOS="743" HPOS="590"/>
							<String ID="string_149" HPOS="603" VPOS="744" WIDTH="40" HEIGHT="21" WC="0.93" CONTENT="har"/><SP WIDTH="13" VPOS="744" HPOS="643"/>
							<String ID="string_150" HPOS="656" VPOS="743" WIDTH="121" HEIGHT="23" WC="0.93" CONTENT="utskottets"/><SP WIDTH="15" VPOS="743" HPOS="777"/>
							<String ID="string_151" HPOS="792" VPOS="743" WIDTH="67" HEIGHT="27" WC="0.90" CONTENT="majo-"/>
						</TextLine>
						<TextLine ID="line_18" HPOS="111" VPOS="778" WIDTH="749" HEIGHT="30">
							<String ID="string_152" HPOS="111" VPOS="779" WIDTH="52" HEIGHT="22" WC="0.92" CONTENT="ritet"/><SP WIDTH="15" VPOS="779" HPOS="163"/>
							<String ID="string_153" HPOS="178" VPOS="778" WIDTH="85" HEIGHT="23" WC="0.96" CONTENT="förenat"/><SP WIDTH="15" VPOS="778" HPOS="263"/>
							<String ID="string_154" HPOS="278" VPOS="779" WIDTH="33" HEIGHT="28" WC="0.96" CONTENT="sig"/><SP WIDTH="16" VPOS="779" HPOS="311"/>
							<String ID="string_155" HPOS="327" VPOS="786" WIDTH="35" HEIGHT="15" WC="0.96" CONTENT="om"/><SP WIDTH="16" VPOS="786" HPOS="362"/>
							<String ID="string_156" HPOS="378" VPOS="780" WIDTH="38" HEIGHT="22" WC="0.96" CONTENT="det"/><SP WIDTH="15" VPOS="780" HPOS="416"/>
							<String ID="string_157" HPOS="431" VPOS="779" WIDTH="89" HEIGHT="29" WC="0.95" CONTENT="förslag,"/><SP WIDTH="15" VPOS="779" HPOS="520"/>
							<String ID="string_158" HPOS="535" VPOS="787" WIDTH="46" HEIGHT="15" WC="0.93" CONTENT="som"/><SP WIDTH="17" VPOS="787" HPOS="581"/>
							<String ID="string_159" HPOS="598" VPOS="779" WIDTH="121" HEIGHT="23" WC="0.92" CONTENT="framstälts"/><SP WIDTH="17" VPOS="779" HPOS="719"/>
							<String ID="string_160" HPOS="736" VPOS="780" WIDTH="6" HEIGHT="21" WC="0.96" CONTENT="i"/><SP WIDTH="17" VPOS="780" HPOS="742"/>
							<String ID="string_161" HPOS="759" VPOS="780" WIDTH="42" HEIGHT="21" WC="0.93" CONTENT="den"/><SP WIDTH="16" VPOS="780" HPOS="801"/>
							<String ID="string_162" HPOS="817" VPOS="779" WIDTH="43" HEIGHT="22" WC="0.93" CONTENT="för-"/>
						</TextLine>
						<TextLine ID="line_19" HPOS="111" VPOS="814" WIDTH="367" HEIGHT="29">
							<String ID="string_163" HPOS="111" VPOS="816" WIDTH="35" HEIGHT="20" WC="0.96" CONTENT="sta"/><SP WIDTH="15" VPOS="816" HPOS="146"/>
							<String ID="string_164" HPOS="161" VPOS="814" WIDTH="24" HEIGHT="22" WC="0.93" CONTENT="af"/><SP WIDTH="13" VPOS="814" HPOS="185"/>
							<String ID="string_165" HPOS="198" VPOS="814" WIDTH="141" HEIGHT="23" WC="0.92" CONTENT="förevarande"/><SP WIDTH="15" VPOS="814" HPOS="339"/>
							<String ID="string_166" HPOS="354" VPOS="815" WIDTH="124" HEIGHT="28" WC="0.91" CONTENT="petitioner."/>
						</TextLine>
					</TextBlock>
				</ComposedBlock>
				<ComposedBlock ID="cblock_3" HPOS="111" VPOS="862" WIDTH="749" HEIGHT="100">
					<TextBlock ID="block_3" HPOS="111" VPOS="862" WIDTH="749" HEIGHT="100">
						<TextLine ID="line_20" HPOS="179" VPOS="862" WIDTH="681" HEIGHT="29">
							<String ID="string_167" HPOS="179" VPOS="862" WIDTH="32" HEIGHT="22" WC="0.92" CONTENT="Pä"/><SP WIDTH="22" VPOS="862" HPOS="211"/>
							<String ID="string_168" HPOS="233" VPOS="863" WIDTH="70" HEIGHT="27" WC="0.96" CONTENT="grund"/><SP WIDTH="20" VPOS="863" HPOS="303"/>
							<String ID="string_169" HPOS="323" VPOS="862" WIDTH="24" HEIGHT="23" WC="0.96" CONTENT="af"/><SP WIDTH="15" VPOS="862" HPOS="347"/>
							<String ID="string_170" HPOS="362" VPOS="863" WIDTH="36" HEIGHT="22" WC="0.93" CONTENT="det"/><SP WIDTH="16" VPOS="863" HPOS="398"/>
							<String ID="string_171" HPOS="414" VPOS="863" WIDTH="131" HEIGHT="28" WC="0.92" CONTENT="ofvansagda"/><SP WIDTH="15" VPOS="863" HPOS="545"/>
							<String ID="string_172" HPOS="560" VPOS="863" WIDTH="33" HEIGHT="22" WC="0.93" CONTENT="fär"/><SP WIDTH="16" VPOS="863" HPOS="593"/>
							<String ID="string_173" HPOS="609" VPOS="863" WIDTH="109" HEIGHT="22" WC="0.93" CONTENT="utskottet"/><SP WIDTH="16" VPOS="863" HPOS="718"/>
							<String ID="string_174" HPOS="734" VPOS="865" WIDTH="54" HEIGHT="19" WC="0.91" CONTENT="äran"/><SP WIDTH="16" VPOS="865" HPOS="788"/>
							<String ID="string_175" HPOS="804" VPOS="862" WIDTH="56" HEIGHT="22" WC="0.93" CONTENT="före-"/>
						</TextLine>
						<TextLine ID="line_21" HPOS="111" VPOS="897" WIDTH="749" HEIGHT="29">
							<String ID="string_176" HPOS="111" VPOS="897" WIDTH="39" HEIGHT="28" WC="0.92" CONTENT="slä,"/><SP WIDTH="25" VPOS="897" HPOS="150"/>
							<String ID="string_177" HPOS="175" VPOS="900" WIDTH="32" HEIGHT="19" WC="0.93" CONTENT="att"/><SP WIDTH="22" VPOS="900" HPOS="207"/>
							<String ID="string_178" HPOS="229" VPOS="898" WIDTH="86" HEIGHT="22" WC="0.92" CONTENT="landets"/><SP WIDTH="16" VPOS="898" HPOS="315"/>
							<String ID="string_179" HPOS="331" VPOS="898" WIDTH="116" HEIGHT="28" WC="0.88" CONTENT="höglofliga"/><SP WIDTH="15" VPOS="898" HPOS="447"/>
							<String ID="string_180" HPOS="462" VPOS="898" WIDTH="93" HEIGHT="23" WC="0.93" CONTENT="Ständer"/><SP WIDTH="20" VPOS="898" HPOS="555"/>
							<String ID="string_181" HPOS="575" VPOS="899" WIDTH="51" HEIGHT="23" WC="0.93" CONTENT="ville"/><SP WIDTH="15" VPOS="899" HPOS="626"/>
							<String ID="string_182" HPOS="641" VPOS="898" WIDTH="76" HEIGHT="23" WC="0.92" CONTENT="förena"/><SP WIDTH="15" VPOS="898" HPOS="717"/>
							<String ID="string_183" HPOS="732" VPOS="898" WIDTH="35" HEIGHT="27" WC="0.96" CONTENT="sig"/><SP WIDTH="15" VPOS="898" HPOS="767"/>
							<String ID="string_184" HPOS="782" VPOS="904" WIDTH="34" HEIGHT="16" WC="0.96" CONTENT="om"/><SP WIDTH="17" VPOS="904" HPOS="816"/>
							<String ID="string_185" HPOS="833" VPOS="904" WIDTH="27" HEIGHT="15" WC="0.95" CONTENT="en"/>
						</TextLine>
						<TextLine ID="line_22" HPOS="111" VPOS="933" WIDTH="341" HEIGHT="29">
							<String ID="string_186" HPOS="111" VPOS="933" WIDTH="135" HEIGHT="28" WC="0.91" CONTENT="underdänig"/><SP WIDTH="15" VPOS="933" HPOS="246"/>
							<String ID="string_187" HPOS="261" VPOS="934" WIDTH="93" HEIGHT="27" WC="0.92" CONTENT="petition"/><SP WIDTH="16" VPOS="934" HPOS="354"/>
							<String ID="string_188" HPOS="370" VPOS="935" WIDTH="82" HEIGHT="27" WC="0.93" CONTENT="därom,"/>
						</TextLine>
					</TextBlock>
				</ComposedBlock>
				<ComposedBlock ID="cblock_4" HPOS="250" VPOS="983" WIDTH="613" HEIGHT="283">
					<TextBlock ID="block_4" HPOS="250" VPOS="983" WIDTH="613" HEIGHT="283">
						<TextLine ID="line_23" HPOS="289" VPOS="983" WIDTH="572" HEIGHT="33">
							<String ID="string_189" HPOS="289" VPOS="983" WIDTH="34" HEIGHT="26" WC="0.96" CONTENT="att"/><SP WIDTH="21" VPOS="983" HPOS="323"/>
							<String ID="string_190" HPOS="344" VPOS="987" WIDTH="65" HEIGHT="22" WC="0.93" CONTENT="Hans"/><SP WIDTH="17" VPOS="987" HPOS="409"/>
							<String ID="string_191" HPOS="426" VPOS="987" WIDTH="126" HEIGHT="29" WC="0.91" CONTENT="Kejserliga"/><SP WIDTH="17" VPOS="987" HPOS="552"/>
							<String ID="string_192" HPOS="569" VPOS="987" WIDTH="105" HEIGHT="28" WC="0.93" CONTENT="Majestät"/><SP WIDTH="14" VPOS="987" HPOS="674"/>
							<String ID="string_193" HPOS="688" VPOS="987" WIDTH="9" HEIGHT="22" WC="0.93" CONTENT="i"/><SP WIDTH="15" VPOS="987" HPOS="697"/>
							<String ID="string_194" HPOS="712" VPOS="986" WIDTH="75" HEIGHT="23" WC="0.91" CONTENT="Näder"/><SP WIDTH="16" VPOS="986" HPOS="787"/>
							<String ID="string_195" HPOS="803" VPOS="986" WIDTH="58" HEIGHT="22" WC="0.91" CONTENT="täck-"/>
						</TextLine>
						<TextLine ID="line_24" HPOS="254" VPOS="1021" WIDTH="607" HEIGHT="31">
							<String ID="string_196" HPOS="254" VPOS="1024" WIDTH="31" HEIGHT="21" WC="0.93" CONTENT="tes"/><SP WIDTH="16" VPOS="1024" HPOS="285"/>
							<String ID="string_197" HPOS="301" VPOS="1023" WIDTH="118" HEIGHT="28" WC="0.85" CONTENT="förordna,"/><SP WIDTH="23" VPOS="1023" HPOS="419"/>
							<String ID="string_198" HPOS="442" VPOS="1025" WIDTH="32" HEIGHT="20" WC="0.93" CONTENT="att"/><SP WIDTH="15" VPOS="1025" HPOS="474"/>
							<String ID="string_199" HPOS="489" VPOS="1023" WIDTH="104" HEIGHT="29" WC="0.96" CONTENT="rättighet"/><SP WIDTH="14" VPOS="1023" HPOS="593"/>
							<String ID="string_200" HPOS="607" VPOS="1022" WIDTH="46" HEIGHT="23" WC="0.93" CONTENT="icke"/><SP WIDTH="15" VPOS="1022" HPOS="653"/>
							<String ID="string_201" HPOS="668" VPOS="1022" WIDTH="122" HEIGHT="29" WC="0.91" CONTENT="medgäfves"/><SP WIDTH="9" VPOS="1022" HPOS="790"/>
							<String ID="string_202" HPOS="799" VPOS="1021" WIDTH="62" HEIGHT="28" WC="0.87" CONTENT="folk-"/>
						</TextLine>
						<TextLine ID="line_25" HPOS="253" VPOS="1057" WIDTH="610" HEIGHT="30">
							<String ID="string_203" HPOS="253" VPOS="1058" WIDTH="119" HEIGHT="23" WC="0.95" CONTENT="skollärare"/><SP WIDTH="24" VPOS="1058" HPOS="372"/>
							<String ID="string_204" HPOS="396" VPOS="1060" WIDTH="33" HEIGHT="21" WC="0.93" CONTENT="att"/><SP WIDTH="23" VPOS="1060" HPOS="429"/>
							<String ID="string_205" HPOS="452" VPOS="1058" WIDTH="83" HEIGHT="29" WC="0.92" CONTENT="ombyta"/><SP WIDTH="28" VPOS="1058" HPOS="535"/>
							<String ID="string_206" HPOS="563" VPOS="1059" WIDTH="69" HEIGHT="28" WC="0.95" CONTENT="tjänst"/><SP WIDTH="25" VPOS="1059" HPOS="632"/>
							<String ID="string_207" HPOS="657" VPOS="1058" WIDTH="59" HEIGHT="23" WC="0.93" CONTENT="inom"/><SP WIDTH="16" VPOS="1058" HPOS="716"/>
							<String ID="string_208" HPOS="732" VPOS="1057" WIDTH="131" HEIGHT="28" WC="0.94" CONTENT="folkskolan"/>
						</TextLine>
						<TextLine ID="line_26" HPOS="250" VPOS="1093" WIDTH="613" HEIGHT="30">
							<String ID="string_209" HPOS="250" VPOS="1095" WIDTH="32" HEIGHT="26" WC="0.94" CONTENT="pä"/><SP WIDTH="23" VPOS="1095" HPOS="282"/>
							<String ID="string_210" HPOS="305" VPOS="1101" WIDTH="77" HEIGHT="16" WC="0.94" CONTENT="annan"/><SP WIDTH="20" VPOS="1101" HPOS="382"/>
							<String ID="string_211" HPOS="402" VPOS="1095" WIDTH="34" HEIGHT="22" WC="0.95" CONTENT="tid"/><SP WIDTH="17" VPOS="1095" HPOS="436"/>
							<String ID="string_212" HPOS="453" VPOS="1097" WIDTH="31" HEIGHT="20" WC="0.96" CONTENT="än"/><SP WIDTH="18" VPOS="1097" HPOS="484"/>
							<String ID="string_213" HPOS="502" VPOS="1095" WIDTH="41" HEIGHT="22" WC="0.96" CONTENT="den"/><SP WIDTH="15" VPOS="1095" HPOS="543"/>
							<String ID="string_214" HPOS="558" VPOS="1095" WIDTH="13" HEIGHT="22" WC="0.96" CONTENT="1"/><SP WIDTH="16" VPOS="1095" HPOS="571"/>
							<String ID="string_215" HPOS="587" VPOS="1094" WIDTH="102" HEIGHT="29" WC="0.93" CONTENT="Augusti,"/><SP WIDTH="15" VPOS="1094" HPOS="689"/>
							<String ID="string_216" HPOS="704" VPOS="1093" WIDTH="111" HEIGHT="28" WC="0.92" CONTENT="äfvensom"/><SP WIDTH="16" VPOS="1093" HPOS="815"/>
							<String ID="string_217" HPOS="831" VPOS="1095" WIDTH="32" HEIGHT="21" WC="0.94" CONTENT="att"/>
						</TextLine>
						<TextLine ID="line_27" HPOS="254" VPOS="1129" WIDTH="608" HEIGHT="30">
							<String ID="string_218" HPOS="254" VPOS="1129" WIDTH="108" HEIGHT="23" WC="0.92" CONTENT="direktion"/><SP WIDTH="15" VPOS="1129" HPOS="362"/>
							<String ID="string_219" HPOS="377" VPOS="1130" WIDTH="37" HEIGHT="22" WC="0.93" CONTENT="vid"/><SP WIDTH="14" VPOS="1130" HPOS="414"/>
							<String ID="string_220" HPOS="428" VPOS="1131" WIDTH="70" HEIGHT="22" WC="0.90" CONTENT="sädan"/><SP WIDTH="6" VPOS="1131" HPOS="498"/>
							<String ID="string_221" HPOS="504" VPOS="1130" WIDTH="116" HEIGHT="29" WC="0.92" CONTENT="folkskola,"/><SP WIDTH="11" VPOS="1130" HPOS="620"/>
							<String ID="string_222" HPOS="631" VPOS="1137" WIDTH="45" HEIGHT="15" WC="0.93" CONTENT="som"/><SP WIDTH="13" VPOS="1137" HPOS="676"/>
							<String ID="string_223" HPOS="689" VPOS="1130" WIDTH="99" HEIGHT="28" WC="0.92" CONTENT="ätnjuter"/><SP WIDTH="9" VPOS="1130" HPOS="788"/>
							<String ID="string_224" HPOS="797" VPOS="1131" WIDTH="65" HEIGHT="20" WC="0.92" CONTENT="stats-"/>
						</TextLine>
						<TextLine ID="line_28" HPOS="254" VPOS="1165" WIDTH="609" HEIGHT="30">
							<String ID="string_225" HPOS="254" VPOS="1166" WIDTH="123" HEIGHT="27" WC="0.93" CONTENT="understöd,"/><SP WIDTH="20" VPOS="1166" HPOS="377"/>
							<String ID="string_226" HPOS="397" VPOS="1166" WIDTH="47" HEIGHT="22" WC="0.91" CONTENT="icke"/><SP WIDTH="18" VPOS="1166" HPOS="444"/>
							<String ID="string_227" HPOS="462" VPOS="1166" WIDTH="141" HEIGHT="29" WC="0.90" CONTENT="berättigades"/><SP WIDTH="16" VPOS="1166" HPOS="603"/>
							<String ID="string_228" HPOS="619" VPOS="1167" WIDTH="33" HEIGHT="21" WC="0.93" CONTENT="att"/><SP WIDTH="15" VPOS="1167" HPOS="652"/>
							<String ID="string_229" HPOS="667" VPOS="1165" WIDTH="55" HEIGHT="29" WC="0.92" CONTENT="ledig"/><SP WIDTH="9" VPOS="1165" HPOS="722"/>
							<String ID="string_230" HPOS="731" VPOS="1165" WIDTH="132" HEIGHT="28" WC="0.90" CONTENT="folkskollä-"/>
						</TextLine>
						<TextLine ID="line_29" HPOS="253" VPOS="1201" WIDTH="610" HEIGHT="28">
							<String ID="string_231" HPOS="253" VPOS="1202" WIDTH="116" HEIGHT="27" WC="0.92" CONTENT="raretjenst"/><SP WIDTH="15" VPOS="1202" HPOS="369"/>
							<String ID="string_232" HPOS="384" VPOS="1202" WIDTH="134" HEIGHT="22" WC="0.93" CONTENT="ordinariter"/><SP WIDTH="14" VPOS="1202" HPOS="518"/>
							<String ID="string_233" HPOS="532" VPOS="1201" WIDTH="80" HEIGHT="23" WC="0.91" CONTENT="besätta"/><SP WIDTH="14" VPOS="1201" HPOS="612"/>
							<String ID="string_234" HPOS="626" VPOS="1202" WIDTH="36" HEIGHT="22" WC="0.96" CONTENT="vid"/><SP WIDTH="10" VPOS="1202" HPOS="662"/>
							<String ID="string_235" HPOS="672" VPOS="1208" WIDTH="77" HEIGHT="16" WC="0.93" CONTENT="annan"/><SP WIDTH="11" VPOS="1208" HPOS="749"/>
							<String ID="string_236" HPOS="760" VPOS="1201" WIDTH="103" HEIGHT="28" WC="0.91" CONTENT="tidpunkt"/>
						</TextLine>
						<TextLine ID="line_30" HPOS="254" VPOS="1237" WIDTH="348" HEIGHT="29">
							<String ID="string_237" HPOS="254" VPOS="1237" WIDTH="29" HEIGHT="28" WC="0.92" CONTENT="af"/><SP WIDTH="12" VPOS="1237" HPOS="283"/>
							<String ID="string_238" HPOS="295" VPOS="1238" WIDTH="51" HEIGHT="27" WC="0.95" CONTENT="året,"/><SP WIDTH="16" VPOS="1238" HPOS="346"/>
							<String ID="string_239" HPOS="362" VPOS="1240" WIDTH="30" HEIGHT="20" WC="0.96" CONTENT="än"/><SP WIDTH="16" VPOS="1240" HPOS="392"/>
							<String ID="string_240" HPOS="408" VPOS="1237" WIDTH="42" HEIGHT="23" WC="0.93" CONTENT="den"/><SP WIDTH="14" VPOS="1237" HPOS="450"/>
							<String ID="string_241" HPOS="464" VPOS="1237" WIDTH="138" HEIGHT="29" WC="0.81" CONTENT="ofvanämda."/>
						</TextLine>
					</TextBlock>
				</ComposedBlock>
				<ComposedBlock ID="cblock_5" HPOS="113" VPOS="1404" WIDTH="751" HEIGHT="63">
					<TextBlock ID="block_5" HPOS="113" VPOS="1404" WIDTH="751" HEIGHT="63">
						<TextLine ID="line_31" HPOS="187" VPOS="1404" WIDTH="677" HEIGHT="28">
							<String ID="string_242" HPOS="187" VPOS="1404" WIDTH="170" HEIGHT="28" WC="0.95" CONTENT="Helsingfors"/><SP WIDTH="24" VPOS="1404" HPOS="357"/>
							<String ID="string_243" HPOS="381" VPOS="1405" WIDTH="23" HEIGHT="22" WC="0.95" CONTENT="af"/><SP WIDTH="22" VPOS="1405" HPOS="404"/>
							<String ID="string_244" HPOS="426" VPOS="1404" WIDTH="110" HEIGHT="23" WC="0.92" CONTENT="allmänna"/><SP WIDTH="19" VPOS="1404" HPOS="536"/>
							<String ID="string_245" HPOS="555" VPOS="1404" WIDTH="198" HEIGHT="23" WC="0.65" CONTENT="besvärsutskottet"/><SP WIDTH="21" VPOS="1404" HPOS="753"/>
							<String ID="string_246" HPOS="774" VPOS="1404" WIDTH="43" HEIGHT="22" WC="0.96" CONTENT="den"/><SP WIDTH="19" VPOS="1404" HPOS="817"/>
							<String ID="string_247" HPOS="836" VPOS="1404" WIDTH="28" HEIGHT="22" WC="0.96" CONTENT="28"/>
						</TextLine>
						<TextLine ID="line_32" HPOS="113" VPOS="1439" WIDTH="553" HEIGHT="28">
							<String ID="string_248" HPOS="113" VPOS="1439" WIDTH="57" HEIGHT="28" WC="0.96" CONTENT="april"/><SP WIDTH="17" VPOS="1439" HPOS="170"/>
							<String ID="string_249" HPOS="187" VPOS="1440" WIDTH="64" HEIGHT="23" WC="0.96" CONTENT="1885."/><SP WIDTH="412" VPOS="1440" HPOS="251"/>
							<String ID="string_250" HPOS="663" VPOS="1439" WIDTH="3" HEIGHT="1" WC="0.16" CONTENT="|"/>
						</TextLine>
					</TextBlock>
				</ComposedBlock>
				<ComposedBlock ID="cblock_6" HPOS="189" VPOS="1486" WIDTH="538" HEIGHT="24">
					<TextBlock ID="block_6" HPOS="189" VPOS="1486" WIDTH="538" HEIGHT="24">
						<TextLine ID="line_33" HPOS="189" VPOS="1486" WIDTH="538" HEIGHT="24">
							<String ID="string_251" HPOS="189" VPOS="1488" WIDTH="106" HEIGHT="22" WC="0.93" CONTENT="Allmänna"/><SP WIDTH="14" VPOS="1488" HPOS="295"/>
							<String ID="string_252" HPOS="309" VPOS="1488" WIDTH="184" HEIGHT="22" WC="0.91" CONTENT="Besvärsutskottets"/><SP WIDTH="15" VPOS="1488" HPOS="493"/>
							<String ID="string_253" HPOS="508" VPOS="1488" WIDTH="116" HEIGHT="22" WC="0.96" CONTENT="betänkande"/><SP WIDTH="15" VPOS="1488" HPOS="624"/>
							<String ID="string_254" HPOS="639" VPOS="1486" WIDTH="41" HEIGHT="23" WC="0.95" CONTENT="N:o"/><SP WIDTH="15" VPOS="1486" HPOS="680"/>
							<String ID="string_255" HPOS="695" VPOS="1489" WIDTH="32" HEIGHT="20" WC="0.95" CONTENT="15."/>
						</TextLine>
					</TextBlock>
				</ComposedBlock>
			</PrintSpace>
		</Page>
	</Layout>
</alto>
