1061 1717
322 83 237 23 Petitionsbetänkande
575 84 37 22 N:o
627 84 21 22 4.
846 85 13 21 5

177 150 85 27 Frågan
274 156 34 15 om
319 150 135 22 inrättandet
465 150 23 21 af
498 152 31 20 ett
539 150 67 27 högre
616 150 160 28 finskspräkigt
786 150 73 21 landt-

106 185 157 22 bruksinstitut
279 186 6 21 i
301 187 48 21 vårt
364 186 52 22 land
431 186 41 22 har
486 187 68 21 redan
569 186 64 28 länge
650 188 55 20 stått
720 188 29 26 på
765 186 91 27 dagord-

107 222 79 27 ningen
207 222 40 21 och
268 223 24 20 år
310 222 48 21 från
374 223 24 20 år
414 222 39 21 har
468 222 103 22 behofvet
585 222 65 22 häraf
664 223 50 21 med
731 222 128 27 tilltagande

108 258 74 26 styrka
202 257 58 27 gjort
276 258 33 26 sig
324 258 107 26 gällande.
462 258 48 22 Den
526 258 111 27 betydliga
653 258 132 27 utveckling,
799 258 60 27 jord-

107 293 79 21 bruket
208 294 69 20 under
301 294 26 21 de
351 296 86 19 senaste
460 295 52 20 åren
535 294 40 21 hos
599 300 36 16 oss
657 296 28 25 på
706 296 79 25 många
801 295 58 19 orter

107 329 77 21 vunnit
207 330 57 20 samt
287 329 37 21 det
344 336 26 14 ur
388 329 52 22 flere
455 330 147 26 lyckosamma
618 331 25 20 år
658 330 143 27 framgångna
816 329 44 21 väl-

107 366 87 21 ståndet
216 364 65 22 hafva
301 364 122 22 förorsakat
444 367 33 19 att
498 366 41 21 den
560 364 159 23 finskatalande
735 365 124 22 befolknin-

107 408 42 20 gen
170 407 59 15 mera
250 403 27 19 än
298 400 58 22 förut
376 401 81 27 begynt
472 402 73 21 känna
563 402 66 21 behof
644 402 23 21 af
680 402 124 21 vidsträkta
819 401 39 21 och

107 437 114 27 grundliga
237 437 124 27 kunskaper
377 438 7 21 i
398 438 40 21 och
449 437 33 22 för
493 440 33 19 ett
536 437 172 28 framgångsrikt
718 437 141 22 bedrifvande

109 473 24 21 af
151 473 84 22 landets
256 473 166 28 hufvudnäring.
454 473 46 22 Allt
520 474 133 22 allmännare
669 473 74 27 börjar
760 473 40 22 ock
816 473 40 20 den

109 509 57 27 åsigt
185 509 66 21 vinna
271 509 146 27 erkännande,
439 511 33 20 att
488 511 32 20 ett
535 510 67 27 högre
617 509 158 28 finskspråkigt
789 509 72 21 landt-

108 545 156 21 bruksinstitut
280 545 108 27 oafvisligt
404 547 25 19 är
440 545 23 22 af
471 545 102 22 behofvet
583 546 120 27 påkalladt.
729 545 64 22 Olika
805 544 56 27 åsig-

109 583 34 19 ter
158 583 51 25 göra
225 581 34 26 sig
275 581 65 21 också
355 581 101 27 gällande
468 582 79 21 endast
557 582 112 27 angående
682 583 69 25 orten,
763 581 34 21 till
808 580 54 21 hvil-

110 617 42 21 ken
171 617 70 21 denna
256 623 41 21 nya
313 617 179 22 lärdomsanstalt
508 617 67 22 borde
592 617 115 28 förläggas.
740 617 35 21 Dä
791 616 71 21 landt-

110 652 163 22 brukaremötet
289 652 7 21 i
311 652 136 28 Helsingfors
463 654 67 21 vären
547 654 57 21 1883
621 655 83 25 upptog
719 653 71 21 denna
801 652 61 27 fräga

112 688 34 21 till
161 688 138 28 behandling,
315 689 97 27 medgafs
428 691 80 19 nästan
524 689 106 27 enhälligt
645 689 102 22 behofvet
758 688 24 22 af
791 695 26 15 en
829 689 33 20 sä-

113 725 41 20 dan
177 725 185 26 lärdomsanstalt,
387 725 68 21 ehuru
476 725 59 21 olika
551 725 128 22 uttalanden
696 732 34 15 om
747 726 50 21 dess
813 724 48 22 blif-

112 761 68 21 vande
199 761 110 26 placering
328 760 140 22 förekommo.
500 761 43 22 Det
563 761 92 27 utskott,
675 768 46 15 som
738 761 55 22 först
809 761 54 26 ägde

113 798 33 19 att
168 796 107 21 behandla
299 797 70 21 denna
385 796 67 28 fräga,
469 797 106 21 stadnade
591 797 109 26 nämligen
717 797 6 21 i
740 797 40 21 sitt
790 796 72 21 beslut

113 832 81 27 därvid,
216 833 33 20 att
270 834 32 19 ett
322 831 155 28 finskspräkigt
497 833 220 21 landtbruksinstitut
738 832 126 27 lämpligast

112 867 67 22 borde
200 867 108 28 förläggas
324 868 34 21 till
374 868 135 27 Kronoborg.
540 869 80 21 Mötets
636 868 113 27 pluralitet
765 869 99 20 däremot

112 903 81 27 yrkade
221 905 28 26 pä
278 904 70 21 denna
375 904 261 27 undervisningsanstalts
666 904 140 27 förläggande
829 903 35 21 till

113 939 109 22 Mustiala.
248 939 95 22 Motiven
357 940 34 21 till
403 940 61 21 detta
474 940 73 21 beslut
559 940 111 21 meddelas
681 940 7 21 i
699 941 80 20 mötets
790 940 73 26 proto-

113 974 45 22 koll
175 975 38 21 och
229 975 109 22 innehälla
353 975 104 27 följande:

183 1016 59 28 yDen
257 1015 159 23 finskatalande
432 1017 62 21 delen
516 1017 23 22 af
556 1017 85 22 landets
656 1017 127 27 befolkning
799 1016 66 21 borde

114 1052 19 27 ej
149 1052 75 27 längre
239 1052 92 21 behöfva
341 1054 65 19 vänta
416 1054 27 25 pä
454 1053 38 21 det
502 1053 87 21 tillfälle
600 1053 34 21 till
645 1053 66 27 högre
724 1051 140 28 agronomisk

114 1088 129 27 utbildning,
259 1087 78 22 hvaraf
351 1089 37 21 det
403 1089 107 21 erkännes
527 1095 51 15 vara
594 1089 7 21 i
616 1089 71 21 behof.
711 1089 33 21 De
760 1089 105 24 alumner,

115 1131 46 15 som
184 1131 29 15 nu
237 1125 82 26 årligen
343 1125 148 21 utdimitteras
508 1124 47 22 från
575 1125 25 21 de
618 1124 71 22 finska
704 1125 105 21 lärdoms-
825 1123 40 22 och

114 1160 149 22 realskolorna
283 1161 40 21 och
343 1160 74 21 hvilka
435 1161 19 26 ej
470 1159 66 23 hafva
551 1161 70 26 nägon
637 1160 45 21 lust
697 1159 33 22 för
746 1160 42 21 den
804 1159 62 21 lärda

114 1196 71 21 banan
209 1196 39 21 och
272 1196 19 27 ej
313 1196 69 21 häller
402 1196 68 21 önska
491 1195 134 27 anställning
650 1195 7 21 i
681 1197 84 20 statens
789 1195 75 26 tjenst,

115 1239 50 15 men
180 1231 52 28 vilja
247 1238 55 21 egna
317 1231 34 28 sig
366 1233 23 20 ät
404 1231 86 22 landets
506 1231 160 27 modernäring,
682 1231 67 21 borde
760 1230 19 27 ej
791 1230 75 27 längre

115 1268 85 28 tvingas
216 1269 33 20 att
265 1268 102 27 antingen
378 1267 98 22 undvara
486 1267 74 22 derför
570 1266 94 28 behöflig
675 1266 125 27 utbildning
811 1265 53 22 eller

116 1305 54 21 söka
185 1304 41 21 den
241 1304 37 21 vid
294 1305 31 21 ett
340 1304 99 21 läroverk
454 1304 51 21 med
522 1305 32 20 ett
567 1302 240 28 undervisningsspräk,
819 1308 47 15 som

116 1340 27 22 de
163 1340 18 26 ej
198 1339 75 22 förstä.
297 1340 77 21 Denna
389 1340 110 26 svärighet
514 1339 35 22 för
564 1340 48 21 dem
628 1339 68 21 borde
712 1338 155 27 ofördröjligen

116 1375 147 27 undanrödjas
286 1376 40 20 och
347 1376 37 20 det
399 1382 63 20 synes
478 1375 19 27 ej
514 1375 74 27 billigt
603 1375 39 21 och
658 1374 89 22 rättvist
763 1375 34 20 att
812 1379 55 21 upp-

116 1411 74 27 skjuta
211 1411 91 21 härmed
325 1411 34 21 till
382 1411 113 21 obestämd
521 1411 40 21 tid.
591 1410 50 22 Men
662 1412 32 19 ett
715 1410 78 21 sådant
812 1414 55 22 upp-

183 1482 106 20 Allmänna
305 1482 183 20 Besvärsutskottets
504 1482 118 20 betänkande
638 1482 38 19 N:o
694 1482 17 18 3.
