1061 1717
304 85 239 23 Petitionsbetänkande
559 85 37 23 N:o
613 84 19 23 1.
785 85 29 21 47

93 151 66 21 under
174 151 81 21 förlidet
271 153 22 19 år
308 152 95 26 utgjorde
418 152 8 20 i
441 152 36 21 det
491 152 51 20 allra
556 154 104 18 närmaste
676 152 55 20 elfva
745 151 100 21 millioner

94 181 63 26 mark,
178 181 37 20 och
235 181 36 21 det
291 182 85 20 oaktadt
396 188 26 14 en
438 182 23 20 af
474 182 84 20 stadens
573 184 77 18 största
666 184 119 24 exportörer
800 184 44 18 ute-

94 211 96 21 slutande
209 211 74 20 anlitar
303 212 105 20 bankerna
427 212 8 19 i
450 212 66 20 Wasa
531 214 53 18 samt
599 211 26 21 de
641 211 66 26 öfriga
723 211 57 21 såväl
795 212 49 19 ban-

93 240 66 21 kerna
173 241 7 20 i
195 241 65 20 Wasa
275 248 43 14 som
333 242 26 20 de
373 241 8 20 i
396 241 134 26 Björneborg.

163 271 31 20 På
208 271 68 25 grund
291 271 23 20 af
327 271 55 21 hvad
398 271 62 21 ofvan
475 271 68 21 blifvit
558 271 122 26 framhållet,
695 272 65 25 vågar
767 271 37 25 jag
813 270 32 22 för

95 300 36 21 det
145 300 108 26 Vällofliga
268 301 176 25 Borgareståndet
458 302 150 19 vördsammast
623 300 81 27 föreslå,
721 303 31 18 att
761 300 84 20 ståndet

94 330 49 21 ville
158 330 97 26 antingen
270 330 32 21 för
317 338 51 19 egen
384 331 33 20 del
432 331 50 21 eller
497 331 7 20 i
514 330 95 26 förening
619 330 47 21 med
676 330 26 21 de
713 330 66 26 öfriga
789 331 57 19 stån-

95 360 40 21 den
155 361 37 19 hos
211 360 60 20 Hans
286 360 118 26 Kejserliga
418 361 102 25 Majestät,
535 360 82 21 landets
632 360 117 26 storfurste,
765 360 82 20 anbålla

95 396 33 14 om
150 390 127 26 utfärdande,
299 390 68 21 såvidt
386 390 80 26 möjligt
485 390 64 21 redan
569 390 31 20 till
621 390 69 20 denna
704 390 105 26 landtdag,
825 390 23 20 af

95 420 63 26 nådig
180 420 124 27 proposition
328 420 106 27 angående
456 420 111 27 byggande
588 420 22 20 af
628 426 26 15 en
670 420 76 20 bibana
761 420 85 20 emellan

96 449 115 27 Sydänmaa
233 451 76 20 station
331 451 49 20 eller
403 451 69 25 någon
495 457 67 14 annan
583 450 68 27 punkt
671 451 13 19 å
698 450 67 20 Wasa
779 451 68 19 banan

95 480 87 20 emellan
197 475 119 32 Östermyra
331 481 38 20 och
383 481 67 20 Alavo
466 481 99 20 stationer
581 481 38 19 och
634 480 149 21 Kristinestad.

165 509 99 26 Följande
277 510 79 26 bilagor
370 511 122 25 närläggas:

167 539 38 27 1:0)
229 540 78 26 Tabell,
329 540 109 21 utvisande
458 540 146 26 folkmängden
624 541 24 19 år
669 539 58 22 1882
748 540 55 19 inom
821 539 26 20 de

96 569 124 26 kommuner,
243 577 44 13 som
309 570 80 20 komma
412 573 31 17 att
465 570 63 21 hafva
550 573 60 23 nytta
630 569 24 20 af
672 570 39 20 den
731 569 117 26 föreslagna

94 599 168 26 jernvägslinien.

167 629 41 27 2:0)
229 629 76 28 Tabell,
325 630 132 26 upptagande
472 629 146 26 folkmängden
633 629 56 20 inom
704 629 69 20 skilda
787 635 62 14 zoner

97 660 13 19 å
132 659 101 20 hvardera
255 659 59 20 sidan
337 667 32 12 om
387 660 40 20 den
448 659 117 26 föreslagna
577 659 163 26 jernvägslinien
755 659 93 25 sålunda,

98 691 31 18 att
150 689 12 20 1
178 696 37 13 zon
231 692 102 23 upptager
347 696 98 19 personer
460 689 82 21 bosatta
557 696 25 13 en
598 689 36 20 mil
650 696 32 13 om
695 689 70 26 linien,
782 689 13 20 2
811 695 38 13 zon

98 719 26 20 de
144 719 85 20 emellan
246 719 57 21 1—2
318 719 68 26 milen,
402 719 14 21 3
431 726 39 13 zon
486 719 26 20 de
528 719 85 20 emellan
629 719 59 20 2—3
703 719 63 20 milen
781 719 38 19 och
834 718 15 21 4

98 755 38 13 zon
151 749 26 20 de
192 749 85 20 emellan
293 749 59 21 3—4
366 749 62 21 milen
443 749 86 21 boende,

168 778 40 27 3:0)
224 779 77 26 Tabell,
317 779 57 20 öfver
389 779 107 20 arealerna
511 779 23 19 af
547 778 61 20 odlad
620 779 48 25 jord
679 781 54 17 samt
743 779 106 19 kreaturs-

97 808 64 20 hållet
181 809 22 19 år
225 809 56 21 1882
302 809 54 20 inom
372 811 30 18 ett
417 809 55 20 bälte
488 808 24 20 af
524 808 95 26 omkring
634 808 48 26 fyra
697 809 34 19 mil
747 809 26 26 på
788 808 60 20 hvar-

99 838 50 20 dera
165 838 58 20 sidan
239 845 32 13 om
286 839 73 20 banan,

167 868 41 27 4:0)
229 869 77 25 Tabell,
326 868 110 21 utvisande
451 868 154 21 Kristinestads
621 870 73 24 export
708 867 23 20 af
744 874 56 13 mera
814 867 35 20 be-

97 898 92 26 tydande
203 899 138 19 varuartiklar
356 898 52 21 efter
424 898 115 26 beräkning
555 897 23 20 af
591 898 59 20 deras
667 897 102 26 gvantitet
784 897 67 20 under

98 929 49 19 åren
164 927 153 22 1875-—1884.

168 957 40 27 5:0)
229 958 78 27 Tabell,
325 958 109 21 utvisande
453 957 153 21 Kristinestads
622 957 76 26 import
712 957 23 20 af
748 956 103 21 särskilda

98 994 56 13 mera
173 987 116 26 betydande
305 988 138 20 varuartiklar
458 987 54 21 efter
526 987 116 26 beräkning
657 987 23 20 af
694 987 59 20 deras
769 986 82 26 gvanti-

98 1020 31 17 tet
144 1017 65 20 under
225 1019 48 18 åren
290 1017 154 22 1875—1884.

169 1047 41 27 6:0)
234 1047 77 27 Tabell,
333 1047 133 26 upptagande
482 1047 148 26 afkastningen
646 1046 24 20 af
682 1046 98 26 spanmäl,
797 1048 55 17 ärter

100 1077 38 20 och
158 1079 79 24 potäter
258 1078 22 19 är
300 1077 56 22 1882
372 1077 55 20 inom
442 1079 31 18 ett
488 1077 56 20 bälte
559 1077 23 20 af
594 1076 47 27 fyra
656 1077 36 19 mil
707 1077 26 25 pä
749 1075 102 21 hvardera

100 1107 59 20 sidan
175 1114 32 13 om
221 1107 40 20 den
276 1107 116 26 föreslagna
404 1107 171 26 jernvägslinien.

161 1137 40 26 7:0)
221 1137 77 27 Tabell,
319 1137 131 26 upptagande
470 1136 42 21 den
526 1136 144 27 projekterade
685 1137 80 19 banans
780 1135 72 20 beräk-

99 1166 53 20 nade
168 1167 64 25 ärliga
246 1167 137 20 trafikintrad.

169 1196 40 27 8:0)
225 1193 202 29 Stadstullmäktiges
442 1196 8 20 i
463 1196 143 21 Kristinestad
616 1195 102 27 protokoll
728 1195 33 20 för
771 1195 40 20 den
824 1193 27 22 12

98 1226 139 21 innevarande
259 1226 94 27 Januari,
375 1226 115 21 utredande
512 1229 31 17 att
563 1225 78 26 staden,
661 1225 68 20 sävidt
745 1225 80 20 arbetet
840 1225 13 18 &

99 1255 40 21 den
155 1263 28 13 nu
197 1255 117 27 föreslagna
328 1256 89 20 bibanan
432 1256 56 20 inom
504 1256 26 20 de
545 1258 103 17 närmaste
663 1255 41 20 fem
719 1256 50 19 åren
784 1254 68 20 vidta-

98 1292 43 20 ger,
157 1289 22 17 är
194 1285 58 27 villig
267 1286 67 20 lemna
349 1289 30 18 ett
394 1286 74 26 bidrag
483 1285 24 21 af
520 1285 173 21 etthundratusen
709 1285 58 20 mark
778 1287 31 17 att
819 1287 34 17 ut-

98 1316 80 20 betalas
188 1316 55 20 inom
253 1316 60 26 tjugu
324 1317 23 19 är
357 1319 53 17 samt
420 1319 51 17 utan
482 1316 116 26 ersättning
608 1315 82 21 afträda
700 1315 27 19 all
737 1315 41 20 den
788 1314 64 24 mark,

99 1352 44 13 som
163 1345 31 21 för
211 1346 127 26 jernvägens
352 1346 66 20 behof
430 1346 56 20 inom
502 1346 85 20 stadens
602 1345 82 20 omräde
702 1346 65 19 mäste
783 1350 71 20 expro-

98 1375 90 26 prieras;
204 1378 54 18 samt

169 1405 40 27 9:0)
229 1406 82 26 Utdrag
330 1412 25 14 ur
372 1405 232 21 kommunalstämmans
620 1405 7 19 i
642 1404 118 26 Kauhajoki
775 1403 76 21 socken

98 1435 102 26 protokoll
208 1435 31 20 för
249 1436 40 20 den
301 1436 28 20 27
340 1436 114 20 December
464 1434 85 21 förlidet
559 1436 28 25 är,
598 1434 114 21 utredande
723 1436 30 18 att
763 1433 84 21 Kauha-

169 1477 194 25 Jernvägsutskottets
378 1476 118 21 betänkande
512 1476 37 20 N:o
566 1477 18 19 3.
