1061 1717
182 124 81 23 Ständ.
279 124 51 23 Pet.
347 136 26 4 —
388 124 272 24 Petitionsbetänkande
676 126 41 22 N:o
733 126 18 22 1.
804 127 12 20 9

93 188 37 21 der
145 196 26 13 en
186 196 57 13 mera
257 187 138 22 framskriden
409 187 199 29 jordbruksmethod
624 188 38 22 och
670 188 112 29 tidsenliga
791 188 53 28 jord-

93 222 171 22 bruksmaskiner
286 222 62 21 redan
364 222 76 21 vunnit
456 222 129 22 allmännare
600 222 74 29 insteg,
692 225 53 20 samt
761 225 30 20 att
806 223 39 21 för-

94 256 279 28 mögenhetsförhällandena
392 256 80 28 jemväl
491 261 35 17 äro
541 257 79 28 ganska
636 258 53 27 goda
704 257 7 21 i
727 258 69 21 denna
811 258 33 21 del

95 291 22 21 af
130 292 75 25 landet,
221 292 84 21 hvarest
321 290 59 22 äfven
398 299 25 13 en
439 291 46 21 icke
501 291 23 21 sä
539 292 131 27 obetydande
686 292 90 22 industri
791 292 53 21 före-

94 326 73 22 finnes.
196 326 34 21 En
253 325 7 21 i
275 325 85 28 lämplig
375 325 94 28 riktning
484 326 77 28 dragen
575 325 89 29 jernväg
679 326 68 22 skulle
763 326 35 22 vid
813 326 32 22 sä-

95 360 50 23 dant
159 360 129 22 förhällande
303 363 49 18 utan
369 360 75 21 tvifvel
460 368 49 13 vara
524 360 33 22 till
572 362 52 20 stort
638 368 61 20 gagn.

163 395 76 21 Denna
260 394 96 28 jernvägs
377 394 128 28 verkningar
520 394 84 22 komme
620 395 118 22 emellertid
753 396 46 20 icke
815 397 31 20 att

95 429 81 22 sträcka
197 429 31 28 sig
251 428 58 22 öfver
325 428 65 29 någon
407 431 65 20 större
488 429 34 21 del
538 428 23 22 af
573 429 77 22 landet.
681 430 34 21 En
732 430 113 28 detaljerad

94 463 128 29 granskning
243 463 23 22 af
286 464 78 21 banans
382 463 86 28 möjliga
483 464 68 25 trafik,
567 464 56 21 visar
638 464 106 28 nemligen
760 467 31 19 att
805 465 40 20 den

95 498 154 28 genomgående
264 498 87 21 trafiken
368 497 46 22 icke
430 497 41 22 kan
486 497 67 22 blifva
568 499 22 20 af
612 501 66 18 större
686 499 114 28 betydelse,
809 499 37 20 all-

96 533 103 21 denstund
221 540 26 14 en
262 535 43 19 stor
320 533 32 20 del
368 532 23 21 af
404 532 122 21 densamma
541 533 118 28 egentligen
676 533 47 21 icke
739 537 23 17 är
778 533 67 28 någon

96 575 28 20 ny
139 567 67 26 trafik,
222 574 45 14 som
282 567 23 21 af
318 567 68 26 denna
401 567 53 21 bana
470 566 127 26 framkallas,
614 569 50 19 utan
682 575 24 13 en
723 567 63 22 sådan
802 575 44 14 som

96 601 103 22 allaredan
222 601 93 28 betjenas
335 601 22 22 af
371 595 45 27 Åbo
431 601 75 21 banan.
537 601 35 21 Då
587 601 106 22 dessutom
709 602 81 21 landets
806 609 40 14 res-

97 643 75 18 surser,
195 635 116 29 disponibla
333 635 31 21 för
378 635 168 28 jernvägsnätets
562 635 139 29 fulländning,
718 641 35 16 äro
767 636 80 28 ganska

97 670 132 28 begränsade,
252 669 63 22 hafva
338 669 118 22 Ständerna
479 669 47 22 icke
548 670 81 21 kunnat
644 678 50 13 anse
710 670 69 21 denna
793 670 54 21 bana

97 705 50 20 böra
170 705 83 21 komma
275 704 32 22 till
330 704 109 22 utförande
455 704 32 21 för
502 704 136 22 statsverkets
654 705 90 28 räkning
759 704 88 22 framom

97 738 64 21 andra
176 739 63 21 banor
254 739 23 21 af
289 739 156 28 obestridligare
460 739 177 21 stambanenatur.

165 773 102 22 Deremot
288 773 38 22 har
349 773 35 22 det
405 775 59 26 synts
487 773 119 22 Ständerna
621 774 68 20 finnas
704 773 38 22 allt
757 773 46 21 skäl
818 774 31 19 att

96 807 69 21 sävidt
188 807 81 28 möjligt
284 812 23 17 är
321 810 51 19 söka
387 807 119 22 underlätta
522 807 68 21 denna
605 807 65 22 banas
685 807 122 27 realisering
822 805 27 29 pä

97 841 69 28 privat
180 846 46 23 väg.

166 875 72 22 Såsom
254 876 63 21 äfven
333 875 22 22 af
368 876 36 21 det
418 875 152 22 ofvananförda
586 876 58 21 torde
660 875 87 29 framgå,
763 875 38 22 har
809 875 39 21 den

97 910 168 28 Björneborgska
283 911 67 21 banan
366 910 6 21 i
388 909 86 22 främsta
490 913 92 18 rummet
597 913 30 18 ett
642 910 67 21 lokalt
723 909 128 22 trafikbehof

97 947 31 19 att
150 944 114 28 tillgodose.
294 945 33 21 En
351 944 63 22 sådan
438 944 62 22 trafik
516 944 102 21 erfordrar
634 944 123 26 emellertid,
772 943 32 22 för
819 945 31 20 att

97 979 35 21 väl
147 978 98 29 betjenas,
262 987 25 13 en
303 979 174 25 administration,
493 987 44 13 som
554 979 7 21 i
578 979 25 21 de
619 979 79 22 minsta
713 978 87 29 detaljer
808 978 42 21 kan

98 1015 54 20 rätta
167 1013 30 28 sig
212 1013 53 22 efter
280 1013 68 21 lokala
364 1013 64 22 behof
442 1013 38 21 och
496 1013 69 21 lokala
582 1013 151 26 förhållanden,
751 1013 99 28 egenska-

97 1055 37 20 per
156 1055 43 14 som
221 1047 8 22 i
251 1047 114 22 allmänhet
386 1047 18 28 ej
428 1047 87 22 besittas
531 1047 22 22 af
567 1055 25 14 en
608 1047 180 28 statsförvaltning
803 1047 48 21 med

98 1081 46 22 dess
167 1081 69 22 starka
251 1081 161 22 centralisation.
442 1081 88 22 Jemväl
545 1081 7 22 i
568 1082 40 21 den
624 1082 107 21 blifvande
751 1081 100 22 trafikens

99 1116 88 21 intresse
201 1123 50 14 vore
266 1116 87 22 sålunda
368 1124 26 13 en
410 1116 124 28 privatbana
549 1116 89 28 önsklig.

168 1150 43 21 För
233 1153 31 19 att
287 1159 25 13 en
335 1151 63 21 sådan
422 1150 34 22 må
479 1151 85 21 komma
579 1151 32 21 till
628 1151 68 26 stånd,
711 1150 63 22 hafva
790 1150 61 22 Stän-

99 1184 89 26 derna,
182 1180 11 38 i
203 1189 50 17 nära
268 1185 120 28 anslutning
403 1185 33 22 till
451 1185 124 28 petitionen,
591 1185 56 22 velat
662 1185 81 22 förorda
751 1184 101 28 beviljan-

99 1219 36 22 det
149 1219 24 21 af
185 1227 25 13 en
225 1219 177 22 statssubvention
418 1219 33 22 till
466 1222 31 19 ett
513 1220 81 27 belopp,
610 1219 145 22 motsvarande
771 1217 81 22 hälften

100 1253 23 22 af
143 1253 39 22 den
197 1261 82 14 summa
294 1254 84 22 hvartill
393 1254 125 25 kostnaden,
535 1254 66 27 enligt
616 1253 114 28 behörigen
746 1252 107 29 godkändt

99 1287 183 29 kostnadsförslag,
305 1289 83 21 komme
412 1291 30 19 att
464 1288 75 29 belöpa
561 1288 38 29 sig,
623 1288 53 22 dock
701 1287 46 22 icke
770 1286 83 23 utöfver

99 1322 114 26 3,000,000
234 1323 66 21 mark.
331 1322 118 22 Ständerna
464 1322 65 22 hafva
544 1323 47 21 icke
606 1323 44 21 dolt
666 1323 31 21 för
712 1322 32 28 sig
759 1324 30 19 att
805 1329 48 13 man

101 1356 47 22 med
170 1356 56 22 detta
247 1357 76 29 belopp
345 1364 41 21 nog
404 1361 50 17 nära
470 1357 47 22 nått
532 1357 40 21 den
588 1357 73 28 högsta
676 1361 69 23 gräns,
761 1364 44 14 som
821 1355 33 21 för

100 1398 26 14 en
141 1390 124 22 subvention
281 1392 38 20 vör
333 1391 72 21 kunna
420 1390 161 31 ifrågakomma,
596 1399 48 13 men
661 1390 26 22 då
695 1390 103 28 företaget
806 1389 48 22 med

101 1428 30 18 ett
155 1424 81 22 mindre
251 1425 72 28 bidrag
339 1425 17 28 ej
374 1425 58 22 torde
447 1425 75 21 kunna
537 1425 138 28 förverkligas
690 1427 54 19 samt
760 1424 35 22 det
811 1423 42 22 må-
