1061 1717
322 114 239 24 Petitionsbetänkande
577 114 37 23 N:o
631 114 19 23 1.
798 114 29 22 39

106 189 52 19 gens
183 182 217 26 förmögenhetsvilkor
423 182 98 26 erbjuder
543 182 66 20 denaa
631 182 60 20 linies
713 180 144 22 trafikområde

108 212 98 27 afgjorda,
222 212 65 20 ehuru
303 212 18 26 ej
337 212 122 26 tillräckligt
474 211 109 28 beaktade,
597 211 120 21 företräden
732 210 84 21 framför
831 211 26 20 de

105 241 64 22 flesta
182 241 194 27 jernvägsområden
390 242 9 20 i
413 243 48 19 vårt
476 242 55 20 land.
548 253 28 4 —

175 270 133 22 Beträffande
328 271 139 21 folktätheten
488 272 7 19 i
516 272 35 20 det
566 271 32 21 till
614 271 68 21 denna
697 272 54 20 bana
765 270 91 21 hörande

106 301 145 21 trafikområde
272 301 63 21 hafva
356 308 128 20 noggranna,
508 308 72 14 senare
600 301 120 20 verkstälda
741 300 116 21 statistiska

106 331 184 26 undersökningar,
309 331 114 27 uppgjorda
439 331 47 21 med
501 331 86 26 ledning
601 331 24 20 af
638 330 58 22 1882
711 332 35 19 års
760 330 97 20 mantals-

106 361 91 26 längder,
220 361 77 20 lemnat
319 360 89 27 följande
430 360 48 21 från
498 361 97 26 Ingeniör
615 361 89 20 Hildéns
719 360 138 26 beräkningar

107 392 63 25 något
189 390 110 21 afvikande
319 391 115 21 resultater.
465 391 153 26 Befolkningen
638 391 55 20 inom
712 391 79 20 banans
811 390 47 20 hela

107 420 145 21 trafikomräde
267 421 38 20 har
319 421 102 26 nemligen
437 421 108 20 befunnits
559 424 83 23 utgöra:
658 420 81 27 88,364
754 426 103 21 personer,

107 451 80 26 hvaraf,
203 451 100 20 inclusive
317 451 140 26 Björneborgs
473 451 60 20 stads
544 451 64 26 8,006
620 451 126 20 innevånare
756 453 101 23 numerär,

106 480 81 27 47,064
206 487 98 20 personer
325 481 81 20 komma
426 482 27 26 på
472 481 56 22 1:sta
543 481 105 27 milzonen,
665 480 79 27 25,826
759 487 99 20 personer

107 511 26 26 på
144 510 57 21 2:dra
211 511 39 20 och
261 510 80 22 15.464
351 512 27 25 på
389 511 55 26 3:dje
456 511 107 20 milzonen.
586 511 112 20 Fördeladt
708 517 38 20 per
756 510 101 26 gvadrad-

107 543 58 18 verst
187 541 72 26 belöpa
281 541 33 26 sig
333 541 8 20 i
360 541 96 20 medeltal
475 541 29 21 21
520 547 98 20 personer
632 547 38 20 per
686 541 171 25 qvadratversten

107 570 55 20 inom
178 570 53 22 1l:sta
246 577 69 20 zonen,
333 570 27 21 12
376 577 98 20 personer
490 571 55 20 inom
560 570 59 21 2:dra
634 571 39 20 och
688 571 13 21 7
712 577 98 20 personer
820 577 37 20 per

107 600 170 25 avadratversten
297 601 55 20 inom
372 600 54 26 3:dje
445 607 66 14 zonen
526 601 50 20 eller
590 600 103 21 fördeladt
707 607 38 20 per
759 601 99 19 banverst

106 630 115 26 respective
241 630 80 26 431—,
339 630 80 26 237—,
439 631 39 20 och
498 630 42 21 142
561 637 99 20 personer
679 631 55 19 inom
749 630 26 20 de
790 629 68 21 skilda

107 660 129 21 milzonerna.
253 672 26 3 —
295 660 41 20 För
349 660 144 26 jemförelsens
509 660 55 21 skull
579 661 33 19 mä
626 661 39 19 här
680 660 61 21 äfven
755 662 102 24 upptagas

107 689 287 26 folkmängdsförhällandena
414 691 12 19 &
446 690 42 20 den
508 693 92 17 närmast
620 690 32 20 till
673 689 108 21 utförande
804 689 55 21 före-

107 719 73 26 slagna
184 719 248 27 jernvägssträckningen
443 720 48 20 frän
501 720 94 27 Kaipiais
606 719 76 21 station
693 727 73 18 genom
776 720 82 26 Mänty-

107 749 66 26 harju,
188 749 30 21 St.
233 750 75 20 Michel
323 750 39 20 och
376 750 70 20 Jorois
461 750 33 20 till
508 750 83 26 Kuopio
601 749 52 26 stad,
664 750 69 20 sävidt
743 749 26 21 de
779 749 80 26 framgå

107 785 26 14 ur
149 779 35 20 det
199 779 161 27 approximativa
374 780 119 20 statistiska
508 780 100 25 material,
623 786 43 13 som
682 782 71 17 senast
767 779 7 20 i
784 779 74 26 frågan

107 809 32 19 till
161 809 66 20 Eders
250 809 116 26 Kejserliga
388 809 99 26 Majestät
509 809 151 26 underdänigst
682 809 78 26 afgifna
781 809 78 20 komitö

107 837 78 27 förslag
207 842 93 17 närmare
322 839 119 22 innehåller.
467 851 29 4 —
519 838 44 22 För
582 839 47 21 hela
649 839 67 20 denna
737 839 44 21 244
801 842 58 17 verst

107 868 62 25 långa
188 869 221 26 jernvägssträckning
428 869 75 26 belöpa
522 869 33 26 sig
572 869 56 20 inom
648 869 30 22 30
692 872 69 17 versts
776 869 83 20 afständ

107 897 47 21 frän
169 899 104 20 banlinien
288 899 134 20 tillsammans
438 899 96 26 131,463
550 905 103 20 personer,
668 899 72 20 hvilka
754 898 105 21 fördelade

108 935 37 19 per
161 928 143 25 gvadratverst
319 928 57 27 gifva
390 929 8 19 i
412 929 98 20 medeltal
526 929 73 20 endast
614 929 14 21 9
644 935 98 20 personer
757 929 50 20 eller
821 935 38 20 per

107 958 99 20 banverst
221 958 44 21 519
281 965 97 20 personer
392 961 43 18 mot
450 959 45 21 815
511 965 98 20 personer
624 965 38 20 per
677 959 98 20 banverst
790 959 13 19 &
817 958 41 20 den

108 987 166 27 Björneborgska
288 989 73 20 banan.
390 989 60 20 Inom
466 989 62 20 dessa
542 989 117 25 föreslagna
669 989 74 20 banors
753 988 105 21 trafikom-

107 1018 65 20 roden
195 1021 23 16 är
241 1018 86 20 sålunda
349 1018 137 21 folktätheten
510 1019 12 19 å
543 1019 41 20 den
604 1019 166 26 Björneborgska
790 1019 68 19 banan

109 1047 28 22 51
147 1047 27 28 %/,
190 1050 66 18 större
271 1051 26 17 än
313 1049 12 19 &
340 1048 82 27 Kuopio
437 1049 75 20 banan.

181 1071 173 27 Återkommande
377 1078 32 20 till
431 1078 100 26 Ingeniör
553 1077 91 21 Hildöns
669 1078 78 26 förslag
769 1077 91 26 framgär

109 1106 61 21 deraf
188 1107 71 21 vidare
279 1111 30 17 att
329 1108 273 26 anläggningskostnaterne
622 1108 24 20 af
658 1108 74 20 honom
747 1107 112 21 beräknats

109 1136 32 20 till
156 1136 41 27 Sy
219 1137 116 26 6,005,693
351 1138 145 21 motsvarande
515 1145 26 13 en
556 1138 90 20 kostnad
661 1138 23 20 af
696 1137 42 26 Zac
753 1137 106 26 55,007:26

110 1172 37 21 per
166 1170 57 17 verst
242 1168 38 19 och
298 1168 72 25 skulle,
390 1168 65 25 enligt
473 1168 42 20 den
533 1168 118 20 beräknade
668 1167 94 27 trafiken,
781 1167 79 20 inkom-

110 1199 70 17 sterna
196 1197 66 20 under
277 1197 26 20 de
317 1197 65 21 första
397 1199 49 19 åren
462 1197 24 21 af
499 1198 79 20 banans
593 1197 109 27 öppnande
717 1197 18 26 ej
751 1197 63 20 förslä
829 1197 32 20 till

109 1226 128 21 betäckande
252 1227 23 20 af
288 1227 190 21 driftkostnaderna
488 1228 40 20 och
538 1227 144 21 annuiteterna
691 1229 13 18 &
713 1226 148 27 anläggnings-

109 1255 105 28 kapitalet,
235 1259 50 18 utan
306 1257 84 20 oaktadt
406 1264 28 13 em
447 1257 108 27 päräknad
570 1257 124 21 subvention
709 1257 23 20 af
746 1256 115 27 1,500,000

109 1286 58 20 mark
182 1287 67 20 lemna
265 1289 30 19 ett
311 1287 61 26 &rligt
388 1287 69 21 deficit
473 1287 24 21 af
506 1287 94 26 omkring
610 1287 81 28 48,000
701 1287 64 27 mark,
776 1287 84 20 hvartill

109 1316 120 26 ytterligare
252 1317 81 20 komma
354 1320 77 18 tvenne
451 1318 35 20 ärs
507 1317 134 21 ränteförlust
661 1318 13 19 &
694 1317 35 21 det
743 1316 117 28 upplänade

109 1345 100 27 kapitalet
223 1346 68 21 under
307 1348 77 19 banans
399 1348 150 26 byggnadstid.
567 1360 26 3 —

183 1376 48 20 Med
247 1376 77 21 sädana
339 1383 133 20 ogynsamma
487 1377 90 26 utsigter
591 1377 114 20 förhanden
720 1384 38 13 var
773 1376 36 20 det
824 1382 37 14 na-

109 1405 73 26 turligt
197 1408 31 18 att
243 1406 73 21 staden
331 1407 18 25 ej
365 1413 70 14 ensam
450 1407 83 26 vägada
549 1408 60 25 åtaga
624 1407 32 25 sig
671 1406 70 21 risken
752 1406 23 20 af
782 1407 79 19 banans

109 1435 110 25 byggande
239 1436 50 20 eller
311 1443 70 13 ensam
403 1436 74 21 trodde
501 1437 34 25 sig
554 1437 71 20 kunna
644 1436 65 21 förmå
728 1437 51 19 bära
793 1436 69 20 denna

108 1464 80 21 förlust.
218 1466 48 20 Den
295 1466 150 21 ofvannämnde
469 1466 205 26 jernvägskomitöns
697 1466 93 21 sträfvan
813 1464 49 27 gick

184 1507 196 26 Jernvägsutskottets
396 1508 119 20 betänkande
531 1509 37 19 N:o
584 1509 12 19 3
