1061 1717
291 95 238 24 Petitionsbetänkande
543 96 39 22 N:o
597 95 35 23 28.

801 96 13 21 si

365 353 204 28 Reservation.

166 414 95 22 Emedan
277 413 19 22 vi
314 413 47 22 icke
377 413 85 22 kunnat
477 413 117 22 instämma
609 413 32 22 uti
654 413 37 22 det
702 413 141 22 resolutions-

91 449 89 28 förslag,
196 456 46 15 som
254 449 144 22 förekommer
409 449 32 22 uti
453 449 138 22 förestäende
599 449 244 28 utskottsbetänkande,

91 485 66 22 hafva
176 485 21 22 vi
217 487 55 20 trott
293 492 34 15 oss
344 485 179 23 reservationsvis
539 485 53 22 böra
608 485 72 22 uttala
694 487 34 20 att
743 485 64 22 äfven
823 485 20 21 vi

91 528 52 15 anse
165 522 36 22 det
221 521 137 29 synnerligen
380 521 97 28 önskligt
496 523 33 20 att
542 521 105 27 judarnes
664 521 102 28 rättsliga
781 521 61 22 ställ-

72 556 72 29 ning
165 557 7 22 i
192 557 75 22 landet
287 557 70 22 blefve
378 557 83 23 ordnad
482 563 78 22 genom
576 557 42 28 lag,
634 557 89 22 hvilken
740 557 6 22 i
764 557 79 22 sådant

92 593 38 22 fall
147 593 109 28 sjelffallet
271 593 66 22 borde
353 593 74 22 stiftas
443 593 24 22 af
480 593 68 28 begge
569 593 171 22 statsmakterne
755 599 88 22 gemen-

93 631 64 20 samt.
189 630 38 21 Att
243 629 122 22 emellertid
380 636 30 15 nu
428 629 6 22 i
450 629 144 28 landtdagens
606 629 53 22 elfte
670 629 76 22 timme
757 629 87 27 föreslä,

95 666 71 21 såsom
187 665 108 22 utskottet
317 666 36 21 det
374 665 64 28 gjort,
460 667 34 20 att
515 665 73 22 derest
604 665 68 22 sådan
688 665 35 28 lag
740 665 47 22 icke
803 665 42 22 kan

94 701 36 22 vid
146 701 145 22 innevarande
307 702 147 23 ständermöte
471 700 33 23 fås
520 701 34 22 till
570 701 71 28 stånd,
658 701 26 22 de
701 701 67 22 sedan
784 707 59 21 gam-

95 737 54 22 malt
163 737 100 28 gällande
280 737 105 22 förbuden
401 739 46 20 mot
460 737 77 28 judars
553 737 127 27 bosättning
693 737 10 21 i
718 737 75 22 landet
804 737 39 22 och

97 773 104 22 särskildt
218 773 57 22 1782
291 774 35 21 års
341 773 185 28 judereglemente
538 773 68 22 måtte
617 771 109 29 upplifvas
739 772 40 22 och
791 773 54 27 ånyo

97 809 117 28 tillämpas,
236 809 89 22 innebär
346 809 113 28 ingenting
479 810 68 21 annat
565 811 28 20 än
609 815 27 16 en
652 808 103 24 anhällan
772 809 73 21 derom

96 847 34 20 att
151 845 26 22 de
197 851 28 16 nu
248 845 6 21 i
271 845 74 22 landet
361 845 86 22 bosatte
464 845 110 22 mosaiske
590 844 173 23 trosförvandter
779 845 68 21 mätte

95 887 26 15 ur
137 881 74 22 landet
226 881 90 27 utvisas,
331 881 117 27 hvarefter,
465 881 67 22 sedan
549 881 50 27 inga
612 880 66 27 judar
694 880 73 22 vidare
778 879 69 23 finnes

98 916 58 23 inom
178 916 105 23 Finlands
303 919 95 24 gränser,
417 917 71 27 nägon
504 917 36 26 lag
556 922 34 16 om
607 916 63 21 deras
687 915 102 28 rättsliga
804 915 43 22 för-

96 952 115 22 hällanden
228 952 48 22 icke
292 959 59 15 mera
367 959 49 16 vore
432 951 24 22 af
469 951 103 23 behofvet
587 951 109 28 päkallad.

168 988 49 21 Man
234 989 35 20 mä
285 988 32 22 uti
331 988 128 27 judefrågan
475 987 66 22 hafva
555 987 74 22 hvilka
639 987 82 28 äsigter
732 993 47 16 som
791 987 58 22 helst

98 1024 39 21 och
160 1024 48 22 med
229 1025 70 21 större
317 1024 53 22 eller
386 1024 84 21 mindre
486 1023 120 23 liberalitet
621 1029 53 16 anse
690 1023 41 22 den
748 1023 101 27 tolkning

98 1059 23 22 af
140 1059 27 22 K.
189 1060 23 21 F.
234 1059 24 22 af
277 1060 41 22 den
339 1060 29 22 29
389 1060 58 21 Mars
469 1060 66 27 1858,
550 1061 28 26 pä
593 1060 71 27 grund
680 1059 24 22 af
717 1059 89 22 hvilken
822 1059 27 22 de

97 1096 72 27 judar,
191 1102 46 15 som
259 1103 29 15 nu
309 1095 69 23 finnas
400 1096 5 21 i
422 1095 82 28 landet,
523 1095 88 22 tillätits
627 1097 34 20 att
677 1095 113 22 derstädes
806 1094 42 23 för-

98 1131 75 28 blifva,
188 1133 24 20 sä
227 1132 43 21 kan
287 1139 49 15 man
353 1132 54 22 dock
424 1131 47 22 icke
487 1131 94 22 tillsluta
597 1133 83 26 ögonen
697 1131 32 22 för
749 1131 38 22 det
801 1131 47 22 fak-

97 1169 47 20 tum
174 1169 33 20 att
235 1168 32 21 uti
294 1168 91 22 Finland
416 1169 38 20 äro
484 1168 40 21 och
552 1174 26 15 en
606 1167 51 27 läng
678 1167 32 22 tid
731 1167 58 22 varit
811 1166 38 22 bo-

97 1205 58 20 satte
182 1203 100 28 omkring
310 1205 33 20 ett
368 1203 96 22 tusental
493 1203 72 28 judar,
587 1203 23 22 af
628 1203 75 22 hvilka
723 1202 51 23 flere
795 1203 55 21 hun-

99 1239 67 22 drade
182 1241 37 20 äro
236 1239 7 22 i
258 1239 75 22 landet
349 1239 64 22 födde
429 1239 40 22 och
485 1241 79 20 nästan
580 1239 50 22 hela
646 1239 39 22 sitt
698 1239 27 21 lif
734 1239 57 22 varit
802 1239 48 22 der-

98 1275 75 23 städes
193 1275 100 23 vistande
313 1277 57 21 samt
389 1275 91 28 åtnjutit
495 1276 191 27 myndigheternas
703 1275 76 29 skydd.
812 1275 39 22 Att

98 1318 29 15 nu
149 1312 49 21 med
219 1318 38 16 ens
279 1314 46 20 mot
341 1312 63 22 dessa
423 1318 105 21 personer
543 1311 97 29 upplifva
656 1317 26 17 en
699 1312 69 22 under
783 1312 69 21 andra

99 1347 196 23 tidsförhållanden
311 1348 144 28 tillkommen,
471 1354 92 16 numera
579 1348 109 22 föråldrad
704 1348 42 27 lag,
763 1354 36 16 om
811 1348 40 21 ock

99 1384 132 27 ständerlag,
248 1384 87 22 hvilken
352 1384 70 22 skulle
438 1384 66 22 hafva
519 1384 111 28 utvisning
646 1383 34 23 till
696 1383 90 28 påföljd,
797 1385 53 20 utan

99 1420 34 20 att
149 1420 63 21 dessa
227 1426 104 20 personer
347 1420 118 27 veterligen
486 1420 73 22 dertill
575 1419 63 28 gifvit
653 1420 70 27 någon
735 1419 117 27 anledning

99 1461 64 21 synes
184 1461 35 16 oss
241 1456 86 27 obilligt
349 1456 39 22 och
410 1456 49 22 med
481 1456 48 22 skäl
550 1456 74 22 kunna
639 1455 122 22 rubriceras
779 1456 71 21 såsom

173 1498 106 20 Allmänna
295 1498 183 21 Besvärsutskottets
494 1498 117 21 betänkande
627 1498 37 21 N:o
681 1498 34 20 20.
