1061 1717
298 108 238 23 Petitionsbetänkande
551 109 37 22 N:o
604 108 34 22 31.
798 108 29 21 39

108 177 36 21 vid
161 176 31 21 S:t
207 175 90 22 Michels
314 175 90 27 lyceum,
414 177 32 19 att
462 175 65 21 bland
543 175 134 21 läroverkets
693 174 83 22 femton
787 174 69 20 lärare

108 212 99 27 uppsöka
222 212 55 26 dem,
289 210 32 22 för
337 211 73 21 hvilka
426 211 43 21 han
480 210 40 22 bör
531 210 83 28 aflägga
625 210 32 22 sin
670 210 186 27 afgångsexamen.

109 248 42 26 Jag
165 248 66 26 vågar
246 246 110 28 verkligen
372 246 88 22 betvifla
476 248 33 20 att
524 248 71 25 någon
612 246 98 27 opartisk
729 246 50 21 med
795 246 62 20 dessa

109 283 70 21 siffror
195 282 33 22 för
244 285 83 25 ögonen
343 283 43 21 kan
402 282 90 22 förvåna
507 282 33 27 sig
556 282 59 22 öfver
630 282 54 22 eller
694 283 71 20 såsom
777 288 27 14 en
815 282 42 26 ytt-

108 319 49 26 ring
173 318 23 22 af
210 318 135 27 partilidelse
360 318 101 22 betrakta
476 318 107 28 yrkandet
599 319 28 26 på
638 320 33 19 att
682 317 175 27 undervisnings-

109 354 90 27 språket
214 354 35 22 vid
267 354 60 22 detta
343 354 107 28 läroverk,
466 355 64 21 hvars
554 354 68 27 årliga
641 356 45 19 stat
702 354 67 26 enligt
785 354 74 21 senast

108 390 139 26 publicerade
263 390 110 26 uppgifter
388 390 89 27 belöper
494 390 33 27 sig
542 390 34 21 till
600 390 82 27 50,710
698 390 68 26 mark,
783 391 77 19 räntan

109 427 27 26 på
147 426 249 27 anläggningskapitalet
407 425 24 22 af
439 426 240 27 läroverksbyggnaden
688 425 111 22 äfvensom
811 425 50 21 dess

112 462 221 21 underhållskostnad
356 462 48 21 häri
428 462 47 21 icke
500 462 140 26 inberäknad,
656 461 67 22 borde
739 461 120 22 förändras.

109 497 101 22 Tvertom
227 497 111 22 förefaller
354 498 72 21 denna
442 497 87 22 fordran
547 499 23 20 så
586 498 86 26 mycket
687 504 60 15 mera
769 496 90 23 berätti-

109 533 42 26 gad
168 533 91 27 derföre,
276 535 33 19 att
324 539 77 21 genom
418 539 27 15 en
462 534 67 20 sådan
552 533 126 26 förändring
699 533 6 20 i
721 532 77 27 sjelfva
813 538 46 15 ver-

110 569 37 21 ket
164 569 63 27 ingen
243 569 118 21 nämnvärd
386 569 68 21 skada
475 569 86 22 komme
578 571 32 19 att
626 568 96 28 tillfogas
739 570 73 20 ortens
829 568 31 21 få-

112 605 67 26 taliga
195 605 92 21 svenska
303 605 132 26 befolkning.
467 605 93 27 Sålänge
583 605 110 26 nämligen
714 605 42 20 den
772 604 88 21 fordran

110 642 70 20 måste
195 641 39 21 hos
251 647 36 15 oss
303 641 76 21 ställas
395 642 28 26 på
438 641 54 21 hvar
508 641 39 22 och
563 647 32 20 en,
612 647 46 15 som
676 641 63 21 söker
755 640 86 21 inträde
854 640 5 20 i

110 679 84 19 statens
210 677 74 26 tjenst,
301 679 32 19 att
356 677 42 21 han
423 677 39 21 bör
484 683 52 15 vara
555 677 51 20 fullt
621 676 110 27 förtrogen
748 677 50 20 med
813 675 46 22 lan-

110 713 48 20 dets
182 713 55 20 båda
259 713 113 21 inhemska
393 713 73 26 språk,
486 715 36 19 äro
544 713 68 26 enligt
634 712 46 21 min
701 713 26 26 på
747 711 112 28 mångårig

110 748 123 22 erfarenhet
249 748 72 21 fotade
337 748 57 27 åsigt
408 749 47 26 just
471 749 27 20 de
509 749 97 21 'svenska
622 748 93 27 familjer
731 749 34 20 att
781 748 6 20 i
799 747 60 21 detta

110 785 101 21 afseende
235 785 84 20 skattas
343 791 45 15 som
412 785 123 26 lyckligast,
559 785 79 26 hvilka,
659 784 87 21 bosatta
769 785 13 20 å
802 783 57 21 finsk

110 822 41 25 ort,
168 823 36 18 äro
222 820 6 21 i
244 820 86 21 tillfälle
346 823 32 18 att
394 821 46 20 låta
455 820 115 27 uppfostra
586 820 47 21 sina
651 819 54 22 barn
722 819 6 21 i
745 821 32 20 ett
792 818 67 22 finskt

109 856 106 21 läroverk.
247 856 76 21 Denna
339 856 124 21 erfarenhet
478 856 69 27 gifver
562 856 109 27 nämligen
682 855 177 26 ovedersägligen

110 892 36 21 vid
161 892 93 27 handen,
271 894 33 19 att
320 893 26 20 de
362 892 78 27 elever,
456 892 85 21 hvilkas
557 892 66 27 språk
639 892 6 20 i
657 892 95 21 hemmet
763 893 24 19 är
798 897 61 15 sven-

111 929 60 26 skan,
189 928 88 27 tillföljd
294 928 23 21 af
331 929 40 20 den
388 929 116 26 grundliga
520 928 154 26 undervisning
691 927 6 21 i
713 928 62 21 detta
793 927 66 26 språk

112 970 46 15 som
183 964 124 27 isynnerhet
323 964 68 27 enligt
407 971 30 14 nu
453 964 100 27 gällande
569 963 163 27 timfördelning
748 963 111 21 meddelas

113 1000 5 20 i
145 999 70 22 finska
241 999 82 28 skolor,
349 1006 77 21 genom
454 1000 71 21 denna
550 999 128 22 samverkan
702 999 80 21 mellan
808 999 51 26 dag-

111 1036 30 26 lig
157 1035 87 27 praktik
264 1035 3 21 i
283 1036 96 21 hemmet
395 1036 39 21 och
451 1035 88 22 skolans
556 1035 120 22 teoretiska
697 1035 162 26 undervisning,

111 1071 137 26 fullständigt
265 1071 96 21 inhemta
377 1071 93 22 svenska
486 1071 95 27 språket,
597 1071 77 21 medan
692 1071 12 20 &
719 1071 68 20 andra
798 1070 62 21 sidan

111 1107 87 21 skolans
214 1107 234 26 undervisningsspräk
464 1109 58 19 samt
535 1108 117 25 umgänget
663 1107 48 20 med
722 1106 139 21 kamraterne

111 1143 98 26 bibringa
226 1143 47 21 dem
291 1143 133 26 fullkomligt
439 1143 127 21 herravälde
579 1142 81 27 jämväl
684 1142 59 21 öfver
759 1143 37 20 det
812 1143 48 20 dem

107 1177 58 28 från
181 1177 122 22 barnaären
326 1178 92 21 bekanta
440 1178 71 21 finska
535 1179 82 26 späket.
649 1178 49 21 Men
712 1178 47 26 just
776 1177 85 22 derföre

111 1216 34 19 att
161 1214 60 27 barn,
238 1215 110 26 utgångna
364 1221 26 14 ur
406 1214 181 21 svenskatalande
603 1220 49 15 men
668 1215 13 20 4
696 1213 56 22 finsk
773 1215 34 20 ort
823 1213 38 22 bo-

112 1251 58 20 satta
185 1249 101 28 familjer,
302 1250 6 20 i
324 1249 74 28 regeln
421 1250 43 21 alla
486 1249 75 21 kunna
576 1249 76 27 finska,
669 1249 77 22 medan
763 1249 98 21 deremot

113 1285 25 21 de
155 1284 69 22 finska
240 1285 81 22 barnen
337 1285 23 21 af
374 1285 110 27 naturliga
500 1285 47 21 skäl
559 1287 36 20 äro
607 1285 133 27 fullkomligt
751 1285 110 27 okunniga

111 1321 6 21 i
134 1322 113 26 svenskan,
264 1323 69 19 mäste
350 1322 41 20 den
408 1321 120 22 ledsamma
543 1321 81 27 följden
640 1321 23 21 af
678 1323 31 19 ett
725 1321 89 21 svenskt
830 1320 31 22 lä-

110 1357 87 21 roverks
226 1356 123 22 inrättande
378 1357 7 21 i
414 1364 26 14 en
470 1359 49 19 rent
547 1356 55 22 finsk
631 1357 59 21 trakt
717 1356 68 22 blifva
811 1357 49 26 den,

109 1394 33 19 att
174 1393 35 21 det
242 1399 83 15 samma
355 1395 79 19 nästan
465 1393 140 21 uteslutande
634 1392 87 22 arbetar
752 1392 33 22 för
818 1393 41 20 den

110 1428 91 21 svenska
229 1428 147 27 minoriteten,
406 1435 49 15 men
478 1429 98 21 deremot
601 1428 99 21 beröfvar
727 1428 43 21 den
793 1428 67 21 oänd-

110 1463 41 27 ligt
174 1464 103 21 talrikare
298 1463 69 22 finska
390 1464 154 27 befolkningen
568 1464 86 21 tillfälle
674 1466 33 19 att
725 1463 70 21 skaffa
813 1463 48 21 sina

189 1506 106 19 Allmänna
312 1506 184 20 Besvärsutskottets
512 1506 116 20 betänkande
644 1506 37 19 N:o
698 1506 30 19 21.
