2108 1739
125 326 294 27 Ekonomiutskottets
446 323 106 30 förslag
578 321 41 24 till
646 317 272 32 sammanjemkning
945 316 30 23 af
990 315 108 28 Stårens
1125 317 157 32 skiljaktiga
1309 317 93 24 beslut
1421 315 48 26 vid
1486 314 210 31 behandlingen
1714 313 31 24 af
1760 312 151 24 utskottets
1928 311 49 24 be-

192 371 141 25 tänkande
359 371 53 24 N:o
438 377 16 24 4
474 369 8 24 i
501 367 152 31 anledning
671 366 29 24 af
714 368 100 21 trenne
833 364 78 24 inom
929 362 155 30 Borgarth
1110 362 222 26 Bondeständen
1358 361 175 25 framställda
1551 358 239 34 petitionsförslag
1810 356 124 34 rörande
1952 356 26 31 ej

193 418 110 25 mindre
329 424 35 17 en
383 412 295 29 öfverenstämmande
696 410 142 32 reglering
857 410 29 23 af
901 407 112 26 landets
1031 407 111 36 irelning
1161 410 8 25 i
1188 408 225 30 administrativt,
1428 407 126 33 judicielt
1572 406 55 25 och
1645 404 189 26 ecklesiastikt
1846 402 132 26 afseende

143 580 91 21 Klämm.

193 467 36 23 än
247 462 198 32 förändringar
462 461 9 25 i
489 459 139 27 särskilda
646 458 78 33 delar
742 457 29 25 af
785 455 122 26 berörde
920 453 134 31 indelning

269 560 154 26 Ridderskapet,
452 558 26 34 och

329 588 82 22 -Adeln,
424 593 2 3 *
440 588 14 9 *
465 593 8 2 *
556 572 166 23 Presteständet.

828 564 185 36 Borgareständet.
1112 564 164 22 Bondeständet.

1489 562 121 21 Utskottets
1625 560 79 27 förslag
1718 559 33 22 till
1766 558 81 28 ätgärd.

182 678 19 20 1.
229 666 18 41 |
256 675 50 22 har,
317 666 81 41 antagit
419 674 73 29 betän-
502 666 15 41 |
521 672 44 21 har.
585 671 82 26 antagit
685 670 73 21 betän-

272 700 84 35 kandet.
418 702 36 5 BS
530 700 90 22 *kandet.

184 964 19 20 [9]

260 962 38 21 har
321 959 81 28 antagit:
423 959 141 28 betän--|-har
586 957 82 26 antagit
689 957 72 20 betän-

274 986 84 36 kandet.
540 986 84 22 kandet.

786 668 40 21 har
850 667 48 23 med
922 665 156 23 förkastandear
1092 662 95 27 godkänt
1201 661 145 22 betänkandet

801 697 24 20 af
844 696 116 21 utskottets
979 692 122 23 resolumed
1109 691 70 21 dertill
1189 690 73 27 fogadt
1270 690 76 21 sådant

802 724 141 26 tionsförslag,
972 720 160 27 beslutitillägg,
1154 720 33 20 att
1208 719 54 21 Uleå
1280 718 66 21 härad

802 753 91 26 anhålla,
924 753 32 20 att
985 749 135 28 ätgäranätte
1139 748 23 21 sä
1177 748 43 21 fort
1234 753 45 15 som
1294 747 52 26 möj-

803 782 68 21 blefve
900 781 99 26 vidtagen
1028 778 64 26 tilligt
1119 777 39 21 och
1183 776 118 22 oberoende
1326 775 22 21 af

803 817 24 15 en
833 807 261 25 öfverensstämmand(dden
1119 805 106 22 allmänna
1246 804 100 27 reglerin-

803 839 107 26 indelning
932 838 23 21 af
967 837 72 21 landet
1053 838 47 23 gen,
1124 834 57 21 delas
1203 834 6 20 i
1228 833 35 22 tvä
1278 833 69 21 skilda

801 867 102 28 judicielt,
928 863 192 26 administradelar,
1136 863 27 26 pä
1178 863 42 20 sätt
1234 862 113 27 petitionä-

804 897 39 21 tivt
861 896 40 21 och
919 894 173 23 ecklesiastikren
1110 891 135 21 Tuomikoski
1260 890 86 22 föresla-

805 921 104 34 afseende.
1056 921 35 26 git.

790 955 39 20 har
852 953 46 22 icke
920 951 160 28 uttryckligerar
1102 949 105 21 förkastat
1222 949 40 20 den
1280 948 67 21 andra

805 982 72 22 utlätit
901 982 31 27 sig
953 978 215 30 angäendklämmen.

805 1012 42 21 den
863 1011 67 21 andra
945 1010 113 22 klämment

805 1040 100 22 innehåll.

950 1290 122 27 Helsingfon
1088 1293 26 21 12
1129 1291 41 27 maj
1187 1292 60 21 1885.

1370 660 94 22 Emedan
1477 659 38 22 två
1530 659 67 21 Stånd
1610 658 81 27 antagit
1701 658 116 22 utskottets
1830 656 138 26 formulering

1391 690 52 20 utan
1465 688 88 27 ändring
1575 688 51 21 eller
1647 687 80 26 tillägg,
1752 686 97 27 inbjudas
1864 686 103 25 Borgare-

1392 717 39 22 och
1445 716 163 22 Bondestånden
1622 717 39 24 att,
1676 715 33 21 till
1723 715 103 21 vinnande
1840 713 23 22 af
1870 713 97 22 fullstän-

1392 746 35 50 fig
1435 745 214 50 jständerpluralitet,
1671 745 78 26 antaga
1764 743 115 22 utskottets
1894 742 74 21 betän-

1407 781 60 15 ande.

1372 946 94 22 Emedan
1481 945 36 21 tvä
1532 945 67 21 Ständ
1609 944 82 27 antagit
1701 943 115 22 utskottets
1827 942 139 27 betänkande,

1392 975 33 21 fär
1443 974 105 21 utskottet
1563 973 33 21 till
1611 973 104 21 vinnande
1730 972 23 22 af
1766 972 201 26 Ständerpluralitet

1392 1003 108 22 vördsamt
1514 1009 107 20 uppmana
1635 1002 104 27 Borgare-
1754 1001 40 22 och
1804 1001 163 21 Bondeständen

1392 1033 33 20 att
1437 1031 77 27 jemväl
1528 1033 53 25 göra
1596 1031 41 21 det.

1647 1069 6 7 «
