1061 1717
202 104 15 21 4
399 103 238 23 Petitionshetänkande
652 102 37 23 N:o
705 102 34 22 31.

207 164 80 20 skänka
302 164 72 26 frägan
390 171 25 13 en
432 164 105 21 önskvärd
553 164 187 26 uppmärksamhet,
755 163 61 20 utber
826 162 38 26 jag
874 162 41 26 mig
926 164 31 18 att

204 194 21 19 få
247 194 125 20 återkomma
387 194 32 20 till
435 194 52 20 dem.
518 194 34 20 Nu
568 195 36 19 ber
616 194 38 26 jag
669 194 53 19 blott
737 192 122 26 ödmjukast,
875 195 31 17 att
921 192 35 20 det

203 223 104 26 vällofliga
329 224 83 20 ständet
434 225 64 19 mätte
522 224 23 20 af
562 224 52 24 skäl,
635 230 43 14 som
691 223 36 26 jag
743 222 63 21 redan
821 222 45 20 haft
881 225 50 17 äran
947 222 7 19 i

201 253 85 20 korthet
301 253 98 26 förebära,
416 256 92 24 upptaga
524 254 67 20 denna
606 253 60 26 fråga
681 260 44 13 som
740 252 32 20 sin
788 255 53 17 samt
856 253 26 25 gå
896 252 6 19 i
912 251 40 20 för-

202 282 91 26 fattning
313 283 75 26 derom,
410 286 31 17 att
461 284 83 20 landets
565 290 28 13 nu
614 282 121 21 församlade
751 282 85 20 ständer
851 282 48 20 ville
915 282 37 19 hos

203 312 59 20 Hans
285 313 96 25 Majestät
403 314 38 19 vär
464 313 115 21 Storfurste
602 313 7 19 i
631 312 166 26 underdänighet
816 312 86 26 anhälla,
918 311 36 20 det

202 342 95 20 Joensuu
317 342 127 27 fyrklassiga
465 344 96 20 läroverk
577 344 63 19 mätte
655 342 97 26 utvidgas
768 342 31 20 till
814 344 31 18 ett
859 341 94 21 fullstän-

203 372 46 25 digt
265 372 99 21 klassiskt
379 373 82 26 lyceum
478 374 38 19 och
531 376 32 16 att
578 373 46 20 med
640 372 67 20 denna
723 372 125 25 utvidgning
863 371 91 26 päbörja-

203 402 37 20 des
255 402 65 20 redan
335 403 188 20 nästinstundande
538 403 53 21 höst.

273 438 136 27 Helsingfors,
426 439 39 20 den
482 439 30 21 24
527 439 87 20 Januari
632 437 62 22 1885.

685 484 23 22 F.
724 484 153 29 Neppenström.

275 599 160 28 (Öfversättning.)

335 641 54 20 Till
412 642 173 20 hedervärda
605 641 214 20 Bondeständet.

275 683 40 19 För
337 685 30 18 att
387 683 95 26 uppfylla
498 690 24 13 en
538 683 52 26 liflig
606 683 78 20 önskan
700 682 81 21 uttalad
796 682 23 19 af
832 682 48 21 flere
896 682 56 19 kom-

203 719 72 13 muner
291 712 7 19 i
314 713 158 20 Nord-Karelen
488 714 53 25 väga
557 713 20 20 vi
593 713 65 20 väcka
674 713 58 25 fräga
748 719 32 13 om
795 712 127 26 utvidgande
932 711 24 20 af

201 742 94 20 Joensuu
311 742 125 26 fyrklassiga
451 743 81 26 lyceum
548 743 31 20 till
595 745 30 18 ett
640 742 132 25 fullständigt
787 742 101 20 läroverk.
910 741 43 20 Det

201 775 23 16 är
247 775 52 22 sant,
324 775 30 17 att
378 773 67 19 denna
468 772 32 20 för
523 773 35 20 det
581 773 128 20 vidsträckta
732 779 61 12 norra
816 772 90 19 Karelen
929 773 23 18 sä

202 801 80 26 vigtiga
302 801 58 26 fräga
378 802 55 19 varit
448 802 85 20 föremäl
548 802 32 20 för
596 802 117 20 diskussion
725 803 26 24 pä
761 805 32 16 tre
804 804 82 17 senaste
897 803 55 18 stän-

201 831 106 20 dermöten
329 832 37 19 och
384 831 63 20 hafva
462 832 68 19 skilda
545 832 61 20 ständ
622 833 26 25 pä
664 831 67 20 skilda
746 831 54 20 tider
815 831 90 26 upprädt
920 830 32 20 för

201 861 37 19 och
262 863 59 24 emot,
346 862 22 19 sä
390 864 31 17 att
442 868 25 13 en
484 862 6 19 i
506 862 33 25 lag
555 862 94 19 bestämd
664 861 106 26 pluralitet
785 861 19 25 ej
820 861 85 19 kommit
920 861 32 19 till

200 890 68 19 ständ.
299 891 42 19 Det
356 891 127 26 högvördiga
499 891 157 20 Presteständet
671 891 38 20 har
725 891 57 19 alltid
799 891 53 25 tagit
867 890 64 20 saken
945 890 7 19 i

200 919 87 26 försvar,
303 920 66 20 likaså
384 920 112 26 höglofliga
511 921 153 26 Ridderskapet
680 921 37 20 och
733 921 68 19 Adeln
811 921 27 25 pä
850 920 56 21 1877
918 921 34 18 års

199 949 101 25 landtdag
324 951 37 18 och
382 950 35 20 det
438 951 129 20 hedervärda
586 950 156 21 Bondeständet
761 951 26 25 pä
801 949 151 26 landtdagarna

201 978 58 21 1872
283 979 38 20 och
346 979 62 22 1882.
440 980 78 20 Likasä
540 981 38 19 har
598 981 40 19 den
659 980 52 20 efter
730 980 56 21 1877
804 981 33 18 ärs
853 979 99 26 landtdag

201 1008 97 20 nedsatta
321 1009 137 20 skolkomiten
482 1009 106 26 föreslagit
607 1009 138 26 utvidgandet
765 1009 22 20 af
800 1010 93 19 Joensuu
909 1009 43 26 fyr-

199 1037 92 26 klassiga
313 1039 81 25 lyceum
417 1040 32 19 till
472 1042 30 17 ett
525 1039 131 26 fullständigt
676 1039 100 27 läroverk,
795 1039 80 20 hvilket
890 1038 61 21 äfven

199 1067 208 27 skolöfverstyrelsen
426 1069 26 19 dä
469 1069 118 26 tillstyrkte.
617 1069 42 20 Det
674 1069 87 20 rättvisa
776 1069 7 19 i
799 1075 25 14 en
840 1068 64 20 sådan
920 1069 30 19 ät-

198 1097 53 25 gärd
275 1098 37 19 har
335 1098 80 20 säledes
438 1100 28 24 pä
486 1100 75 25 mänga
579 1099 42 20 häll
636 1099 69 20 blifvit
719 1099 70 20 insedt
804 1099 38 19 och
857 1098 93 20 erkändt.

199 1126 44 20 Och
259 1127 57 20 detta
334 1128 38 19 har
391 1129 59 25 längt
471 1128 53 20 ifrän
544 1129 55 20 skett
614 1129 7 19 i
636 1129 50 25 följä
703 1128 22 20 af
739 1135 24 13 en
775 1129 67 24 slump
853 1131 23 22 ty
886 1128 64 19 Joen-

199 1163 40 12 suu
259 1157 129 20 skolomräde
408 1157 98 20 omfattar
526 1165 25 13 en
567 1158 69 20 tionde
652 1159 50 19 eller
717 1165 25 13 en
758 1157 49 20 elfte
823 1158 33 19 del
872 1157 23 20 af
907 1157 42 20 lan-

198 1185 46 20 dets
269 1186 46 20 hela
335 1186 120 27 folkmängd
475 1189 37 19 och
528 1188 35 19 det
579 1188 105 26 betydliga
700 1188 55 19 antal
771 1188 73 25 elever,
860 1194 42 13 som
918 1194 32 13 re-

199 1215 41 19 dan
256 1215 67 20 under
339 1223 25 13 en
379 1217 72 25 längre
468 1217 30 20 tid
514 1217 7 19 i
537 1217 71 20 skolan
624 1217 86 26 ätnjutit
725 1217 156 26 undervisning,
896 1217 55 20 bevi-

200 1251 34 13 sar
255 1245 52 26 bäst,
329 1249 30 16 att
380 1249 30 17 ett
431 1247 91 25 verkligt
537 1247 169 26 bildningsbehof
719 1247 110 20 förefinnes
845 1248 26 24 pä
886 1249 64 17 orten.

273 1275 38 19 Om
335 1276 20 20 vi
378 1276 7 19 i
406 1279 76 17 största
503 1277 149 26 skyndsamhet
671 1277 61 19 kasta
751 1283 25 13 en
792 1277 55 19 blick
862 1277 26 25 pä
903 1277 47 19 värt

200 1304 61 20 lands
285 1305 141 26 skolväsende,
450 1309 78 23 öppnar
551 1307 32 25 sig
606 1306 31 20 för
660 1308 50 18 våra
730 1309 52 23 ögon
806 1313 25 13 en
854 1306 96 20 märkbar

197 1334 68 25 lucka,
289 1334 55 20 hvad
367 1336 158 20 Nord-Karelen
545 1336 103 20 beträffar.
679 1336 41 20 För
739 1336 128 20 närvarande
882 1336 67 19 finnas

198 1363 7 19 i
220 1363 72 20 landet
308 1364 29 20 20
353 1364 135 27 fullständiga
503 1366 121 26 statslyceer
640 1366 37 20 och
694 1372 25 14 en
735 1366 33 20 hel
783 1366 77 25 mängd
871 1366 78 19 mindre

196 1392 71 20 skolor
286 1393 105 21 ätvensom
412 1394 50 22 fiere
481 1396 75 26 iyceer,
572 1396 25 20 de
616 1396 36 20 der
672 1396 81 25 åvnjäta
776 1395 173 27 statsunderstöd,

196 1422 38 19 och
258 1423 80 19 ändock
361 1427 23 17 är
403 1425 125 20 elevantalet
542 1426 7 18 i
565 1426 64 25 några
644 1425 101 26 läroverk,
762 1424 61 21 äfven
838 1425 7 19 i
861 1425 25 20 de
901 1424 48 20 full-

197 1452 102 27 ständiga,
316 1453 80 21 mindre
412 1457 26 17 än
454 1455 8 19 i
477 1454 93 20 Joensuu
586 1454 67 20 finska
668 1455 86 25 lyceum,
770 1455 38 20 och
824 1462 32 12 om
869 1455 21 19 vi
898 1455 50 25 jem-

317 1495 109 20 Allmänna
443 1496 187 20 Besvärsutskottets
646 1496 117 20 betänkande
779 1497 37 19 N:o
832 1498 32 19 21.
