1061 1717
221 117 28 20 14
428 114 239 24 Petitionsbetänkande
682 114 37 23 N:o
735 114 34 22 31.

220 182 38 20 och
281 189 25 13 en
329 182 60 26 finsk,
405 189 63 19 synas
491 183 44 19 skäl
559 188 49 14 vara
628 182 32 20 för
676 182 82 20 handen
775 184 36 23 att,
827 181 31 20 för
873 181 95 26 tillgodo-

221 212 75 20 seende
319 212 23 20 af
361 212 57 20 såväl
436 212 26 20 de
477 212 64 20 finsk-
557 218 41 14 som
616 211 171 21 svensktalandes
802 211 68 27 behof,
886 212 82 19 skolans

221 242 223 26 undervisningsspråk
467 242 74 21 blifver
563 242 92 25 liktidigt
678 244 53 17 samt
744 241 122 25 jemnsidigt
882 241 86 20 svenskt

221 272 38 19 och
274 271 69 21 finskt.

293 302 48 20 Med
356 302 96 20 afseende
468 303 12 19 å
495 302 84 20 anförda
602 301 176 26 omständigheter
793 302 65 24 vågar
870 300 37 26 jag
923 300 47 20 der-

221 331 31 20 för
268 332 65 25 enligt
347 332 94 26 uppdrag
457 332 23 19 af
492 332 55 20 mina
561 332 81 20 valmän
659 331 104 20 vördsamt
778 331 87 26 anhålla,
877 330 34 20 det
922 330 48 20 ville

221 361 175 26 Borgareståndet
409 361 72 21 förena
496 362 33 25 sig
544 368 32 13 om
592 368 25 14 en
633 361 130 25 underdånig
778 360 97 26 petition:

400 393 29 18 att
444 393 26 18 ett
484 392 117 24 fyrklassigt
616 392 74 24 lyceum
705 390 42 20 med
763 390 92 20 blandadt
871 390 97 20 undervis-

364 422 116 25 ningsspråk
503 422 58 19 måtte
576 422 85 19 inrättas
676 421 9 19 i
703 420 74 20 Torneå
791 420 45 20 stad
851 420 33 20 och
899 420 67 20 derva-

364 451 60 20 rande
439 452 119 24 tvåklassiga
573 451 157 20 elementarskola
747 450 99 25 indragas.

297 499 157 25 Helsingfors,
471 499 35 20 den
521 500 28 19 29
565 499 89 20 Januari
671 500 64 18 1885.

712 550 47 22 Carl
775 550 121 23 Nummelin.

383 671 49 20 Till
447 671 136 26 Vällofliga
598 671 217 26 Borgareståndet

455 707 35 20 vid
507 707 56 22 1885
580 709 33 18 års
628 707 111 26 landtdag!

282 754 41 21 Vid
339 758 81 17 senaste
435 755 138 20 ständermöte
595 755 53 20 hade
668 754 156 21 undertecknad
841 755 11 19 å
868 755 44 19 sina
928 755 42 19 val-

222 787 59 17 mäns
296 787 78 23 vägnar
390 787 48 17 äran
454 785 122 26 petitionera
591 791 32 13 om
638 785 117 20 inrättande
770 784 23 20 af
806 787 31 17 ett
851 784 122 26 fyrklassigt

221 814 81 25 lyceum
318 814 30 19 uti
364 814 82 26 Kajana
462 815 46 19 stad
524 815 6 19 i
546 815 68 19 stället
629 814 32 20 för
676 815 41 19 den
727 814 127 25 tvåklassiga
865 814 105 26 realskola,

223 850 43 13 som
281 843 107 21 derstädes
403 844 115 20 existerade
533 845 38 19 och
586 844 64 25 enligt
666 844 102 19 allmänna
784 844 80 25 åsigten
874 845 26 24 på
913 847 59 17 orten

221 873 47 20 icke
283 874 129 19 motsvarade
428 874 36 20 sitt
480 874 99 20 ändamål.
610 874 82 25 Skälen,
707 874 80 25 hvarpå
801 873 68 20 denna
884 873 87 26 petition

221 903 125 25 grundades,
361 903 67 20 finnas
451 903 84 26 angifna
549 904 8 19 i
572 904 46 19 mitt
640 903 203 26 petitionsmemorial
865 903 23 20 af
901 903 39 20 den
957 903 13 21 6

221 931 61 21 Febr.
299 932 63 27 1882,
378 933 77 20 infördt
471 935 11 18 &
497 940 60 19 pagg.
574 933 28 21 26
618 934 18 19 &
652 933 27 21 27
696 933 7 20 i
718 933 110 20 Allmänna
848 933 122 20 Besvärsut-

222 962 89 20 skottets
326 963 35 20 vid
377 969 77 14 samma
469 964 33 19 års
517 963 99 25 landtdag
631 963 131 20 betänkande
772 963 39 20 N:o
827 962 32 21 13.
883 963 10 19 I
904 963 66 20 öfver-

221 993 155 19 ensstämmelse
398 993 47 19 med
466 993 34 20 det
515 993 82 25 förslag,
614 999 42 14 som
672 993 24 19 af
708 992 93 20 bemäida
817 992 85 20 Utskott
918 999 50 20 upp-

221 1021 89 26 gjordes,
326 1022 77 20 beslöto
419 1022 99 20 Finlands
533 1023 93 26 Ständer,
642 1025 32 17 att
689 1021 128 21 beträffande
827 1022 99 20 särskildt
934 1022 34 20 det

221 1051 7 19 i
243 1051 83 26 Kajana
341 1052 105 25 befintliga
460 1052 117 20 läroverket
591 1053 37 19 hos
644 1053 59 18 Hans
718 1051 118 26 Kejserliga
851 1052 97 25 Majestät
962 1052 7 19 i

221 1081 166 26 underdänighet
402 1081 86 26 anhålla,
503 1085 30 16 att
549 1082 25 19 de
590 1082 22 19 af
624 1081 110 20 framlidne
755 1081 216 20 Referendariesekre-

221 1113 82 17 teraren
318 1111 81 20 Henrik
414 1111 102 20 Reinhold
538 1111 58 20 Bäck
614 1118 74 19 genom
703 1111 168 20 testamentarisk
886 1111 85 26 disposi-

221 1140 44 19 tion
280 1140 32 19 till
327 1140 78 20 förmän
420 1141 32 19 för
468 1141 117 20 skolverket
600 1141 7 20 i
622 1141 55 20 förra
692 1134 46 26 Äbo
754 1140 45 21 stift
815 1141 102 20 donerade
930 1147 40 14 me-

221 1169 34 20 del
271 1171 62 19 mätte
349 1170 31 20 till
395 1171 35 19 det
445 1171 47 19 med
507 1171 46 20 dem
569 1171 83 20 afsedda
668 1171 93 19 ändamäl
777 1170 111 26 användas,
896 1177 26 13 en
932 1177 39 13 un-

221 1199 101 26 derdänig
336 1200 92 27 petition,
440 1200 83 20 hvartill
538 1201 58 19 Hans
612 1200 117 25 Kejserliga
744 1200 97 25 Majestät
856 1200 116 20 sedermera

221 1229 38 19 ock
276 1229 7 19 i
298 1229 70 20 Näder
384 1230 108 25 samtyckt.

296 1259 72 19 Ehuru
390 1259 114 20 invänarne
527 1259 6 20 i
556 1259 82 26 Kajana
660 1259 47 20 stad
730 1259 47 20 med
800 1259 27 19 all
842 1259 128 20 tacksamhet

221 1289 107 25 emottagit
344 1289 57 19 detta
416 1289 58 20 bevis
489 1290 27 25 pä
531 1289 56 20 säväl
602 1289 201 26 representationens
819 1295 43 13 som
880 1289 90 25 regerin-

221 1324 52 19 gens
289 1318 125 20 omvärdnad
437 1326 32 12 om
490 1319 59 20 deras
569 1319 108 26 intressen,
694 1319 37 19 har
753 1318 53 20 dock
822 1318 40 20 den
879 1325 91 20 succurs,

221 1354 44 13 som
288 1348 92 25 lemnats,
396 1348 45 20 icke
462 1349 7 19 i
491 1348 112 20 nämnvärd
625 1350 47 18 män
695 1348 122 20 förändradt
832 1348 35 20 det
882 1348 88 25 tidigare

221 1377 100 25 sakläget.
351 1374 63 23 Ännu
434 1378 157 24 tillkännagifva
613 1378 55 20 mina
691 1378 87 23 valmän,
799 1380 31 17 att
850 1378 60 19 deras
925 1377 45 20 lifli-

219 1409 66 23 gaste,
301 1407 61 20 deras
384 1410 54 18 mest
460 1410 101 23 enträgna
581 1408 79 20 önskan
677 1407 34 20 för
724 1407 131 21 närvarande
869 1414 55 20 vore,
939 1410 32 17 att

220 1436 31 20 till
268 1437 32 19 sin
316 1437 47 19 stad
378 1437 21 19 fä
414 1440 30 17 ett
459 1437 122 27 fyrklassigt
595 1437 206 20 elementarläroverk
817 1437 47 19 med
883 1436 87 26 finskan,

220 1467 68 19 såsom
310 1467 80 26 hittills,
406 1467 31 19 till
458 1467 229 26 undervisningsspräk,
704 1467 37 19 och
764 1466 63 20 hafva
847 1466 122 20 valmännen

291 1508 107 20 Allmänna
413 1508 182 20 Besvärsutskottets
611 1508 117 20 betänkande
744 1508 37 19 N:o
797 1509 32 19 21.
