1061 1717
331 78 238 23 Petitionsbetänkande
584 80 40 22 N:o
642 78 19 23 1.
814 80 29 22 83

122 146 28 19 än
165 144 48 22 från
229 144 98 28 Kaipiais
343 144 34 22 till
392 145 80 22 Kotka.
496 146 49 21 Alla
553 146 27 21 de
591 146 132 28 företräden,
734 153 46 15 som
792 146 83 22 sträck-

121 180 80 27 ningen
225 180 201 22 Kouvola--Kotka
442 181 101 27 erbjuder
565 181 91 22 framför
679 182 27 22 de
726 182 57 22 båda
799 182 77 27 andra,

123 216 40 22 och
185 216 74 22 hvilka
282 216 130 22 framhållits
436 217 60 22 såväl
515 217 23 22 af
553 218 57 22 1882
626 219 37 20 års
676 218 197 28 jernvägsutskott,

121 258 47 16 som
184 252 63 22 äfven
263 252 7 22 i
285 259 31 15 nu
331 252 147 28 föreliggande
494 253 218 27 petitionsmemorial
731 254 40 22 och
790 254 26 22 de
828 254 46 22 det-

122 295 83 16 samma
221 288 118 28 åtföljande
354 289 92 27 bilagor,
462 291 38 19 äro
516 289 56 22 dock
587 289 69 28 enligt
671 290 121 22 utskottets
807 290 67 22 tanke

122 326 25 21 så
161 325 129 27 betydande,
311 326 34 20 att
364 326 26 20 de
405 332 47 15 mer
468 327 27 19 än
510 326 35 21 väl
561 328 100 24 uppväga
676 326 95 22 nämnda
787 326 86 28 olägen-

121 361 39 22 het
175 360 34 22 för
224 361 41 21 den
281 361 163 27 genomgående
460 360 92 23 trafiken
568 361 48 22 från
633 361 112 29 Savolaks,
763 368 45 16 som
820 368 53 21 upp-

121 397 63 21 stode
199 403 78 21 genom
293 397 91 21 anförda
402 398 28 21 27
446 399 70 20 versts
532 400 83 24 omväg.
646 398 83 21 Härvid
744 398 40 21 bör
800 399 75 21 dessu-

122 436 45 19 tom
183 433 94 28 märkas,
293 435 34 20 att
342 433 33 22 för
391 433 203 22 Kouvola—Kotka
609 434 72 21 banan
697 434 64 22 äfven
776 435 43 21 kan
835 435 37 26 pä-

121 470 80 21 räknas
217 471 71 26 någon
304 470 162 27 genomgående
481 469 65 22 trafik
561 470 48 21 från
624 472 74 20 vestra
713 471 70 21 sidan.

190 518 34 21 Då
244 518 43 27 det,
304 519 71 21 såsom
391 525 27 14 ur
433 518 63 22 ofvan
512 518 85 22 införda
612 519 94 21 relation
722 519 102 28 framgår,
841 519 30 21 vi-

123 556 34 19 sat
173 554 33 27 sig
222 561 52 14 vara
290 555 59 21 svårt
365 557 33 19 att
414 554 21 22 få
448 555 119 27 jernvägen
582 555 48 21 från
646 555 99 22 Kouvola
757 555 34 22 till
801 555 73 22 Kotka

121 591 120 21 realiserad
262 591 49 21 med
333 591 93 26 tillhjelp
448 590 24 22 af
486 591 42 21 den
543 591 67 21 redan
627 591 107 27 beviljade
751 591 123 22 subventio-

122 633 49 21 nen,
193 627 39 20 och
253 626 102 21 anhållan
371 633 30 15 nu
417 627 133 21 framställer
566 627 78 21 endast
660 633 34 15 om
710 629 33 20 ett
759 627 115 21 amortisa-

122 662 101 27 tionslån,
232 662 94 21 hvilkets
337 662 119 27 regelrätta
464 663 132 26 amortering
607 669 78 21 genom
697 663 42 22 den
750 669 124 21 praesume-

122 699 53 21 rade
197 700 62 19 netto
277 698 153 27 behållningen
450 698 23 22 af
492 698 92 22 trafiken
604 699 40 21 och
660 699 26 21 de
702 699 77 27 bidrag
795 699 7 21 i
819 699 54 21 form

122 733 25 22 af
160 734 109 21 särskilda
283 734 151 27 förbindelser,
450 740 46 15 som
512 734 74 21 Kotka
601 735 49 20 stad
666 734 100 28 utlofvat,
782 735 43 21 kan
837 741 37 15 an-

123 776 34 16 ses
178 777 51 14 vara
249 769 51 22 fullt
321 770 129 27 säkerstäld,
471 771 41 20 har
527 771 108 20 utskottet
651 771 49 20 med
717 770 158 27 öfvervägande

123 806 110 27 majoritet
253 806 58 21 velat
332 805 88 22 förorda
436 806 37 21 det
489 812 76 15 senare
581 806 140 21 alternativet
737 806 7 21 i
760 805 114 28 petitions-

122 842 144 22 memorialet.

193 889 70 22 Ofvan
283 890 90 27 intagna
394 889 269 28 rentabilitetsberäkning
686 890 83 21 utvisar
793 891 33 20 att
848 896 27 15 en

122 925 187 28 nettobehållning
325 925 24 22 af
362 926 82 27 40,000
459 926 64 21 mark
546 928 25 19 är
594 927 33 20 att
637 926 104 27 påräkna,
753 926 7 21 i
771 925 104 22 händelse

122 961 72 22 banan
210 961 104 22 förvaltas
330 961 23 21 af
366 961 72 27 privat
453 961 71 27 bolag.
550 961 33 22 De
598 961 84 28 bidrag,
698 961 88 22 hvartill
802 961 74 22 Kotka

122 997 49 22 stad
186 997 113 22 förbundit
315 997 39 28 sig,
370 997 65 27 stiga,
452 997 70 27 enligt
537 997 103 22 medeltal
656 997 34 21 för
702 999 87 20 senaste
799 999 34 19 tre
844 997 31 26 år,

122 1033 35 21 till
182 1033 80 28 12,830
285 1033 69 21 mark.
386 1033 168 27 Sammanlagda
577 1033 102 27 beloppet
700 1033 23 21 af
738 1033 64 21 dessa
817 1039 58 15 sum-

123 1075 48 15 mor
181 1069 52 21 eller
256 1069 82 27 52,830
354 1069 62 21 mark
438 1071 66 25 utgör
525 1069 66 27 riklig
606 1071 64 19 ränta
686 1069 39 21 och
743 1068 133 27 amortering

121 1106 29 25 på
165 1105 97 27 900,000
277 1105 68 21 mark.

191 1153 58 21 Iden
260 1153 191 26 praesummerade
462 1152 216 27 nettobehållningen
689 1153 62 26 ingår
762 1152 56 21 dock
829 1151 48 22 icke

122 1187 153 28 behållningen
281 1188 24 21 af
309 1195 27 15 en
345 1188 114 22 förutsedd
468 1189 161 26 genomgående
639 1188 65 21 trafik
710 1188 48 21 från
765 1187 111 27 Savolaks,

123 1224 90 21 emedan
225 1225 70 21 denna
309 1224 47 22 icke
370 1225 86 20 kunnat
466 1231 39 14 ens
516 1224 168 27 approximativt
698 1224 115 27 beräknas,
827 1230 51 15 men

122 1259 88 22 hvilken
219 1260 122 27 säkerligen
353 1260 47 21 icke
409 1259 43 22 blir
460 1261 54 20 utan
522 1259 117 28 betydelse.
656 1259 59 22 Sulle
724 1259 56 22 dock
794 1259 42 21 den
844 1258 34 21 för

122 1296 71 22 lånets
201 1296 134 27 amortering
340 1296 125 22 beräknade
471 1302 100 16 summan
577 1296 47 21 icke
631 1295 84 27 utfalla,
722 1296 57 21 huru
785 1300 92 16 osanno-

122 1332 43 21 likt
171 1332 61 21 detta
237 1331 63 22 äfven
305 1332 44 21 kan
355 1338 59 21 vara,
421 1334 25 19 är
452 1333 83 20 statens
541 1332 52 26 risk,
599 1337 35 15 om
644 1331 42 21 den
691 1331 84 21 lemnar
782 1330 95 22 nämnda

121 1367 143 29 lånesumma,
272 1368 110 27 knappast
389 1369 78 26 någon.
484 1367 76 22 Redan
573 1368 41 21 den
622 1367 111 21 indirekta
748 1367 65 27 vinst,
830 1372 47 16 som

120 1403 213 27 jernvägsföretaget
347 1404 84 21 lemnar
446 1405 81 26 staten,
543 1404 69 21 måste
633 1405 98 25 uppväga
742 1403 72 21 denna
824 1402 53 22 risk.

193 1440 32 21 På
245 1440 71 26 grund
337 1439 23 21 af
379 1440 38 21 det
432 1439 68 27 sagda
516 1439 33 21 får
565 1439 114 27 utskottet,
700 1439 4 21 i
719 1440 111 20 närmaste
847 1438 31 21 öf-

202 1482 197 25 Jernvägsutskottets
415 1481 118 20 betänkande
549 1482 37 20 N:o
602 1482 18 20 3.
