1061 1717
455 155 11 23 $
484 154 32 20 19.

178 193 85 21 Tvenne
286 192 24 22 af
328 193 60 21 Hans
404 193 120 27 Kejserliga
539 194 101 27 Majestät
656 195 32 20 uti
703 195 65 27 nådig
784 202 77 20 propo-

109 226 65 22 sition
190 227 33 21 till
239 227 50 21 Wår
304 227 102 27 pröfning
417 227 158 22 öfverlemnade
586 228 229 28 författningsförslag,
825 230 37 20 det

108 267 44 15 ena
167 262 112 26 angående
294 261 94 27 lindring
396 262 7 20 i
411 262 199 26 tingsgästningens
620 264 121 26 utgörande
751 263 40 21 och
802 263 63 21 deraf

110 294 127 22 föranledda
259 296 101 26 åtgärder
381 296 135 21 beträffande
538 296 187 22 häradsrätternas
741 297 121 25 aflönande,

111 332 55 18 samt
181 330 36 20 det
239 330 68 20 andra
329 331 112 26 angående
464 330 168 26 häradsnämnd,
648 331 65 21 hafva
729 331 33 21 Wi
777 332 85 27 antagit

111 364 49 20 med
176 364 66 26 några
258 364 82 21 mindre
356 364 123 27 ändringar,
495 364 73 22 hvilka
583 365 69 21 finnas
668 368 113 25 upptagna
792 366 8 20 i
813 366 49 21 Wår

112 398 41 21 den
171 399 25 21 18
211 398 145 22 innevarande
379 398 42 28 Maj
446 398 32 21 till
502 399 59 21 Hans
581 399 120 28 Kejserliga
715 400 102 27 Majestät
832 401 30 20 af-

111 432 60 22 låtna
193 433 150 27 underdåniga
357 433 111 22 skrifvelse
483 433 7 21 i
506 435 79 24 ämnet,
601 435 32 20 uti
649 434 87 22 hvilken
752 435 111 21 skrifvelse

112 467 34 20 Wi
161 467 103 27 derjemte
279 467 79 21 uttalat
374 474 26 14 en
415 468 135 27 underdånig
561 468 82 21 önskan
660 476 34 13 om
710 469 153 27 föreläggande

113 501 24 21 af
149 501 116 28 lagförslag
275 502 111 26 angående
398 502 153 27 upphäfvande
563 503 24 20 af
595 503 42 20 den
648 503 64 21 frihet
722 503 49 21 från
783 503 80 28 skjuts-

114 535 171 27 ningsbesvärets
308 537 126 26 utgörande,
454 543 45 14 som
516 537 65 26 enligt
597 544 30 13 nu
642 537 100 27 gällande
758 537 106 22 öfverhet-

113 569 44 27 liga
179 571 88 26 stadgar
289 570 129 21 tillkommer
440 570 224 22 häradsnämndemän
688 571 32 21 för
736 572 25 20 de
777 571 25 21 af
815 573 48 20 dem

112 603 99 22 bebodda
225 604 131 27 lägenheter.

460 640 10 25 8
486 639 34 22 20.

182 678 59 21 Efter
265 679 35 20 det
317 679 33 20 Wi
365 679 24 20 af
402 679 60 20 Haus
478 679 118 27 Kejserliga
612 679 109 28 Majestätt
741 679 40 22 fätt
798 683 67 18 emot-

114 715 51 25 taga
180 713 65 27 nädig
261 713 140 27 proposition,
417 713 60 21 hvari
492 713 67 27 ingär,
576 713 94 22 förutom
685 714 80 27 förslag
781 714 34 21 till
829 714 36 27 lag

115 754 34 14 om
164 747 100 27 länsting,
281 748 38 20 tvä
334 748 69 20 andra
417 747 227 28 författningsförslag,
659 748 158 26 innefattande,
829 749 36 20 det

115 788 41 15 ena
171 781 115 22 förändrad
301 781 79 28 lydelse
396 781 34 21 för
444 782 29 21 40
488 785 11 22 $
515 782 6 20 i
538 781 152 28 förordningen
707 783 42 20 den
767 783 23 21 17
807 783 57 20 Mars

118 817 60 26 1879,
201 817 112 26 angäende
335 816 109 21 allmänna
467 815 145 28 fattigvärden
635 817 7 20 i
660 816 206 21 Storfurstendömet

119 850 99 26 Finland,
242 851 35 20 det
300 851 68 20 andra
390 850 75 27 tillägg
486 850 33 21 till
533 851 28 21 20
576 853 11 23 $
602 851 8 20 i
626 851 153 27 förordningen
795 852 42 20 den
853 852 12 20 6

115 884 104 21 Februari
236 885 61 25 1865,
313 885 110 26 angående
441 884 284 27 kommunalförvaltoingen
742 886 28 26 pä
785 885 80 25 landet,

114 918 65 22 hafva
195 919 33 20 Wi
243 919 7 20 i
265 919 133 26 underdänig
414 919 110 21 skrifvelse
539 919 24 21 af
577 920 40 20 den
631 920 25 21 18
666 919 146 22 innevarande
823 919 42 27 Maj

116 953 39 21 hos
170 953 59 21 Hans
246 953 117 28 Kejserliga
378 953 102 28 Majestät
496 953 88 24 anmält,
600 955 32 19 att
648 953 132 22 beträffande
791 953 76 22 försla-

117 995 41 21 gen
174 989 32 20 till
221 989 35 26 lag
271 995 35 14 om
321 988 94 27 länsting
430 990 57 19 samt
507 988 32 20 till
562 987 132 28 förordning,
717 988 150 21 innefattande

115 1023 117 21 förändrad
247 1023 80 27 lydelse
342 1022 33 21 för
391 1024 11 25 $
416 1023 29 20 40
460 1022 7 20 i
482 1021 154 28 förordningen
648 1023 40 20 den
703 1023 23 20 17
736 1022 58 21 Mars
806 1023 61 25 1879,

116 1058 113 26 angäende
251 1057 109 21 allmänna
382 1057 152 26 fattigvärden,
553 1056 91 21 emellan
660 1058 26 19 de
703 1057 57 21 olika
776 1057 92 20 ständen

117 1093 67 20 sädan
200 1091 182 27 samstämmighet
397 1091 48 21 icke
460 1091 84 21 kunnat
564 1091 82 25 vinnas,
663 1098 45 14 som
723 1091 33 21 för
771 1092 98 20 ständer-

118 1125 70 22 beslut
210 1126 55 21 varit
288 1125 131 27 erforderlig,
434 1125 8 20 i
457 1125 54 27 följd
533 1125 79 22 hvaraf
632 1125 75 27 frägan
723 1132 35 14 om
774 1126 95 20 nämnda

117 1159 115 28 lagförslag
248 1159 32 22 för
295 1161 72 20 denna
381 1161 57 26 gång
454 1159 100 26 förfallit;
570 1166 49 14 men
635 1160 95 21 deremot
744 1159 40 21 har
794 1159 75 22 försla-

116 1197 37 25 get
168 1194 32 21 till
215 1194 132 27 förordning,
361 1193 151 22 innefattande
528 1193 74 28 tillägg
618 1193 33 22 till
666 1194 28 21 20
708 1196 9 23 $
730 1194 7 20 i
748 1193 121 22 förordnin-

118 1235 41 20 gen
175 1229 41 20 den
232 1229 13 21 6
261 1228 104 21 Februari
381 1228 62 24 1865,
458 1228 113 27 angäende
581 1227 288 28 kommunalförvaltningen

119 1263 28 27 pä
162 1263 79 25 landet,
258 1262 23 21 af
295 1262 38 21 Oss
350 1262 141 21 oförändradt
506 1261 113 28 godkänts.

460 1316 11 24 s
490 1315 34 20 21.

186 1355 10 21 I
211 1354 151 27 hufvudsaklig
378 1354 222 22 öfverensstämmelse
615 1354 49 21 med
679 1354 57 21 hvad
751 1354 60 20 Hans
821 1354 50 26 Kej-

121 1389 76 27 serliga
221 1389 103 27 Majestät
347 1389 7 20 i
376 1388 80 22 afläten
476 1388 64 27 nädig
556 1388 139 27 proposition,
711 1388 113 27 angäende
840 1388 32 20 in-
