1061 1717
315 120 240 19 Petitidnsbetänkande
567 120 35 19 N:o
614 120 33 19 34.
824 121 11 17 5

291 176 45 17 Till
348 176 134 18 hedervärda
494 176 174 18 Bondeständet!

174 215 28 18 Då
213 216 140 22 tjenstehjonens
364 215 102 19 nuvarande
477 215 101 24 flyttnings-
591 216 32 18 och
636 216 127 23 städslingstid
775 215 83 19 inträffar

107 244 55 18 under
171 244 138 23 jordbrukarens
321 246 45 16 mest
378 244 57 18 bråda.
447 241 98 24 skördetid,
554 244 86 18 särskildt
651 245 6 17 i
666 245 70 17 landets
746 245 49 17 olika
804 243 55 24 delar,

106 272 7 18 i
124 271 62 19 hvilka
197 271 79 19 höstetid
288 272 56 18 under
355 272 79 18 Oktober
446 272 32 18 och
491 268 98 22 November
600 271 109 19 månaderna
722 270 55 20 säden
788 273 71 17 tröskas

106 301 33 17 och
157 301 64 17 samlas
238 300 7 18 i
261 300 71 18 lärarna
345 300 32 18 och
390 300 37 18 ofta
439 300 52 18 äfven
503 298 127 21 höstarbetena
642 302 47 17 samt
702 300 156 24 dikesgräfningen

107 330 30 16 äro
150 328 105 21 oafslutade,
273 328 62 18 hvilka
352 327 58 19 kunde
426 329 56 17 under
494 328 65 24 tjenlig
570 328 83 20 väderlek
665 329 74 21 utföras,
751 332 40 15 men
803 329 56 23 tjena-

107 362 43 13 rena
167 357 64 18 befriås
249 357 33 18 den
302 359 7 16 1
327 356 98 19 November
440 357 39 18 från
492 358 27 17 sin
531 358 61 23 tjenst,
604 357 20 19 sä
636 355 56 21 finnes
704 358 6 17 i
722 357 67 23 gården
803 357 16 23 ej
832 363 27 12 ar-

107 385 77 18 betsfolk
196 385 29 18 till
238 386 28 17 att
277 385 60 18 utföra
349 384 77 19 nämnda
438 385 79 19 arbeten.

175 411 52 20 Hvad
245 413 147 24 städslingstiden
410 414 90 23 beträffar,
519 414 20 18 sä
555 413 72 19 infaller
643 414 34 18 den
695 414 56 18 under
763 419 22 13 en
803 414 56 18 sådan

109 442 62 22 årstid,
189 443 27 17 att
228 442 76 23 mången
314 441 118 24 jordbrukare
444 441 24 19 dä
479 443 57 18 måste
547 443 30 18 till
589 443 39 18 läns
640 443 80 18 anskaffa
731 443 34 18 sitt
777 443 44 18 bröd
833 448 26 12 se-

109 471 35 18 dan
163 471 20 17 af
199 470 105 23 föregående
317 471 47 17 årets
376 471 53 18 skörd
441 471 47 18 intet
499 477 48 12 mera
559 471 77 18 återstår
648 472 32 17 och
692 472 79 23 nysäden
783 473 48 16 ännu
843 471 16 23 6

110 501 77 21 mognat.
211 499 78 18 Emedan
307 497 129 25 tjenstehjonen
454 499 44 18 böra
515 500 24 23 pä
556 500 26 18 sin
598 500 92 18 bestämda
704 500 28 17 tid
744 497 83 24 städslas,
840 499 20 18 sä

108 533 31 18 ges
158 528 15 23 ej
192 529 55 17 annat
263 527 32 18 råd
310 529 21 16 än
345 528 27 17 ätt
384 528 78 23 uppläna
474 524 233 27 städslings-penningarna.
732 529 63 17 Denna
807 528 54 18 skuld

109 556 34 18 bör
155 555 76 24 betalas,
243 556 71 17 säsnart
325 556 55 18 säden
392 555 47 19 blott
450 556 64 18 hinner
526 557 75 22 tröskas,
613 557 82 18 hvarföre
707 557 33 17 den
753 556 69 18 mindre
830 556 31 18 be-

108 584 82 19 medlade
209 585 38 17 ofta
265 585 20 17 är
303 585 78 22 tvungen
394 584 28 18 att
433 585 46 22 sälja
491 585 28 17 sin
530 584 32 24 råg
574 585 29 18 till
615 581 31 22 det
657 585 67 18 uslaste
736 585 43 23 pris,
791 583 70 20 hvilket

109 614 20 17 är
147 611 112 25 synnerligen
275 612 113 23 betungande
400 613 28 18 för
440 613 32 18 den
485 613 107 18 skuldsatta.
615 613 34 18 Om
661 613 139 24 tjenstehjonens
812 613 48 23 flytt-

109 637 80 27 ningstid
206 640 33 19 har
259 640 30 19 vid
305 640 70 19 landets
388 641 167 18 landtbruksmöten
567 642 77 17 uttalats
656 642 58 18 såsom
726 640 134 25 önskningsmål

109 669 28 20 att
155 670 100 18 densamma
273 670 58 18 skulle
348 669 92 18 förändras
458 670 46 18 efter
522 668 132 24 kalenderåret;
668 670 82 18 hvarföre
763 670 32 23 jag
806 670 55 23 vågar

109 697 73 19 anhålla
199 703 28 13 om
245 695 110 21 hedervärda
373 698 144 19 Bondeståndets
535 698 96 19 understöd
650 698 27 19 för
688 699 36 18 min
737 697 124 24 underdåniga

109 726 83 23 petition:

348 759 25 14 att
391 757 118 22 tjenstefolkets
521 757 117 22 flyttningstid
656 757 52 18 skulle
725 758 98 17 bestämmas
834 756 27 17 till

313 785 33 17 den
363 784 13 17 2
393 785 79 17 Januari
488 786 29 16 och
529 785 136 22 städslingstiden
671 786 47 22 från
729 785 33 18 den
774 785 23 17 15
809 785 52 18 Okto-

313 813 28 18 ber
352 812 28 18 till
390 813 32 18 den
435 814 10 16 1
458 815 92 16 December.

178 846 112 23 Helsingfors
303 847 33 18 den
348 849 22 17 30
382 847 75 18 Januari
471 849 50 18 1885.

177 892 54 19 Erik
243 892 137 19 Tensikkala.
611 893 82 18 Kaarle
705 893 88 23 Ojanen.

177 920 58 19 Juho
247 920 79 20 Klami.

291 1019 43 18 Till
345 1019 140 18 hedervärda
497 1019 177 18 Bondeständet!

178 1063 43 18 Ofta
237 1064 28 17 får
280 1069 40 13 man
335 1065 6 16 i
352 1064 116 23 tidningarna
481 1065 39 20 läsa
532 1065 89 22 klagomål
632 1065 40 17 från
684 1065 37 18 alla
732 1065 39 17 håll
783 1065 6 16 i
801 1064 62 18 landet

110 1091 49 18 öfver
175 1092 138 23 olämpligheten
325 1093 21 18 af
355 1093 118 23 tjenstehjons
485 1093 106 23 städslings-
602 1093 33 18 och
646 1093 123 23 flyttningstid
781 1093 33 18 och
826 1093 38 17 ofta

110 1121 33 17 har
161 1121 54 17 saken
233 1121 47 18 varit
297 1121 56 18 under
370 1121 102 18 diskussion
488 1121 30 18 vid
532 1121 172 22 landtbruksmöten,
715 1121 77 18 hvarvid
804 1121 60 18 städse

110 1149 58 17 såsom
180 1149 75 18 resultat
271 1149 19 18 af
300 1149 144 18 diskussionerna
456 1149 92 23 framgått,
560 1151 28 16 att
600 1155 21 12 en
633 1149 105 23 förändring
749 1150 7 17 i
768 1149 51 18 detta
829 1149 35 18 för-

110 1177 84 18 hällande
211 1183 43 12 vore
271 1178 143 23 oundgängligen
433 1178 107 23 nödvändig,
558 1178 57 18 säsom
634 1178 52 18 fallet
705 1178 92 23 verkligen
813 1179 20 16 är
847 1177 19 18 af

112 1205 65 23 mänga
189 1205 48 18 skäl:

179 1234 18 23 1)
222 1234 115 23 Städslingen
356 1235 41 18 sker
409 1235 62 18 alltför
483 1235 55 23 tidigt
550 1235 32 18 och
595 1235 56 18 under
660 1235 33 18 den
702 1234 85 18 brädaste
798 1234 67 18 arbets-

110 1263 55 20 tiden,
180 1262 65 18 hvaraf
258 1264 21 16 är
290 1267 21 14 en
323 1263 50 23 följd,
386 1264 28 17 att
426 1263 108 18 åtminstone
545 1263 56 18 bland
612 1263 100 23 drängarne
725 1263 22 18 de
758 1263 51 17 fleste
821 1263 44 18 efter

111 1291 79 19 erhållen
205 1291 68 18 städsel
287 1292 29 17 slå
327 1292 28 22 sig
367 1292 23 23 pä
402 1293 29 17 att
442 1292 50 18 hålla
504 1298 14 12 s.
529 1292 18 18 k.
559 1292 121 23 frimändagar
692 1292 19 18 sä
724 1292 54 22 länge
791 1292 73 23 pennin-

110 1324 57 18 garna
184 1320 58 21 räcka,
257 1320 48 18 fästa
318 1320 46 18 intet
376 1320 83 18 afseende
471 1320 30 18 vid
513 1320 112 18 husbondens
636 1320 123 23 förmaningar
771 1320 33 18 och
815 1320 51 18 hålla

111 1348 28 22 sig
155 1348 104 18 tillochmed
277 1348 60 18 undan
351 1349 6 17 i
373 1348 41 18 flere
430 1348 55 23 dagar
501 1350 43 17 utan
557 1350 28 16 att
595 1349 57 17 tänka
664 1348 28 23 på,
704 1349 45 17 huru
763 1348 32 23 dyr
808 1348 58 19 denna

111 1376 28 17 tid
153 1377 20 16 är
188 1376 27 18 för
227 1376 113 21 husbonden;
352 1382 40 12 man
404 1376 36 18 kan
452 1377 87 18 invända:
551 1377 103 17 husbonden
667 1377 35 17 kan
711 1377 22 22 ju
745 1378 43 21 taga
800 1377 28 22 sig
839 1382 27 12 er-

111 1404 81 22 sättning
210 1410 21 12 ur
248 1404 89 23 tjenarens
354 1405 36 20 lön,
406 1405 45 17 dock
466 1406 21 16 är
499 1405 54 17 saken
565 1405 58 23 enligt
634 1405 36 17 min
682 1405 73 22 mening
766 1405 16 23 ej
795 1405 71 18 dermed

180 1438 45 22 Lag-
237 1440 30 16 och
279 1439 171 18 Ekonomiutskottete
461 1440 107 17 betänkande
580 1440 34 16 N:o
626 1440 18 17 6.
