1061 1717
311 100 240 23 Petitionsbetänkande
566 100 36 22 N:o
620 100 18 22 1.
796 101 29 21 37

101 176 48 19 ges:
165 168 84 27 ,endast
265 168 40 20 den
321 167 179 26 omständigheten
516 170 30 17 att
561 167 111 26 sydvestra
692 168 59 20 delen
771 168 21 20 af
812 168 44 20 lan-

103 200 36 19 det
161 198 64 21 redan
247 204 29 14 nu
298 197 46 21 icke
361 198 38 19 har
418 197 69 20 alltför
507 197 58 26 långt
585 197 31 20 till
634 198 89 26 jernväg
739 198 37 20 och
792 198 65 19 andra

104 228 128 21 vidsträckta
247 227 117 21 landsdelar
380 226 62 22 hafva
458 234 26 13 en
505 227 95 26 oafvislig
620 227 85 21 fordran
723 230 30 18 att
773 227 84 20 framför

105 259 68 21 denna
193 258 77 20 erhålla
289 257 109 26 jernvägar
414 257 37 19 och
468 257 119 25 derigenom
602 257 62 21 äfven
678 258 82 20 landets
775 260 61 23 nytta
851 257 7 19 i

105 289 48 20 dess
169 288 69 20 helhet
253 294 56 13 mera
323 286 116 26 befrämjas,
455 287 85 20 hindrar
556 286 104 21 utskottet
674 290 31 17 att
721 288 59 20 ställa
791 287 68 20 denna

105 319 33 20 del
160 318 23 20 af
200 320 71 18 vestra
291 318 121 19 stambanan
427 316 65 21 bland
508 316 51 26 dem,
575 323 43 13 som
634 317 7 19 i
656 319 103 19 närmaste
774 316 85 21 framtid

106 348 64 20 borde
185 346 96 21 utföras.
312 347 86 19 Factum
414 349 22 17 är
452 346 65 20 likväl
532 349 31 17 att
579 346 35 20 det
626 346 46 26 just
687 350 23 17 är
726 347 67 20 denna
813 350 46 16 när-

106 379 37 19 het
166 377 23 20 af
203 377 89 26 jernväg
310 377 74 19 endast
402 377 27 25 pä
449 376 89 26 afständ,
557 382 43 15 som
615 376 56 26 gjort
686 379 31 18 att
732 377 128 25 Björneborg

106 407 71 21 blifvit
191 407 97 20 afskuren
303 406 46 20 från
364 413 56 13 mera
436 410 26 16 än
478 406 78 20 hälften
573 406 22 20 af
608 406 46 20 sina
667 407 88 26 tidigare
765 406 95 20 handels-

107 437 136 20 förbindelser
259 438 21 19 ät
295 437 36 20 det
345 437 45 20 inre
406 436 23 20 af
441 436 72 21 landet
528 437 38 20 och
582 443 42 14 som
639 437 117 26 derigenom
767 437 94 25 tillskyn-

109 467 36 20 dat
165 467 18 26 ej
201 467 54 20 blott
270 467 67 20 denna
352 467 47 19 stad
415 469 51 17 utan
482 467 46 20 hela
544 467 68 20 denna
626 467 95 20 landsdel
736 473 26 14 en
777 467 86 20 oersätt-

109 497 30 26 lig
155 497 70 20 skada.
255 497 40 19 Att
310 497 86 19 sälunda
412 496 40 20 den
468 503 40 13 ena
528 497 120 20 landsdelen
668 503 81 20 gynnas
773 497 26 26 pä
822 496 41 19 den

109 527 77 20 andras
205 526 116 21 bekostnad
340 526 42 20 kan
405 527 34 19 väl
460 526 19 26 ej
501 526 98 26 befrämja
618 527 82 20 landets
715 529 61 24 nytta
791 526 7 19 i
814 526 49 20 dess

109 557 75 20 helhet.

184 586 43 20 Det
241 593 37 13 var
294 586 33 19 väl
343 585 61 21 äfven
420 587 27 25 pä
462 586 62 20 dessa
539 586 91 25 grunder
645 593 43 13 som
702 586 81 20 landets
794 588 71 18 senast

110 616 123 21 församlade
249 615 91 21 Ständer
355 616 7 19 i
378 615 93 26 ingifven
488 616 191 26 petitionsansökan
689 617 38 19 hos
737 616 67 20 Eders
815 615 49 26 Kej-

112 646 76 26 serliga
209 646 98 26 Majestät
329 645 109 20 förordade
458 652 27 13 en
501 646 123 19 subvention
640 646 20 19 at
678 645 114 27 1,500,000
807 645 59 20 mark

111 676 32 20 till
159 683 26 13 en
199 677 27 25 pä
241 676 69 25 privat
325 678 41 23 väg
381 675 97 26 möjligen
494 676 141 25 ävägabragdt
650 675 86 26 jernväg
751 671 46 38 från
806 675 59 30 Björ-

112 707 79 24 neborg
205 706 32 19 till
252 705 108 26 Loimijoki
376 705 49 20 eller
441 712 68 13 annan
524 709 51 16 nära
589 706 86 25 belägen
691 706 67 25 punkt
769 706 12 19 å
790 705 76 20 Abo—

114 735 79 26 Toijala
207 736 74 19 banan.
312 735 78 20 Genom
411 735 58 20 detta
485 734 127 22 Ständernas
627 735 70 20 förord
711 743 38 13 var
765 735 52 20 dock
832 736 35 18 nä-

114 768 37 23 got
165 768 80 17 vunnet
259 765 38 20 och
313 765 26 20 dä
353 772 47 12 man
416 765 64 20 äfven
495 765 80 25 vägade
591 765 83 26 hoppas,
691 767 30 18 att
737 765 66 20 Eders
818 764 50 26 Kej-

115 795 75 26 serliga
205 795 97 26 Majestät
318 795 66 20 skulle
399 795 86 26 nädigst
500 795 70 20 bifalla
585 795 31 20 till
627 795 57 20 detta
695 794 126 21 Ständernas
832 801 36 12 un-

115 825 114 26 derdäniga
248 825 76 26 förord,
345 825 95 20 vaknade
461 826 45 19 äter
521 825 108 20 härstädes
645 825 36 20 det
696 825 89 25 sjunkna
801 824 68 20 modet

115 855 32 19 till
162 855 71 20 vidare
249 854 175 26 ansträngningar
439 855 7 19 i
462 854 56 27 syfte
533 857 31 17 att
579 855 50 19 ernä
639 854 36 20 det
685 855 60 25 länge
756 853 114 21 eftersträf-

116 885 53 20 vade
184 885 67 20 målet.
281 884 12 20 I
309 885 73 19 sådant
398 884 98 20 afseende
512 884 77 20 beslöto
605 885 27 25 pä
646 885 147 24 Magistratens
809 883 61 20 fram-

117 914 98 25 ställning
235 914 68 20 denna
321 914 57 20 stads
394 913 194 27 Stadsfullmäktige
603 914 36 20 vid
655 914 160 20 sammanträdet
831 913 40 20 den

118 944 29 21 26
163 944 91 20 Oktober
271 944 66 25 1882;

191 976 30 17 att
240 973 31 20 till
288 974 126 20 bekostande
430 973 24 20 af
467 981 26 13 en
509 973 145 20 instrumental
669 973 155 26 undersökning
839 975 33 18 rö-

118 1003 65 20 rande
193 1004 129 26 lämpligaste
331 1004 147 25 sträckningen
487 1003 32 20 för
528 1010 25 13 en
559 1003 88 26 jernväg
656 1003 84 20 emellan
749 1004 68 19 denna
825 1003 48 20 stad

120 1033 39 20 och
180 1035 68 24 någon
267 1033 68 26 punkt
350 1034 27 25 pä
399 1027 64 26 Äbo—
472 1023 137 40 Tammerfors
630 1034 74 25 banan,
725 1035 54 18 samt
794 1033 31 20 till
840 1033 35 19 be-

120 1063 106 20 stridande
247 1063 22 20 af
286 1063 65 20 andra
365 1063 77 26 nödiga
456 1063 89 26 utgifter
560 1063 32 20 till
606 1063 148 20 förberedande
771 1062 23 20 af
807 1063 68 19 denna

121 1093 154 25 undersökning
291 1093 67 20 skulle
373 1093 23 20 af
410 1093 68 20 denna
494 1093 47 20 stad
556 1092 90 25 utgifvas
658 1095 30 18 ett
698 1093 73 26 belopp
783 1092 22 20 af
813 1093 63 24 högst

119 1123 91 20 tiotusen
225 1123 64 26 mark,
305 1123 39 20 och

194 1155 30 17 att
245 1159 26 14 en
292 1153 23 20 af
333 1152 194 26 Stadsfullmäktige
547 1152 75 21 utsedd
641 1152 176 26 jernvägskomite
841 1152 34 19 be-

123 1182 86 20 stäende
224 1182 23 19 af
260 1183 71 20 herrar
352 1183 161 26 Borgmästaren
529 1183 24 20 E.
568 1182 112 26 Molander,
696 1181 182 21 Kommerserädet

121 1211 56 20 John
194 1211 114 27 Grönfeldt,
323 1212 61 27 (efter
399 1213 63 20 hvars
478 1213 84 25 dödliga
576 1211 94 21 frånfälle
686 1213 47 19 herr
744 1211 133 27 Apotekaren

122 1241 25 20 R.
163 1241 110 20 Junnelius
289 1242 104 27 invaldes)
404 1243 51 19 Vice
471 1242 90 20 konsuln
571 1242 35 20 W.
618 1242 114 25 Rosenlew,
743 1241 134 26 Apotekaren

123 1271 20 21 J.
163 1271 23 22 F.
209 1271 122 21 Nervander
352 1273 36 19 och
410 1272 184 26 Stadsingeniören
614 1272 24 25 F,
654 1271 20 21 J.
690 1271 119 21 Lindström
824 1270 53 26 egde

123 1304 32 17 att
170 1301 107 26 öfvertaga
293 1302 78 20 vården
387 1302 23 20 af
422 1302 70 20 denna
508 1302 150 26 angelägenhet
674 1302 38 20 och
727 1302 85 24 vidtaga
828 1300 25 20 de
869 1300 8 19 i

123 1331 88 20 ärendet
226 1331 23 20 af
262 1332 96 20 behofvet
373 1332 110 26 päkallade
500 1332 102 26 ätgärder.

195 1361 42 20 Vid
255 1364 30 17 ett
305 1362 64 26 dergä
389 1362 173 20 sammankalladt
581 1362 84 19 allmänt
683 1364 52 17 möte
751 1361 32 19 till
798 1360 81 20 hvilket

124 1390 53 20 hade
198 1390 91 21 infunnit
305 1392 32 25 sig
358 1392 58 19 såväl
436 1392 107 25 åtskilliga
559 1391 22 20 af
594 1391 85 20 stadens
694 1391 125 20 innevånare
835 1396 43 14 som

125 1427 26 13 en
175 1423 43 17 stor
240 1421 77 26 mängd
332 1428 98 19 personer
452 1420 48 20 frän
521 1424 50 17 nära
591 1428 41 18 nog
653 1421 39 19 alla
711 1420 25 20 de
751 1420 128 24 kommuner,

126 1450 71 20 hvilka
219 1450 70 20 kunde
311 1451 81 19 komma
415 1454 31 17 att
469 1451 23 19 af
513 1450 40 20 den
576 1450 108 20 tillernade
704 1450 67 20 banan
789 1450 90 24 beröras,

203 1492 195 25 Jernvägsutskottets
414 1492 119 20 betänkande
549 1492 36 20 N:o
602 1493 17 19 3.
