1061 1717
337 110 206 26 Petitionshetänkande
559 112 33 24 N:o
608 112 33 24 26.
821 112 12 22 5

389 514 187 30 Reservationer.

173 583 74 23 Ehuru
266 583 37 28 jag
324 583 43 22 kan
388 584 124 27 visserligen
534 585 106 28 medgifva
657 586 43 28 det,
714 587 33 20 att
761 592 49 15 man
825 585 35 22 be-

105 617 104 23 träffande
225 617 176 28 ölförsäljningen,
410 619 29 28 på
454 619 42 21 den
511 619 63 22 korta
588 620 32 21 tid
635 626 76 16 varans
721 620 140 28 utsläppande

105 653 7 20 i
127 653 105 22 allmänna
246 653 93 21 rörelsen
354 653 8 21 i
376 653 48 21 vårt
438 653 50 22 land
497 654 54 21 varit
561 654 117 28 inskränkt,
687 654 19 27 ej
714 655 75 21 hunnit
797 655 63 21 vinna

105 694 26 15 en
147 687 88 28 stadgad
258 687 138 28 öfvertygelse
420 694 40 21 om,
476 688 8 21 i
500 688 85 22 hvilken
600 689 52 27 grad
668 689 69 22 denna
750 689 110 22 inskränk-

105 723 50 27 ning
170 722 79 22 förmår
263 721 84 22 hämma
361 722 130 22 missbruket
511 723 64 26 deraf;
591 729 48 16 men
654 723 78 22 allmän
748 723 39 22 och
802 729 57 22 gam-

105 757 42 22 mal
169 759 24 20 är
215 757 127 21 åtminstone
364 757 40 21 den
427 757 127 27 erfarenhet,
570 759 32 20 att
618 764 25 15 en
658 757 78 28 olaglig
750 757 109 28 försäljare

103 792 23 21 af
139 797 64 16 varan
218 792 42 21 kan
275 792 7 20 i
297 791 67 22 åratal
378 791 28 27 på
421 791 152 28 landsbygden,
589 792 37 21 der
641 792 149 21 häradsrätten
804 792 7 21 i
826 798 33 15 re-

103 826 47 27 geln
166 826 167 22 sammanträder
352 825 74 22 endast
441 826 37 21 två
494 826 79 27 gånger
587 832 34 15 om
637 826 52 28 året,
705 833 34 15 om
754 827 19 26 ej
789 826 70 27 undgå

103 861 72 27 lagens
189 862 68 26 näpst,
267 860 53 22 dock
335 862 52 25 göra
402 860 40 21 den
457 860 108 22 illusorisk
581 861 95 27 sålunda,
691 862 32 21 att
733 861 48 27 han,
792 861 67 21 under

103 895 148 28 rättegångens
275 895 104 27 fortgång,
405 895 43 21 kan
473 901 76 21 genom
571 895 87 22 fortsatt
679 895 97 28 utöfning
791 895 23 22 af
826 895 32 21 sin

103 929 83 28 olofliga
200 929 40 22 och
255 929 95 27 skadliga
363 929 80 22 rörelse
458 929 65 22 vinna
537 929 49 22 vida
600 929 83 22 utöfver
698 930 36 21 det
747 929 62 28 ringa
823 929 36 21 bö-

103 964 116 27 tesbelopp,
241 964 85 21 hvartill
349 963 41 22 han
409 965 48 20 sent
472 964 93 21 omsider
579 964 168 27 skyldigkännes.
779 964 33 21 Då
827 965 32 20 ett

102 999 76 22 sådant
192 999 119 27 uppenbart
325 1000 55 20 trots
397 1000 45 20 mot
457 999 88 27 lagarne
559 999 115 27 ingalunda
688 1001 24 19 är
727 999 84 27 egnadt,
826 999 33 20 att

103 1034 38 21 hos
163 1033 82 28 menige
267 1039 48 16 man
337 1033 73 22 stärka
431 1033 92 27 helgden
539 1033 22 21 af
575 1033 61 22 deras
650 1033 111 28 anseende,
777 1032 39 22 och
832 1037 25 17 en

103 1068 86 22 fortsatt
203 1068 123 27 försäljning
340 1067 23 22 af
376 1067 137 28 rusgifvande
531 1067 64 28 dryck
610 1067 99 22 utbreder
724 1067 82 22 förderf
819 1067 39 22 och

103 1103 74 22 elände
192 1103 96 27 omkring
312 1104 38 26 sig,
366 1108 62 16 anser
440 1102 39 27 jag
495 1104 31 20 ett
541 1102 88 27 kraftigt
644 1102 136 22 inskridande
794 1101 13 22 å
822 1101 35 21 de-

102 1144 35 15 ras
151 1138 51 27 sida,
225 1143 45 16 som
293 1137 60 22 skola
366 1137 56 21 vaka
437 1136 60 22 öfver
512 1137 96 27 lagarnes
623 1136 125 22 efterlefnad
763 1136 39 22 och
816 1135 42 22 till-

101 1172 44 21 lika
159 1172 69 21 såvidt
243 1171 81 28 möjligt
339 1173 23 20 är
378 1171 80 27 afvärja
474 1171 71 27 dåliga
559 1171 72 22 seders
646 1171 144 27 utspridande,
800 1170 5 21 i
814 1169 43 22 allo

102 1206 126 27 rättfärdiga
242 1206 37 27 sig.
310 1205 45 22 Och
370 1205 60 22 detta
444 1205 51 27 mål,
511 1205 24 21 så
549 1211 61 21 synes
626 1205 36 22 det
676 1205 47 27 mig,
732 1205 73 21 vinnes
814 1203 45 22 helt

102 1241 52 22 visst
176 1247 75 21 genom
273 1242 32 19 ett
327 1240 117 27 stadgande
466 1240 8 21 i
490 1239 61 28 syfte,
567 1241 32 20 att
614 1240 41 21 den
669 1237 97 30 olofligen
781 1238 32 22 till
828 1237 30 22 af-

102 1276 47 22 salu
163 1275 71 22 hållna
248 1281 65 16 varan
328 1274 73 28 hvarje
415 1274 57 28 gång
488 1276 24 20 är
527 1274 72 28 beslag
613 1273 144 23 underkastad
767 1273 40 22 och
817 1272 41 22 för-

101 1311 71 21 klaras
196 1310 115 22 förbruten.
349 1309 39 22 Ett
410 1309 78 22 sådant
513 1308 117 28 stadgande
648 1308 38 22 har
700 1308 115 25 tillämpats
830 1306 29 28 pä

101 1344 71 28 oloflig
185 1344 141 28 tillverkning,
342 1344 88 26 forsling
445 1344 42 21 och
502 1343 123 28 försäljning
640 1343 23 22 af
668 1342 143 28 spritdrycker
818 1343 40 19 och

101 1379 105 27 tillämpas
231 1378 60 22 äfven
313 1378 36 22 vid
363 1378 140 27 förbrytelser
519 1379 56 21 emot
589 1378 123 27 tullagarne.
744 1376 31 22 På
790 1375 68 29 grund

106 1414 23 21 af
149 1414 36 21 det
206 1413 89 22 anförda
316 1413 65 27 vågar
402 1413 40 21 hos
466 1413 85 21 landets
575 1412 113 28 höglofliga
711 1411 88 22 ständer
821 1410 38 27 jag

102 1449 153 21 vördsammast
270 1448 90 26 anhålla,
376 1448 36 20 det
427 1447 111 27 behagade
553 1446 113 28 höglofliga
680 1446 115 22 ständerna
808 1446 51 25 taga

170 1488 189 17 Ekonomiutskottets
371 1487 119 17 betänkande
503 1489 34 15 N:o
550 1487 17 17 6,
