1061 1717
269 98 69 21 Ständ.
354 97 42 22 Pet.
414 110 26 2 —
458 97 140 22 Petitionsbet.
614 98 35 20 N:o
664 96 36 23 29.

343 399 125 21 Finlands
484 399 128 21 Ständers
629 398 179 28 underdäniga
819 404 36 21 pe-

307 439 76 22 tition
399 439 107 28 angäende
522 440 36 27 gift
573 440 84 27 gvinnas
674 440 131 27 näringsrätt.

136 507 244 29 Stormäktigste,
396 507 227 30 Allernädigste
638 509 119 30 Kejsare
773 509 52 23 och

398 542 162 23 Storfurste.

170 605 48 23 Vid
233 605 161 23 innevarande
416 605 116 29 landtdag
549 606 44 22 har
607 607 65 21 inom
687 606 168 28 Borgarestän-

101 640 40 23 det
155 639 83 23 väckts
254 639 89 29 förslag
358 647 38 15 om
412 647 29 15 en
456 639 150 29 underdänig
620 641 99 28 petition
731 640 80 23 derom
821 644 34 19 att

100 675 41 25 38
160 675 8 22 i
185 673 96 29 Nädiga
302 673 168 29 förordningen
494 681 37 16 om
554 675 142 27 näringarne
718 675 25 22 af
764 675 45 22 den
827 676 25 21 31

101 709 65 22 Mars
191 709 55 21 1879
269 710 61 20 samt
354 707 95 24 dermed
464 709 9 21 i
488 708 174 28 sammanhang
684 708 97 23 stäende
804 709 51 28 lag-

100 742 149 29 stadganden
272 743 72 22 mätte
367 742 86 23 ändras
476 743 9 22 i
502 743 61 28 syfte
585 745 33 20 att
640 743 96 22 tillfälle
759 743 95 23 beredes

100 777 46 29 gift
161 778 90 28 gvinna
266 779 39 26 att,
322 777 130 22 oberoende
467 777 26 22 af
506 784 114 16 mannens
636 777 129 31 samtycke,
776 778 79 23 utöfva

100 811 90 24 handel
205 811 44 22 och
265 814 74 19 annat
353 811 165 29 näringsyrke.

170 845 111 23 Förutom
296 845 47 28 god
358 845 60 30 frejd
433 845 132 30 uppställer
580 848 13 20 2
608 848 11 24 $
635 847 8 21 i
657 845 99 24 berörda
767 846 87 23 förord-

100 881 61 27 ning
182 880 34 23 för
231 881 46 21 rätt
292 882 33 20 att
340 879 58 24 idka
412 879 91 24 handel
519 881 8 22 i
542 883 76 26 öppen
634 880 47 23 bod
697 880 56 23 eller
769 883 33 20 att
818 883 36 20 ut-

99 915 56 23 öfva
169 917 73 20 annat
262 914 159 29 näringsyrke
436 914 55 23 med
507 914 168 23 arbetsbiträde
691 915 24 22 af
729 922 79 15 annan
824 916 31 21 än

99 949 86 23 hustru
201 949 44 22 och
261 955 61 22 egna
337 948 131 29 omyndiga
483 949 66 29 barn,
565 949 39 22 det
614 949 79 22 vilkor
703 951 34 21 att
746 950 109 27 närings-

99 983 83 24 idkare
204 983 68 22 räder
287 983 63 22 öfver
370 984 37 27 sig
422 983 56 30 sjelf
491 983 44 22 och
550 984 37 21 sin
603 983 119 28 egendom.
753 983 102 23 Berörda

100 1017 80 23 vilkor
195 1017 109 28 betingas
321 1017 66 22 deraf
400 1019 35 20 att
449 1017 159 29 näringsyrke
622 1018 9 21 i
642 1017 38 23 det
690 1017 103 30 omfäng,
803 1025 51 16 som

100 1059 59 22 nyss
174 1051 122 30 nämndes,
312 1052 9 21 i
335 1051 81 28 regeln
432 1051 53 23 icke
500 1051 49 23 kan
562 1051 118 23 bedrifvas
690 1054 58 20 utan
759 1055 34 20 att
802 1051 53 30 den,

100 1093 52 16 som
167 1085 92 23 utöfvar
281 1085 60 23 slikt
355 1085 67 30 yrke,
438 1088 119 25 gentemot
572 1085 99 30 kunder,
686 1085 110 24 biträden
811 1087 44 22 och

100 1121 161 22 affärsvänner
277 1119 93 24 ikläder
385 1121 38 27 sig
433 1119 155 24 förbindelser
598 1120 25 22 af
630 1120 165 30 hvarjehanda
802 1121 53 28 slag

99 1155 45 23 och
161 1154 91 23 säledes
275 1155 75 22 mäste
372 1156 135 21 törutsättas
531 1161 43 22 ega
595 1154 142 28 befogenhet
752 1157 34 20 att
800 1154 54 23 med

99 1189 95 28 rättslig
216 1189 113 28 giltighet
351 1189 58 28 ingå
432 1189 63 22 aftal
525 1189 59 30 Den,
606 1196 51 15 som
680 1188 103 23 deremot
801 1189 54 22 icke

99 1224 44 22 har
158 1223 74 23 sädan
248 1223 148 30 befogenhet,
411 1223 89 22 tillätes
516 1222 83 23 endast
614 1225 33 20 att
657 1223 80 22 utöfva
747 1223 59 28 yrke
816 1223 39 22 till

99 1257 203 31 sjelfförsörjning,
318 1257 21 22 d.
355 1265 20 14 v.
392 1265 16 15 s.
424 1259 58 20 utan
504 1257 92 22 biträde
619 1257 25 22 af
663 1257 72 28 legda
750 1257 105 25 arbetare

99 1292 44 23 och
159 1294 58 20 utan
236 1294 33 20 att
291 1291 101 23 salubod
415 1291 58 23 eller
496 1291 114 23 särskildt
631 1290 224 31 försäljningsställe

99 1325 83 24 dervid
204 1326 128 28 begagnas.
362 1326 38 22 Dä
422 1326 92 29 hustru,
529 1326 27 22 sä
570 1325 71 29 länge
664 1332 115 16 mannens
795 1325 60 23 mäl-

99 1360 149 29 mannaskap
268 1367 75 23 varar,
359 1359 53 23 icke
428 1366 53 21 eger
496 1367 86 21 genom
597 1359 116 29 ingäende
729 1359 25 23 af
766 1359 89 23 förbin-

99 1394 77 23 delser
192 1394 58 22 eller
265 1393 140 23 annorledes
420 1394 91 28 förfoga
526 1394 63 22 öfver
603 1394 65 22 boets
684 1393 116 29 egendom
811 1394 44 22 och
