1061 1717
295 102 248 23 Petitionsbetänkande
559 103 37 22 N:o
612 102 36 22 40.
803 104 13 19 5

161 163 64 27 Ännu
240 168 83 23 mindre
337 168 49 22 skäl
400 170 28 21 än
442 168 170 28 ifrågavarande
626 168 143 27 inskräkning
783 168 8 21 i
805 167 42 22 dis-

93 203 177 28 positionsrätten
284 203 61 22 öfver
359 202 110 28 arfvejord
480 203 29 27 på
524 202 74 22 landet
612 209 64 21 synes
686 202 41 22 den
737 202 110 22 åtskilnad

93 237 68 23 hafva
183 238 34 22 för
239 238 40 27 sig,
299 244 44 15 som
364 238 8 21 i
386 237 101 28 gällande
502 238 106 21 stadsrätt
622 237 8 21 i
645 237 101 22 afseende
761 237 14 21 å
790 235 58 23 hvad

94 273 8 21 i
117 274 130 20 testamente
261 272 72 28 gifvas
347 272 34 22 må
395 274 63 26 göres
468 272 79 22 mellan
557 272 49 22 ärfd
616 272 39 22 och
665 270 98 24 förvärfd
773 270 75 28 fastig-

95 307 37 21 het
149 306 7 22 i
171 306 55 28 stad,
242 307 112 22 hvarutom
369 306 145 22 stadsrättens
530 306 70 28 öfriga
615 306 128 22 hithörande
758 306 91 21 bestäm-

95 341 83 27 ningar,
199 342 68 27 jemte
289 341 36 22 det
347 341 27 22 de
395 347 45 16 mer
459 343 28 19 än
502 340 134 28 nödvändigt
651 340 118 22 inskränka
783 341 66 20 testa-

95 375 170 28 mentsfribeten,
281 378 37 19 äro
333 375 138 28 synnerligen
485 375 133 23 invecklade.
641 375 114 22 Utskottet
769 374 80 28 begag-

96 416 40 16 nar
158 409 85 23 derföre
265 410 95 22 tillfället
382 411 34 21 att
437 410 72 22 uttala
532 410 173 22 önskvärdheten
720 409 25 22 af
758 410 34 20 att
806 408 44 22 alla

96 445 75 28 lagens
186 445 161 27 bestämningar
362 451 32 15 om
410 445 58 22 hvad
484 445 39 22 och
535 445 55 22 huru
604 445 86 27 mycket
704 444 5 22 i
721 444 129 22 testamente

97 479 71 28 gifvas
183 479 40 28 må,
239 479 143 22 underkastas
397 479 93 22 revision
506 479 8 22 i
528 479 79 22 sådant
622 479 57 28 syfte
694 480 33 20 att
743 478 26 22 de
779 477 72 23 blefve

97 513 140 28 likalydande
251 513 34 22 för
298 513 52 22 land
365 514 38 21 och
418 513 57 22 stad.

165 548 44 22 Det
231 548 40 21 har
292 548 47 22 icke
361 548 95 28 undgått
478 549 116 21 utskottets
614 547 188 28 uppmärksamhet
817 548 34 21 att

97 583 70 22 såsom
190 589 27 15 en
238 582 157 28 inskränkning
417 583 8 21 i
448 583 40 22 den
511 582 42 22 fria
568 582 209 28 dispositionsrätten
791 581 60 22 öfver

99 617 70 22 arfve-
190 617 39 22 och
250 617 108 27 bördköpt
371 617 49 27 jord
434 617 29 27 på
478 617 75 22 landet
567 619 57 20 ännu
639 617 101 27 gvarstär
755 616 41 21 den
811 615 41 22 för-

99 651 72 21 äldrar
186 651 39 21 och
240 651 54 21 barn
303 651 161 22 tillkommande
474 651 143 22 bördsrätten.
640 651 71 22 Ocksä
720 650 67 23 hafva
796 650 56 21 inom

99 686 106 22 utskottet
224 687 69 21 röster
309 686 58 27 höjts
386 686 35 21 för
436 686 48 21 dess
500 685 133 28 fullkomliga
648 685 140 27 afskaffande,
803 691 49 16 men

99 721 66 21 ehuru
179 720 122 27 medgifvas
315 721 69 21 mäste
400 721 33 21 att
448 720 87 28 vigtiga
549 721 48 21 skäl
610 720 34 21 till
658 720 49 21 stöd
721 720 35 21 för
771 721 33 20 ett
818 719 33 22 sä-

99 755 54 21 dant
171 755 98 27 yrkande
281 755 73 21 kunna
370 754 93 27 anföras,
479 755 41 21 har
535 755 54 21 dock
603 755 116 21 utskottets
734 753 118 28 pluralitet,

99 789 8 21 i
129 789 144 22 betraktande
295 789 25 22 af
340 791 34 20 att
395 789 119 22 ständerna
528 789 37 22 vid
581 791 54 20 1872
652 789 35 22 ärs
702 789 105 27 landtdag
821 789 32 20 ut-

99 823 74 22 talade
191 823 34 28 sig
242 823 36 22 för
296 823 149 22 bördsrättens
460 823 152 22 bibehållande
624 823 81 28 jemväl
718 823 35 22 för
767 822 85 28 syskon,

100 859 33 20 att
147 857 163 22 Bondeständet
325 859 57 20 ännu
396 857 38 22 vid
451 859 140 20 1877—1878
608 858 34 21 ärs
652 857 105 28 landtdag
767 856 86 28 hyllade

101 891 68 22 denna
192 891 59 28 äsigt
269 893 56 20 samt
340 893 34 20 att
388 898 29 15 nu
432 892 101 27 gällande
548 892 135 27 stadganden
698 898 33 15 om
746 891 108 22 bördsrät-

100 928 36 19 ten
152 925 77 22 endast
243 926 50 21 kort
307 926 34 21 tid
355 926 59 22 varit
427 926 8 21 i
450 927 67 27 kraft,
531 926 48 23 icke
593 927 59 22 velat
666 926 87 22 förorda
762 925 91 28 petition

101 960 7 21 i
123 960 79 22 sädant
216 960 65 27 syfte.

169 995 32 21 Pä
223 994 71 28 grund
312 994 24 22 af
349 995 58 22 hvad
422 995 107 22 utskottet
544 995 47 22 haft
606 997 59 20 äran'
674 994 82 28 anföra,
772 995 35 21 fär
821 995 32 21 ut-

101 1029 82 22 skottet
197 1029 112 22 vördsamt
324 1029 88 22 föreslä:

239 1083 30 19 att
285 1081 80 21 landets
380 1081 122 27 Höglofliga
518 1081 92 22 Ständer
624 1081 46 21 ville
685 1081 73 27 förena
773 1081 33 26 sig
822 1087 33 15 om

204 1122 23 15 er
241 1115 133 27 underdänig
386 1115 92 27 petition
495 1115 31 22 till
540 1115 62 22 Hans
617 1115 118 28 Kejserliga
746 1115 108 28 Majestät,

205 1149 33 22 det
253 1149 62 22 Hans
330 1149 104 28 Majestät
450 1150 78 21 täcktes
543 1150 44 21 läta
596 1151 94 26 uppgöra
702 1150 37 21 och
748 1149 108 27 förelägga

204 1185 51 20 näst
269 1184 201 21 sammanträdande
488 1183 93 23 Ständer
596 1184 65 27 nädig
672 1184 135 27 proposition
823 1191 33 14 om

203 1218 149 27 upphäfvande
372 1219 27 26 af
409 1225 29 14 nu
452 1219 100 26 gällande
567 1219 177 28 inskränkningar
758 1219 9 20 i
781 1219 74 26 rättig-

204 1252 59 21 heten
283 1254 31 20 att
332 1259 74 21 genom
425 1255 122 20 testamente
562 1253 46 22 eller
622 1254 65 27 gäfva
701 1253 84 27 förfoga
800 1253 57 27 öfver

205 1287 110 27 arfvejord,
327 1287 107 27 äfvensom
445 1288 108 27 angäende
561 1288 129 27 förändrade
700 1287 157 28 bestämningar

205 1328 34 14 om
253 1321 55 22 huru
322 1322 79 27 mycket
415 1322 9 21 i
439 1324 120 20 testamente
573 1323 70 27 gifvas
657 1323 42 21 mä.

170 1372 136 28 Helsingfors
322 1372 42 22 den
378 1374 27 20 22
421 1373 62 27 April
498 1376 62 19 1885.

171 1446 139 22 Lagutskottets
322 1446 116 19 betänkande
451 1448 37 18 N:o
501 1448 27 17 14.
