1061 1717
300 96 237 24 Petitionsbetänkande
553 96 36 23 N:o
606 96 34 22 13.
830 96 14 21 3

97 164 107 26 stadgadt:
227 164 58 28 ,Och
305 165 26 25 på
351 164 35 20 det
406 166 31 18 att
453 163 59 20 Guds
527 163 120 26 församling
663 163 38 20 och
716 163 55 21 riket
787 163 58 20 desto

96 194 69 20 bättre
180 196 63 18 måtte
259 194 74 20 vårdas
349 194 37 20 och
402 193 66 21 förses
483 193 48 21 med
546 193 84 26 duglige
646 196 53 24 män,
709 194 50 20 böra
769 193 26 20 de
805 193 40 20 för-

97 224 124 26 samlingens
237 224 37 20 och
289 223 65 21 rikets
370 223 100 26 läroverk,
487 223 122 26 akademier,
620 223 118 27 gymnasier
749 223 38 20 och
797 223 48 20 sko-

96 254 36 26 lor,
153 254 70 20 hvilka
243 254 21 19 vi
285 254 79 20 härtills
380 254 86 19 inrättat
482 253 49 21 eller
546 252 110 21 framdeles
672 253 80 20 komma
768 255 31 18 att
814 252 30 20 in-

97 286 60 24 rätta,
173 284 46 20 med
234 283 31 21 för
281 283 46 21 dem
343 280 101 29 behöfliga
459 290 98 19 personer
572 283 171 26 upprätthållas."
770 282 75 21 Derför

95 313 58 21 torde
169 313 34 21 det
217 314 72 20 kunna
304 320 60 14 anses
379 313 113 21 tillkomma
511 313 157 27 presteståndet,
687 312 83 22 hvartill
781 312 61 21 äfven

97 343 159 21 Universitetets
282 344 37 20 och
345 343 83 21 skolans
451 343 61 21 ärade
540 345 166 24 representanter
734 343 56 25 höra,
815 345 31 17 att

97 373 54 21 vaka
166 373 56 21 öfver
237 373 159 21 Universitetets
413 373 64 20 bästa.

166 422 71 20 Lönen
255 421 31 20 för
301 428 25 13 en
342 420 103 27 professor
460 424 62 23 utgör
537 421 65 26 enligt
618 423 82 18 senaste
715 420 76 27 nådiga
806 420 39 21 för-

99 451 88 27 ordning
209 451 24 21 af
253 453 23 18 år
301 451 56 22 1875
378 451 31 20 till
425 458 26 13 en
466 451 71 26 början
554 450 64 28 7,500
633 451 65 20 mark.
729 450 30 21 Af
772 450 74 21 nämde

97 488 78 13 summa
190 485 34 16 äro
241 481 64 26 2,000
320 481 57 20 mark
392 481 130 27 hyresmedel
531 481 71 20 hvilka
612 481 80 20 således
703 481 43 20 helt
756 481 38 20 och
804 480 42 20 hål-

98 511 29 21 let
150 511 57 21 skola
230 511 96 20 afräknas
341 509 45 22 från
410 511 113 27 pensionen
548 511 58 20 Efter
622 511 41 20 fem
684 512 33 19 års
739 510 107 27 tjenstetid

97 541 89 26 förhöjes
209 541 60 21 lönen
293 541 45 20 med
363 541 43 22 750
429 541 58 20 mark
511 541 38 20 och
572 542 44 19 åter
631 541 53 20 efter
700 547 25 14 en
741 540 71 27 period
826 540 22 20 af

97 571 41 20 fem
159 573 22 18 år
203 571 46 21 med
271 571 49 27 750,
341 573 23 18 så
384 574 31 17 att
435 571 61 20 lönen
517 571 26 20 då
559 572 80 25 uppgår
654 571 32 20 till
702 570 65 28 9,000
783 571 62 20 mark.

98 601 33 20 En
154 601 159 20 extraordinarie
334 601 102 26 professor
457 601 92 26 åtnjuter
569 601 7 19 i
598 600 71 27 början
685 607 25 14 en
726 601 34 20 lön
776 600 23 20 af
812 607 33 14 en-

98 631 47 20 dast
168 631 65 27 5,000
255 631 63 20 mark.
349 631 41 20 Det
414 634 22 17 är
454 633 48 18 sant
518 633 30 18 att
564 631 68 20 denna
648 631 34 20 lön
698 633 81 24 stegras
795 630 51 21 efter

99 667 25 14 en
147 661 70 26 period
239 661 23 20 af
279 661 40 20 fem
340 662 22 19 år
383 661 46 24 med
448 660 44 22 750
508 661 57 19 mark
581 661 38 20 och
635 661 44 20 åter
695 661 53 20 efter
763 667 26 14 en
804 660 43 20 lika

97 691 49 26 lång
163 691 70 26 period
248 690 46 21 med
311 690 48 26 750,
375 692 23 19 så
414 693 31 18 att
460 691 61 20 lönen
534 690 27 20 då
574 691 80 26 uppgår
666 691 30 19 till
707 689 66 28 6,500
783 690 64 26 mark,

99 727 46 14 men
169 721 56 20 detta
248 721 73 26 belopp
345 723 22 17 är
387 721 18 25 ej
427 720 121 26 tillräckligt
568 720 31 20 för
620 727 26 14 en
667 720 179 27 vetenskapsman,

99 750 62 21 hvars
181 750 132 21 verksamhet
329 751 37 20 och
381 750 65 26 tjenst
461 750 18 26 ej
496 750 77 20 lemnar
589 750 31 20 tid
636 750 63 26 öfrigt
713 750 32 21 för
760 750 87 21 förskaf-

98 780 63 20 fande
176 780 23 20 af
211 780 138 21 biinkomster.
374 780 44 21 Och
429 787 26 13 en
465 780 121 26 lyceilektor
596 780 7 19 i
614 780 131 26 Helsingfors
756 780 91 26 åtnjuter

99 809 5 20 i
125 810 71 25 början
217 817 25 13 en
262 810 36 20 lön
319 809 22 21 af
353 810 65 26 4,600
434 809 64 28 mark,
514 810 80 20 hvilket
610 809 75 27 belopp
701 810 52 21 efter
769 809 40 22 fem
825 811 22 19 är

97 839 50 21 ökas
164 840 45 20 med
225 839 44 23 800
284 839 63 26 mark,
362 839 52 21 efter
421 839 64 20 andra
493 839 41 21 fem
542 841 23 18 är
573 840 46 20 med
628 839 44 22 800
680 841 37 19 och
731 841 44 20 äter
796 840 53 20 efter

98 869 45 20 fer?
161 871 21 18 år
202 870 46 20 med
264 869 49 26 800,
329 871 23 19 sä
367 872 31 18 att
412 870 60 20 lönen
488 869 28 20 dä
531 871 79 26 uppgår
625 869 32 21 till
674 869 70 26 7,000.
774 870 74 21 Denna

98 906 79 14 summa
196 899 122 26 öfverstiger
345 899 81 21 således
454 899 36 20 det
518 899 31 20 för
572 906 25 14 en
621 900 160 20 extraordinarie
803 907 45 19 pro-

97 929 66 20 fessor
193 929 116 20 fastställda
334 929 160 20 lönemaximum.
526 929 49 20 Tolf
600 929 105 21 Docenter
727 929 62 22 hafva
818 932 30 18 ett

98 959 103 20 bestämdt
223 959 81 21 arvode.
335 959 39 20 Sex
398 959 62 20 hafva
484 959 65 26 2,500
571 959 63 26 mark,
650 959 26 20 de
696 959 65 26 öfrige
777 959 71 28 3,500.

98 989 68 20 Dessa
180 989 73 26 belopp
269 992 35 17 äro
321 989 140 25 otillräckliga,
477 989 121 26 isynnerhet
616 989 27 20 dä
654 989 35 20 det
699 989 99 27 inträffar,
817 992 31 17 att

98 1018 211 26 vetenskapsidkaren
329 1018 90 20 kommer
435 1021 30 17 att
482 1019 84 24 gvarstä
581 1025 25 14 en
622 1018 71 26 längre
708 1019 31 20 tid
755 1019 7 20 i
781 1019 67 21 denna

97 1047 70 26 tjenst.
197 1047 132 21 Beträffande
345 1048 64 26 öfriga
424 1048 66 21 lärare
507 1051 23 17 är
544 1048 137 21 förhållandet
691 1049 35 20 det
741 1054 84 16 samma.

173 1095 160 20 Universitetets
353 1095 66 26 öfriga
435 1095 124 26 tjenstemän
575 1096 61 20 hafva
652 1097 197 27 öfverhufvudtaget

99 1125 18 25 ej
139 1125 54 26 hopp
215 1131 30 14 om
266 1125 110 20 befordran
392 1125 55 20 inom
462 1125 38 20 sitt
516 1126 164 27 tjensteområde,
696 1127 37 20 och
749 1127 98 20 handhaf-

99 1154 76 21 vandet
195 1154 22 20 af
236 1155 161 20 Universitetets
418 1157 75 24 många
509 1155 113 21 olikartade
638 1157 173 25 angelägenheter
826 1160 23 17 är

99 1191 25 13 en
141 1183 122 28 arbetsdryg
279 1185 72 26 syssla,
372 1191 43 14 som
436 1185 46 20 icke
498 1186 86 20 stå
532 1179 10 38 i
551 1186 31 20 ett
592 1189 42 17 rätt
642 1185 127 22 förhållande
779 1187 32 20 till
821 1187 28 20 lö-

99 1213 126 21 nevilkoren.
256 1215 44 20 Och
323 1214 60 21 dessa
406 1215 173 26 angelägenheter
602 1219 34 16 äro
652 1216 6 19 i
674 1216 48 21 flere
738 1216 111 21 afseenden

97 1243 22 20 af
133 1250 26 14 en
172 1247 86 23 säregen
271 1247 67 24 natur,
353 1244 84 21 hvarför
452 1245 36 20 det
504 1252 49 13 vore
569 1245 95 28 önskligt,
680 1249 31 17 att
729 1246 26 21 de
765 1247 83 26 tjenste-

100 1276 53 24 män,
170 1280 42 14 som
227 1274 68 21 blifvit
315 1274 89 21 bekanta
419 1275 46 20 med
480 1274 155 22 förhållandena
650 1275 36 21 vid
701 1276 149 22 Universitetet

99 1305 64 19 måtte
186 1310 25 14 en
236 1304 71 26 längre
329 1304 31 20 tid
381 1304 106 26 qvarstå
480 1300 14 35 i
506 1305 46 20 sina
572 1305 92 26 tjenster.
694 1306 75 21 Derför
785 1310 23 17 är
824 1314 25 14 en

99 1333 163 27 löneförhöjning
277 1334 46 20 med
339 1334 78 20 fästadt
432 1334 99 21 afseende
546 1335 50 20 härå
611 1336 23 19 af
647 1336 72 21 nöden.

175 1376 10 19 I
206 1376 77 26 Upsala
303 1375 90 27 åtnjuter
415 1383 25 13 en
462 1376 105 26 professor
587 1377 64 26 enligt
666 1378 147 27 förordningen
829 1380 23 19 af

101 1406 22 19 år
141 1405 56 21 1876
213 1405 7 20 i
235 1405 34 20 lön
285 1405 65 27 8,400
364 1406 64 26 mark,
444 1406 85 20 hvartill
545 1406 91 22 kommer
652 1408 49 20 åker
711 1408 38 20 och
760 1408 40 21 ved
811 1408 38 29 (12

100 1435 93 26 famnar),
212 1442 45 13 men
274 1435 67 21 denna
355 1436 33 20 lön
405 1442 61 14 anses
481 1436 33 20 för
530 1437 57 21 liten.
612 1438 103 20 Anhällan
730 1438 38 20 har
783 1438 66 26 gjorts

101 1472 31 13 om
155 1464 168 27 löneförhöjning,
347 1466 23 20 sä
392 1468 31 18 att
446 1466 69 20 denna
535 1466 52 21 efter
603 1467 40 20 fem
659 1468 23 19 år
697 1468 67 21 skulle
779 1470 69 25 uppgå

169 1506 105 20 Allmänna
290 1508 182 19 Besvärsutskottets
488 1508 116 20 betänkande
620 1510 36 19 N:o
673 1508 33 22 11.
