1061 1717
339 75 240 25 Petitionsbetänkande
594 75 37 23 N:o
647 74 20 22 3.
725 62 2 4 —
863 75 12 21 7

125 143 69 21 önska
217 142 52 28 följa
293 144 49 20 med
365 142 186 28 undervisningen
567 142 6 21 i
590 142 142 27 Tavastehus,
753 142 79 22 lättare
848 144 28 19 än

124 178 58 22 förut
205 179 74 21 kunna
307 179 97 21 undvara
430 178 259 28 pedagogieprofessorns
712 177 165 28 vetenskapliga

124 214 95 28 ledning.
243 214 43 22 Det
300 215 40 21 har
356 214 56 22 dock
426 214 107 22 förefallit
548 214 120 22 utskottets
684 214 111 27 majoritet
811 213 65 22 ofatt-

125 250 47 28 ligt,
193 251 56 21 huru
271 257 26 15 en
318 250 74 28 duglig
412 250 93 22 lärobok
526 250 107 28 nägonsin
648 250 71 22 skulle
735 250 74 21 kunna
824 251 53 25 göra

125 293 26 15 en
172 286 149 28 vetenskaplig
341 286 157 28 undervisning
520 286 114 28 obehöflig,
654 288 24 26 ty
692 292 52 16 vore
760 285 116 22 förhällan-

125 323 37 21 det
177 324 86 25 sädant,
284 323 56 21 hade
356 323 26 21 de
398 322 64 22 flesta
477 323 25 21 af
515 323 184 27 lärareplatserna
714 323 37 21 vid
765 323 48 21 värt
828 321 49 22 uni-

125 359 90 21 versitet
235 359 68 21 redan
319 359 132 27 längesedan
466 359 86 21 kunnat
567 359 110 27 indragas,
693 358 28 22 dä
734 359 25 26 ju
775 358 58 22 inom
849 358 27 20 de

125 394 62 22 flesta
203 394 127 28 discipliner
345 396 71 26 nägon
432 395 57 21 brist
504 396 29 26 pä
547 395 57 27 goda
619 394 128 22 läroböcker
762 394 47 22 icke
820 394 55 21 före-

124 430 75 22 finnes.
231 430 80 23 Vidare
327 431 39 21 har
382 432 59 21 emot
456 430 124 28 petitionen
595 431 42 21 den
654 430 143 27 anmärkning
810 429 66 22 fram-

125 467 71 27 stälts,
220 469 33 19 att
274 467 253 27 pedagogieprofessorn,
548 467 7 21 i
575 467 104 21 händelse
694 466 117 22 hvartdera
827 472 49 15 nor-

125 503 113 27 mallyceet
253 503 70 22 blefve
339 503 67 21 stäldt
420 503 70 22 under
501 503 55 21 hans
567 503 138 22 omedelbara
716 502 95 28 uppsigt,
823 501 54 27 möj-

125 538 58 27 ligen
199 539 73 21 kunde
287 545 77 21 genom
381 539 126 27 ensidighet
524 539 71 21 inleda
611 539 65 21 dessa
692 538 145 27 inrättningar
849 538 29 26 pä

125 581 26 14 en
167 576 58 20 orätt
235 575 62 26 bana,
309 575 40 21 och
360 576 34 20 att
409 575 94 21 sälunda
520 575 41 21 den
572 575 189 26 samstämmighet
771 575 27 20 de
808 573 69 27 bägge

125 611 159 26 normallyceen
306 611 95 27 imellan,
422 611 92 21 hvarvid
535 611 49 22 med
606 613 59 19 rätta
686 612 24 20 sä
725 610 91 27 mycken
832 609 46 27 vigt

125 646 39 21 bör
184 645 76 28 fästas,
277 646 7 21 i
301 646 75 27 sjelfva
395 647 76 21 verket
487 647 73 21 kunde
577 647 98 22 medföra
690 653 60 15 mera
765 646 69 21 skada
849 647 28 20 än

125 689 62 20 gagn.
218 682 78 21 Denna
315 683 89 26 önskan,
429 684 34 20 att
486 683 134 21 ätminstone
642 683 37 21 det
696 681 71 23 finska
783 681 94 22 normal-

125 718 122 21 läroverket
262 725 77 20 genom
356 718 40 21 sitt
411 717 99 28 aflägsna
526 719 47 27 läge
590 720 67 20 måtte
674 719 72 26 undgå
761 719 26 20 de
803 718 74 26 vädor,

125 753 74 22 hvilka
215 754 72 21 kunde
303 754 67 21 blifva
386 761 26 15 en
429 754 55 27 följd
500 754 24 22 af
538 761 26 15 en
581 755 39 21 hos
632 753 246 28 pedagogieprofessorn

125 789 102 28 möjligen
248 789 161 23 framträdande
430 790 132 27 ensidighet,
584 791 38 21 har
638 790 56 22 dock
709 791 56 21 intet
781 789 48 22 skäl
845 789 34 22 för

126 825 40 28 sig,
182 828 21 24 ty
221 826 114 27 onekligen
351 825 116 23 förefinnes
484 833 28 15 en
529 827 88 21 säkrare
633 826 85 27 garanti
735 828 59 20 emot
804 825 75 27 hvarje

126 861 47 22 fara
189 862 6 21 i
211 862 62 21 detta
289 862 131 27 hänseende,
436 869 36 15 om
486 863 70 27 jämte
572 862 245 27 pedagogieprofessorn
831 861 48 22 ätta

127 897 130 22 ofverlärare
276 893 6 36 =
286 897 115 22 öfvervaka
429 898 244 22 lärarekandidaternes
696 897 131 27 utbildning,
851 899 28 20 än

127 940 34 15 om
178 935 78 21 endast
265 933 59 28 fyra
339 937 53 24 göra
402 935 44 21 det.
471 934 97 22 Sålunda
579 935 42 20 kan
632 935 109 21 utskottet
752 934 47 21 icke
810 933 69 22 heller

127 970 6 21 i
149 971 71 21 denna
243 970 163 27 omständighet
425 970 60 22 finna
507 972 70 25 någon
596 970 117 27 anledning
729 972 33 19 att
777 970 54 21 söka
847 969 32 22 af-

127 1007 75 26 styrka
218 1007 37 21 det
271 1005 70 22 finska
351 1006 169 27 normallyceets
532 1006 136 27 förflyttning
679 1006 33 21 till
722 1005 157 29 Universitets-

127 1043 83 26 staden,
230 1042 46 21 lika
291 1042 49 21 litet
355 1049 47 14 som
418 1043 112 21 utskottet
546 1042 43 21 kan
604 1042 117 21 instämma
737 1042 7 21 i
760 1042 49 26 den,
823 1042 55 26 jäm-

127 1078 34 21 väl
184 1078 115 27 offentligt,
322 1078 98 21 uttalade
444 1077 98 28 farhäga,
564 1080 33 19 att
612 1078 70 27 lyceet
699 1078 5 21 i
720 1077 135 22 Tavastehus
873 1077 5 20 i

127 1114 39 21 och
190 1115 49 20 med
263 1115 121 20 detsamma
408 1114 38 21 det
471 1113 128 22 beröfvades
620 1114 159 27 benämningen
795 1112 85 22 normal

126 1149 70 22 blefve
212 1149 140 22 förderfvadt.
379 1149 74 22 Kändt
469 1152 26 19 är
511 1150 117 27 nämligen,
644 1152 34 19 att
693 1150 37 21 det
743 1150 56 26 goda
810 1149 69 27 rykte,

126 1185 134 22 Tavastehus
281 1185 170 28 normallyceum
473 1185 35 22 för
524 1187 37 20 det
577 1186 134 21 närvarande
727 1185 104 27 ätnjuter,
847 1185 32 21 in-

125 1221 95 26 galunda
235 1221 40 21 bör
290 1221 112 22 betraktas
414 1223 74 20 såsom
500 1222 79 21 endast
590 1221 169 22 öfverlärarenes
770 1220 109 27 förtjenst,

125 1256 100 22 hvarföre
249 1257 38 21 det
309 1257 65 22 ocksä
395 1259 24 20 är
440 1257 53 27 föga
510 1257 77 27 troligt
602 1259 34 19 att
651 1258 66 26 nägra
733 1256 99 23 enskilde
848 1256 31 21 lä-

125 1299 60 15 rares
206 1295 112 25 transport
341 1294 34 20 till
398 1300 72 15 annan
493 1296 37 19 ort
549 1294 72 21 kunde
640 1293 7 21 i
664 1294 24 20 sä
705 1292 108 27 väsentlig
829 1298 50 16 mon

127 1328 112 22 förorsaka
255 1329 49 21 dess
321 1329 137 27 försämring.
484 1330 45 20 Vår
539 1328 141 22 skolhistoria
691 1329 100 27 erbjuder
801 1329 79 25 många

127 1364 96 27 exempel
247 1365 73 27 derpå,
344 1366 33 20 att
397 1365 103 21 läroverk
517 1365 7 21 i
539 1366 49 20 vårt
608 1365 51 21 land
681 1366 94 26 uppnått
795 1370 27 15 en
838 1364 43 26 hög

125 1400 53 26 grad
201 1400 24 21 af
246 1400 131 27 utveckling,
398 1401 94 21 oaktadt
512 1400 37 22 vid
565 1401 48 21 dem
630 1401 50 26 inga
696 1400 98 22 normala
810 1399 69 21 öfver-

125 1435 70 22 lärare
211 1436 56 21 varit
284 1436 110 27 anstälde;
410 1436 40 22 och
467 1436 107 22 särskildt
585 1436 62 22 torde
658 1436 145 21 förhållandet
813 1434 68 22 blifva

196 1478 106 20 Allmänna
321 1478 184 20 Besvärsutskottets
522 1478 116 20 betänkande
654 1478 38 20 N:o
707 1479 20 20 2.
