1061 1717
810 118 14 21 3

98 181 46 19 nas,
160 175 55 21 samt
230 175 33 20 att
278 173 33 21 Wi
326 173 134 22 fördenskull
474 174 84 27 antagit
573 174 68 21 sådan
652 173 143 28 förordning
787 169 14 36 i
806 174 45 22 äm-

98 211 43 24 net,
157 215 44 15 som
217 209 25 20 är
256 208 89 27 intagen
357 208 6 21 i
371 208 61 21 Wårt
442 208 123 28 åberopade
576 208 150 27 underdåniga
737 208 114 22 svarsbref.

451 266 8 26 8
478 265 20 21 5.

168 310 36 22 Uti
218 310 136 28 underdänig
364 310 111 22 skrifvelse
486 310 24 21 af
518 311 42 20 den
571 310 27 22 31
610 310 97 21 sistlidne
717 310 58 22 Mars
785 310 68 22 hafva

99 346 34 21 Wi
148 345 89 26 anmält,
253 347 33 19 att
301 346 36 20 det
352 345 33 21 uti
400 345 66 27 nädig
481 345 133 27 propositien
629 344 41 22 Oss
684 344 112 28 förelagda
810 344 43 22 för-

97 380 48 27 slag
159 379 34 22 till
207 379 99 28 strafflag
321 379 33 22 för
368 379 72 21 finska
454 379 108 21 militären
577 379 71 22 blifvit
662 378 25 22 af
700 379 40 21 Oss
750 381 53 19 utan
815 380 38 20 än-

99 414 63 27 dring
176 413 118 28 godkändt.

453 478 11 26 8
480 478 19 21 6.

169 523 60 21 Hans
244 523 120 28 Kejserliga
378 523 113 28 Majestäts
514 523 80 27 nädiga
615 523 136 27 proposition
766 529 35 14 om
817 523 37 21 än-

100 558 63 27 dring
178 557 25 22 af
215 558 28 21 51
259 557 40 22 och
314 558 28 21 52
357 559 24 24 $$
396 557 8 21 i
418 557 248 27 Landtdagsordningen
682 557 25 21 af
719 557 42 21 den
778 557 27 22 15
821 557 32 28 (3)

100 592 61 27 April
184 592 62 25 1869,
270 591 154 22 innehällande
446 591 76 28 tillägg
539 599 35 13 om
589 591 136 22 motionsrätt
740 591 35 22 för
790 593 64 21 Stän-

103 627 74 24 derna,
192 625 65 22 hafva
273 626 34 21 Wi
322 626 33 21 till
370 625 43 22 alla
428 625 60 22 delar
502 626 102 27 godkänt,
619 626 7 21 i
641 626 54 27 följd
705 626 79 22 hvaraf
792 627 63 21 dessa

100 662 23 26 88
128 661 95 30 komme
240 662 32 20 att
289 660 81 21 erhälla
385 660 97 28 följande
497 660 92 27 lydelse:

447 720 11 23 8
474 718 35 21 51.

169 763 104 21 Förutom
296 764 42 20 den
361 764 44 20 rätt
427 763 33 20 till
479 763 98 27 petition,
593 763 87 21 hvilken
695 763 122 21 Ständerna
832 763 25 21 af

101 798 60 21 ålder
184 797 95 28 ätnjutit,
297 804 40 21 ega
352 797 124 22 Ständerna
491 797 40 21 ock
547 798 44 20 rätt
606 799 32 19 att
654 798 13 20 å
682 797 105 27 landtdag
801 798 54 26 göra

101 832 81 22 motion
206 839 34 14 om
263 831 110 26 stiftande,
396 831 92 27 ändring
511 831 52 21 eller
580 831 153 27 upphäfvande
749 831 24 21 af
786 832 67 21 sådan

100 867 80 22 allmän
203 866 42 27 lag,
269 871 45 16 som
337 866 63 21 beror
415 865 25 22 af
453 866 104 27 Kejsaren
581 866 39 21 och
636 865 145 22 Storfurstens
797 868 56 19 samt

101 901 133 21 Ständernas
253 901 233 20 sammanstämmande
502 900 78 21 beslut.
610 899 60 22 Dock
686 900 35 21 mä
736 900 83 21 motion
834 900 19 27 ej

105 935 79 22 väckas
200 942 35 14 om
254 935 109 26 stiftande,
382 934 91 27 ändring
484 934 52 21 eller
546 934 153 27 upphäfvande
710 935 24 20 af
741 934 113 27 grundlag,

101 969 52 22 eller
169 969 23 21 af
205 969 35 27 lag
257 976 34 14 om
307 969 69 21 landt-
392 969 53 20 eller
455 968 149 27 sjöförsvarets
615 969 154 26 organisation,
781 968 18 27 ej
811 968 44 21 hel-

100 1003 32 22 ler
155 1010 34 14 om
211 1003 110 27 presslag;
345 1003 40 21 och
401 1003 55 21 skall
471 1003 134 20 beträffande
621 1002 115 28 kyrkolags
751 1002 104 22 stiftande

99 1037 60 28 gälla
173 1037 58 22 hvad
247 1038 74 21 derom
335 1037 102 22 särskildt
452 1038 25 20 är
492 1038 108 25 stadgadt.

169 1071 90 22 Besluta
274 1072 129 25 Ständerna,
418 1072 8 20 i
440 1071 117 27 anledning
568 1071 24 22 af
599 1071 65 22 väckt
674 1071 88 26 motion,
773 1073 33 20 att
817 1078 37 15 an-

99 1108 53 25 taga
167 1113 28 20 ny
210 1105 53 22 eller
279 1107 70 20 ändra
363 1105 52 22 eller
431 1105 111 28 upphäfva
551 1105 94 28 gammal
656 1105 42 27 lag,
709 1106 93 21 aflemne
812 1105 43 22 för-

100 1141 47 27 slag
170 1141 73 21 derom
265 1141 34 20 till
319 1140 105 28 Kejsaren
440 1140 40 21 och
496 1140 139 21 Storfursten.
666 1140 68 21 Gillar
750 1140 105 27 Kejsaren

99 1175 43 21 och
157 1174 132 22 Storfursten
305 1175 132 20 Ständernas
453 1174 86 27 förslag,
555 1175 65 20 varde
635 1174 129 27 författning
775 1175 7 20 i
793 1175 61 21 orda-

99 1215 71 21 grann
193 1208 222 22 öfverensstämmelse
438 1209 88 20 dermed
548 1208 110 21 utfärdad.
688 1209 47 21 Kan
751 1208 102 28 förslaget

99 1242 49 21 icke
163 1242 25 21 af
200 1242 105 28 Kejsaren
321 1242 40 21 och
372 1242 132 21 Storfursten
520 1242 141 21 oförändradt
672 1243 134 26 godkännas,
817 1250 38 14 an-

100 1283 34 15 ses
150 1277 36 21 det
200 1277 67 22 hafva
281 1277 8 21 i
305 1277 32 21 sin
348 1277 73 21 helhet
431 1277 96 26 förfallit,
538 1277 82 21 hvilket
630 1277 104 28 Kejsaren
746 1277 40 21 och
797 1277 60 21 Stor-

100 1311 83 21 fursten
198 1311 55 21 låter
267 1311 99 21 meddela
382 1312 123 21 Ständerna
528 1314 72 18 senast
615 1311 36 21 vid
666 1312 63 20 nästa
744 1311 111 27 landtdag.

169 1344 84 22 Väckas
275 1346 59 20 inom
354 1345 92 21 stånden
461 1346 72 26 frågor
549 1353 34 14 om
599 1346 80 21 allmän
694 1346 35 26 lag
745 1346 28 27 på
788 1348 68 20 annat

100 1380 44 21 sätt
159 1380 28 20 än
202 1386 77 20 genom
295 1380 89 26 motion,
401 1380 53 21 eller
469 1387 34 14 om
514 1380 110 24 stiftande,
635 1380 91 27 ändring
738 1380 53 21 eller
800 1387 55 20 upp-

100 1413 107 22 häfvande
231 1413 24 21 af
276 1413 62 27 lagar
360 1413 41 22 och
423 1414 154 27 författningar
592 1414 8 21 i
614 1414 84 21 sådana
719 1415 87 24 ämnen,
823 1415 32 19 rö-
