<?xml version="1.0" encoding="UTF-8"?>
<alto xmlns="http://www.loc.gov/standards/alto/ns-v3#" xmlns:xlink="http://www.w3.org/1999/xlink" xmlns:xsi="http://www.w3.org/2001/XMLSchema-instance" xsi:schemaLocation="http://www.loc.gov/standards/alto/ns-v3# http://www.loc.gov/alto/v3/alto-3-0.xsd">
	<Description>
		<MeasurementUnit>pixel</MeasurementUnit>
		<sourceImageInformation>
			<fileName>/tmp/tess_siqcsk6z_input.PNG</fileName>
		</sourceImageInformation>
		<OCRProcessing ID="OCR_0">
			<ocrProcessingStep>
				<processingSoftware>
					<softwareName>tesseract 5.3.4</softwareName>
				</processingSoftware>
			</ocrProcessingStep>
		</OCRProcessing>
	</Description>
	<Layout>
		<Page WIDTH="1061" HEIGHT="1717" PHYSICAL_IMG_NR="0" ID="page_0">
			<PrintSpace HPOS="0" VPOS="0" WIDTH="1061" HEIGHT="1717">
				<ComposedBlock ID="cblock_0" HPOS="315" VPOS="94" WIDTH="513" HEIGHT="23">
					<TextBlock ID="block_0" HPOS="315" VPOS="94" WIDTH="513" HEIGHT="23">
						<TextLine ID="line_0" HPOS="315" VPOS="94" WIDTH="513" HEIGHT="23">
							<String ID="string_0" HPOS="315" VPOS="94" WIDTH="238" HEIGHT="23" WC="0.92" CONTENT="Petitionsbetänkande"/><SP WIDTH="15" VPOS="94" HPOS="553"/>
							<String ID="string_1" HPOS="568" VPOS="94" WIDTH="37" HEIGHT="22" WC="0.96" CONTENT="N:o"/><SP WIDTH="15" VPOS="94" HPOS="605"/>
							<String ID="string_2" HPOS="620" VPOS="94" WIDTH="36" HEIGHT="22" WC="0.96" CONTENT="31."/><SP WIDTH="143" VPOS="94" HPOS="656"/>
							<String ID="string_3" HPOS="799" VPOS="94" WIDTH="29" HEIGHT="22" WC="0.95" CONTENT="23"/>
						</TextLine>
					</TextBlock>
				</ComposedBlock>
				<ComposedBlock ID="cblock_1" HPOS="107" VPOS="159" WIDTH="760" HEIGHT="1313">
					<TextBlock ID="block_1" HPOS="108" VPOS="159" WIDTH="751" HEIGHT="65">
						<TextLine ID="line_1" HPOS="109" VPOS="159" WIDTH="750" HEIGHT="29">
							<String ID="string_4" HPOS="109" VPOS="160" WIDTH="36" HEIGHT="20" WC="0.95" CONTENT="tas"/><SP WIDTH="23" VPOS="160" HPOS="145"/>
							<String ID="string_5" HPOS="168" VPOS="159" WIDTH="39" HEIGHT="22" WC="0.96" CONTENT="och"/><SP WIDTH="24" VPOS="159" HPOS="207"/>
							<String ID="string_6" HPOS="231" VPOS="159" WIDTH="108" HEIGHT="28" WC="0.96" CONTENT="förläggas"/><SP WIDTH="22" VPOS="159" HPOS="339"/>
							<String ID="string_7" HPOS="361" VPOS="160" WIDTH="36" HEIGHT="22" WC="0.95" CONTENT="till"/><SP WIDTH="22" VPOS="160" HPOS="397"/>
							<String ID="string_8" HPOS="419" VPOS="162" WIDTH="72" HEIGHT="26" WC="0.96" CONTENT="någon"/><SP WIDTH="23" VPOS="162" HPOS="491"/>
							<String ID="string_9" HPOS="514" VPOS="162" WIDTH="35" HEIGHT="20" WC="0.96" CONTENT="ort"/><SP WIDTH="21" VPOS="162" HPOS="549"/>
							<String ID="string_10" HPOS="570" VPOS="160" WIDTH="58" HEIGHT="22" WC="0.96" CONTENT="inom"/><SP WIDTH="24" VPOS="160" HPOS="628"/>
							<String ID="string_11" HPOS="652" VPOS="160" WIDTH="33" HEIGHT="22" WC="0.96" CONTENT="S:t"/><SP WIDTH="14" VPOS="160" HPOS="685"/>
							<String ID="string_12" HPOS="699" VPOS="160" WIDTH="91" HEIGHT="22" WC="0.96" CONTENT="Michels"/><SP WIDTH="16" VPOS="160" HPOS="790"/>
							<String ID="string_13" HPOS="806" VPOS="159" WIDTH="53" HEIGHT="22" WC="0.96" CONTENT="eller"/>
						</TextLine>
						<TextLine ID="line_2" HPOS="108" VPOS="194" WIDTH="691" HEIGHT="30">
							<String ID="string_14" HPOS="108" VPOS="194" WIDTH="101" HEIGHT="28" WC="0.92" CONTENT="Wiborgs"/><SP WIDTH="15" VPOS="194" HPOS="209"/>
							<String ID="string_15" HPOS="224" VPOS="195" WIDTH="43" HEIGHT="26" WC="0.97" CONTENT="län,"/><SP WIDTH="16" VPOS="195" HPOS="267"/>
							<String ID="string_16" HPOS="283" VPOS="202" WIDTH="46" HEIGHT="16" WC="0.96" CONTENT="som"/><SP WIDTH="16" VPOS="202" HPOS="329"/>
							<String ID="string_17" HPOS="345" VPOS="196" WIDTH="106" HEIGHT="28" WC="0.96" CONTENT="styrelsen"/><SP WIDTH="15" VPOS="196" HPOS="451"/>
							<String ID="string_18" HPOS="466" VPOS="196" WIDTH="45" HEIGHT="22" WC="0.97" CONTENT="kan"/><SP WIDTH="15" VPOS="196" HPOS="511"/>
							<String ID="string_19" HPOS="526" VPOS="194" WIDTH="59" HEIGHT="24" WC="0.93" CONTENT="finna"/><SP WIDTH="15" VPOS="194" HPOS="585"/>
							<String ID="string_20" HPOS="600" VPOS="196" WIDTH="73" HEIGHT="22" WC="0.93" CONTENT="dertill"/><SP WIDTH="15" VPOS="196" HPOS="673"/>
							<String ID="string_21" HPOS="688" VPOS="196" WIDTH="111" HEIGHT="27" WC="0.86" CONTENT="lämplig&#39;&#39;."/>
						</TextLine>
					</TextBlock>
					<TextBlock ID="block_2" HPOS="107" VPOS="230" WIDTH="754" HEIGHT="278">
						<TextLine ID="line_3" HPOS="178" VPOS="230" WIDTH="680" HEIGHT="29">
							<String ID="string_22" HPOS="178" VPOS="230" WIDTH="118" HEIGHT="23" WC="0.96" CONTENT="Dessutom"/><SP WIDTH="23" VPOS="230" HPOS="296"/>
							<String ID="string_23" HPOS="319" VPOS="231" WIDTH="106" HEIGHT="28" WC="0.96" CONTENT="förtjänar"/><SP WIDTH="25" VPOS="231" HPOS="425"/>
							<String ID="string_24" HPOS="450" VPOS="232" WIDTH="42" HEIGHT="22" WC="0.96" CONTENT="den"/><SP WIDTH="24" VPOS="232" HPOS="492"/>
							<String ID="string_25" HPOS="516" VPOS="232" WIDTH="190" HEIGHT="27" WC="0.96" CONTENT="omständigheten"/><SP WIDTH="23" VPOS="232" HPOS="706"/>
							<String ID="string_26" HPOS="729" VPOS="231" WIDTH="129" HEIGHT="27" WC="0.96" CONTENT="beaktande,"/>
						</TextLine>
						<TextLine ID="line_4" HPOS="107" VPOS="266" WIDTH="752" HEIGHT="28">
							<String ID="string_27" HPOS="107" VPOS="267" WIDTH="36" HEIGHT="20" WC="0.93" CONTENT="att"/><SP WIDTH="15" VPOS="267" HPOS="143"/>
							<String ID="string_28" HPOS="158" VPOS="266" WIDTH="159" HEIGHT="28" WC="0.91" CONTENT="Ridderskapet"/><SP WIDTH="16" VPOS="266" HPOS="317"/>
							<String ID="string_29" HPOS="333" VPOS="268" WIDTH="39" HEIGHT="21" WC="0.93" CONTENT="ock"/><SP WIDTH="15" VPOS="268" HPOS="372"/>
							<String ID="string_30" HPOS="387" VPOS="267" WIDTH="70" HEIGHT="23" WC="0.91" CONTENT="Adeln"/><SP WIDTH="16" VPOS="267" HPOS="457"/>
							<String ID="string_31" HPOS="473" VPOS="269" WIDTH="58" HEIGHT="20" WC="0.93" CONTENT="samt"/><SP WIDTH="15" VPOS="269" HPOS="531"/>
							<String ID="string_32" HPOS="546" VPOS="268" WIDTH="165" HEIGHT="22" WC="0.92" CONTENT="Presteståndet"/><SP WIDTH="14" VPOS="268" HPOS="711"/>
							<String ID="string_33" HPOS="725" VPOS="267" WIDTH="134" HEIGHT="22" WC="0.96" CONTENT="beträffande"/>
						</TextLine>
						<TextLine ID="line_5" HPOS="109" VPOS="301" WIDTH="750" HEIGHT="25">
							<String ID="string_34" HPOS="109" VPOS="301" WIDTH="124" HEIGHT="23" WC="0.96" CONTENT="läroverket"/><SP WIDTH="14" VPOS="301" HPOS="233"/>
							<String ID="string_35" HPOS="247" VPOS="303" WIDTH="8" HEIGHT="21" WC="0.96" CONTENT="i"/><SP WIDTH="15" VPOS="303" HPOS="255"/>
							<String ID="string_36" HPOS="270" VPOS="302" WIDTH="98" HEIGHT="23" WC="0.96" CONTENT="Joensuu"/><SP WIDTH="19" VPOS="302" HPOS="368"/>
							<String ID="string_37" HPOS="387" VPOS="304" WIDTH="51" HEIGHT="21" WC="0.93" CONTENT="med"/><SP WIDTH="18" VPOS="304" HPOS="438"/>
							<String ID="string_38" HPOS="456" VPOS="303" WIDTH="141" HEIGHT="23" WC="0.92" CONTENT="förkastande"/><SP WIDTH="15" VPOS="303" HPOS="597"/>
							<String ID="string_39" HPOS="612" VPOS="304" WIDTH="25" HEIGHT="21" WC="0.96" CONTENT="af"/><SP WIDTH="13" VPOS="304" HPOS="637"/>
							<String ID="string_40" HPOS="650" VPOS="304" WIDTH="119" HEIGHT="21" WC="0.93" CONTENT="utskottets"/><SP WIDTH="15" VPOS="304" HPOS="769"/>
							<String ID="string_41" HPOS="784" VPOS="303" WIDTH="75" HEIGHT="22" WC="0.92" CONTENT="betän-"/>
						</TextLine>
						<TextLine ID="line_6" HPOS="110" VPOS="336" WIDTH="749" HEIGHT="30">
							<String ID="string_42" HPOS="110" VPOS="336" WIDTH="72" HEIGHT="23" WC="0.93" CONTENT="kande"/><SP WIDTH="20" VPOS="336" HPOS="182"/>
							<String ID="string_43" HPOS="202" VPOS="338" WIDTH="115" HEIGHT="28" WC="0.90" CONTENT="föreslogo,"/><SP WIDTH="21" VPOS="338" HPOS="317"/>
							<String ID="string_44" HPOS="338" VPOS="340" WIDTH="33" HEIGHT="20" WC="0.96" CONTENT="att"/><SP WIDTH="20" VPOS="340" HPOS="371"/>
							<String ID="string_45" HPOS="391" VPOS="346" WIDTH="51" HEIGHT="14" WC="0.96" CONTENT="man"/><SP WIDTH="14" VPOS="346" HPOS="442"/>
							<String ID="string_46" HPOS="456" VPOS="339" WIDTH="69" HEIGHT="22" WC="0.92" CONTENT="borde"/><SP WIDTH="16" VPOS="339" HPOS="525"/>
							<String ID="string_47" HPOS="541" VPOS="339" WIDTH="51" HEIGHT="27" WC="0.91" CONTENT="ingä"/><SP WIDTH="14" VPOS="339" HPOS="592"/>
							<String ID="string_48" HPOS="606" VPOS="340" WIDTH="51" HEIGHT="21" WC="0.93" CONTENT="med"/><SP WIDTH="15" VPOS="340" HPOS="657"/>
							<String ID="string_49" HPOS="672" VPOS="339" WIDTH="135" HEIGHT="27" WC="0.91" CONTENT="underdänig"/><SP WIDTH="15" VPOS="339" HPOS="807"/>
							<String ID="string_50" HPOS="822" VPOS="345" WIDTH="37" HEIGHT="21" WC="0.92" CONTENT="pe-"/>
						</TextLine>
						<TextLine ID="line_7" HPOS="111" VPOS="372" WIDTH="748" HEIGHT="30">
							<String ID="string_51" HPOS="111" VPOS="372" WIDTH="66" HEIGHT="22" WC="0.93" CONTENT="tition"/><SP WIDTH="20" VPOS="372" HPOS="177"/>
							<String ID="string_52" HPOS="197" VPOS="376" WIDTH="33" HEIGHT="20" WC="0.93" CONTENT="att"/><SP WIDTH="22" VPOS="376" HPOS="230"/>
							<String ID="string_53" HPOS="252" VPOS="375" WIDTH="79" HEIGHT="21" WC="0.92" CONTENT="nämda"/><SP WIDTH="23" VPOS="375" HPOS="331"/>
							<String ID="string_54" HPOS="354" VPOS="375" WIDTH="62" HEIGHT="21" WC="0.93" CONTENT="skola"/><SP WIDTH="22" VPOS="375" HPOS="416"/>
							<String ID="string_55" HPOS="438" VPOS="375" WIDTH="129" HEIGHT="27" WC="0.93" CONTENT="utvidgades"/><SP WIDTH="21" VPOS="375" HPOS="567"/>
							<String ID="string_56" HPOS="588" VPOS="375" WIDTH="34" HEIGHT="22" WC="0.95" CONTENT="till"/><SP WIDTH="16" VPOS="375" HPOS="622"/>
							<String ID="string_57" HPOS="638" VPOS="376" WIDTH="33" HEIGHT="20" WC="0.93" CONTENT="ett"/><SP WIDTH="15" VPOS="376" HPOS="671"/>
							<String ID="string_58" HPOS="686" VPOS="374" WIDTH="128" HEIGHT="28" WC="0.92" CONTENT="sjuklassigt"/><SP WIDTH="14" VPOS="374" HPOS="814"/>
							<String ID="string_59" HPOS="828" VPOS="374" WIDTH="31" HEIGHT="28" WC="0.88" CONTENT="ly-"/>
						</TextLine>
						<TextLine ID="line_8" HPOS="111" VPOS="410" WIDTH="750" HEIGHT="28">
							<String ID="string_60" HPOS="111" VPOS="415" WIDTH="68" HEIGHT="15" WC="0.89" CONTENT="ceum."/><SP WIDTH="30" VPOS="415" HPOS="179"/>
							<String ID="string_61" HPOS="209" VPOS="410" WIDTH="50" HEIGHT="22" WC="0.96" CONTENT="Men"/><SP WIDTH="16" VPOS="410" HPOS="259"/>
							<String ID="string_62" HPOS="275" VPOS="410" WIDTH="28" HEIGHT="22" WC="0.92" CONTENT="dä"/><SP WIDTH="22" VPOS="410" HPOS="303"/>
							<String ID="string_63" HPOS="325" VPOS="410" WIDTH="105" HEIGHT="28" WC="0.74" CONTENT="Borgare-"/><SP WIDTH="16" VPOS="410" HPOS="430"/>
							<String ID="string_64" HPOS="446" VPOS="411" WIDTH="39" HEIGHT="21" WC="0.93" CONTENT="och"/><SP WIDTH="16" VPOS="411" HPOS="485"/>
							<String ID="string_65" HPOS="501" VPOS="411" WIDTH="170" HEIGHT="21" WC="0.92" CONTENT="Bondeständen"/><SP WIDTH="20" VPOS="411" HPOS="671"/>
							<String ID="string_66" HPOS="691" VPOS="411" WIDTH="57" HEIGHT="21" WC="0.93" CONTENT="hade"/><SP WIDTH="15" VPOS="411" HPOS="748"/>
							<String ID="string_67" HPOS="763" VPOS="410" WIDTH="98" HEIGHT="28" WC="0.96" CONTENT="godkänt"/>
						</TextLine>
						<TextLine ID="line_9" HPOS="109" VPOS="445" WIDTH="750" HEIGHT="30">
							<String ID="string_68" HPOS="109" VPOS="445" WIDTH="120" HEIGHT="22" WC="0.92" CONTENT="utskottets"/><SP WIDTH="16" VPOS="445" HPOS="229"/>
							<String ID="string_69" HPOS="245" VPOS="446" WIDTH="139" HEIGHT="27" WC="0.92" CONTENT="afstyrkande"/><SP WIDTH="16" VPOS="446" HPOS="384"/>
							<String ID="string_70" HPOS="400" VPOS="447" WIDTH="145" HEIGHT="28" WC="0.96" CONTENT="betänkande,"/><SP WIDTH="17" VPOS="447" HPOS="545"/>
							<String ID="string_71" HPOS="562" VPOS="448" WIDTH="25" HEIGHT="21" WC="0.93" CONTENT="sä"/><SP WIDTH="14" VPOS="448" HPOS="587"/>
							<String ID="string_72" HPOS="601" VPOS="446" WIDTH="126" HEIGHT="23" WC="0.96" CONTENT="föranledde"/><SP WIDTH="24" VPOS="446" HPOS="727"/>
							<String ID="string_73" HPOS="751" VPOS="446" WIDTH="75" HEIGHT="27" WC="0.96" CONTENT="frågan"/><SP WIDTH="14" VPOS="446" HPOS="826"/>
							<String ID="string_74" HPOS="840" VPOS="446" WIDTH="19" HEIGHT="27" WC="0.96" CONTENT="ej"/>
						</TextLine>
						<TextLine ID="line_10" HPOS="109" VPOS="481" WIDTH="150" HEIGHT="27">
							<String ID="string_75" HPOS="109" VPOS="481" WIDTH="35" HEIGHT="21" WC="0.95" CONTENT="till"/><SP WIDTH="13" VPOS="481" HPOS="144"/>
							<String ID="string_76" HPOS="157" VPOS="481" WIDTH="102" HEIGHT="27" WC="0.96" CONTENT="petition."/>
						</TextLine>
					</TextBlock>
					<TextBlock ID="block_3" HPOS="109" VPOS="517" WIDTH="754" HEIGHT="384">
						<TextLine ID="line_11" HPOS="180" VPOS="517" WIDTH="682" HEIGHT="23">
							<String ID="string_77" HPOS="180" VPOS="517" WIDTH="81" HEIGHT="23" WC="0.96" CONTENT="Sådant"/><SP WIDTH="22" VPOS="517" HPOS="261"/>
							<String ID="string_78" HPOS="283" VPOS="525" WIDTH="39" HEIGHT="14" WC="0.96" CONTENT="var"/><SP WIDTH="23" VPOS="525" HPOS="322"/>
							<String ID="string_79" HPOS="345" VPOS="518" WIDTH="117" HEIGHT="22" WC="0.96" CONTENT="resultatet"/><SP WIDTH="15" VPOS="518" HPOS="462"/>
							<String ID="string_80" HPOS="477" VPOS="518" WIDTH="137" HEIGHT="22" WC="0.96" CONTENT="beträffande"/><SP WIDTH="16" VPOS="518" HPOS="614"/>
							<String ID="string_81" HPOS="630" VPOS="519" WIDTH="26" HEIGHT="21" WC="0.96" CONTENT="de"/><SP WIDTH="16" VPOS="519" HPOS="656"/>
							<String ID="string_82" HPOS="672" VPOS="517" WIDTH="72" HEIGHT="23" WC="0.96" CONTENT="finska"/><SP WIDTH="16" VPOS="517" HPOS="744"/>
							<String ID="string_83" HPOS="760" VPOS="517" WIDTH="102" HEIGHT="23" WC="0.96" CONTENT="skolorna"/>
						</TextLine>
						<TextLine ID="line_12" HPOS="109" VPOS="553" WIDTH="752" HEIGHT="28">
							<String ID="string_84" HPOS="109" VPOS="553" WIDTH="38" HEIGHT="21" WC="0.96" CONTENT="vid"/><SP WIDTH="24" VPOS="553" HPOS="147"/>
							<String ID="string_85" HPOS="171" VPOS="554" WIDTH="56" HEIGHT="21" WC="0.96" CONTENT="1877"/><SP WIDTH="24" VPOS="554" HPOS="227"/>
							<String ID="string_86" HPOS="251" VPOS="555" WIDTH="36" HEIGHT="20" WC="0.93" CONTENT="års"/><SP WIDTH="23" VPOS="555" HPOS="287"/>
							<String ID="string_87" HPOS="310" VPOS="553" WIDTH="112" HEIGHT="28" WC="0.88" CONTENT="landtdag."/><SP WIDTH="32" VPOS="553" HPOS="422"/>
							<String ID="string_88" HPOS="454" VPOS="553" WIDTH="35" HEIGHT="22" WC="0.93" CONTENT="Då"/><SP WIDTH="22" VPOS="553" HPOS="489"/>
							<String ID="string_89" HPOS="511" VPOS="553" WIDTH="129" HEIGHT="22" WC="0.91" CONTENT="förenämda"/><SP WIDTH="15" VPOS="553" HPOS="640"/>
							<String ID="string_90" HPOS="655" VPOS="553" WIDTH="118" HEIGHT="28" WC="0.92" CONTENT="petitioner"/><SP WIDTH="16" VPOS="553" HPOS="773"/>
							<String ID="string_91" HPOS="789" VPOS="554" WIDTH="72" HEIGHT="21" WC="0.92" CONTENT="seder-"/>
						</TextLine>
						<TextLine ID="line_13" HPOS="111" VPOS="589" WIDTH="750" HEIGHT="27">
							<String ID="string_92" HPOS="111" VPOS="595" WIDTH="60" HEIGHT="15" WC="0.96" CONTENT="mera"/><SP WIDTH="15" VPOS="595" HPOS="171"/>
							<String ID="string_93" HPOS="186" VPOS="589" WIDTH="147" HEIGHT="22" WC="0.95" CONTENT="behandlades"/><SP WIDTH="16" VPOS="589" HPOS="333"/>
							<String ID="string_94" HPOS="349" VPOS="589" WIDTH="23" HEIGHT="22" WC="0.96" CONTENT="af"/><SP WIDTH="14" VPOS="589" HPOS="372"/>
							<String ID="string_95" HPOS="386" VPOS="589" WIDTH="117" HEIGHT="27" WC="0.94" CONTENT="styrelsen,"/><SP WIDTH="15" VPOS="589" HPOS="503"/>
							<String ID="string_96" HPOS="518" VPOS="589" WIDTH="158" HEIGHT="27" WC="0.96" CONTENT="sammanslogs"/><SP WIDTH="16" VPOS="589" HPOS="676"/>
							<String ID="string_97" HPOS="692" VPOS="589" WIDTH="75" HEIGHT="27" WC="0.96" CONTENT="frågan"/><SP WIDTH="16" VPOS="589" HPOS="767"/>
							<String ID="string_98" HPOS="783" VPOS="595" WIDTH="35" HEIGHT="15" WC="0.92" CONTENT="om"/><SP WIDTH="11" VPOS="595" HPOS="818"/>
							<String ID="string_99" HPOS="829" VPOS="589" WIDTH="32" HEIGHT="20" WC="0.92" CONTENT="in-"/>
						</TextLine>
						<TextLine ID="line_14" HPOS="111" VPOS="624" WIDTH="751" HEIGHT="27">
							<String ID="string_100" HPOS="111" VPOS="625" WIDTH="112" HEIGHT="22" WC="0.92" CONTENT="rättandet"/><SP WIDTH="16" VPOS="625" HPOS="223"/>
							<String ID="string_101" HPOS="239" VPOS="625" WIDTH="40" HEIGHT="21" WC="0.96" CONTENT="och"/><SP WIDTH="15" VPOS="625" HPOS="279"/>
							<String ID="string_102" HPOS="294" VPOS="625" WIDTH="156" HEIGHT="26" WC="0.96" CONTENT="utvidgningen"/><SP WIDTH="16" VPOS="625" HPOS="450"/>
							<String ID="string_103" HPOS="466" VPOS="624" WIDTH="24" HEIGHT="21" WC="0.96" CONTENT="af"/><SP WIDTH="14" VPOS="624" HPOS="490"/>
							<String ID="string_104" HPOS="504" VPOS="624" WIDTH="73" HEIGHT="22" WC="0.96" CONTENT="skolor"/><SP WIDTH="16" VPOS="624" HPOS="577"/>
							<String ID="string_105" HPOS="593" VPOS="625" WIDTH="50" HEIGHT="21" WC="0.96" CONTENT="med"/><SP WIDTH="15" VPOS="625" HPOS="643"/>
							<String ID="string_106" HPOS="658" VPOS="625" WIDTH="27" HEIGHT="21" WC="0.95" CONTENT="de"/><SP WIDTH="16" VPOS="625" HPOS="685"/>
							<String ID="string_107" HPOS="701" VPOS="624" WIDTH="70" HEIGHT="27" WC="0.93" CONTENT="öfriga"/><SP WIDTH="14" VPOS="624" HPOS="771"/>
							<String ID="string_108" HPOS="785" VPOS="624" WIDTH="77" HEIGHT="21" WC="0.89" CONTENT="försla-"/>
						</TextLine>
						<TextLine ID="line_15" HPOS="111" VPOS="660" WIDTH="750" HEIGHT="27">
							<String ID="string_109" HPOS="111" VPOS="666" WIDTH="42" HEIGHT="21" WC="0.96" CONTENT="gen"/><SP WIDTH="16" VPOS="666" HPOS="153"/>
							<String ID="string_110" HPOS="169" VPOS="661" WIDTH="112" HEIGHT="26" WC="0.92" CONTENT="angående"/><SP WIDTH="16" VPOS="661" HPOS="281"/>
							<String ID="string_111" HPOS="297" VPOS="660" WIDTH="212" HEIGHT="27" WC="0.91" CONTENT="omorganiseringen"/><SP WIDTH="17" VPOS="660" HPOS="509"/>
							<String ID="string_112" HPOS="526" VPOS="660" WIDTH="23" HEIGHT="21" WC="0.96" CONTENT="af"/><SP WIDTH="13" VPOS="660" HPOS="549"/>
							<String ID="string_113" HPOS="562" VPOS="661" WIDTH="50" HEIGHT="21" WC="0.96" CONTENT="hela"/><SP WIDTH="14" VPOS="661" HPOS="612"/>
							<String ID="string_114" HPOS="626" VPOS="661" WIDTH="50" HEIGHT="20" WC="0.93" CONTENT="vårt"/><SP WIDTH="10" VPOS="661" HPOS="676"/>
							<String ID="string_115" HPOS="686" VPOS="660" WIDTH="175" HEIGHT="27" WC="0.91" CONTENT="undervisnings-"/>
						</TextLine>
						<TextLine ID="line_16" HPOS="112" VPOS="696" WIDTH="750" HEIGHT="27">
							<String ID="string_116" HPOS="112" VPOS="696" WIDTH="100" HEIGHT="27" WC="0.92" CONTENT="väsende,"/><SP WIDTH="24" VPOS="696" HPOS="212"/>
							<String ID="string_117" HPOS="236" VPOS="702" WIDTH="46" HEIGHT="15" WC="0.93" CONTENT="som"/><SP WIDTH="24" VPOS="702" HPOS="282"/>
							<String ID="string_118" HPOS="306" VPOS="696" WIDTH="132" HEIGHT="21" WC="0.91" CONTENT="Ständernas"/><SP WIDTH="24" VPOS="696" HPOS="438"/>
							<String ID="string_119" HPOS="462" VPOS="696" WIDTH="143" HEIGHT="27" WC="0.92" CONTENT="skolpetition"/><SP WIDTH="25" VPOS="696" HPOS="605"/>
							<String ID="string_120" HPOS="630" VPOS="696" WIDTH="123" HEIGHT="27" WC="0.96" CONTENT="innehållit,"/><SP WIDTH="24" VPOS="696" HPOS="753"/>
							<String ID="string_121" HPOS="777" VPOS="696" WIDTH="39" HEIGHT="21" WC="0.96" CONTENT="och"/><SP WIDTH="19" VPOS="696" HPOS="816"/>
							<String ID="string_122" HPOS="835" VPOS="702" WIDTH="27" HEIGHT="15" WC="0.96" CONTENT="en"/>
						</TextLine>
						<TextLine ID="line_17" HPOS="112" VPOS="731" WIDTH="750" HEIGHT="28">
							<String ID="string_123" HPOS="112" VPOS="731" WIDTH="59" HEIGHT="22" WC="0.93" CONTENT="skild"/><SP WIDTH="15" VPOS="731" HPOS="171"/>
							<String ID="string_124" HPOS="186" VPOS="731" WIDTH="83" HEIGHT="22" WC="0.74" CONTENT="komite"/><SP WIDTH="15" VPOS="731" HPOS="269"/>
							<String ID="string_125" HPOS="284" VPOS="731" WIDTH="104" HEIGHT="22" WC="0.96" CONTENT="tillsattes"/><SP WIDTH="17" VPOS="731" HPOS="388"/>
							<String ID="string_126" HPOS="405" VPOS="733" WIDTH="25" HEIGHT="20" WC="0.89" CONTENT="är"/><SP WIDTH="16" VPOS="733" HPOS="430"/>
							<String ID="string_127" HPOS="446" VPOS="732" WIDTH="58" HEIGHT="21" WC="0.96" CONTENT="1879"/><SP WIDTH="16" VPOS="732" HPOS="504"/>
							<String ID="string_128" HPOS="520" VPOS="731" WIDTH="34" HEIGHT="22" WC="0.96" CONTENT="för"/><SP WIDTH="11" VPOS="731" HPOS="554"/>
							<String ID="string_129" HPOS="565" VPOS="733" WIDTH="33" HEIGHT="20" WC="0.93" CONTENT="att"/><SP WIDTH="10" VPOS="733" HPOS="598"/>
							<String ID="string_130" HPOS="608" VPOS="731" WIDTH="81" HEIGHT="28" WC="0.92" CONTENT="afgifva"/><SP WIDTH="10" VPOS="731" HPOS="689"/>
							<String ID="string_131" HPOS="699" VPOS="732" WIDTH="40" HEIGHT="21" WC="0.93" CONTENT="sitt"/><SP WIDTH="10" VPOS="732" HPOS="739"/>
							<String ID="string_132" HPOS="749" VPOS="731" WIDTH="113" HEIGHT="22" WC="0.96" CONTENT="utlåtande"/>
						</TextLine>
						<TextLine ID="line_18" HPOS="112" VPOS="767" WIDTH="751" HEIGHT="28">
							<String ID="string_133" HPOS="112" VPOS="767" WIDTH="112" HEIGHT="28" WC="0.89" CONTENT="angäende"/><SP WIDTH="23" VPOS="767" HPOS="224"/>
							<String ID="string_134" HPOS="247" VPOS="767" WIDTH="65" HEIGHT="22" WC="0.93" CONTENT="dessa"/><SP WIDTH="20" VPOS="767" HPOS="312"/>
							<String ID="string_135" HPOS="332" VPOS="767" WIDTH="73" HEIGHT="27" WC="0.92" CONTENT="frägor"/><SP WIDTH="19" VPOS="767" HPOS="405"/>
							<String ID="string_136" HPOS="424" VPOS="767" WIDTH="8" HEIGHT="21" WC="0.96" CONTENT="i"/><SP WIDTH="14" VPOS="767" HPOS="432"/>
							<String ID="string_137" HPOS="446" VPOS="767" WIDTH="51" HEIGHT="22" WC="0.96" CONTENT="hela"/><SP WIDTH="16" VPOS="767" HPOS="497"/>
							<String ID="string_138" HPOS="513" VPOS="767" WIDTH="63" HEIGHT="22" WC="0.93" CONTENT="deras"/><SP WIDTH="15" VPOS="767" HPOS="576"/>
							<String ID="string_139" HPOS="591" VPOS="767" WIDTH="58" HEIGHT="22" WC="0.91" CONTENT="vidd."/><SP WIDTH="31" VPOS="767" HPOS="649"/>
							<String ID="string_140" HPOS="680" VPOS="767" WIDTH="50" HEIGHT="22" WC="0.93" CONTENT="Med"/><SP WIDTH="16" VPOS="767" HPOS="730"/>
							<String ID="string_141" HPOS="746" VPOS="767" WIDTH="117" HEIGHT="26" WC="0.92" CONTENT="anledning"/>
						</TextLine>
						<TextLine ID="line_19" HPOS="112" VPOS="803" WIDTH="751" HEIGHT="27">
							<String ID="string_142" HPOS="112" VPOS="803" WIDTH="25" HEIGHT="22" WC="0.96" CONTENT="af"/><SP WIDTH="21" VPOS="803" HPOS="137"/>
							<String ID="string_143" HPOS="158" VPOS="803" WIDTH="27" HEIGHT="21" WC="0.93" CONTENT="de"/><SP WIDTH="23" VPOS="803" HPOS="185"/>
							<String ID="string_144" HPOS="208" VPOS="803" WIDTH="171" HEIGHT="27" WC="0.92" CONTENT="önskningsmäl,"/><SP WIDTH="24" VPOS="803" HPOS="379"/>
							<String ID="string_145" HPOS="403" VPOS="809" WIDTH="46" HEIGHT="15" WC="0.93" CONTENT="som"/><SP WIDTH="25" VPOS="809" HPOS="449"/>
							<String ID="string_146" HPOS="474" VPOS="803" WIDTH="122" HEIGHT="21" WC="0.90" CONTENT="Ständerna"/><SP WIDTH="18" VPOS="803" HPOS="596"/>
							<String ID="string_147" HPOS="614" VPOS="803" WIDTH="130" HEIGHT="27" WC="0.90" CONTENT="föregäende"/><SP WIDTH="15" VPOS="803" HPOS="744"/>
							<String ID="string_148" HPOS="759" VPOS="803" WIDTH="104" HEIGHT="26" WC="0.92" CONTENT="landtdag"/>
						</TextLine>
						<TextLine ID="line_20" HPOS="112" VPOS="838" WIDTH="751" HEIGHT="28">
							<String ID="string_149" HPOS="112" VPOS="839" WIDTH="57" HEIGHT="21" WC="0.93" CONTENT="hade"/><SP WIDTH="25" VPOS="839" HPOS="169"/>
							<String ID="string_150" HPOS="194" VPOS="839" WIDTH="80" HEIGHT="21" WC="0.94" CONTENT="uttalat"/><SP WIDTH="26" VPOS="839" HPOS="274"/>
							<String ID="string_151" HPOS="300" VPOS="839" WIDTH="110" HEIGHT="27" WC="0.93" CONTENT="angående"/><SP WIDTH="27" VPOS="839" HPOS="410"/>
							<String ID="string_152" HPOS="437" VPOS="838" WIDTH="136" HEIGHT="22" WC="0.93" CONTENT="inrättandet"/><SP WIDTH="26" VPOS="838" HPOS="573"/>
							<String ID="string_153" HPOS="599" VPOS="839" WIDTH="40" HEIGHT="21" WC="0.93" CONTENT="och"/><SP WIDTH="25" VPOS="839" HPOS="639"/>
							<String ID="string_154" HPOS="664" VPOS="839" WIDTH="157" HEIGHT="27" WC="0.96" CONTENT="utvidgningen"/><SP WIDTH="21" VPOS="839" HPOS="821"/>
							<String ID="string_155" HPOS="842" VPOS="838" WIDTH="21" HEIGHT="21" WC="0.96" CONTENT="af"/>
						</TextLine>
						<TextLine ID="line_21" HPOS="112" VPOS="874" WIDTH="669" HEIGHT="27">
							<String ID="string_156" HPOS="112" VPOS="874" WIDTH="73" HEIGHT="21" WC="0.96" CONTENT="skilda"/><SP WIDTH="15" VPOS="874" HPOS="185"/>
							<String ID="string_157" HPOS="200" VPOS="874" WIDTH="79" HEIGHT="27" WC="0.96" CONTENT="skolor,"/><SP WIDTH="17" VPOS="874" HPOS="279"/>
							<String ID="string_158" HPOS="296" VPOS="874" WIDTH="95" HEIGHT="27" WC="0.96" CONTENT="föreslog"/><SP WIDTH="15" VPOS="874" HPOS="391"/>
							<String ID="string_159" HPOS="406" VPOS="875" WIDTH="80" HEIGHT="20" WC="0.93" CONTENT="nämda"/><SP WIDTH="17" VPOS="875" HPOS="486"/>
							<String ID="string_160" HPOS="503" VPOS="874" WIDTH="82" HEIGHT="21" WC="0.92" CONTENT="komite"/><SP WIDTH="15" VPOS="874" HPOS="585"/>
							<String ID="string_161" HPOS="600" VPOS="875" WIDTH="181" HEIGHT="26" WC="0.92" CONTENT="underdånigast:"/>
						</TextLine>
					</TextBlock>
					<TextBlock ID="block_4" HPOS="113" VPOS="909" WIDTH="750" HEIGHT="100">
						<TextLine ID="line_22" HPOS="183" VPOS="909" WIDTH="680" HEIGHT="28">
							<String ID="string_162" HPOS="183" VPOS="912" WIDTH="48" HEIGHT="25" WC="0.85" CONTENT="»att"/><SP WIDTH="23" VPOS="912" HPOS="231"/>
							<String ID="string_163" HPOS="254" VPOS="909" WIDTH="70" HEIGHT="22" WC="0.93" CONTENT="finska"/><SP WIDTH="19" VPOS="909" HPOS="324"/>
							<String ID="string_164" HPOS="343" VPOS="910" WIDTH="141" HEIGHT="27" WC="0.92" CONTENT="privatlyceet"/><SP WIDTH="16" VPOS="910" HPOS="484"/>
							<String ID="string_165" HPOS="500" VPOS="910" WIDTH="7" HEIGHT="21" WC="0.96" CONTENT="i"/><SP WIDTH="16" VPOS="910" HPOS="507"/>
							<String ID="string_166" HPOS="523" VPOS="909" WIDTH="137" HEIGHT="28" WC="0.96" CONTENT="Helsingfors"/><SP WIDTH="16" VPOS="909" HPOS="660"/>
							<String ID="string_167" HPOS="676" VPOS="911" WIDTH="69" HEIGHT="21" WC="0.96" CONTENT="måtte"/><SP WIDTH="16" VPOS="911" HPOS="745"/>
							<String ID="string_168" HPOS="761" VPOS="909" WIDTH="23" HEIGHT="22" WC="0.93" CONTENT="af"/><SP WIDTH="14" VPOS="909" HPOS="784"/>
							<String ID="string_169" HPOS="798" VPOS="911" WIDTH="65" HEIGHT="20" WC="0.93" CONTENT="stats-"/>
						</TextLine>
						<TextLine ID="line_23" HPOS="113" VPOS="945" WIDTH="750" HEIGHT="28">
							<String ID="string_170" HPOS="113" VPOS="945" WIDTH="76" HEIGHT="22" WC="0.93" CONTENT="verket"/><SP WIDTH="22" VPOS="945" HPOS="189"/>
							<String ID="string_171" HPOS="211" VPOS="945" WIDTH="124" HEIGHT="28" WC="0.91" CONTENT="öfvertagas"/><SP WIDTH="18" VPOS="945" HPOS="335"/>
							<String ID="string_172" HPOS="353" VPOS="947" WIDTH="57" HEIGHT="20" WC="0.93" CONTENT="samt"/><SP WIDTH="16" VPOS="947" HPOS="410"/>
							<String ID="string_173" HPOS="426" VPOS="945" WIDTH="106" HEIGHT="27" WC="0.91" CONTENT="därjemte"/><SP WIDTH="17" VPOS="945" HPOS="532"/>
							<String ID="string_174" HPOS="549" VPOS="946" WIDTH="106" HEIGHT="21" WC="0.96" CONTENT="ombildas"/><SP WIDTH="16" VPOS="946" HPOS="655"/>
							<String ID="string_175" HPOS="671" VPOS="946" WIDTH="35" HEIGHT="21" WC="0.96" CONTENT="till"/><SP WIDTH="15" VPOS="946" HPOS="706"/>
							<String ID="string_176" HPOS="721" VPOS="947" WIDTH="33" HEIGHT="21" WC="0.93" CONTENT="ett"/><SP WIDTH="15" VPOS="947" HPOS="754"/>
							<String ID="string_177" HPOS="769" VPOS="945" WIDTH="94" HEIGHT="22" WC="0.92" CONTENT="normal-"/>
						</TextLine>
						<TextLine ID="line_24" HPOS="114" VPOS="981" WIDTH="93" HEIGHT="28">
							<String ID="string_178" HPOS="114" VPOS="981" WIDTH="93" HEIGHT="28" WC="0.96" CONTENT="lyceum;"/>
						</TextLine>
					</TextBlock>
					<TextBlock ID="block_5" HPOS="114" VPOS="1017" WIDTH="751" HEIGHT="98">
						<TextLine ID="line_25" HPOS="186" VPOS="1017" WIDTH="678" HEIGHT="28">
							<String ID="string_179" HPOS="186" VPOS="1019" WIDTH="45" HEIGHT="26" WC="0.79" CONTENT="yätt"/><SP WIDTH="20" VPOS="1019" HPOS="231"/>
							<String ID="string_180" HPOS="251" VPOS="1017" WIDTH="7" HEIGHT="21" WC="0.96" CONTENT="i"/><SP WIDTH="15" VPOS="1017" HPOS="258"/>
							<String ID="string_181" HPOS="273" VPOS="1017" WIDTH="121" HEIGHT="27" WC="0.96" CONTENT="Uleåborgs"/><SP WIDTH="16" VPOS="1017" HPOS="394"/>
							<String ID="string_182" HPOS="410" VPOS="1017" WIDTH="50" HEIGHT="21" WC="0.96" CONTENT="stad"/><SP WIDTH="15" VPOS="1017" HPOS="460"/>
							<String ID="string_183" HPOS="475" VPOS="1019" WIDTH="33" HEIGHT="20" WC="0.93" CONTENT="ett"/><SP WIDTH="16" VPOS="1019" HPOS="508"/>
							<String ID="string_184" HPOS="524" VPOS="1017" WIDTH="140" HEIGHT="27" WC="0.92" CONTENT="statslyceum"/><SP WIDTH="17" VPOS="1017" HPOS="664"/>
							<String ID="string_185" HPOS="681" VPOS="1019" WIDTH="68" HEIGHT="20" WC="0.93" CONTENT="måtte"/><SP WIDTH="16" VPOS="1019" HPOS="749"/>
							<String ID="string_186" HPOS="765" VPOS="1018" WIDTH="99" HEIGHT="26" WC="0.92" CONTENT="upprätt-"/>
						</TextLine>
						<TextLine ID="line_26" HPOS="114" VPOS="1052" WIDTH="751" HEIGHT="28">
							<String ID="string_187" HPOS="114" VPOS="1053" WIDTH="70" HEIGHT="21" WC="0.95" CONTENT="hållas"/><SP WIDTH="27" VPOS="1053" HPOS="184"/>
							<String ID="string_188" HPOS="211" VPOS="1053" WIDTH="50" HEIGHT="21" WC="0.95" CONTENT="med"/><SP WIDTH="28" VPOS="1053" HPOS="261"/>
							<String ID="string_189" HPOS="289" VPOS="1054" WIDTH="79" HEIGHT="20" WC="0.96" CONTENT="tvänne"/><SP WIDTH="24" VPOS="1054" HPOS="368"/>
							<String ID="string_190" HPOS="392" VPOS="1052" WIDTH="145" HEIGHT="27" WC="0.93" CONTENT="fullständiga"/><SP WIDTH="22" VPOS="1052" HPOS="537"/>
							<String ID="string_191" HPOS="559" VPOS="1052" WIDTH="240" HEIGHT="28" WC="0.92" CONTENT="parallelafdelningar;"/><SP WIDTH="24" VPOS="1052" HPOS="799"/>
							<String ID="string_192" HPOS="823" VPOS="1053" WIDTH="42" HEIGHT="20" WC="0.94" CONTENT="den"/>
						</TextLine>
						<TextLine ID="line_27" HPOS="114" VPOS="1087" WIDTH="426" HEIGHT="28">
							<String ID="string_193" HPOS="114" VPOS="1095" WIDTH="41" HEIGHT="15" WC="0.96" CONTENT="ena"/><SP WIDTH="16" VPOS="1095" HPOS="155"/>
							<String ID="string_194" HPOS="171" VPOS="1089" WIDTH="79" HEIGHT="21" WC="0.96" CONTENT="svensk"/><SP WIDTH="15" VPOS="1089" HPOS="250"/>
							<String ID="string_195" HPOS="265" VPOS="1088" WIDTH="39" HEIGHT="22" WC="0.96" CONTENT="och"/><SP WIDTH="17" VPOS="1088" HPOS="304"/>
							<String ID="string_196" HPOS="321" VPOS="1089" WIDTH="41" HEIGHT="20" WC="0.96" CONTENT="den"/><SP WIDTH="16" VPOS="1089" HPOS="362"/>
							<String ID="string_197" HPOS="378" VPOS="1088" WIDTH="68" HEIGHT="21" WC="0.93" CONTENT="andra"/><SP WIDTH="15" VPOS="1088" HPOS="446"/>
							<String ID="string_198" HPOS="461" VPOS="1087" WIDTH="79" HEIGHT="28" WC="0.92" CONTENT="finsk;*"/>
						</TextLine>
					</TextBlock>
					<TextBlock ID="block_6" HPOS="114" VPOS="1123" WIDTH="752" HEIGHT="135">
						<TextLine ID="line_28" HPOS="182" VPOS="1123" WIDTH="683" HEIGHT="29">
							<String ID="string_199" HPOS="182" VPOS="1126" WIDTH="45" HEIGHT="26" WC="0.63" CONTENT="vatt"/><SP WIDTH="28" VPOS="1126" HPOS="227"/>
							<String ID="string_200" HPOS="255" VPOS="1126" WIDTH="33" HEIGHT="19" WC="0.93" CONTENT="ett"/><SP WIDTH="23" VPOS="1126" HPOS="288"/>
							<String ID="string_201" HPOS="311" VPOS="1123" WIDTH="119" HEIGHT="22" WC="0.96" CONTENT="fristående"/><SP WIDTH="22" VPOS="1123" HPOS="430"/>
							<String ID="string_202" HPOS="452" VPOS="1123" WIDTH="141" HEIGHT="27" WC="0.96" CONTENT="fullständigt"/><SP WIDTH="22" VPOS="1123" HPOS="593"/>
							<String ID="string_203" HPOS="615" VPOS="1123" WIDTH="83" HEIGHT="28" WC="0.96" CONTENT="lyceum"/><SP WIDTH="16" VPOS="1123" HPOS="698"/>
							<String ID="string_204" HPOS="714" VPOS="1124" WIDTH="51" HEIGHT="21" WC="0.93" CONTENT="med"/><SP WIDTH="14" VPOS="1124" HPOS="765"/>
							<String ID="string_205" HPOS="779" VPOS="1123" WIDTH="86" HEIGHT="22" WC="0.96" CONTENT="finskan"/>
						</TextLine>
						<TextLine ID="line_29" HPOS="115" VPOS="1154" WIDTH="750" HEIGHT="33">
							<String ID="string_206" HPOS="115" VPOS="1161" WIDTH="72" HEIGHT="20" WC="0.93" CONTENT="såsom"/><SP WIDTH="21" VPOS="1161" HPOS="187"/>
							<String ID="string_207" HPOS="208" VPOS="1159" WIDTH="235" HEIGHT="28" WC="0.91" CONTENT="undervisningsspråk"/><SP WIDTH="22" VPOS="1159" HPOS="443"/>
							<String ID="string_208" HPOS="465" VPOS="1160" WIDTH="69" HEIGHT="21" WC="0.96" CONTENT="måtte"/><SP WIDTH="16" VPOS="1160" HPOS="534"/>
							<String ID="string_209" HPOS="550" VPOS="1159" WIDTH="7" HEIGHT="21" WC="0.96" CONTENT="i"/><SP WIDTH="19" VPOS="1159" HPOS="557"/>
							<String ID="string_210" HPOS="576" VPOS="1154" WIDTH="46" HEIGHT="27" WC="0.96" CONTENT="Åbo"/><SP WIDTH="17" VPOS="1154" HPOS="622"/>
							<String ID="string_211" HPOS="639" VPOS="1159" WIDTH="118" HEIGHT="22" WC="0.96" CONTENT="successivt"/><SP WIDTH="15" VPOS="1159" HPOS="757"/>
							<String ID="string_212" HPOS="772" VPOS="1159" WIDTH="93" HEIGHT="22" WC="0.96" CONTENT="inrättas"/>
						</TextLine>
						<TextLine ID="line_30" HPOS="115" VPOS="1195" WIDTH="751" HEIGHT="27">
							<String ID="string_213" HPOS="115" VPOS="1197" WIDTH="58" HEIGHT="20" WC="0.96" CONTENT="samt"/><SP WIDTH="21" VPOS="1197" HPOS="173"/>
							<String ID="string_214" HPOS="194" VPOS="1195" WIDTH="41" HEIGHT="22" WC="0.91" CONTENT="den"/><SP WIDTH="20" VPOS="1195" HPOS="235"/>
							<String ID="string_215" HPOS="255" VPOS="1195" WIDTH="112" HEIGHT="22" WC="0.91" CONTENT="derstädes"/><SP WIDTH="21" VPOS="1195" HPOS="367"/>
							<String ID="string_216" HPOS="388" VPOS="1195" WIDTH="119" HEIGHT="22" WC="0.92" CONTENT="bestående"/><SP WIDTH="17" VPOS="1195" HPOS="507"/>
							<String ID="string_217" HPOS="524" VPOS="1195" WIDTH="86" HEIGHT="27" WC="0.92" CONTENT="fåtaligt"/><SP WIDTH="15" VPOS="1195" HPOS="610"/>
							<String ID="string_218" HPOS="625" VPOS="1195" WIDTH="91" HEIGHT="22" WC="0.93" CONTENT="besökta"/><SP WIDTH="16" VPOS="1195" HPOS="716"/>
							<String ID="string_219" HPOS="732" VPOS="1195" WIDTH="134" HEIGHT="26" WC="0.91" CONTENT="tvåklassiga"/>
						</TextLine>
						<TextLine ID="line_31" HPOS="114" VPOS="1230" WIDTH="277" HEIGHT="28">
							<String ID="string_220" HPOS="114" VPOS="1231" WIDTH="125" HEIGHT="22" WC="0.93" CONTENT="realskolan"/><SP WIDTH="16" VPOS="1231" HPOS="239"/>
							<String ID="string_221" HPOS="255" VPOS="1231" WIDTH="46" HEIGHT="21" WC="0.93" CONTENT="deri"/><SP WIDTH="16" VPOS="1231" HPOS="301"/>
							<String ID="string_222" HPOS="317" VPOS="1230" WIDTH="74" HEIGHT="28" WC="0.77" CONTENT="ingå;&quot;"/>
						</TextLine>
					</TextBlock>
					<TextBlock ID="block_7" HPOS="115" VPOS="1266" WIDTH="752" HEIGHT="206">
						<TextLine ID="line_32" HPOS="183" VPOS="1266" WIDTH="684" HEIGHT="29">
							<String ID="string_223" HPOS="183" VPOS="1268" WIDTH="45" HEIGHT="27" WC="0.36" CONTENT="»att"/><SP WIDTH="27" VPOS="1268" HPOS="228"/>
							<String ID="string_224" HPOS="255" VPOS="1267" WIDTH="42" HEIGHT="21" WC="0.93" CONTENT="den"/><SP WIDTH="23" VPOS="1267" HPOS="297"/>
							<String ID="string_225" HPOS="320" VPOS="1266" WIDTH="134" HEIGHT="28" WC="0.92" CONTENT="tvåklassiga"/><SP WIDTH="22" VPOS="1266" HPOS="454"/>
							<String ID="string_226" HPOS="476" VPOS="1266" WIDTH="125" HEIGHT="22" WC="0.95" CONTENT="realskolan"/><SP WIDTH="21" VPOS="1266" HPOS="601"/>
							<String ID="string_227" HPOS="622" VPOS="1266" WIDTH="7" HEIGHT="21" WC="0.96" CONTENT="i"/><SP WIDTH="19" VPOS="1266" HPOS="629"/>
							<String ID="string_228" HPOS="648" VPOS="1266" WIDTH="134" HEIGHT="27" WC="0.96" CONTENT="Björneborg"/><SP WIDTH="15" VPOS="1266" HPOS="782"/>
							<String ID="string_229" HPOS="797" VPOS="1267" WIDTH="70" HEIGHT="20" WC="0.95" CONTENT="måtte"/>
						</TextLine>
						<TextLine ID="line_33" HPOS="116" VPOS="1300" WIDTH="749" HEIGHT="30">
							<String ID="string_230" HPOS="116" VPOS="1302" WIDTH="173" HEIGHT="28" WC="0.95" CONTENT="omorganiseras"/><SP WIDTH="24" VPOS="1302" HPOS="289"/>
							<String ID="string_231" HPOS="313" VPOS="1302" WIDTH="34" HEIGHT="21" WC="0.96" CONTENT="till"/><SP WIDTH="23" VPOS="1302" HPOS="347"/>
							<String ID="string_232" HPOS="370" VPOS="1309" WIDTH="27" HEIGHT="15" WC="0.93" CONTENT="en"/><SP WIDTH="23" VPOS="1309" HPOS="397"/>
							<String ID="string_233" HPOS="420" VPOS="1302" WIDTH="118" HEIGHT="27" WC="0.92" CONTENT="treklassig"/><SP WIDTH="23" VPOS="1302" HPOS="538"/>
							<String ID="string_234" HPOS="561" VPOS="1302" WIDTH="182" HEIGHT="22" WC="0.96" CONTENT="elementarskola"/><SP WIDTH="18" VPOS="1302" HPOS="743"/>
							<String ID="string_235" HPOS="761" VPOS="1302" WIDTH="50" HEIGHT="21" WC="0.93" CONTENT="med"/><SP WIDTH="15" VPOS="1302" HPOS="811"/>
							<String ID="string_236" HPOS="826" VPOS="1300" WIDTH="39" HEIGHT="22" WC="0.92" CONTENT="fin-"/>
						</TextLine>
						<TextLine ID="line_34" HPOS="116" VPOS="1337" WIDTH="751" HEIGHT="28">
							<String ID="string_237" HPOS="116" VPOS="1338" WIDTH="55" HEIGHT="22" WC="0.93" CONTENT="skan"/><SP WIDTH="23" VPOS="1338" HPOS="171"/>
							<String ID="string_238" HPOS="194" VPOS="1338" WIDTH="34" HEIGHT="21" WC="0.93" CONTENT="till"/><SP WIDTH="21" VPOS="1338" HPOS="228"/>
							<String ID="string_239" HPOS="249" VPOS="1338" WIDTH="240" HEIGHT="27" WC="0.88" CONTENT="undervisningsspråk,"/><SP WIDTH="19" VPOS="1338" HPOS="489"/>
							<String ID="string_240" HPOS="508" VPOS="1338" WIDTH="67" HEIGHT="21" WC="0.93" CONTENT="hvarå"/><SP WIDTH="16" VPOS="1338" HPOS="575"/>
							<String ID="string_241" HPOS="591" VPOS="1338" WIDTH="60" HEIGHT="21" WC="0.93" CONTENT="detta"/><SP WIDTH="15" VPOS="1338" HPOS="651"/>
							<String ID="string_242" HPOS="666" VPOS="1337" WIDTH="111" HEIGHT="22" WC="0.92" CONTENT="läroverks"/><SP WIDTH="15" VPOS="1337" HPOS="777"/>
							<String ID="string_243" HPOS="792" VPOS="1337" WIDTH="75" HEIGHT="21" WC="0.96" CONTENT="vidare"/>
						</TextLine>
						<TextLine ID="line_35" HPOS="115" VPOS="1372" WIDTH="751" HEIGHT="28">
							<String ID="string_244" HPOS="115" VPOS="1373" WIDTH="125" HEIGHT="27" WC="0.96" CONTENT="utbildning"/><SP WIDTH="22" VPOS="1373" HPOS="240"/>
							<String ID="string_245" HPOS="262" VPOS="1374" WIDTH="51" HEIGHT="21" WC="0.88" CONTENT="med"/><SP WIDTH="22" VPOS="1374" HPOS="313"/>
							<String ID="string_246" HPOS="335" VPOS="1373" WIDTH="55" HEIGHT="22" WC="0.88" CONTENT="real-"/><SP WIDTH="24" VPOS="1373" HPOS="390"/>
							<String ID="string_247" HPOS="414" VPOS="1373" WIDTH="53" HEIGHT="21" WC="0.93" CONTENT="eller"/><SP WIDTH="15" VPOS="1373" HPOS="467"/>
							<String ID="string_248" HPOS="482" VPOS="1373" WIDTH="140" HEIGHT="27" WC="0.92" CONTENT="lyceiklasser"/><SP WIDTH="20" VPOS="1373" HPOS="622"/>
							<String ID="string_249" HPOS="642" VPOS="1373" WIDTH="67" HEIGHT="21" WC="0.96" CONTENT="borde"/><SP WIDTH="16" VPOS="1373" HPOS="709"/>
							<String ID="string_250" HPOS="725" VPOS="1375" WIDTH="64" HEIGHT="25" WC="0.93" CONTENT="göras"/><SP WIDTH="15" VPOS="1375" HPOS="789"/>
							<String ID="string_251" HPOS="804" VPOS="1372" WIDTH="62" HEIGHT="22" WC="0.92" CONTENT="bero-"/>
						</TextLine>
						<TextLine ID="line_36" HPOS="116" VPOS="1408" WIDTH="751" HEIGHT="22">
							<String ID="string_252" HPOS="116" VPOS="1409" WIDTH="55" HEIGHT="21" WC="0.96" CONTENT="ende"/><SP WIDTH="23" VPOS="1409" HPOS="171"/>
							<String ID="string_253" HPOS="194" VPOS="1408" WIDTH="23" HEIGHT="22" WC="0.96" CONTENT="af"/><SP WIDTH="22" VPOS="1408" HPOS="217"/>
							<String ID="string_254" HPOS="239" VPOS="1408" WIDTH="60" HEIGHT="22" WC="0.93" CONTENT="såväl"/><SP WIDTH="23" VPOS="1408" HPOS="299"/>
							<String ID="string_255" HPOS="322" VPOS="1408" WIDTH="162" HEIGHT="22" WC="0.91" CONTENT="erfarenhetens"/><SP WIDTH="23" VPOS="1408" HPOS="484"/>
							<String ID="string_256" HPOS="507" VPOS="1408" WIDTH="136" HEIGHT="22" WC="0.96" CONTENT="vittnesbörd"/><SP WIDTH="19" VPOS="1408" HPOS="643"/>
							<String ID="string_257" HPOS="662" VPOS="1414" WIDTH="46" HEIGHT="16" WC="0.96" CONTENT="som"/><SP WIDTH="15" VPOS="1414" HPOS="708"/>
							<String ID="string_258" HPOS="723" VPOS="1408" WIDTH="144" HEIGHT="22" WC="0.95" CONTENT="kommunens"/>
						</TextLine>
						<TextLine ID="line_37" HPOS="117" VPOS="1444" WIDTH="105" HEIGHT="28">
							<String ID="string_259" HPOS="117" VPOS="1444" WIDTH="105" HEIGHT="28" WC="0.38" CONTENT="önskan;*"/>
						</TextLine>
					</TextBlock>
				</ComposedBlock>
				<ComposedBlock ID="cblock_2" HPOS="192" VPOS="1486" WIDTH="539" HEIGHT="20">
					<TextBlock ID="block_8" HPOS="192" VPOS="1486" WIDTH="539" HEIGHT="20">
						<TextLine ID="line_38" HPOS="192" VPOS="1486" WIDTH="539" HEIGHT="20">
							<String ID="string_260" HPOS="192" VPOS="1486" WIDTH="107" HEIGHT="20" WC="0.93" CONTENT="Allmänna"/><SP WIDTH="15" VPOS="1486" HPOS="299"/>
							<String ID="string_261" HPOS="314" VPOS="1486" WIDTH="184" HEIGHT="20" WC="0.90" CONTENT="Besvärsutskottets"/><SP WIDTH="16" VPOS="1486" HPOS="498"/>
							<String ID="string_262" HPOS="514" VPOS="1486" WIDTH="116" HEIGHT="20" WC="0.91" CONTENT="betänkande"/><SP WIDTH="16" VPOS="1486" HPOS="630"/>
							<String ID="string_263" HPOS="646" VPOS="1486" WIDTH="37" HEIGHT="20" WC="0.96" CONTENT="N:o"/><SP WIDTH="15" VPOS="1486" HPOS="683"/>
							<String ID="string_264" HPOS="698" VPOS="1486" WIDTH="33" HEIGHT="20" WC="0.95" CONTENT="21."/>
						</TextLine>
					</TextBlock>
				</ComposedBlock>
			</PrintSpace>
		</Page>
	</Layout>
</alto>
