1061 1717
304 145 242 19 Petitionsbetänkande
558 145 36 19 N:o
608 145 32 19 35.
819 146 11 17 3

93 204 41 22 och
144 204 23 21 af
180 203 85 22 hvilken
280 203 42 21 han
334 203 90 21 aflönas.
447 202 47 22 Den
503 203 107 21 allmänna
619 203 83 27 åsigten
715 203 75 21 härom
801 202 51 22 fann

93 240 32 20 ett
139 238 91 26 uttryck,
247 238 6 20 i
269 238 36 20 det
320 237 59 21 Hans
394 237 123 27 Kejserliga
531 237 102 27 Majestät
645 237 31 21 uti
687 237 33 21 till
733 236 121 22 Ständerna

94 272 35 22 vid
146 272 54 22 1867
219 272 35 20 års
271 271 101 27 landtdag
388 271 80 21 afläten
485 271 63 27 nådig
561 271 131 27 proposition
704 271 109 27 angående
827 277 26 21 ny

95 306 105 27 kyrkolag
212 305 33 21 för
260 306 27 20 de
299 304 245 28 evangelisk-lutherska
556 305 177 27 församlingarna
745 305 6 21 i
763 304 92 22 Finland

94 340 71 21 tillika
184 339 94 21 önskade
294 339 93 21 inhemta
403 338 132 22 Ständernas
550 339 106 27 yttrande,
672 339 106 21 huruvida
793 339 39 21 och
847 338 7 21 i

94 373 87 21 hvilken
196 374 90 26 ordning
301 374 171 26 patronaträtten
488 373 65 21 måtte
573 372 33 22 för
621 373 114 21 framtiden
751 373 102 27 upphöra,

95 409 56 20 samt
167 407 119 22 Ständerna
301 407 6 21 i
327 407 36 21 sitt
378 406 147 28 underdåniga
540 413 49 15 svar
604 406 39 22 hos
658 407 59 21 Hans
733 407 122 27 Kejserliga

98 441 101 28 Majestät
217 441 108 27 föreslogo
335 443 32 19 att
382 441 7 21 i
405 441 65 21 nåder
486 441 65 22 måtte
567 441 113 27 förklaras,
696 442 37 21 det
746 443 109 25 patronat-

97 478 43 19 rätt
151 475 93 22 derefter
252 475 46 22 icke
310 475 69 21 skulle
391 475 70 27 någon
470 475 107 27 förunnas,
589 475 125 27 hvarjemte,
723 475 132 22 beträffatide

98 510 55 26 dem,
177 515 44 16 som
245 509 58 27 dylik
325 511 44 19 rätt
392 509 66 22 redan
480 509 111 27 innehade,
610 509 56 22 efter
684 509 171 22 vederbörandes

99 544 100 26 hörande,
216 543 66 22 sådan
306 543 74 27 åtgärd
403 543 33 22 till
458 543 133 27 uphäfvande
611 543 63 22 deraf
690 543 33 22 för
742 543 113 22 framtiden

99 578 66 21 borde
180 578 104 27 vidtagas,
304 584 45 15 som
364 577 56 22 efter
438 578 35 26 lag
490 577 38 22 och
547 578 101 21 särskilta
667 578 188 27 omständigheter,

97 612 71 21 kunde
184 612 159 27 ifrågakomma.
366 612 10 21 I
392 611 96 27 enlighet
498 611 89 22 härmed
599 611 124 22 utfärdades
736 612 65 21 sedan
814 612 41 21 den

97 646 24 21 af
140 646 165 27 petitionärerne
326 645 120 27 åberopade
462 645 121 27 Kejserliga
599 646 148 26 Kungörelsen
767 646 41 21 den
827 646 27 21 21

99 680 119 21 December
242 680 61 26 1868,
323 680 66 26 jemte
412 680 35 21 det
469 682 169 25 patronaträtten
660 680 46 21 helt
726 680 39 21 och
786 680 68 21 hället

98 714 89 21 uteslöts
206 713 47 22 från
273 714 40 21 den
333 714 109 26 samtidigt
457 714 54 21 eller
526 715 40 20 den
582 715 13 20 9
613 715 3 20 i
632 720 81 15 samma
729 714 76 21 månad
820 716 33 19 ut=

98 748 78 21 komna
190 747 137 28 kyrkolagen,
344 747 84 22 hvilken
444 748 6 20 i
467 747 11 28 $
495 749 40 20 209
551 748 100 27 tillägger
667 750 42 19 rätt
723 750 32 19 att
765 748 8 21 i
785 750 68 25 prest-

98 782 35 21 val
149 782 85 26 deltaga
249 781 139 22 öfverhufvud
404 782 44 21 alla
463 781 23 22 af
500 788 80 15 annans
593 782 83 21 försvar
688 783 45 20 icke
747 782 106 21 beroende

100 822 108 21 personer,
224 815 23 22 af
261 815 72 22 hvilka
348 816 155 27 prestaflöning
518 818 93 25 utgöres.

168 850 173 21 Patronaträtten
359 850 39 21 har
416 850 8 21 i
442 850 91 21 Finland
549 851 46 20 icke
610 851 54 26 gällt
680 851 33 20 vid
729 851 126 20 besättande

99 884 23 21 af
136 884 148 27 presttjenster
300 885 6 20 i
322 884 76 27 många
413 884 156 27 församlingar,
585 891 47 14 men
645 884 96 22 förekom
754 885 54 20 dock
820 885 35 20 vid

99 919 59 20 tiden
172 918 32 21 för
215 918 41 21 den
272 924 39 21 nya
327 918 141 27 kyrkolagens
485 919 126 21 utfärdande
627 919 7 20 i
650 919 64 26 några
729 919 80 20 sådana
825 919 31 20 uti

99 953 66 20 södra
183 947 101 26 delen
260 943 25 40 af
298 947 45 26 Åbo
356 952 104 21 erkestift.
483 952 94 21 Numera
588 953 64 20 hafva
664 953 61 21 dessa
737 953 119 21 församlin-

100 993 49 20 gars
161 987 58 20 antal
231 987 125 25 emellertid,
368 987 7 20 i
388 986 53 27 följd
454 987 23 20 af
487 987 146 26 hvarjehanda
644 987 106 21 särskilda
762 987 94 26 orsaker,

101 1020 103 21 minskats
225 1020 29 26 så,
272 1022 31 19 att
320 1022 178 25 patronaträtten,
517 1021 70 21 såvidt
601 1021 105 21 utskottet
721 1021 39 21 har
775 1021 32 26 sig
822 1021 37 21 be-

101 1055 57 25 kant,
171 1055 45 20 icke
225 1054 83 21 utöfvas
321 1055 139 21 annorstädes
469 1057 26 18 än
508 1055 6 21 i
526 1055 92 21 Halikko
626 1055 233 28 moderkyrkoförsam-

101 1089 44 26 ling
161 1089 22 21 af
196 1088 91 27 grefliga
303 1090 58 20 ätten
376 1089 91 21 Armfelt
484 1089 12 21 å
511 1084 89 26 Åminne
616 1089 59 27 gård.

171 1122 49 21 Men
237 1122 76 21 liksom
330 1122 105 21 utskottet
450 1125 72 19 ansett
536 1123 162 27 ifrågavarande
710 1125 49 24 rätt,
772 1123 27 21 då
810 1123 49 21 dess

102 1157 97 26 utöfning
210 1157 27 26 på
247 1156 102 21 talrikare
364 1158 58 19 orter
437 1156 102 27 förekom,
551 1157 63 21 hafva
629 1157 55 21 varit
699 1157 118 27 förkastlig,
833 1157 28 26 på

102 1197 81 15 samma
198 1192 43 19 sätt
255 1192 24 19 är
297 1190 47 26 han,
356 1190 68 27 enligt
434 1191 117 21 utskottets
564 1191 90 26 mening,
666 1191 47 21 icke
724 1193 33 19 att
768 1191 91 26 billigas,

102 1231 35 15 om
152 1225 41 20 han
209 1224 40 21 ock
264 1226 39 25 gör
319 1224 32 27 sig
366 1224 99 27 gällande
481 1225 6 20 i
503 1225 54 20 blott
572 1231 26 14 en
614 1225 54 21 enda
679 1225 131 27 församling,
822 1225 39 21 och

103 1259 36 20 det
157 1258 39 21 har
215 1258 72 21 derför
305 1260 58 25 synts
382 1258 106 21 utskottet
509 1259 6 20 i
533 1258 77 27 högsta
628 1259 67 21 mätto
714 1259 100 26 önskligt,
831 1261 31 19 att

103 1292 70 22 denna
191 1294 43 19 rätt
254 1292 33 21 för
303 1298 63 20 egare
382 1292 22 21 af
418 1298 26 15 en
458 1292 154 27 jordegendom
628 1295 32 19 att
675 1293 91 21 tillsätta
780 1295 60 25 prest
855 1293 7 21 i

103 1326 132 26 församling,
252 1326 39 21 der
306 1326 43 21 han
364 1326 82 21 kanske
458 1326 20 26 ej
492 1332 37 16 ens
542 1326 50 28 sjelf
603 1327 73 26 vistas,
687 1327 66 21 måtte
766 1327 97 27 upphöra

104 1360 126 22 Emellertid
249 1360 42 21 kan
309 1360 105 21 utskottet
432 1360 48 21 icke
499 1361 112 21 underlåta
626 1363 32 19 att
673 1361 70 21 såsom
759 1361 32 21 sin
807 1361 57 27 äsigt

105 1394 75 26 uttala,
203 1394 36 21 det
258 1396 176 24 patronaträtten,
454 1394 92 28 hvilken|
565 1394 117 22 innefattar
700 1401 24 15 en
741 1394 23 22 åt
779 1395 86 21 enskild

105 1434 79 20 person
195 1428 7 21 i
214 1428 49 26 laga
275 1428 90 26 ordning
376 1428 123 26 medgifven
510 1428 92 22 särskild
613 1429 250 27 privilegii-befogenhet,

176 1467 45 21 Lag-
233 1468 30 16 och
275 1466 171 18 Ekonomiutskottets
458 1468 104 17 betänkande
574 1468 35 16 N:o
622 1468 26 17 14.
