1061 1717
229 104 81 23 Ständ.
327 104 52 22 Pet.
403 116 17 3 —
428 104 178 28 Petitionsbet.
622 104 41 22 N:o
678 103 35 23 42.

341 424 120 21 Finlands
472 424 120 22 Ständers
608 424 171 27 underdåniga
794 424 58 27 peti-

305 465 52 21 tion
378 465 87 21 rörande
482 464 123 28 befogenhet
619 465 32 21 för
666 465 164 27 ordningsrätten
847 464 5 21 i

309 505 122 21 Mariehamn
447 505 29 21 att
493 505 88 27 upptaga
596 505 174 28 sjöförklaringar.

111 604 5 11 i
172 585 207 27 Stormäktigste,
394 585 199 27 Allernådigste
608 585 117 28 Kejsare
742 585 49 21 och

392 619 166 22 Storfurste.

168 689 40 21 Vid
218 689 146 22 innevarande
374 689 105 27 landtdag
489 689 41 21 har
539 689 60 21 inom
610 689 161 21 Bondeståndet
781 687 75 23 väckts

106 725 31 20 ett
153 723 80 28 förslag
248 723 33 21 till
296 723 134 27 underdånig
446 723 91 27 petition
554 723 74 21 derom
638 725 33 19 att
682 723 175 26 ordningsrätten

110 758 7 21 i
132 757 145 22 Mariehamns
296 759 48 20 stad
360 758 28 27 på
402 752 72 27 Åland
488 758 69 21 måtte
572 757 141 21 tillerkännas
728 756 129 28 befogenhet

107 794 32 19 att
159 794 96 25 upptaga
274 791 183 28 sjöförklaringar,
473 791 83 28 afgifna
571 792 7 21 i
593 792 117 27 anledning
728 791 25 22 af
769 791 90 28 skepps-

108 827 59 21 brott
189 826 39 21 och
251 833 72 14 annan
346 826 106 27 sjöskada,
477 833 46 14 som
545 826 96 21 inträffat
660 826 36 22 vid
715 826 104 21 kusterna
837 825 25 22 af

108 861 96 22 nämnda
226 860 103 22 landsdel.
360 860 74 22 Såsom
454 861 50 21 stöd
519 861 33 21 för
567 861 37 21 sitt
624 860 80 28 förslag
719 861 40 20 har
774 860 85 28 petitio-

107 896 69 21 nären
198 895 125 25 framhållit,
345 895 102 22 hurusom
470 889 82 27 Ålands
574 895 103 22 invånare
700 895 51 21 idka
777 901 27 15 en
827 894 34 21 för

108 930 54 21 våra
176 929 150 21 förhållanden
341 929 83 28 ganska
440 929 123 28 betydande
579 929 82 28 sjöfart.
691 929 72 27 Enligt
775 931 85 20 senaste

107 963 95 22 officiela
224 963 109 28 uppgifter
355 963 58 22 öfver
434 964 26 21 de
476 963 77 28 fartyg,
570 970 45 15 som
635 965 37 20 äro
695 963 86 22 införda
795 963 8 21 i
818 963 42 21 rul-

108 998 63 22 lorna
186 998 24 21 af
223 999 41 20 den
281 999 10 20 1
301 998 91 21 Januari
405 999 60 24 1880,
478 998 79 21 funnos
566 998 107 27 nemligen
684 998 7 21 i
702 992 81 27 Ålands
793 997 69 22 härad

109 1032 160 27 sammanlagdt
283 1033 42 21 209
340 1032 71 28 fartyg
426 1039 34 14 om
477 1033 78 25 22,458
570 1032 73 21 läster.
669 1032 60 21 Huru
740 1032 121 28 betydande

111 1068 71 21 denna
205 1067 76 28 sjöfart
303 1073 50 16 vore
368 1067 33 21 för
416 1067 52 22 våra
490 1066 151 22 förhållanden
661 1066 118 28 framginge
795 1066 67 26 deraf,

111 1103 33 20 att
159 1101 8 21 i
181 1101 49 22 hela
245 1101 117 27 Uleåborgs
378 1101 36 21 län
430 1101 110 28 samtidigt
560 1101 79 22 funnos
659 1102 76 20 endast
750 1102 27 21 62
793 1101 71 28 fartyg

113 1143 34 14 om
164 1136 75 26 15,421
254 1136 72 25 läster,
349 1136 1 21 i
365 1135 64 22 Wasa
451 1135 37 22 län
504 1137 28 20 80
547 1135 71 28 fartyg
639 1142 35 15 om
696 1136 75 26 15,252
791 1135 72 26 läster,

112 1171 8 21 i
135 1170 96 28 Nylands
245 1170 37 21 län
300 1171 39 21 133
354 1170 71 28 fartyg
440 1177 36 15 om
493 1171 76 25 10,499
589 1171 67 20 läster
674 1172 55 20 samt
743 1171 8 20 i
767 1170 97 27 Wiborgs

112 1204 36 22 län
165 1205 41 21 334
221 1204 70 29 fartyg
315 1212 34 14 om
370 1205 78 25 21,353
464 1205 73 26 läster,
553 1205 143 28 ångfartygen
719 1205 45 21 deri
784 1204 80 28 jemväl

111 1239 154 22 inberäknade.
295 1233 81 27 Ålands
391 1239 69 22 härad
476 1239 69 22 skulle
561 1239 83 22 således
660 1239 69 22 drifva
744 1240 69 21 större
823 1239 42 28 sjö-

113 1273 42 22 fart
173 1275 27 20 än
215 1273 74 29 hvarje
305 1273 24 22 af
343 1274 63 21 dessa
421 1274 35 21 vid
472 1273 78 22 kusten
565 1273 100 29 belägna,
680 1275 49 21 med
744 1273 51 23 flere
806 1273 59 22 äldre

113 1308 144 28 stapelstäder
271 1308 101 22 försedda
384 1308 43 22 län.
450 1309 62 21 Inom
519 1302 82 28 Ålands
614 1308 68 22 härad
698 1308 77 22 funnes
790 1308 35 22 väl
840 1315 27 15 en

113 1343 50 21 stad
178 1342 106 28 nemligen
300 1342 140 26 Mariehamn,
455 1350 49 14 men
521 1344 71 20 denna
612 1350 50 14 vore
678 1343 79 27 anlagd
772 1342 93 28 nyligen,

113 1378 24 20 år
155 1377 60 25 1861,
231 1376 40 22 och
291 1378 58 20 ännu
368 1377 51 27 föga
438 1377 176 27 försigkommen.
643 1377 59 21 Intill
718 1378 109 27 utgången
843 1376 25 22 af

113 1412 25 20 år
155 1412 53 21 1879
223 1411 68 21 hörde
313 1412 76 21 staden
412 1412 40 21 och
475 1412 49 21 dess
546 1412 102 21 invånare
672 1412 7 21 i
700 1411 168 22 administrativt
