1061 1717
302 120 239 19 Petitionsbetänkande
553 120 36 18 N:o
600 120 32 18 34.
795 121 21 17 11

382 292 174 24 Reservation.

164 348 109 22 Utskottet
294 348 38 21 har
354 348 18 26 ej
396 349 73 20 ansett!
484 348 73 27 nödigt
572 350 31 20 att
618 348 82 22 skänka
715 349 36 21 sitt
766 349 76 21 under-

97 384 47 21 stöd
167 383 21 21 åt
210 383 25 21 de
257 382 77 22 talrika
356 382 188 28 petitionsförslag,
563 382 72 22 hvilka
653 383 23 21 af
690 383 40 21 den
744 383 98 26 jordbru-

96 418 69 21 kande
186 417 159 26 befolkningens
367 416 133 22 företrädare
518 417 7 21 i
543 417 156 27 Ridderskapet
717 417 38 22 och
774 418 68 21 Adeln

97 454 54 19 samt
173 451 156 22 Bondeståndet
351 451 69 21 blifvit
438 451 119 22 inlemnade
573 452 6 21 i
595 451 61 28 fråga
672 458 33 15 om
720 452 123 27 förändring

97 487 23 20 af
133 486 109 27 legohjons
256 485 140 28 flyttningstid
410 485 33 22 till
460 492 24 15 en
500 486 124 27 lämpligare
639 487 31 20 tid
686 486 23 21 af
722 486 53 22 året.

165 521 48 21 Med
228 520 79 27 hänsyn
322 520 33 21 till
370 519 86 27 frågans
471 520 45 27 vigt
531 521 40 20 kan
585 521 36 26 jag
637 521 18 26 ej
669 521 83 20 biträda
762 521 81 20 utskot-

97 557 42 20 tets
161 555 75 26 beslut,
258 556 22 25 ty
299 554 67 21 under
385 554 25 21 de
426 554 33 21 för
474 555 131 20 närvarande
621 555 93 21 rådande
729 554 114 22 förhållan-

98 589 54 22 dena
166 591 24 19 är
207 589 164 26 uppskjutandet
385 588 23 21 af
422 588 137 27 legohjonens
573 588 140 28 flyttningstid
729 595 26 15 en
770 589 23 20 af
807 589 37 20 da-

98 629 51 21 gens
172 625 54 19 mest
247 623 183 26 magtpåliggande
449 623 73 26 frågor
541 623 32 21 för
586 623 162 26 jordbrukaren,
763 623 81 21 hvilket

98 661 96 23 nogsamt
209 657 92 26 framgår
317 657 22 21 af
353 657 25 21 de
394 657 110 26 offentliga
519 657 149 26 diskussioner,
684 663 45 15 som
739 657 105 27 oupphör-

99 692 55 26 ligen
179 691 93 21 inträffat
297 691 35 21 vid
356 691 160 26 jordbrukares,
540 691 242 27 husbondeföreningars
805 691 39 21 och

99 731 134 22 agronomers
257 725 171 21 sammanträden
450 731 19 15 o.
492 731 18 15 s.
528 732 26 19 v.,
570 725 72 22 hvilka
657 726 42 21 alla
713 726 55 21 varit
783 726 62 26 eniga

99 760 50 26 deri,
173 761 31 20 att
226 759 136 27 legohjonens
384 759 141 27 flyttningstid
544 760 66 21 borde
626 759 124 27 uppskjutas
765 760 32 21 till
813 766 32 15 se-

99 801 51 14 nare
168 794 27 27 pä
213 794 83 25 hösten;
315 793 130 22 beträffande
461 794 41 20 den
517 793 32 21 för
563 793 167 28 flyttningstiden
746 794 99 26 lämpliga

101 829 66 26 dagen
182 829 39 20 har
235 834 48 15 man
297 828 48 27 hyst
360 827 56 22 olika
431 827 87 27 äsigter.

167 863 40 26 Jag
230 862 86 26 medger
338 868 71 20 gerna,
432 863 32 20 att
483 862 41 21 den
543 863 119 20 nuvarande
678 862 166 27 flyttningstiden

101 897 55 21 ända
177 897 32 20 till
232 898 82 19 senaste
334 896 55 21 tider
404 896 135 27 fullständigt
554 896 152 21 tillfredsställt
718 897 127 26 jordbruka-

101 937 48 15 rens
171 930 70 27 behof,
263 932 20 25 ty
303 930 77 21 folkets
398 930 155 21 arbetskrafter
567 930 63 21 hafva
645 932 52 19 nära
711 937 42 20 nog
767 931 79 21 uteslu-

101 965 62 21 tande
179 964 69 21 blifvit
263 965 95 20 använda
373 964 31 21 för
417 964 132 26 jordbruket,
565 970 47 15 men
628 965 64 20 saken
708 965 93 21 befinner
813 965 32 26 sig

102 999 19 26 ej
136 1005 58 15 mera
208 999 27 26 på
251 1005 80 15 samma
345 998 141 27 ståndpunkt:
502 998 136 27 omfattande,
654 998 23 21 af
690 1001 69 19 staten
771 999 75 21 anord-

101 1033 54 22 nade
177 1033 92 26 arbeten,
289 1033 55 21 ökad
359 1032 228 21 industriverksamhet
602 1033 39 20 och
657 1033 189 26 skogsprodukter-

101 1073 38 16 nas
155 1068 98 26 stegrade
267 1067 64 21 värde
346 1067 38 21 har
399 1066 77 21 tillfört
491 1067 67 20 folket
573 1073 25 20 ny
614 1066 176 27 arbetsförtjenst.
815 1067 32 21 En

101 1101 53 27 följd
176 1101 61 22 häraf
255 1102 37 21 har
311 1101 61 26 varit,
391 1103 31 19 att
434 1101 128 26 jordbruket
573 1101 89 21 förlorat
678 1107 24 15 en
718 1103 45 19 stor
778 1101 33 21 del
827 1101 23 21 af

102 1136 46 21 sina
170 1135 153 22 arbetskrafter
345 1135 38 21 och
402 1137 31 19 att
452 1135 26 21 de
494 1135 133 21 återstående
642 1135 96 27 betingat
753 1135 32 26 sig
800 1141 26 15 en
841 1135 7 21 i

102 1170 118 26 väsendtlig
235 1176 47 15 mon
294 1169 86 26 stegrad
391 1169 125 26 ersättning.
542 1169 74 21 Denna
628 1169 155 26 omständighet
795 1170 53 20 tvin-

102 1209 37 20 gar
158 1204 45 21 åter
219 1203 161 27 jordbrukaren,
400 1205 31 19 att
446 1209 77 20 genom
539 1205 29 19 ett
584 1203 173 27 omsorgsfullare
771 1205 78 19 använ-

103 1238 68 21 dande
192 1238 23 21 af
235 1238 26 21 de
283 1237 115 26 minskade,
422 1243 48 15 men
489 1237 152 22 kostsammare
660 1237 187 27 arbetskrafterna,

103 1271 79 23 sträfva
197 1274 31 19 att
243 1272 50 22 ernå
304 1272 110 21 enahanda
425 1272 97 26 resultat,
534 1271 33 22 för
578 1271 72 22 hvilka
662 1273 69 20 större
743 1271 38 22 och
792 1272 57 21 billi-

102 1312 51 21 gare
168 1306 151 22 arbetskrafter
335 1306 135 21 härförinnan
486 1306 52 21 stått
552 1306 76 21 honom
643 1306 33 21 till
691 1306 60 21 buds.

170 1340 111 22 Likaledes
304 1340 39 21 har
365 1346 48 15 man
435 1340 81 27 begynt
535 1340 53 21 höra
606 1340 39 21 allt
660 1342 67 20 tätare
742 1340 105 27 klagomål

103 1374 102 26 deröfver,
225 1376 31 19 att
270 1374 27 21 de
312 1374 70 28 gamla
397 1374 108 27 naturliga
520 1376 93 24 ängarna
628 1374 91 27 upphört
734 1376 31 19 att
779 1375 70 20 lemna

103 1414 27 16 en
151 1408 196 22 tillfredsställande
369 1408 123 26 afkastning
515 1408 37 21 och
575 1410 31 19 att
627 1414 48 15 man
694 1408 33 21 för
745 1410 104 25 ängarnas

171 1449 43 21 Lag-
227 1449 29 16 och
268 1448 167 17 Ekonomiutskottets
446 1448 104 17 betänkande
564 1448 32 16 N:o
610 1448 16 16 6.
