1061 1717
235 114 11 21 6
401 112 249 24 Petitionsbetänkande
665 113 37 23 N:o
717 111 30 23 41.

275 250 32 22 De
323 249 253 28 lagstiftningsåtgärder,
593 256 46 16 som
654 250 6 21 i
676 248 154 24 ofvanstående
845 249 112 27 petitions-

205 284 110 22 memorial
331 284 63 27 afses,
410 284 69 27 hafva,
495 284 29 28 på
538 286 45 20 sätt
597 284 168 28 petitionärerne
777 284 79 28 jemväl
871 283 85 28 antyda,

205 318 66 22 redan
295 318 35 22 vid
352 318 51 23 flere
424 318 128 28 föregående
573 319 129 27 landtdagar
721 319 83 27 utgjort
821 318 89 22 föremål
924 317 33 23 för

205 353 86 22 landets
314 353 102 22 Ständers
438 353 186 28 öfverläggningar
644 355 56 20 samt
720 353 61 27 gifvit
796 352 114 28 anledning
924 352 32 22 till

205 388 127 22 uttalanden
346 388 47 22 frän
408 388 64 22 deras
488 388 52 22 sida.

274 422 41 23 Vid
332 424 52 21 1872
401 423 35 22 års
451 422 103 29 landtdag
569 422 111 23 framhöllo
692 422 123 23 Ständerna
825 422 7 22 i
843 428 26 16 en
880 422 76 21 under-

206 457 65 28 dänig
293 457 89 28 petition
405 460 75 25 nyttan
503 457 40 22 oeh
563 457 158 28 behöfligheten
737 457 24 22 af
774 464 26 15 en
816 457 35 28 lag
867 457 89 22 rörande

205 493 165 26 grundvilkoren
384 493 33 22 för
432 493 163 22 koncessioners
611 492 120 28 beviljande
747 492 33 22 för
795 492 97 21 enskilda
898 491 58 28 jern-

205 527 137 28 vägsföretag
356 527 7 22 i
378 527 96 27 Finland,
490 527 40 22 och
545 527 97 22 uttalade
658 527 121 22 Ständerna
793 527 74 22 dervid
880 526 75 27 tillika,

205 563 33 20 att
261 561 28 22 dä
305 562 37 21 det
357 563 65 22 sedan
438 562 109 27 uräldriga
562 562 56 22 tider
633 562 123 22 tillkommit
770 562 39 22 och
825 561 131 22 fortfarande

205 596 118 22 tillkomme
346 596 37 23 det
403 596 69 22 finska
490 596 68 23 folket
576 598 32 20 att
624 597 85 27 deltaga
723 597 8 21 i
745 596 161 27 lagstiftningen
922 601 34 16 om

206 631 27 22 de
248 631 75 27 vilkor,
339 631 120 22 hvarunder
475 633 65 26 vägar
555 631 39 22 och
611 631 63 22 broar
685 631 60 22 skola
756 632 7 21 i
773 631 74 22 landet
857 631 97 26 inrättas,

205 665 121 22 Ständerna
340 666 53 30 icke
414 666 72 21 kunde
508 666 52 27 hysa
579 666 69 27 nägon
671 666 78 21 tvekan
771 666 79 26 derom,
874 667 33 20 att
930 671 26 16 en

204 700 35 27 lag
259 701 7 20 i
285 700 37 22 det
337 701 93 27 antydda
445 700 65 28 syftet
525 701 77 21 endast
617 707 76 21 genom
709 701 126 21 samverkan
851 700 22 21 af
887 701 69 26 Rege-

205 735 47 26 ring
268 735 40 22 och
323 735 93 21 Ständer
431 735 66 22 borde
513 735 166 22 åstadkommas.
702 735 70 22 Jemte
789 735 38 22 det
837 735 119 21 Ständerna

205 769 56 28 förty
284 769 39 22 hos
341 769 59 22 Hans
416 769 102 28 Majestät
533 769 85 22 anhöllo
634 776 33 15 om
684 769 142 22 utarbetande
841 769 23 22 af
877 769 79 27 förslag

205 803 34 22 till
261 810 27 15 en
310 803 67 22 sädan
400 804 35 27 lag
455 803 33 23 för
506 806 33 19 att
553 803 143 28 nästföljande
711 805 103 26 landtdag
828 804 127 27 föreläggas,

205 838 113 27 päpekade
341 838 27 22 de
389 839 32 21 till
443 839 128 26 vägledning
594 839 75 22 härvid
690 839 108 27 ätskilliga
816 839 78 21 brister
908 839 7 20 i
930 839 27 21 de

206 873 83 22 dertills
318 873 125 22 meddelade
468 873 97 22 enskilda
587 874 288 27 jernvägskoncessionerna,
902 874 55 21 samt

205 907 112 22 framhöllo
337 907 67 28 några
420 907 160 28 önskningsmä]
595 907 133 22 beträffande
751 908 75 27 lagens
841 907 93 22 innehåll
949 907 7 21 i

206 941 70 28 öfrigt.
306 942 50 21 Med
378 942 136 28 åberopande
537 942 22 21 af
580 942 70 22 denna
672 942 133 23 Ständernas
821 942 136 28 uppfattning

205 982 35 15 om
255 976 186 27 nödvändigheten
457 978 33 20 att
504 983 76 21 genom
596 983 26 15 en
637 977 124 27 ständerlag
777 977 67 22 ordna
855 977 26 21 de
892 978 64 21 rätts-

205 1010 153 28 förhällanden,
374 1011 72 22 nvilka
461 1017 51 16 vore
526 1011 49 22 med
591 1011 142 28 anläggandet
748 1011 23 22 af
789 1011 97 22 enskilda
898 1011 58 28 jern-

205 1047 66 26 vägar
293 1045 108 28 förenade,
418 1046 84 27 afböjde
518 1045 119 23 Ständerna
652 1047 35 21 vid
702 1052 82 16 samma
798 1047 102 26 landtdag
916 1046 41 21 den

205 1080 28 21 dä
247 1080 121 28 framlagda
382 1081 80 26 nädiga
476 1081 160 27 propositionen
652 1087 34 16 om
702 1081 121 27 antagande
837 1081 24 21 af
874 1087 26 15 en
914 1080 42 22 för-

205 1114 93 28 fattning
313 1115 111 27 angäende
439 1115 120 27 underpant
569 1115 7 21 i
584 1115 257 28 jernvägsanläggningar
851 1115 49 22 med
910 1115 47 22 der-

205 1149 32 21 till
252 1149 96 22 hörande
363 1149 43 22 fast
421 1149 41 23 och
476 1149 143 28 lösegendom,
636 1149 96 28 emedan,
747 1150 68 27 enligt
825 1149 131 22 Ständernas

205 1183 64 28 äsigt,
286 1184 26 21 de
327 1184 8 21 i
349 1184 140 27 nyssnämndt
508 1183 54 28 syfte
582 1183 138 29 erforderliga
734 1184 223 27 lagbestämningarne

204 1217 69 23 borde
287 1218 85 22 komma
388 1219 30 20 till
428 1219 64 21 ständ
508 1218 79 22 endast
601 1219 7 20 i
619 1219 152 27 sammanhang
781 1219 50 22 med
841 1218 51 22 eller
903 1217 55 22 efter

205 1259 26 15 en
246 1253 43 26 lag,
305 1259 47 16 som
366 1253 115 22 faststälde
496 1253 95 22 vilkoren
606 1253 34 22 för
655 1253 132 28 beviljandet
798 1253 23 22 af
829 1253 127 22 koncession

205 1287 12 21 å
233 1287 84 22 enskild
331 1287 236 29 jernvägsanläggning.

273 1322 125 22 Emellertid
409 1322 124 22 utfärdades
545 1322 22 21 af
576 1323 127 27 regeringen
714 1323 41 22 den
767 1325 11 19 3
790 1322 103 23 Februari
902 1323 54 21 1876

203 1356 30 27 på
255 1356 156 23 administrativ
434 1359 47 25 väg,
502 1362 35 16 om
551 1357 41 21 ock
607 1358 69 22 delvis
692 1358 49 22 med
756 1358 123 22 beaktande
894 1356 22 22 af
930 1356 27 23 de

203 1394 48 18 utat
266 1391 121 23 Ständerna
402 1392 35 22 vid
446 1391 130 28 föregående
586 1392 104 28 iandidag
699 1393 77 28 gjorda
785 1392 171 28 aumärkningar,

204 1431 25 15 en
246 1425 125 29 författning
387 1426 109 28 angående
509 1426 95 22 vilkoren
619 1426 33 23 för
666 1428 121 28 beviljande
798 1426 22 23 af
828 1426 129 24 koncession

272 1467 139 23 Lagutskottets
424 1467 117 20 betänkande
554 1470 36 18 N:o
601 1469 27 18 15.
715 1467 5 7 d
