1061 1717
296 114 251 22 Petitionsbetänkande
561 114 37 22 N:o
614 113 37 23 40.
815 115 12 19 9

199 180 135 28 proposition
348 180 69 21 kunde
432 180 252 22 nästsammanträdande
702 179 93 22 Ständer
804 179 54 27 före-

205 215 74 27 läggas
300 215 8 20 i
330 215 34 21 det
386 214 54 28 syfte
464 216 31 20 att
510 214 18 28 ej
543 214 81 22 mindre
640 214 37 22 allt
692 214 55 22 hvad
762 214 33 27 lag
811 214 47 21 eller

204 249 107 22 särskilda
325 249 154 27 författningar
489 249 76 27 stadga
576 249 109 27 angående
694 250 44 20 rätt
749 250 31 20 att
789 249 9 21 i
808 248 51 22 börd

204 283 45 22 lösa
264 283 54 27 såld,
335 283 132 27 bortskiftad,
480 285 99 25 pantsatt
594 283 48 21 eller
650 290 74 20 genom
733 283 67 27 gåfva
811 282 48 22 eller

205 320 120 20 testamente
345 318 116 27 bortgifven
476 318 99 27 fastighet
591 318 14 20 å
619 318 71 21 landet
705 318 31 21 till
750 317 57 27 kraft
823 317 36 21 och

205 352 76 21 verkan
295 351 125 27 upphäfdes,
436 354 53 20 utan
505 352 35 21 ock
555 352 25 21 de
594 354 54 19 nära
663 352 104 21 samband
776 351 84 22 dermed

206 386 78 27 egande
306 386 8 20 i
336 386 107 22 allmänna
466 386 60 27 lagen
539 388 81 20 utsatta
635 386 178 27 inskränkningar
828 386 33 21 uti

205 420 125 27 rättigheten
352 422 31 19 att
403 427 76 20 genom
498 420 64 27 gåfva
579 420 46 22 eller
641 422 120 20 testamente
775 420 84 27 förfoga

207 462 33 15 om
255 455 105 28 arfvejord
375 455 36 22 och
427 462 73 15 annan
515 456 69 21 sådan
599 456 45 27 fast
658 455 105 28 egendom,
774 462 46 15 som
830 462 29 15 nu

206 491 25 20 är
251 489 51 22 börd
321 489 149 27 underkastad,
488 490 63 27 blefve
565 490 135 28 undanröjda
715 490 37 21 och
767 490 8 21 i
789 489 72 22 stället

205 524 70 27 derför
289 531 71 14 annan
372 525 72 26 grund
458 525 34 26 för
508 525 152 27 begränsandet
675 525 27 26 af
711 524 148 28 nyssnämnda

205 559 101 26 rättighet
321 559 101 21 bestämd.

173 615 142 28 Helsingfors,
331 615 40 22 den
387 617 11 20 5
415 616 45 27 Maj
478 617 61 20 1885.

583 678 79 23 Alfred
677 678 112 23 Norrmén.

173 747 81 22 Härom
269 747 74 22 förena
357 747 34 28 sig

161 809 86 23 --Oskar
261 810 115 22 Backman.
516 810 81 22 Viktor
611 815 42 16 von
668 809 121 23 Rehausen.

369 855 68 22 Wilh.
453 855 141 23 Pääkkönen.

178 1458 140 23 Lagutskottets
331 1458 115 18 betänkande
459 1459 37 17 N:o
509 1460 28 16 14.
