1061 1717
188 80 12 20 6
381 80 238 23 Petitionsbetänkande
634 80 37 23 N:o
687 80 35 22 31.

190 150 85 23 vertaga
298 148 25 20 de
346 148 88 26 följande
459 152 82 22 tvenne,
562 149 133 25 hvarigenom
715 148 128 25 Björneborg
859 147 79 21 således

190 177 89 20 erhåller
301 184 26 14 en
348 178 22 20 af
388 181 68 18 staten
472 179 134 19 underhållen
622 178 113 26 fyrklassig
750 177 55 20 finsk
821 178 117 20 elementar-

188 207 63 19 skola.
284 208 33 19 Nu
339 211 21 16 är
381 209 114 19 emellertid
510 208 138 20 förhållandet
664 210 31 17 att
710 208 32 19 till
758 207 25 20 de
799 210 90 17 närmast
904 208 33 20 be-

187 236 63 26 lägna
265 236 133 27 fullständiga
414 238 96 26 lyceerna
525 239 8 19 i
547 232 46 26 Åbo
609 238 38 20 och
663 238 130 19 Tavastehus
809 240 22 16 är
841 244 26 13 en
877 240 60 23 väga-

188 266 63 26 längd
275 267 23 19 af
315 267 87 26 ungefär
426 268 27 21 16
474 268 43 25 mil;
539 268 38 20 och
598 270 30 17 att
647 268 25 20 de
688 266 103 27 tillfyllest
806 270 59 22 tagas
881 267 6 19 i
903 274 35 17 an-

190 296 62 26 språk
276 296 23 20 af
319 297 162 21 innevånarenes
504 298 8 19 i
532 298 61 20 dessa
608 298 80 20 trakter
703 298 57 24 barn,
776 296 90 26 framgår
881 296 60 21 deraf

190 328 30 17 att
241 326 68 20 elever
328 327 46 19 från
395 329 37 19 vår
448 331 32 17 ort
496 335 43 13 som
555 328 32 19 till
602 328 46 20 dem
664 328 47 19 sökt
727 326 81 20 inträde
823 326 79 26 tillfölje
918 326 23 20 af

189 356 52 20 brist
256 358 28 24 på
299 360 100 23 utrymme
414 358 89 25 nödgats
519 358 81 20 afvisas.

263 386 30 20 Af
314 387 35 20 det
370 387 126 26 ofvansagda
512 394 49 14 anse
577 388 21 20 vi
613 387 35 20 det
664 390 49 17 utan
729 386 71 20 vidare
816 386 122 26 utläggning

190 416 49 19 eller
255 416 109 27 belysning
380 417 84 21 alldeles
479 418 55 19 klart
549 420 31 17 att
596 420 30 17 ett
640 416 133 26 fullständigt
785 416 64 20 finskt
859 417 79 26 lyceum

190 445 7 20 i
213 445 128 27 Björneborg
357 450 23 17 är
396 447 22 20 af
432 448 74 25 högsta
520 447 98 20 behofvet
632 447 111 26 påkalladt.

262 477 27 19 Vi
309 477 20 19 få
349 477 79 20 derföre
444 477 117 26 ödmjukast
577 477 81 20 anhålla
674 480 30 17 att
719 476 104 26 vällofliga
838 477 100 25 Borgare-

190 505 83 20 ståndet
289 507 46 19 ville
351 507 87 20 utverka
454 507 35 20 det
505 507 116 20 Ständerna
636 507 84 26 inginge
736 507 32 19 till
783 507 59 19 Hans
855 506 82 25 Kejser-

187 535 42 25 liga
244 536 97 25 Majestät
356 537 46 20 med
418 544 24 13 en
459 537 129 25 underdånig
603 537 86 26 petition
705 536 75 26 derom,

366 581 30 18 att
417 579 35 20 den
473 580 8 19 i
497 580 129 25 Björneborgs
642 579 43 20 stad
697 579 105 25 placerade
817 579 120 24 fyrklassiga

329 609 63 23 finska
408 610 170 19 elementarskolan
593 609 117 20 ombildades
726 609 32 19 till
773 611 26 17 ett
814 608 124 25 fullständigt

331 639 72 24 lyceum
425 646 66 19 genom
515 641 29 18 att
565 641 62 18 staten
648 639 33 19 vid
702 640 57 19 nästa
778 639 73 19 läseärs
869 639 68 24 början

330 669 95 25 öfvertoge
446 670 30 19 det
494 670 84 24 privata
594 669 66 25 lyceets
676 669 79 24 klasser,
771 671 51 17 samt
839 669 98 19 successivt

331 699 49 23 efter
396 699 57 24 behof
466 699 99 20 inrättade
580 699 22 20 de
617 700 85 23 öfversta
717 699 106 20 klasserna.

262 745 184 26 Helsingfors,
464 747 33 20 den
515 748 26 19 30
557 747 89 20 Januari
661 747 63 19 1885.

262 791 85 22 Edvard
362 793 114 22 Molander.
653 793 80 22 Robert
747 793 119 22 Junnelius.

323 913 56 20 Till
395 914 189 20 hedersvärda
599 913 200 21 Bondeständet.

262 961 79 20 Finska
360 962 158 20 lärdomsskolor
537 962 61 20 hafva
617 962 89 19 omsider
721 963 26 24 pä
763 964 78 17 statens
857 961 81 20 bekost-

190 990 41 19 nad
254 991 71 25 bragts
347 991 30 20 till
398 992 60 19 ständ
480 992 6 19 i
502 992 48 20 flere
567 992 55 19 delar
639 991 22 20 af
674 991 75 26 landet,
767 991 37 20 och
820 991 35 20 det
869 991 69 20 kunde

189 1019 81 20 derföre
286 1027 67 20 synas,
370 1028 42 13 som
429 1028 31 13 om
477 1021 96 20 behofvet
589 1021 23 20 af
625 1021 71 26 dylika
711 1021 70 20 skolor
795 1027 85 14 numera
890 1027 48 14 vore

188 1049 7 19 i
212 1049 39 20 allo
271 1050 137 25 tillgodosedt.
439 1051 79 20 Sådant
538 1054 23 17 är
580 1051 63 20 likväl
659 1051 115 26 ingalunda
789 1050 62 25 fallet,
868 1051 70 19 ätmin-

186 1081 57 18 stone
260 1079 45 20 icke
321 1081 26 25 pä
363 1081 38 19 alla
417 1084 62 18 orter.

263 1109 134 21 Vidsträckta
426 1111 118 20 landsdelar
567 1111 71 26 finnas,
663 1111 71 20 hvilka
756 1111 56 19 bilda
835 1111 102 25 naturliga

188 1138 151 28 skolomräden,
354 1140 42 19 lika
412 1141 34 19 väl
462 1148 43 13 som
520 1141 84 20 hvilken
620 1148 67 12 annan
703 1141 57 19 trakt
775 1140 24 20 af
810 1140 70 20 landet
895 1147 43 13 som

188 1167 59 26 helst,
264 1175 46 14 men
327 1169 35 20 der
378 1170 64 20 likväl
458 1171 73 19 endast
540 1170 66 20 finnes
617 1170 126 26 fyrklassiga
753 1170 184 26 elementarskolor,

186 1197 31 20 uti
240 1198 71 20 hvilka
331 1200 117 25 ungdomen
471 1201 78 19 lemnas
572 1200 80 20 tillfälle
672 1201 32 19 till
721 1200 121 20 erhällande
863 1199 23 20 af
898 1200 39 20 den

186 1226 65 21 första
268 1228 122 21 elementära
406 1230 181 25 undervisningen,
603 1237 46 13 men
665 1230 54 19 ifrän
735 1229 71 20 hvilka
821 1229 117 20 densamma

187 1257 122 26 sedermera,
331 1259 46 20 med
400 1259 99 20 afbruten
519 1260 99 27 lärokurs,
634 1261 65 18 mäste
715 1259 70 26 sprida
801 1259 32 26 sig
849 1260 20 19 ät
885 1260 53 19 olika

186 1286 48 21 håll.
265 1288 139 26 Naturligtvis
427 1290 53 20 skall
501 1297 25 13 en
547 1290 38 20 och
601 1297 67 13 annan
684 1289 23 20 af
721 1290 97 20 eleverna
833 1289 46 20 från
894 1289 44 27 fyr-

186 1316 91 26 klassiga
297 1318 179 21 elementarskolor
497 1320 49 20 söka
562 1320 32 25 sig
609 1323 40 22 väg
665 1320 32 19 till
712 1320 63 25 högre
790 1320 147 24 läroanstalter,

185 1352 46 14 men
253 1347 36 20 det
309 1351 56 17 stora
386 1348 88 21 flertalet
496 1349 23 20 af
537 1350 44 20 dem
602 1350 38 25 gär
655 1350 64 19 likväl
734 1356 44 14 mer
793 1350 50 19 eller
858 1349 78 20 mindre

184 1375 108 22 förlorade.

262 1406 81 21 Sädana
356 1408 164 25 jemnförelsevis
536 1409 118 20 vanlottade
670 1408 119 21 landsdelar
804 1411 35 17 äro
854 1408 7 20 i
876 1408 61 20 främ-

186 1437 32 17 sta
233 1440 88 16 rummet
342 1444 60 14 norra
422 1439 96 26 Karelen,
542 1442 70 17 vestra
627 1439 59 20 delen
703 1439 23 19 af
739 1439 65 20 Wasa
819 1439 34 19 län
869 1438 68 20 äfven-

255 1478 105 20 Allmänna
377 1480 184 20 Besvärsutskottets
577 1480 116 20 betänkande
709 1481 38 19 N:o
763 1481 32 19 21.
