1061 1717
210 123 11 17 2
394 117 243 24 Petitionsbetänkande
650 121 36 19 N:o
699 120 33 20 47.

188 180 41 18 åtrå
240 180 28 18 att
279 179 111 24 grundlägga
402 181 41 22 eget
454 180 48 21 hem;
515 181 20 21 ty
545 180 32 23 jag
589 181 20 16 är
621 179 105 23 öfvertygad
739 178 66 21 derom,
818 179 28 17 att
859 178 84 24 anlägga-

188 214 41 12 rene
244 208 19 18 af
276 208 172 23 nybyggeshemman
463 208 59 18 skulle
539 208 40 18 med
594 208 45 18 ifver
654 208 52 23 gripa
723 213 22 12 an
755 207 112 23 jordbruket,
879 212 64 18 genom

189 238 27 16 att
230 237 111 23 grundlägga
356 236 19 18 ät
390 237 28 23 sig
433 237 33 17 och
482 237 39 17 sina
536 236 150 18 efterkommande
703 237 26 17 ett
743 236 41 22 eget
795 236 41 18 hem
849 236 26 18 nti
886 235 58 18 fäder-

188 265 94 18 neslandet
303 265 32 18 och
356 265 38 18 icke
415 265 58 18 såsom
488 265 105 23 oräkneliga
607 265 73 17 härtills
695 264 54 18 hafva
765 264 52 23 gjort,
834 264 43 18 söka
893 264 30 18 det
937 264 6 17 i

188 294 107 18 fremmande
311 294 47 17 land.
383 294 107 22 Härigenom
505 294 58 17 blefve
579 299 52 12 norra
646 293 87 18 Finlands
747 293 42 17 kärr
801 293 33 17 och
846 298 57 12 moras
916 294 28 16 ut-

188 322 75 18 torkade
277 322 33 18 och
326 322 64 18 odlade
402 322 56 23 jämte
475 322 30 18 det
521 323 28 17 att
564 323 40 22 eget
620 322 42 18 land
678 322 58 17 skulle
751 321 43 18 föda
806 321 33 18 sitt
851 321 42 23 folk,
906 326 36 13 som

188 351 15 23 ej
216 356 48 12 mera
276 350 58 18 skulle
346 356 42 12 vara
400 350 101 18 nödsakadt
513 352 28 16 att
553 351 6 17 i
571 350 45 18 brist
628 350 24 24 pä
664 350 83 23 förtjenst
759 350 52 22 flytta
822 350 29 18 till
861 350 83 18 Amerika

188 379 27 18 för
227 380 28 17 att
267 379 44 18 söka
323 379 27 18 sin
363 379 85 18 utkomst.

426 415 35 22 Jag
474 415 34 22 får
526 414 57 23 derför
601 414 95 23 ödmjukast
711 414 66 19 föreslå
793 416 26 14 att
834 414 74 21 ändring
924 414 22 23 af

392 444 77 17 nämnda
480 443 73 22 Nädiga
559 443 106 23 förordning
676 444 27 16 uti
713 443 54 20 ofvan
777 443 81 17 anmärkt
867 443 76 22 afseende

393 473 7 16 i
420 472 135 22 underdånighet
575 472 50 17 måtte
641 472 78 22 föreslås
731 472 34 22 för
781 473 50 16 Hans
848 471 94 23 Kejserliga

394 501 81 22 Majestät
495 498 20 20 så
533 504 31 17 att,
579 498 31 20 vid
623 499 106 24 anläggning
746 501 23 22 af
785 501 157 22 nybyggeshemman

392 535 22 11 ur
432 531 97 21 kronotorp,
547 530 20 17 ät
581 530 167 22 nybyggeshemmans
763 535 40 16 egor
818 529 53 18 skulle
884 529 58 22 gifvas

392 559 101 23 åtminstone
511 565 27 10 sex
556 559 40 16 eller
613 558 41 23 efter
671 558 55 22 behof,
741 558 80 17 beroende
835 558 25 23 pä
872 558 71 21 jordens

392 585 112 25 beskaffenhet,
518 585 95 20 tillochmed
621 585 45 24 flera
677 587 101 21 ängslotter.

256 619 111 24 Helsingfors
380 617 33 22 den
426 623 21 17 24
460 621 76 18 Januari
550 622 50 18 1885.

701 649 60 19 Iisak
773 649 90 19 Hoikka.

588 684 131 23 Representant
730 683 28 18 för
771 683 68 18 Torneå
852 683 91 23 domsaga.

256 765 74 26 Enligt
354 765 4 27 $
382 765 12 21 2
418 765 6 20 i
444 765 86 27 kejserl.
553 765 143 27 kungörelsen
715 765 41 21 den
776 765 26 22 27
825 765 117 21 December

190 799 53 21 1877
260 799 116 26 angäende,
391 799 65 21 bland
472 801 69 25 annat,
559 800 128 26 anläggning
702 799 24 21 af
735 799 206 27 nybyggeshemman

188 832 54 21 skall
258 833 34 21 vid
309 833 58 27 dylik
382 833 128 27 anläggning
528 833 114 27 iakttagas,
662 835 32 20 att
714 833 122 21 hemmanet
854 835 87 25 utsynas

187 867 7 20 i
209 867 64 27 högst
292 869 33 19 tre
340 867 84 27 skiften,
440 868 105 27 nemligen
562 868 100 27 äkerjord
682 867 39 22 och
741 867 127 27 skogsmark
885 868 7 20 i
911 869 31 20 ett

188 901 39 22 och
242 902 108 21 dessutom
366 898 114 31 ängsmark
495 903 6 20 i
518 902 63 27 högst
594 904 84 19 tvenne.
709 902 11 21 I
739 901 152 22 ofvanstäende
906 908 36 20 pe-

187 935 156 28 titionsförslag
359 936 80 27 äsyftas
455 943 27 14 nu
498 937 41 21 den
557 937 91 26 ändring
667 936 23 21 af
708 936 92 21 berörda
819 935 122 28 stadgande,

188 971 32 20 att
239 970 115 26 ängsmark
371 969 57 28 finge
447 971 94 21 tilldelas
561 971 126 26 lägenheten
703 971 31 20 uti
751 977 37 15 sex
804 970 59 26 eller,
878 970 6 21 i
903 969 38 22 fall

188 1003 23 22 af
228 1003 67 22 behof
308 1004 39 21 och
364 1004 108 22 beroende
487 1005 23 21 af
521 1005 138 26 jordmänens
674 1004 155 27 beskaffenhet,
849 1006 26 19 än
889 1003 53 22 flera

187 1037 86 22 skiften.

255 1072 166 27 Tfrägavarande
446 1073 134 27 bestämning
604 1074 6 20 i
634 1073 157 22 ofvannämnda
814 1073 128 27 kungörelse

187 1106 45 22 stär
253 1107 7 20 i
279 1107 221 22 öfverensstämmelse
523 1108 48 21 med
591 1108 25 21 de
635 1108 148 27 grundsatser,
802 1113 45 16 som
866 1107 7 21 i
892 1112 49 17 ena-

187 1141 72 21 handa
274 1141 102 22 afseende
390 1142 58 26 gälla
463 1142 54 21 eller
531 1142 123 27 föreslagits
669 1144 33 19 att
716 1142 59 25 gälla
785 1141 36 22 vid
832 1142 109 27 egostyck-

186 1174 51 27 ning
253 1175 13 21 &
281 1175 75 22 frälse-
371 1176 39 21 och
426 1176 168 22 skattehemman
610 1178 56 20 samt
681 1188 26 3 —
725 1176 67 27 enligt
807 1177 36 20 det
857 1175 84 22 författ-

186 1209 144 28 ningsförslag
345 1210 7 21 i
367 1211 77 26 ämnet,
460 1217 45 15 som
522 1211 118 21 Ständerna
656 1211 66 21 redan
737 1211 36 20 vid
789 1211 69 20 denna
872 1210 69 21 landt-

188 1243 41 28 dag
244 1244 118 27 antagit
347 1239 16 37 —
369 1244 13 21 &
393 1245 172 26 kronohemman,
577 1245 67 27 enligt
654 1245 74 21 hvilka
739 1245 139 26 grundsatser
889 1250 52 21 egor

186 1277 19 28 ej
225 1273 22 27 få
266 1278 100 28 tilläggas
384 1285 76 21 genom
483 1279 111 28 styckning
617 1279 101 22 utbruten
742 1278 101 28 lägenhet
864 1279 7 21 i
888 1277 52 23 flera

186 1314 27 20 än
228 1314 33 20 tre
277 1313 105 21 särskilda
396 1314 86 21 skiften.
505 1309 127 26 Ändamålet
643 1314 89 21 härmed
747 1315 24 19 är
783 1315 32 20 att
825 1312 115 28 förebygga

186 1346 142 28 uppkomsten
346 1347 24 21 af
386 1348 124 27 lägenheter
528 1348 49 22 med
596 1348 116 27 olämpliga
731 1347 152 27 egoområden;
902 1347 38 21 der

186 1381 107 22 nbsligen
314 1387 79 22 egorna
412 1382 58 28 ligga
488 1382 73 22 alltför
579 1383 88 21 spridda
685 1382 48 21 från
752 1381 127 26 hvarandra,
898 1380 42 23 för-

184 1411 77 26 Svårar
277 1412 40 25 och
330 1414 101 30 Tördyrar
446 1415 76 23 sådant
574 1416 81 22 uppenbart
670 1416 63 22 deras
749 1414 118 28 tillbörliga
881 1414 59 22 sköt-

255 1456 46 21 Lag-
313 1456 30 16 och
355 1456 169 17 Ekonomiutskottets
535 1457 105 17 betänkande
652 1456 34 17 N:o
701 1456 15 16 8.
