1061 1717
247 134 13 21 2
358 133 79 23 Ständ.
453 134 51 22 Pet.
521 146 26 4 —
563 134 168 22 Petitionsbet.
747 134 40 22 N:o
801 133 34 22 19.

289 202 38 21 Ett
351 204 46 26 steg
420 202 33 21 till
467 202 154 22 förbättrande
636 202 26 22 af
673 202 186 28 privatskolornas
874 201 102 28 ställning

221 237 24 21 är
261 236 125 28 visserligen
402 238 59 26 taget
477 237 132 28 derigenom,
624 239 34 19 att
673 236 104 28 styrelsen
793 236 74 28 plägat
883 237 29 27 på
929 238 44 20 sär-

221 270 56 22 skild
293 270 121 28 ansökning
428 270 80 29 bevilja
523 271 70 22 lärare
608 271 36 22 vid
655 271 144 27 privatskolor
809 272 44 20 rätt
863 273 33 19 att
905 272 69 20 under

221 305 57 21 vissa
292 304 70 23 vilkor
376 305 36 21 vid
427 305 118 28 öfvergång
559 306 34 21 till
608 308 82 20 statens
706 306 68 28 tjenst
789 305 34 22 för
839 305 135 22 ecklesiastik

223 339 116 22 befordran
361 339 161 28 tillgodoräkna
542 340 32 27 sig
596 340 48 21 sina
666 340 111 28 tjensteår.
807 340 126 21 Emellertid
950 341 24 20 är

221 374 126 27 härigenom
370 375 59 20 ännu
444 374 48 21 icke
507 381 27 14 en
549 375 91 27 tryggad
655 374 137 22 verksamhet
807 374 34 21 för
855 374 119 28 privatsko-

222 408 62 22 lorna
299 408 143 29 möjliggjord.
468 408 87 22 Sådana
569 408 166 22 förhållandena
749 408 34 22 för
793 409 36 21 det
840 409 134 21 närvarande

223 443 41 22 och
287 443 91 22 oaktadt
402 444 80 21 nämda
497 443 152 28 medgifvande
664 443 103 28 gestaltat
782 443 39 28 sig,
836 443 55 22 låter
906 443 67 22 sällan

223 484 28 15 en
267 477 74 28 duglig
356 477 77 26 lärare,
448 485 46 14 som
510 485 34 14 ser
559 478 32 27 sig
605 478 8 21 i
628 477 87 22 tillfälle
730 480 33 19 att
777 477 66 22 vinna
853 478 125 27 statstjenst'

223 513 49 20 med
294 512 67 27 utsigt
383 512 33 21 till
438 513 98 27 pension,
559 519 39 14 ens
612 512 26 22 af
650 512 107 27 betydligt
771 511 66 28 högre
852 512 123 21 löneanbud

225 547 48 21 från
294 546 159 28 privatskolans
476 547 47 21 sida
537 547 70 21 förmå
622 547 32 27 sig
669 549 33 19 att
717 547 39 20 der
771 549 137 24 qvarstanna.
938 547 37 21 Att

223 581 147 28 privatskolan
386 581 62 22 alltid
463 581 56 22 skall
533 581 28 22 ha
577 588 82 14 samma
674 580 133 28 svårigheter
821 583 32 19 att
861 581 113 28 bekämpa,

223 615 88 28 sålänge
327 615 165 22 förhållandena
507 615 133 22 härutinnan
654 615 49 22 icke
719 615 75 22 ställas
809 616 29 27 på
853 623 72 14 annan
936 616 37 21 fot.

221 649 69 28 ligger
304 649 7 22 i
327 651 70 26 öppen
414 651 47 26 dag.

292 684 33 21 Då
348 684 121 28 syftemålet
492 685 48 20 med
563 684 166 27 ifrågavarande
752 684 184 27 petitionsförslag
951 686 23 19 är

223 719 34 20 att
279 725 78 21 genom
372 719 181 27 privatlärarenes
569 719 152 27 berättigande
737 719 33 20 till
785 718 189 28 tjensteårsberäk-

223 753 53 26 ning
299 753 36 21 vid
356 753 87 21 inträde
458 753 8 21 i
481 753 121 28 statstjenst
618 755 63 20 äfven
697 753 34 21 för
747 753 124 21 erhållande
886 753 25 21 af
924 760 51 21 pen-

224 787 47 21 sion
287 787 58 27 gifva
360 787 173 28 privatskolorna
549 790 30 19 ett
589 788 77 27 vigtigt
677 787 40 22 och
728 787 109 21 verksamt
847 788 53 25 stöd,
911 787 65 22 hafva

224 821 129 27 Ständerna,
375 822 161 27 uppskattande
552 822 126 28 betydelsen
694 822 61 21 såväl
771 821 67 26 deraf,
853 824 32 19 att
899 822 77 21 under-

223 855 113 28 visningen
359 856 7 21 i
390 859 84 19 statens
496 857 71 21 skolor
590 857 32 20 till
642 857 56 27 följd
713 856 25 21 af
751 856 162 21 konkurrensen
928 857 48 20 med

223 890 145 27 privatskolor
393 891 67 22 mäste
483 891 58 22 hålla
563 891 32 28 sig
617 891 8 21 i
640 891 115 28 jemnhöjd
770 891 49 21 med
834 891 70 21 tidens
920 891 56 21 ford-

224 924 80 28 ringar,
326 932 46 14 som
394 925 41 22 ock
458 925 66 27 deraf,
540 928 33 19 att
589 927 41 20 den
646 925 105 26 enskilde,
767 925 63 21 hvars
845 925 132 28 önskningar

223 958 41 22 och
279 959 142 28 uppfattning
436 959 47 22 icke
498 960 43 21 kan
557 960 65 22 hafva
637 961 67 26 något
719 961 130 20 nämnvärdt
858 959 117 28 inflytande

223 993 30 27 på
267 993 157 22 statskolornas
440 995 153 26 organisation,
609 995 67 21 måtte
692 994 29 21 ha
736 994 113 27 möjlighet
859 995 71 27 öppen
944 998 31 18 att

221 1027 30 28 på
266 1028 84 21 enskild
367 1029 40 27 väg
421 1029 34 21 för
470 1029 47 21 sina
532 1029 64 21 barns
611 1029 131 28 uppfostran
758 1029 74 20 kunna
842 1028 68 22 anlita
920 1029 55 21 läro-

221 1062 114 26 anstalter,
352 1069 46 15 som
412 1063 110 21 måhända
536 1070 59 15 mera
610 1063 159 22 tillfredsställa
783 1063 78 21 honom
877 1064 28 20 än
916 1064 26 20 de
953 1063 25 22 af

222 1098 71 20 staten
309 1097 115 26 inrättade,
440 1099 54 20 trott
509 1098 32 27 sig
556 1098 52 21 böra
623 1097 94 22 omfatta
731 1097 142 22 förevarande
887 1097 88 28 förslag.

222 1131 39 21 Att
283 1133 79 24 staten,
384 1139 79 20 genom
485 1135 33 18 att
532 1133 34 20 för
581 1132 176 28 privatskolorna
771 1131 123 22 underlätta
909 1132 65 21 täflan

220 1166 51 21 med
287 1165 165 27 statsskolorna,
468 1167 69 22 skulle
553 1167 121 21 motarbeta
690 1167 39 21 sitt
744 1169 49 25 eget
808 1167 96 23 intresse,
916 1168 60 20 torde

222 1199 20 28 ej
258 1199 77 22 kunna
349 1201 80 26 påstås,
445 1202 29 20 då
488 1204 83 19 statens
582 1201 86 28 uppgift
679 1201 137 22 beträffande
826 1201 150 22 skolväsendet

223 1233 20 28 ej
267 1235 24 20 är
314 1235 78 21 endast
406 1235 120 28 främjande
545 1235 25 22 af
582 1238 82 19 statens
680 1242 57 21 egna
755 1235 78 26 skolor,
848 1237 53 19 utan
916 1236 7 20 i
938 1235 37 22 all-

219 1268 91 22 mänhet
326 1269 194 28 undervisningens
534 1270 40 21 och
590 1271 87 21 dermed
689 1271 42 20 den
741 1269 171 28 medborgerliga
922 1269 54 22 bild-

220 1302 92 28 ningens
335 1304 101 27 höjande.
466 1304 33 22 En
522 1306 88 20 stående
634 1304 107 28 pekuniär
764 1304 65 27 utgift
849 1305 69 21 måste
934 1305 42 20 den

221 1336 126 29 föreslagna
362 1338 106 22 reformen
484 1339 123 27 visserligen
618 1339 105 26 medföra,
735 1340 28 20 då
773 1338 60 22 äldre
843 1338 76 25 lärare,
931 1346 46 14 som

219 1377 82 16 annars
312 1372 110 22 måhända
432 1372 47 22 icke
491 1373 56 22 hade
557 1374 82 22 lemnat
650 1373 156 29 privatskolan,
817 1374 63 21 torde
891 1374 85 21 komma

219 1407 35 19 att
276 1406 37 21 vid
335 1406 85 22 tillfälle
443 1407 88 28 öfvergå
551 1409 35 21 till
606 1410 131 26 statstjenst,
758 1408 35 22 för
805 1410 34 20 ait
853 1408 59 22 inom
929 1408 48 22 keri

219 1440 66 21 derur
300 1442 89 20 utträda
405 1442 49 21 med
469 1442 95 27 pension.
595 1442 49 22 Men
660 1442 85 22 oafsedt
761 1444 33 20 att
809 1443 36 21 det
862 1442 116 29 gagneliga
