1061 1717
188 106 82 22 Ständ.
286 106 51 22 Pet.
353 119 27 3 —
396 106 270 23 Petitionsbetänkande
682 107 39 22 N:o
737 107 19 22 1.
807 108 14 20 5

95 170 93 26 600,000
206 170 59 21 mark
281 171 55 27 finge
351 170 91 22 tilldelas
457 170 74 22 Kotka
546 171 46 21 stad
608 171 50 21 eller
674 171 92 22 enskildt
781 171 67 28 bolag,

96 212 44 14 som
163 204 78 22 erhölle
264 204 123 22 koncession
410 204 32 22 för
464 205 129 28 anläggande
616 205 23 21 af
660 213 25 13 en
699 205 89 28 jernväg
803 205 46 22 från

96 238 91 22 nämnda
203 238 46 22 stad
263 238 33 22 till
311 239 100 21 Kouvola
426 239 83 21 station.

164 272 261 29 Anläggningskostnaden
441 273 33 21 för
489 273 68 21 denna
573 274 53 21 bana
641 274 39 21 har
695 274 111 22 beräknats
817 274 32 22 till

95 308 112 25 2,355,000
230 307 66 26 mark,
319 307 67 21 under
406 306 150 30 förutsättning
571 310 30 20 att
616 308 121 28 rälsvigten,
755 316 44 14 som
815 316 34 13 ur-

96 342 134 28 sprungligen
253 342 105 28 upptagits
380 341 33 22 till
428 342 28 20 20
471 342 43 22 kilo
530 350 37 20 per
582 344 73 24 meter,
670 342 8 21 i
694 342 93 28 enlighet
801 342 49 22 med

96 376 56 22 hvad
167 376 23 21 af
202 375 58 23 såväl
274 372 170 32 Öfverstyrelsen
460 376 32 21 för
507 376 57 28 Väg-
573 376 39 22 och
623 376 227 23 Vattenkommunika-

97 410 95 22 tionerna
214 418 45 14 som
280 410 210 29 Jernvägsstyrelsen
505 410 108 29 tillstyrkt,
630 411 50 21 ökas
695 411 32 21 till
743 412 46 25 22,3
807 411 43 21 kilo

99 453 37 20 per
151 447 72 20 meter.

167 479 33 22 Af
220 479 91 27 orsaker,
334 487 44 14 som
394 479 7 21 i
417 481 30 20 ett
462 479 33 22 till
510 479 170 28 borgareståndet
696 479 35 23 vid
746 480 102 22 innneva-

98 513 64 22 rande
185 513 99 29 landtdag
305 513 117 22 inlemnadt
445 513 209 29 petitionsmemorial
669 513 127 26 framhålles,
813 514 38 21 har

97 548 35 22 det
154 548 52 22 dock
230 547 18 29 ej
273 547 54 23 varit
349 547 83 29 möjligt
454 550 30 19 att
499 548 27 28 på
541 548 83 21 enskild
640 553 39 24 väg
694 548 94 22 anskaffa
803 549 48 21 hela

98 583 41 27 det,
163 583 84 22 utöfver
261 583 137 21 förenämnda
413 583 126 22 subvention
554 583 33 22 för
601 583 112 28 företagets
729 583 122 28 realisering

98 617 133 28 erforderliga
253 617 107 28 kapitalet.
391 617 13 21 I
425 617 32 21 sin
478 617 33 22 till
527 617 122 29 regeringen
665 617 120 22 inlemnade
799 617 52 22 kon-

98 651 185 23 cessionsansökan
306 651 72 22 anhöll
400 651 75 22 staden
498 651 89 28 derföre,
603 654 31 20 att
648 651 32 22 för
695 651 109 30 företaget,
820 654 31 20 ut-

97 686 59 21 öfver
178 686 159 26 subventionen,
360 685 65 22 måtte
442 694 24 13 ur
481 687 121 21 statsmedel
617 686 87 29 beviljas
720 689 31 20 ett
767 686 84 22 amorti-

99 720 113 23 sationslån
236 720 23 22 af
279 721 93 25 800,000
395 720 55 22 Fmk
469 720 27 29 på
510 715 10 27 1
533 721 121 22 hufvudsak
668 721 92 28 följande
775 721 75 22 vilkor.

98 755 69 22 Länet
182 755 69 22 skulle
266 755 104 22 utbetalas
382 754 32 23 till
424 755 34 22 det
466 755 107 22 blifvande
581 755 139 28 aktiebolaget
729 755 51 22 först
788 755 63 22 sedan

97 790 115 29 jernvägen
235 795 23 17 är
280 790 108 29 fullfärdig
403 791 38 20 och
457 790 94 28 afsynad.
582 791 70 20 Ränta
670 791 38 20 och
723 790 128 28 amortering

98 825 12 22 8
134 825 57 21 lånet
215 825 84 21 komme
325 827 30 19 att
380 825 49 28 utgå
451 825 75 22 främst
548 833 25 13 ur
594 824 112 29 företagets
729 824 122 22 nettovinst.

99 859 74 22 Skulle
194 859 68 22 denna
278 859 53 21 dock
347 859 17 28 ej
381 859 64 22 förslä
459 859 78 26 härtill,
554 859 102 22 förbunde
671 859 31 28 sig
717 859 74 21 Kotka
806 858 46 22 stad

99 896 30 19 att
144 893 67 22 såsom
226 893 73 28 bidrag
315 893 69 22 dertill
399 893 53 22 afstä
469 893 41 28 1:0)
527 893 28 22 all
569 893 33 21 sin
618 893 104 22 ordinarie
738 893 61 28 tolag,
809 893 42 27 2:0)

99 928 26 21 de
147 936 16 13 s.
186 928 20 21 k.
222 927 176 28 trafikafpifterna
413 928 32 21 för
460 928 41 21 alla
516 928 8 21 i
538 928 73 21 staden
626 927 149 23 inkommande
791 935 60 14 varor

99 965 54 19 samt
164 963 41 27 3:0)
223 963 11 20 1
250 963 60 21 mark
327 963 27 21 50
369 971 19 20 p.
404 962 27 29 pä
446 962 72 29 hvarje
535 963 32 21 till
577 962 73 22 staden
660 962 118 22 beskattadt
786 962 65 21 skatt-

99 1001 35 18 öre
157 1005 32 13 om
205 997 42 21 300
261 997 64 21 Fmk.
355 996 42 22 Om
412 997 86 22 oaktadt
514 997 59 21 dessa
588 997 72 28 bidrag
676 997 66 21 under
757 1005 26 13 en
799 995 52 29 följd

99 1031 23 22 af
135 1031 22 22 år
172 1033 59 20 ränta
246 1031 39 21 och
301 1030 127 29 amortering
442 1031 47 21 icke
505 1031 32 22 till
553 1031 51 21 fullo
620 1031 71 21 kunde
705 1025 77 34 gäldas,
799 1030 52 28 egde

99 1066 125 21 statsverket
239 1065 69 22 fordra
323 1065 78 22 banans
416 1065 124 28 försäljning
556 1065 25 29 pä
596 1065 96 28 offentlig
700 1065 86 22 auktion
797 1065 55 21 samt

101 1099 22 22 af
143 1099 169 29 köpeskillingen
335 1099 73 22 främst
431 1099 47 22 utfä
500 1099 37 22 sitt
559 1099 197 28 tillgodohafvande.
785 1099 67 21 Detta

99 1134 34 21 län
150 1134 44 21 blef
207 1134 52 21 dock
275 1134 47 21 icke
338 1133 108 28 beviljadt.

167 1168 13 21 I
202 1167 155 23 ofvannämnda
372 1168 211 28 petitionsmemoria!
598 1168 93 22 anhälles
706 1176 29 13 nu
751 1167 100 28 antingen

100 1205 30 20 att
145 1203 68 21 banan
228 1203 65 21 mätte
309 1202 32 22 för
355 1203 137 22 statsverkets
507 1203 89 28 räkning
612 1202 85 27 utföras,
712 1204 44 20 mot
771 1202 34 21 det
821 1203 31 20 att

100 1237 73 22 Kotka
188 1237 45 22 stad
249 1244 44 14 som
308 1237 73 28 bidrag
395 1237 71 22 härtill
481 1237 81 21 lemnar
576 1237 57 21 Fmk
648 1237 98 26 500,000,
761 1244 34 13 om
811 1235 41 22 den

100 1271 57 23 ledes
179 1271 46 22 frän
248 1271 105 27 Kouvola,
376 1271 39 22 och
430 1271 57 22 Fmk
502 1271 100 28 400,000,
617 1278 34 14 om
666 1271 41 21 den
722 1271 84 21 komme
822 1272 31 20 att

101 1306 50 28 utgå
172 1305 47 22 från
234 1306 110 28 Kaipiais;
368 1306 51 21 eller
434 1306 38 21 ock
488 1308 32 19 att
534 1305 83 22 utöfver
632 1305 40 21 den
686 1304 104 29 beviljade
805 1304 47 22 sub-

100 1340 113 23 ventionen
228 1340 32 21 för
275 1340 102 28 företaget
392 1340 64 22 mätte
472 1340 88 28 beviljas
575 1342 30 20 ett
620 1339 188 22 amortisationslän
824 1338 27 29 pä

101 1375 56 21 Fmk
180 1375 91 25 900,000
293 1374 27 29 pä
343 1375 7 21 i
364 1374 120 23 hufvudsak
500 1374 150 22 ofvananförda
665 1374 73 22 vilkor.
769 1374 41 22 Att
824 1373 27 22 lä-

101 1411 36 20 net
151 1409 88 22 ansökes
254 1409 33 22 till
303 1411 29 20 ett
347 1409 48 21 med
412 1409 91 26 100,000
519 1409 59 21 mark
593 1408 92 28 förhöjdt
701 1408 81 28 belopp,
798 1416 53 20 upp-
