1061 1717
235 112 28 22 38
409 110 242 23 Petitionsbetänkande
666 110 37 24 N:o
721 110 19 22 1.

204 178 144 21 öfverenskom
362 184 48 14 man
424 178 63 20 bland
502 181 65 18 annat
581 181 31 18 att
623 178 165 26 jernvägslinien
803 178 63 20 borde
881 177 75 27 dragas

204 208 47 20 från
266 208 129 26 Björneborg
410 208 31 20 till
456 208 128 27 Lauttakylä
599 208 38 21 och
652 208 93 21 derifrån
759 208 33 20 till
807 209 67 25 någon
889 208 67 26 punkt

204 238 36 20 vid
255 231 214 27 Åbo—Tammerfors
484 238 69 20 banan
568 238 19 26 ej
602 238 87 26 belägen
704 238 105 27 sydligare
824 240 27 18 än
860 237 96 21 Koivisto

204 268 83 20 station.
302 280 31 3 —

277 298 79 20 Genom
376 298 85 20 Statens
481 298 106 26 välvilliga
607 298 126 21 medverkan
753 298 45 21 blef
811 298 103 20 banlinien
929 299 27 25 på

203 327 162 21 föranstaltande
381 327 23 21 af
418 324 177 30 Öfverstyrelsens
609 328 33 20 för
656 331 50 23 väg-
722 328 39 21 och
771 327 184 22 vattenkommuni-

203 357 122 21 kationerna
345 357 98 21 utstakad
458 358 38 20 och
512 358 108 26 kartalagd
636 358 66 20 under
722 358 117 27 påföljande
859 364 94 14 sommar.

203 387 83 20 Härvid
306 387 52 21 hade
378 389 27 25 på
424 388 69 26 grund
512 388 24 20 af
551 388 117 20 statistiska
683 388 50 20 data
748 388 38 20 och
801 388 75 26 många
891 387 65 21 andra

203 417 83 21 talande
301 417 45 20 skäl
361 420 53 18 samt
429 418 46 21 med
486 418 121 26 anslutning
616 418 24 20 af
647 418 36 21 det
693 418 152 21 ofvannämnda
855 418 101 20 allmänna

203 450 75 17 mötets
293 447 107 21 uttalande
415 448 85 20 Urdiala
516 448 76 21 station
606 448 70 21 blifvit
686 448 105 21 definitivt
800 448 78 21 fixerad
888 449 67 20 såsom

203 477 41 20 den
262 477 33 20 för
314 477 128 22 härvarande
458 478 196 21 handelsrelationer
668 478 131 27 lämpligaste
814 478 141 27 anknytnings

203 507 95 26 punkten
318 507 47 21 med
380 497 156 42 Åbo—TToijala
551 509 73 20 banan.
641 521 27 2 —
684 508 125 26 Ingeniören
825 508 47 21 herr
887 506 28 23 A.
930 508 24 20 F.

203 537 84 27 Hildön,
307 544 44 13 som
370 538 55 20 varit
440 538 121 21 ombetrodd
576 538 116 21 banliniens
706 538 158 20 instrumentala
879 537 76 22 under-

202 567 95 26 sökning,
313 567 59 26 afgaf
384 567 40 21 den
440 568 30 21 30
482 568 83 26 januari
580 568 140 21 innevarande
735 569 24 19 år
773 568 32 20 till
817 564 138 30 Öfverstyrel-

201 603 38 14 sen
259 597 33 20 för
312 600 50 23 väg-
383 598 38 19 och
436 598 301 21 vattenkommunikationerna
751 597 96 22 häröfver
862 600 30 18 ett
907 597 47 20 full-

201 627 94 26 ständigt
315 627 107 21 utlätande
438 628 65 25 jemte
524 628 69 21 dertill
613 628 91 21 hörande
722 627 178 26 kostnadsförslag
915 627 38 21 och

200 656 109 26 ritningar,
329 657 32 20 till
382 657 70 21 hvilka
472 658 123 26 handlingar
610 658 141 26 Björneborgs
767 657 58 21 stads
840 657 112 21 förstärkta

200 686 193 27 Stadsfullmäktige
411 688 49 20 utbe
476 689 33 25 sig
523 688 22 21 få
559 688 38 20 här
612 688 7 20 i
634 688 167 26 underdänighet
816 687 92 21 hänvisa.

272 716 32 21 Af
321 717 60 20 dessa
404 717 115 28 åberopade
539 718 123 26 handlingar
681 718 92 25 framgår
793 720 31 18 att
844 718 68 20 banan
930 720 23 17 är

201 746 116 26 föreslagen
337 749 31 18 att
386 747 47 26 löpa
452 748 72 21 utmed
539 748 61 21 södra
615 747 60 21 sidan
690 747 24 21 af
727 748 70 20 Kumo
817 747 89 21 elfdalen
921 747 32 21 till

199 776 132 27 Lauttakylä,
352 777 91 21 derifrän
464 778 71 21 utmed
555 778 116 26 Puukojoki
690 778 48 20 &del
753 777 54 21 förbi
821 777 131 21 Punkalaitio

199 806 68 26 kyrka
287 807 39 19 och
346 807 71 20 vidare
438 808 32 20 till
490 808 87 20 Urdiala
593 808 83 20 station.
706 808 85 20 Banans
811 808 59 25 längt
884 807 68 21 blefve

200 835 69 28 109,18
287 839 57 18 verst
359 840 54 17 samt
424 837 66 21 skulle
506 838 78 21 erhålla
594 837 135 27 fullständiga
740 838 99 20 stationer
849 837 8 20 i
867 837 83 26 Björne-

199 866 52 25 borg
272 866 38 20 och
325 867 89 26 Hvittis;
430 868 135 26 haltpunkter
581 867 91 21 deremot
688 867 36 21 vid
739 867 92 21 Haistila
845 867 106 26 färgställe

199 895 7 20 i
221 895 82 27 Ulfsby;
320 896 86 21 Tattara
420 898 28 26 by
464 897 8 20 i
486 897 98 26 Nakkila;
599 898 99 20 Merstola
713 898 29 26 by
757 897 58 21 invid
830 897 121 26 Harjavalta

197 925 76 26 kyrka;
294 926 100 27 Päipohja
414 927 28 27 by
456 927 8 20 i
479 927 76 26 Kumo;
572 927 88 20 Ronkka
675 928 29 26 by
719 928 28 26 pä
761 930 90 23 gränsen
866 927 86 20 emellan

197 955 69 20 Kumo
290 956 37 20 och
351 957 91 26 Hvittis;
458 957 99 20 Rieskala
572 958 28 25 by
615 958 7 19 i
637 957 82 21 Hvittis
735 957 88 20 sockens
838 959 56 18 östra
908 957 42 25 del;

197 985 102 26 Mäenpää
316 986 29 26 by
359 987 8 19 i
382 987 139 26 Punkalaitio;
537 987 121 26 Kivisenoja
672 988 29 25 by
717 988 27 25 pä
758 990 91 23 gränsen
864 987 86 20 emellan

197 1015 131 20 Punkalaitio
345 1016 38 20 och
398 1017 86 20 Urdiala
499 1020 53 17 samt
567 1018 27 25 pä
604 1017 73 26 Notsjö
688 1017 113 26 egendoms
811 1016 59 21 mark
881 1019 69 18 vester

196 1051 33 13 om
245 1045 85 20 Urdiala
345 1046 73 26 kyrka.
434 1059 28 3 —

265 1075 34 20 Då
319 1076 127 21 beträffande
466 1077 208 26 byggnadssystemet
690 1079 83 18 senaste
789 1075 90 22 Ständer
894 1076 8 20 i
916 1076 33 20 sin

196 1103 31 20 till
247 1104 68 21 Eders
335 1105 118 27 Kejserliga
470 1107 98 26 Majestät
582 1107 8 19 i
604 1106 167 26 underdänighet
786 1106 67 20 stälda
863 1106 87 27 petition

197 1140 33 13 om
245 1135 169 21 statsunderstöd
428 1136 33 20 för
476 1136 68 21 denna
558 1137 54 20 bana
622 1137 77 20 uttalat
715 1136 34 26 sig
759 1136 79 21 derhän
849 1137 33 20 att
892 1135 57 21 detta

195 1164 64 20 mätte
281 1164 66 21 blifva
370 1165 112 21 detsamma
505 1173 43 13 som
568 1167 26 26 pä
614 1169 80 17 statens
714 1165 111 21 framdeles
840 1165 109 21 utförande

196 1193 124 28 stambanor,
335 1196 24 19 sä
374 1195 38 20 har
427 1196 47 20 med
489 1196 112 26 anledning
616 1195 61 21 deraf
684 1195 33 21 för
727 1195 158 26 ifrägavarande
895 1196 55 20 bana

194 1222 69 22 blifvit
278 1223 117 28 föreslagna
410 1232 76 14 samma
501 1233 81 13 normer
596 1233 44 13 som
655 1225 32 20 för
702 1225 41 21 den
760 1225 24 20 af
796 1225 72 20 Staten
879 1227 71 18 senast

194 1253 85 26 byggda
302 1254 139 27 Wasabanan,
465 1256 102 25 nemligen
588 1256 87 20 normalt
696 1257 107 25 spärmätt,
824 1255 124 26 skenvigten

196 1282 27 22 15
245 1283 99 26 engelska
364 1285 104 27 skälpund
489 1293 37 19 per
541 1285 87 27 löpande
642 1285 31 21 fot
689 1286 39 20 och
743 1285 114 20 lokomotiv
871 1292 33 13 om
919 1284 28 22 21

192 1313 11 19 å
224 1312 29 22 22
275 1316 47 18 tons
343 1315 51 25 vigt.
411 1327 27 4 —
454 1316 12 19 I
480 1315 53 26 följd
549 1316 22 20 af
585 1316 39 20 den
640 1316 32 20 till
687 1317 78 19 största
781 1315 60 20 delen
857 1314 90 21 särdeles

190 1339 122 34 gynsamma
332 1341 116 43 terrängen,
470 1352 44 14 som
533 1346 68 20 banan
621 1346 82 20 komme
721 1347 32 18 att
768 1344 126 27 genomlöpa,
909 1344 39 20 har

192 1372 125 26 densamma,
337 1375 27 24 pä
385 1377 31 18 ett
436 1382 37 19 par
491 1375 106 26 undantag
612 1378 43 24 när,
670 1375 83 20 kunnat
767 1374 119 20 balanseras
901 1374 47 20 med

189 1402 97 21 maximal
305 1403 119 27 stigningar
444 1404 24 21 af
484 1405 67 27 0,0066.
581 1405 128 26 Härigenom
723 1405 83 26 uppnås
824 1407 76 23 tvenno
915 1403 32 21 för

190 1438 25 14 en
235 1432 54 20 bana
304 1433 80 27 vigtiga
399 1434 97 28 faktorer,
512 1435 52 20 ökad
580 1437 106 25 transport
701 1434 94 26 förmåga
805 1434 38 20 och
853 1428 93 31 billigare

192 1462 168 23 driftkostnader.
392 1464 12 20 I
418 1464 97 21 afseende
530 1466 13 18 &
558 1464 75 26 odling,
649 1464 113 21 folktäthet
778 1464 38 20 och
831 1463 115 21 befolknin-

265 1505 199 26 Jernvägsujskottets
480 1506 116 20 betänkande
611 1506 37 20 N:o
664 1507 18 19 3.
