1061 1717
242 107 13 21 2
291 106 79 22 Ständ.
386 106 72 23 Petit.
475 119 27 3 —
518 104 271 25 Petitionsbetänkande
805 105 40 22 N:o
860 104 31 23 12.

212 170 63 22 varit
297 172 32 20 att
351 170 31 28 pä
404 176 92 16 samma
516 170 64 28 gäng
594 169 75 23 införa
684 168 46 23 den
745 168 171 30 bestämmelse,
933 170 33 20 att

213 203 69 23 dessa
297 204 39 22 val
352 203 80 23 skulle
447 203 142 23 verkställas
606 203 75 29 enligt
690 202 175 23 föreskrifterna
875 203 34 22 uti
920 201 45 23 den

213 245 92 15 samma
327 237 47 29 dag
396 238 123 22 utfärdade
541 238 89 28 nädiga
654 236 167 28 förordningen
844 236 122 29 angäende

212 272 289 28 kommunalförvaltning
524 273 8 21 i
555 272 57 22 stad.
642 271 85 23 Härför
748 270 61 23 talar
825 271 140 23 ätminstone

212 303 51 26 den
275 306 176 29 omständighet
462 309 34 20 att
507 306 71 23 orden
590 306 54 22 »vid
655 305 202 24 rädhusstämma»
870 306 35 22 uti
915 308 49 20 tex-

211 343 41 20 ten
268 340 105 23 inskötos
384 341 96 23 framför
490 340 72 23 orden
575 339 206 29 »röstberättigade
791 339 173 30 medlemmar»,

211 382 87 21 genom
319 374 95 24 hvilket
434 375 88 29 tillägg
535 374 157 30 lagutskottet
706 374 42 23 vid
765 375 55 21 1872
836 375 37 22 års
887 374 78 22 landt-

211 408 48 30 dag
281 409 133 23 förmenade
436 409 46 23 den
505 409 25 23 af
543 408 130 24 detsamma
687 408 122 24 förordade
823 408 142 29 grundlags-

211 443 169 30 förändringen
401 444 98 23 komma
521 446 34 21 att
575 444 100 23 hänföra
689 445 38 27 sig
742 443 39 23 till
796 443 132 23 innehället
942 443 25 22 af

212 478 168 29 författningen
401 486 37 15 om
454 477 319 29 kommunalförvaltningen
787 479 9 22 i
811 478 59 31 stad,
885 478 79 23 äfven-

212 520 51 16 som
286 512 45 23 den
346 513 158 29 tvetydighet,
519 520 50 15 som
585 520 86 15 annars
687 512 83 23 kunde
785 519 68 16 anses
868 512 97 23 vidläda

212 547 152 29 stadgandets
386 546 100 30 lydelse,
501 554 57 16 vara
572 547 153 28 fullständigt
740 546 63 23 häfd.
833 547 55 23 Men
904 555 60 15 eme-

211 581 48 23 dan
274 581 88 29 Kongl.
377 581 167 29 förordningen
560 581 45 23 den
623 583 25 20 12
666 581 107 24 Oktober
784 583 61 29 1743,
856 582 109 28 hvarige-

211 623 56 16 nom
282 615 129 24 förordnats
427 619 34 20 att
476 616 82 30 hvarje
573 615 123 30 väljandes
711 617 94 21 rösträtt
820 616 79 23 skulle
909 616 56 23 bero

211 650 26 23 af
257 649 45 24 den
325 652 71 21 större
412 650 56 23 eller
483 649 92 24 mindre
590 649 64 24 skatt
668 650 51 23 han
733 650 40 23 till
788 650 94 23 stadens
897 651 68 22 bästa

210 684 115 31 utgjorde,
347 685 53 22 icke
422 692 86 21 genom
523 684 187 30 förstäberopade
725 684 90 29 nädiga
829 685 135 28 förordning

211 719 25 23 af
249 719 46 23 den
310 720 13 21 8
338 719 129 23 December
484 720 55 22 1873
554 719 162 29 uttryckligen
734 719 140 31 upphäfdes,
884 720 26 22 sä
920 724 44 25 yp-

210 753 73 30 pades
307 756 65 21 snart
394 753 99 29 stridiga
515 755 129 28 meningar,
667 754 64 22 huru
746 756 104 20 rösterna
864 753 41 24 vid
921 753 43 30 dy-

210 787 52 24 lika
277 787 40 23 val
333 788 79 23 skulle
426 788 124 23 beräknas.
580 788 46 23 Det
640 788 67 23 olika
721 787 177 31 förfaringssätt,
914 795 50 16 som

210 822 71 23 häraf
300 829 42 16 var
364 829 29 16 en
415 821 66 32 följd,
503 821 122 30 upphörde
640 822 79 23 likväl
735 821 72 24 sedan
823 829 84 21 genom
922 823 42 22 nä-

211 855 56 30 diga
282 856 90 23 brefvet
382 856 46 23 den
444 859 11 20 7
472 857 70 28 April
555 858 53 21 1879
619 856 38 23 till
671 856 154 23 Guvernören
835 857 9 22 i
854 856 110 29 Nylands

211 891 41 22 län
267 890 125 23 förklarats
408 894 33 19 att
456 890 157 30 nyssberörda
628 890 88 29 Kongl.
735 890 136 29 förordning
886 891 78 23 fortfa-

211 924 73 23 rande
298 924 72 24 borde
384 925 128 29 tillämpas.
543 925 164 28 Obilligheten
723 925 26 22 af
761 927 32 20 ett
808 924 84 24 sädant
906 928 57 21 röst-

210 958 194 29 beräkningssätt
419 960 25 22 är
454 959 131 23 emellertid
595 960 27 22 sä
632 959 101 23 allmänt
745 959 96 30 erkänd,
851 962 34 20 att
894 959 70 24 Stän-

211 993 72 23 derna
305 993 53 23 icke
372 993 82 23 tvekat
470 996 34 20 att
518 994 94 22 ansluta
627 994 37 27 sig
679 993 40 22 till
734 993 229 30 petitionsförslagen

211 1027 98 24 rörande
324 1027 168 29 önskligheten
508 1027 66 23 deraf
592 1030 33 20 att
639 1026 213 29 röstberäkningen
867 1028 41 23 vid
923 1029 40 22 val

211 1062 26 22 af
256 1062 166 30 borgmästare,
444 1061 100 24 rädmän
567 1063 43 22 och
632 1061 278 29 magistratssekreterare
930 1063 34 22 för

210 1095 126 24 framtiden
357 1097 73 22 mätte
452 1096 83 23 ställas
550 1097 8 22 i
573 1095 242 24 öfverensstämmelse
830 1095 54 23 med
898 1094 66 25 hvad

210 1129 99 24 rörande
330 1131 94 22 rösträtt
444 1130 42 23 vid
507 1130 191 23 rädhusstämma
713 1131 8 21 i
737 1129 130 24 allmänhet
882 1131 25 22 är
922 1131 41 28 pä-

210 1163 88 31 bjudet.

279 1198 11 23 I
313 1199 175 28 sammanhang
509 1198 97 23 härmed
629 1205 57 16 anse
709 1197 133 24 Ständerna
856 1199 37 28 sig
907 1199 57 22 böra

210 1231 129 24 framhålla
360 1235 34 20 att
415 1234 9 22 i
446 1232 42 23 fall
511 1232 63 23 detta
596 1233 78 22 blefve
697 1231 166 32 förhållandet,
884 1233 41 22 val
941 1231 25 24 af

210 1265 149 24 stadsläkare
376 1267 44 22 och
436 1267 73 28 öfrige
524 1268 148 30 tjenstemän,
688 1274 51 15 som
754 1267 84 22 kunna
852 1267 111 22 tillsättas

208 1302 88 28 genom
311 1301 41 23 val
367 1302 25 22 af
404 1301 250 23 stadskommunernas
669 1300 162 31 medlemmar,
844 1301 121 31 sjelffallet

211 1332 70 26 äfven
295 1334 95 24 komme
406 1338 34 20 att
454 1336 107 23 förrättas
576 1335 54 23 med
640 1335 156 29 iakttagande
807 1336 25 22 af
840 1335 123 23 enahandå

209 1368 248 32 röstberäkningssätt,
469 1370 66 23 helst
550 1370 72 23 annat
636 1370 55 23 skäl
706 1370 35 22 för
752 1369 39 23 det
800 1372 109 20 motsatta
918 1370 46 23 för-

207 1401 106 33 färkhide,
332 1404 55 22 söm
407 1391 152 48 Rärutinnan:
569 1391 78 48 följts,
654 1408 24 26 aj
690 1402 69 25 torde
772 1404 145 31 förefunnits,
930 1405 34 22 än
