1061 1717
302 104 109 23 Petitions
423 104 143 23 betänkande
581 104 38 23 N:o
632 104 37 22 25.
823 106 12 19 9

112 168 153 19 hällsklasserna.
290 169 44 18 Men
347 169 54 18 äfven
414 170 34 17 hos
460 169 23 18 de
497 169 147 23 samhällslager,
660 175 40 13 som
711 174 40 13 mer
764 168 46 19 eller
821 168 45 18 min-

113 198 33 18 dre
162 198 50 18 lefva
224 198 29 18 för
265 198 62 23 dagen
339 198 35 18 och
386 198 30 18 för
428 198 64 18 hvilka
504 198 36 18 den
552 198 102 22 inflytande
666 198 56 18 lönen
735 198 29 18 för
776 197 33 18 det
821 196 45 24 dag-

113 226 38 23 liga
169 226 74 19 arbetet
260 229 55 21 utgör
333 230 52 16 snart
404 227 55 23 sagdt
477 228 53 18 boets
549 227 48 18 enda
609 227 85 23 tillgång,
707 229 20 16 är
739 226 128 24 lagstiftarens

113 254 129 19 mellankomst
259 256 24 22 på
303 256 32 17 det
347 256 69 22 högsta
428 256 20 18 af
459 256 90 18 behofvet
559 256 89 22 påkallad
664 256 29 18 för
710 257 29 17 att
756 255 59 18 rädda
828 255 38 21 hu-

114 285 52 17 strun
178 284 34 18 och
225 284 42 18 med
275 284 101 18 detsamma
385 284 55 18 äfven
449 284 23 18 de
480 284 124 23 minderåriga
616 284 72 18 barnen
700 284 40 18 från
749 284 33 18 det
793 284 74 21 elände,

114 318 39 12 som
170 314 61 21 tyvärr
244 313 21 17 så
277 312 39 19 ofta
328 313 91 23 härflyter
432 319 22 12 ur
466 314 186 18 målsmannarättens
664 312 147 19 missbrukande.
835 312 32 18 Må

113 347 42 13 man
173 342 40 18 icke
232 342 85 22 invända,
336 344 27 16 att
381 342 142 23 lagstiftningen
539 342 35 18 här
586 342 48 18 skall
648 342 39 18 visa
700 342 27 23 sig
739 342 80 18 maktlös
832 342 35 17 och

115 370 104 24 oförmögen
238 374 28 15 att
282 371 76 23 erbjuda
377 371 32 17 det
422 370 65 23 skydd,
500 376 39 13 som
552 371 55 22 afses,
621 371 46 18 eller
680 373 27 16 att
718 370 149 19 inskränkandet

115 399 46 18 eller
173 400 140 22 upphäfvandet
325 400 20 18 af
356 400 183 22 målsmannaskapet
554 402 77 16 tvärtom
642 400 40 22 just
694 400 61 17 kunde
768 398 100 19 framkalla

115 428 22 18 de
150 429 57 18 vådor
218 429 29 18 för
259 429 93 23 familjens
365 428 124 19 ekonomiska
501 429 95 22 ställning,
609 435 39 12 som
661 434 41 13 man
714 428 33 18 vill
759 428 108 23 förebygga.

114 457 137 19 Erfarenheten
269 459 54 21 visar,
343 460 27 16 att
388 458 90 18 särskildt
494 458 49 18 inom
561 458 55 18 dessa
634 457 163 19 samhällsklasser
813 457 55 22 ingen

115 487 154 18 målsmannarätt
285 487 38 18 kan
341 487 97 22 begrunda
453 487 92 22 familjens
558 487 92 20 välstånd,
663 492 29 13 om
705 487 15 22 ej
734 487 79 17 hustrun
825 485 42 18 der-

115 515 29 18 till
161 515 118 21 medverkar;
298 516 35 17 och
346 515 10 18 å
369 515 59 18 andra
446 515 54 18 sidan
517 515 48 18 skall
583 521 23 12 en
619 515 71 22 hustru,
703 521 38 12 som
754 514 32 18 vill
798 514 29 18 för
839 514 29 22 sig

115 544 35 18 och
163 545 39 18 sina
214 545 48 18 barn
274 545 70 17 bevara
355 544 98 18 frukterna
466 544 20 18 af
498 545 32 17 sitt
542 544 71 22 arbete,
626 549 36 18 nog
675 544 21 18 så
704 545 63 17 kunna
774 543 95 23 praktiskt

115 573 59 18 ordna
192 573 63 22 saken,
274 575 27 16 att
319 573 37 18 hon
370 573 54 17 äfven
436 573 96 22 verkligen
545 573 34 17 når
591 573 53 18 detta
656 573 41 22 mål,
710 579 29 12 om
751 573 50 17 blott
812 572 56 23 lagen

115 602 110 18 härutinnan
239 602 67 17 erkänt
318 602 70 17 hennes
402 603 42 16 rätt.

183 631 9 18 I
203 630 54 23 fråga
275 630 58 18 sedan
351 635 29 12 om
399 632 57 16 sättet
474 632 28 15 att
519 630 19 18 åt
550 629 36 18 den
599 630 46 23 gifta
658 630 79 23 qvinnan
749 629 71 19 bereda
832 629 36 18 den

116 659 85 23 rättsliga
213 659 90 23 ställning
314 659 6 18 i
333 658 89 19 afseende
435 659 11 17 å
458 659 70 17 hennes
541 658 275 23 förmögenhetsförhållanden,
829 663 39 13 som

115 688 86 23 billighet
219 688 35 17 och
273 688 78 17 rättvisa
369 690 47 15 samt
434 687 92 23 familjens
545 687 71 18 välfärd
635 687 71 22 kräfva,
719 688 35 17 har
765 693 43 12 man
820 687 50 18 velat

116 717 72 18 komma
204 717 29 18 till
245 717 57 17 målet
315 716 24 22 på
351 716 51 18 olika
415 717 62 21 vägar.
502 716 33 18 Att
547 716 82 23 påbjuda
641 715 190 24 äktenskapsförords
843 715 26 18 in-

117 746 70 22 gående
206 745 61 18 såsom
287 745 131 23 obligatoriskt
436 745 29 17 för
484 745 44 22 alla,
545 745 61 18 skulle
625 745 48 18 dock
691 745 34 18 hos
741 750 31 13 oss
785 747 49 15 möta
847 744 22 18 de

117 776 68 17 största
203 774 78 18 formela
300 774 122 22 svårigheter,
443 773 23 22 på
486 779 69 12 samma
573 774 49 23 gång
640 774 31 18 det
690 774 28 18 väl
730 774 6 17 i
749 773 68 19 talrika
837 773 33 18 fall

116 803 61 18 blefve
192 803 79 18 alldeles
288 802 138 19 ändamålslöst.
451 803 33 17 Att
497 803 96 18 återställa
606 803 25 17 all
644 803 53 18 boets
709 803 91 22 egendom
813 802 58 18 under

117 832 97 18 makarnes
233 837 137 18 gemensamma
386 831 114 23 förvaltning
512 837 43 12 vore
569 831 63 18 alltför
645 831 106 23 opraktiskt
763 832 34 18 och
809 831 61 18 skulle

117 860 43 19 leda
177 861 29 18 till
225 863 26 16 ett
269 859 184 22 follmaktsväsende,
471 860 40 17 lika
528 860 98 23 obeqvämt
638 866 40 12 som
690 859 181 24 förderfbringande.

116 889 38 18 För
170 890 36 17 min
223 889 85 18 enskilda
321 889 30 18 del
364 889 66 18 tvekar
440 889 32 22 jag
485 889 85 18 deremot
581 889 41 18 icke
635 891 28 16 att
675 889 98 18 instämma
785 889 6 17 i
803 889 67 23 yrkan-

118 919 39 17 det:
178 919 53 22 bort
247 918 42 18 med
306 918 35 17 den
357 917 63 23 legala
432 917 115 23 giftorätten,
560 918 42 18 bort
614 918 42 17 med
668 917 202 23 mälsmannaskapet!*

117 947 73 18 Endast
206 953 23 12 en
245 947 58 18 sådan
315 947 74 22 lösning
402 947 20 18 af
432 946 66 23 frågan
512 951 43 14 vore
567 947 43 18 fullt
623 947 170 22 tillfredställande,
805 947 6 17 i
824 949 47 16 trots

118 976 20 18 af
149 976 37 18 alla
199 976 22 18 de
234 976 75 23 möjliga
322 976 34 17 och
369 975 88 23 omöjliga
470 975 48 22 skäl,
535 981 39 12 som
587 975 83 18 deremot
682 975 60 18 blifvit
754 975 117 23 uppkastade

119 1005 35 18 och
166 1005 28 18 till
207 1005 74 18 hvilkas
293 1004 112 19 bemötande
416 1004 33 23 jag
461 1004 35 18 här
508 1004 49 18 blott
570 1005 31 17 vill
614 1004 103 22 framhälla,
730 1005 101 18 huruledes
840 1004 33 18 det

118 1034 90 23 engelska
220 1034 65 22 folket,
299 1039 38 12 som
349 1033 66 18 härvid
427 1033 41 18 haft
480 1035 29 16 att
521 1033 44 23 utgå
577 1033 41 18 från
630 1033 184 22 rättsförhållanden,
827 1035 46 16 nära

118 1063 199 18 öfverensstämmande
336 1062 42 18 med
397 1062 23 17 de
438 1062 35 18 hos
493 1067 31 13 oss
536 1062 89 22 rådande,
637 1062 57 17 likväl
707 1063 34 17 och
754 1062 78 18 oaktadt
844 1062 27 18 sin

118 1091 157 23 utomordentliga
287 1091 87 18 omtanke
387 1097 30 12 om
429 1091 134 22 familjelifvets
575 1091 57 22 helgd
645 1093 47 16 samt
702 1091 31 18 sitt
741 1091 132 18 konservativa

118 1121 102 22 skaplynne
233 1120 30 18 för
275 1121 30 17 två
317 1121 21 17 år
351 1120 58 18 sedan
422 1119 106 24 genomfört
540 1125 23 12 en
576 1120 57 18 sådan
646 1119 73 18 reform.

186 1149 37 18 Det
240 1149 41 22 öde,
297 1155 38 12 som
349 1149 30 18 vid
391 1152 75 15 senaste
480 1149 128 18 ständermöte
621 1149 93 18 drabbade
727 1154 23 13 en
763 1149 27 17 uti
802 1148 70 17 föreva-

117 1178 58 18 rande
188 1180 53 16 ämne
254 1178 97 18 framstäld
363 1178 86 23 petition,
462 1177 74 19 bevisar
549 1177 111 22 emellertid,
672 1179 29 16 att
713 1178 66 17 endast
791 1182 22 12 en
822 1177 50 22 lång-

118 1213 38 12 sam
175 1207 34 18 och
227 1207 75 23 gradvis
320 1207 110 22 fortgående
447 1207 144 22 omgestaltning
606 1207 24 22 på
643 1207 52 18 detta
707 1206 165 23 lagstiftningsom-

117 1235 45 19 råde
181 1236 34 18 hos
235 1241 30 13 oss
282 1236 53 17 torde
348 1236 64 17 kunna
424 1235 60 18 ernås.
509 1236 45 21 Här,
566 1235 78 18 likasom
657 1236 6 17 i
676 1235 22 18 de
711 1235 60 23 öfriga
783 1234 90 19 nordiska

118 1265 95 22 länderna,
227 1265 60 18 skulle
300 1270 42 12 man
354 1265 40 18 helt
406 1264 46 18 visst
464 1266 50 16 ännu
527 1267 89 15 motsätta
628 1265 28 22 sig
669 1264 38 19 alla
715 1264 71 18 sådana
794 1263 77 18 reform-

117 1294 77 23 förslag,
209 1294 64 18 hvilka
289 1294 61 18 tillika
362 1294 116 18 innefattade
492 1296 28 16 ett
531 1294 139 18 utmönstrande
683 1293 21 19 af
715 1294 22 17 de
749 1294 36 17 hos
797 1292 32 18 vår
841 1292 32 22 lag

118 1322 166 23 sedan
184 1316 9 34 £
203 1322 81 23 gammalt
295 1323 7 17 i
315 1324 61 16 ämnet
397 1322 83 18 rådande
502 1322 127 23 grundsatser.
652 1322 9 18 I
674 1321 123 19 betraktande
818 1320 56 18 häraf

118 1352 34 17 och
164 1351 42 18 med
218 1351 76 23 ledning
306 1351 20 18 af
337 1351 36 18 den
385 1351 6 17 i
404 1350 60 24 sagda
475 1350 67 18 länder
554 1356 60 13 vunna
628 1350 111 23 erfarenhet,
748 1351 35 17 har
789 1350 32 22 jag
830 1348 42 19 der-

117 1380 40 18 före
170 1380 53 18 tänkt
235 1380 43 22 mig,
291 1383 27 15 att
330 1380 23 18 de
361 1380 139 22 lagändringar,
509 1380 73 18 hvilkas
591 1379 115 23 behöflighet
711 1380 34 22 jag
753 1379 43 19 sökt
805 1378 68 23 ådaga-

117 1409 61 23 lägga,
190 1408 29 18 för
231 1409 115 18 närvarande
358 1409 50 22 finge
422 1408 78 19 omfatta
512 1408 67 18 endast
586 1408 82 23 följande
676 1409 86 22 punkter,
771 1408 101 23 nämligen:

185 1443 140 23 Lagutskottets
338 1443 116 18 betänkande
467 1444 37 17 N:o
516 1444 27 16 10.
