1061 1717
811 100 25 20 11

113 156 41 21 och
169 156 156 28 konstsamling
340 156 110 22 äfvensom
466 156 141 22 öfverlemnat
622 157 22 21 åt
661 157 107 28 Styrelsen
784 158 33 20 att
827 156 40 22 be-

113 190 58 22 sluta
185 197 35 15 om
235 191 37 21 det
283 190 101 22 framtida
394 190 137 22 underhållet
542 190 25 22 af
575 192 95 20 nämnda
681 192 112 26 egendom,
804 191 63 21 hvar-

111 224 68 28 jemte
196 224 33 21 Wi
243 224 8 22 i
266 231 83 15 samma
371 224 112 22 skrifvelse
506 225 7 21 i
534 225 174 27 underdånighet
728 224 91 22 anhållit
834 226 33 20 att

115 259 26 20 de
157 258 94 28 utgifter,
266 258 74 22 hvilka
354 259 8 21 i
378 260 42 20 den
436 259 80 27 nådiga
531 260 162 26 propositionen
709 262 109 25 upptagas
833 259 33 21 så-

115 299 46 15 som
182 292 33 22 för
237 293 124 21 ändamålet
383 293 115 27 behöfliga,
516 294 67 21 måtte
598 294 106 21 bestridas
720 294 24 21 af
757 293 110 22 allmänna

114 326 146 22 statsfondens
275 327 122 27 tillgångar.

459 388 11 23 s
486 386 36 21 24.

183 436 60 21 Efter
267 437 36 21 det
326 437 32 21 Wi
377 437 24 21 af
414 437 61 22 Hans
490 438 120 27 Kejserliga
626 438 102 27 Majestät
743 437 42 22 fätt
801 438 64 20 emot-

115 472 52 26 taga
189 471 64 27 nädig
275 471 136 28 proposition
432 473 49 20 med
497 472 126 22 alternativt
637 472 82 27 förslag
733 471 135 22 beträffande

116 505 63 21 straff
199 505 33 21 för
253 505 58 22 vissa
332 506 58 21 hrott
414 509 57 18 emot
488 507 101 27 gällande
604 506 171 27 tullförfattning
789 513 28 14 m.
833 512 35 18 m.,

115 539 65 22 hafva
196 539 33 21 Wi
243 539 34 22 för
293 539 50 22 Wär
359 540 34 21 del
408 541 84 27 antagit
508 542 41 20 den
565 541 127 27 förordning
707 541 7 20 i
730 542 79 23 ämnet,
823 545 46 15 som

115 573 69 22 finnes
199 573 72 22 införd
285 574 8 21 i
309 574 59 21 Wärt
384 575 42 21 den
441 576 28 20 22
484 575 146 22 innevarande
644 575 43 28 Maj
700 575 81 21 aflätna
791 575 77 20 under-

115 609 80 26 däniga
210 615 48 15 svar
273 609 13 20 &
301 609 94 21 nämnda
410 610 141 27 proposition.

463 675 10 24 $
489 673 35 22 25.

186 717 30 22 Pä
237 717 159 28 framställning
419 719 24 20 af
456 719 68 21 Wära
538 719 199 27 Bankfullmäktige
753 718 40 21 och
810 717 59 21 Wärt

116 751 146 22 Bankutskott
284 752 65 22 hafva
369 752 34 21 Wi
425 752 65 22 fattat
513 753 70 22 beslut
601 760 35 14 om
652 753 134 21 inrättandet
801 751 24 22 af
837 753 32 19 ett

117 786 151 28 sedeltryckeri
283 787 34 21 för
331 787 105 21 Finlands
452 787 75 22 Banks
542 787 92 28 räkning
649 788 7 20 i
672 787 95 27 enlighet
782 786 49 21 med
842 786 27 20 de

118 821 99 21 närmare
232 821 166 27 bestämningar,
416 828 46 14 som
482 821 120 22 innehällas
617 822 8 20 i
641 821 52 22 Wär
707 821 34 21 till
756 819 111 23 Bankfull-

116 854 95 28 mäktige
227 855 41 21 den
283 856 28 21 22
326 855 146 22 innevarande
488 856 43 27 Maj
548 856 82 21 aflätna
647 855 118 22 skrifvelse.

463 922 11 23 $
490 920 35 21 26.

185 970 60 21 Hans
259 971 120 28 Kejserliga
389 971 113 28 Majestäts
514 971 79 27 nädiga
603 971 142 28 proposition,
756 970 113 27 angäende

115 1004 162 22 bestämmande
293 1005 24 21 af
329 1005 57 22 vissa
400 1005 161 28 äldersgränser
577 1005 33 22 för
620 1005 121 22 officerares
753 1005 35 22 vid
797 1003 71 22 finska

117 1039 118 21 militärens
257 1039 80 28 afgäng
359 1047 25 14 ur
402 1039 161 28 krigstjensten,
578 1039 66 22 hafva
659 1039 34 22 Wi
708 1041 53 20 utan
777 1039 92 26 ändring

116 1073 123 26 godkändt;
255 1073 40 22 och
310 1073 40 22 har
361 1074 136 27 underdänig
508 1074 101 21 anmälan
620 1075 75 20 derom
705 1074 68 27 gjorts
783 1073 8 21 i
801 1079 68 16 svars-

116 1107 112 22 skrifvelse
243 1107 24 22 af
281 1109 41 20 den
337 1109 27 20 22
379 1108 148 22 innevarande
542 1109 50 26 Maj.

329 1167 15 38 ki
462 1174 11 23 $
490 1172 34 21 27.

187 1223 36 20 Ett
237 1222 25 21 af
275 1222 60 21 Hans
351 1222 119 28 Kejserliga
485 1223 102 27 Majestät
606 1223 32 20 uti
654 1223 65 27 nådig
734 1222 135 27 proposition

116 1256 41 21 Oss
179 1255 106 28 förelagdt
303 1256 80 28 förslag
399 1257 33 21 till
446 1257 134 27 förordning,
596 1258 113 26 angående
724 1256 146 25 bankrörelse,

117 1297 46 15 som
178 1290 24 22 af
214 1290 64 28 bolag
293 1291 69 25 idkas,
378 1291 65 22 hafva
459 1291 34 21 Wi
508 1292 84 26 antagit
607 1292 49 21 med
672 1292 26 21 de
711 1291 159 27 förändringar,

116 1324 51 22 Wär
180 1325 8 21 i
203 1327 73 19 ämnet
291 1325 81 21 aflätna
390 1326 151 27 underdäniga
562 1326 171 22 svarsskrifvelse
749 1325 24 22 af
787 1326 41 21 den
843 1325 28 21 22

115 1359 147 23 innevarande
278 1360 43 28 Maj
337 1360 126 22 innehäller.
