1061 1717
225 98 14 22 2
397 96 248 29 Petitionsbetänkande
651 98 39 22 N:o
707 96 34 24 17.

373 164 27 18 att
410 163 107 21 kommuner,
529 168 38 13 som
578 162 60 19 derom
649 162 80 22 anhällit,
741 162 54 19 mätte
806 162 45 23 efter
861 162 85 19 verkstälä

337 192 133 24 undersökning,
484 193 7 18 i
502 192 31 19 och
546 193 38 23 för
602 192 102 24 aflönandet
721 192 26 24 af
761 198 22 13 en
799 192 65 23 läkare,
877 192 70 24 beviljas

337 229 23 13 ur
370 223 98 19 statsmedel
480 224 23 18 ett
514 222 53 24 årligt
578 223 94 19 understöd
680 223 25 23 af
709 223 56 19 minst
772 224 66 18 ettusen
845 222 101 19 tvåhundra

338 253 72 23 (1,200)
422 252 52 19 Fmk.
488 252 91 24 äfvensom
590 254 26 18 att
628 253 72 19 läkaren
711 252 59 23 skulle,
783 258 28 13 om
823 252 38 19 han
871 252 39 24 eljes
922 253 23 18 är

337 282 98 24 berättigad
446 282 62 22 dertill,
520 282 22 24 få
554 282 60 19 räkna
625 283 28 19 till
664 282 113 24 tjenstemerit
788 282 35 19 den
835 282 30 22 tid,
878 282 66 19 han
925 277 23 34 är

337 312 71 20 anstäld
419 318 37 14 som
468 312 166 19 kommunalläkare.
940 309 4 3 N

301 342 156 24 Helsingfors,
471 342 33 19 den
516 344 14 16 2
541 342 91 18 Februari
644 343 55 18 1885.

659 395 73 23 Aleks.
747 396 128 22 Gummerus.

368 511 44 17 Till
429 511 128 22 vällofliga
572 510 197 23 Borgareständet.

263 567 8 16 I
284 565 98 22 anledning
394 565 20 18 af
425 565 104 17 ständernas
546 563 124 24 underdäniga
681 565 76 22 petition
770 564 98 17 inrättades
880 569 61 17 genom

191 597 20 16 K.
226 596 18 17 F.
257 596 36 17 den
305 595 23 18 14
340 596 77 21 Augusti
435 595 103 17 Rovaniemi
557 600 36 16 nya
611 594 253 21 Provincialläkare-distrikt,
881 593 61 18 omfat-

191 626 53 17 tande
257 627 109 20 Rovaniemi,
372 626 103 17 Kemiträsk
486 625 33 17 och
532 625 112 22 Kuolajärvi,
654 625 48 17 förut
715 625 30 16 till
756 625 69 17 Torneå
833 624 107 23 provincial-

190 656 146 17 läkare-distrikt
354 655 78 18 hörande
451 655 81 17 socknar.
558 656 64 17 Genom
642 655 52 17 dessa
712 655 85 17 socknars
810 654 132 22 fränskiljande

190 685 103 18 minskades
311 685 118 17 sitstnämnda
447 685 76 17 distrikt
540 685 41 17 med
599 687 26 15 ett
642 685 72 17 område
732 684 20 17 af
767 684 86 21 22,004,57
867 684 75 22 gvadrat

190 718 48 15 verst
250 715 34 18 och
297 715 82 17 omfattar
397 720 73 12 numera
488 720 22 12 en
526 710 82 22 areal&f
619 714 87 24 11,109,04
719 715 76 21 gvadrat
807 716 48 15 verst
868 714 39 17 med
920 720 21 11 en

190 745 106 22 folkmängd
308 745 21 17 af
339 745 65 21 22,000
416 745 113 17 innevänare.
549 745 81 16 Oaktadt
642 744 77 17 nämnda
727 745 105 21 minskning
840 745 20 16 är
869 745 72 16 distrik-

191 777 24 16 tet
228 775 48 17 dock
288 777 48 15 ännu
348 775 28 17 för
388 775 90 16 vidsträkt
491 774 27 17 för
531 780 21 11 en
566 775 72 16 läkares
650 775 28 16 tid
691 775 32 16 och
737 775 73 16 krafter.

261 805 60 17 Såsom
333 805 58 16 kändt
403 805 89 21 försiggår
504 804 117 18 samfärdseln
634 805 27 17 uti
674 805 7 17 i
692 804 137 23 ifrågavarande
838 805 30 17 del
876 805 20 17 af
903 805 37 17 lan-

189 835 31 17 det
232 834 153 22 hufvudsakligen
398 834 62 17 utmed
478 834 134 17 vattenlederna
630 835 33 16 och
676 833 115 22 elfsdalarna,
804 835 72 17 hvarest
888 835 52 17 äfven

189 866 79 21 vägarne
280 864 28 22 gå,
322 864 31 17 der
365 864 67 17 sådana
444 863 121 18 öfverhufvud
578 864 64 18 finnas.
666 865 27 16 De
705 864 72 17 afstånd
789 865 151 21 provincialläka-

188 900 31 12 ren
231 895 7 16 i
251 895 68 16 Torneå
330 895 33 16 har
375 896 29 15 att
412 894 144 22 tillryggalägga
568 894 27 17 för
607 896 27 15 att
646 894 69 17 besöka
723 894 22 17 de
754 894 51 17 olika
814 896 70 16 orterna
892 895 48 17 inom

188 925 93 16 distriktet
293 924 58 17 blifva
364 924 31 17 vid
407 924 81 21 antydda
499 924 113 17 förhållande
625 929 76 13 enorma.
727 924 80 17 Sålunda
822 926 52 20 utgör
886 926 53 21 väga-

188 953 78 22 längden
285 953 40 18 från
337 953 62 18 Kolari
412 954 74 17 sockens
500 955 53 20 gräns
565 955 37 16 mot
613 954 66 17 Kittilä
691 953 76 18 distrikt
779 954 30 17 till
821 954 67 17 Torneå
899 955 41 16 stad

187 983 50 18 öfver
249 983 25 18 20
286 983 37 21 mil,
336 983 39 17 från
388 984 69 16 Torneå
468 983 42 17 stad
522 983 37 17 åter
572 983 30 17 till
614 983 93 22 Simojärvi
721 983 44 17 eller
777 985 76 20 gränsen
862 985 36 16 mot
907 984 33 17 Ro-

187 1013 78 18 vaniemi
277 1013 83 22 omkring
373 1012 23 19 18
408 1013 38 20 mil,
459 1013 51 17 deraf
521 1018 22 12 en
555 1015 37 15 stor
605 1013 29 17 del
647 1013 58 17 under
716 1013 104 17 sommartid
835 1013 55 18 måste
902 1014 37 17 till-

187 1043 122 22 ryggaläggas
321 1043 41 17 med
373 1043 32 16 båt
417 1043 45 17 eller
474 1043 29 16 till
516 1042 41 21 fots,
570 1044 45 15 samt
628 1043 30 16 till
671 1042 63 17 Kolari
743 1043 44 17 eller
795 1043 94 21 Simojärvi
898 1044 41 17 allt-

188 1073 19 16 så
219 1073 86 21 omkring
317 1072 24 18 38
353 1072 38 19 mil,

258 1103 29 16 Då
298 1102 63 17 härtill
372 1103 79 16 kommer
463 1104 27 15 att
501 1102 176 22 provincialläkaren
689 1101 62 18 tillika
764 1103 81 16 handhar
857 1103 82 22 sjukvår-

187 1132 34 17 den
234 1132 12 17 &
258 1131 96 22 sjukhuset
366 1132 6 17 i
385 1132 67 17 Torneå
465 1133 45 16 samt
519 1132 69 21 jämväl
600 1133 21 16 är
633 1132 73 17 stadens
719 1132 68 21 läkare,
800 1132 20 17 sä
832 1133 20 16 är
864 1133 31 17 det
907 1138 31 17 up-

186 1161 77 22 penbart
275 1163 27 15 att
315 1161 22 18 de
349 1161 100 22 aflägsnare
458 1161 72 18 delarne
538 1161 21 18 af
565 1161 93 18 distriktet
666 1161 63 18 endast
736 1156 65 27 ytterst
809 1162 59 17 sällan
878 1163 61 16 kunna

186 1191 20 17 af
217 1192 65 17 honom
294 1191 82 18 besökas.
401 1192 32 16 Att
445 1191 32 17 vid
489 1191 71 17 svårare
578 1191 133 22 sjukdomsfall,
725 1191 31 18 der
772 1197 41 11 snar
826 1191 112 23 läkarehjelp

185 1223 20 15 är
217 1221 20 17 af
248 1221 65 21 nöden,
325 1221 40 17 frän
378 1221 80 22 aflägsna
470 1221 61 22 nejder
544 1221 82 17 tillkalla
638 1221 75 17 läkaren
726 1222 25 19 är,
764 1221 81 17 fränsedt
857 1221 22 18 de
890 1224 49 15 stora

186 1251 125 20 kostnaderna,
325 1251 40 17 icke
377 1251 89 17 utförbart
477 1251 55 17 redan
544 1251 21 17 af
576 1251 35 17 den
623 1251 98 22 anledning
733 1252 34 20 att,
780 1251 40 17 med
833 1251 83 18 afseende
927 1252 11 16 &

185 1281 34 17 den
232 1280 33 22 tid,
279 1285 37 13 som
329 1280 60 18 dertill
402 1280 117 22 erfordrades,
532 1280 54 18 äfven
598 1285 28 13 om
634 1281 76 17 läkaren
719 1285 63 17 genom
790 1286 23 12 en
821 1281 72 22 lycklig
901 1276 37 22 till-

185 1310 86 22 fällighet
283 1310 61 18 skulle
356 1310 85 18 anträffas
454 1310 73 22 hemma,
540 1311 45 17 hans
597 1310 52 24 hjelp
662 1310 93 18 sannolikt
771 1311 70 17 komme
853 1310 28 18 för
892 1313 46 15 sent.

184 1340 35 17 Vid
238 1340 78 17 menföre
333 1340 33 17 och
379 1340 56 17 under
448 1340 22 17 de
482 1340 42 17 flere
537 1340 65 17 veckor
615 1340 110 17 fortfarande
737 1340 108 17 flodtiderna
857 1346 27 11 om
897 1340 41 18 höst

184 1370 33 17 och
230 1370 33 17 vär
275 1371 20 16 är
307 1370 89 17 dessutom
409 1370 178 17 kommunikationen
599 1370 115 22 synnerligen
727 1370 98 17 försvärad.
851 1370 40 17 Man
900 1370 37 17 kan

184 1401 59 16 derför.
255 1399 42 18 med
308 1399 45 18 fulit
363 1399 32 23 fog
412 1400 58 22 päsiä,
482 1401 28 16 mii
521 1400 132 18 innövånareno
666 1400 7 16 i
686 1405 23 12 on
720 1401 37 16 stor
770 1400 31 17 del
813 1399 19 18 af
845 1400 93 17 distriktet

183 1431 30 15 äro
226 1430 6 16 i
245 1428 91 18 afsaknad
348 1429 20 17 af
378 1429 62 22 hvarje
453 1429 113 17 läkarevärd.

256 1459 35 17 Det
302 1464 43 12 vore
356 1458 49 22 förty
417 1459 48 17 blott
483 1464 22 12 en
517 1459 45 22 gärd
574 1459 20 17 af
605 1460 76 16 rättvisa
693 1461 27 15 att
732 1460 48 16 ännu
793 1465 21 11 en
827 1459 62 17 läkare
902 1462 34 15 sta-

257 1495 107 20 Allmänna
379 1496 185 20 Besvärsutskottets
579 1495 118 20 betänkande
712 1496 38 20 N:o
765 1496 32 20 14.
