1061 1717
198 106 14 22 2
406 104 239 24 Petitionsbetänkande
661 104 37 23 N:o
713 104 20 22 4.

197 172 56 17 ställa
270 172 29 22 sig
315 172 43 17 vida
374 171 90 22 billigare,
484 172 23 16 än
526 176 28 12 om
567 171 59 17 denna
643 171 101 21 inrättning
755 170 80 18 förlades
847 170 30 18 till
888 170 59 23 någon

197 207 59 12 annan
268 202 54 22 plats.

268 232 23 17 Vi
309 232 74 17 anhålla
400 232 61 17 därför
480 232 109 22 ödmjukast,
607 234 27 15 att
650 232 32 17 det
693 231 112 18 hedervärda
817 230 130 18 Bondeståndet

197 261 54 17 måtte
269 262 110 18 understöda
396 262 34 17 och
446 262 30 17 till
489 262 133 17 vederbörande
635 262 70 17 utskott
716 261 91 18 remittera
819 262 26 16 ett
856 261 90 22 petitions-

197 292 92 17 memorial
301 292 20 17 af
331 292 80 18 innehåll
423 294 35 16 att:

376 328 30 18 vid
423 328 88 19 Mustiala
527 328 182 19 landtbruksinstituis
725 327 51 24 högre
791 326 93 24 afdelning
900 324 46 24 oför-

341 358 85 24 dröjligen
437 364 22 13 en
467 358 121 24 finskspråkig
597 357 176 25 parallel-afdelning
785 356 52 20 skulle
848 357 80 18 inrättas.

305 407 156 24 Helsingfors,
474 407 34 19 den
519 408 26 17 26
557 407 82 19 Januari
650 407 56 18 1885.

269 479 82 23 Kustaa
366 479 91 29 Kiipula.
708 477 25 23 A.
748 477 114 23 Meurman.

269 527 20 22 J.
305 527 24 22 R.
345 526 124 30 Wuolijoki.
708 525 25 22 A.
749 525 88 22 Mattila.

269 574 25 23 K.
309 575 25 22 A.
350 575 116 22 Karlstedt.
707 573 24 23 D.
746 573 122 29 Karppelin.

268 709 155 26 (Öfversättning.)

376 755 46 17 Till
434 754 145 18 Hedervärda
591 754 173 17 Bondeständet.

267 809 110 17 Jordbruket
389 809 32 16 har
433 809 33 17 hos
478 814 28 11 oss
519 809 57 16 under
588 809 82 17 sednaste
684 808 45 17 tider
737 808 48 22 gjort
793 808 93 22 betydliga
894 808 52 17 fram-

196 841 44 19 steg.
265 839 109 16 Jordbruket
386 839 32 16 har
430 839 65 16 vunnit
507 839 6 16 i
526 839 88 16 anseende
627 838 33 17 och
673 838 61 17 blifvit
747 843 48 12 mera
806 838 139 21 vinstgifvande.

195 868 92 22 Naturligt
299 870 20 15 är
327 868 74 21 derföre,
410 870 27 15 att
445 868 192 21 landthushällningen
646 868 61 21 börjar
716 868 56 21 draga
780 867 31 18 till
817 868 28 21 sig
853 869 40 16 män
905 869 40 16 med

196 897 130 22 skolbildning,
345 898 65 17 hvilka
427 898 41 17 icke
485 898 45 21 vilja
545 899 24 20 pä
581 897 190 18 embetsmannabanan
784 897 43 17 täfla
839 903 27 11 om
878 899 66 16 statens

195 927 100 17 brödkaka.
320 928 37 16 Och
374 927 49 18 detta
441 928 37 17 kan
495 928 40 16 icke
553 929 55 16 annat
624 929 24 16 än
660 927 59 17 blifva
728 927 109 22 jordbruket
850 927 29 17 till
891 933 53 16 gagn.

194 957 22 17 Ju
233 962 48 12 mera
299 957 91 17 allmänna
406 958 104 21 kunskaper
523 956 34 19 den
567 957 138 22 jordbrukande
717 957 130 22 befolkningen
860 957 82 21 tillföras,

195 987 50 16 desto
260 992 49 12 mera
325 987 105 17 framkallas
446 987 32 17 hos
497 987 101 17 densamma
615 986 54 18 äfven
682 987 37 21 häg
731 987 33 17 och
777 987 79 21 förmäga
868 989 26 14 att
906 987 38 17 föra

192 1016 108 21 jordbruket
312 1017 68 16 framät.

265 1046 117 17 Jordbrukets
395 1046 162 17 framåtskridande
570 1046 72 22 främjas
656 1046 59 17 likväl
728 1046 41 17 icke
781 1051 64 16 genom
853 1046 90 17 allmänna

194 1076 104 22 kunskaper
310 1076 65 17 allena.
400 1076 110 17 Jordbruket
522 1076 77 17 likasom
612 1076 58 21 öfriga
683 1076 85 21 näringar
781 1075 60 17 hvilar
852 1076 23 21 på
884 1077 59 16 veten-

193 1105 74 22 skaplig
285 1105 64 22 grund,
368 1106 33 16 och
414 1106 6 16 i
433 1106 35 17 den
486 1106 41 17 mån
542 1105 109 22 jordbruket
670 1105 100 21 utvecklas,
788 1105 83 22 påkallas
890 1105 52 17 äfven

193 1135 172 22 specialkunskaper
380 1135 27 17 uti
425 1135 192 22 landthushållningen
630 1135 76 17 rörande
718 1135 177 21 vetenskapsgrenar,
908 1136 35 16 sär-

193 1164 58 17 skildt
264 1165 32 16 hos
309 1165 44 20 dem,
366 1165 66 16 hvilka
444 1164 56 17 hafva
512 1166 27 15 att
550 1165 24 21 gå
587 1165 5 16 i
605 1166 72 21 spetsen
690 1164 27 17 för
729 1164 134 22 utvecklingen.

264 1194 71 21 Frågan
347 1194 59 21 gäller
417 1199 30 16 nu,
460 1194 46 17 huru
518 1199 41 12 man
572 1195 31 16 hos
616 1199 28 12 oss
658 1195 34 16 har
700 1194 43 21 sörjt
754 1194 33 21 för,
797 1196 26 15 att
832 1194 54 22 högre
894 1195 50 16 fack-

193 1223 130 22 undervisning
341 1224 40 17 icke
397 1225 29 16 må
444 1224 54 17 fattas
515 1224 22 17 de
549 1229 49 16 unga
609 1225 47 20 män,
669 1224 70 21 hvilka,
753 1224 45 17 efter
810 1225 133 21 genomgången

192 1254 146 21 elementarkurs,
343 1249 41 26 dag
394 1254 26 17 för
430 1254 36 21 dag
473 1255 6 16 i
486 1254 32 17 allt
524 1255 56 16 större
587 1254 65 21 mängd
659 1253 50 17 finna
715 1254 28 21 sig
749 1254 75 16 manade
831 1256 26 14 att
864 1259 44 16 egna
915 1255 28 20 sig

192 1284 19 16 åt
219 1283 197 23 landthushållningen.
430 1285 60 16 Såsom
496 1284 73 21 bekant,
577 1283 55 18 finnes
639 1284 7 16 i
652 1283 64 18 landet
723 1283 63 17 endast
793 1285 25 15 ett
824 1284 54 22 högre
885 1284 58 17 landt-

192 1313 147 21 bruksläroverk,
346 1314 30 16 det
382 1314 11 16 å
399 1314 88 21 Mustiala,
495 1314 29 16 till
531 1314 71 17 hvilket
608 1320 40 11 man
655 1315 6 15 i
669 1314 62 21 dylikt
737 1313 32 17 fall
775 1314 33 16 har
814 1316 27 14 att
847 1314 58 17 vända
909 1315 33 21 sig.

192 1343 86 17 Mustiala
295 1343 181 17 landtbruksinstitut
494 1344 83 16 omfattar
595 1344 61 16 likväl
673 1343 53 17 äfven
739 1349 22 11 en
774 1344 55 21 lägre,
843 1344 27 16 för
882 1344 60 21 fogde-

192 1373 59 17 elever
267 1373 82 17 bestämd
364 1373 98 22 afdelning,
478 1374 34 16 och
528 1374 55 21 högre
598 1374 131 21 undervisning
745 1373 91 17 meddelas
848 1374 32 16 vid
892 1374 51 16 insti-

192 1404 47 16 tutet
249 1402 79 18 allenast
340 1405 11 15 ä
362 1403 35 17 den
410 1403 38 17 oire
460 1403 121 22 afdeiuingen,
594 1404 83 21 hvilken,
689 1403 127 22 majeriskolan
824 1403 118 21 inberäknad,

192 1432 23 21 på
233 1432 29 16 sin
281 1432 43 21 höjd
342 1433 50 17 torde
410 1433 62 17 kunna
488 1434 87 20 inrymma
589 1433 85 21 omkring
686 1432 24 18 40
722 1433 11 17 å
745 1432 24 18 50
781 1433 64 17 elever.
870 1432 72 18 Således

192 1462 76 21 ungefär
281 1464 24 14 ett
317 1462 48 16 halft
377 1462 119 17 hundradetal
510 1463 106 21 elevplatser
629 1463 27 17 för
669 1463 56 21 högre
737 1462 129 22 undervisning
878 1463 6 15 i
894 1462 48 22 jord-

265 1498 105 20 Allmänna
386 1499 183 20 Besvärsutskottets
584 1498 118 21 betänkande
717 1499 38 19 N:o
771 1500 18 19 3.
