1061 1717
237 100 13 21 4
441 100 209 28 Potitionsbotänkando
666 102 32 23 N:o
713 100 34 24 46.

207 158 72 19 nerhet
300 158 33 20 vid
355 158 78 20 Torneä
456 159 28 19 elf
505 160 147 24 befolkningen,
673 165 40 14 som
729 159 66 23 aldrig
810 158 92 20 afverkar
918 158 48 20 eller

208 187 74 19 skadar
297 187 90 19 lefvande
404 188 44 19 träd
464 188 30 19 till
510 188 144 26 tjärbrämning,
670 191 46 17 utan
733 188 102 19 använder
851 188 66 19 dertill
932 193 33 13 en-

208 216 45 19 dast
268 216 82 19 stubbar
372 216 36 20 och
424 218 70 24 rötter,
510 217 75 24 ärligen
600 217 97 24 förtjenar
713 219 55 17 stora
784 222 92 13 summor.

277 244 46 20 Men
347 245 43 19 det:
402 245 138 19 ledsammaste
557 248 22 16 är
602 246 52 19 dock
670 248 28 17 att
721 248 78 20 nämna,
817 248 29 16 att
862 245 32 19 vid
909 244 56 19 Kemi

208 272 33 26 elf,
257 273 63 19 ehuru
335 273 113 20 densamma
470 274 65 19 tillika
551 274 43 19 med
610 275 45 19 dess
677 274 73 19 talrika
766 273 85 20 bifloder
866 273 99 24 genomlö-

207 307 37 19 per
265 304 29 16 ett
317 302 86 24 område,
426 302 137 20 innefattande
587 304 31 18 nio
642 304 92 24 socknar,
749 302 46 20 icke
811 302 85 20 brännes
912 307 53 13 mera

207 330 53 24 tjära
275 332 26 17 än
316 336 41 14 som
380 331 120 24 nödvändigt
516 331 101 20 erfordras
634 332 30 19 till
683 331 106 25 husbehof,
805 331 62 19 ehuru
882 331 33 19 vid
929 330 36 19 flo-

208 358 49 20 dens
273 360 92 18 stränder
380 359 63 20 finnas
459 360 23 19 de
499 360 58 19 bästa
573 361 72 23 skogar
661 361 30 19 till
702 360 147 24 tjärbränning.
876 359 89 20 Orsaken

207 387 68 19 härtill
291 390 22 16 är
328 388 134 26 Taivalkoski,
478 394 42 14 som
535 392 22 16 är
573 389 21 19 så
610 390 87 18 våldsam
713 391 30 17 att
758 389 67 23 ingen,
841 388 32 19 för
887 388 78 19 hvilken

207 416 57 19 lifvet
279 418 22 17 är
317 416 52 24 kärt,
384 417 62 24 vågar
462 423 34 14 ens
512 418 43 19 med
571 421 47 21 tom,
634 421 25 16 än
675 418 76 19 mindre
767 418 45 19 med
828 423 23 14 en
860 417 43 19 med
914 417 51 23 tjära

207 445 67 20 lastad
289 445 34 20 båt
346 445 67 20 färdas
433 446 72 19 nedför
528 447 72 23 forsen,
624 450 20 21 ty
660 447 76 24 följden
750 446 23 19 af
788 452 23 13 en
828 446 62 19 sådan
905 445 60 24 djerf-

207 473 34 20 het
257 479 46 14 vore
319 480 24 13 en
366 475 114 19 omedelbar
502 475 114 24 undergång
632 476 6 18 i
654 476 44 19 dess
714 474 89 20 hvirflar.
834 475 72 24 Hvarje
923 474 42 19 båt-

207 503 40 18 last
269 503 62 19 måste
354 503 79 20 derföre
449 504 32 19 vid
496 506 104 22 transport
620 504 101 24 långsmed
737 503 66 20 floden
821 503 79 20 aflastas
916 505 50 17 samt

207 531 45 19 med
268 531 60 26 häst-
343 531 49 20 eller
406 533 126 18 mannakraft
554 536 147 21 transporteras
717 532 71 19 ofvan-
805 533 49 18 eller
870 531 96 20 nedanför

207 559 58 20 fallet
279 559 32 20 för
326 563 30 16 att
370 561 36 19 der
421 561 99 19 omlastas.

277 589 42 19 Och
342 589 24 19 då
390 592 28 17 ett
433 589 21 20 af
477 590 149 19 vederbörande
650 590 185 23 distriktsingeniör
860 589 105 24 uppgjordt

208 617 67 20 härtill
297 617 90 24 bifogadt
409 618 172 24 kostnadsförslag
596 619 32 19 för
649 619 136 24 upprensning
801 618 22 19 af
837 617 128 20 Taivalkoski

208 645 41 20 fors
273 646 69 19 endast
366 647 60 23 stiger
449 648 30 18 till
495 647 92 23 108,500
602 648 38 25 mk,
657 648 103 19 hvaremot
776 647 39 19 den
831 647 77 21 förlust,
924 651 41 14 som

208 674 76 24 årligen
307 675 115 20 förorsakas
445 676 71 19 endast
530 677 32 18 vid
586 676 140 23 stockflötning
745 678 60 21 utgör
821 675 90 24 174,000
926 675 39 22 mk,

204 704 63 19 torde
291 703 32 20 det
339 705 17 22 ej
372 704 68 24 längre
455 711 48 12 vara
527 705 71 23 rådligt
614 708 29 16 att
664 705 108 24 uppskjuta
793 705 78 18 arbetet
886 703 20 20 af
920 704 45 18 Tai-

208 732 91 19 valkoski
315 731 46 20 fors”
378 734 138 23 upprensning,

277 761 47 19 Med
339 761 65 24 glädje
428 762 36 19 och
480 762 114 19 medkänsla
609 763 36 18 bar
668 761 143 24 befolkningen
827 762 6 18 i
848 761 50 24 höga
914 761 51 18 Nor-

208 789 38 19 den
269 789 52 19 åsett
343 792 30 18 att
388 791 6 18 i
410 790 78 19 landets
511 791 76 24 sydliga
602 791 56 19 delar
679 791 108 24 jernvägar
803 789 64 20 blifvit
882 788 82 25 byggda,

207 817 84 20 kanaler
305 818 76 25 gräfda,
398 822 50 16 samt
462 819 66 19 forsar
535 820 133 23 upprensade,
677 819 56 20 öfver
742 819 67 19 hvilka
825 819 141 22 förbättringar

207 845 22 20 af
243 847 192 20 kommunikationer
456 848 18 19 vi
489 848 106 23 ingalunda
618 848 91 22 afundas,
725 848 63 19 ehuru
804 847 139 23 befolkningen
959 847 6 18 i

208 875 24 18 de
255 875 123 20 vidsträckta
401 877 121 22 nordligaste
538 877 81 18 delarne
635 877 21 19 af
670 877 69 19 landet
758 877 44 18 icke
814 876 84 23 kommit
914 876 6 18 i
936 875 29 19 ät-

207 903 95 24 njutande
318 904 21 19 af
352 905 76 18 sådana
443 905 106 19 förmoner.
565 905 38 24 Jag
614 906 60 23 vågar
690 905 81 19 derföre
780 905 79 18 anhålla
871 904 36 19 och
917 905 48 23 hop-

207 937 43 18 pas,
266 935 29 16 att
310 933 130 19 Hedervärda
462 934 149 19 Bondeståndet
627 938 110 19 emottager
757 933 45 19 med
818 933 78 23 välvilja
912 933 54 18 detta

207 961 197 23 petitionsmemorial
428 962 36 19 och
487 963 115 23 godkänner
618 963 45 18 dess
682 963 71 18 remiss
770 962 30 19 till
817 961 148 20 vederbörande

207 989 84 24 utskott,
307 994 49 15 samt
372 993 30 16 att
416 991 80 19 ståndet
511 991 80 19 förenar
606 992 29 23 sig
651 997 31 14 om
698 991 90 24 följande
804 991 94 24 petition:

414 1047 29 16 att
455 1047 55 16 Hans
528 1046 108 23 Kejserliga
654 1047 91 22 Majestät
758 1046 8 16 i
781 1045 59 18 nåder
852 1045 69 18 täcktes
933 1049 33 13 an-

345 1073 72 23 befalla
429 1075 7 16 i
448 1076 94 16 närmaste
557 1075 83 22 framtid
659 1075 150 17 utanordnande
821 1074 26 23 af
857 1073 109 23 tillräckligt

345 1102 68 23 anslag
427 1103 35 22 för
483 1103 120 18 Taivalkoski
618 1103 51 23 fors
685 1104 4 16 i
707 1103 54 17 Kemi
773 1102 32 23 elf
818 1103 128 22 upprensning
959 1102 7 16 i

345 1131 35 17 den
392 1131 90 23 riktning,
495 1136 37 13 som
547 1132 35 17 den
594 1132 26 22 af
629 1131 198 23 distriktsingeniören
840 1133 21 16 F.
871 1131 95 22 Smedberg

344 1159 8 16 i
363 1158 100 19 December
480 1160 50 17 1880
541 1160 108 23 uppgjorda
668 1159 113 22 arbetsplan
793 1159 33 18 och
838 1159 128 22 kostnadsför-

345 1187 41 23 slag
398 1189 88 23 närmare
499 1189 86 22 angifva.

276 1228 124 24 Helsingfors
417 1230 37 19 den
471 1229 26 19 26
513 1230 82 19 Januari
612 1229 60 21 1885.

535 1279 34 19 Isak
581 1279 60 19 Hoikka.

383 1309 147 24 Representant
545 1310 32 19 för
591 1310 79 20 Torneä
686 1310 103 23 domsaga.

273 1343 10 19 I
299 1342 142 21 ofvanstäende
456 1344 84 24 petition
556 1344 80 20 förenar
651 1346 29 22 sig

778 1387 15 17 J.
806 1386 16 18 H.
836 1386 59 18 Luoma.

264 1454 192 20 Ekononiutskotteis
469 1456 116 18 betänkande
597 1456 35 18 N:o
645 1456 18 18 8.
