1061 1717
232 100 14 21 6

204 156 119 22 förändrad
337 156 41 22 och
394 156 54 22 efter
464 155 99 22 metriskt
578 156 55 21 mått
648 155 102 28 afpassad
761 155 155 28 undervisning
926 154 34 22 för

204 190 156 26 skatterubeln,
375 190 66 22 hafva
456 190 34 21 Wi
506 190 84 27 antagit
612 191 49 20 med
676 190 83 21 sådana
773 190 84 21 mindre
871 189 88 22 ändrin-

204 231 47 21 gar,
267 224 51 22 Wår
332 225 8 21 i
354 226 74 20 ämnet
449 224 84 22 aflåtna
553 224 150 28 underdåniga
724 224 112 22 skrifvelse
851 224 24 22 af
888 224 42 22 den
945 224 15 21 5

205 259 148 22 innevarande
367 258 43 29 Maj
426 258 129 22 innehåller.

554 316 11 26 s
582 316 33 21 12.

274 361 61 23 Efter
349 362 37 22 det
401 362 34 21 Wi
450 362 25 21 af
487 362 60 21 Hans
557 361 121 28 Kejserliga
685 361 102 28 Majestät
796 361 42 22 fått
849 364 109 24 emottaga

205 396 68 28 nådig
295 396 141 28 proposition,
460 396 113 27 angående
593 396 174 28 jordskatternas
785 396 7 21 i
808 396 98 27 Wiborgs
921 396 37 21 län

204 430 131 29 erläggande
350 430 54 23 efter
418 432 43 21 den
476 438 49 21 nya,
541 437 89 15 numera
645 430 106 23 slutförda
767 430 191 29 skattläggningen

203 465 8 21 i
226 465 67 26 länet,
308 465 66 23 hafva
389 465 34 22 Wi
437 465 33 22 uti
485 465 136 28 underdånig
644 465 111 23 skrifvelse
775 465 24 22 af
812 467 42 20 den
869 466 14 21 5
897 466 61 21 inne-

204 501 97 20 varande
315 499 43 28 Maj
375 500 89 26 anmält,
480 502 33 19 att
529 499 34 22 Wi
577 500 85 27 antagit
677 501 42 20 den
734 500 81 27 nådiga
829 500 129 28 propositio-

205 541 43 15 nen
264 535 49 21 med
329 535 67 21 sådan
412 534 92 28 ändring
521 534 60 21 Wårt
596 534 123 27 åberopade
732 535 151 27 underdåniga
892 541 68 16 svars-

204 568 50 22 bref
267 569 87 22 utvisar.

551 628 10 25 s
579 627 33 21 13.

273 673 10 20 I
298 672 95 28 enlighet
416 673 50 21 med
480 673 57 21 hvad
553 672 33 21 Wi
601 673 32 20 uti
650 672 111 21 skrifvelse
776 672 25 22 af
814 673 41 21 den
871 673 13 21 5
900 673 60 22 inne-

204 707 97 21 varande
322 707 43 27 Maj
384 706 39 22 hos
439 707 61 21 Hans
515 704 119 30 Kejserliga
649 707 101 27 Majestät
764 707 8 20 i
787 707 174 27 underdånighet

204 741 91 26 anmält,
310 741 65 22 hafva
391 741 41 25 Wi,
442 741 7 21 i
462 741 113 27 anlednirg
586 741 24 21 af
618 741 66 26 nådig
695 741 140 27 proposition,
847 742 113 27 angående

203 775 120 22 anvisande
338 775 24 22 af
375 775 70 22 medel
460 775 34 21 till
508 775 138 21 bestridande
656 775 25 21 af
689 775 147 22 kostnaderna
845 775 34 22 för
888 776 72 21 landt-

204 810 71 27 dagen
299 810 24 21 år
347 810 61 25 1888,
432 809 94 28 anslagit
541 817 26 14 en
583 817 83 13 summa
680 809 25 22 af
718 809 119 22 trehundra
853 811 105 20 femtusen

203 843 64 22 mark
283 845 32 20 att
331 845 111 20 användas
458 844 18 27 ej
493 844 83 21 mindre
591 843 33 22 till
640 843 95 28 fyllande
750 844 25 21 af
788 845 41 20 den
843 844 58 26 brist,
912 851 46 14 som

203 877 119 22 beräknats
344 878 81 27 uppstå
446 878 8 21 i
477 879 37 20 det
536 878 25 21 af
581 880 73 19 senast
672 878 130 21 församlade
818 878 93 22 Ständer
926 878 34 22 för

205 912 56 21 1885
284 913 35 20 års
341 912 235 27 landtdagskostnader
598 912 106 27 beviljade
728 912 82 28 anslag,
827 913 28 20 än
871 913 40 21 ock
926 913 34 21 till

203 945 140 22 bestridande
358 946 25 21 af
395 947 27 20 de
437 947 8 20 i
460 948 12 25 $
486 947 28 21 82
528 946 25 21 af
565 946 247 27 Landtdagsordningen
828 948 132 21 omnämnda

203 979 113 22 allmänna
330 980 90 27 utgifter
434 980 34 21 för
482 981 132 26 landtdagen
630 981 24 20 är
669 981 54 21 1888
734 983 57 18 samt
801 980 33 21 till
844 981 116 22 aflönande

204 1013 25 22 af
242 1020 28 15 en
286 1013 92 22 ekonom
392 1014 34 21 för
441 1015 82 21 värden
539 1015 24 20 af
577 1015 132 20 Ständernas
725 1015 67 26 arkiv,
804 1014 104 23 bibliotek
918 1016 40 21 och

205 1048 70 27 öfriga
298 1049 104 26 egendom
425 1049 70 21 under
517 1049 51 21 åren
593 1049 61 27 1886,
674 1049 53 21 1887
745 1049 40 21 och
801 1049 53 22 1888
871 1050 39 21 och
926 1050 33 21 till

204 1082 137 22 betäckande
356 1082 24 21 af
393 1083 27 21 de
435 1083 49 21 med
500 1083 67 27 sagda
581 1083 53 21 vård
650 1083 102 22 förenade
767 1083 124 22 kostnader.

553 1141 10 26 s
584 1141 32 20 14.
718 1141 10 8 .

276 1185 71 21 Sedan
370 1185 60 22 Hans
453 1185 121 28 Kejserliga
595 1186 102 27 Majestät
712 1186 33 21 till
761 1186 60 21 Wårt
837 1188 123 26 antagande

205 1219 143 22 öfverlemnat
370 1219 66 28 nådig
460 1220 140 27 proposition,
624 1217 153 24 innehållande
799 1222 33 19 tre
853 1221 108 22 särskilda

203 1253 126 27 lagförslag,
352 1255 31 20 ett
406 1255 114 26 angående
542 1254 108 21 utsträckt
664 1254 65 21 frihet
743 1257 34 18 att
791 1255 52 21 idka
860 1255 100 22 bruksrö-

203 1287 63 26 relse,
283 1289 31 19 ett
329 1289 68 20 annat
413 1289 113 26 angående
545 1288 97 22 vilkoren
658 1288 34 22 för
707 1289 102 27 sågverks
824 1289 137 27 anläggande

203 1322 41 21 och
268 1322 112 22 drifvande
402 1322 41 22 och
466 1324 36 20 det
525 1323 68 27 tredje
613 1324 112 26 angående
741 1323 65 21 frihet
821 1325 32 19 att
868 1324 93 27 anlägga

205 1362 102 21 qvarnar,
322 1356 66 22 hafva
403 1356 33 21 Wi
452 1357 32 20 uti
499 1358 135 26 underdånig
650 1357 110 21 skrifvelse
777 1357 24 21 af
815 1358 41 20 den
871 1358 14 21 5
900 1358 60 21 inne-

203 1390 97 21 varande
326 1390 41 28 Maj
390 1390 39 22 hos
454 1390 60 22 Hans
532 1391 120 28 Koisorlisa
667 1391 102 28 Majostät
784 1392 82 21 anmält
882 1394 32 20 att
930 1392 31 21 of-
