1061 1717
288 108 248 24 Petitionsbetänkande
551 109 38 22 N:o
605 107 34 23 22.

359 458 208 29 Lagutskottets
588 456 170 24 betänkande
776 456 37 23 N:o
829 454 13 23 9

291 493 7 22 i
314 493 120 30 anledning
449 493 25 23 af
486 493 34 23 ett
529 493 58 22 inom
597 491 169 24 Prestaståndet
776 489 68 24 väckt

292 528 87 29 förslag
401 529 36 22 till
459 528 95 29 petition
573 534 33 16 om
626 527 69 23 sådan
710 525 96 28 ändring
821 523 26 24 af

292 562 27 23 47
341 566 12 23 $
376 563 8 22 i
402 563 261 29 Landtdagsordningen,
683 561 35 23 att
737 560 107 23 Senatens

293 598 133 23 ordförande
446 599 41 22 och
506 598 122 23 ledamöter
648 596 85 23 erhölle
748 595 47 24 rätt
810 594 35 23 att

292 633 90 29 deltaga
397 634 8 21 i
420 633 139 23 Ständernas
575 632 204 29 öfverläggningar.

155 696 71 21 Jemte
248 696 199 29 protokollsutdrag
470 697 24 22 af
516 697 41 22 den
581 699 12 18 5
613 695 106 22 Februari
734 695 41 21 har
789 693 58 28 Lag-

87 730 113 27 utskottet,
223 730 7 21 i
255 730 100 23 afseende
376 732 14 21 &
408 731 160 22 förberedande
584 729 138 28 behandling,
738 729 44 22 fått
797 728 50 21 från

87 765 166 22 Prestaståndet
263 767 111 26 emottaga
383 766 164 21 nedanstående
554 763 213 30 petitionsmemorial
775 762 73 23 äfven-

88 805 44 16 som
147 800 106 27 protokoll
269 799 60 23 öfver
345 801 41 21 den
397 801 128 27 diskussion,
537 806 44 16 som
592 799 38 23 vid
640 799 143 22 memorialets
793 797 55 22 före-

89 834 108 27 dragning
211 834 7 21 i
234 834 99 22 bemälda
347 835 66 22 stånd
428 835 114 22 förefallit:

157 931 64 19 Under
239 933 76 17 senaste
333 932 93 23 landtdag
442 932 123 18 framstäldes
577 931 50 18 inom
641 931 53 18 detta
706 929 56 20 stånd
775 929 74 24 förslag

88 961 28 17 till
140 959 118 24 underdånig
278 961 80 22 petition
379 960 99 24 angående
498 960 128 19 tillsättandet
647 959 22 18 af
686 961 29 16 ett
735 958 113 20 ständernas

88 989 203 23 granskningsutskott
304 989 30 18 för
346 989 143 24 genomgående
502 989 22 18 af
533 989 104 24 kejserliga
650 990 87 17 senatens
750 987 99 24 protokoll

87 1018 83 18 rörande
188 1018 94 18 allmänna
299 1019 89 22 ärenden,
407 1019 100 18 äfvensom
526 1018 117 23 befogenhet
662 1017 30 19 för
704 1017 105 19 ständerna
820 1017 30 17 att

88 1046 25 24 på
131 1047 62 23 grund
211 1047 21 18 af
249 1047 53 18 detta
314 1047 86 19 utskotts
412 1047 122 19 betänkande
548 1047 35 18 hos
595 1047 53 18 Hans
660 1047 90 22 Majestät
762 1046 6 17 i
780 1045 70 19 under-

88 1075 92 24 dånighet
197 1077 79 22 anmäla,
294 1076 98 18 huruvida
410 1077 24 18 de
446 1076 62 19 funnit
520 1077 53 18 Hans
585 1077 99 22 Majestäts
696 1074 111 25 rådgifvare
821 1074 29 19 till

88 1105 75 18 landets
186 1105 137 23 sannskyldiga
345 1107 57 22 nytta
425 1105 59 18 hafva
504 1105 77 18 utöfvat
601 1105 35 18 sitt
656 1103 194 20 förtroendeämbete.

87 1133 60 18 Detta
164 1133 49 18 inom
232 1132 77 20 ståndet
326 1134 44 18 med
388 1135 68 17 värma
473 1133 106 19 omfattade
592 1133 78 23 förslag,
683 1138 40 13 som
737 1132 25 19 då
774 1132 43 19 icke
830 1131 23 19 af

87 1162 129 23 lagutskottet
227 1161 50 19 hann
289 1162 111 23 behandlas,
413 1168 43 13 men
469 1162 75 19 hvilket
553 1163 36 23 jag
600 1162 36 18 har
648 1162 102 23 anledning
761 1161 89 19 förmoda

87 1192 30 17 att
133 1191 22 18 af
165 1191 174 24 förslagsställaren
351 1191 51 24 ånyo
414 1191 87 19 kommer
512 1193 29 16 att
554 1193 99 22 upptagas,
666 1189 89 25 åsyftade
767 1192 28 17 ett
808 1189 42 19 från

87 1219 112 19 ständernas
212 1219 42 19 sida
266 1219 110 19 framstäldt
387 1220 100 19 uttalande
499 1220 56 18 öfver
563 1220 124 23 regeringens
695 1219 92 24 åtgärder
795 1219 6 18 i
809 1219 41 23 vig-

87 1249 62 22 tigare
167 1247 64 25 frågor
249 1247 41 20 från
303 1249 93 23 landtdag
408 1249 29 18 till
450 1249 97 24 landtdag,
567 1249 30 18 för
614 1251 29 16 att
662 1249 110 22 derigenom
785 1247 64 19 åstad-

88 1277 76 19 komma
179 1279 62 17 större
253 1277 201 19 öfverensstämmelse
474 1279 5 17 i
498 1277 71 25 åsigter
588 1278 68 18 mellan
675 1277 105 24 styrelsens
798 1276 52 19 med-

87 1306 78 19 lemmar
177 1306 35 18 och
225 1306 225 24 folkrepresentationen.

156 1335 29 18 En
201 1335 118 23 granskning
335 1335 22 18 af
367 1336 63 18 denna
441 1338 31 16 art
485 1341 56 19 synes
555 1336 61 18 likväl
629 1340 47 14 vara
688 1335 119 23 otillräcklig
819 1334 31 18 för

88 1363 95 19 ernående
200 1364 22 18 af
238 1364 37 18 den
288 1364 76 18 direkta
376 1364 37 19 och
426 1364 113 24 fortgående
552 1364 116 19 samverkan
680 1364 68 18 mellan
761 1363 90 25 regering

87 1392 37 18 och
143 1392 117 24 folkombud,
279 1392 79 20 hvilken
377 1394 6 17 i
402 1394 60 18 andra
474 1394 67 18 länder
553 1394 73 18 ansetts
639 1393 107 23 oumbärlig
758 1393 31 18 för
801 1397 49 14 sam-

87 1422 136 18 häilisarbetets
246 1422 59 23 lugna
326 1421 176 20 framåtskridande
520 1422 35 18 och
575 1422 35 18 der
627 1422 68 18 vinnes
713 1427 68 17 genom
798 1420 53 19 mini-

157 1462 139 22 Lagutskottets
309 1463 117 17 betänkande
439 1464 37 17 N:o
488 1464 17 18 9.
