1061 1717
290 106 239 24 Petitionsbetänkande
544 108 39 22 N:o
599 107 20 23 8.
815 107 14 22 5

111 172 171 28 själskrafterna.
313 174 49 22 Men
384 181 26 15 en
432 175 68 21 sådan
524 174 124 22 rekreation
665 174 71 22 skulle
753 172 106 28 svårligen

110 209 7 21 i
133 210 67 26 något
220 210 44 28 fall,
284 210 57 22 huru
355 210 35 22 väl
409 211 62 21 skött
486 211 41 21 den
543 210 151 28 gymnastiska
709 208 151 24 undervisnin-

111 252 41 20 gen
173 248 26 19 än
221 252 58 22 vore,
295 247 73 21 kunna
384 247 164 21 åstadkommas
564 253 77 21 genom
658 248 34 20 att
707 253 27 15 en
745 246 76 22 timme
829 247 33 19 to-

110 288 39 20 ges
165 281 47 23 från
223 282 149 22 fristunderna
382 284 40 20 och
435 283 154 27 obligatoriskt
599 282 90 28 fogades
700 282 34 22 till
746 281 115 23 skoltiden.

187 318 94 27 Ungefär
304 319 113 21 enahanda
442 319 47 21 skäl
513 320 28 20 ha
557 319 66 21 också
638 319 77 21 verkat
730 320 33 20 att
778 317 85 23 utskot-

111 355 32 20 tet
164 354 46 22 icke
231 356 73 20 ansett
325 355 33 27 sig
378 355 54 21 böra
452 355 88 21 förorda
555 354 159 28 petitionärens
729 354 83 27 förslag
828 360 34 16 om

111 390 162 28 gymnastikens
305 390 145 28 likställighet
481 392 50 21 med
563 391 70 27 öfriga
665 392 85 20 ämnen.
782 390 43 22 Det
840 392 25 20 är

109 426 48 27 just
179 427 37 21 det
239 426 24 22 af
287 426 165 23 förhällandena
470 427 117 28 päkallade
603 426 133 29 ojemförligt
751 429 60 20 stora
827 433 37 15 an-

112 463 55 21 talet
189 463 132 27 läroämnen,
345 470 47 15 som
416 464 74 21 städse
512 464 83 27 utgjort
611 465 135 20 stötestenen
762 463 36 22 vid
813 464 52 21 vära

112 499 85 22 skolors
220 499 148 28 organisation
397 500 40 21 och
461 507 47 15 mer
531 502 28 19 än
583 501 66 20 annat
664 499 48 22 haft
731 500 134 27 ungdomens

113 535 216 28 ofveransträngning
351 536 34 21 till
408 536 62 27 följd.
502 536 50 22 Man
575 536 40 21 bör
640 535 74 22 därför
730 535 89 22 framför
835 535 32 22 alt

113 571 54 22 söka
189 572 95 21 undvika
307 573 32 20 att
362 572 127 27 ytterligare
508 573 42 21 öka
569 573 63 21 dessa
647 572 136 22 läroämnens
799 571 67 27 antal,

113 608 40 21 och
174 608 104 21 särskildt
298 615 51 15 vore
370 609 37 21 det
428 608 113 28 obetänkt,
561 610 33 20 att
610 615 77 20 genom
704 607 162 28 gymnastikens

112 644 138 27 upphöjande
275 644 34 21 till
332 646 32 19 ett
386 644 96 28 verkligt
507 643 109 23 läroämne
635 645 84 21 utsätta
735 644 34 27 sig
785 643 34 22 för
834 645 33 20 att

112 680 108 22 måhända
243 679 98 23 förvärra
364 681 37 22 det
424 681 58 21 onda
506 681 93 22 medelst
622 687 27 15 en
670 681 83 26 åtgärd,
771 686 46 15 som
834 679 32 22 uti

113 717 61 22 detta
197 717 67 21 ondas
287 717 115 27 grundliga
426 717 141 27 afhjälpande
590 717 40 21 har
646 717 40 21 sitt
700 716 111 27 naturliga
827 715 40 22 och

112 753 56 22 enda
190 752 63 28 syfte.
284 753 39 21 Att
347 753 72 22 vidare
443 753 47 22 låta
514 753 158 28 skickligheten
696 753 7 21 i
719 751 147 29 gymnastik
853 747 16 39 i

112 789 70 22 likhet
197 789 50 21 med
263 788 70 28 öfriga
348 789 126 22 läroämnen
491 789 90 22 inverka
597 790 28 26 på
640 789 111 22 elevernas
765 787 102 28 uppfytt-

113 825 52 27 ning
188 825 47 22 från
263 825 60 22 klass
346 825 34 22 till
403 825 68 28 klass,
496 825 71 22 skulle
590 825 114 27 onekligen
720 825 104 22 innebära
842 830 27 15 en

113 862 50 21 svår
181 861 104 22 orättvisa
305 863 59 20 emot
382 861 83 22 sådana
480 861 81 27 fysiskt
576 861 84 22 mindre
676 861 34 21 väl
726 861 83 21 lottade
825 859 44 22 ele-

113 903 45 21 ver,
178 897 85 22 hvilkas
284 897 56 27 goda
361 897 127 27 kunskaper
505 897 7 21 i
528 897 67 27 öfrigt
610 897 75 27 gjorde
701 897 48 22 dem
765 896 106 27 förtjenta

112 933 25 22 af
158 932 152 28 uppflyttning,
327 933 39 22 och
389 933 7 21 i
416 939 84 15 samma
523 934 50 20 mån
590 933 138 27 naturligtvis
744 933 125 27 förringade

113 971 76 25 nyttan
212 969 24 22 af
257 969 125 28 ytterligare
398 970 34 20 ett
447 970 25 20 år
487 969 82 27 egnadt
585 970 22 21 åt
622 969 68 22 redan
705 969 165 27 genomgångna

114 1006 82 21 kurser.
227 1005 35 22 Då
278 1005 73 22 därtill
372 1005 100 22 kommer
491 1007 34 20 att
543 1005 210 28 gymnastikläraren
768 1005 37 22 vid
820 1005 51 21 våra

115 1041 73 22 skolor
207 1041 36 22 vid
259 1041 37 22 det
312 1041 89 27 slutliga
416 1041 149 22 bedömandet
581 1041 23 22 af
613 1041 110 22 elevernas
735 1040 136 28 uppförande

115 1079 57 20 samt
191 1077 33 22 flit
240 1077 40 22 och
296 1077 196 27 uppmärksamhet
507 1077 40 22 har
563 1083 84 16 samma
662 1077 59 22 talan
739 1083 46 16 som
801 1076 70 27 öfriga

114 1113 71 22 lärare
207 1115 53 20 utan
279 1113 101 22 afseende
396 1114 28 26 på
443 1115 65 20 ämne
525 1113 40 22 och
581 1113 101 22 timantal
698 1113 40 22 och
753 1112 119 27 tillräcklig

116 1150 85 27 garanti
225 1149 86 22 således
334 1149 119 22 förefinnes
470 1149 42 28 för,
529 1151 34 20 att
577 1150 43 21 han
636 1149 64 22 äfven
715 1155 77 22 genom
809 1149 65 22 dessa

115 1185 94 22 vitsords
225 1185 105 22 inverkan
345 1187 29 26 på
390 1185 178 28 nppflyttningen
585 1186 42 21 kan
643 1186 6 21 i
662 1185 39 22 sitt
711 1187 63 20 ämne
785 1185 88 21 afvinna

115 1221 74 22 eleven
205 1221 56 22 hvad
278 1223 28 26 på
321 1222 80 21 dennes
418 1227 55 22 egen
489 1221 137 28 applikation
642 1221 40 22 och
698 1221 55 27 goda
768 1220 52 28 vilja
835 1220 37 21 be-

115 1263 43 21 ror,
180 1259 25 20 så
225 1257 62 22 torde
305 1257 73 28 giltigt
394 1257 48 22 skäl
459 1257 49 22 icke
525 1257 119 22 förefinnas
660 1259 34 20 att
708 1257 7 21 i
731 1257 65 22 dessa
812 1256 61 22 delar

117 1294 86 21 biträda
219 1294 157 26 petitionärens
392 1293 90 27 förslag.

191 1329 138 22 Beträffande
353 1330 99 21 däremot
478 1330 39 21 det
533 1331 56 20 mått
604 1329 25 22 af
642 1329 176 28 fackkunskaper
834 1329 40 21 och

117 1366 80 21 allmän
220 1366 105 27 bildning,
349 1372 46 15 som
417 1365 24 22 af
461 1372 27 15 en
515 1366 195 28 gymnastiklärare
735 1366 40 21 bör
800 1366 75 21 kunna

117 1401 92 27 fordras,
225 1401 34 21 för
283 1403 33 20 att
332 1401 186 28 undervisningen
534 1402 70 21 måtte
623 1401 67 22 blifva
705 1401 146 27 tillgodosedd
867 1400 7 22 i

117 1436 137 22 förhållande
275 1437 34 21 till
331 1438 85 20 ämnets
433 1437 53 27 vigt,
504 1437 61 22 delar
581 1438 109 21 utskottet
705 1437 6 21 i
727 1437 43 22 allo
786 1436 88 28 petitio-

119 1474 78 20 närens
229 1473 63 27 åsigt.
330 1473 32 21 En
393 1473 149 27 likställighet
572 1473 132 22 härutinnan
729 1474 50 21 med
805 1472 70 27 öfriga

194 1515 107 20 Allmänna
317 1515 177 21 besvärsutskottets
511 1515 117 21 betänkande
644 1515 38 20 N:o
701 1515 18 21 7.
