1061 1717
218 92 33 37 44
423 96 238 23 Petitionsbetänkande
676 96 39 23 N:o
733 95 17 23 1.

195 163 90 27 mäktige
305 164 81 20 anhålla
402 170 32 14 om
449 164 64 26 nådig
528 164 247 26 landtdagspropositions
791 162 154 27 framläggande

194 193 32 21 för
241 193 52 21 först
309 194 191 21 sammanträdande
516 194 88 20 Ständer
620 194 80 23 derom;

267 226 31 18 att
312 224 82 21 utöfver
404 224 150 21 ofvannämnde
565 224 124 21 subvention
700 226 31 18 ett
741 224 121 26 ytterligare
873 223 72 26 bidrag

195 254 66 20 skulle
277 254 87 26 beviljas
379 254 31 20 för
426 254 39 20 den
480 254 97 21 händelse
588 254 139 26 Björneborgs
738 254 47 20 stad
795 254 50 20 eller
855 253 90 21 enskildt

194 284 62 26 bolag
271 284 67 20 skulle
353 285 70 25 bygga
438 284 156 26 ifrågavarande
609 285 59 26 bana,
685 284 80 21 hvilket
780 284 120 26 ytterligare
913 283 31 19 bi-

195 314 52 26 drag
267 314 68 20 skulle
355 316 51 24 utgå
421 314 31 20 till
468 321 77 13 samma
559 315 74 26 belopp
650 321 43 13 som
709 314 39 20 den
764 314 64 20 redan
843 313 101 26 beviljade

195 344 150 21 subventionen
368 344 50 20 eller
438 345 46 20 med
507 344 115 28 1,500,000
640 345 64 25 mark,
720 351 32 13 om
767 345 68 19 banan
851 343 93 27 byggdes

194 374 64 26 enligt
279 374 131 21 alternativet
429 375 17 27 I,
462 382 46 13 men
523 374 47 21 med
585 375 73 19 endast
674 374 95 26 650,000
784 374 63 26 mark,
863 381 32 13 om
910 374 34 20 ba-

194 412 41 13 nan
250 404 55 26 finge
320 405 80 26 byggas
416 405 65 26 enligt
496 404 130 21 alternativet
641 405 23 19 II
680 405 49 20 eller
744 405 43 25 III;

266 438 27 17 än
304 435 61 20 äfven
376 435 64 20 sådan
452 435 88 26 ändring
551 435 23 20 af
582 435 25 20 de
618 435 111 26 uppstälda
739 435 93 20 vilkoren
840 435 31 20 för
879 434 66 21 erhäl-

194 465 71 21 landet
280 465 23 20 af
311 465 40 20 den
362 465 64 20 redan
436 465 142 26 Allernädigst
588 465 102 26 beviljade
698 465 204 20 statssubventionen
913 464 31 21 för

194 495 41 20 den
242 495 168 26 Björneborgska
418 496 68 20 banan
493 495 55 26 finge
557 495 100 27 vidtagas,
666 503 43 12 som
718 495 128 20 sistnämnda
854 495 89 20 alterna-

194 525 43 21 tiva
252 525 145 27 banprojekter
412 526 95 25 betinga;
521 526 105 19 hvaremot
640 525 31 20 för
685 525 35 21 det
733 525 35 20 fall
780 528 31 17 att
819 528 68 17 staten
895 531 49 14 vore

194 556 93 25 benägen
299 558 30 17 att
337 555 69 20 utföra
413 555 172 28 banbyggnaden,
591 555 73 20 staden
670 555 129 26 Björneborg
805 555 101 20 förbunde
912 555 32 26 sig

195 588 30 18 att
240 586 47 20 med
295 585 81 28 25,000
384 586 58 19 mark
450 586 79 25 årligen
537 586 8 19 i
553 585 29 22 40
591 587 33 18 års
632 585 30 20 tid
671 585 86 26 bidraga
766 585 30 20 till
804 585 102 26 företaget
913 588 31 17 ut-

194 615 56 21 fördt
261 616 65 25 enligt
338 616 132 20 alternativet
480 615 13 21 I
500 616 49 20 eller
557 616 46 20 med
612 616 42 19 lika
662 618 52 18 stort
725 615 62 26 årligt
794 615 73 26 belopp
879 615 65 20 under

194 645 57 28 282/,
273 647 29 25 är,
323 653 31 13 om
373 646 133 20 alternativet
520 646 23 19 II
558 646 50 20 eller
622 646 35 19 III
672 646 81 20 komme
768 645 31 20 till
814 645 114 20 utförande.

263 676 49 20 Med
331 676 83 26 jupaste
434 676 129 25 undersätlig
581 676 93 21 vördnad
690 676 38 20 och
743 676 69 20 trohet
827 675 117 20 framhärda

194 706 164 26 Stormäktigste,
375 706 153 26 Allernädigste
543 706 88 26 Kejsare
647 706 38 20 och
701 705 120 28 Storfurste,

263 736 66 20 Eders
352 736 118 26 Kejserliga
493 736 107 26 Majestäts
616 736 168 27 underdänigste,
800 735 140 27 tropligtigste

193 765 114 21 förstärkta
322 766 200 25 Stadsfullmäktige:

193 827 48 20 Men
257 833 44 13 som
316 827 64 25 något
395 827 101 20 svaromål
512 827 12 19 &
539 827 67 20 denna
622 827 91 20 ansökan
730 829 55 17 ännu
801 826 45 21 icke
862 833 79 14 emane-

192 859 34 17 rat
241 857 38 19 och
295 856 82 21 osäkert
392 859 23 18 är
430 863 33 14 om
478 857 66 25 nägon
560 857 62 25 nädig
638 857 126 26 proposition
780 857 7 19 i
802 856 35 21 det
852 857 90 26 begärda

194 885 65 27 syftet
279 886 92 21 kommer
386 889 32 18 att
433 887 35 20 vid
484 887 57 20 detta
557 885 144 22 Stämdermöte
717 886 131 27 framläggas,
863 887 79 25 nödgas

192 916 27 26 vi,
235 916 47 21 med
298 917 154 20 äterhemtande
468 916 23 20 af
504 917 25 20 de
544 917 87 20 motiver
642 917 147 25 ofvanintagna
799 917 143 26 underdäniga

192 946 92 20 ansökan
299 946 119 27 innehäller,
434 947 38 20 hos
487 946 103 26 vällofliga
604 947 177 25 Borgareständet
800 947 94 26 ödmjukt
906 953 35 14 an-

192 976 60 27 hälla,
273 976 36 21 det
327 976 175 26 Borgareständet
522 979 126 23 gemensamt
663 977 47 20 med
725 977 25 20 de
766 976 66 27 öfriga
848 975 93 22 Ständen

192 1006 48 21 ville
256 1006 110 26 godkänna
380 1007 64 26 nägot
460 1007 20 19 at
496 1006 25 21 de
531 1007 48 20 utaf
586 1007 139 26 Björneborgs
737 1006 187 27 stadsfullmäktige
934 1007 8 19 i

192 1036 148 21 ofvanstäende
360 1037 63 20 måtto
438 1036 121 21 framstälda
579 1037 123 21 alternativa
716 1037 78 26 förslag
808 1037 32 20 till
855 1037 86 26 Björne-

191 1066 91 26 borgska
294 1066 186 27 jernvägsfrägans
495 1067 87 27 lösning,
593 1069 52 18 samt
653 1067 65 26 jemte
729 1067 112 20 anvisande
852 1067 22 20 af
882 1067 59 20 nödi-

191 1103 27 19 ga
232 1096 67 21 medel
314 1096 74 27 derför,
404 1097 38 20 hos
452 1097 60 20 Hans
522 1097 117 26 Kejserliga
649 1097 98 26 Majestät
757 1097 8 20 i
775 1097 167 26 underdänighet

190 1126 76 21 föreslå
286 1129 31 18 att
340 1127 40 20 den
404 1127 166 26 Björneborgska
590 1127 72 28 banan,
683 1127 7 20 i
705 1127 98 20 händelse
824 1127 116 20 Ständerna

190 1156 79 20 beslöto
290 1156 33 26 sig
345 1156 31 20 för
396 1159 30 18 att
447 1157 117 20 densamma
579 1157 63 20 borde
658 1157 23 20 af
695 1157 73 20 Staten
783 1157 32 20 till
829 1157 111 26 byggande

190 1186 118 26 ofvertagas
332 1187 37 20 och
393 1187 18 26 ej
436 1187 135 20 öfverlemnas
592 1190 30 17 att
638 1194 74 19 genom
727 1187 138 26 Björneborgs
881 1187 58 20 stads

190 1216 50 20 eller
255 1216 92 21 enskildt
361 1217 72 26 bolags
449 1217 160 26 företagsamhet
624 1217 81 20 komma
718 1217 32 20 till
760 1217 67 26 stånd,
838 1217 7 20 i
855 1217 85 20 främsta

189 1249 88 17 rummet
293 1247 49 20 eller
357 1247 109 20 ätmistone
476 1247 105 26 samtidigt
592 1247 46 20 med
648 1247 41 20 den
700 1247 127 20 Savolakska
838 1247 49 20 eller
897 1247 41 20 Ka-

188 1276 69 21 relska
272 1277 74 27 banan,
361 1277 135 21 hvilkendera
512 1284 43 14 som
570 1277 73 21 vinner
653 1277 128 21 Ständernas
791 1277 75 26 förord,
876 1278 64 20 mätte

189 1307 82 19 komma
291 1307 7 19 i
318 1306 64 26 fråga.
413 1308 102 25 Slutligen
537 1308 22 19 få
579 1308 20 20 vi
619 1308 76 20 föreslå
716 1310 31 17 att
765 1308 175 25 Borgareständet

188 1336 48 21 ville
257 1336 113 26 hänskjuta
390 1337 68 20 denna
478 1338 85 26 petition
584 1338 30 20 till
630 1338 208 26 jornvägsutskottet,
854 1344 43 14 som
912 1338 27 20 dä

188 1366 61 21 äfven
273 1366 80 21 komme
355 1362 15 36 i
391 1367 81 21 tillfälle
492 1370 32 17 att
542 1368 127 25 inregvirera
690 1368 25 20 de
736 1368 71 20 kartor
822 1368 38 20 och
875 1367 63 20 hand-

187 1396 68 26 lingar
269 1403 46 14 som
329 1398 14 19 &
356 1397 93 26 änsayde
464 1398 91 20 ansökan
570 1398 67 20 finnas
652 1398 121 28 åberopade.

258 1426 192 27 Helsingfors,
466 1427 40 21 den
522 1427 28 22 27
567 1428 87 20 Januari
670 1421 65 37 1885.

256 1460 87 23 Edvard
358 1461 115 23 Molander.
653 1462 82 22 Robert
749 1462 119 22 Junnelius.

256 1505 196 26 Jernvägsutskottets
469 1506 115 20 betänkande
599 1504 42 22 N:o
658 1508 18 18 3.
