1061 1717
224 87 29 21 46
409 87 239 25 Petitionsbetänkande
663 88 37 24 N:o
717 88 18 22 1.

194 152 68 21 denna
282 154 79 26 bibana,
382 154 37 21 der
438 155 50 26 inga
508 154 79 21 sådana
601 154 215 26 terrängsvårigheter
831 154 116 27 förefinnas,

194 182 63 21 borde
279 183 72 21 kunna
372 184 80 26 byggas
474 184 33 21 för
529 184 49 21 vida
598 184 94 26 billigare
712 184 49 27 pris,
779 184 32 20 för
826 184 80 21 mindre
921 188 26 17 än

194 211 81 27 50,000
292 214 59 20 mark
368 220 38 20 per
425 217 63 24 verst,
504 215 39 20 och
557 214 81 20 således
653 214 47 20 hela
714 214 64 20 linien
793 214 112 20 förmindre
920 218 26 16 än

193 242 41 20 fem
249 243 102 21 millioner
364 244 65 20 mark.

263 272 133 22 Beträffande
411 274 68 20 denna
494 274 85 20 bibanas
594 274 128 20 rentabilitet
737 274 38 20 och
791 276 60 24 nytta
860 274 32 20 för
902 273 42 21 lan-

192 302 40 26 det,
255 302 60 21 torde
337 303 35 21 det
392 310 50 14 vara
460 306 58 18 utom
538 304 37 20 allt
594 304 74 20 tvifvel
688 306 31 18 att
739 304 65 25 sagde
823 304 55 20 bana
892 304 53 20 skall

192 331 94 27 uppfylla
305 332 53 20 båda
378 333 61 21 dessa
460 334 124 27 fordringar,
600 334 26 20 då
641 334 120 20 densamma
775 334 81 20 komme
871 336 31 18 att
916 335 28 25 gå

191 361 133 26 midtigenom
345 369 25 14 en
384 363 130 21 tätbefolkad
529 364 99 26 landsdel,
644 370 43 14 som
703 363 98 21 omfattar
815 364 129 20 vidsträckta

192 391 75 26 skogar
287 392 38 20 och
345 393 91 26 bördiga,
454 394 32 20 för
501 394 104 20 åkerbruk
620 394 39 20 och
674 393 192 26 ladugårdsskötsel
881 394 7 20 i
903 394 41 26 hög

190 421 52 26 grad
258 422 79 25 egnade
352 423 84 21 trakter.
466 424 44 20 Det
524 423 59 21 torde
598 423 68 21 tillika
678 424 51 19 böra
739 423 91 26 påpekas
841 426 31 18 att
881 424 63 26 högst

190 451 21 20 få
229 451 112 27 jernvägar
361 453 7 20 i
386 453 71 21 landet
472 453 62 21 hafva
549 454 39 20 likt
603 454 68 20 denna
685 454 28 25 på
728 455 31 18 ett
774 453 82 20 afstånd
872 453 24 20 af
908 461 34 13 en-

190 481 47 20 dast
259 481 47 26 fyra
328 483 36 20 mil
383 484 27 25 på
425 483 103 21 hvardera
543 483 59 21 sidan
618 491 32 13 om
665 483 64 20 linien
745 489 26 14 en
787 483 120 27 befolkning
922 483 24 20 af

190 510 80 26 92,006
290 519 98 19 personer
408 513 49 20 eller
472 517 94 17 närmare
581 513 55 21 elfva
650 519 100 21 personer
764 514 27 25 på
806 513 72 26 hvarje
894 520 48 19 qva-

189 540 47 21 drat
256 545 65 22 verst;
342 545 58 23 tager
416 550 47 13 man
478 543 70 20 härtill
563 543 7 20 i
586 543 136 20 betraktande
738 545 32 18 att
785 543 68 20 denna
867 543 75 20 bibana

189 570 67 21 skulle
271 574 75 23 utgöra
361 579 25 14 en
402 573 92 26 naturlig
509 573 120 26 anslutning
644 573 32 20 till
692 573 40 20 den
748 573 142 26 Uleåborgska
905 574 36 19 ba-

188 607 47 20 nan,
256 601 96 26 erbjuder
372 603 40 20 den
432 603 22 20 af
466 603 43 26 mig
524 603 143 26 projekterade
682 603 190 26 bansträckningen
888 603 54 20 häri-

186 637 74 18 genom
275 632 121 26 ytterligare
412 633 88 20 chancer
515 635 31 18 att
560 636 50 23 göra
625 636 61 23 nytta
702 633 38 20 och
755 633 50 19 bära
815 633 38 26 sig,
864 636 76 17 tvänne

186 661 182 28 omständigheter,
384 669 44 13 som
442 663 37 20 vid
494 669 26 14 en
536 662 241 27 jernvägsanläggning
767 657 14 36 i
789 662 86 21 främsta
884 670 56 13 rum-

185 693 43 17 met
242 691 51 19 böra
307 691 60 21 afses.

258 720 45 21 Ock
317 721 37 20 ber
367 722 37 26 jag
418 722 67 20 tillika
499 722 22 21 få
536 723 96 26 påminna
648 729 37 19 om,
701 725 32 17 att
748 722 73 20 staden
837 723 103 20 Kristine-

186 749 52 28 stad,
254 750 85 21 oaktadt
354 751 26 21 de
396 752 86 20 sednast
497 753 88 25 anlagda
597 753 140 25 jernvägarne
753 752 117 26 naturligen
886 753 7 19 i
903 753 36 20 be-

186 779 68 26 tydlig
276 781 47 19 mån
345 783 65 19 måste
432 782 86 26 menligt
538 782 86 21 inverka
643 784 27 25 på
690 782 49 21 dess
755 783 183 26 varuomsättning,

184 809 45 20 icke
255 809 26 21 de
297 811 95 20 sednaste
408 812 28 19 tio
452 813 49 19 åren
517 812 7 19 i
539 812 58 20 detta
612 812 97 21 afseende
724 813 47 24 gått
785 812 69 26 nedåt,
870 813 68 20 såsom

184 839 23 20 af
225 839 83 26 bilagda
323 841 90 26 tabeller,
429 842 159 20 sammanstälda
602 842 54 20 ifrån
671 842 108 25 inlagorna
795 841 31 20 till
841 842 95 20 tullkam-

183 875 76 20 maren,
282 873 95 22 nogsamt
398 871 62 26 inses,
484 872 66 20 ehuru
573 879 60 13 varor
656 872 7 19 i
683 871 108 26 betydliga
811 872 125 25 qvantiteter

182 898 70 21 blifvit
274 899 52 21 både
348 901 137 26 importerade
508 902 38 20 och
569 901 134 27 exporterade
724 901 59 20 öfver
798 901 138 21 Tammerfors

182 928 46 21 med
248 929 89 26 jernväg
360 933 52 18 samt
435 931 61 20 dessa
519 931 87 20 sålunda
626 932 19 25 ej
666 937 64 20 synas
745 931 8 19 i
768 931 168 20 tullkammarens

180 958 111 26 journaler.
321 959 65 21 Detta
408 960 129 21 förhållande
560 968 62 19 synes
645 961 43 26 mig
711 967 51 14 vara
782 961 102 20 beroende
900 968 38 13 en-

181 988 47 29 dast
249 988 68 27 derpå,
333 992 31 17 att
379 991 73 20 staden
468 994 23 17 är
506 998 25 13 en
547 991 91 26 naturlig
653 991 160 26 afsättningsort
828 991 31 20 för
875 991 61 20 södra

181 1010 133 37 Österbotten
334 1023 58 23 samt,
413 1021 67 19 såsom
500 1021 70 25 sådan,
586 1021 63 20 borde
664 1021 73 20 kunna
752 1021 78 25 hoppas
846 1023 31 18 att
892 1023 42 18 sta-

180 1051 35 16 ten
238 1055 35 20 nu,
297 1049 63 20 sedan
380 1050 65 20 andra
463 1053 60 23 orter,
539 1057 44 14 som
598 1051 97 26 möjligen
710 1050 55 21 varit
780 1057 56 13 mera
850 1050 8 20 i
873 1050 64 21 behof

180 1077 23 20 af
222 1077 129 22 förbättrade
373 1079 204 27 kommunikationer,
601 1081 81 20 erhållit
703 1080 83 25 sådana,
808 1079 62 21 äfven
885 1081 49 20 ville

178 1107 109 26 tillgodose
303 1108 68 21 denna
386 1109 106 21 landsdels
506 1111 108 19 intressen.

248 1137 128 27 Ytterligare
398 1139 78 21 tillåter
495 1140 37 26 jag
554 1140 42 25 mig
618 1140 86 27 påpeka,
728 1142 32 17 att
775 1139 84 20 stadens
875 1140 59 20 såväl

178 1169 56 23 yttre
255 1174 44 13 som
316 1168 45 21 inre
376 1169 62 20 hamn
454 1172 35 17 äro
504 1170 88 25 rymliga
607 1170 38 20 och
660 1169 110 27 skyddade
785 1169 32 20 för
833 1169 40 20 alla
887 1170 44 20 vin-

178 1196 37 20 dar
235 1200 54 17 samt
307 1200 55 23 yttre
380 1199 100 20 hamnens
500 1199 85 27 djuplek
606 1199 28 22 24
655 1199 31 20 fot
701 1200 39 19 och
755 1199 130 26 derutöfver;
901 1202 31 17 att

177 1226 89 21 hamnen
281 1227 87 21 sednare
384 1228 116 27 isbelägges
516 1232 26 17 än
557 1229 66 20 Wasa
639 1229 58 20 stads
713 1229 62 20 hamn
791 1231 54 18 samt
859 1229 73 25 sjöfar-

177 1259 35 17 ten
233 1259 75 18 nästan
329 1257 58 21 alltid
407 1261 60 23 tager
487 1259 33 20 sin
537 1259 72 26 början
624 1259 109 26 samtidigt
748 1265 44 14 som
807 1259 38 20 här
860 1259 7 19 i
882 1259 49 20 Hel-

176 1285 91 27 singfors
283 1287 49 21 eller
347 1288 97 26 vanligen
459 1290 36 19 två
510 1289 75 20 veckor
600 1289 69 21 förrän
684 1289 149 25 navigationen
851 1288 4 20 i
866 1288 65 21 Wasa

176 1318 89 24 öppnas;
285 1319 31 17 att
331 1318 85 20 stadens
431 1318 146 21 handelsflotta
591 1320 70 20 består
676 1318 24 21 af
713 1321 80 18 tretton
808 1320 69 18 större
892 1318 38 20 och

175 1348 31 17 ett
221 1346 80 20 mindre
316 1346 76 27 fartyg,
408 1348 106 21 räknande
529 1349 168 26 sammanlagdt
689 1342 12 37 i
708 1348 120 26 drägtighet
839 1348 91 26 8,981,94

175 1375 134 26 registerton;
325 1379 31 18 att
370 1377 56 21 inom
441 1378 74 20 staden
529 1379 38 19 och
583 1379 25 20 de
618 1379 41 20 fem
669 1381 106 17 närmaste
785 1379 78 25 byarne
873 1378 57 20 förli-

175 1405 36 20 det
226 1406 24 19 år
264 1405 84 27 fångats
362 1406 47 22 icke
423 1408 82 20 mindre
520 1411 26 17 än
563 1409 95 27 157,600
672 1408 87 27 lispund
773 1408 52 26 fisk;
840 1409 33 19 att
888 1416 41 12 vm-

174 1436 120 25 sättningen
314 1436 31 20 uti
366 1436 66 21 Wasa
446 1438 143 20 Aktie-Banks
611 1438 194 26 afdelningskontor
821 1437 112 21 derstädes

243 1478 199 26 Jernvägsutskottets
458 1480 115 20 betänkande
589 1481 37 19 N:o
642 1482 18 18 3.
