1061 1717
327 98 209 25 Petitionsbetänkande
553 98 32 25 N:o
600 98 35 24 46.
813 100 12 20 5

167 156 62 21 Kemi
244 156 29 21 elf
286 156 39 20 har
341 162 25 15 en
382 156 65 26 längd
462 156 24 20 af
499 156 42 21 400
556 158 58 19 verst
630 156 39 21 och
685 158 30 19 ett
723 156 131 21 flodomräde

99 190 23 22 af
135 190 78 26 45,000
236 190 148 26 gvadratverst
400 202 28 3 —
444 192 70 19 större
537 192 26 19 än
579 190 70 27 nägon
665 196 70 15 annan
745 190 54 21 finsk
811 190 44 21 elfs.

99 224 152 27 Upprinnande
267 224 12 21 å
295 224 126 26 Vuomapää
438 224 40 21 och
493 224 139 22 Talkunaoivi
647 224 36 21 vid
699 224 83 22 landets
793 224 63 22 nord-

100 261 59 19 östra
180 260 70 25 gräns,
274 258 61 27 flyter
358 258 40 21 den
421 258 55 21 först
493 260 44 20 mot
554 259 85 27 sydvest
656 259 39 21 och
710 260 105 26 upptager
830 258 27 27 pä

101 295 60 19 östra
176 292 60 22 sidan
251 292 115 27 Kuolajoki
381 292 48 21 frän
445 292 125 28 Kuolajärvi
586 294 55 20 samt
657 292 47 22 frän
719 299 51 15 norr
783 293 75 21 Luiro-

99 327 45 27 joki
160 327 39 21 och
214 327 103 25 Kittinen,
333 327 66 27 begge
415 327 148 26 upprinnande
579 327 13 21 ä
608 327 127 21 Saariselkä.
761 327 97 21 Kittinen

101 362 118 26 emottager
235 361 61 21 äfven
314 360 50 22 flere
382 361 123 27 betydande
520 361 109 27 tillflöden,
646 362 65 20 bland
725 361 72 21 hvilka
813 361 46 21 Jes-

102 396 31 26 siö
155 395 34 21 vid
212 394 127 28 Sodankylä,
356 395 39 21 och
411 397 25 19 är
451 395 7 21 i
474 396 73 26 sjelfva
563 396 73 21 verket
648 402 26 15 en
690 398 69 19 större
774 395 43 21 flod
833 397 26 22 än

102 430 62 21 Kemi
182 430 48 21 före
254 430 62 21 deras
338 430 103 27 förening.
473 430 62 21 Kemi
559 430 29 22 elf
604 430 62 28 flyter
682 430 91 22 derefter
789 430 6 21 i
811 430 49 21 rakt

101 465 69 26 sydlig
192 465 94 26 riktning
309 465 31 20 till
363 465 141 26 Kemi-träsk,
529 465 41 21 den
593 465 55 21 enda
670 467 69 19 större
762 465 72 20 bassin
853 464 7 21 i

103 499 85 20 hvilken
207 499 48 20 dess
270 501 145 19 vattenmassa
430 499 104 21 utbreder
550 499 36 27 sig.
612 499 75 22 Denna
697 499 38 27 sjö,
747 505 45 15 som
803 499 58 20 dess-

103 535 60 19 utom
186 533 91 21 erhåller
300 535 31 19 ett
353 539 39 20 par
415 533 69 21 andra
506 534 81 21 mindre
604 533 103 22 tillflöden
722 533 49 22 från
785 533 76 21 Maan-

104 567 66 26 selkä,
185 567 40 21 har
241 573 26 15 en
282 567 63 27 längd
362 567 22 22 af
399 568 26 21 35
442 567 41 22 och
499 567 67 22 bredd
582 567 22 21 af
618 568 27 21 25
661 570 57 19 verst
735 569 54 20 samt
805 568 56 20 4—5

104 602 93 21 famnars
216 601 57 27 djup.
303 602 57 21 Från
383 602 37 21 sitt
444 602 76 27 utlopp
535 609 26 14 ur
584 602 123 21 Kemiträsk
729 602 38 27 går
783 601 79 22 elfvens

105 636 173 27 hufvudriktning
295 636 22 21 ät
331 639 71 18 vester
418 637 33 20 till
467 637 126 21 Rovaniemi
608 637 74 26 kyrka,
699 637 37 20 der
753 637 39 20 den
808 638 55 19 mot-

104 672 61 25 tager
188 671 31 20 sin
242 672 79 19 största
344 671 65 21 biflod
432 671 124 26 Ounasjoki,
580 671 127 21 kommande
729 671 47 21 frän
792 671 71 20 Enon-

106 705 55 20 tekis
180 711 75 20 genom
271 705 82 21 Kittilä.
384 705 58 21 Från
458 705 123 21 Rovaniemi
597 705 62 27 flyter
674 705 62 21 Kemi
752 705 29 21 elf
794 705 7 21 i
817 704 47 27 syd-

106 739 76 26 vestlig
197 739 94 26 riktning
306 739 31 21 till
354 739 62 21 Kemi
432 739 76 27 kyrka,
524 740 38 21 der
577 739 41 21 den
634 739 58 22 delar
709 740 31 26 sig
753 739 7 21 i
771 739 36 21 två
817 744 47 21 gre-

106 780 45 18 nar,
175 773 71 22 hvilka
265 774 91 21 omsluta
371 773 50 22 flere
437 776 61 19 stora
514 776 38 19 öar
568 774 39 21 och
622 774 59 21 bilda
696 773 35 22 två
747 773 69 22 skilda
831 775 33 18 ut-

106 808 57 26 lopp.
188 808 47 21 Den
250 814 65 15 norra
330 814 79 21 grenen
425 810 24 19 är
465 808 91 21 bredare
573 808 38 21 och
628 808 97 27 djupare;
742 808 41 21 den
793 807 70 25 södra,

107 842 70 21 Vähä-
193 843 52 20 eller
260 843 134 20 Karinhaara
410 842 116 26 benämnd,
535 845 24 18 är
575 843 53 20 smal
644 843 40 20 och
692 842 76 27 grund.
798 841 67 22 Utan-

107 876 45 21 före
175 876 40 21 den
235 873 100 25 sednares
351 877 79 20 utflöde
447 877 68 26 ligger
530 877 63 21 Kemi
608 877 48 20 stad
672 877 28 26 på
715 875 150 22 Sauvonsaari.

108 911 46 20 Den
176 911 8 21 i
206 911 208 26 petitionsförslagen
442 911 142 21 omförmälda
610 911 137 21 Taivalkoski
770 910 96 21 befinner

108 945 32 27 sig
163 945 88 27 ungefär
267 945 36 21 två
318 945 39 21 och
373 951 26 15 en
415 945 47 21 half
476 946 37 20 mil
535 945 47 21 från
597 945 80 22 elfvens
693 945 81 26 utlopp.
804 944 62 21 Eme-

109 979 48 26 dan,
180 979 70 22 säsom
273 979 23 22 af
310 979 35 22 det
366 979 131 27 föregäende
514 986 67 21 synes,
598 980 68 21 elfven
681 979 68 21 under
764 979 36 21 sitt
817 979 49 25 lopp

108 1013 70 22 bildar
194 1014 75 21 endast
289 1020 22 17 en
327 1016 69 19 större
415 1015 154 25 vattenbassin,
587 1014 38 21 och
642 1014 59 21 detta
714 1014 46 21 före
777 1015 90 19 emotta-

109 1049 79 26 gandet
203 1049 22 20 af
239 1049 48 20 dess
304 1050 79 19 största
409 1048 72 26 biflod,
499 1050 24 19 är
545 1048 161 21 vattenståndet
720 1049 7 20 i
744 1048 123 21 densamma

109 1083 68 20 under
192 1083 47 20 dess
255 1083 50 26 lopp
320 1082 47 21 frän
383 1083 127 21 Rovaniemi
525 1083 68 27 kyrka
608 1083 33 21 till
657 1082 72 21 hafvet
744 1083 7 20 i
762 1082 41 26 hög
814 1081 54 27 grad

109 1117 108 21 vexlande.
249 1117 113 21 Värfloden
385 1116 127 27 uppdrifver
533 1119 83 19 vattnet
638 1117 32 21 till
694 1123 25 15 en
739 1116 50 27 höjd
804 1116 23 21 af
843 1116 24 20 15

109 1151 32 21 fot
164 1151 57 21 öfver
244 1151 81 27 vanligt
348 1151 139 22 vattenständ
513 1151 39 22 och
569 1151 51 21 ökar
636 1151 79 21 elfvens
732 1150 73 26 bredd,
823 1156 45 14 som

110 1191 78 16 annars
211 1186 72 21 vexlar
299 1186 77 21 mellan
395 1187 42 20 100
454 1186 40 21 och
511 1186 41 21 650
567 1186 89 22 famnar,
672 1186 31 21 till
721 1186 42 20 170
778 1184 12 21 å
807 1185 62 26 1,000

110 1217 84 24 famnar
209 1220 39 21 och
264 1222 93 19 vattnets
377 1220 110 27 hastighet
502 1220 47 21 från
565 1220 54 21 4till
630 1221 11 20 7
652 1220 26 27 '/,
689 1221 57 20 verst
756 1219 7 21 i
774 1219 94 21 timmen.

112 1253 155 28 Undantagsvis
283 1255 63 20 hafva
360 1255 97 20 inträffat
472 1257 58 19 ännu
541 1255 65 26 högre
617 1254 150 23 vattentlöden,
779 1253 27 20 dä
814 1254 56 19 vatt-

111 1290 37 20 net
157 1289 98 21 ofvanom
263 1289 134 21 Taivalkoski
406 1288 54 22 stått
470 1289 28 21 30
506 1289 31 21 fot
553 1289 58 21 öfver
619 1289 69 27 lägsta
704 1287 165 26 vattenståndet,

111 1323 105 21 nedanom
239 1324 123 20 densamma
385 1324 85 21 18—20
493 1324 32 20 fot
547 1325 55 19 samt
623 1324 7 20 i
646 1323 111 21 trakterna
773 1322 22 20 af
809 1321 62 21 Kemi

111 1357 68 27 kyrka
194 1358 75 20 endast
287 1358 81 21 13—14
382 1358 32 20 fot
424 1358 60 21 öfver
500 1364 81 15 samma
590 1357 141 21 vattenständ.

180 1392 75 20 Redan
269 1393 46 20 mot
329 1392 65 20 slutet
410 1392 23 20 af
440 1392 121 21 1820-talet
571 1391 94 22 befinnes
676 1390 60 28 fräga
746 1396 51 15 vara
808 1389 64 21 väckt

113 1432 34 14 om
170 1426 59 21 detta
251 1426 138 27 vattendrags
410 1427 154 26 upprensning,
580 1426 67 22 ehuru
662 1425 67 21 andra
745 1425 84 26 företag
845 1423 27 21 dä

180 1466 187 18 Ekonomiutskottets
380 1466 119 17 betänkande
512 1466 37 17 N:o
562 1466 17 16 8.
