1061 1717
238 92 374 24 Petitionsbetänkande
627 94 55 22 N:o
699 96 27 21 2.

354 433 144 29 Allmänna
518 435 277 28 Besvärsutskottets
814 436 42 27 be-

315 475 140 28 tänkande
479 477 41 27 N:o
538 477 9 27 1
567 478 50 27 med
638 478 123 33 anledning
780 478 25 26 af
823 478 34 27 ett

315 518 33 26 till
371 518 202 34 Borgareständet
594 520 125 27 inlemnadt
739 520 118 33 petitions-

315 559 91 35 förslag
425 559 125 36 angäende
568 561 145 28 tillsättande
732 562 26 27 af
775 569 28 20 en
817 562 40 27 ko-

316 601 53 28 mitö
384 601 39 28 för
436 603 130 28 utrönande
579 604 25 27 af
617 604 240 27 handtverkeriernas

315 644 6 26 i
342 644 79 27 landet
439 644 113 28 tillstånd.

172 714 82 23 Genom
270 716 201 28 protokollsutdrag
488 717 24 22 af
526 717 41 22 den
578 717 27 22 31
618 717 91 22 Januari
724 718 41 21 har
781 717 75 22 vällof-

103 750 44 27 liga
162 751 185 28 Borgareståndet
362 752 34 21 till
407 753 118 22 Allmänna
535 753 214 22 Besvärsutskottets
760 753 96 22 behand-

101 786 46 28 ling
164 787 123 23 remitterat
303 790 32 20 ett
351 789 119 27 sålydande
486 789 229 27 petitionsmemorial:

283 854 44 17 Till
340 855 124 22 vällofliga
477 855 196 22 Borgareståndet,

172 895 50 18 Efter
241 896 30 18 det
289 897 71 22 Nådiga
376 897 136 22 Förordningen
529 903 28 12 om
569 897 67 18 handel
648 897 34 18 och
695 897 84 22 näringar
791 897 20 17 af
823 897 34 17 den

103 924 24 18 24
145 925 86 18 Februari
249 925 46 19 1868
311 926 88 23 aflägsnat
411 927 22 18 de
446 927 53 18 flesta
512 928 20 17 af
543 927 22 18 de
577 928 95 20 skrankor,
685 927 48 17 inom
745 927 65 17 hvilka
823 928 35 16 rät-

101 955 81 21 tigheten
195 957 28 16 att
234 956 63 17 utöfva
309 957 65 22 näring
386 958 33 16 och
431 958 46 21 yrke
491 957 65 18 dittills
569 957 63 17 hållits
646 957 107 21 innesluten,
763 958 45 16 samt
816 957 41 16 För-

101 985 98 22 ordningen
212 991 28 12 om
252 987 108 22 näringarna
372 987 20 17 af
404 987 34 18 den
450 987 24 18 31
487 988 48 17 Mars
548 987 46 18 1879
608 987 99 18 sedermera
719 987 56 17 infört
787 992 22 11 en
815 987 43 16 full-

101 1015 72 22 ständig
185 1016 129 22 näringsfrihet
326 1017 7 16 i
345 1017 65 22 landet,
424 1018 24 16 ha
460 1017 117 22 klagomålen
589 1017 41 17 från
642 1017 163 18 industriidkarnes
818 1017 41 16 sida

100 1044 63 18 blifvit
170 1045 34 18 allt
216 1046 119 22 högljuddare
349 1047 49 17 öfver
406 1049 27 15 att
441 1047 190 22 yrkesskickligheten
640 1047 34 17 och
682 1047 108 22 bildningen
799 1046 58 17 öfver-

100 1074 70 18 hufvud
182 1075 31 18 hos
227 1076 50 17 deras
291 1077 80 17 arbetare
384 1077 19 17 år
415 1077 28 17 för
451 1077 20 17 år
479 1077 109 21 försämrats,
597 1079 45 15 samt
652 1078 26 16 att
687 1077 172 17 handtverkerierna

101 1104 56 17 under
172 1105 67 18 sådana
255 1106 125 18 förhållanden
397 1109 45 16 samt
454 1107 58 18 under
525 1113 21 11 en
562 1107 66 22 obillig
640 1107 113 17 konkurrens
765 1106 40 17 med
818 1106 40 17 obe-

101 1135 83 16 skattade
200 1136 33 16 och
252 1137 40 16 med
311 1137 83 17 afseende
413 1138 11 16 &
435 1137 150 22 yrkesfärdighet
596 1137 166 17 odokumenterade
775 1136 84 17 industri-

100 1163 64 18 idkare
177 1165 53 17 råkat
246 1166 7 16 i
263 1167 34 16 allt
304 1167 71 17 svårare
388 1167 116 17 ekonomiskt
512 1167 77 22 betryck
598 1167 33 17 och
640 1167 95 22 lägervall.
757 1166 62 17 Redan
828 1165 32 18 vid

100 1193 109 22 föregäende
224 1195 93 23 landtdag,
335 1197 44 17 efter
392 1197 30 17 det
434 1197 36 17 den
482 1202 37 17 nya
531 1197 128 22 förordningen
672 1197 91 22 knappast
772 1196 47 17 varit
828 1195 33 18 tvä

101 1223 20 17 år
133 1224 7 16 i
152 1224 84 21 gällande
251 1225 55 22 kraft,
320 1226 55 17 funno
389 1227 52 17 dessa
454 1227 95 22 klagomål
562 1227 54 16 äfven
630 1232 22 15 en
664 1227 37 16 röst
713 1226 28 17 för
753 1227 30 20 sig
794 1226 6 16 i
809 1225 51 17 detta

101 1253 58 22 ständ,
177 1254 56 17 ehuru
252 1255 30 18 det
300 1256 113 17 framställda
430 1257 204 22 petitionsmemorialet,
650 1256 57 17 säsom
725 1255 63 18 alltför
805 1255 56 22 tidigt

101 1284 61 21 väckt,
175 1283 23 18 dä
210 1285 42 17 icke
264 1291 31 12 ens
307 1287 64 22 ansågs
379 1287 44 17 böra
435 1287 110 22 hänskjutas
557 1287 31 17 till
597 1286 100 22 beredning
705 1285 21 18 af
733 1286 76 21 utskott,
817 1286 44 17 utan

101 1313 110 18 omedelbart
223 1315 118 19 förkastades.

173 1344 58 18 Sedan
244 1348 70 16 senaste
327 1346 88 22 landtdag
427 1346 33 17 har
474 1346 102 18 emellertid
588 1346 107 22 ytterligare
714 1351 23 12 en
753 1345 81 22 tidrymd
843 1345 20 17 af

102 1375 27 15 tre
142 1374 19 17 år
174 1374 81 22 förflutit,
267 1376 102 18 hvarunder
382 1382 22 12 en
417 1378 57 16 större
487 1377 101 17 erfarenhet
600 1377 74 17 vunnits
688 1376 75 17 rörande
776 1376 22 17 de
807 1376 54 22 prak-

102 1404 49 16 tiska
167 1404 89 22 följderna
277 1406 20 17 af
312 1406 54 18 ofvan
378 1406 102 23 åberopade
493 1406 111 22 näringslag,
617 1406 33 17 och
663 1406 35 17 allt
709 1406 24 17 ha
745 1405 116 22 klagomålen

103 1433 39 17 från
159 1434 140 21 yrkesidkarnes
316 1436 40 18 sida
368 1436 88 18 derunder
468 1437 44 17 icke
524 1436 47 18 blott
583 1436 79 17 fortfarit
674 1437 43 15 utan
731 1435 54 17 äfven
797 1436 66 16 vunnit

103 1463 7 17 i
126 1464 96 18 intensitet.
247 1466 26 17 På
289 1466 31 18 det
336 1466 91 18 allmänna
443 1466 61 18 finska
520 1466 196 18 industriidkaremötet
737 1465 8 17 i
763 1464 74 23 Wiborg
855 1465 7 17 i

215 1502 108 22 Allmänna
338 1503 187 21 Besvärsutskottets
541 1502 117 22 betänkande
673 1502 37 21 N:o
726 1502 18 20 1.
