1061 1717
294 111 240 19 Petitionsbetänkande
545 112 38 18 N:o
595 112 33 18 48.

330 439 62 31 Lag-
422 439 48 24 och
500 440 271 24 Ekonomiutskottets
801 441 42 23 be-

298 480 131 23 tänkande
442 479 46 24 N:o
502 480 16 23 9
531 480 9 23 i
553 480 139 31 anledning
704 479 29 24 af
747 481 96 23 tvenne

298 519 42 24 till
352 520 191 24 Bondeståndet
555 520 147 24 inlemnade
713 520 130 31 petitions-

299 559 95 32 förslag
420 561 132 30 angående
579 560 196 31 skattläggning
797 561 48 23 och

299 600 229 31 mantalssättning
545 600 28 24 af
589 601 146 31 kronotorp.

166 668 36 21 Uti
212 668 194 27 protokollsutdrag
416 667 24 22 af
449 668 40 21 den
503 669 26 21 12
539 669 98 20 sistlidne
648 668 102 21 Februari
761 669 38 21 har
809 669 37 20 he-

99 702 104 22 dervärda
217 702 159 21 Bondeståndet
390 702 33 21 till
440 702 56 27 Lag-
515 703 39 21 och
572 703 220 21 Ekonomiutskottets
811 703 36 21 be-

99 737 101 27 handling
215 737 118 21 remitterat
347 738 77 19 tvenne
439 737 213 26 petitionsmemorial
669 737 23 21 af
709 737 92 27 följande
817 738 30 20 in-

99 771 82 22 nehåll:

285 822 43 17 Till
340 821 138 18 hedervärda
490 822 176 18 Bondeståndet!

170 863 79 17 Allmänt
261 862 56 18 kändt
329 863 24 20 är,
362 863 28 16 att
402 862 67 17 kronan
482 862 109 18 tillhörande
604 862 123 23 skogsmarker
739 863 5 16 i
757 863 64 22 många
833 863 20 17 af

102 891 39 18 vårt
155 891 52 18 lands
221 891 102 18 kommuner
338 891 74 17 omfatta
428 896 21 12 en
465 892 43 19 stor,
519 891 19 22 ja
553 891 58 22 någon
627 891 48 22 gång
690 892 66 16 största
771 891 50 18 delen
834 891 19 18 af

102 920 41 17 hela
155 920 114 17 kommunens
279 919 77 24 jordyta,
364 919 64 18 hvaraf
438 919 56 18 redan
506 919 66 23 uppstå
584 919 65 23 många
661 920 61 17 mödor
743 920 32 17 och
784 920 69 17 besvär-

103 949 75 22 ligheter
192 948 27 17 för
233 948 113 17 kommunens
362 947 58 24 öfriga
435 947 58 18 åboer.
518 948 24 17 Så
557 948 29 17 till
600 949 84 22 exempel,
696 954 27 12 om
735 949 16 22 ej
763 949 90 22 kronojor-

103 977 33 18 den
154 977 89 22 begagnas
261 976 57 18 såsom
336 976 106 22 betesmark,
456 976 19 17 få
493 982 76 17 egarene
587 977 19 17 af
622 977 132 22 närgränsande
771 977 82 18 hemman

103 1006 54 17 vakta
175 1005 39 18 sina
231 1005 72 18 kreatur
319 1005 39 17 från
377 1006 27 17 att
418 1005 60 22 slippa
494 1005 30 17 till
539 1005 135 18 kronomarken.
697 1005 88 24 Derjemte
800 1006 33 17 har
847 1006 6 17 i

103 1034 64 23 många
184 1034 69 17 trakter
270 1033 23 23 på
311 1033 50 18 dessa
379 1033 126 18 kronomarker
523 1034 89 22 placerats
627 1039 21 12 en
663 1035 37 16 stor
715 1034 65 23 mängd
795 1034 59 21 åboer,

104 1063 62 18 ibland
178 1063 47 18 ända
237 1063 28 17 till
278 1064 44 16 nära
334 1062 67 18 hälften
414 1062 20 17 af
441 1062 116 18 kommunens
566 1062 57 22 öfriga
632 1062 97 21 åbo-antal,
737 1063 56 17 under
801 1068 52 13 namn

105 1091 19 18 af
133 1091 134 23 kronotorpare,
275 1091 32 18 och
320 1091 49 18 torde
382 1091 21 17 de
414 1091 30 17 till
456 1091 68 17 största
536 1091 51 18 delen
599 1097 43 12 vara
654 1091 27 18 dit
691 1091 92 22 placerade
791 1097 63 17 genom

104 1120 90 21 kontrakt,
205 1119 40 18 med
257 1119 242 23 interimsskattläggningar,
512 1125 37 12 som
561 1119 111 18 tillförsäkra
684 1119 63 18 endast
759 1120 44 21 dem,
815 1120 39 18 med

104 1148 62 18 hvilka
180 1149 107 17 kontrakten
302 1149 31 17 äro
344 1148 105 23 uppgjorda,
462 1148 146 23 besittningsrätt
620 1149 29 16 till
662 1150 61 20 torpen
736 1149 20 17 så
768 1149 52 22 länge
832 1149 22 18 de

105 1177 75 22 uppföra
192 1177 27 22 sig
231 1177 103 22 ordentligt.
351 1177 41 17 Med
404 1176 98 23 anledning
514 1176 53 18 häraf
578 1177 53 17 hafva
644 1177 21 18 de
678 1183 20 11 en
710 1178 70 22 mycket
791 1178 64 17 osäker

106 1205 84 21 åbo-rätt,
205 1205 33 18 och
253 1205 78 23 betunga
345 1205 58 18 derför
418 1205 38 18 ofta
472 1205 115 18 kommunens
602 1205 58 23 öfriga
674 1205 102 24 befolkning
791 1211 63 18 genom

107 1235 27 16 att
149 1233 57 23 någon
221 1233 47 24 gång
283 1233 44 18 råka
340 1233 120 23 fattigvården
475 1233 30 18 till
520 1233 43 22 last;
579 1234 33 17 och
626 1234 41 17 hela
682 1234 57 18 denna
754 1234 23 23 på
792 1235 62 17 krono-

106 1262 50 17 mark
171 1262 69 18 boende
251 1262 102 23 befolkning
364 1262 60 23 njuter
436 1262 36 18 alla
484 1262 78 18 fördelar
574 1263 19 17 af
603 1263 114 17 kommunens
729 1263 125 23 inrättningar,

107 1292 43 17 utan
163 1292 27 16 att
200 1291 28 18 för
240 1291 27 18 sin
277 1291 41 23 jord
330 1291 72 23 deltaga
413 1291 27 18 uti
452 1291 114 18 kommunala
577 1291 130 23 betunganden.

175 1326 40 18 Men
224 1325 23 18 då
255 1325 98 23 Kejserliga
360 1325 126 23 förordningen
496 1325 20 18 af
523 1325 19 17 år
551 1326 49 21 1877,
609 1331 28 12 om
646 1326 109 23 anläggning
763 1326 20 18 af
789 1326 66 24 nybyg-

107 1355 111 22 geshemman
234 1354 33 18 och
281 1354 100 23 kronotorp,
393 1354 114 18 föreskrifver
522 1354 5 18 i
543 1356 10 20 &
568 1356 27 20 13,
608 1355 28 17 att
650 1354 24 23 pä
688 1354 94 24 kronojord
797 1354 29 18 må
837 1355 20 17 af

105 1383 81 23 jordlott,
198 1388 36 12 som
250 1384 19 16 är
284 1383 29 17 till
325 1382 100 23 kronopark
438 1383 76 23 olämlig
525 1384 46 16 samt
583 1383 28 17 till
624 1382 171 24 nybyggeshemman
808 1383 48 18 otill-

108 1412 73 22 räcklig,
196 1411 59 17 bildas
269 1411 103 23 skattlagda
386 1411 103 23 kronotorp,
505 1412 43 17 utan
563 1411 74 21 mantal,
650 1411 20 17 sä
684 1411 27 18 får
723 1411 33 23 jag
771 1412 39 17 med
826 1417 31 13 an-

177 1446 44 21 Lag-
234 1447 29 16 och
277 1446 164 16 Fkonomiutskottets
453 1446 104 17 betänkande
569 1446 34 16 N:o
616 1446 16 16 9.
