1061 1717
323 111 238 23 Petitionsbetänkande
577 112 39 22 N:e
632 111 36 23 45.
819 111 13 21 3

109 178 83 22 önskligt
210 180 27 15 att
255 178 86 22 rättighet
360 178 30 17 till
406 178 120 22 begagnande
539 178 20 17 af
569 179 85 21 ungskog
666 177 100 22 beviljades
779 177 27 17 för
819 182 43 16 upp-

110 208 74 17 förande
197 208 20 17 af
228 208 126 22 nybyggarens
368 208 67 22 nödiga
448 208 116 22 boningshus,
578 208 27 17 för
617 207 118 23 båtbyggnad
748 207 33 17 och
791 206 30 18 till
828 206 33 17 för-

111 237 106 23 färdigande
229 238 21 16 af
261 238 46 21 kärl,
321 240 65 20 pertor,
399 238 73 22 gärdsel
484 244 22 11 m.
520 244 21 11 m.
566 238 59 17 Häraf
636 238 61 16 skulle
709 238 41 16 icke
757 238 61 16 Staten
825 236 37 18 till-

109 268 81 22 skyndas
203 269 60 20 någon
274 268 103 21 nämnvärd,
392 269 106 16 åtminstone
511 268 41 17 icke
565 268 59 22 någon
637 268 82 16 kännbar
732 267 70 17 förlust.

181 293 23 21 Åt
216 298 118 22 nybyggaren
347 298 60 17 skulle
417 298 33 22 jag
464 298 58 17 derför
535 299 6 16 i
548 298 74 17 främsta
628 299 75 15 rummet
709 296 66 18 föreslå
782 296 79 22 följande

110 326 95 18 förmåner:
218 327 100 17 skattefritt
329 328 47 20 bete,
390 328 106 16 åtminstone
510 328 46 16 ända
569 327 39 17 tills
621 327 94 22 nybygget
725 326 88 22 belägges
821 325 40 18 med

110 356 35 17 full
162 357 57 20 skatt;
235 357 88 22 rättighet
335 359 26 15 att
374 357 56 17 under
443 358 60 21 laglig
516 358 27 16 tid
555 358 24 21 på
591 358 79 16 kronans
682 356 71 18 område
766 356 45 17 idka
821 356 40 22 jagt

110 387 11 15 &
138 387 61 21 skogs-
215 387 34 17 och
265 387 84 22 sjö-fogel
362 387 56 21 jämte
435 387 55 22 öfrigt
507 387 95 21 villebråd,
620 386 84 18 tillstånd
720 388 27 15 att
760 386 47 17 fiska
820 386 6 16 i
839 386 22 16 de

109 416 49 17 inom
174 417 77 17 kronans
269 417 89 17 länderier
371 417 96 22 befintliga
479 417 113 21 fiskevatten,
606 416 66 18 hvilka
684 417 40 16 icke
737 416 124 17 dessförinnan

111 446 40 17 helt
167 447 32 16 och
216 447 58 17 hållet
290 447 104 22 bortgifvits
410 447 30 16 till
454 447 92 17 enskildes
559 447 52 17 bruk.
636 447 30 16 Må
678 452 40 11 man
731 447 19 16 åt
762 447 99 21 nybygget,

110 475 41 17 ifall
168 476 127 21 lägenheterna
307 477 63 16 sådant
383 476 65 21 fordra,
462 477 51 21 gifva
525 477 72 21 mycket
609 476 69 17 mindre
692 476 133 21 mantalsdelar,
838 477 23 16 än

110 506 7 16 i
136 511 23 11 nu
178 506 85 21 gällande
282 506 125 22 förordningar
425 507 126 20 föreskrifvas;
570 506 97 23 spanmåls-
680 506 33 17 och
725 506 73 17 utsädes
811 505 50 22 hjelp

111 535 32 17 bör
159 535 80 22 rikligen
255 536 86 21 beviljas;
354 536 170 22 tillträdessynerna
535 537 62 16 kunna
613 537 116 16 kommunens
747 535 114 18 medlemmar

111 568 45 14 samt
175 565 131 18 forstmästaren
325 566 109 21 värkställa;
453 566 139 17 skattefriheten
611 566 61 17 skulle
684 566 102 17 utsträckas
799 565 62 17 åtmin-

110 597 51 15 stone
174 595 58 17 delvis
245 595 47 17 ända
305 595 30 17 till
344 594 25 19 en
382 595 79 22 tidrymd
474 595 20 18 af
505 596 21 17 af
536 597 23 16 50
572 597 24 16 är.

182 625 53 17 Detta
251 625 155 22 petitionsförslag
422 626 100 17 innesluter
531 626 34 21 jag
577 627 48 16 ännu
638 631 22 12 en
673 627 48 21 gäng
733 626 7 17 i
753 625 31 18 det
796 625 65 17 Heder-

110 655 57 16 värda
188 655 140 17 Bondeständets
347 655 77 22 välvilja
442 656 34 17 och
495 656 51 17 utber
564 656 37 21 mig
620 656 27 17 för
666 656 97 17 detsamma
781 655 80 17 ständets

110 684 81 22 kraftiga
206 685 114 20 medverkan,
337 685 7 16 i
360 685 31 17 det
404 685 34 22 jag
454 685 90 18 vördsamt
560 685 83 18 anhäller
658 691 28 12 om
702 685 81 18 ärendets
799 685 62 17 remiss

111 714 30 16 till
153 714 96 17 Allmänna
261 715 168 17 Besvärsutskottet.

183 744 112 22 Helsingfors
308 744 34 17 den
356 745 22 16 20
388 745 73 21 januari
476 745 50 17 1885.

614 780 50 22 Isak
680 780 91 23 Hoikka.

509 817 129 22 Representant
650 817 27 16 för
690 817 68 17 Torneä
770 817 90 21 domsaga.

182 936 78 27 Vigten
282 936 23 21 af
324 938 33 20 att
377 936 129 27 nyodlingar
527 937 38 21 och
587 943 26 15 en
630 936 103 27 utvidgad
750 936 109 22 kolonisa-

112 971 47 22 tion
182 971 23 22 af
228 973 47 20 värt
299 972 62 21 lands
384 972 136 21 vidsträckta
544 972 128 21 ödemarker
688 972 71 21 sävidt
774 971 86 28 möjligt

111 1007 136 22 underlättas
264 1010 38 25 gör
318 1008 142 21 förevarande
476 1008 93 27 petition
581 1008 6 21 i
599 1008 33 27 sig
648 1008 52 21 värd
715 1009 34 20 att
765 1007 24 22 af
801 1009 58 20 stän-

110 1043 67 22 derna
199 1043 98 22 beaktas.
329 1044 49 21 Men
402 1044 28 21 dä
454 1044 37 21 det
515 1043 121 28 väsentliga
657 1043 23 22 af
694 1044 39 21 där
749 1043 111 28 uttryckta

109 1079 165 28 önskningsmäl
297 1080 45 21 dels
365 1080 68 21 redan
456 1082 25 19 är
505 1079 148 28 tillgodosedt,
675 1079 45 22 dels
743 1081 29 26 pä
788 1086 71 15 annan

111 1117 41 25 väg
172 1115 39 22 har
227 1115 92 22 kommit
335 1116 69 21 under
420 1116 129 21 ständernas
565 1115 139 28 behandling,
722 1116 6 21 i
745 1116 38 21 det
799 1117 60 20 näm-

109 1151 58 27 ligen
190 1151 157 27 petitionärens
370 1152 113 27 yrkanden
506 1151 136 22 beträffande
663 1153 44 20 rätt
729 1151 34 22 till
784 1151 75 27 skogs-

110 1186 127 28 afverkning
257 1187 111 22 äfvensom
390 1187 105 28 förslaget
512 1194 33 15 om
567 1187 151 28 utsträckning
735 1187 24 22 af
772 1187 87 22 frihets-

110 1223 52 21 åren
178 1222 33 22 för
227 1223 111 27 nybyggen
354 1223 34 22 till
404 1223 30 22 50
450 1224 24 21 är
490 1223 6 21 i
514 1223 39 22 och
569 1229 77 22 genom
663 1223 48 22 nåd.
728 1229 61 21 prop.
806 1223 53 22 n:ris

111 1258 28 21 16
156 1259 39 20 och
211 1259 28 21 37
256 1259 39 21 och
315 1259 45 27 lag-
377 1259 39 22 och
438 1259 222 22 ekonomiutskottets
677 1259 49 22 med
742 1258 118 28 anledning

111 1294 24 21 af
149 1294 48 22 dem
218 1294 82 28 afgifna
317 1294 138 22 betänkande
474 1297 38 19 äro
531 1295 54 21 eller
603 1295 67 21 redan
692 1295 56 21 varit
769 1295 90 21 föremäl

111 1329 33 22 för
160 1330 128 22 ständernas
304 1330 143 28 behandling;
464 1331 6 21 i
483 1332 37 21 det
530 1331 74 22 vidare
615 1330 187 28 fiskerättigheten
813 1331 47 27 just

111 1364 6 22 i
134 1366 26 20 de
177 1366 60 21 delar
257 1366 24 21 af
300 1366 74 22 landet
394 1366 159 27 petitionärens
576 1366 81 28 förslag
676 1366 64 28 afser,
757 1367 49 21 med
822 1373 37 15 an-

109 1400 88 28 ledning
213 1401 24 22 af
253 1408 27 15 en
296 1400 72 24 annan
391 1402 94 27 petition
501 1403 59 27 legat
576 1403 33 21 till
626 1403 70 27 grund
711 1402 34 22 för
761 1404 32 20 ett
809 1402 50 22 tidi-

110 1443 51 20 gare
176 1437 139 23 betänkande
337 1438 23 21 af
374 1438 110 22 allmänna
504 1438 208 28 besvärsutskottet;
729 1438 6 22 i
752 1439 37 21 det
805 1439 54 21 slut-

111 1472 57 27 ligen
185 1474 169 27 spanmälshjälp
376 1474 34 21 till
432 1475 78 21 utsäde
529 1475 68 27 enligt
612 1475 101 27 gällande
729 1474 130 29 författning

184 1516 106 20 Allmänna
305 1517 184 20 Besvärsutskottets
504 1517 116 21 betänkande
635 1515 41 23 N:o
692 1518 35 20 28.
