1061 1717
321 76 245 24 Petitionsbetänkande
580 78 40 22 N:o
638 76 35 23 14.
827 77 14 21 3

119 149 115 22 gareständet
246 149 41 17 icke
299 149 93 23 förvägrar
404 150 27 16 sin
443 150 111 17 medverkan
567 150 29 16 till
608 149 84 17 lösandet
699 149 20 17 af
725 154 22 12 en
756 148 40 18 utaf
801 148 70 18 landets

119 180 44 16 mest
175 179 104 17 brännande
290 179 66 22 frågor,
369 179 129 17 vördsammast
510 180 32 16 hos
555 179 149 22 Borgareståndet
716 179 83 17 anhålla:

297 227 28 17 det
336 226 39 19 ville
387 226 89 24 vällofliga
488 227 151 23 Borgareståndet
647 227 53 23 jemte
712 227 22 17 de
746 226 59 18 andra
817 226 54 18 Stän-

261 256 34 18 den
310 256 30 18 hos
352 256 54 18 Hans
418 257 86 23 Majestät
516 256 207 24 Kejsaren-Storfursten
735 256 6 18 i
753 255 119 23 underdånig-

262 286 27 18 het
307 286 78 22 anhålla,
404 287 28 17 att
447 286 62 23 Nådig
523 286 108 24 proposition
646 286 54 23 blefve
711 286 56 18 redan
778 286 57 18 under
846 291 26 12 nu

259 316 92 24 pågående
369 316 86 24 landtdag
469 316 88 24 förelagd
575 316 91 18 Finlands
681 316 76 18 Ständer
772 316 17 23 ej
802 315 70 19 mindre

262 353 28 12 om
303 347 20 18 de
335 347 47 18 båda
394 347 89 17 inhemska
495 347 85 23 språkens
591 346 109 24 likställighet
707 346 67 23 jemväl
782 346 49 18 inom
838 351 34 12 em-

263 377 96 18 betsverken
377 377 30 18 och
426 377 31 18 vid
475 377 56 18 desses
545 376 125 24 skriftvexling
682 376 38 18 med
732 376 104 18 hvarandra
848 376 24 17 än

262 407 52 23 äfven
331 413 29 12 om
374 406 122 24 förfarandet
515 407 7 17 i
537 406 21 18 de
574 406 39 23 fall,
626 406 23 18 dä
661 406 21 18 de
688 406 61 23 finska
760 406 30 18 och
801 406 73 18 svensko

262 437 90 23 originala
364 437 105 23 lagtexterne
481 437 28 18 uti
521 437 123 22 härförinnan
656 437 73 23 utgifna
741 437 40 18 eller
788 435 85 24 framde-

263 467 24 18 les
304 467 123 18 utkommande
438 467 141 23 författningar
590 467 80 23 befinnas
682 467 63 23 afvika
756 467 53 23 ifrån
821 466 52 18 hvär-

265 497 64 18 andra.

194 545 152 24 Helsingfors,
360 545 33 19 den
406 546 10 17 1
427 545 92 18 Februari
530 546 55 17 1885.

620 592 53 23 Karl
688 592 113 23 Fabritius.

313 725 39 16 Till
365 725 135 16 hedervärda
513 725 170 16 Bondeståndet.

194 779 41 16 Med
249 784 21 11 en
283 779 65 16 känsla
360 778 20 17 af
392 778 83 22 djupaste
484 779 112 17 tacksamhet
604 779 89 16 erkänner
701 778 62 21 hvarje
772 778 47 17 finsk
829 777 48 17 med-

122 809 75 22 borgare
216 809 62 21 vigten
296 808 20 17 af
333 808 21 17 de
374 808 88 21 åtgärder,
479 808 66 17 hvilka
557 808 87 21 vidtagits
657 808 23 21 på
692 807 119 18 föranstaltan
823 807 20 17 af
854 807 23 16 de

123 839 51 21 evigt
193 838 76 17 älskade
287 839 106 20 regenterna
410 837 104 17 Alexander
532 838 18 16 II
569 838 32 16 och
618 838 27 17 HI
662 838 27 16 för
701 837 100 17 insättande
815 837 20 17 af
847 837 30 17 det

124 868 58 17 finska
195 868 74 22 språket
281 868 6 16 i
300 867 40 17 dess
349 867 91 22 naturliga
449 867 112 22 rättigheter.
581 868 57 16 Dessa
645 867 106 22 rättigheter
759 867 55 17 hafva
822 867 54 16 äfven

123 899 51 16 såväl
186 899 58 21 enligt
256 897 108 18 bokstafven
376 903 37 11 som
426 897 143 22 andemeningen
582 899 7 15 i
601 898 85 21 gällande
699 898 66 16 allmän
775 898 32 21 lag
815 897 60 17 städse

123 929 68 16 funnits
210 929 35 16 till.
270 928 69 17 Endast
357 928 6 15 i
382 928 98 21 praktiken
498 927 56 17 hafva
566 928 7 16 i
586 929 41 15 vårt
639 927 42 17 land
694 927 183 22 språkförhållanden

124 959 86 21 uppstått,
230 963 37 12 som
285 958 49 16 varit
352 958 6 16 i
378 958 64 21 högsta
461 957 46 22 grad
526 957 104 22 besvärliga
645 957 27 17 för
685 957 34 17 den
732 957 59 17 finska
803 957 74 17 talande

125 987 53 18 delen
196 988 19 16 af
232 988 63 16 folket.
327 987 31 16 Om
377 987 34 16 ock
430 986 22 17 de
471 987 99 21 vigtigaste
589 988 101 21 punkterna
707 987 55 16 redan
781 987 97 22 undergått

125 1023 22 11 en
165 1017 104 22 förändring
288 1022 63 16 genom
370 1017 22 16 de
412 1017 145 16 administrativa
576 1017 88 21 åtgärder,
683 1022 36 11 som
737 1017 24 22 på
780 1017 58 21 gruud
857 1016 22 17 af

125 1047 71 21 Nådiga
207 1047 134 21 Förordningen
354 1046 20 17 af
385 1046 34 17 den
433 1046 9 17 1
455 1046 79 21 Augusti
548 1046 46 17 1863
606 1047 55 16 hafva
672 1047 39 16 haft
724 1047 30 16 till
766 1047 73 22 uppgift
850 1049 28 14 att

125 1077 86 22 förpligta
229 1077 96 16 domstolar
337 1077 33 16 och
383 1076 113 17 embetsverk
510 1076 29 17 till
553 1076 118 17 användande
683 1077 20 16 af
713 1077 60 17 finska
785 1077 74 22 språket
870 1077 7 16 i

126 1107 82 20 ärenden,
225 1112 37 11 som
275 1107 47 21 angå
335 1106 59 17 finska
406 1106 74 17 talande
493 1107 94 20 sakägare,
600 1107 20 16 så
632 1108 20 15 är
665 1107 46 16 dock
723 1107 60 17 finska
795 1107 82 22 språkets

126 1137 123 21 likställighet
261 1137 39 16 med
314 1137 29 16 det
356 1137 78 16 svenska
447 1137 6 16 i
466 1138 26 15 ett
505 1136 83 17 afseende
600 1138 48 15 ännu
661 1137 15 21 ej
686 1137 91 22 uppnådd,
786 1137 91 22 nämligen

126 1167 38 17 deri
176 1168 27 15 att
215 1166 91 17 särskilda
319 1166 112 17 embetsverk
444 1166 86 21 företagit
543 1167 28 21 sig
583 1168 27 15 att
622 1166 84 22 förbjuda
714 1167 49 22 lägre
772 1167 106 22 tjens'emän

126 1199 27 14 att
170 1197 6 16 i
192 1197 27 16 sin
233 1196 207 21 tjenstekorrespondens
454 1196 84 17 använda
550 1196 59 17 finska
622 1197 78 21 språket.
724 1197 43 16 Alla
779 1197 28 16 för
819 1197 58 16 fäder-

126 1226 102 17 neslandets
244 1226 53 17 bästa
313 1225 116 18 nitälskande
445 1226 126 21 medborgares
583 1228 89 15 varmaste
685 1227 69 16 önskan
766 1226 51 17 torde
829 1231 49 16 vara,

126 1258 27 15 att
168 1256 91 17 missbruk
276 1255 19 17 af
311 1256 58 17 denna
384 1257 33 19 art,
430 1256 66 17 hvilka
509 1256 64 17 endast
585 1257 30 16 äro
628 1256 68 21 egnade
709 1258 27 15 att
748 1257 83 16 förbittra
843 1257 36 16 sin-

127 1292 50 15 nena,
190 1285 40 17 med
243 1285 30 17 det
285 1288 79 14 snaraste
377 1286 54 16 måtte
444 1286 109 22 upphäfvas.

197 1316 22 16 Vi
236 1316 54 21 bedja
306 1316 70 17 således
392 1316 130 17 vördsammast
541 1318 26 15 att
581 1316 30 17 det
623 1316 110 18 hedervärda
746 1316 131 18 bondeståndet

127 1346 44 17 ville
184 1351 62 16 genom
259 1348 27 14 att
299 1346 90 16 remittera
402 1346 30 16 till
444 1346 73 16 utskott
529 1346 117 22 understöija
654 1348 26 15 ett
688 1346 68 22 förslag
764 1346 30 17 till
803 1346 76 22 petition

127 1375 20 17 af
157 1376 86 20 innehåll,

305 1412 26 16 alt
349 1410 55 18 Hans
421 1410 101 24 Kejserliga
540 1411 85 23 Majestät
643 1411 62 18 täcktes
718 1412 93 22 förordna
822 1412 57 18 vidta-

267 1440 58 23 gande
344 1440 25 23 af
384 1440 70 18 sådana
466 1440 90 23 åtgärder,
569 1446 37 12 som
618 1441 54 18 skulle
682 1442 45 22 göra
739 1441 28 18 det
777 1441 32 23 för
819 1442 59 22 finska

198 1478 107 19 Allmänna
320 1478 186 19 Besvärsutskottets
522 1477 116 24 betänkande
654 1478 30 20 No
699 1478 32 20 12.
