1061 1717
251 94 29 22 10
421 86 241 28 Petitionsbetänkande
676 93 41 23 N:o
734 93 35 23 23.

292 159 33 21 De
332 159 125 27 petitioner,
468 165 47 15 som
527 159 7 21 i
544 159 78 27 antydt
632 159 56 28 syfte
698 160 37 21 vid
747 159 145 23 innevarande
902 159 72 22 landt-

220 196 43 26 dag
278 195 124 27 inlämnats,
419 195 58 27 gälla
501 194 135 22 inrättandet
660 195 24 22 af
701 202 27 15 en
743 196 80 21 svensk
837 195 114 23 flickskola
966 195 8 21 i

221 231 134 21 Mariehamn
372 230 36 29 (hr
422 230 100 29 Elvings)
547 231 40 21 och
610 231 136 22 inrättandet
769 231 54 22 eller
837 231 136 27 öfvertagan-

219 267 39 21 det
273 266 24 22 af
310 266 70 22 finska
396 267 82 21 sådana
501 266 8 22 i
533 261 55 33 Åbo,
612 266 87 28 Viborg,
720 267 153 27 Tammerfors,
896 266 76 28 Jyväs-

219 302 52 27 kylä
286 302 39 22 och
341 302 87 28 Nyslott
447 302 66 29 (resp.
530 302 38 21 hrr
583 302 114 22 Vehanens
713 309 20 15 o.
754 309 27 22 a.,
798 303 117 27 Cloubergs
932 303 40 21 och

219 338 85 28 Häklis,
321 338 114 22 Sumelius'
460 344 18 16 o.
495 344 27 21 a.,
538 338 111 27 Högmans
673 340 58 20 samt
754 338 136 30 Landgrens)
908 338 64 22 hvar-

219 373 96 23 förutom
332 374 137 22 sistnämnda
486 373 94 29 petition
596 374 107 27 därjämte
719 374 58 22 afser
787 376 34 20 att
830 374 87 22 beröfva
927 374 44 27 pri-

219 411 52 20 vata
291 410 93 22 svenska
406 410 229 22 fruntimmersskolan
652 410 6 22 i
674 410 88 28 Nyslott
778 410 50 22 dess
843 410 79 22 hittills
938 411 32 21 ät-

220 446 77 27 njutna
313 446 139 27 statsanslag.

290 499 137 23 Beträffande
450 499 160 28 behöfligheten
634 501 33 20 att
690 501 72 20 staten
787 500 138 22 underhäller
943 507 27 15 en

219 534 114 23 flickskola
348 536 50 21 med
420 535 68 22 finskt
508 535 235 28 undervisningsspräk
758 536 7 21 i
781 535 81 28 Viborg
878 536 39 21 och
932 535 37 28 Jy-

218 571 97 28 väskylä,
331 571 60 22 delar
406 572 109 21 utskottet
531 571 7 21 i
549 571 43 21 allo
602 571 183 27 petitionärernas
795 571 65 28 äsigt,
871 577 48 16 men
930 571 40 22 har

219 609 74 20 ansett
315 609 33 20 ett
371 607 204 22 ständeruttalande
599 607 7 22 i
626 607 77 27 frägan
727 607 142 28 öfverflödigt,
885 607 24 22 af
922 607 48 22 skäl

218 644 34 19 att
263 645 96 25 senaten,
368 643 69 27 enligt
447 643 57 22 hvad
515 643 34 21 till
560 643 120 22 utskottets
690 643 100 26 kunskap
801 643 97 27 kommit,
909 643 61 22 hem-

220 678 54 22 stält
294 679 28 21 bl.
339 685 19 16 a.
375 685 35 15 om
426 679 27 22 de
470 679 7 21 i
492 679 65 21 dessa
580 679 74 21 städer
673 678 113 28 befintliga
801 679 85 27 privata
900 678 71 23 finska

219 713 165 23 flickskolornas
400 714 155 27 öfvertagande
572 714 23 21 af
609 716 79 20 staten.

289 768 11 21 I
315 768 61 27 fråga
392 775 34 15 om
451 768 105 27 förslaget
579 770 34 19 att
637 769 72 20 staten
731 767 71 22 skulle
818 767 111 28 öfvertaga
945 769 27 20 de

219 804 86 27 privata
321 803 70 22 finska
406 803 155 22 flickskolorna
576 803 7 21 i
600 803 147 22 Tammerfors
763 803 40 22 och
819 798 54 33 Åbo,
884 804 28 21 ha
922 804 49 21 där-

219 841 60 20 emot
294 840 107 21 tankarna
416 839 59 22 inom
499 840 110 21 utskottet
632 839 56 21 varit
704 839 83 21 delade.
819 839 42 21 Det
879 839 40 21 har
934 845 38 15 an-

218 875 84 27 gående
318 875 152 22 förstnämnda
493 875 42 21 den
559 875 12 21 1
596 877 54 24 sept.
674 875 57 22 1883
753 874 136 27 grundlagda
910 874 62 22 skola

217 911 106 26 päpekats
339 911 112 27 hurusom,
468 911 28 21 dä
511 911 43 20 hon
570 913 58 18 ännu
644 910 47 22 icke
708 910 104 21 existerat
825 911 37 20 tvä
877 911 30 26 är,
918 910 54 22 eller

217 946 130 27 tillräckligt
360 947 72 26 länge,
448 947 34 21 för
497 948 40 25 att,
553 946 69 27 enligt
632 946 101 27 gällande
749 946 176 27 subventionslag
938 945 34 22 för

218 982 27 21 de
261 982 86 27 privata
370 982 110 27 skolorna,
501 982 74 21 kunna
598 982 87 21 komma
701 982 7 21 i
724 981 129 27 åtnjutande
868 981 24 22 af
905 983 65 20 stats-

218 1017 83 28 anslag,
318 1018 37 21 det
378 1024 51 15 vore
452 1017 125 22 förhastadt
599 1019 33 20 att
656 1017 63 22 däraf
740 1017 68 22 redan
831 1023 30 15 nu
876 1019 52 25 göra
944 1024 26 15 en

218 1054 127 21 statsskola.
376 1053 140 22 Beträffande
531 1055 48 20 åter
594 1053 54 27 priv.
665 1053 72 22 finska
756 1053 215 21 fruntimmerskolan

218 1089 8 22 i
241 1084 55 33 Åbo,
313 1096 46 15 som
375 1089 133 28 grundlades
531 1090 25 20 är
580 1089 57 22 1882
661 1089 41 22 och
725 1088 85 22 således
829 1089 43 21 kan
888 1088 83 22 erhålla

218 1125 141 28 statsbidrag,
375 1126 41 21 har
432 1125 38 22 det
492 1125 138 27 framhällits,
648 1126 33 20 att
697 1124 77 21 skolan
790 1124 24 21 af
827 1125 90 20 senaten
932 1131 38 15 an-

217 1162 56 20 setts
289 1161 46 21 tills
350 1161 74 22 vidare
441 1161 48 21 icke
504 1162 110 20 motsvara
629 1162 33 20 ett
678 1159 140 28 obestridligt
827 1159 71 28 behof,
907 1160 62 21 hvar-

217 1196 34 22 för
267 1197 78 21 endast
361 1198 33 20 ett
407 1196 159 27 jämförelsevis
581 1196 47 27 lägt
638 1196 77 27 anslag
725 1195 54 29 (800
790 1195 62 22 mark
862 1201 39 21 per
910 1195 60 22 klass

217 1231 34 22 för
267 1232 27 21 de
310 1233 37 20 tvä
362 1232 60 27 lägre
438 1232 40 22 och
495 1232 66 27 1,200
576 1232 62 21 mark
648 1238 40 21 per
700 1231 61 22 klass
773 1231 34 21 för
818 1231 26 21 de
855 1232 37 20 tvä
902 1231 68 27 högre

217 1267 124 29 klasserna)
357 1267 107 22 tilldelats
480 1268 133 26 densamma,
630 1267 79 22 medan
732 1267 57 21 dock
812 1266 76 28 själfva
904 1267 66 21 ända-

216 1303 69 22 mälet
300 1305 33 20 att
348 1309 78 22 genom
450 1304 40 21 och
510 1304 70 21 under
602 1310 27 15 en
652 1303 68 21 sädan
736 1302 74 22 skolas
826 1302 94 22 existens
935 1304 35 19 ut-

217 1341 54 20 röna
286 1340 108 21 huruvida
410 1341 33 20 ett
463 1339 94 27 verkligt
579 1338 68 22 behof
668 1338 64 22 däraf
746 1337 123 28 förefinnes,
885 1339 85 20 ansetts

218 1381 53 15 vara
287 1375 24 21 af
324 1376 42 21 den
382 1375 139 27 betydenhet,
537 1376 34 20 att
587 1374 77 22 skolan
680 1374 49 22 icke
743 1374 69 21 borde
822 1373 84 22 lämnas
917 1375 52 19 utan

212 1410 39 22 alt
265 1407 133 25 understöd
409 1410 49 22 från
482 1402 92 40 statens:
585 1402 71 40 sida!"
675 1408 55 23 Med
741 1409 84 27 hänsyn
841 1408 74 22 härtill
927 1408 43 22 har

217 1446 60 22 inom
293 1447 109 21 utskottet
418 1447 42 21 den
477 1446 58 27 åsigt
550 1446 107 26 försports
674 1446 33 21 att
720 1444 164 28 ifrågavarande
901 1444 67 28 skola,

287 1488 107 20 Allmänna
411 1488 184 20 Besvärsutskottets
610 1487 118 21 betänkande
744 1487 39 20 N:o
798 1487 33 21 18.
