1061 1717
215 98 16 22 4
373 98 239 24 Petitionsbetänkande
627 100 41 23 N:o
683 98 36 24 53.

186 164 121 27 hvarjämte
333 164 94 23 särskild
451 165 157 28 undervisning
634 165 139 22 meddelades
799 164 7 22 i
832 164 103 28 teckning

187 199 110 22 äfvensom
321 200 7 21 i
351 200 113 28 praktiska
486 200 158 23 handarbeten.
674 200 136 23 Läroverket
827 201 57 22 hade
898 200 38 22 vid

188 235 71 22 denna
281 235 33 22 tid
337 236 78 22 endast
437 243 27 15 en
488 236 56 22 enda
566 236 109 22 ordinarie
698 236 77 28 lärare,
799 242 46 16 som
865 236 73 22 tillika

187 277 38 15 var
248 271 89 22 skolans
352 272 159 22 föreständare.
533 270 50 24 Uti
603 272 62 22 detta
680 272 62 22 skick
757 272 79 22 fortfor
851 272 38 21 det
903 272 34 21 att

186 306 67 22 verka
275 307 58 22 ända
354 307 35 22 till
410 308 24 21 är
450 308 65 22 1859.
545 308 59 22 Från
620 308 40 22 och
675 308 50 22 med
741 308 62 21 detta
818 308 24 21 är
857 307 79 22 under-

187 342 50 27 gick
254 342 137 28 Helsingfors
413 343 105 22 tekniska
533 343 109 23 realskola
657 350 78 21 genom
751 343 86 28 Nädiga
852 342 84 23 förord-

186 378 81 28 ningen
282 378 24 22 af
319 379 42 22 den
377 379 28 22 29
422 379 113 22 december
552 379 58 23 1858
627 386 27 15 en
669 379 108 28 väsentlig
789 378 146 28 omorganisa-

186 414 53 23 tion.
271 415 10 22 I
297 415 75 22 stället
391 415 34 22 för
440 422 28 16 en
483 416 56 22 enda
555 415 109 23 ordinarie
679 416 71 22 lärare
766 415 112 22 anstäldes
893 416 41 26 tre,

186 451 119 27 nämligen:
321 458 28 15 en
359 451 34 22 för
404 452 136 27 matematik,
548 451 149 28 landtmäteri,
706 451 181 27 karteaffattning
895 451 41 22 och

186 486 123 28 afvägning;
318 493 27 16 en
353 487 34 22 för
395 487 63 28 fysik,
464 487 110 28 mekanik,
580 487 132 22 maskinlära
720 487 41 22 och
769 487 115 22 mekanisk
888 486 47 22 tek-

186 522 85 28 nologi;
283 529 26 15 en
315 522 34 22 för
353 522 66 27 kemi,
424 523 87 21 kemisk
520 522 119 28 teknologi,
648 523 130 27 mineralogi
787 523 39 21 och
835 524 100 19 naturve-

186 558 123 27 tenskaper.
318 558 117 22 Dessutom
444 558 121 22 inrättades
574 557 34 22 för
616 558 108 22 särskilda
733 560 78 20 ämnen
817 557 53 22 flera
875 559 61 20 extra

185 593 171 28 läraretjenster,
371 593 74 22 hvilka
460 594 124 21 sedermera
600 600 27 15 en
643 593 57 22 efter
712 600 73 15 annan
798 599 78 22 genom
890 595 44 20 sär-

186 629 72 22 skilda
265 629 85 27 Nädiga
357 629 163 27 Förordningar
528 629 135 28 smäningom
672 629 125 27 öfvergingo
805 629 35 22 till
848 629 86 21 ordina-

185 664 38 22 rie.
255 664 50 23 Med
316 664 144 23 ofvannämda
470 665 154 22 lärarekrafter
637 665 40 22 oeh
691 665 93 22 sälunda
794 664 141 28 organiserad

185 699 102 23 fortsatte
309 700 137 28 Helsingfors
477 701 102 22 tekniska
601 701 110 22 realskola
739 701 35 21 sin
797 700 138 22 verksamhet

186 735 57 22 ända
250 735 47 22 tills
305 735 85 28 Nädiga
397 736 164 28 Förordningen
577 736 24 22 af
614 737 42 21 den
665 737 11 21 1
687 736 43 27 Maj
741 736 57 22 1872
807 735 38 28 gaf
851 737 24 20 åt
883 736 51 21 den-

185 777 84 16 samma
291 778 66 15 namn
380 772 40 21 och
443 772 115 27 värdighet
581 771 23 23 af
622 772 139 27 polyteknisk
777 771 69 28 skola,
869 771 65 27 höjde

184 807 50 21 dess
244 807 70 27 ärliga
324 807 76 28 anslag
417 807 34 22 för
461 807 106 22 bibliotek
576 808 40 21 och
626 807 118 28 samlingar
753 809 58 20 samt
819 807 116 27 utvidgade

185 842 50 22 dess
250 843 220 27 undervisningsplan
485 849 78 22 genom
579 843 136 22 inrättandet
730 843 25 22 af
763 842 48 28 fyra
822 849 42 20 nya
874 843 61 21 extra

184 877 165 28 läraretjenster
371 878 7 21 i
394 878 60 22 olika
476 879 131 22 läroämnen.
638 879 78 22 Denna
738 878 71 27 tredje
832 878 76 27 period
927 877 7 22 i

183 913 153 27 polytekniska
352 913 88 23 skolans
458 914 193 28 utvecklingsgäng
666 914 121 22 afslutades
804 913 95 22 omsider
909 914 25 21 är

184 948 66 28 1879,
266 949 29 22 dä
310 949 76 22 skolan
402 955 78 22 genom
495 949 84 28 Nädiga
594 950 155 27 förordningen
764 949 25 22 af
803 949 41 22 den
861 949 27 22 16
899 949 34 27 ja-

184 984 63 22 nuari
267 984 44 22 fick
330 985 34 21 sin
380 985 125 22 nuvarande
529 985 147 28 organisation
693 985 40 22 och
749 985 135 22 ombildades
899 984 35 22 till

184 1025 26 16 en
225 1019 141 28 polyteknisk
381 1021 113 26 högskola.

213 1055 168 28 nPolytekniska
404 1055 112 23 institutet
538 1056 51 22 har*
605 1069 29 3 —
650 1056 69 27 enligt
739 1056 58 21 hvad
813 1055 121 22 sistnämda

183 1089 128 29 förordning
326 1091 7 21 i
349 1091 34 22 sin
400 1091 56 22 1:sta
472 1092 12 27 &
492 1092 90 27 stadgar
590 1104 27 3 —
626 1092 47 27 ,till
681 1091 86 28 uppgift
775 1093 34 20 att
817 1097 78 21 genom
906 1097 26 16 en

183 1126 152 27 systematiskt
351 1127 83 22 ordnad
450 1127 157 28 undervisning
623 1127 101 22 meddela
739 1133 27 16 en
782 1126 34 22 för
831 1126 102 22 tekniska

183 1161 40 22 och
247 1161 89 22 dermed
358 1161 110 23 likartade
490 1163 67 26 yrken
579 1162 129 27 erforderlig
726 1161 152 28 vetenskaplig
892 1161 41 22 och

183 1197 101 26 praktisk
309 1197 117 28 bildning”.
466 1197 138 23 Beträffande
633 1198 141 22 läroämnena
801 1197 133 22 bestämmer

182 1238 85 16 samma
282 1232 127 28 förordning
424 1235 34 20 att
474 1233 95 28 följande
585 1236 78 19 ämnen
678 1233 55 22 böra
748 1233 52 27 ingå
815 1233 8 21 i
834 1233 50 22 dess
894 1239 39 14 un-

183 1268 199 28 dervisningsplan:
399 1269 148 28 ,matematik,
563 1269 60 27 lägre
638 1269 40 22 och
686 1269 77 27 högre;
774 1268 65 28 fysik,
853 1268 80 22 allmän

182 1304 40 21 och
237 1304 123 28 tillämpad,
376 1306 58 20 samt
448 1304 129 28 fysikaliska
592 1304 157 28 laborationer;
765 1304 108 22 teoretisk
887 1310 45 15 me-

181 1338 78 28 kanik;
283 1340 119 27 descriptiv
423 1340 114 28 geometri,
560 1340 81 22 allmän
665 1340 40 22 och
731 1340 122 27 tillämpad,
876 1341 58 19 samt

181 1374 60 28 lägre
257 1375 117 29 geometri;
384 1376 102 27 praktisk
496 1376 114 28 geometri,
622 1374 124 30 (topografi,
759 1374 96 28 geodesi,
866 1374 68 30 situa-

177 1389 161 54 tionsritning)
357 1394 57 38 samt
430 1391 118 52 "praktiskt
566 1396 132 42 "geodetiska
721 1397 110 41 öfningar;
852 1396 81 46 allmän

181 1445 58 22 kemi
255 1445 133 29 (oorganisk,
405 1447 110 27 organisk,
531 1447 109 27 analytisk
656 1447 40 21 och
704 1445 115 28 teoretisk)
831 1448 57 19 samt
895 1446 37 21 ke-

256 1488 107 20 Allmänna
378 1488 184 21 Besvärsutskottets
577 1488 117 20 betänkande
709 1488 38 21 N:o
763 1489 34 19 32.
