1061 1717
232 96 374 24 Petitionsbetänkande
622 96 54 23 N:o
696 96 38 23 17.

321 357 135 23 Allmänna
487 357 252 23 besvärsutskottets
767 356 92 23 betän-

280 392 83 23 kande
387 392 37 23 N:o
449 392 27 23 14
497 393 47 23 med
567 392 117 29 anledning
705 392 26 23 af
751 392 108 23 särskilda

279 429 55 23 inom
349 428 87 28 Preste-,
452 428 103 30 Borgare-
565 429 39 23 och
614 428 157 24 Bondeståndet
780 428 79 23 väckta

280 465 182 29 petitionsförslag
488 471 33 16 om
549 465 92 22 förökad
672 465 131 22 läkarevärd
833 465 26 29 pä

280 501 129 22 landsorten.

183 561 82 22 Genom
278 557 12 36 —
299 561 203 28 protokollsutdrag
531 561 64 22 hafva
625 562 94 27 Preste-,
755 561 104 28 Borgare-

108 597 39 22 och
163 597 165 22 Bondeständet
343 597 35 22 till
394 597 110 22 allmänna
519 597 198 22 besvärsutkottets
728 597 132 27 behandling

107 633 123 22 remitterat
246 633 95 28 följande
356 633 232 28 petitionsmemoria!
580 629 12 36 :

282 698 46 17 Till
341 699 151 22 Högvördiga
505 699 179 17 Prestaständet!

178 747 35 16 Det
225 746 117 22 Högvördiga
354 746 75 17 Ständet
441 746 33 17 har
486 747 29 21 sig
527 746 67 17 bekant
603 746 54 17 äfven
666 746 118 22 vidlyftigare
793 746 66 17 förkla-

107 776 62 21 ringar
185 776 78 21 förutan,
280 776 46 17 huru
342 776 59 17 folket
419 776 23 22 pä
455 776 126 21 landsbygden
600 776 57 17 lefver
676 776 32 17 och
721 776 33 17 dör
766 778 43 15 utan
822 776 36 16 till-

107 805 45 18 fälle
165 807 27 16 att
204 805 84 22 rädfräga
300 811 22 12 en
335 805 113 18 examinerad
462 806 69 17 läkare.

178 836 34 17 För
230 837 27 15 att
276 836 15 21 ej
311 841 31 12 ens
360 835 40 18 tala
415 841 28 12 om
459 835 35 22 det,
508 837 26 16 att
546 835 260 23 provincialläkaredistrikten
819 836 6 16 i
838 835 22 17 de

107 865 52 18 flesta
176 866 69 17 trakter
257 867 31 16 äro
301 865 76 18 alldeles
390 865 28 18 för
430 865 117 22 vidsträckta,
560 867 20 16 är
592 865 177 23 provincialläkaren
781 865 15 22 ej
810 865 50 22 skyl-

107 895 32 22 dig
155 897 25 15 att
196 895 57 17 värda
265 895 22 17 de
300 895 53 22 sjuka
365 895 45 17 eller
422 897 27 15 att
461 895 63 17 utöfva
536 895 84 18 läkarens
632 895 92 22 egentliga
736 895 51 22 yrke.
811 895 49 17 Fler-

107 925 70 22 faldiga
194 925 68 22 gånger
275 923 55 19 hafva
341 925 93 22 klagomål
447 925 97 17 framstälts
557 931 28 11 om
598 925 59 17 denna
668 925 94 17 kännbara
774 925 51 20 brist,
838 925 23 22 pä

107 955 65 17 hvilka
189 955 92 22 klagomäl
299 955 191 21 Medicinalstyrelsen,
510 955 23 17 dä
551 955 22 17 de
590 955 39 16 nätt
644 955 48 16 ända
705 955 32 20 dit,
750 954 74 22 afgifvit
836 956 25 15 ett

107 985 64 22 skarpt
182 990 47 16 svar,
245 985 39 17 deri
297 985 34 16 den
344 985 70 17 tillrådt
427 985 104 17 kommuner
543 986 28 16 att
583 984 59 18 aflöna
655 990 22 11 en
690 984 171 21 kommunalläkare,

107 1015 77 16 likasom
203 1015 85 16 städerna
310 1014 58 17 aflöna
390 1014 118 17 stadsläkare.
533 1015 40 16 Men
596 1015 127 16 kommunerna
741 1015 31 16 äro
791 1014 70 21 fattiga.

108 1045 33 16 För
158 1044 151 17 säkerställandet
326 1044 20 17 af
360 1044 32 19 sitt
410 1044 24 17 lif
445 1044 78 18 behöfva
536 1045 135 16 kommunernas
684 1043 113 18 medlemmar
810 1045 51 16 stats-

108 1074 102 21 understöd,
227 1074 34 17 och
278 1074 51 17 torde
347 1074 53 17 äfven
414 1079 43 12 vara
469 1074 113 22 berättigade
594 1075 28 16 att
634 1074 93 17 bekomma
740 1073 69 21 sådant,
823 1073 39 17 lika

109 1104 30 17 väl
158 1109 36 12 som
213 1103 85 18 städerna
317 1104 68 17 erhålla
401 1104 98 17 understöd
512 1104 19 17 af
542 1105 58 16 staten
613 1103 27 18 för
653 1104 40 16 sina
705 1103 111 17 förströelser
829 1103 32 17 och

108 1135 29 16 sin
148 1133 113 22 försköning.

178 1164 42 16 Man
238 1163 33 18 har
283 1163 70 18 försökt
364 1164 29 21 sig
405 1163 41 17 med
458 1165 26 15 att
497 1163 78 17 anställa
587 1163 170 17 kommunalläkare.
783 1162 79 17 Sålunda

108 1193 81 17 aflönade
207 1193 97 17 Viitasaari
323 1193 84 17 kommun
420 1194 6 15 i
438 1193 84 22 förening
538 1193 40 17 med
590 1193 7 16 i
609 1193 94 22 omnejden
721 1192 79 18 varande
813 1193 48 16 kom-

108 1228 61 11 muner
187 1222 56 17 under
263 1223 22 17 de
304 1223 30 17 två
352 1222 118 18 sistförflutna
482 1223 42 17 åren
537 1228 22 12 en
572 1223 68 20 läkare,
653 1222 58 17 vände
724 1223 28 21 sig
765 1222 55 22 derpå
832 1221 30 18 be-

109 1252 90 24 klagande
217 1253 29 20 sig
265 1253 50 16 öfver
333 1253 28 16 sin
378 1253 96 21 fattigdom
486 1253 31 16 till
530 1253 105 21 regeringen
647 1252 41 17 med
700 1257 22 12 en
734 1252 87 17 anhållan
834 1257 28 11 om

109 1284 25 16 ett
153 1283 142 17 statsunderstöd
314 1282 19 18 af
348 1282 52 22 1,200
416 1282 46 17 Fmk
477 1282 28 18 för
522 1283 78 17 nämnda
612 1282 88 21 ändamål,
713 1287 40 13 men
766 1281 59 18 erhöll
837 1284 26 15 ett

108 1312 95 22 afböjande
224 1318 47 11 svar.
295 1313 28 16 Nu
342 1312 32 17 har
392 1312 76 17 läkaren
486 1312 61 22 flyttat
565 1312 41 18 bort
624 1312 33 17 och
670 1313 62 16 kunna
744 1312 118 17 invånarne
852 1308 14 30 i

108 1342 65 17 nämda
190 1342 50 17 trakt
259 1342 32 17 vid
307 1342 57 17 behof
375 1342 84 22 rådfråga
471 1342 183 22 provincialläkaren,
668 1347 37 13 som
718 1342 33 17 bor
762 1342 24 22 på
799 1343 26 15 ett
837 1341 25 17 af-

109 1372 53 16 stånd
180 1372 21 16 af
218 1371 23 17 19
257 1372 38 18 mil.
321 1372 24 16 Få
357 1372 101 17 landsorter
471 1373 31 16 äro
515 1372 20 17 så
547 1372 97 22 förmögna,
658 1373 26 15 att
698 1371 50 17 deras
761 1371 62 17 försök
835 1373 27 15 att

109 1401 77 17 anställä
199 1401 165 17 kommunalläkare
377 1402 15 21 ej
407 1402 61 16 skulle
480 1402 40 17 med
533 1401 50 17 tiden
596 1401 18 17 få
627 1403 26 15 ett
666 1401 87 17 liknande
765 1401 42 17 slut.

180 1431 62 17 Derför
255 1432 56 21 vågar
321 1431 33 22 jag
367 1431 127 17 vördsammast
507 1431 79 21 anhålla,
599 1433 27 15 att
632 1431 31 17 det
670 1430 117 22 Högvördiga
793 1431 69 16 Presta-

109 1461 71 17 ståndet
192 1461 60 17 skulle
264 1461 62 17 förena
338 1462 28 21 sig
378 1467 28 11 om
419 1461 85 22 följande,
518 1461 19 17 af
548 1462 37 21 mig
597 1460 105 18 framstälda
715 1461 85 22 petition:

177 1497 105 20 Allmänna
300 1498 184 20 Besvärsutskottets
500 1497 118 20 betänkande
634 1498 37 19 N:o
687 1498 31 19 14.
