1061 1717
247 110 28 22 98
432 110 238 23 Petitionsbetänkande
686 110 35 22 N:o
739 109 19 23 1.

573 176 34 24 16.

286 217 69 23 Bland
371 218 27 22 de
413 218 100 28 motiver,
522 225 46 16 som
581 225 52 15 voro
644 218 162 22 bestämmande
817 218 34 22 för
863 218 56 22 1882
930 218 36 20 års

215 254 100 22 ständers
334 254 72 22 beslut
422 254 75 28 ifråga
508 261 34 15 om
559 254 222 28 detaljsträckningen
798 254 24 21 af
836 254 42 22 den
893 248 73 26 Öster-

215 288 113 23 bottniska
343 290 79 28 banan,
438 296 39 16 var
492 293 52 19 utan
561 291 121 27 gensägdse
698 290 63 22 äfven
777 290 39 22 det
832 292 33 20 att
881 288 84 27 möjlig-

215 325 38 22 het
269 325 70 22 skulle
355 326 91 22 beredas
470 327 102 21 städerna
593 326 36 22 vid
645 322 178 26 Österbottniska
839 326 78 21 kusten
934 326 33 20 att

214 367 78 21 genom
315 361 112 28 byggande
451 362 25 22 af
497 363 64 21 korta
583 362 92 22 bibanor
699 362 122 22 införlifvas
846 362 48 22 med
908 362 58 26 jern-

214 398 121 26 vägsnätet.
362 397 34 22 Då
406 398 119 22 ständerna
535 398 122 22 emellertid
673 398 47 21 icke
735 397 116 22 förordade
861 398 37 21 det
909 403 57 15 ome-

215 431 89 24 delbara
319 432 126 23 utförandet
468 433 24 22 af
514 434 64 21 dessa
600 433 93 22 bibanor
709 432 34 23 för
759 433 142 22 statsverkets
917 432 49 22 räk-

214 468 75 27 ning
281 464 15 37 i
313 471 32 20 ett
368 469 157 28 sammanhang
548 469 50 22 med
620 469 125 28 byggnadet
760 469 24 22 af
805 469 161 27 hufvudbanan,

215 504 82 23 skedde
313 505 78 22 sådant
406 507 53 20 utan
476 505 74 22 tvifvel
575 505 91 28 derföre,
683 507 32 20 att
731 505 145 27 uppkomsten
892 505 24 21 af
930 505 36 21 de-

215 547 84 15 samma
313 542 79 27 ansågs
414 541 54 22 böra
490 543 63 26 göras
577 541 108 22 beroende
706 540 24 22 af
743 547 57 21 resp.
817 541 85 21 städers
917 542 50 25 eget

215 575 96 23 initiativ
325 577 39 22 och
381 577 94 22 intresse
490 577 34 22 för
540 577 74 22 saken.
646 577 32 21 Då
694 576 140 22 törevarande
853 576 113 27 petitions-

215 612 113 22 memorial
344 613 122 22 emellertid
490 613 58 22 afser
570 613 113 27 byggande
699 612 24 22 af
737 619 26 15 en
779 612 80 22 bibana
875 611 33 22 till
924 611 43 28 Ny-

215 648 90 27 karleby
320 649 27 26 på
363 649 144 22 statsverkets
531 649 129 27 bekostnad,
676 650 53 20 utan
751 650 33 19 att
799 649 77 20 staden
892 647 75 22 härtill

215 683 72 23 skulle
302 685 29 26 på
345 685 67 27 något
428 686 45 20 sätt
488 684 97 28 bidraga,
595 685 40 21 har
646 685 109 21 utskottet
771 686 73 20 ansett
862 684 31 21 uti
906 684 60 21 detta

215 719 177 23 sakförhållande
409 721 67 21 redan
492 720 57 27 ligga
565 720 116 27 tillräkligt
697 719 48 22 skäl
761 722 34 19 att
809 720 37 21 vid
860 719 106 28 ifrågava-

215 755 68 22 rande
298 755 93 28 petition
408 756 47 22 icke
471 755 58 22 fästa
544 757 67 26 något
626 756 109 22 afseende.
766 755 81 22 Härtill
869 755 98 22 kommer

215 793 34 20 att
264 791 25 22 af
302 791 43 22 alla
360 791 26 22 de
403 787 178 26 Österbottniska
596 791 120 22 bibanorna
737 791 42 22 den
795 791 34 22 till
845 791 120 27 Nykarleby

216 828 53 20 utan
283 827 125 27 jemförelse
432 827 40 22 har
493 828 41 21 den
550 827 81 22 minsta
646 827 135 28 betydelsen,
797 827 28 22 då
841 827 125 22 densamma

216 861 47 24 icke
279 863 87 22 komme
390 865 34 20 att
445 863 62 22 ledas
528 864 57 21 ända
600 863 54 22 fram
671 863 35 22 till
721 863 80 28 hafvet,
819 865 52 20 utan
887 865 33 19 att
935 863 31 21 af-

215 898 71 22 slutas
312 899 36 22 vid
370 899 124 28 Nykarleby
517 899 49 22 stad
589 900 28 27 på
638 901 32 20 ett
684 899 88 22 afstånd
787 898 24 22 af
825 899 99 26 omkring
940 905 26 15 en

215 934 48 22 half
276 934 38 22 mil
330 934 48 23 från
394 935 86 22 kusten.
512 935 82 22 Genom
616 935 60 22 detta
700 935 88 22 stadens
811 934 49 27 läge
884 937 24 19 är
923 934 43 27 Ny-

214 969 90 28 karleby
319 970 63 22 äfven
398 977 47 15 som
462 971 126 22 handelsort
604 971 41 22 den
661 971 67 22 minst
748 970 122 28 betydande
886 969 24 22 af
924 970 43 21 alla

215 1000 179 27 Österbottniska
409 1007 132 21 kuststäder.
565 1007 59 21 Utan
635 1008 33 20 att
682 1006 52 27 vilja
745 1006 97 21 bestrida
853 1007 33 20 att
896 1005 70 22 denna

214 1040 81 23 bibana
308 1041 25 28 ju
345 1042 19 27 ej
376 1041 116 23 framdeles
508 1042 108 22 måhända
630 1042 74 22 kunde
719 1041 68 22 blifva
802 1041 109 28 påkallad,
927 1041 40 22 har

214 1076 110 23 utskottet
339 1077 56 22 dock
415 1079 29 26 på
459 1077 90 22 anförda
571 1078 96 27 grunder
682 1078 48 21 icke
746 1077 84 22 kunnat
845 1077 58 22 finna
918 1077 48 22 skäl

213 1114 35 19 att
263 1119 30 15 nu
309 1112 128 28 ifrågasätta
453 1113 49 22 dess
518 1113 126 28 utförande;
660 1115 53 20 utan
730 1113 33 22 får
779 1113 109 22 utskottet
903 1113 62 22 vörd-

213 1149 58 20 samt
287 1147 89 23 föreslå:
559 1162 2 2 :

393 1185 32 20 att
440 1183 171 29 ifrågavarande
629 1183 215 28 petitionsmemorial
859 1184 66 21 måtte
941 1183 29 28 af

357 1219 121 22 ständerna
492 1219 83 23 lemnas
589 1221 55 21 wtan
660 1219 108 28 afseende.

574 1350 33 23 17.

285 1391 77 23 Säsöi
385 1392 37 22 vid
444 1392 159 28 behandlingen
628 1392 24 22 af
673 1392 182 28 nästföregäende
871 1392 91 27 petition

213 1428 68 22 redan
298 1427 138 29 framhållits,
452 1424 116 43 förutsatte
585 1429 57 22 1882
662 1430 36 20 års
716 1428 89 22 ständer
820 1428 145 27 uppkomsten

213 1463 24 21 af
251 1463 93 23 bibanor
360 1463 34 22 till
411 1464 26 21 de
454 1464 177 22 Österbottniska
647 1464 110 22 städerna.
789 1464 34 21 Då
842 1463 33 22 för
890 1470 26 16 en
933 1464 31 21 bi-

289 1507 181 25 Jervägsutskottets
486 1508 116 20 betänkande
617 1508 37 20 N:o
671 1508 18 19 3.
