1061 1717
242 76 13 21 6
414 78 238 24 Petitionsbetänkande
667 80 39 22 N:o
724 80 33 24 11.

287 144 33 21 2:0
344 144 98 23 Läkaren
466 148 25 19 är
512 146 86 28 skyldig
614 149 32 20 att
662 147 157 21 kostnadsfritt
833 148 66 21 vårda
915 154 45 16 me-

211 180 84 23 dellösa
311 182 117 28 lärjungar,
446 182 20 22 d.
483 189 19 15 v.
519 189 16 15 s.
553 183 89 28 sådana,
658 190 47 15 som
722 185 37 20 äro
775 183 46 22 helt
837 184 40 21 och
892 183 68 22 hållet

211 218 98 22 befriade
325 218 47 22 från
388 219 26 21 de
430 218 95 28 afgifter,
542 219 6 21 i
565 219 101 23 afseende
680 220 14 21 &
708 219 73 22 hvilka
791 219 101 22 befrielse
904 219 56 23 före-

210 254 105 22 kommer.

286 291 33 21 3:0
336 291 72 27 Yppas
425 292 124 22 smittosam
566 292 100 28 sjukdom
680 292 65 22 bland
757 292 139 28 lärjungarna
907 292 53 22 eller

210 326 59 23 inom
286 327 63 22 deras
364 330 112 20 närmaste
491 328 128 28 omgifning,
635 328 39 22 bör
685 328 138 22 skolläkaren
835 328 55 22 efter
900 328 58 27 pröf-

209 363 53 27 ning
285 363 24 22 af
330 363 164 23 förhållandena
517 364 73 22 lämna
610 364 81 28 nödiga
707 364 135 22 föreskrifter
858 364 38 22 och
913 363 45 22 vid-

209 400 52 26 taga
277 400 26 21 de
319 400 108 27 ätgärder,
443 406 47 16 som
507 401 28 26 pä
551 400 79 22 honom
647 400 74 22 kunna
736 400 122 22 ankomma.

284 437 33 21 4:o
339 436 141 23 Skolläkaren
496 437 39 22 bör
551 437 67 22 minst
634 443 26 16 en
676 438 56 26 gång
752 436 6 22 i
775 437 106 22 månaden
897 436 61 22 verk-

209 472 66 22 ställa
291 473 113 27 hygienisk
420 473 124 27 inspektion
561 473 24 22 af
598 473 122 22 läroverket
735 473 40 22 och
791 472 60 23 öfver
866 472 92 23 resulta-

208 510 33 20 tet
257 508 93 23 aflämna
365 511 89 26 rapport
470 509 35 22 till
521 509 81 22 rektor.

283 545 35 22 5:o
339 545 41 22 Vid
400 546 74 27 hvarje
500 546 69 21 läsärs
591 546 44 22 slut
651 545 56 22 skall
723 545 138 22 skolläkaren
877 544 81 28 afgifva

206 581 138 28 redogörelse
367 581 33 22 för
424 583 26 21 de
474 582 128 27 hygieniska
625 583 39 21 och
680 582 98 21 sanitära
793 581 163 22 förhällandena

207 617 35 22 vid
259 617 129 28 läroverket,
404 618 87 22 hvilken
508 618 138 27 redogörelse
662 618 40 22 bör
717 617 105 22 aflämnas
838 617 34 22 till
883 617 74 22 rektor

207 653 33 21 för
256 655 34 20 att
305 653 24 22 af
343 653 79 22 honom
438 654 178 21 tillhandahällas
632 654 114 27 styrelsen.

281 689 34 22 6:0
331 689 42 22 Vid
389 690 146 27 uppförandet
551 691 24 21 af
589 697 41 20 nya
646 690 173 27 skolbyggnader
832 689 55 22 skall
899 689 57 22 skol-

205 725 102 22 läkarens
326 725 113 23 utlätande
455 726 116 27 inhämtas,
587 726 38 21 och
643 726 35 21 vid
695 725 125 22 utförandet
835 726 23 21 af
872 726 84 21 arbetet

205 763 24 19 är
252 761 42 22 han
311 761 78 28 pligtig
404 764 34 20 att
454 762 135 27 tillhandagä
604 763 50 21 med
669 762 39 21 råd
725 762 40 21 och
781 761 173 28 upplysningar."

280 797 44 22 Det
344 800 30 25 är,
397 799 71 21 säsom
490 799 71 27 sagdt,
579 799 6 21 i
602 799 70 21 denna
688 798 98 27 riktning
801 798 101 27 ätgärder
921 797 34 22 till

203 833 156 23 hälsovärdens
380 834 121 27 främjande
522 835 35 21 vid
579 836 51 20 vära
651 834 74 22 skolor
746 834 69 27 enligt
835 834 119 22 utskottets

204 869 67 22 tanke
287 870 58 21 hälst
360 870 67 22 borde
443 871 34 27 gä.
504 870 115 22 Utskottet
638 871 38 21 har
693 870 55 22 dock
764 870 33 22 för
813 869 33 22 sin
861 870 34 21 del
908 869 46 22 icke

203 906 85 21 kunnat
304 907 48 20 med
369 906 146 27 petitionären
531 906 76 22 förena
623 907 33 27 sig
672 913 35 15 om
723 908 34 20 att
770 907 66 26 nägot
851 906 104 21 särskildt

203 941 96 22 initiativ
321 942 48 22 frän
392 942 134 22 Ständernas
550 942 48 22 sida
621 949 50 15 vore
695 942 33 22 för
749 942 67 22 saken
836 942 118 27 päkalladt.

202 977 43 22 Det
261 978 40 21 har
316 978 109 27 nämligen
446 980 61 25 synts
528 979 109 21 utskottet
652 980 34 20 att
702 978 75 27 frägan
793 977 63 22 äfven
873 977 81 22 därför-

202 1015 53 19 utan
272 1013 67 22 borde
354 1014 28 21 ha
398 1013 44 22 alla
458 1013 93 27 utsigter
568 1013 34 22 till
613 1020 27 15 en
653 1013 80 27 lycklig
744 1013 93 26 lösning,
849 1014 27 20 dä
887 1015 66 18 samt-

201 1049 45 27 liga
268 1049 205 22 fackauktoriteters
493 1049 124 22 utlätandet
637 1050 49 26 gätt
707 1049 23 21 ät
745 1049 61 20 detta
821 1047 52 22 häll.
904 1047 49 22 Med

202 1085 50 22 stöd
269 1085 24 22 af
307 1086 61 21 detta
383 1085 34 22 fär
433 1085 108 22 utskottet
557 1085 111 22 vördsamt
684 1084 81 22 föreslä

382 1121 34 22 det
433 1120 151 28 förevarande
599 1118 215 30 petitionsmemorial
830 1118 45 22 icke
890 1118 64 21 måtte

340 1156 122 28 föranleda
477 1157 74 27 någon
567 1156 79 28 åtgärd
655 1155 59 28 från
730 1155 131 22 ständernas
876 1154 54 21 sidu.

278 1193 136 27 Helsingfors
430 1193 24 22 af
468 1193 109 22 allmänna
593 1192 199 23 besvärsutskottet
803 1191 42 22 den
856 1191 28 22 28
896 1197 57 15 mars

204 1229 65 22 1885.

277 1302 10 20 I
311 1302 101 21 ärendets
435 1301 132 27 behandling
583 1302 57 21 inom
657 1300 109 22 utskottet
781 1300 65 21 hafva
861 1298 92 28 deltagit

202 1338 147 21 ordföranden
373 1338 82 22 Geitlin
475 1338 40 21 och
530 1338 148 22 ledamöterne
694 1336 50 22 frih.
761 1336 23 22 af
799 1335 108 27 Schultén,
924 1335 28 21 M.

202 1374 40 27 W.,
268 1374 142 28 Gripenberg,
426 1375 33 26 A.,
483 1374 101 27 Ramsay,
605 1374 32 27 A.,
653 1374 80 26 Lagus,
750 1373 40 27 W.,
807 1372 145 26 Westerlund,

201 1410 118 27 Perander,
336 1409 132 29 Calamnius,
483 1406 93 31 Öhberg,
593 1409 111 27 Sundvall,
720 1409 133 27 Helsingius,
869 1407 83 28 Chyde-

201 1446 58 27 nius,
276 1446 90 27 Ojanen,
383 1446 89 27 Luoma,
489 1446 89 22 Summa
593 1446 39 22 och
648 1445 83 27 Pöysti.

279 1489 106 20 Allmänna
401 1489 183 20 Besvärsutskottets
600 1488 118 20 betänkande
733 1488 38 20 N:o
787 1488 32 19 10.
