1061 1717
322 95 237 23 Petitionsbetänkande
574 97 40 23 N:o
630 96 35 22 28.
825 96 13 21 3

118 162 127 28 förordning
255 162 24 22 af
293 163 23 21 år
331 163 64 27 1862,
409 163 11 27 $
436 163 34 27 12,
486 163 61 21 hvari
563 163 133 21 bestämmes
707 169 35 15 om
754 163 27 21 de
791 161 76 27 vilkor,

119 198 28 26 på
165 197 73 23 hvilka
253 198 68 22 Judar
336 200 36 20 må
387 198 83 22 tillåtas
487 199 6 21 i
509 198 93 22 Finland
613 198 73 22 färdas
697 199 39 21 och
748 199 39 21 här
797 198 71 26 någon

119 233 32 21 tid
175 233 33 27 sig
231 234 121 28 uppehålla,
376 234 121 22 innehåller
513 234 146 28 uttryckligen
676 235 37 21 det
736 234 83 27 tillägg,
836 234 33 21 att

119 269 37 21 det
172 269 138 23 derförinnan
326 270 104 28 stadgade
441 270 102 22 förbudet
553 272 46 20 mot
610 270 81 22 Judars
702 269 167 28 stadigvarande

119 305 125 28 bosättning
265 306 7 21 i
293 306 74 22 landet
388 306 62 22 äfven
473 307 117 21 framdeles
614 306 56 22 skall
692 312 53 16 vara
761 305 106 28 gällande.

119 341 50 21 Man
192 342 39 21 har
254 342 126 28 visserligen
404 343 92 27 antagit,
512 344 33 20 att
571 342 80 28 nådiga
672 342 154 27 förordningen
847 340 23 22 af

119 377 41 22 den
179 378 28 22 29
219 384 57 16 mars
289 378 63 28 1858,
370 378 68 28 enligt
453 378 87 22 hvilken
557 378 119 22 afskedade
691 378 66 28 ryska
773 377 96 22 soldater

119 414 39 21 och
175 416 106 21 matroser
297 416 56 20 samt
377 415 62 22 deras
456 415 68 22 enkor
539 415 40 22 och
594 415 55 22 barn
665 414 143 23 tillerkännas
823 414 44 21 rät-

119 450 69 27 tighet
203 452 34 20 att
257 452 28 25 på
305 451 69 27 grund
392 451 24 22 af
432 451 144 28 afskedsbref,
592 451 139 27 förpassning
747 451 54 22 eller
811 456 56 16 rese-

118 485 79 28 biljett,
220 486 114 23 utfärdade
357 487 23 22 af
404 487 163 22 vederbörande
582 487 66 28 ryska
663 486 158 28 myndigheter,
837 485 30 22 vi-

119 524 45 19 stas
180 522 7 21 i
203 522 98 27 Finland,
317 523 70 22 skulle
404 523 114 28 inbegripa
533 523 63 22 äfven
612 522 109 23 mosaiske
740 522 127 22 trosbekän-

118 565 59 21 nare,
194 559 73 21 hvilka
283 559 69 27 tjenat
368 559 35 22 vid
418 559 66 28 ryska
495 559 117 28 militären,
623 561 58 20 samt
692 559 63 22 deras
767 558 100 27 familjer.

118 595 39 20 Att
173 595 24 20 så
212 594 67 21 likväl
295 594 47 22 icke
358 597 24 20 är
397 595 62 22 fallet
475 595 96 28 framgår
586 595 80 28 tydligt
681 595 67 22 redan
759 594 68 28 deraf,
835 595 33 21 att

118 629 93 22 berörda
227 629 126 29 förordning
369 630 129 23 förutsätter
514 632 33 21 att
563 631 27 22 de
606 637 109 21 personer,
728 630 79 22 hvilka
822 629 46 22 deri

117 665 89 28 åsyftas,
222 666 73 22 kunna
311 673 77 20 genom
412 667 122 27 ansökning
557 667 66 22 varda
646 666 70 22 finska
731 667 136 21 undersåtar.

119 702 94 27 Således,
230 702 68 21 ehuru
315 703 36 21 det
361 703 63 21 torde
434 709 52 15 vara
498 703 80 27 säkert,
588 704 33 21 att
630 703 47 27 just
688 702 6 21 i
706 703 49 21 stöd
766 702 24 22 af
799 702 70 21 denna

119 737 127 28 förordning
261 738 75 28 Judar,
353 745 46 15 som
416 739 70 27 tjenat
502 739 7 21 i
525 739 65 27 ryska
614 739 93 27 arméen,
724 738 43 22 fått
782 738 87 22 bosätta

119 773 33 28 sig
168 773 7 22 i
190 775 48 20 vårt
253 774 58 28 land,
327 777 24 19 är
367 775 36 21 det
420 774 6 21 i
442 775 76 27 hvarje
541 774 38 22 fall
603 776 45 20 satt
664 776 59 20 utom
740 774 32 22 alt
787 773 82 27 tvifvel,

118 812 33 19 att
167 811 78 20 nämda
262 810 103 22 1858-års
382 810 127 28 förordning
525 811 18 27 ej
561 810 81 29 åsyftat
658 810 53 22 eller
726 816 38 16 ens
785 810 84 21 kunnat

119 845 70 28 åsyfta
204 846 109 22 mosaiske
329 846 177 22 trosbekännare.

186 881 30 22 Af
231 882 36 22 det
283 881 130 28 föregående
428 882 98 27 framgår
540 882 64 28 klart,
622 883 33 21 att
666 882 108 22 Judarnes
784 881 84 22 bosätt-

118 917 52 28 ning
186 917 7 22 i
208 918 49 21 vårt
272 918 51 21 land
339 918 80 22 strider
434 920 46 20 mot
497 919 125 26 ständerlag
638 918 39 22 och
694 917 175 23 administrativa

119 953 154 28 författningar
289 954 39 22 och
344 954 43 22 kan
403 954 67 22 blifva
485 954 96 28 lagligen
600 954 124 27 berättigad
748 954 78 21 endast
841 954 28 26 på

119 990 69 27 grund
204 989 24 22 af
241 996 28 21 ny
285 990 131 27 ständerlag.
448 990 58 21 Från
523 991 70 21 denna
609 990 136 27 ståndpunkt
755 989 114 22 betraktar

118 1025 62 22 äfven
196 1025 146 28 petitionären
366 1026 74 28 saken,
457 1026 28 21 då
506 1026 42 22 han
565 1027 44 21 sett
625 1026 33 27 sig
674 1025 121 22 föranlåten
811 1025 56 22 före-

117 1061 40 28 slå,
173 1063 33 20 att
222 1061 121 22 Ständerna
359 1062 70 22 skulle
445 1064 54 25 göra
515 1062 135 27 underdånig
666 1061 101 22 anhållan
783 1068 36 15 om
829 1062 38 21 nå-

119 1097 35 28 dig
169 1097 135 28 proposition
321 1098 7 21 i
341 1098 131 27 judefrågan
496 1100 58 19 ännu
577 1098 34 21 till
635 1098 146 21 innevarande
796 1097 71 22 landt-

118 1133 42 28 dag
176 1133 59 28 eller,
251 1133 47 22 ifall
314 1134 60 21 detta
390 1136 24 19 är
430 1134 107 28 omöjligt,
553 1133 138 28 petitionera,
707 1135 34 20 att
757 1133 110 28 Styrelsen

117 1169 168 22 vidmakthåller
297 1169 199 28 judereglementet
512 1170 23 21 af
549 1171 25 20 år
590 1170 64 22 1782.
686 1169 62 22 Hvad
764 1176 30 15 nu
809 1169 59 22 förra

117 1205 62 22 delen
195 1204 23 22 af
233 1205 164 28 ifrågavarande
413 1205 95 28 petition
524 1206 142 27 vidkommer,
683 1207 24 20 så
726 1206 40 22 har
782 1205 85 22 utskot-

117 1243 32 20 tet
173 1241 105 28 enhälligt
301 1243 72 20 ansett
392 1242 37 21 det
452 1241 23 22 af
490 1243 79 26 många
585 1242 47 21 skäl
647 1248 52 15 vara
715 1241 102 28 önskligt,
834 1243 33 20 att

117 1277 108 22 Judarnes
237 1277 104 28 ställning
352 1277 7 22 i
370 1279 48 21 vårt
429 1278 51 22 land
492 1284 77 22 genom
582 1285 26 15 en
619 1285 27 21 ny
658 1278 125 28 ständerlag
793 1277 74 23 kunde

117 1313 86 27 ordnas,
220 1320 49 15 men
286 1314 7 20 i
309 1314 107 22 anseende
432 1314 34 21 till
483 1314 43 22 den
549 1314 66 22 redan
640 1314 62 28 långt
720 1314 147 22 framskridna

115 1348 60 22 tiden
201 1355 64 21 synes
291 1350 37 21 det
353 1356 51 15 vara
427 1350 101 27 omöjligt
550 1352 33 20 att
605 1349 34 23 till
660 1351 70 21 denna
761 1350 106 27 landtdag

115 1385 80 27 begära
210 1385 66 27 nådig
287 1385 135 27 proposition
434 1386 6 20 i
452 1386 97 22 ärendet.
581 1386 91 28 Frågan,
683 1386 107 22 huruvida
801 1392 26 16 en
838 1392 28 21 ny

115 1421 36 27 lag
166 1422 92 21 rörande
274 1421 96 23 Judarne
386 1422 68 22 under
469 1429 30 15 nu
512 1422 130 22 församlade
653 1422 103 22 Ständers
767 1423 98 21 medver-

115 1456 43 22 kan
174 1457 72 22 kunde
270 1457 87 22 komma
372 1458 34 21 till
423 1458 72 28 stånd,
512 1459 69 21 måste
598 1458 91 22 sålunda
704 1458 45 22 helt
766 1459 40 21 och
817 1458 46 22 hål-

190 1500 106 20 Allmänna
311 1499 185 22 Besvärsutskottets
512 1500 116 20 betänkande
644 1501 38 19 N:o
698 1501 35 20 20.
