1061 1717
324 94 237 24 Petitionsbetänkande
577 96 40 22 N:o
636 95 33 22 13.
861 95 12 21 7

122 169 64 15 anses
201 162 108 28 naturligt
325 164 32 20 att
373 162 33 22 för
423 162 164 22 universitetets
603 168 69 16 sanna
688 161 70 23 fördel
769 160 43 22 alla
823 161 50 21 dess

122 198 155 22 lärarekrafter
300 198 138 22 uteslutande
462 198 68 22 borde
545 198 87 22 komma
649 198 41 22 den
710 197 163 27 vetenskapliga

122 234 139 28 forskningen
279 235 39 21 och
341 235 40 21 den
398 234 141 22 akademiska
562 234 182 28 undervisningen
762 234 32 21 till
811 234 62 27 godo,

123 272 24 20 så
163 271 55 21 talar
237 270 85 22 således
343 271 41 21 dem
400 270 197 28 omständigheten,
606 272 34 20 att
656 270 164 22 förhållandena
835 270 37 26 på-

123 306 69 22 kallat
213 306 105 22 afvikelse
339 307 47 21 från
402 307 71 21 denna
489 306 90 28 princip,
596 305 187 27 uteslutande
746 301 36 38 för
793 312 26 16 en
831 305 43 21 för-

123 343 89 27 höjning
238 343 23 21 af
286 343 237 22 universitetslärarnes
548 343 68 27 löner,
640 342 42 22 alls
706 342 47 22 icke
769 342 104 22 däremot.

124 378 163 28 Behöfligheten
311 379 39 21 och
373 378 188 28 nödvändigheten
587 378 23 22 af
624 385 26 15 en
672 378 68 22 sådan
757 378 76 27 åtgärd
849 379 24 19 är

125 415 72 22 därför
208 416 66 21 också
285 416 24 21 så
320 415 118 28 uppenbar,
454 416 34 21 att
504 415 107 22 utskottet
628 414 49 23 från
693 414 34 22 sin
744 414 47 22 sida
803 415 72 21 ansett

123 453 68 26 några
206 452 47 21 skäl
272 451 84 22 utöfver
378 452 47 21 dem
446 451 145 27 petitionären
610 451 121 22 framhållit
742 451 47 22 icke
800 450 73 22 vidare

124 487 92 22 behöfva
231 488 102 27 påpekas.

196 524 49 22 Med
269 524 101 22 afseende
394 525 46 20 åter
461 525 13 20 å
490 523 76 28 frågan
583 530 33 15 om
637 523 237 22 universitetslärarens

124 560 153 27 pensionering
293 560 40 21 har
348 560 108 21 utskottet
479 559 106 22 likaledes
601 559 105 27 enhälligt
721 559 84 22 biträdt
820 558 55 27 peti-

125 596 110 22 tionärens
244 596 81 27 förslag
334 602 33 15 om
377 597 33 20 att
418 595 212 22 universitetslärare
638 595 35 22 vid
682 595 87 22 utträde
776 601 26 15 ur
810 595 66 26 tjenst

124 631 64 29 finge,
208 632 6 21 i
230 632 70 22 likhet
316 633 47 21 med
380 632 56 21 hvad
452 631 47 22 före
516 632 57 22 1875
589 633 35 20 års
641 631 108 28 reglering
760 631 24 22 af
791 629 84 23 univer-

125 669 86 21 sitetets
235 670 44 20 stat
302 669 54 26 ägde
380 674 46 15 rum
451 668 127 22 oafkortadt
603 667 156 28 tillgodonjuta
775 667 26 21 de
817 666 58 22 löne-

125 703 116 28 förmäner,
258 710 45 16 som
331 704 69 21 under
423 704 108 27 tjenstens
555 703 117 22 utöfvande
688 703 93 22 kommit
796 703 79 21 honom

126 740 34 21 till
176 740 42 28 del,
235 740 39 22 och
302 742 33 20 att
350 740 84 22 säledes
451 741 95 21 nämnda
561 742 51 26 stat,
630 739 68 28 enligt
713 739 88 22 hvilken
818 738 58 27 afgä-

126 776 55 22 ende
197 775 120 28 professors
334 776 126 27 inkomster,
478 776 6 21 i
501 776 74 22 stället
591 776 33 21 för
640 777 33 21 att
689 776 92 21 likasom
798 775 26 22 de
841 781 36 14 an-

126 812 50 21 dras
199 812 103 27 förhöjas,
324 812 106 21 minskats
447 818 78 21 genom
541 811 77 28 afdrag
634 812 24 22 af
671 811 158 28 hyresmedlen,
845 809 31 22 äf-

126 853 40 16 ven
183 847 6 22 i
206 848 70 22 denna
293 848 34 22 del
343 847 69 23 blefve
424 847 124 23 förändrad.
580 848 104 22 Förutom
696 848 37 21 det
744 846 132 23 hufvudsak-

126 883 45 28 liga
195 884 70 21 skälet
291 883 80 27 härför,
394 885 33 20 att
443 884 110 27 nämligen
577 883 153 23 universitetet
746 883 47 22 icke
809 882 67 22 borde

127 919 65 22 ställa
207 919 143 23 ekonomiska
364 920 78 22 hinder
458 919 6 22 i
481 922 68 25 vägen
565 920 34 22 för
614 921 35 20 att
665 926 26 16 en
707 919 71 22 lärare
789 919 36 21 vid
836 918 41 22 den

127 955 68 28 ålder,
211 955 28 22 då
254 955 42 22 han
313 956 41 21 kan
366 962 51 15 vara
424 955 124 28 berättigad
565 956 33 21 till
614 955 93 28 behöflig
728 955 59 22 hvila
803 954 39 22 och
859 953 23 22 af

127 991 96 27 naturlig
249 992 64 21 orsak
337 991 18 26 ej
380 992 74 21 vidare
478 992 49 21 med
544 998 82 15 samma
643 991 113 27 framgång
771 997 46 16 som
834 989 45 22 förr

128 1027 42 21 kan
187 1026 122 22 handhafva
325 1027 39 21 sitt
389 1027 52 27 kall,
458 1028 36 21 må
509 1027 74 22 kunna
599 1027 67 28 draga
682 1027 33 27 sig
731 1026 93 23 tillbaka
840 1026 39 21 och

128 1063 89 21 därmed
233 1062 73 23 lämna
322 1069 46 15 rum
386 1063 32 21 för
434 1069 74 22 yngre,
525 1063 91 22 friskare
632 1063 90 28 krafter,
738 1063 40 22 har
793 1062 85 22 utskot-

127 1099 33 20 tet
175 1098 128 27 ytterligare
320 1099 57 21 velat
393 1098 116 23 framhålla
525 1101 32 20 att
578 1099 73 28 vigten
667 1099 24 22 af
705 1099 71 22 denna
792 1097 85 28 angelä-

128 1134 80 26 genhet
234 1133 62 23 äfven
324 1135 56 21 inom
409 1135 153 22 universitetet
587 1135 57 22 varit
664 1134 65 28 lifligt
745 1135 57 21 känd
819 1134 7 21 i
842 1134 37 21 det

128 1169 152 22 consistorium
299 1170 61 22 däraf
374 1170 72 22 funnit
462 1170 34 28 sig
512 1170 109 23 föranledt
636 1173 34 20 att
685 1171 38 21 hos
739 1170 88 22 kansler
839 1169 39 22 och

128 1205 27 22 H.
173 1205 26 22 K.
215 1205 48 28 M:jt
279 1208 52 25 göra
347 1212 26 16 en
389 1206 162 28 framställning
567 1207 7 21 i
590 1207 114 22 enahanda
719 1206 63 28 syfte.

201 1241 107 28 Slutligen
325 1242 39 21 har
380 1242 110 22 utskottet
503 1242 134 23 beträffande
648 1242 164 22 universitetets
823 1241 56 28 tjen-

128 1278 85 21 stemän
235 1279 73 21 ansett
331 1278 33 28 sig
382 1277 52 23 böra
451 1278 6 22 i
474 1278 97 28 enlighet
594 1279 49 22 med
660 1278 145 28 petitionären
822 1277 56 23 före-

130 1314 33 21 slå
179 1315 33 20 att
228 1314 49 22 med
293 1314 82 27 hänsyn
391 1314 33 22 till
442 1314 41 22 den
500 1314 63 28 ringa
579 1314 68 28 utsigt
663 1314 34 22 till
708 1314 74 22 vidare
792 1313 86 23 beford-

129 1356 39 15 ran
195 1350 26 21 de
237 1349 7 21 i
266 1350 125 26 jämförelse
417 1350 49 22 med
491 1350 70 28 öfriga
585 1352 83 21 statens
684 1350 132 28 tjenstemän
832 1351 47 25 äga,

129 1385 63 22 deras
208 1386 36 21 lön
260 1385 70 23 blefve
347 1386 55 22 ökad
419 1386 5 21 i
442 1392 84 16 samma
541 1386 55 28 grad
612 1386 39 22 och
663 1386 62 22 deras
737 1385 142 23 ekonomiska

129 1420 108 23 förmåner
263 1422 36 21 vid
325 1422 194 27 afskedstagandet
542 1422 72 22 stälda
637 1424 28 25 på
686 1428 83 16 samma
784 1421 32 21 fot
833 1427 46 15 som

129 1457 245 23 universitetslärarnes.

204 1500 106 20 Allmänna
326 1500 184 20 Besvärsutskottets
527 1500 115 20 bttänkande
658 1500 39 20 N:o
712 1498 30 22 11.
