1061 1717
333 103 239 23 Petitionsbetänkande
587 105 39 21 N:o
642 104 20 22 9.
827 105 14 21 3

123 168 82 25 märka,
220 170 32 20 att
267 169 78 28 många
359 169 66 21 bland
440 170 55 25 dem,
511 169 74 21 hvilka
594 170 86 27 engång
688 170 85 21 beträdt
781 169 90 21 brottets

123 203 50 27 stig,
187 202 48 22 icke
250 203 7 21 i
273 203 65 27 något
353 203 38 21 fall
407 204 33 20 stå
455 205 33 20 att
502 204 77 25 rädda;
595 210 49 14 men
660 203 61 21 alltid
737 204 68 22 finnas
816 203 55 21 dock

122 236 75 28 några,
219 236 74 22 hvilka
314 237 68 21 första
404 238 86 28 gången
510 238 27 21 de
552 238 72 21 lämna
638 238 115 28 fängelset,
769 239 52 27 göra
835 238 37 21 det

123 270 49 21 med
187 270 26 22 de
224 270 62 22 bästa
293 271 123 26 föresatser,
425 272 39 21 och
473 272 110 21 dessutom
593 273 22 19 är
624 273 79 20 största
711 272 62 21 delen
785 272 22 21 af
813 278 58 22 unga

122 304 120 28 förbrytare
257 305 69 22 under
340 306 27 21 20
379 306 24 20 år
414 307 58 20 ännu
483 306 7 20 i
501 308 31 19 ett
542 306 77 21 sådant
630 306 241 28 utvecklingstillstånd,

123 340 32 19 att
174 339 25 21 de
217 339 102 28 möjligen
335 339 73 22 kunna
425 340 83 21 räddas.
533 340 43 21 Vid
591 340 42 21 alla
648 340 63 21 dessa
726 340 72 21 häftar
808 342 63 19 emel-

124 372 64 22 lertid
210 373 129 29 outplånligt
354 374 71 21 denna
440 374 125 27 skamfläck,
581 381 46 14 som
640 374 7 20 i
664 374 136 21 människors
815 376 56 26 ögon

123 406 64 28 följer
198 406 48 22 dem
261 407 62 21 äfven
341 408 65 20 sedan
422 408 27 21 de
464 408 97 21 försonat
576 408 32 21 sin
628 408 104 22 förseelse
751 408 41 21 och
809 408 62 21 deras

123 441 127 28 undergång
261 443 23 20 är
299 441 66 22 också
380 442 6 21 i
402 442 27 21 de
439 443 63 20 flesta
512 442 37 21 fall
561 443 134 28 oundviklig,
706 449 34 14 om
753 443 27 20 de
791 443 81 20 lämnas

123 476 32 19 att
179 477 51 19 utan
253 476 58 27 hjälp
336 477 28 27 på
378 483 54 21 egen
447 476 58 21 hand
521 477 62 28 bryta
598 477 33 27 sig
646 483 26 15 en
688 477 63 21 bana.
779 477 92 21 Derföre

124 509 39 21 har
178 509 65 21 också
258 510 88 27 frigifne
361 510 87 28 fångars
457 510 188 28 beklagansvärda
653 511 41 21 lott
701 511 64 28 gifvit
773 511 99 21 enskilda

125 543 195 22 människovänner
351 544 117 28 anledning
503 545 32 21 till
566 545 128 21 utöfvandet
725 545 24 21 af
775 552 26 14 en
829 545 44 21 väl-

125 577 215 29 signelsebringande
367 578 233 22 kärleksvärksamhet.
639 579 50 21 Men
715 579 57 21 klart
796 580 24 20 är
843 580 32 20 att

125 611 42 21 den
183 611 108 22 enskildas
307 612 100 28 åtgärder
422 613 28 27 pä
466 612 60 21 detta
541 613 87 21 område
644 613 20 28 ej
680 613 73 21 kunna
769 620 49 14 vara
832 613 42 20 till-

125 645 102 28 räckliga,
250 647 57 20 hälst
328 646 26 21 de
376 646 45 21 ofta
444 646 129 21 värkställas
593 649 51 19 utan
664 647 36 21 det
715 647 103 21 samband
833 647 40 21 och

126 681 39 19 den
189 680 98 28 ordning,
309 687 45 14 som
377 681 115 26 erfordras,
514 681 33 20 för
569 683 31 19 ett
615 681 91 21 resultat
721 681 24 21 af
759 680 115 22 bestäende

125 713 72 22 värde.
226 714 52 21 Man
305 715 39 20 har
372 715 73 20 derför
472 715 66 21 ocksä
564 715 27 28 pä
618 722 76 14 senare
715 715 57 21 tider
795 715 79 27 begynt

125 749 32 20 att
187 748 7 21 i
223 748 70 21 denna
320 749 60 28 fräga
410 749 74 20 skrida
508 749 34 20 till
566 749 76 21 verket
666 749 49 21 med
740 755 134 22 gemensam-

127 789 34 14 ma
186 782 88 23 krafter,
302 782 11 21 I
335 782 26 21 de
386 783 62 20 flesta
473 783 23 20 af
519 783 98 28 Europas
642 785 67 19 stater
731 783 64 21 hafva
818 783 56 21 före-

126 816 77 27 ningar
226 816 80 21 bildats
332 817 33 20 för
390 817 140 21 anskaffande
553 817 23 21 af
598 817 175 28 arbetsförtjenst
794 817 22 21 ät
838 817 37 21 fri-

127 850 59 28 gifna
209 851 76 28 fängar
308 851 39 21 och
370 850 100 22 öfverallt
491 851 39 21 har
545 851 152 22 erfarenheten
713 851 162 28 ovedersägligt

127 885 62 27 visat,
211 886 32 19 att
267 892 49 14 man
340 891 78 22 genom
440 885 186 28 ändamälsenliga
649 885 100 28 ätgärder
765 886 42 20 kan
823 886 52 27 göra

128 919 85 28 mycket
228 919 33 20 till
277 919 82 21 förmän
374 919 34 20 för
423 919 63 21 dessa
502 919 115 28 olycklige.
648 919 108 22 Särskildt
771 919 104 28 förtjenar

128 953 6 21 i
151 953 58 21 detta
224 953 102 22 afseende
341 955 32 19 att
388 955 126 20 omnämnas
523 953 26 22 de
558 961 15 14 s.
583 954 20 21 k.
613 953 220 22 äkerbrukskolonier
843 953 33 22 för

127 987 88 28 frigifna
231 987 82 28 fångar,
329 987 73 21 hvilka
417 987 168 28 mängenstädes
600 987 105 28 grundats
713 987 40 22 och
761 987 32 21 till
802 987 75 22 hvilka

128 1021 69 26 dessa,
211 1021 67 20 sedan
293 1021 27 21 de
337 1021 81 28 sluppit
432 1028 25 13 ur
473 1021 114 28 fängelset,
602 1021 73 22 kunna
685 1023 50 26 taga
746 1022 33 20 sin
789 1021 88 28 tillflykt

128 1055 33 21 för
176 1056 31 19 att
221 1055 83 21 erhälla
319 1055 74 22 arbete
408 1055 40 21 och
464 1055 123 28 uppehälle.
608 1055 45 21 Det
667 1055 86 22 tillfälle
768 1055 33 21 till
811 1055 66 28 ärligt

128 1089 86 25 förvärf,
229 1095 46 14 som
290 1089 7 20 i
313 1089 79 21 sädana
407 1089 145 28 inrättningar
567 1089 109 28 erbjudes,
686 1090 40 20 och
737 1089 41 22 den
789 1091 88 26 stränga

128 1123 99 28 ordning,
243 1130 45 14 som
303 1123 7 21 i
326 1123 48 21 dem
389 1123 166 28 upprätthälles,
570 1123 102 22 invärkar
686 1123 117 22 hälsosamt
815 1123 28 28 pä
850 1123 27 21 de

128 1157 95 28 frigifne,
238 1157 40 21 och
294 1157 149 22 erfarenheten
459 1157 71 28 gifver
545 1157 36 22 vid
596 1157 85 22 handen
704 1159 32 19 att
750 1157 126 28 härigenom

127 1191 22 21 åt
175 1191 114 21 samhället
311 1191 77 21 räddas
416 1191 128 22 hundratals
560 1192 147 27 medborgare,
722 1191 76 22 hvilka
813 1191 65 28 eljest

129 1225 70 20 skulle
215 1225 66 21 slutat
297 1225 45 21 sina
358 1225 66 28 dagar
435 1225 6 21 i
454 1225 146 28 fängelserna.
629 1225 140 28 Exempelvis
777 1225 34 21 må
819 1225 60 21 anfö-

129 1266 36 14 ras
173 1260 31 19 att
214 1259 6 20 i
229 1259 63 21 Paris
301 1259 38 21 och
349 1259 49 21 dess
406 1259 112 28 omnejder
527 1259 67 22 under
603 1259 74 28 början
686 1259 23 21 af
717 1259 60 22 detta
785 1259 94 21 århund-

129 1293 52 21 rade
201 1293 26 21 75
243 1295 86 26 procent
344 1293 23 21 af
383 1300 58 21 unga
456 1294 122 27 förbrytare
593 1294 69 21 under
676 1294 27 20 20
718 1294 24 20 år
757 1293 100 22 återföllo
873 1293 7 21 i

130 1327 63 26 brott,
216 1334 48 14 men
287 1327 55 21 efter
364 1327 37 21 det
420 1334 27 14 en
464 1327 57 21 skild
535 1328 100 27 förening
650 1331 37 24 tog
702 1327 57 21 hand
774 1334 34 14 om
824 1326 57 28 dem,

132 1361 88 27 började
236 1362 142 26 procenttalet
394 1361 108 28 ansenligt
518 1363 32 19 att
564 1361 78 28 nedgå,
658 1361 23 21 så
696 1363 31 19 att
742 1361 23 21 år
781 1361 54 21 1860
845 1367 36 14 en-

131 1395 49 21 dast
194 1396 37 24 3,.
247 1397 90 25 procent
352 1395 76 27 gjorde
444 1395 34 27 sig
492 1395 103 27 skyldiga
610 1394 32 22 till
658 1395 92 21 återfall.

202 1436 106 20 Allmänna
323 1436 183 20 Besvärsutskottets
523 1436 115 20 betänkande
655 1436 36 20 N:o
707 1438 19 18 8.
