1061 1717
301 105 240 23 Petitionsbetänkande
557 105 36 23 N:o
609 105 21 22 5.
785 106 27 22 15

89 172 95 26 aktiven,
201 172 34 21 till
253 172 80 27 12,000
349 172 69 21 mark.
443 172 81 21 Inalles
535 172 71 21 skulle
618 171 85 22 således
713 172 84 26 årligen
808 171 34 21 för

90 208 128 21 dithörande
234 208 101 20 ändamål
352 207 108 22 erfordras
477 208 82 26 20,000
574 208 63 20 mark
653 208 40 21 och
712 207 130 27 biläggande

91 244 63 21 dessa
176 243 145 27 beräkningar
344 243 34 21 till
402 243 40 21 sitt
456 243 138 21 betänkande
610 243 41 21 har
666 244 109 20 utskottet
790 245 52 19 äran

91 278 87 22 föreslä:

269 316 31 20 att
315 313 85 23 landets
422 314 126 28 Höglofliga
567 314 95 22 Ständer
680 314 71 22 skulle
760 314 83 27 förena

233 350 34 28 sig
289 357 34 14 om
346 351 31 21 att
399 350 111 22 remittera
520 350 150 27 förevarande
686 350 81 22 ärende
781 350 9 21 i
805 349 38 23 och

227 385 41 27 för
291 386 223 27 penningeanslagets
539 386 58 22 skull
621 386 35 21 till
679 385 164 23 statsutskottets

234 421 136 29 behandling.

167 541 143 28 Helsingfors,
327 541 23 22 af
364 542 116 21 Allmänna
496 542 203 21 Besvärsutskottet
711 542 40 21 den
768 542 7 21 9
785 541 58 22 Mars

95 577 64 22 1885.

168 613 10 22 I
194 614 101 21 ärendets
311 613 132 27 behandling
460 613 66 22 hafva
541 613 101 28 deltagit:
660 614 119 21 utskottets
795 613 50 21 ord-

94 649 96 28 förande,
213 649 20 22 J.
259 649 25 22 G.
308 649 89 28 Geitlin,
422 652 57 19 samt
503 649 129 22 ledamöter:
650 649 24 22 af
688 649 110 26 Schultén,
814 649 29 20 M.

93 685 40 27 W.,
157 685 100 27 Ramsay,
281 686 32 26 A.,
338 685 141 27 Gripenberg,
504 685 32 27 A.,
559 692 41 15 von
622 686 123 26 Rehausen,
763 685 24 21 E.
803 684 42 27 W.,

94 721 145 27 Westerlund,
263 721 25 21 A.
313 720 33 28 G.,
362 721 116 27 Perander,
497 721 21 21 J.
535 721 19 22 J.
571 721 31 27 F.,
619 721 133 26 Calamnius,
769 720 19 21 J.
805 720 42 26 W.,

95 753 93 31 Öhberg,
203 757 33 21 W.
253 757 40 27 W.,
309 757 131 27 Helsingius,
457 757 25 21 A.
498 757 41 27 W.,
555 757 112 27 Sundvall,
683 757 24 20 F.
718 756 41 27 W.,
775 755 71 22 Nord-

95 800 57 21 man,
161 793 26 21 K.
201 793 31 27 A.,
245 792 97 27 Avellan,
353 793 32 27 E.,
398 792 92 28 Ojanen,
506 793 33 27 K.,
551 793 82 27 Pöysti,
645 793 32 27 F.,
686 793 90 26 Luoma,
785 792 20 21 J.
816 791 27 21 H.

168 1497 106 20 Allmänna
291 1498 182 20 Besvärsutskottets
488 1498 118 19 betänkande
622 1498 39 19 N:o
677 1498 18 19 4.
