1061 1717
297 101 239 25 Petitionsbetänkande
551 104 40 23 N:o
609 103 34 23 10.
803 104 13 22 5

95 170 69 28 karga
178 172 65 20 natur
259 170 6 22 i
277 170 40 22 och
328 176 77 21 genom
417 170 27 22 de
454 170 90 28 torftiga
554 170 163 28 lefnadsvilkor,
729 176 46 16 som
786 170 63 22 däraf

95 208 38 20 äro
149 212 27 16 en
192 206 53 27 följd
261 206 95 22 skänker
371 206 80 22 folkets
467 206 63 22 äfven
545 206 83 28 fysiska
645 206 74 28 styrka
735 207 42 21 den
790 207 56 21 mot-

96 242 142 28 ständskraft,
260 248 46 16 som
322 242 63 22 alltid
401 242 40 22 och
457 242 92 22 öfveralt
566 242 86 28 åtföljer
668 242 102 22 enkelhet
785 242 8 22 i
814 248 33 16 se.

96 278 38 21 der
150 278 40 21 och
204 277 72 22 behof.
307 278 50 21 Man
373 278 43 21 kan
433 278 85 22 säledes
534 278 47 22 icke
598 278 58 28 dölja
672 278 33 22 för
721 278 34 28 sig
771 279 33 21 att
819 278 28 22 de

95 314 118 22 bestående
237 314 142 22 mortalitets-
404 314 40 21 och
468 314 278 27 sjukdomsförhällandena
769 314 8 21 i
799 315 49 21 vårt

96 350 59 27 land,
171 350 25 21 sä
211 350 63 27 djupt
289 349 124 28 beklagliga
434 349 33 21 för
482 350 75 27 hvarje
573 350 109 22 tänkande
698 350 149 27 medborgare,

95 386 28 21 ha
141 386 34 21 sin
190 387 35 21 rot
240 386 33 21 uti
289 386 95 27 orsaker,
401 392 47 15 som
464 386 49 22 med
529 386 89 22 förenad
633 386 43 27 god
687 386 52 27 vilja
749 386 48 21 frän
807 385 40 21 fol-

97 422 49 22 kets
169 428 53 21 egen
246 422 40 22 och
310 422 26 21 de
359 422 114 27 styrandes
497 422 48 21 sida
565 421 7 22 i
589 422 108 27 väsentlig
711 423 52 21 män
778 422 69 21 mäste

96 459 74 21 kunna
181 458 154 27 undanrödjas.
354 457 81 22 Hvilka
448 458 71 22 medel
530 458 40 21 och
581 458 83 22 hvilket
675 457 172 28 tillvägagäende

96 494 77 22 härvid
188 495 50 21 med
254 495 81 20 största
352 493 69 22 fördel
437 500 50 15 vore
504 496 33 20 att
550 494 115 27 tillgripas,
677 496 25 19 är
711 494 100 22 däremot
821 499 26 16 en

96 530 113 22 invecklad
225 530 40 22 och
282 531 49 20 svär
346 529 67 28 fräga.
445 529 62 22 Dock
523 530 62 21 torde
602 530 36 21 det
654 530 109 27 knappast
773 530 74 21 kunna

97 566 101 22 förnekas
219 567 33 20 att
273 565 43 22 alla
331 565 184 28 ansträngningar
530 566 56 22 först
602 566 39 22 och
657 566 78 21 främst
751 566 52 21 böra
819 566 28 27 gä

96 604 24 20 ut
136 603 28 26 pä
178 601 80 22 folkets
275 608 54 21 egen
344 601 129 28 uppfostran
489 601 35 22 till
535 601 67 28 insigt
613 601 24 23 af
645 602 155 21 hälsovärdens
811 601 35 22 be-

96 638 84 27 tydelse
196 638 39 21 och
251 637 24 22 af
289 638 56 21 hvad
361 637 7 22 i
385 638 61 21 detta
462 637 102 23 afseende
580 639 40 21 hos
636 645 36 15 oss
688 640 62 19 ännu
760 637 87 22 brister.

96 674 43 22 Det
154 676 24 19 är
193 673 110 28 nämligen
319 673 33 22 uti
368 674 41 21 den
425 673 66 22 bland
500 675 48 21 värt
558 674 63 22 lands
630 674 111 27 menighet
751 673 96 22 rädande

98 711 59 20 stora
180 709 162 28 okunnigheten
366 710 39 21 och
428 709 142 28 häglösheten
594 710 7 21 i
621 709 131 22 hithörande
768 709 79 28 frägor,

99 752 45 15 som
162 745 91 22 orsaken
270 745 34 22 till
321 746 37 21 det
374 745 56 22 onda
446 745 152 28 förnämligast
610 745 40 22 bör
664 745 72 28 sökas,
748 745 39 22 och
798 751 51 15 man

98 781 44 22 kan
158 781 49 22 med
224 781 47 22 skäl
287 781 81 28 befara,
384 783 34 20 att
434 781 58 22 intill
509 782 49 21 dess
574 782 70 21 denna
660 781 55 22 brist
730 781 72 22 blifvit
817 780 31 22 af-

97 817 77 28 hjälpt,
190 817 43 21 alla
248 816 143 28 öfverhetliga
412 817 271 28 hälsovärdsstadganden,
699 817 56 21 huru
771 816 78 22 omfat-

99 853 65 21 tande
180 853 39 21 ocd
235 854 90 26 stränga
341 853 25 22 de
383 855 28 19 än
426 855 46 25 äro,
488 853 62 22 skola
565 852 75 23 bevisa
655 853 34 27 sig
699 859 52 15 vara
762 859 46 15 mer
818 851 30 22 el-

98 889 33 21 ler
146 888 83 22 mindre
246 888 133 22 ofruktbara.

172 924 73 22 Jämte
261 924 38 22 det
314 924 109 22 utskottet
438 924 86 22 säledes
541 924 59 22 delar
619 924 157 27 petitionärens
792 930 54 21 upp-

97 960 95 27 fattning
215 961 33 20 att
271 961 32 20 ett
326 959 198 22 framätskridande
545 961 28 26 pä
588 960 155 21 hälsovärdens
759 959 89 22 omräde

97 996 78 21 främst
194 995 100 28 betingas
315 995 23 22 af
355 1002 27 15 en
398 1002 60 15 mera
474 995 94 22 utbredd
584 995 66 28 insigt
666 1002 35 15 om
718 995 49 22 dess
783 1001 65 21 grun-

97 1032 39 21 der
159 1032 39 21 och
219 1031 76 27 vilkor,
318 1031 64 22 hafva
401 1031 59 22 olika
476 1031 83 28 äsigter
575 1031 91 22 uttalats
682 1037 35 16 om
734 1031 27 22 de
776 1030 72 23 medel

98 1073 47 16 som
159 1067 33 22 för
202 1067 80 22 nämda
298 1067 76 28 syftets
390 1067 108 22 vinnande
514 1073 51 16 vore
582 1067 26 22 de
624 1069 57 20 mest
697 1066 150 23 ändamälsen-

98 1103 50 27 liga.
179 1103 126 22 Utskottets
321 1102 71 23 flertal
407 1103 65 27 hyser
488 1103 42 22 den
546 1102 140 28 uppfattning
702 1104 33 20 att
754 1103 41 21 den
815 1103 33 20 &t-

98 1139 53 27 gärd
167 1145 46 15 som
230 1139 7 21 i
253 1138 92 22 främsta
359 1140 95 20 rummet
470 1139 71 22 skulle
557 1139 73 21 kunna
645 1138 117 22 medverka
776 1137 35 22 till
822 1144 27 15 en

99 1174 122 22 förbättrad
235 1175 116 21 hälsovärd
366 1175 126 27 isynnerhet
507 1176 29 26 pä
546 1175 76 21 landet
634 1180 50 16 vore
696 1180 26 15 en
733 1173 117 28 tillökning

98 1210 24 22 af
140 1209 221 28 provinsialläkarnes
384 1210 60 22 antal
466 1210 70 27 jämte
553 1217 26 15 en
596 1209 88 28 delning
699 1209 24 22 af
737 1210 64 21 deras
817 1209 32 22 di-

99 1246 73 22 strikt.
203 1246 83 22 Genom
303 1252 27 15 en
351 1246 66 21 sädan
434 1245 80 23 reform
531 1246 71 21 skulle
618 1247 64 21 dessa
697 1245 82 28 läkare,
794 1244 55 23 hvil-

99 1282 40 22 kas
160 1281 168 28 hufvudsakliga
353 1281 87 28 uppgift
454 1282 47 27 just
516 1284 25 20 är
556 1282 41 22 den
614 1281 109 23 allmänna
738 1281 111 22 hälsovär-

101 1318 52 22 dens
170 1318 157 22 öfvervakande
343 1318 7 21 i
371 1318 26 22 de
413 1324 57 21 resp.
487 1317 124 28 distrikten,
628 1318 49 22 med
694 1319 70 20 större
781 1317 65 22 fram-

99 1354 57 27 gäng
171 1354 74 21 kunna
259 1353 54 28 fylla
329 1354 60 22 detta
404 1353 53 22 värf.
487 1354 39 21 Att
541 1353 102 22 behofvet
658 1353 24 21 af
696 1360 26 15 en
738 1353 68 22 sädan
817 1354 32 20 ät-

99 1390 54 26 gärd
168 1390 83 26 ganska
266 1389 92 21 allmänt
380 1388 88 28 erfares,
491 1389 86 27 intygas
593 1389 81 27 jämväl
690 1388 23 22 af
727 1389 27 21 de
769 1388 81 22 talrika

99 1425 117 27 petitioner
231 1431 46 16 som
295 1425 7 21 i
318 1425 61 22 detta
394 1424 57 28 syfte
466 1425 37 21 vid
514 1425 145 22 innevarande
669 1424 105 28 landtdag
784 1424 65 22 fram-

99 1460 78 22 burits.

176 1503 106 21 Allmänna
298 1503 184 21 Besvärsutskottets
498 1503 118 21 betänkande
631 1500 40 23 N:o
687 1504 18 20 9.
