1061 1717
234 78 29 22 10
435 77 240 23 Petitionsbetänkande
687 77 40 24 N:o
743 76 20 23 7.

205 143 72 23 skulle
292 150 28 15 en
335 143 104 23 afvikelse
454 144 67 22 hafva
537 144 59 22 skett
612 144 48 22 frän
674 144 43 22 den
728 143 24 22 af
761 144 77 27 regent
849 143 39 22 och
898 144 58 20 stän-

206 180 39 21 der
268 181 135 26 gemensamt
425 179 119 23 faststälda
566 180 86 27 planen.
683 180 45 22 Det
748 179 41 21 har
807 178 74 23 därför
896 180 61 26 synts

205 215 117 27 utskottet,
338 221 46 15 som
400 221 35 16 om
451 215 65 22 äfven
532 215 24 22 af
570 216 78 27 denna,
664 222 35 15 om
715 215 42 22 ock
772 215 8 21 i
795 215 85 22 mindre
896 214 62 22 skala

203 250 89 23 utförda
313 250 157 28 kombination,
494 258 28 15 en
544 251 72 28 nyttig
640 251 124 22 erfarenhet
785 250 34 22 för
839 250 119 22 framtiden

203 287 74 21 kunde
303 288 70 20 ernäs.
403 286 115 23 Reformer
543 287 24 22 af
585 288 42 21 den
650 286 140 28 omfattning,
811 293 48 15 som
879 286 41 22 den
936 286 25 21 af

202 322 122 22 därvärden
340 322 7 22 i
362 323 48 21 värt
420 322 59 28 land,
487 323 54 21 böra
549 323 69 27 enligt
625 323 121 22 utskottets
757 322 141 22 förmenande
908 322 49 22 icke

203 358 152 22 brädstörtadt
370 358 91 28 utföras,
477 361 54 20 utan
546 358 70 22 hällre
632 358 110 28 företagas
758 358 8 22 i
782 358 43 22 den
841 359 50 21 män
906 364 51 15 man

202 394 85 28 lyckats
306 394 67 31 vinna
387 401 26 15 en
429 394 132 28 erfarenhet,
577 401 47 15 som
640 394 66 28 eljest
720 394 45 22 kan
779 394 68 22 blifva
863 394 93 27 dyrköpt

201 436 50 22 n0g.
283 430 63 22 Hvad
361 432 48 20 äter
432 431 27 22 de
480 430 142 23 ekonomiska
638 430 76 23 skälen
730 431 75 27 angär,
822 431 25 21 sä
862 430 43 22 kan
920 431 36 20 ut-

203 467 85 21 skottet
305 466 132 22 tillerkänna
452 467 50 22 dem
519 467 78 21 endast
612 467 33 22 ett
660 466 90 22 relativt
765 466 72 22 värde.
868 465 34 22 Då
918 465 38 22 det

203 502 70 28 gäller
295 504 34 20 att
349 504 59 20 sätta
423 503 8 21 i
446 503 77 21 verket
538 509 27 15 en
581 501 151 29 omsorgsfullt
747 501 92 28 pröfvad
855 501 40 22 och
910 501 44 22 rik-

200 537 33 28 tig
247 537 110 23 befunnen
373 538 57 27 plan,
446 544 64 21 synes
526 539 37 21 det
579 538 115 27 utskottet,
711 544 47 15 som
775 544 35 15 om
826 538 64 21 dessa
906 537 48 21 skäl

201 574 19 27 ej
244 573 57 28 finge
323 576 56 25 väga
402 573 76 22 alltför
500 574 93 27 mycket.
624 574 50 22 Men
690 573 60 22 afser
765 580 52 15 man
832 573 63 22 äfven
912 573 42 21 den

199 609 144 23 ekonomiska
358 609 63 22 sidan
436 611 25 20 sä
477 612 25 19 är
518 610 37 21 det
571 609 154 28 tvifvelaktigt,
733 609 109 22 huruvida
853 609 47 22 icke
911 609 42 22 den

201 645 24 22 af
239 646 107 27 styrelsen
362 646 100 27 inslagna
477 648 69 25 vägen
556 645 107 28 förtjenar
671 646 128 22 företrädet.
823 645 35 22 En
869 645 85 27 utvidg-

200 681 53 28 ring
276 681 25 22 af
319 681 110 28 Fagernäs
450 682 84 22 anstalt
549 682 7 21 i
573 683 41 21 den
630 682 99 27 riktning
745 681 24 22 af
783 681 170 28 petitionärerne

200 717 93 22 föreslås
309 718 63 21 torde
386 717 110 28 knappast
511 718 89 21 komma
616 717 71 28 aflöpa
703 718 50 21 med
769 717 85 22 mindre
869 716 83 28 uppofi-

199 753 50 28 ring
275 755 28 20 än
328 753 24 22 af
374 760 27 15 en
416 753 48 22 half
485 754 76 27 miljon
577 754 69 27 mark,
663 754 79 22 medan
759 753 156 28 omändringen
931 752 25 22 af

198 789 252 28 fängelsebyggnaderna
466 790 7 21 i
488 790 113 27 Kexholm,
617 790 89 22 hvilken
720 790 26 27 ju
761 789 64 22 äfven
843 789 58 22 afser
919 790 33 21 att

197 825 54 27 fylla
274 826 38 21 det
334 828 111 19 närmaste
460 826 103 22 behofvet
583 826 24 21 af
621 827 52 21 vård
690 826 35 21 för
740 825 105 22 kroniska
868 825 83 21 sinnes-

199 861 70 28 sjuka,
285 861 107 22 beräknas
408 862 89 21 komma
512 863 34 20 att
561 862 65 21 kosta
641 869 51 20 ung.
704 861 98 27 260,000
813 861 68 22 mark.
906 860 46 22 Och

197 903 79 20 genom
293 897 68 30 sagda
376 897 66 28 utgift
458 897 24 22 af
496 903 27 16 en
541 897 26 28 !/,
584 897 75 28 miljon
675 903 52 16 vore
739 897 85 22 ändock
835 897 78 21 endast
923 903 27 15 en

198 932 36 22 del
249 932 25 22 af
288 933 75 22 landet
378 933 154 28 tillgodosedd.

273 968 115 22 Utskottet
407 969 40 21 har
455 969 75 22 vidare
539 969 48 22 icke
594 969 85 22 kunnat
687 969 76 27 undgä
771 970 34 20 att
812 968 91 27 päpeka,
911 968 43 22 hu-.

196 1010 75 15 rusom
286 1005 37 21 det
334 1005 62 21 torde
412 1004 22 22 fä
449 1011 65 16 anses
529 1011 52 15 vara
595 1004 51 28 föga
661 1004 103 28 lämpligt
779 1005 34 20 att
828 1004 124 26 ständerna,

197 1039 64 22 äfven
277 1045 35 16 om
329 1040 42 22 den
386 1039 124 28 föreslagna
521 1040 156 27 utvidgningen
686 1039 25 22 af
717 1040 111 27 Fagernäs
837 1039 70 21 skulle
915 1038 37 22 be-

196 1074 71 23 finnas
278 1075 73 28 nödig,
363 1075 73 22 därför
446 1078 78 25 genast
534 1076 80 27 bevilja
624 1076 80 27 nödiga
715 1075 79 27 medel,
806 1077 54 20 utan
870 1074 82 22 känne-

196 1111 51 21 dom
271 1117 35 16 om
325 1111 109 22 huruvida
449 1111 111 22 allmänna
575 1111 131 22 statsmedel
722 1110 75 23 därför
813 1110 77 22 funnes
907 1110 44 21 dis-

195 1146 97 27 ponibla.
323 1147 11 21 I
354 1146 39 22 fall
412 1147 24 22 af
449 1147 69 22 behof
531 1147 56 22 skall
602 1153 43 21 nog
660 1147 133 27 regeringen
809 1146 7 21 i
832 1146 69 22 sinom
918 1145 33 22 tid

195 1182 48 22 icke
259 1182 116 22 underläta
386 1184 33 20 att
429 1183 39 21 hos
480 1182 122 23 Ständerna
612 1185 53 25 göra
676 1182 164 27 framställning
851 1181 8 22 i
869 1183 81 20 ämnet.

271 1217 107 28 Slutligen
393 1218 41 22 har
449 1218 35 22 till
500 1219 120 21 utskottets
636 1218 75 22 beslut
727 1218 7 21 i
751 1217 76 28 frägan
836 1217 63 22 äfven
908 1217 42 22 den

196 1253 141 28 uppfattning
360 1254 134 27 medverkat,
510 1256 34 20 att
566 1253 123 23 Ständerna
713 1254 79 21 endast
815 1252 33 23 uti
869 1252 83 27 vigtiga

194 1289 167 28 principfrägor,
378 1290 39 21 där
432 1290 38 22 det
486 1290 130 27 exempelvis
631 1289 71 28 gäller
718 1289 131 27 angifvande
867 1287 24 23 af
908 1288 42 22 den

194 1324 99 28 riktning
308 1325 34 22 uti
357 1326 88 21 hvilken
456 1332 27 16 en
494 1325 117 29 ifrägasatt
621 1326 82 22 reform
715 1325 57 22 skall
783 1324 103 28 försiggä,
897 1323 53 22 böra

192 1366 80 21 genom
289 1360 48 22 sina
352 1361 129 22 uttalanden
498 1361 54 22 söka
567 1361 89 22 inverka
672 1362 30 26 pä
717 1360 120 28 styrelsens
849 1361 100 26 ätgöran-

194 1396 49 27 den,
267 1402 51 17 men
340 1396 48 22 icke
411 1398 53 26 taga
486 1397 34 27 sig
542 1397 61 22 talan
626 1397 33 22 uti
683 1396 76 28 frågor
782 1396 24 22 sf
827 1402 47 16 mer
897 1394 53 24 eller

193 1431 85 27 mindre
294 1432 121 27 detaljerad
429 1432 155 22 beskaffenhet.

264 1474 110 20 Allmänna
389 1475 183 20 Besvärsutskottets
588 1474 118 21 betänkande
722 1474 40 20 N:o
779 1474 18 20 6.
