1061 1717
205 96 13 22 8
416 89 238 31 Petitionsbetänkande
669 98 37 22 N:o
721 96 21 23 4.

203 161 107 27 gällande.
349 163 31 21 Pä
409 170 83 15 samma
518 165 57 26 gång
596 170 51 16 man
670 165 13 20 å
706 170 41 15 ena
771 164 62 21 sidan
857 163 97 22 förordat

203 197 49 21 dess
278 197 140 29 förläggande
441 200 35 21 till
498 200 110 27 Mustiala,
631 200 40 22 har
694 199 48 22 från
765 201 33 20 ett
821 201 66 20 annat
909 199 44 21 håll

202 233 69 27 gjorts
288 234 163 28 invändningar,
472 236 75 21 hvilka
562 236 133 21 åtminstone
715 235 35 21 till
766 242 26 15 en
809 235 35 22 del
860 237 37 19 äro
916 234 36 22 de-

202 274 90 22 samma,
316 276 45 15 som
385 272 28 26 på
435 271 226 22 landtbrukaremötet
684 272 23 20 år
732 271 57 22 1883
806 271 110 21 uttalades
932 270 23 20 af

202 304 147 22 minoriteten.
380 306 50 22 Man
449 307 41 21 har
505 307 109 27 nämligen
630 308 83 21 erinrat
728 313 43 21 om,
787 301 33 27 att
831 306 121 27 förläggan-

202 340 37 22 det
250 340 24 21 af
283 346 26 16 en
320 340 56 22 finsk
386 342 204 28 parallelafdelning
600 343 34 21 till
645 343 104 21 Mustiala
760 342 70 22 skulle
841 341 112 23 förorsaka

201 376 68 22 behof
291 376 23 22 af
335 377 51 22 flere
410 378 70 22 lärare
504 380 57 20 samt
584 381 32 19 att
639 379 34 21 för
694 380 65 20 dessa
775 378 39 22 och
831 379 37 21 det
884 377 68 22 ökade

202 411 137 30 elevantalet,
363 420 41 21 nya
423 414 111 28 bygnader
553 414 71 23 blefve
640 414 149 28 erforderliga.
821 414 45 21 Och
885 414 69 21 ehuru

202 448 39 21 där
256 449 127 28 visserligen
399 450 33 21 för
448 451 37 21 det
500 451 136 21 närvarande
651 451 73 21 kunde
740 450 70 22 finnas
821 451 66 26 något
897 449 56 27 plat-

202 490 36 15 ser
253 484 72 27 lediga
341 485 34 22 till
391 485 53 28 följd
456 486 64 21 däraf
529 488 33 20 att
572 486 165 27 mejeriskolans
748 493 55 20 rum,
815 486 50 21 med
881 485 73 22 anled-

201 519 52 28 ning
269 520 24 21 af
307 521 36 21 det
358 521 63 28 ringa
436 522 84 21 antalet
534 523 118 27 lärjungar,
669 523 68 21 delvis
754 523 34 20 stå
803 524 88 24 tomma,
902 527 51 15 vore

201 555 38 22 det
262 556 56 21 dock
341 557 110 22 sannolikt
474 559 33 20 att
530 558 111 21 desamma
664 558 58 21 inom
747 558 83 27 ganska
852 557 50 21 kort
919 557 32 21 tid

200 591 87 22 komme
304 594 32 20 att
352 593 102 22 behöfvas
471 593 34 22 till
516 594 37 21 det
564 594 108 27 ändamål,
684 593 33 22 för
728 594 83 21 hvilket
823 594 26 21 de
861 592 91 27 egentli-

200 633 41 20 gen
265 629 38 20 äro
327 628 89 22 afsedda
439 630 40 21 och
501 630 28 21 då
548 629 71 22 blefve
640 637 42 20 nya
697 630 126 27 byggnader
838 629 23 21 af
874 629 77 21 nöden.

201 663 40 21 Om
258 670 50 15 man
324 665 47 20 åter
386 665 98 22 försökte
500 665 96 28 afhjelpa
612 666 71 21 denna
699 665 116 28 olägenhet
826 666 29 26 på
865 666 25 20 så
900 665 50 25 sätt,

200 700 33 20 att
248 699 60 28 lägre
319 700 138 29 afdelningen
469 702 70 21 skulle
549 701 107 28 förflyttas
667 702 34 21 till
712 708 72 15 annan
795 703 42 26 ort,
848 702 25 21 så
882 700 70 22 skulle

199 734 63 22 äfven
279 742 27 15 en
322 736 68 21 sådan
406 737 126 28 förändring
543 737 161 28 otvifvelaktigt
715 737 114 22 förorsaka
839 737 113 26 ansenliga

199 771 126 22 kostnader.
356 772 118 22 Dessutom
490 780 50 15 vore
557 774 37 21 det
610 775 60 20 svårt
681 773 33 22 för
725 775 79 20 tvänne
816 773 136 25 afdelningar

199 808 33 19 att
255 806 99 28 begagna
377 809 32 20 ett
429 811 136 24 gemensamt
585 809 157 22 laboratorium
764 811 57 19 samt
839 808 111 22 undervis-

198 842 172 28 ningsmaterial,
386 844 28 21 då
430 845 64 21 dessa
509 845 166 28 ursprungligen
691 845 118 22 beräknats
825 845 78 21 endast
918 844 33 21 för

199 884 26 15 en
241 878 250 28 undervisningsanstalt
507 883 52 19 utan
576 880 210 27 parallelafdelning.

268 914 105 22 Häremot
388 915 38 22 vill
442 917 110 21 utskottet
568 916 99 27 invända,
684 918 34 19 att
734 916 136 21 inrättandet
886 915 22 22 af
924 922 26 15 en

198 949 47 22 helt
260 951 40 20 och
316 951 68 22 hållet
399 958 28 20 ny
442 952 130 21 läroanstalt
592 952 139 27 naturligtvis
752 951 84 22 medför
852 951 101 22 behofvet

198 985 24 21 af
239 985 62 28 långt
315 985 53 23 flere
383 987 71 22 lärare
470 988 40 21 och
527 988 137 27 tjenstemän,
682 990 28 19 än
726 994 34 15 om
778 988 78 21 endast
872 994 26 15 en
914 993 37 21 pa-

197 1021 175 29 rallelafdelning
386 1022 71 23 blefve
478 1023 65 28 fogad
566 1024 33 21 till
621 1024 41 21 den
678 1024 69 21 redan
762 1023 113 27 befintliga
890 1029 61 16 sven-

197 1057 46 26 ska,
267 1057 29 22 då
316 1058 25 27 ju
364 1059 108 27 antagligt
495 1062 30 25 är,
549 1061 34 20 att
602 1059 51 22 flere
676 1059 25 22 af
721 1059 87 22 lärarne
832 1059 119 26 derstädes,

195 1099 68 20 gerna
287 1093 70 22 skulle
381 1095 65 26 åtaga
467 1095 33 27 sig
516 1095 185 28 undervisningen
716 1096 29 26 på
760 1095 70 27 bägge
845 1094 105 22 afdelnin-

196 1134 69 20 garna
288 1129 39 21 och
351 1129 62 22 äfven
436 1131 79 27 många
537 1131 40 21 där
599 1131 101 22 anstälde
723 1131 132 26 tjenstemän
879 1131 72 20 kunde

195 1163 68 22 blifva
279 1163 33 23 för
327 1165 107 22 hvardera
450 1166 165 27 afdelningarna
631 1173 169 20 gemensamma.
827 1165 74 22 Under
917 1167 33 20 så-

196 1199 53 22 dant
264 1199 136 23 förhållande
416 1203 25 20 är
457 1202 37 21 det
510 1201 117 28 själffallet,
643 1204 34 19 att
694 1202 37 21 det
741 1202 70 27 årliga
822 1201 128 22 statsansla-

194 1236 37 25 get
247 1235 35 22 till
298 1236 97 22 lärarnes
412 1237 95 30 aflöning
522 1238 71 21 skulle
609 1238 7 21 i
632 1237 99 28 betydlig
747 1239 50 20 mån
813 1238 75 21 kunna
898 1237 52 22 ned-

195 1271 96 28 bringas,
309 1278 34 16 om
360 1272 68 28 bägge
445 1273 165 28 afdelningarna
626 1273 95 22 förlades
738 1273 35 21 till
789 1279 84 16 samma
886 1273 64 27 plats.

194 1306 64 22 Hvad
282 1308 47 21 åter
351 1308 57 22 brist
428 1310 28 26 på
476 1309 85 21 lokaler
580 1308 104 22 beträffar
700 1308 111 22 äfvensom
836 1309 26 21 de
886 1310 65 20 derur

194 1342 136 28 härflytande
351 1344 125 27 kostnader,
498 1346 25 20 så
538 1347 25 19 är
578 1345 37 21 det
630 1345 76 26 kändt,
723 1346 34 20 att
772 1346 29 26 på
816 1344 103 22 Mustiala
935 1344 15 22 f.

194 1385 21 15 n.
232 1377 69 22 finnes
317 1385 60 15 mera
392 1381 108 26 utrymme
516 1382 28 20 än
559 1380 104 27 behöfligt
678 1382 26 19 är
720 1380 40 22 och
776 1382 33 20 att
822 1380 127 27 ytterligare

194 1420 48 15 rum
266 1414 44 22 kan
327 1414 92 22 beredas
435 1421 77 21 genom
527 1415 167 28 bortflyttandet
710 1415 25 22 af
747 1416 42 21 den
805 1415 62 28 lägre
882 1416 68 21 afdel-

195 1450 88 27 ningen.
313 1450 68 22 Detta
399 1451 57 21 låter
475 1451 33 27 sig
527 1452 40 21 ock
585 1454 53 25 göra
656 1454 55 19 utan
726 1452 119 21 nämnvärd
862 1451 86 27 olägen-

267 1493 107 20 Allmänna
389 1493 184 21 Besvärsutskottets
589 1494 119 20 betänkande
724 1494 38 19 N:o
778 1494 17 19 3.
