1061 1717
317 98 241 23 Petitionsbetänkande
573 99 37 22 N:o
628 98 18 22 1.
800 100 28 22 23

104 167 46 19 från
171 166 99 21 Savolaks
290 166 54 20 skall
362 166 50 20 söka
427 166 63 20 hamn
506 166 36 20 vid
557 166 57 20 Hillo
630 167 76 19 station
721 168 49 19 eller
786 167 6 19 i
808 170 49 17 mot-

105 200 42 17 satt
165 197 93 25 riktning
276 196 100 20 förmedla
395 196 109 26 importen,
520 196 53 20 skall
588 203 52 19 man,
656 197 66 19 ehuru
737 197 80 20 bristen
832 198 27 24 på

105 227 132 25 erforderliga
253 226 116 20 statistiska
385 226 48 20 data
448 229 38 23 gör
502 226 36 20 det
553 226 92 26 omöjligt
660 229 32 17 att
706 227 47 20 med
769 226 90 26 anspråk

104 258 27 26 på
145 258 68 25 någon
234 256 97 20 säkerhet
351 256 7 20 i
378 256 68 20 siffror
462 256 115 20 bestämma
591 256 49 20 dess
655 257 105 25 antagliga
775 256 83 26 storlek,

105 287 52 20 dock
177 287 52 19 utkn
250 285 108 26 svårighet
376 286 72 20 kunna
463 286 62 27 sluta,
541 288 31 18 att
587 286 67 20 denna
670 286 62 20 trafik
746 286 113 26 ingalunda

104 317 41 20 kan
161 316 64 21 blifva
239 316 113 26 obetydlig.

178 347 42 19 För
242 346 126 26 riktigheten
392 346 24 19 af
433 346 71 20 denna
524 346 128 26 slutledning
670 347 53 19 talar
737 346 65 21 redan
817 346 41 20 den

104 376 158 26 omständighet,
282 379 31 17 att
333 376 106 20 afståndet
458 376 48 20 från
527 376 95 26 Kaipiais
637 376 32 20 till
684 376 57 20 Hillo
755 377 103 19 hamnsta-

104 406 43 20 tion
162 409 61 23 utgör
238 406 74 20 endast
327 406 29 20 42
372 408 62 23 verst,
450 406 76 20 medan
541 405 104 21 afståndet
660 406 31 20 till
707 407 78 25 Viborg
795 410 24 16 är
829 406 29 22 93

105 440 62 22 verst,
187 437 32 19 till
241 436 132 25 Helsingfors
394 435 49 26 200,
467 437 33 19 till
518 436 69 26 Borgå
608 436 49 26 203,
677 437 32 20 till
724 437 75 25 Hangö
815 437 44 21 284

105 470 54 17 samt
173 467 31 19 till
219 467 71 19 Kotka
305 466 47 20 stad
368 465 58 21 öfver
440 465 98 21 Kouvola
554 466 38 20 och
607 466 40 20 den
659 466 90 21 derifrån
760 467 100 26 påtänkta

105 497 68 19 banan
197 508 27 3 —
245 496 46 26 69,4
314 499 63 17 verst.
402 508 27 3 —
454 496 83 26 Lägges
558 497 77 26 härtill,
655 499 31 18 att
701 496 81 26 tillfölje
797 496 24 20 af
833 496 26 20 de

105 527 62 20 svåra
181 526 173 21 isförhållandena
369 526 31 19 uti
416 526 101 25 Wiborgs
532 526 68 26 hamn,
616 526 68 20 denna
700 533 25 14 en
740 527 73 25 längre
829 526 31 20 tid

105 556 71 20 förblir
198 556 107 26 tillsluten,
329 557 73 19 medan
424 555 101 26 sjöfarten
545 557 7 18 i
568 556 162 21 Fredrikshamn
746 560 23 16 är
784 559 75 23 öppen;

104 590 31 17 att
151 587 39 20 den
205 586 45 20 inre
266 586 73 20 vikens
354 586 36 20 vid
398 585 90 26 Wiborg
504 586 166 26 otillgänglighet
684 586 32 20 för
729 586 130 27 djupgående

105 617 70 26 fartyg
188 616 82 20 fordrar
285 623 26 13 en
326 619 58 17 extra
399 618 108 23 transport
523 617 38 19 och
577 623 25 13 en
618 617 123 25 omlastning
755 617 8 19 i
779 617 81 24 Trång-

104 647 63 24 sund;
182 649 31 17 att
225 646 214 26 jernvägsstationens
455 645 129 26 aflägsenhet
599 646 46 20 från
660 647 89 20 hamnen
763 647 8 19 i
781 646 79 25 Viborg

103 677 63 25 jemte
181 676 84 20 stadens
281 676 66 26 dryga
362 676 171 25 hamnumgälder
543 679 113 24 yttermera
666 676 93 20 försvåra
769 676 40 20 den
820 675 40 20 för-

105 706 107 21 medlande
235 705 88 21 trafiken
343 707 27 25 på
393 706 108 25 Savolaks,
522 706 54 20 skall
593 713 47 13 man
656 706 79 25 nödgas
750 705 109 26 medgifva,

105 739 32 17 att
156 736 67 20 denna
243 735 63 21 trafik
326 736 32 19 till
376 738 44 18 stor
435 736 35 20 del
485 739 60 17 snart
560 743 41 19 nog
616 736 54 20 skall
684 739 50 22 taga
748 738 67 23 vägen
831 735 29 20 öf-

105 773 37 14 ver
156 766 167 25 Fredrikshamn,
339 766 42 25 der,
397 766 7 19 i
420 765 100 22 händelse
535 766 41 20 den
591 766 143 26 projekterade
745 766 115 25 jernvägen

105 797 81 19 komme
207 796 33 19 till
263 795 67 26 stånd,
353 797 23 18 så
396 797 76 24 många
492 796 91 20 fördelar
602 795 97 26 erbjudas
713 795 90 20 nämnda
818 798 43 17 tra-

106 826 35 20 fik.
157 837 26 4 —
200 826 33 26 Ty
248 829 57 17 utom
320 826 25 20 de
361 825 64 20 redan
441 825 88 21 anförda
544 827 37 19 bör
596 826 99 19 särskildt
709 826 86 19 betonas
810 824 50 25 möj-

105 856 93 25 ligheten
221 858 32 17 att
275 855 57 21 invid
353 855 41 20 den
414 855 145 26 projekterade
580 856 61 25 kajen
661 855 36 21 vid
711 855 57 20 Hillo
784 855 76 20 station

105 886 80 20 direkte
200 886 114 20 verkställa
328 885 152 26 omlastningen
496 886 87 20 emellan
593 886 126 25 jernvägens
729 885 132 26 godsvagnar

106 916 38 19 och
165 916 26 20 de
205 915 37 21 vid
257 916 61 25 kajen
334 917 26 24 på
376 918 30 17 ett
422 915 51 26 djup
490 915 23 20 af
527 915 28 22 18
571 915 30 20 fot
616 915 89 26 förtöjda
719 915 97 26 fartygen
832 913 29 21 äf-

106 952 84 14 vensom
209 946 99 19 hamnens
327 945 125 26 tillräckliga
471 946 114 25 rymlighet
604 946 39 19 och
661 945 56 26 djup.
733 957 28 2 —
777 945 31 19 Ur
823 945 38 19 här

106 975 79 26 bilagdt
206 976 61 26 intyg
289 975 92 26 framgår
403 975 113 26 nämligen,
537 978 31 17 att
588 975 7 20 i
613 975 40 20 den
668 975 44 20 inre
727 975 89 20 hamnen
832 973 29 22 30

105 1005 71 26 fartyg
195 1005 32 20 till
249 1006 29 21 14
297 1005 42 20 fots
360 1005 132 26 djupgående
512 1005 72 20 kunna
598 1005 108 20 förankras
722 1007 51 17 utan
788 1004 74 20 hinder

104 1035 33 20 för
157 1035 106 26 sjöfarten;
279 1038 31 17 att
325 1035 8 20 i
348 1035 40 20 den
404 1037 57 24 yttre
476 1035 91 20 hamnen
581 1035 36 20 vid
633 1035 56 20 Hillo
704 1035 83 24 station,
801 1033 60 20 farle-

106 1065 41 20 den
169 1065 124 27 oberäknad,
317 1064 43 23 150
378 1065 72 26 fartyg
471 1065 24 20 af
514 1065 54 20 ända
583 1065 32 20 till
630 1065 29 21 26
674 1064 41 21 fots
731 1063 131 27 djupgående

107 1095 105 26 samtidigt
227 1095 57 20 finna
299 1102 46 13 rum
360 1095 39 20 och
414 1095 70 26 skydd
501 1098 53 17 samt
570 1098 31 17 att
616 1095 58 20 detta
684 1094 55 20 antal
749 1096 114 23 yttermera

105 1125 42 20 kan
162 1125 82 20 förökas
259 1125 47 20 med
321 1125 85 26 hälften,
422 1131 33 13 om
471 1128 78 23 vatten,
565 1125 91 20 hörande
666 1125 32 19 till
708 1124 81 20 Villnäs
799 1129 62 20 egen-

105 1155 48 20 dom
167 1155 148 20 förändamålet
329 1155 102 26 upplåtes.

180 1185 72 20 Under
275 1185 78 20 sådana
372 1185 146 20 förhållanden
538 1185 92 20 kommer
647 1185 88 19 hamnen
756 1183 35 20 vid
806 1182 57 20 Hillo

106 1215 76 20 station
198 1218 31 17 att
245 1215 61 20 äfven
322 1215 66 20 under
404 1222 26 13 en
445 1215 74 25 längre
534 1215 31 19 tid
581 1214 74 20 framåt
668 1214 38 19 och
717 1213 104 20 derunder
831 1216 32 16 ut-

107 1245 97 20 vecklade
225 1244 227 26 sjöfartsförhållanden
469 1245 89 25 erbjuda
573 1243 111 26 tillräcklig
698 1243 112 26 rymlighet
825 1242 38 19 och

106 1275 51 26 djup
178 1278 53 17 samt
253 1275 89 20 sålunda
357 1275 27 26 på
407 1275 53 20 intet
480 1277 44 17 sätt
539 1274 7 20 i
561 1274 79 21 mindre
655 1275 48 18 mån
718 1275 103 18 motsvara
837 1271 26 21 de

106 1304 93 26 verkliga
221 1305 109 25 behofven,
352 1308 27 16 än
402 1304 72 20 Kotka
495 1305 69 20 hamn.
594 1304 38 20 Uti
650 1304 40 20 den
709 1303 83 20 kortare
807 1302 56 26 jern-

106 1337 185 23 vägstransporten
311 1334 81 20 komme
412 1334 95 20 deremot
528 1334 55 20 Hillo
598 1334 62 20 hamn
675 1336 31 17 att
720 1336 39 23 äga
775 1339 26 13 en
816 1332 46 20 obe-

107 1364 83 26 stridlig
209 1364 66 20 fördel
295 1364 85 20 framför
395 1364 78 26 Kotka,
488 1364 57 20 hvad
560 1363 89 21 trafiken
664 1363 46 20 från
725 1363 39 20 och
779 1362 32 20 till
827 1362 36 19 Sa-

106 1394 71 20 volaks
192 1394 133 21 vidkommer.

180 1424 49 20 Med
244 1424 97 20 afseende
356 1427 13 17 ä
384 1424 132 20 sistnämnda
535 1423 62 21 trafik
612 1424 38 19 bör
660 1422 97 26 slutligen
768 1420 96 22 framhål-

107 1455 37 26 las,
165 1457 30 17 att
214 1454 48 20 med
283 1454 119 26 öppnandet
420 1453 24 20 af
457 1453 214 27 Kaipiais—F:hamn
686 1452 53 20 bana
754 1451 110 21 Fredriks-

179 1496 197 25 Jernvägsutskottets
392 1495 120 20 betänkande
527 1495 37 20 N:o
581 1496 17 18 3.
