1061 1717
234 98 11 20 4
405 94 249 24 Petitionsbetänkande
669 94 37 23 N:o
721 93 36 23 42.

205 168 60 16 mera
287 161 137 28 betungande
444 161 33 23 för
492 162 83 26 staden,
592 163 26 20 än
634 162 33 21 att
682 161 49 22 dess
746 160 145 28 innebyggare
904 161 52 21 utan

204 196 116 28 olägenhet
335 196 51 22 eller
402 196 135 27 statsbidrag
551 196 73 22 kunde
640 196 110 22 desamma
765 195 59 22 bära.

271 232 104 22 Deremot
390 231 62 22 torde
468 231 41 21 den
523 230 57 22 förra
595 230 23 22 af
630 230 144 28 petitionären
789 229 122 28 föreslagna
921 232 34 20 ut-

203 268 76 26 vägen,
302 266 52 22 eller
376 267 34 21 att
431 266 93 21 nämnda
539 265 61 22 stads
616 265 148 27 ordningsrätt
779 264 70 22 blefve
863 264 92 28 befogad

203 302 33 20 att
251 302 110 26 emottaga
376 300 183 28 sjöförklaringar,
575 306 51 16 vara
641 299 89 29 förtjent
745 301 33 20 att
793 300 96 22 beaktas.
914 300 40 21 Att

203 336 67 27 sagda
290 335 124 28 myndighet
435 335 48 22 icke
498 335 83 21 härtills
598 336 72 20 ansett
686 335 60 21 detta
760 334 57 28 ligga
832 334 56 22 inom
905 334 49 22 dess

202 370 137 28 befogenhet,
354 370 70 22 måste
440 370 126 27 visserligen
583 370 66 27 enligt
663 369 118 23 utskottets
793 369 64 22 tanke
867 369 87 22 betrak-

203 407 34 20 tas
253 405 72 22 såsom
341 404 129 28 fullkomligt
486 405 80 27 riktigt,
578 406 52 20 enär
640 404 152 28 ordningsrätt,
804 405 89 21 oaktadt
903 405 50 21 den-

203 447 81 15 samma
299 440 66 27 enligt
380 440 79 27 nådiga
473 440 149 27 Kungörelsen
637 439 23 22 af
674 439 41 22 den
731 441 27 20 28
773 440 51 22 Juni
839 441 51 20 1841
904 446 50 21 eger

202 477 97 26 upptaga
315 475 39 22 och
370 474 86 23 afdöma
470 475 58 21 vissa
541 474 144 27 ordningsmål
696 474 39 22 och
746 474 207 29 politiförbrytelser,

202 510 65 22 likväl
291 511 18 26 ej
333 510 42 21 kan
398 509 100 22 hänföras
521 509 31 22 till
576 509 26 22 de
618 509 6 21 i
642 511 9 19 1
668 509 48 27 kap.
732 509 26 22 R.
773 509 25 21 B.
815 510 139 27 uppräknade

203 545 106 21 allmänna
323 545 123 26 domstolar,
464 544 39 23 och
520 546 26 19 44
562 544 11 28 8
588 544 6 21 i
610 544 100 27 Sjölagen
726 543 22 22 af
762 543 40 22 den
815 545 12 20 9
837 544 50 22 Juni
901 546 51 20 1873

203 579 55 22 dock
281 579 88 28 stadgar
392 581 32 20 att
447 579 151 28 sjöförklaring
620 579 40 22 bör
682 579 32 21 till
737 579 92 22 domstol
856 578 96 28 ingifvas.

202 614 127 23 Emellertid
345 620 63 22 synes
424 615 38 21 det
476 614 113 26 utskottet,
606 619 46 16 som
664 619 33 16 om
707 613 64 28 ingen
781 614 112 22 rättsväda
903 620 50 16 vore

203 651 33 20 att
251 649 79 26 befara,
347 649 73 22 derest
436 649 158 27 ordningsrätts
609 649 126 27 kompetens
746 648 69 23 blefve
825 649 29 27 pä
863 655 28 15 nu
900 648 54 23 före-

204 684 71 27 slaget
296 685 45 20 sätt
363 683 115 23 utsträckt.
509 683 154 28 Upptagandet
684 683 23 22 af
727 683 150 28 sjöförklaring
892 684 62 22 torde

204 719 107 27 nämligen
331 719 48 22 icke
399 719 73 21 kunna
491 719 106 22 likställas
613 719 49 21 med
678 718 158 27 handläggning
851 718 22 22 af
887 719 67 22 rätte-

203 753 118 28 gängsmäl,
345 755 51 20 utan
420 753 77 22 endast
518 753 46 22 afse
583 753 178 22 konstaterandet
777 752 23 23 af
813 753 26 22 de
855 753 6 22 i
876 753 78 22 förkla-

203 788 75 27 ringen
301 788 89 22 anförda
413 788 71 27 fakta;
500 788 41 22 och
556 794 34 16 om
606 788 33 22 för
654 788 78 21 sådant
746 788 98 21 ändamål
860 788 93 21 vittnens

201 823 118 22 afhörande
336 825 23 20 är
374 822 22 22 af
410 823 78 27 nöden,
503 823 25 22 sä
541 823 89 22 innebär
647 823 60 22 detta
717 823 19 27 ej
748 823 66 27 nägot
823 822 131 22 främmande

201 857 33 22 för
257 857 153 28 ordningsrätt,
434 860 52 20 enär
509 858 123 21 densamma
655 857 62 22 äfven
736 857 33 22 för
783 857 132 22 närvarande
931 859 24 20 är

201 891 92 28 befogad
317 894 32 20 att
364 893 53 21 höra
432 899 104 21 personer
550 893 29 27 pä
594 893 26 22 ed
634 893 7 21 i
658 893 26 22 de
700 892 48 27 mäl,
765 892 41 22 den
821 892 28 27 pä
864 893 45 20 sätt
924 891 30 22 of-

200 933 41 15 van
258 926 132 23 omförmälts
406 934 51 21 eger
472 929 33 20 att
520 927 90 22 afdöma.

270 962 33 21 Då
319 961 108 22 utskottet
442 962 65 22 alltså
521 962 28 27 pä
564 968 29 15 nu
608 961 90 22 anförda
713 961 46 22 skäl
778 963 72 20 ansett
861 961 31 27 sig
903 961 53 22 böra

201 995 87 23 förorda
311 1003 26 15 en
360 997 68 21 sådan
447 997 83 27 lydelse
545 996 23 22 af
581 998 27 20 44
623 996 11 28 8
649 997 7 21 i
672 996 107 28 Sjölagen,
796 997 33 20 att
845 995 112 27 ordnings-

201 1032 72 20 rätten
295 1031 7 21 i
325 1031 133 21 Mariehamn
475 1031 123 27 derigenom
614 1031 81 22 erhölle
711 1030 130 28 befogenhet
855 1031 33 20 att
903 1036 52 21 upp-

204 1067 52 25 taga
271 1065 180 28 sjöförklaringar,
468 1065 39 22 har
522 1065 108 22 utskottet
646 1065 69 22 tillika
729 1066 72 21 ansett
817 1065 32 27 sig
859 1065 53 21 böra
922 1066 34 19 ut-

201 1100 88 21 sträcka
313 1099 69 22 denna
405 1099 131 28 befogenhet
559 1100 32 21 till
611 1099 168 28 ordningsrätt
773 1095 12 36 i
796 1099 122 26 allmänhet,
934 1100 22 26 ty

202 1134 123 28 derigenom
341 1135 85 21 komme
443 1135 27 21 de
485 1135 23 21 af
520 1135 145 27 petitionären
680 1134 128 21 framhållna
818 1133 139 28 olägenheter

200 1169 36 21 vid
260 1169 186 27 sjöförklaringars
470 1169 119 28 afgifvande
606 1171 38 25 att,
662 1169 70 22 såvidt
747 1169 83 27 möjligt
845 1170 29 24 är,
891 1167 66 22 blifva

200 1203 83 22 mindre
302 1203 140 28 betungande
462 1203 34 23 för
516 1204 47 21 dem
579 1210 46 15 som
642 1203 140 22 öfverhufvud
796 1203 44 21 lida
855 1202 102 28 sjöskada

200 1240 97 19 närmast
320 1240 63 25 orter,
408 1239 39 22 der
471 1239 171 27 ordningsrätter
664 1238 66 22 redan
753 1237 68 22 finnas
838 1237 73 22 eller
902 1233 16 39 i
930 1243 26 16 en

200 1272 87 23 framtid
305 1273 73 22 kunna
394 1273 65 23 blifva
474 1274 113 22 inrättade.

269 1308 30 21 På
321 1308 69 27 grund
414 1308 23 22 af
458 1309 39 21 det
516 1308 153 22 ofvanstående
684 1307 33 23 får
731 1307 155 27 Lagutskottet
900 1306 56 28 förty

199 1342 111 22 vördsamt
325 1342 90 22 föreslå:

339 1379 31 20 att
393 1376 122 23 Ständerna
531 1377 47 22 ville
597 1377 31 22 till
642 1377 64 22 Hans
722 1376 117 29 Kejserliga
853 1376 104 28 Majestät

303 1411 53 27 ingå-
376 1411 49 22 med
446 1417 28 16 en
493 1411 135 28 underdänig
646 1411 90 27 petition
757 1411 10 21 i
789 1410 34 22 det
843 1410 61 28 syfte,
926 1412 32 20 att

269 1450 140 24 Lagutskottets
422 1450 115 19 betänkande
550 1452 37 17 N:o
599 1451 28 18 16.
