1061 1717
326 101 241 23 Petitionsbetänkande
583 102 37 22 N:o
639 102 17 23 1.
678 98 3 4 '
826 104 14 21 5

115 168 110 22 afseenden
248 169 27 25 på
298 171 29 17 ett
351 168 118 27 betänkligt
490 172 42 17 sätt
552 169 128 21 främmande
701 170 32 19 för
748 169 119 21 hvarandra

114 200 81 26 Drages
210 205 75 20 genom
300 199 140 25 mångdubbla
456 199 248 21 kommunikationsleder
719 202 70 18 östern
805 202 64 23 ytter-

115 230 96 26 terligare
227 230 22 18 åt
264 231 61 25 öster,
341 230 23 19 så
379 228 75 26 vidgas
469 228 84 27 klyftan
569 230 36 19 allt
620 236 57 13 mera
692 230 38 19 och
741 230 8 19 i
758 229 111 21 framtiden

115 260 71 20 kunna
210 258 63 21 häraf
296 258 64 21 vådor
383 260 83 25 uppstå,
490 259 83 20 hvilkas
604 262 33 17 art
660 259 79 21 enhvar
764 259 107 26 uppfattar

115 293 50 17 utan
188 288 90 22 särskild
301 289 130 25 utläggning.
448 300 28 3 —
494 288 64 21 Huru
580 288 160 27 järnvägsnätet
755 290 8 18 i
778 289 93 26 enlighet

115 320 88 21 härmed:
221 319 65 20 borde
308 318 71 21 vidare
402 319 110 20 utvecklas
535 319 67 25 ligger
624 319 32 20 för
677 322 67 23 öppen
760 319 46 26 dag.
838 319 32 19 En

115 351 53 19 bana
191 349 63 20 borde
270 348 46 20 från
332 349 36 19 det
383 348 48 27 knä,
448 355 45 13 som
508 349 134 19 Wasabanan
658 349 76 26 bildar,
749 350 57 26 utgå,
822 349 49 19 läm-

116 380 76 26 pligast
206 379 37 21 vid
258 378 133 27 Pihlajavesi,
407 380 22 18 åt
445 381 57 18 öster
518 381 53 17 samt
586 379 7 19 i
608 379 118 26 Jyväskylä
736 379 84 21 trakten
830 378 41 20 för-

116 416 64 20 grena
195 410 33 25 sig
243 410 22 19 ät
280 408 85 20 nordost
380 408 32 20 till
427 408 85 27 Kuopio
528 409 38 19 och
581 409 74 26 sydost
670 409 32 19 till
716 409 95 26 Kaipiais
822 409 50 20 eller

117 447 67 13 annan
205 439 68 27 punkt
289 440 12 18 å
315 439 62 20 södra
392 439 75 20 banan.
500 439 68 20 Också
583 445 63 20 synes
662 446 26 13 en
704 439 65 20 sådan
785 439 86 20 utveck-

116 471 45 24 ling
178 469 23 20 af
211 470 159 25 järnvägsnätet
385 469 64 20 hafva
465 470 68 19 såsom
548 469 150 25 förutsättning
713 469 69 26 ingått
797 469 7 20 i
814 469 57 26 plan-

116 500 125 26 läggningen
256 499 37 20 vid
307 499 167 20 bestämmandet
484 499 24 20 af
515 499 56 20 förut
581 499 95 20 beslutna
684 498 188 27 järnvägs-sträck-

116 531 80 25 ningar.
226 529 57 20 Från
303 522 46 27 Åbo
370 529 60 20 öfver
450 528 145 27 Tammerfors,
611 529 47 20 från
674 529 66 20 Wasa
755 532 54 17 samt
824 528 47 20 från

118 560 73 20 Gamla
205 559 94 26 Karleby
314 559 38 20 och
371 559 106 25 Uleåborg
494 559 138 26 sammanlöpa
647 558 224 27 järnvägs-sträcknin-

117 597 38 19 gar
178 590 37 19 och
238 589 103 26 tillspetsa
364 589 33 25 sig
412 589 32 20 uti
466 589 37 20 det
518 589 47 26 knä,
581 595 44 14 som
641 589 143 20 Wasa-banan
799 588 73 27 bildar,

117 620 80 20 hvilket
219 619 43 20 knä
285 620 67 19 såsom
367 619 87 20 allmänt
469 619 79 20 bekant
563 622 23 16 är
601 618 70 21 blifvit
686 619 74 26 draget
775 619 24 19 så
814 618 59 25 långt

118 652 79 18 österut
219 649 7 20 i
250 649 38 20 och
311 649 32 19 för
363 655 26 14 en
405 649 135 26 anknytning
555 649 22 19 af
591 648 152 21 ofvannämnde
760 649 51 25 slag.

192 680 39 19 Att
248 679 88 20 trafiken
355 679 12 19 å
382 678 158 27 ofvanantydda
555 679 186 25 bansträckningar
756 679 42 19 kan
815 680 57 17 anta-

118 716 37 19 gas
178 709 124 20 åtminstone
325 708 89 21 betäcka
436 708 206 21 trafikkostnaderna
656 711 54 17 samt
721 711 31 17 att
768 708 105 20 dessutom

117 746 73 19 genom
213 739 104 20 desamma
339 738 8 19 i
369 739 65 25 högre
458 738 53 26 grad
534 741 26 17 än
583 745 74 18 genom
677 739 65 19 andra
756 737 117 26 föreslagna

118 769 145 26 sträckningar
279 768 88 21 trafiken
382 769 28 25 på
425 768 58 20 förut
493 769 96 19 beslutna
597 768 166 25 järnvägslinier,
775 767 99 21 särskildt

118 800 26 19 de
160 799 167 26 österbottniska,
343 799 89 25 stärkes,
449 799 71 20 derom
535 798 93 20 anhåller
640 798 38 25 jag
692 800 31 18 att
738 797 21 20 få
775 796 99 21 särskildt

118 829 32 20 till
166 829 103 20 utskottet
283 828 66 21 förete
364 829 121 25 utredning.

193 859 33 20 Då
247 859 97 20 sträckan
359 858 47 20 från
422 858 127 26 Pihlajavesi
565 858 76 20 station
657 859 12 18 å
684 858 143 19 Wasa-banan
842 856 32 20 till

119 889 116 26 Jyväskylä
257 891 24 17 är
303 895 119 19 gemensam
445 888 33 20 för
497 889 92 19 banorna
604 889 21 18 åt
640 887 86 20 nordost
741 887 38 20 och
795 886 78 27 sydost,

119 925 63 20 synes
204 919 71 20 vidare
300 918 120 26 lämpligast
442 925 58 19 vara,
517 921 31 17 att
571 918 68 20 denna
662 917 82 20 sträcka
767 917 32 20 till
821 915 54 20 först

118 949 149 26 färdigbygges
291 948 38 20 och
351 948 33 19 för
407 948 64 20 trafik
489 948 102 26 upplåtes,
606 948 88 19 likasom
709 947 89 26 afsigten
814 949 60 22 säges

119 985 50 14 vara
188 979 47 19 med
258 978 41 20 den
319 978 67 20 under
400 978 102 26 byggnad
518 977 90 21 varande
624 977 97 20 sträckan
736 972 52 37 från
801 976 74 25 Wasa-

119 1009 69 19 banan
203 1008 32 20 till
251 1008 72 20 Gamla
338 1008 108 26 Karleby.
461 1008 66 20 Detta
542 1009 23 19 så
580 1007 84 27 mycket
678 1013 56 14 mera
744 1013 43 14 som
798 1006 76 25 Jyväs-

119 1039 50 25 kylä
188 1045 75 19 genom
283 1038 37 20 sitt
335 1038 133 25 geografiska
488 1038 47 25 läge
550 1038 7 19 i
573 1037 159 26 medelpunkten
748 1036 23 20 af
784 1036 41 20 den
841 1035 34 20 del

120 1068 23 20 af
155 1069 48 19 vårt
219 1068 56 27 land,
284 1074 42 13 som
342 1068 68 25 ligger
426 1068 62 20 söder
505 1075 32 12 om
553 1074 26 13 en
593 1067 49 20 linie
658 1067 78 25 dragen
751 1066 47 20 från
814 1065 61 20 Uleå-

119 1099 52 24 borg
193 1098 32 20 till
248 1097 65 27 ryska
334 1101 100 22 gränsen;
450 1104 76 19 genom
549 1097 26 20 de
589 1098 75 25 många
679 1095 196 22 kommunikations-

119 1128 63 27 leder,
197 1128 64 19 bland
282 1130 63 17 annat
365 1134 37 13 sex
423 1127 49 20 från
494 1128 55 19 olika
563 1127 42 20 håll
620 1127 121 20 kommande
757 1128 118 24 postvägar,

120 1165 44 12 som
186 1157 109 21 derstädes
315 1160 159 23 sammanstöta;
496 1157 105 20 äfvensom
616 1156 80 26 tillfölje
712 1155 23 20 af
748 1156 41 19 den
803 1155 8 20 i
824 1155 51 26 jäm-

120 1187 74 20 förelse
209 1187 48 20 med
272 1187 26 20 de
313 1187 60 20 flesta
388 1187 68 20 andra
471 1187 81 20 trakter
567 1187 93 25 ovanligt
670 1186 71 20 starka
750 1185 125 20 folktillväx-

120 1219 35 18 ten
171 1217 7 20 i
192 1217 147 20 Keski-Suomi
354 1217 82 26 hastigt
451 1220 95 23 uppväxt
561 1217 32 20 till
608 1217 111 20 centralort
733 1215 32 20 för
781 1221 26 14 en
817 1215 59 25 bety-

121 1247 67 20 dande
208 1247 222 27 handelsomsättning,
446 1248 24 19 så
494 1249 32 18 att
546 1247 48 20 dess
609 1245 125 26 folkmängd,
751 1245 66 20 ehuru
833 1247 42 17 sta-

121 1277 40 21 den
176 1277 18 26 ej
211 1280 56 17 ännu
283 1280 23 17 är
321 1279 31 18 ett
366 1277 54 20 halft
436 1277 60 20 sekel
512 1277 92 25 gammal,
615 1279 23 17 är
648 1278 66 18 större
725 1278 25 17 än
761 1274 115 25 folkmäng-

121 1308 41 19 den
176 1308 7 19 i
199 1307 36 20 det
249 1308 50 20 vida
313 1310 81 22 vägnar
410 1307 59 20 äldre
485 1307 74 20 Gamla
573 1306 99 26 Karleby.

194 1337 50 20 Med
262 1337 47 21 stöd
325 1337 22 19 af
361 1336 36 20 det
413 1336 131 26 ofvansagda
559 1338 63 24 vågar
636 1336 37 26 jag
689 1335 82 20 anhålla
787 1337 31 17 att
833 1334 42 20 väl-

120 1366 69 26 lofliga
208 1366 178 27 Borgareståndet
407 1367 50 20 ville
472 1367 33 19 till
522 1366 106 26 sedvanlig
643 1365 126 25 behandling
784 1367 93 23 upptaga

121 1397 38 19 och
174 1396 71 22 förena
261 1398 32 24 sig
308 1403 33 13 om
356 1396 160 21 nedanstående
531 1396 163 26 önskningsmål:

301 1427 36 19 Att
357 1426 101 20 Finlands
474 1427 133 25 järnvägsnät
622 1426 58 19 måtte
696 1425 68 19 vidare
779 1423 98 21 utvecklas

265 1456 88 24 sålunda,
370 1458 30 18 att
416 1462 24 14 en
450 1456 54 20 bana
514 1456 48 24 från
572 1455 122 25 Pihlajavesi
702 1455 72 19 station
791 1454 4 20 ä
807 1454 67 20 Wasa-

194 1498 196 25 Jernvägsutskottets
406 1498 121 19 betänkande
542 1498 37 20 N:o
595 1498 17 19 3.
