1061 1717
248 122 11 20 6
413 120 109 22 Petitions
536 118 142 24 betänkande
692 118 38 22 N:o
745 117 35 23 25.

219 186 30 23 sig
268 186 28 18 till
315 185 97 23 betalning
428 185 56 19 deraf
498 185 98 18 förbundit
608 184 47 19 eller
667 184 69 22 gälden
749 188 68 13 annars
829 182 60 23 enligt
901 182 31 22 lag
941 176 33 32 så-

219 220 40 13 som
275 214 70 19 hennes
361 214 45 24 gäld
422 220 56 12 anses
494 214 53 18 bör".
571 214 42 18 Men
626 212 24 19 då
662 212 107 23 ansökning
781 217 30 13 om
824 210 101 20 boskilnad
937 209 38 19 kan

218 245 58 21 göras
295 243 20 18 af
331 243 81 18 hustrun
430 242 50 19 först
498 244 35 16 när
548 242 46 18 boet
606 243 22 17 är
641 241 95 19 belastadt
748 240 43 19 med
803 240 22 19 så
837 242 40 16 stor
888 238 46 25 gäld
946 240 29 16 att

219 272 110 18 densamma
345 272 43 18 icke
406 272 38 18 kan
459 272 74 18 betalas
549 272 43 18 med
608 271 33 18 det
653 271 54 23 gods,
719 276 40 12 som
772 270 5 18 i
790 270 46 18 boet
847 270 22 17 är
881 267 93 20 samfäldt,

219 300 37 18 och
275 301 36 18 den
324 301 87 18 enskilda
423 300 99 24 egendom,
535 306 41 12 som
589 300 30 18 för
631 305 71 13 samma
713 300 45 23 gäld
770 299 37 18 bör
818 304 61 16 svara,
892 298 47 18 eller
951 296 24 19 då

218 334 81 14 mannen
317 330 37 17 kan
373 335 55 13 anses
445 329 59 18 hafva
519 329 117 18 missbrukat
648 329 34 18 sitt
694 327 149 23 målsmansskap
855 332 70 19 genom
938 326 37 18 för-

218 359 102 17 summelse
332 358 46 18 eller
390 358 87 18 vanvård
490 358 21 18 af
517 358 54 18 boets
580 358 159 23 angelägenheter
747 358 48 18 eller
803 357 54 18 boets
864 356 111 18 belastande

218 387 44 18 med
275 387 75 23 onyttig
362 387 50 23 gäld,
425 386 22 20 så
459 387 38 18 kan
510 387 34 18 det
556 388 32 17 väl
600 387 43 18 med
652 386 43 18 skäl
704 386 127 23 ifrågasättas,
840 385 94 19 huruvida
942 384 32 20 nå-

218 418 41 21 got,
277 416 33 18 vid
325 418 28 16 ett
370 415 22 19 så
408 415 52 24 långt
480 416 122 18 framskridet
619 415 198 23 förstörelsestadium,
833 420 51 13 mera
895 413 39 19 står
946 416 29 16 att

218 445 72 18 räddas.
315 445 38 18 Och
366 445 57 18 äfven
436 451 30 12 om
480 444 20 19 så
512 447 21 16 är
546 445 58 22 fallet,
618 445 85 18 kommer
711 444 108 23 ansökning
827 444 21 18 af
854 444 37 18 slik
898 443 76 19 beskaf-

218 473 66 19 fenhet
296 474 60 18 sällan
369 474 29 18 till
412 473 61 20 stånd.
493 475 38 18 Det
539 473 30 20 för
579 474 34 19 den
624 474 83 23 qvinliga
715 475 81 17 naturen
804 473 170 19 kännetecknande

219 503 69 23 draget
299 503 22 18 af
331 509 22 13 en
366 504 40 18 viss
419 504 80 19 fruktan
512 504 30 19 för
555 504 94 23 offentligt
661 503 138 24 uppträdande,
809 503 90 19 särskildt
908 503 6 19 i
923 503 51 19 dom-

219 532 135 24 stolsärenden,
372 532 142 20 åstadkommer
531 533 34 18 hos
583 533 59 18 henne
656 533 40 18 helt
707 533 92 23 naturligt
811 533 85 23 motvilja
909 533 30 18 för
950 538 24 13 en

218 561 101 23 rättegång
335 561 22 18 af
371 561 146 24 ifrågavarande
532 562 139 22 beskaffenhet,
683 561 83 23 hvilken,
779 561 76 18 oafsedt
866 561 69 24 sjelfva
947 561 26 18 in-

217 589 102 24 gifvandet
329 591 22 17 af
360 591 136 24 ansökningen,
509 593 21 16 är
542 591 115 23 förknippad
669 591 43 18 med
725 591 113 23 obehagliga
846 591 128 22 processuella

217 617 109 25 omgångar,
339 619 104 19 bestående
456 621 6 17 i
475 621 85 22 offentlig
573 621 94 22 stämning
679 619 11 19 å
698 620 146 23 borgenärerne,
854 619 118 24 bouppteck-

217 647 50 24 ning,
281 648 44 19 dess
337 649 119 23 beedigande
470 649 35 18 och
518 649 90 23 slutligen
619 649 150 24 borgenärernes
781 649 84 18 hörande
879 648 54 19 öfver
941 654 31 13 an-

217 675 113 25 sökningen.
353 677 31 19 Då
398 678 65 18 härtill
475 678 86 19 kommer
573 680 29 16 att
614 678 37 19 hon
664 678 30 19 för
705 677 94 20 ernående
811 677 23 19 af
843 677 57 20 målet
912 677 59 20 måste

217 703 20 20 åt
253 705 143 24 offentligheten
407 707 95 24 prisgifva
515 707 23 18 de
551 706 121 24 ömtåligaste
684 706 137 23 förhållanden,
833 707 91 18 utveckla
936 708 36 18 och

217 733 44 18 leda
280 735 5 16 i
303 735 54 18 bevis
372 736 38 17 alla
427 736 130 18 enskildheter
572 736 3 18 i
587 741 90 13 mannens
690 735 134 24 affärsföretag
836 737 43 18 med
892 737 40 18 fara
943 739 29 16 att

217 762 74 19 kanske
304 763 107 20 blottställa
423 765 47 18 hans
483 765 65 22 heder,
560 771 71 18 ryggar
643 765 37 18 hon
693 765 5 17 i
711 765 24 18 de
744 765 55 18 flesta
807 765 32 18 fall
848 765 80 18 tillbaka
936 766 35 17 och

216 791 81 19 bereder
309 793 29 22 sig
350 793 59 18 hellre
421 796 29 16 att
462 794 43 19 med
518 794 158 23 undergifvenhet
688 796 51 16 möta
748 794 127 19 försakelsens
883 795 47 18 eller
937 796 33 17 nö-

217 820 47 19 dens
279 821 119 19 annalkande
411 823 65 23 dagar.
500 823 42 18 Men
554 825 77 21 antaget
643 825 29 16 att
684 823 43 22 hon,
740 823 46 18 ledd
797 823 22 18 af
829 829 100 18 omsorgen
942 823 30 19 för

215 849 42 18 sina
274 849 57 19 barns
347 851 81 23 framtid,
444 852 86 18 besluter
545 852 29 23 sig
587 851 29 19 för
629 852 33 18 det
674 852 137 23 motbjudande
824 854 66 22 steget,
904 854 22 17 är
938 853 34 18 det

216 877 103 23 ingalunda
335 880 57 23 sagdt
408 882 29 16 att
451 881 38 17 hon
506 881 50 18 skall
571 881 71 22 lyckas,
656 879 25 20 då
693 881 78 18 bevisen
784 881 29 18 för
826 886 88 13 mannens
927 887 45 13 van-

216 905 49 19 vård
277 907 22 18 af
309 907 55 19 boets
376 909 161 23 angelägenheter
549 915 30 12 om
592 909 67 18 hvilka
671 909 37 18 hon
721 909 74 18 kanske
807 909 93 24 afsigtligt
908 909 63 20 hållits

216 935 6 17 i
235 935 112 24 fullständig
359 937 123 24 okunnighet,
496 938 95 23 sjelffallet
603 937 61 19 måste
676 938 59 18 finnas
744 938 5 17 i
758 938 47 19 haus
814 939 55 18 hand.
889 939 83 18 Förord-

216 963 70 24 ningen
299 965 5 17 i
317 964 58 25 fråga,
388 965 22 19 så
422 966 119 19 förestafvad
554 967 22 17 af
586 972 100 18 omsorgen
698 972 30 13 om
742 967 90 18 hustruns
841 967 84 19 kränkta
932 969 40 17 rätt

216 993 37 18 den
266 993 37 18 ock
315 993 60 20 måste
388 995 94 18 erkännas
495 1001 51 17 vara,
559 996 85 18 skänker
656 996 61 18 henne
729 995 75 20 således
816 996 43 18 icke
867 998 29 17 ett
903 996 69 19 sådant

216 1023 114 23 rättsskydd
349 1029 40 12 som
407 1023 25 24 på
450 1025 62 22 grund
530 1025 19 18 af
561 1025 71 18 hennes
648 1025 160 18 menniskovärde
824 1025 36 18 och
873 1025 36 19 den
922 1025 50 24 höga

215 1051 78 23 uppgift
305 1051 37 19 hon
354 1053 50 18 inom
417 1053 84 24 familjen
514 1053 34 18 har
560 1055 29 16 att
601 1053 47 24 fylla
660 1054 61 18 borde
733 1053 61 19 henne
807 1054 110 19 tillkomma.

285 1081 43 18 Med
344 1081 89 19 afseende
446 1081 12 19 å
470 1083 24 18 de
505 1083 6 17 i
524 1082 122 19 förestående
658 1082 60 19 måtto
731 1082 112 20 framhållna
855 1084 116 23 omständig-

215 1109 84 22 heterna,
317 1109 71 19 tillåter
398 1111 35 22 jag
445 1111 39 22 mig
495 1113 29 16 att
536 1111 99 18 vördsamt
647 1111 76 19 anhålla
735 1112 34 18 det
780 1112 143 23 Ridderskapet
934 1113 36 18 och

213 1137 64 19 Adeln
291 1139 44 18 ville
348 1139 120 19 understöda
479 1145 24 13 en
516 1139 118 24 underdånig
646 1141 80 22 petition
738 1141 6 18 i
757 1141 34 18 det
802 1141 60 23 syfte:

376 1170 28 16 att
415 1169 41 23 gift
468 1170 71 22 qvinna
547 1169 32 18 må
586 1175 67 18 genom
662 1170 30 23 lag
702 1170 125 18 tillerkännas
835 1171 39 17 rätt
882 1171 28 17 att
917 1170 53 23 sjelf-

351 1198 87 23 ständigt
455 1198 49 19 råda
522 1199 52 22 öfver
591 1199 32 18 sin
640 1199 60 22 ärfda
718 1199 44 18 eller
780 1199 86 18 enskilda
882 1199 88 23 egendom

352 1230 49 15 samt
419 1228 53 22 öfver
490 1229 55 17 lönen
560 1229 35 22 för
612 1229 30 17 det
654 1229 61 17 arbete
728 1229 37 17 hon
777 1228 102 22 verkställt,
891 1228 79 23 sålänge

352 1257 110 18 densamma
474 1258 40 17 icke
527 1257 62 23 ingått
601 1258 9 17 i
620 1257 32 18 det
662 1263 139 17 gemensamma
814 1257 50 21 boet;

213 1286 52 23 eller,
279 1292 29 12 om
320 1285 60 19 sådan
393 1285 73 20 förmån
479 1286 129 23 tilläfventyrs
620 1286 62 18 skulle
695 1291 55 13 anses
763 1286 90 18 innebära
865 1287 27 17 ett
904 1285 66 19 alltför

213 1316 50 17 stort
275 1315 122 23 aflägsnande
410 1315 42 19 från
464 1321 25 13 nu
501 1316 88 22 gällande
600 1316 154 22 rättsprinciper:

375 1347 29 15 att
423 1346 72 21 qvinna
510 1350 67 18 genom
593 1344 182 23 äktenskapsförord
787 1344 31 18 må
831 1344 65 18 kunna
906 1343 63 22 förbe-

351 1373 53 18 hålla
415 1374 30 22 sig
458 1374 62 18 denna
531 1375 45 17 rätt.

282 1402 120 24 Helsingfors
415 1405 37 17 den
464 1407 22 13 22
498 1403 79 19 Januari
589 1404 51 17 1805.

647 1433 27 21 A.
690 1432 25 22 L.
730 1440 39 14 von
786 1432 115 27 Knorring.

283 1466 141 22 Lagutskottets
437 1466 116 18 betänkande
565 1467 36 17 N:o
614 1467 28 17 10.
