1061 1717
300 84 243 23 Petitionsbetänkande
559 85 39 22 N:o
617 84 35 24 19.
811 86 12 22 7

630 351 157 25 (Öfversättning.)

379 390 204 28 Reservation.

179 449 41 28 Jag
236 452 25 19 är
276 450 128 27 visserligen
420 457 52 15 ense
489 451 50 21 med
555 450 109 21 utskottet
680 450 53 27 däri,
745 451 34 20 att
792 449 63 22 äfven

106 486 26 21 de
152 485 69 22 lärare
240 486 39 21 och
296 486 128 28 lärarinnor,
440 487 75 21 hvilka
530 487 64 21 hafva
610 487 134 26 anställning
760 486 35 21 vid
813 486 43 27 pri-

105 523 50 20 vata
176 521 105 28 läroverk,
297 522 68 22 borde
388 523 47 21 från
452 523 89 21 Statens
558 523 47 21 sida
621 522 142 22 säkerställas
779 528 78 21 genom

106 557 26 21 de
148 557 101 28 fördelar,
266 558 73 21 hvilka
355 559 109 21 utskottet
480 558 99 28 föreslår,
595 565 49 14 men
661 558 68 27 enligt
745 558 45 21 min
801 557 58 27 åsigt

106 592 69 23 finnes
195 593 47 22 icke
263 593 119 28 tillräcklig
403 594 82 27 borgen
502 594 34 22 för
552 595 64 21 dessa
632 594 84 21 skolors
732 600 55 21 gagn
804 593 55 27 däri,

106 630 33 20 att
155 629 62 22 deras
233 630 93 27 stadgar
343 629 23 22 af
380 630 106 27 styrelsen
503 630 109 22 faststälts
628 631 40 21 och
684 631 26 21 de
727 631 28 21 då
770 631 35 20 stå
820 636 39 15 un-

109 665 38 21 der
163 664 231 29 Skolöfverstyrelsens
411 667 111 22 inseende.

184 701 35 22 Då
242 701 76 23 Staten
342 703 91 27 beviljar
457 703 136 27 rättigheter,
610 703 134 21 tillkommer
767 703 37 20 det
819 702 42 21 den

108 739 33 20 att
164 739 53 26 göra
240 738 61 21 detta
328 739 78 21 endast
422 735 50 26 med
488 739 77 27 vilkor,
581 741 33 20 att
629 739 41 21 den
686 739 43 21 kan
745 740 66 20 vänta
827 738 34 27 sig

107 774 152 22 motsvarande
283 776 62 25 nytta
369 775 23 21 af
415 775 56 21 dem.
503 775 78 22 Första
599 775 95 21 vilkoret
709 774 34 22 för
759 776 33 19 att
809 775 53 20 ernå

108 809 70 22 denna
201 812 62 25 nytta
282 809 33 22 för
332 810 82 27 Staten,
431 813 25 19 är
472 811 52 21 med
540 810 102 22 afseende
658 811 14 20 &
687 810 85 27 privata
788 809 74 22 skolor

109 845 42 27 det,
169 847 32 20 att
217 846 64 21 dessa
296 852 77 21 genom
390 846 121 27 tillräcklig
527 846 147 22 elevfrekvens
691 846 46 21 visa
753 845 33 28 sig
802 845 60 27 tjena

109 881 127 22 samhällets
260 881 39 22 och
322 882 159 22 allmänhetens
503 882 98 27 verkliga
623 881 72 22 behof.
726 881 51 22 Men
790 881 70 27 just
849 877 15 37 i

109 917 71 21 denna
203 917 70 27 punkt
296 919 25 20 är
344 918 120 21 utskottets
486 917 82 28 förslag
584 917 90 22 alldeles
690 917 131 27 obestämdt,
839 918 23 25 ty

111 952 6 21 i
133 953 62 21 detta
210 953 55 27 syfte
281 955 25 20 är
321 953 19 27 ej
352 960 39 15 ens
402 954 42 21 den
456 953 83 22 minsta
548 953 146 28 begränsning
704 953 69 28 gjord.
790 952 70 22 Otvif-

109 988 107 27 velaktigt
240 989 72 22 kunde
336 989 92 22 sålunda
451 989 71 22 lärare
549 989 39 22 och
604 989 121 22 lärarinnor
741 990 16 20 t.
773 995 20 15 o.
810 995 27 14 m.
854 988 7 21 i

111 1024 81 21 sådana
208 1024 80 28 skolor,
304 1025 74 21 hvilka
393 1025 66 22 hafva
475 1025 138 27 uppkommit
629 1025 6 21 i
646 1024 55 28 följd
711 1024 24 22 af
744 1025 69 27 några
824 1031 37 15 en-

111 1059 81 22 skildes
208 1059 161 29 godtfinnande,
385 1063 53 20 utan
455 1062 68 26 något
538 1061 57 27 slags
612 1061 92 22 intresse
720 1060 53 22 eller
792 1060 70 22 delta-

111 1096 70 27 gande
204 1095 48 23 från
275 1097 159 22 allmänhetens
458 1097 55 27 sida,
529 1097 88 21 komma
640 1098 33 20 att
696 1096 85 27 åtnjuta
797 1096 27 21 de
839 1095 24 22 af

111 1132 109 21 utskottet
243 1132 123 27 föreslagna
389 1132 116 22 förmåner.
537 1133 10 21 I
563 1133 97 26 enlighet
680 1133 90 21 härmed
791 1131 72 22 skulle

111 1167 123 22 Ständerna
256 1168 88 22 komma
368 1170 32 20 att
423 1169 144 26 understödja
583 1170 15 19 t.
616 1174 31 15 ex.
664 1170 32 20 ett
717 1169 30 20 sä
763 1167 101 28 gagnlöst

113 1203 118 28 läroverks,
247 1210 46 15 som
314 1204 86 27 Kuopio
421 1204 95 21 svenska
533 1203 137 28 privat-lycei
686 1204 102 21 existens.
820 1203 44 22 Det

115 1241 24 19 är
155 1239 72 22 derför
243 1239 67 28 enligt
325 1239 45 22 min
386 1240 89 27 mening
490 1240 91 21 alldeles
597 1239 140 28 nödvändigt,
749 1241 33 20 att
792 1240 72 26 nägon

117 1274 148 28 begränsning
280 1277 63 25 göres
360 1275 40 22 och
416 1276 73 22 säsom
505 1275 64 23 bästa
584 1275 82 23 medlet
682 1277 33 20 att
725 1275 84 27 skydda
819 1274 49 22 Sta-

115 1312 36 20 ten
175 1313 46 19 mot
243 1311 105 27 gagnlösa
371 1311 74 22 skolor
461 1312 63 21 torde
540 1312 53 21 böra
608 1318 64 15 anses
688 1312 37 20 det
741 1311 26 21 de
784 1310 80 28 skolor,

116 1346 84 22 hvilkas
215 1346 71 22 lärare
302 1349 37 19 äro
356 1347 111 27 delaktige
478 1347 25 21 af
512 1347 90 22 berörde
614 1347 115 27 förmäner,
737 1346 54 22 böra
801 1346 66 22 hafva

117 1384 32 19 ett
172 1382 129 28 tillräckligt
324 1383 114 27 elevantal,
462 1383 85 22 hvilket
573 1383 49 21 bäst
646 1383 92 27 bevisar,
759 1382 108 22 huruvida

116 1418 76 21 skolan
218 1418 100 27 betingas
342 1418 24 22 af
388 1420 32 20 ett
444 1418 96 28 verkligt
562 1418 178 28 bildningsbehof
759 1419 12 20 &
795 1420 70 19 orten.

116 1453 168 22 Undertecknad
300 1454 39 22 har
356 1454 47 22 icke
419 1454 81 22 dristat
515 1454 80 22 föreslä
610 1454 38 22 det
662 1454 113 21 minimum
787 1453 24 22 af
821 1453 43 21 ele-

191 1496 106 22 Allmänna
313 1496 176 22 besvärsutskottets
505 1496 117 20 betänkande
636 1496 40 22 N:o
691 1494 32 23 16.
