1061 1717
305 91 238 23 Petitionsbetänkande
559 91 39 23 N:o
613 91 36 23 31.
793 91 28 22 25

99 156 86 28 verken,
209 157 84 22 hvilket
315 158 73 21 tillika
411 158 50 22 med
485 157 243 28 Generalguvernörens
752 157 7 21 i
777 158 74 20 ämnet

98 191 82 28 afgifna
195 192 114 22 utlåtande
325 192 113 28 föredrogs
454 193 57 21 inför
526 192 61 23 Hans
602 192 125 28 Kejserliga
736 192 114 27 Majestät;

99 228 38 21 det
151 228 101 28 lyckades
268 228 122 22 emellertid
406 229 19 27 ej
442 229 66 21 vinna
522 228 61 22 Hans
598 229 115 27 Majestäts
725 228 79 27 nådiga
818 227 32 21 bi-

99 262 38 22 fall
159 264 39 21 och
219 263 126 23 föranledde
368 264 34 22 för
423 265 43 21 den
487 264 57 22 skull
568 264 48 22 icke
632 264 34 22 till
682 265 69 26 några
766 263 86 22 direkta

99 299 107 27 åtgärder.
238 299 132 22 Omnämnas
391 300 40 22 bör
452 300 56 22 dock
529 302 34 20 att
578 300 95 22 Senaten
692 300 7 21 i
715 299 40 22 sitt
770 298 82 27 förslag

98 334 65 22 bland
186 337 67 19 annat
268 335 122 22 hemstälde
406 342 35 15 om
458 335 136 22 inrättandet
609 335 24 22 af
647 337 33 20 ett
695 333 156 29 finskspråkigt

99 370 128 28 sjuklassigt
250 370 130 28 reallyceum
401 371 7 21 i
424 371 135 27 Björneborg
575 371 39 22 och
630 373 34 19 att
680 370 171 27 Generalguver-

99 407 68 21 nören
190 406 7 21 i
223 406 39 22 sitt
285 406 114 22 utlåtande
422 406 102 28 föreslog,
547 408 32 20 att
595 406 257 27 undervisningsspråket

99 441 37 22 vid
159 441 32 22 S:t
213 442 91 22 Michels
327 442 84 27 lyceum
435 442 71 23 skulle
526 442 122 23 förvandlas
664 442 36 22 till
713 442 74 21 finskt.
818 441 34 21 Då

99 477 122 23 Ständerna
246 479 65 21 våren
335 479 57 21 1882
416 479 48 21 åter
486 479 184 27 sammanträdde,
686 479 57 21 hade
758 478 94 21 Senaten

99 513 43 22 fått
158 513 6 22 i
180 514 99 27 uppdrag
294 515 33 20 att
342 515 28 26 på
385 516 49 25 nytt
450 516 51 25 taga
517 515 68 21 saken
600 515 7 21 i
624 514 157 27 öfvervägande
794 514 58 21 samt

99 549 35 21 till
149 549 60 22 Hans
232 549 122 28 Kejserliga
376 549 103 28 Majestät
500 550 111 21 inkomma
626 550 50 21 med
692 549 106 22 särskildt
812 555 39 14 un-

101 585 114 27 derdånigt
237 585 82 27 förslag
343 585 78 22 endast
440 586 111 26 angående
568 586 82 21 sådana
666 585 83 22 delvisa
764 584 87 22 föränd-

100 620 74 27 ringar
189 621 7 21 i
212 621 160 27 skolväsendet,
388 627 47 15 som
451 621 165 22 förhållandena
631 622 98 21 närmast
743 619 108 22 fordrade.

171 656 74 22 Under
268 657 38 21 det
328 657 34 20 att
384 656 126 27 skolfrågan
533 657 92 21 sålunda
644 656 104 22 vacklade
763 655 34 22 hit
812 654 40 22 och

101 691 34 22 dit
155 692 39 21 och
209 691 76 28 frågan
303 698 34 15 om
353 698 42 21 nya
411 692 85 22 skolors
512 693 124 21 inrättande
652 693 127 26 härigenom
800 691 52 21 fort-

101 727 90 22 farande
211 728 114 27 uppsköts,
345 728 56 21 hade
416 727 103 22 behofvet
534 728 24 21 af
571 727 160 28 finskspråkiga
746 727 106 22 lärdoms-

101 763 74 22 skolor
197 763 112 22 oafbrutet
333 763 62 22 ökats
419 763 39 22 och
482 764 61 21 detta
561 763 38 28 gaf
616 763 103 27 slutligen
736 761 117 27 anledning

101 798 35 22 till
159 798 134 22 inrättandet
317 798 23 22 af
361 799 26 21 de
410 799 182 27 privatläroverk,
616 805 46 16 som
679 799 7 21 i
702 799 71 21 skilda
792 797 61 22 delar

101 834 24 21 af
155 834 75 22 landet
260 834 134 27 uppstäldes.
426 834 95 22 Sålunda
555 835 109 27 uppstodo
690 834 78 22 hösten
795 832 58 23 1879

102 870 106 27 Wiborgs,
224 865 47 26 Åbo
287 871 40 20 och
342 869 145 28 Björneborgs
503 871 150 26 privatlyceer,
664 870 78 21 hösten
757 869 58 22 1880
825 874 28 15 en

101 905 103 22 liknande
230 905 121 28 inrättning
376 905 7 22 i
409 906 66 21 Wasa
502 906 39 21 och
568 905 95 28 följande
679 907 24 20 år
723 905 107 22 likaledes
846 903 6 22 i

102 941 157 27 Tammerfors;
283 942 40 21 och
348 942 28 21 dä
398 941 124 22 Ständerna
537 943 24 20 år
578 942 57 21 1882
652 941 115 27 samlades,
783 940 70 22 öfver-

103 977 134 22 svämmades
261 977 26 21 de
311 978 47 21 åter
382 977 48 21 från
454 977 44 22 alla
513 977 45 22 håll
574 977 23 22 af
611 977 124 27 petitioner,
753 983 46 15 som
815 975 36 22 be-

103 1013 67 27 gärde
190 1013 188 27 grundläggandet
393 1012 24 22 af
430 1019 42 21 nya
488 1013 75 21 skolor
579 1013 52 22 eller
646 1014 34 20 att
696 1014 71 20 staten
783 1011 72 22 skulle

103 1047 112 28 öfvertaga
236 1048 27 21 de
281 1048 67 21 redan
364 1047 116 22 inrättade.
512 1048 116 21 Allmänna
644 1047 209 26 Besvärsutskottet,

103 1084 35 21 till
163 1084 64 21 hvars
250 1083 132 27 behandling
406 1083 43 22 alla
473 1084 64 21 dessa
560 1083 118 27 petitioner
693 1083 160 26 remitterades,

104 1119 94 28 föreslog
224 1119 7 21 i
257 1119 40 21 sitt
322 1119 138 22 betänkande
486 1119 111 27 angående
622 1119 121 21 ordnandet
759 1117 23 22 af
796 1117 57 22 skol-

103 1155 104 22 väsendet
230 1154 55 22 först
308 1155 7 21 i
334 1154 122 22 hufvudsak
480 1156 46 27 ,att
545 1155 129 27 Ständerna,
690 1155 68 26 jemte
774 1154 37 21 det
827 1153 27 21 de

104 1197 52 16 anse
179 1191 33 27 sig
235 1191 53 21 böra
312 1191 76 27 uttala,
404 1192 34 20 att
453 1191 37 21 det
506 1190 57 22 varit
578 1191 137 26 gagneligare
731 1190 34 21 för
779 1189 76 22 landet

104 1227 73 22 derest
202 1227 27 21 de
254 1233 41 20 nya
320 1226 161 28 finskspräkiga
507 1226 81 27 skolor,
614 1232 35 15 om
675 1226 74 21 hvilka
768 1226 87 21 senaste

104 1263 104 26 landtdag
223 1262 166 27 petitionerade,
405 1264 61 19 strax
480 1261 73 22 blifvit
568 1261 145 28 provisoriskt
728 1260 126 23 anordnade

106 1299 40 21 och
170 1298 63 22 deras
257 1298 124 21 inrättande
404 1298 48 21 icke
476 1297 105 27 fördröjts
596 1298 125 26 derigenom
737 1298 34 20 att
789 1296 67 22 saken

105 1334 82 22 stäldes
211 1334 7 21 i
241 1334 105 21 samband
370 1334 50 20 med
441 1332 147 22 slutförandet
603 1332 24 22 af
641 1334 41 20 den
698 1333 67 21 väkta
779 1332 77 26 frägan

105 1375 35 16 om
164 1369 116 22 förändrad
296 1368 204 28 skolorganisation,
516 1375 30 15 nu
561 1368 87 22 anhälla
663 1370 33 20 att
711 1368 102 26 samtliga
829 1367 27 21 de

105 1405 85 27 privata
213 1404 106 28 läroverk,
343 1404 73 21 hvilka
440 1404 56 22 efter
520 1406 86 20 senaste
630 1404 153 21 Ständermöte
803 1402 54 22 eller

106 1440 67 22 redan
192 1440 152 22 dessförinnan
358 1439 73 21 blifvit
447 1440 130 26 upprättade
594 1440 12 21 &
622 1438 24 23 de
663 1441 58 19 orter
737 1438 54 22 eller
805 1438 8 21 i
829 1438 27 21 de

175 1482 106 20 Allmänna
297 1482 183 20 Besvärsutskottets
496 1482 117 19 betänkande
631 1482 39 20 N:o
685 1482 32 19 21.
