1061 1717
309 106 242 19 Petitionsbetänkande
563 107 37 18 N:o
613 106 32 19 84.
821 107 10 17 7

100 162 72 22 digaste
189 162 100 22 växtlighet
306 162 70 23 ingifna
392 162 143 24 förhoppningar
546 163 61 17 kunna
618 162 57 18 blifva
687 162 104 23 ouppfylda.
814 162 41 22 Nej,

100 191 78 17 tvärtom
195 190 55 18 hafva
267 190 86 18 Finlands
369 190 119 24 jordbrukare
505 192 82 22 nogsamt
604 191 36 17 fått
655 191 64 23 erfara,
731 192 29 16 att
771 196 22 12 en
809 190 46 18 enda

101 220 41 16 natt
159 220 21 16 är
197 218 98 23 tillräcklig
314 220 27 17 att
356 219 72 23 förtaga
440 219 40 18 dem
492 219 51 18 deras
555 219 147 23 förhoppningar.
726 219 29 18 Då
767 219 34 18 den
813 219 6 17 i
831 224 24 12 nu

100 246 86 23 gällande
202 247 159 23 legohjonsstadga
378 248 94 17 bestämda
490 247 148 23 städslingstiden
650 247 91 23 begynner
752 247 24 23 på
788 253 22 12 en
821 247 34 22 tid,

101 274 24 18 då
137 275 156 23 årsafkastningen
305 277 47 16 ännu
364 277 20 16 är
396 276 75 18 alldeles
479 276 63 18 osäker
551 276 33 18 och
592 276 23 18 då
623 276 102 22 tjenarenas
733 276 51 17 löner
791 277 64 16 mesta-

101 304 39 17 dels
157 304 42 18 bero
211 304 20 17 af
242 304 161 22 årsafkastningen,
420 304 20 18 så
452 304 52 23 följer
515 304 58 21 häraf,
585 305 28 17 att
624 304 149 23 städselgifvaren
786 304 38 18 ofta
835 306 20 16 är

102 333 80 21 tvungen
195 333 28 17 att
234 332 54 23 lofva,
300 332 47 18 hvad
358 332 36 18 han
406 338 62 12 senare
481 338 28 12 ser
521 333 28 22 sig
560 333 65 17 nästan
638 332 101 23 oförmögen
752 333 28 17 att
788 332 67 18 betala.

102 360 36 18 Det
155 360 51 18 torde
225 366 44 12 vara
286 360 100 24 obehöfligt
403 362 29 16 att
448 361 34 18 här
499 361 90 18 beskrifva
606 361 25 17 all
644 361 34 18 den
690 361 101 23 håglöshet,
802 361 53 17 hvars

102 388 65 23 följder
183 389 128 23 jordbrukaren
329 389 38 18 ofta
384 389 28 17 får
431 389 99 18 vidkännas
547 389 56 18 under
618 390 34 17 den
668 389 54 23 länga
733 389 34 21 tid;
783 389 72 18 hvilken

102 416 97 24 tjenarena,
212 417 45 18 efter
269 417 30 18 det
311 417 22 18 de
345 417 73 18 erhållit
429 418 108 21 orlofssedel,
550 419 46 16 ännu
609 419 110 22 qvarstanna
726 418 33 17 hos
766 417 41 23 den,
817 422 38 13 som

103 445 81 18 utfärdat
195 446 121 21 orlofssedeln,
328 447 20 22 ty
360 446 50 18 detta
422 447 34 17 allt
468 448 20 15 är
500 447 53 17 allom
566 446 70 18 bekant.

173 475 8 17 I
193 475 33 18 den
244 475 119 23 förhoppning
378 476 28 17 att
421 475 109 18 hedervärda
543 475 76 18 Ståndet
630 475 93 18 befordrar
734 475 43 17 mitt
788 475 68 22 förslag

103 503 30 18 till
151 503 120 23 vederbörligt
288 503 70 18 utskott
376 503 89 18 äfvensom
483 503 82 18 anhåller
579 509 28 12 om
624 504 28 17 att
664 503 57 24 öfriga
733 503 53 18 stånd
798 503 57 17 måtte

103 532 29 22 sig
143 531 60 18 derom
215 532 67 20 förena,
293 531 74 19 föreslår
377 531 40 24 jag:

342 569 25 14 att
384 567 8 16 i
402 566 82 21 gällande
496 565 147 22 legohjonsstadga
654 566 54 17 skulle
718 569 51 18 göras
780 566 32 17 den
823 568 32 15 än-

310 594 51 21 dring
373 597 25 14 att
410 594 138 21 städslingstiden
560 594 52 17 skulle
620 595 62 22 flyttas
695 590 22 31 en
719 595 66 16 månad
792 600 63 14 senare,

308 625 24 14 än
343 623 33 17 den
382 623 33 22 för
426 623 110 16 närvarande
547 625 28 15 är.

174 656 110 23 Helsingfors
295 656 33 18 den
341 657 11 17 2
363 656 86 17 Februari
463 657 50 18 1885.

580 696 76 23 Huugo
669 695 118 24 Landgrén.

172 812 31 21 De
226 812 184 27 angelägenheter,
435 811 83 22 hvilkas
540 812 183 27 ändamålsenliga
745 812 109 21 ordnande

105 846 135 21 förestående
261 846 182 27 petitionsförslag
466 846 52 26 afse,
537 846 36 21 äro
589 846 46 21 icke
650 846 24 21 af
687 846 109 27 obetydlig
811 846 45 26 vigt

104 879 33 22 för
156 880 147 27 utvecklingen
324 880 23 21 af
360 881 84 20 landets
458 880 163 27 hufvudnäring,
637 880 88 21 fastmer
740 880 73 21 utöfva
829 880 26 21 de

104 914 67 27 derpå
185 915 31 20 ett
230 914 128 27 väsendtligt
372 913 121 28 inflytande.
524 914 38 21 Att
576 915 58 20 detta
650 914 61 21 äfven
726 915 83 25 insetts,
819 914 37 21 be-

104 948 57 21 visar
176 949 94 20 närmast
287 948 36 21 det
337 948 97 26 intresse,
450 948 101 21 hvarmed
567 947 100 27 frågorna
682 954 33 15 om
732 948 41 21 den
789 948 66 27 lämp-

104 981 76 27 ligaste
203 982 58 21 tiden
283 981 33 22 för
337 982 139 27 tjenstehjons
499 981 97 28 flyttning
618 982 33 21 till
671 982 38 21 och
728 982 47 21 från
790 982 67 27 tjenst

104 1017 56 20 samt
177 1015 34 22 för
229 1016 111 27 städjande
354 1016 8 21 i
376 1017 74 20 landet
465 1016 115 21 omfattats.
610 1016 41 21 Vid
666 1015 51 22 flere
733 1015 24 22 af
771 1017 84 20 senaste

104 1050 126 27 landtdagar
247 1050 62 21 hafva
324 1050 113 27 petitioner
448 1050 74 21 härom
534 1050 125 26 framstälts,
672 1050 38 21 och
722 1050 35 21 vid
769 1049 87 22 särskil-

104 1083 28 21 da
153 1083 243 28 Landtbrukssällskaps
414 1086 70 19 möten
504 1086 55 19 samt
573 1085 67 20 andra
655 1084 80 21 sädana
750 1089 105 16 samman-

104 1117 100 27 komster,
227 1118 72 21 hvilka
321 1120 36 25 egt
378 1125 46 14 rum
447 1118 33 21 för
500 1118 160 27 öfverläggning
679 1124 32 15 om
728 1117 129 27 jordbruket

104 1152 91 21 rörande
213 1153 82 25 ämnen,
315 1152 39 21 har
368 1153 72 20 ämnet
454 1152 81 27 utgjort
551 1152 88 21 föremäl
655 1152 33 21 för
704 1152 151 21 diskussioner.

103 1185 70 22 Bland
191 1186 63 21 dessa
273 1186 190 21 sammankomster
481 1185 104 27 förtjenar
599 1186 103 21 särskildt
716 1188 32 19 att
763 1187 94 20 omnäm-

104 1225 39 16 nas
158 1219 228 22 Landtbrukaremötet
400 1220 8 21 i
422 1219 142 27 Helsingfors,
579 1220 41 21 den
635 1220 71 21 8—22
723 1219 60 22 Mars
795 1219 61 26 1883,

104 1253 81 22 hvilket
207 1269 4 10 ,
214 1253 107 26 förenade
340 1254 32 26 sig
388 1259 33 16 om
436 1255 33 20 att
484 1253 70 22 såsom
570 1254 31 21 sin
617 1254 56 27 äsigt
688 1253 120 26 framhålla,
824 1255 33 20 att

104 1287 41 22 den
168 1293 27 15 nu
217 1287 34 21 för
273 1287 158 27 tjenstefolkets
454 1287 104 27 städsling
577 1288 38 21 och
633 1287 98 28 flyttning
745 1287 112 22 bestämda

103 1322 59 21 tiden
177 1328 50 15 vore
246 1322 101 26 olämplig
362 1322 38 21 och
416 1323 32 20 att
462 1322 39 21 hos
517 1322 107 26 Styrelsen
641 1322 114 22 hemställa
771 1328 33 15 om
820 1322 37 22 nä-

104 1362 41 20 gon
169 1356 73 26 ätgärd
265 1356 87 26 derhän,
371 1357 33 19 att
421 1356 158 26 tjenstefolkets
594 1355 141 27 flyttningstid
750 1356 106 21 ändrades

103 1390 33 21 till
153 1390 39 21 den
210 1390 10 21 1
236 1389 82 27 April,

173 1429 44 23 Lag-
230 1430 29 16 och
272 1430 167 16 Ekonomiutskotteis
451 1430 104 17 betänkande
567 1430 35 16 N:o
616 1432 15 16 6.
