1061 1717
157 162 49 24 Lag-
225 162 36 18 och
280 162 204 18 Ekonomiutskottets
502 163 128 21 betänkande,
642 163 36 17 N:o
691 164 15 21 7,
719 163 6 17 i
739 169 32 11 an-

88 190 80 24 ledning
180 192 22 17 af
213 193 71 16 tvenne
297 191 30 17 till
339 191 151 18 Bondeståndet
502 191 110 18 inlemnade
624 191 105 23 petitioner
741 197 32 11 an-

89 219 75 23 gående
176 219 139 24 medgifvande
326 220 23 17 af
358 220 98 22 utvidgad
473 220 106 23 svedjerätt
591 220 31 18 för
634 220 53 18 vissa
699 220 74 18 trakter

89 248 23 17 af
121 248 67 18 landet.
214 258 5 4 »
238 258 3 4 »
261 258 3 3 <
283 258 4 3 <
330 258 25 4 sr
398 258 27 4 rr
445 258 26 4 rr
491 258 27 4 rr
536 258 27 4 rr
582 258 26 4 rr
627 258 27 4 rr
695 258 29 4 rs
743 258 27 4 ks

157 277 50 23 Lag-
225 276 37 18 och
279 277 205 18 Ekonomiutskottets
502 277 128 22 betänkande,
647 278 35 17 N:o
694 278 15 22 6,
722 277 7 18 i
741 283 33 11 an-

90 305 82 24 ledning
183 306 22 18 af
215 305 97 18 särskilda
323 305 30 18 till
365 306 147 23 Ridderskapet
521 306 36 18 och
565 305 65 19 Adeln
638 308 51 16 samt
697 306 76 18 Bonde-

88 334 77 18 ståndet
176 334 110 18 inlemnade
297 334 170 24 petitionsförslag
479 335 84 17 rörande
571 335 82 23 ändring
665 334 7 18 i
682 334 91 24 gällande

89 363 154 23 lagstadganden
257 368 31 12 om
300 362 53 19 tiden
365 363 32 18 för
409 363 130 23 tjenstehjons
548 363 94 23 flyttning
650 363 30 17 till
688 363 36 17 och
730 363 45 17 från

90 392 61 22 tjenst
162 392 50 16 samt
223 391 32 18 för
267 392 101 23 städjande
380 392 23 17 af
413 392 122 24 tjenstehjon
543 402 4 4 +
566 402 4 4 +
589 402 4 4 «
611 402 4 4 +
634 402 4 4 -
657 401 27 5 «+
703 401 4 4 +
726 402 4 3 =
749 401 4 4 +
772 402 3 3 +

225 420 95 18 Finlands
333 420 93 19 Ständers
439 420 135 25 underdåniga
580 420 88 25 petition,
675 420 101 24 angående

192 449 83 24 ändring
286 449 23 18 af
318 449 54 18 tiden
384 449 32 18 för
429 449 113 18 städslande
554 449 23 18 af
586 450 125 23 tjenstehjon.

159 478 49 23 Lag-
221 478 37 18 och
270 478 205 18 Ekonomiutskottets
494 479 128 21 betänkande,
636 479 36 17 N:o
684 479 28 22 14,
725 479 6 17 i
744 484 32 12 an-

92 506 79 26 lednisg
189 507 22 17 af
226 508 28 16 ett
269 507 32 17 till
313 507 149 18 Bondeständet
480 506 110 19 inlemnadt
607 507 169 23 petitionsförslag

91 535 108 24 angäende-
203 537 175 22 patronatsrättens
389 535 132 24 fullständiga
532 535 140 24 upphäfvande

159 564 49 23 Uag-
221 563 36 19 och
269 564 205 18 Ekonomiutskottets
493 564 128 22 betänkande,
638 565 36 17 N:o
686 565 27 22 13,
726 565 7 17 i
745 571 31 11 an-

91 592 82 23 ledning
190 593 23 18 af
226 594 29 16 ett
272 593 31 17 till
315 593 149 18 Bondeständet
482 593 109 18 inlemnadt
604 593 174 24 petitionsförslag,

93 621 101 23 angående
211 621 104 18 införande
333 621 22 18 af
365 621 71 18 sådant
457 621 72 24 tillägg
548 622 30 17 till
596 621 183 24 Kammar-kollegii

93 649 118 24 kungörelse
223 650 38 17 den
273 650 10 17 1
295 650 94 17 Februari
402 650 52 23 1808,
466 652 30 16 att
505 651 146 17 vederbörande
660 651 117 23 tjenstemän

93 678 37 18 och
143 679 121 18 embetsverk
278 679 63 22 borde,
353 679 35 18 vid
400 679 121 18 utfärdande
529 679 23 18 af
562 679 140 23 expeditioner,
709 679 69 18 hvilka

93 709 45 16 röra
150 707 120 22 kommuner,
283 707 93 24 derjemte
389 707 91 19 tillställa
494 708 117 23 fullständig
623 708 80 17 afskrift
714 708 23 18 af
747 708 32 17 de-

93 742 74 12 samma
178 737 20 17 ät
210 736 222 18 kommunalstämmans
445 737 128 18 ordförande-
591 747 4 4 +»
614 747 3 3 +
637 747 3 4 «
660 746 4 5 «+
705 747 27 3 «+
751 747 27 3 ++

161 765 47 23 Lag.
223 765 37 18 och
271 765 208 18 Ekonomiutskottets
497 765 128 23 betänkande,
638 765 36 19 N:o
686 766 28 22 15,
727 766 6 17 i
746 771 33 12 an-

94 794 81 23 ledning
187 794 22 18 af
219 796 28 15 ett
259 793 28 18 till
298 794 148 18 Presteståndet
454 794 110 18 inlemnadt
572 794 167 23 petitionsförslag
748 800 31 12 om

95 823 110 24 beviljande
218 829 24 12 ur
255 823 113 18 statsmedel
380 824 21 16 af
412 823 79 18 mindre
503 823 33 18 lån
548 823 21 17 åt
580 823 160 23 hemmansegare
749 823 32 18 för

94 852 123 23 anläggande
229 851 22 18 af
259 851 90 24 jordtorp
364 861 4 4 +
387 861 4 4 +
410 861 4 4 +
434 861 4 4 +
458 861 4 4 +
481 861 4 4 +
505 861 4 4 +
528 861 26 4 ++
573 861 26 4 ss
618 861 27 4 ss
675 861 38 4 rr
740 861 41 4 rs

162 881 105 18 Allmänna
286 880 188 18 besvärsutskottets
493 880 127 22 betänkande,
639 880 37 18 N:o
690 881 27 22 25,
736 881 44 17 med

95 909 107 24 anledning
214 911 21 16 af
246 911 29 16 ett
288 909 53 18 inom
359 909 171 23 Borgareståndet
541 909 59 18 väckt
611 909 170 23 petitionsförslag

96 944 32 12 om
139 938 110 18 inrättande
262 939 22 17 af
294 938 62 18 afton-
369 937 37 19 och
419 937 155 24 söndagsskolor
586 937 7 18 i
605 938 91 17 städerna
709 948 3 3 -
732 948 3 4 +
755 948 3 4 -
777 948 4 3 -

164 967 104 18 Allmänna
280 967 188 18 besvärsutskottets
477 967 127 22 betänkande,
613 967 36 18 N:o
658 967 28 22 24,
694 967 45 18 med
749 973 32 11 an-

96 995 81 24 ledning
188 995 23 18 af
220 997 28 16 ett
260 995 54 18 inom
325 995 170 23 Borgareständet
507 995 58 18 väckt
573 995 168 24 petitionsförslag
749 1002 34 11 an-

95 1025 76 22 gående
183 1024 85 23 ändring
279 1024 23 18 af
313 1026 20 19 $$
345 1024 69 17 76—79
426 1024 7 17 i
446 1024 182 23 värnepligtslagen
638 1034 4 4 »
661 1034 4 4 +
684 1035 3 3 +
706 1035 3 3 -
729 1035 3 3 -
752 1035 3 3 +
774 1035 4 3 +

165 1053 146 24 Lagutskottets
329 1053 131 22 betänkande,
478 1053 38 18 N:o
533 1053 28 22 14,
578 1053 7 17 i
600 1053 107 24 anledning
723 1053 22 18 af
755 1055 28 16 ett

96 1081 54 18 inom
162 1081 143 24 Ridderskapet
313 1081 36 18 och
356 1081 66 18 Adeln
434 1081 61 18 väckt
507 1081 168 24 petitionsförslag
683 1083 100 22 angäende

97 1110 140 23 upphäfvande
248 1111 22 17 af
279 1116 28 12 nu
319 1110 92 23 gällande
424 1110 167 23 inskränkningar
603 1110 6 17 i
618 1110 165 23 dispositionsrät-

97 1141 34 16 ten
149 1139 56 18 öfver
223 1139 100 24 arfvejord
343 1139 36 18 och
399 1139 100 22 bördköpt
516 1139 49 23 jord,
583 1139 103 18 äfvensom
704 1139 80 18 dermed

98 1168 193 23 sammanhängande
303 1167 149 24 bestämningar
465 1173 33 12 om
510 1167 53 18 hvad
575 1167 5 18 i
590 1167 115 18 testamente
717 1168 66 23 gifvas

97 1197 32 17 mä
142 1198 50 16 samt
204 1202 32 12 om
248 1197 61 23 gäfva
321 1196 22 18 af
352 1197 40 18 fast
404 1196 100 23 egendom
524 1205 4 4 +
547 1206 3 3 -
569 1206 26 3 --
615 1206 3 3 =
661 1206 50 4 «<<
731 1207 4 3 <
754 1206 26 4 rr

166 1225 148 24 Lagutskottets
326 1225 131 22 betänkande,
470 1224 38 18 N:o
520 1225 41 22 15,i
569 1224 107 23 anledning
684 1225 22 18 af
712 1227 73 16 tvenne

97 1254 54 18 inom
169 1253 143 24 Ridderskapet
329 1253 37 18 och
384 1253 66 18 Adeln
470 1256 52 15 samt
536 1253 166 23 Borgareständet
714 1254 71 17 väckta

97 1283 76 23 förslag
191 1282 31 18 till
240 1282 105 24 petitioner
360 1288 32 12 om
404 1282 40 24 lag,
457 1282 85 18 rörande
555 1282 41 18 dels
608 1281 90 19 vilkoren
710 1282 31 18 för
754 1283 31 17 be-

98 1312 88 23 viljande
197 1312 23 17 af
230 1311 117 18 koncession
359 1312 12 17 &
381 1311 226 24 jernvägsanläggning,
620 1311 42 18 dels
671 1311 115 24 inteckning

98 1340 6 18 i
116 1340 84 24 jernvägs
228 1350 29 4 «+
277 1350 4 4 +
300 1329 9 39 +.
323 1350 3 4 +
346 1350 3 4 6
370 1350 49 4 kaa
474 1349 86 4 KN
601 1349 27 4 KR
657 1350 39 3 RA
724 1350 62 4 On

235 1369 95 17 Finlands
343 1369 93 18 Ständers
449 1368 140 24 underdäniga
600 1368 88 24 petition.

168 1398 148 22 Lagutskottets
329 1397 129 22 betänkande,
472 1397 38 17 N:o
522 1398 27 22 16,
562 1397 6 17 i
578 1397 106 23 anledning
692 1398 22 17 af
720 1400 28 16 ett
756 1398 31 17 till

101 1426 147 18 Bondeständet
262 1426 109 18 inlemnadt
383 1426 179 23 petitionsförslag,
575 1426 82 18 rörande
670 1426 117 24 befogenhet

808 248 33 18 33.

810 391 32 20 34.

811 535 32 18 35.

813 736 34 18 36.

817 851 31 18 37.

815 938 33 19 38.

817 1024 34 19 39.

819 1196 34 19 40.

821 1341 33 19 41.
