<?xml version="1.0" encoding="UTF-8"?>
<alto xmlns="http://www.loc.gov/standards/alto/ns-v3#" xmlns:xlink="http://www.w3.org/1999/xlink" xmlns:xsi="http://www.w3.org/2001/XMLSchema-instance" xsi:schemaLocation="http://www.loc.gov/standards/alto/ns-v3# http://www.loc.gov/alto/v3/alto-3-0.xsd">
	<Description>
		<MeasurementUnit>pixel</MeasurementUnit>
		<sourceImageInformation>
			<fileName>/tmp/tess_db36bs6i_input.PNG</fileName>
		</sourceImageInformation>
		<OCRProcessing ID="OCR_0">
			<ocrProcessingStep>
				<processingSoftware>
					<softwareName>tesseract 5.3.4</softwareName>
				</processingSoftware>
			</ocrProcessingStep>
		</OCRProcessing>
	</Description>
	<Layout>
		<Page WIDTH="1061" HEIGHT="1717" PHYSICAL_IMG_NR="0" ID="page_0">
			<PrintSpace HPOS="0" VPOS="0" WIDTH="1061" HEIGHT="1717">
				<ComposedBlock ID="cblock_0" HPOS="293" VPOS="98" WIDTH="522" HEIGHT="26">
					<TextBlock ID="block_0" HPOS="293" VPOS="98" WIDTH="522" HEIGHT="26">
						<TextLine ID="line_0" HPOS="293" VPOS="98" WIDTH="522" HEIGHT="26">
							<String ID="string_0" HPOS="293" VPOS="99" WIDTH="240" HEIGHT="25" WC="0.90" CONTENT="Petitionsbetänkande"/><SP WIDTH="15" VPOS="99" HPOS="533"/>
							<String ID="string_1" HPOS="548" VPOS="100" WIDTH="41" HEIGHT="22" WC="0.96" CONTENT="N:o"/><SP WIDTH="16" VPOS="100" HPOS="589"/>
							<String ID="string_2" HPOS="605" VPOS="99" WIDTH="35" HEIGHT="23" WC="0.95" CONTENT="32."/><SP WIDTH="161" VPOS="99" HPOS="640"/>
							<String ID="string_3" HPOS="801" VPOS="98" WIDTH="14" HEIGHT="22" WC="0.95" CONTENT="5"/>
						</TextLine>
					</TextBlock>
				</ComposedBlock>
				<ComposedBlock ID="cblock_1" HPOS="95" VPOS="166" WIDTH="758" HEIGHT="1366">
					<TextBlock ID="block_1" HPOS="95" VPOS="166" WIDTH="754" HEIGHT="208">
						<TextLine ID="line_1" HPOS="95" VPOS="166" WIDTH="751" HEIGHT="29">
							<String ID="string_4" HPOS="95" VPOS="170" WIDTH="32" HEIGHT="20" WC="0.96" CONTENT="ett"/><SP WIDTH="23" VPOS="170" HPOS="127"/>
							<String ID="string_5" HPOS="150" VPOS="168" WIDTH="51" HEIGHT="27" WC="0.96" CONTENT="lida,"/><SP WIDTH="24" VPOS="168" HPOS="201"/>
							<String ID="string_6" HPOS="225" VPOS="168" WIDTH="109" HEIGHT="27" WC="0.96" CONTENT="knappast"/><SP WIDTH="19" VPOS="168" HPOS="334"/>
							<String ID="string_7" HPOS="353" VPOS="168" WIDTH="75" HEIGHT="21" WC="0.93" CONTENT="kunna"/><SP WIDTH="16" VPOS="168" HPOS="428"/>
							<String ID="string_8" HPOS="444" VPOS="167" WIDTH="116" HEIGHT="27" WC="0.90" CONTENT="påräknas,"/><SP WIDTH="17" VPOS="167" HPOS="560"/>
							<String ID="string_9" HPOS="577" VPOS="166" WIDTH="40" HEIGHT="22" WC="0.97" CONTENT="och"/><SP WIDTH="17" VPOS="166" HPOS="617"/>
							<String ID="string_10" HPOS="634" VPOS="172" WIDTH="33" HEIGHT="16" WC="0.96" CONTENT="om"/><SP WIDTH="18" VPOS="172" HPOS="667"/>
							<String ID="string_11" HPOS="685" VPOS="172" WIDTH="26" HEIGHT="16" WC="0.96" CONTENT="en"/><SP WIDTH="17" VPOS="172" HPOS="711"/>
							<String ID="string_12" HPOS="728" VPOS="166" WIDTH="68" HEIGHT="22" WC="0.93" CONTENT="sådan"/><SP WIDTH="16" VPOS="166" HPOS="796"/>
							<String ID="string_13" HPOS="812" VPOS="167" WIDTH="34" HEIGHT="20" WC="0.92" CONTENT="ut-"/>
						</TextLine>
						<TextLine ID="line_2" HPOS="95" VPOS="202" WIDTH="754" HEIGHT="29">
							<String ID="string_14" HPOS="95" VPOS="204" WIDTH="104" HEIGHT="27" WC="0.92" CONTENT="vidgning"/><SP WIDTH="13" VPOS="204" HPOS="199"/>
							<String ID="string_15" HPOS="212" VPOS="204" WIDTH="133" HEIGHT="27" WC="0.92" CONTENT="medgåfves,"/><SP WIDTH="17" VPOS="204" HPOS="345"/>
							<String ID="string_16" HPOS="362" VPOS="210" WIDTH="52" HEIGHT="16" WC="0.96" CONTENT="vore"/><SP WIDTH="16" VPOS="210" HPOS="414"/>
							<String ID="string_17" HPOS="430" VPOS="203" WIDTH="56" HEIGHT="22" WC="0.96" CONTENT="dock"/><SP WIDTH="16" VPOS="203" HPOS="486"/>
							<String ID="string_18" HPOS="502" VPOS="202" WIDTH="136" HEIGHT="22" WC="0.96" CONTENT="sistnämnda"/><SP WIDTH="16" VPOS="202" HPOS="638"/>
							<String ID="string_19" HPOS="654" VPOS="202" WIDTH="116" HEIGHT="28" WC="0.96" CONTENT="olägenhet"/><SP WIDTH="16" VPOS="202" HPOS="770"/>
							<String ID="string_20" HPOS="786" VPOS="202" WIDTH="63" HEIGHT="21" WC="0.96" CONTENT="däraf"/>
						</TextLine>
						<TextLine ID="line_3" HPOS="96" VPOS="238" WIDTH="752" HEIGHT="29">
							<String ID="string_21" HPOS="96" VPOS="240" WIDTH="48" HEIGHT="21" WC="0.96" CONTENT="icke"/><SP WIDTH="15" VPOS="240" HPOS="144"/>
							<String ID="string_22" HPOS="159" VPOS="239" WIDTH="136" HEIGHT="28" WC="0.93" CONTENT="väsentligen"/><SP WIDTH="16" VPOS="239" HPOS="295"/>
							<String ID="string_23" HPOS="311" VPOS="239" WIDTH="100" HEIGHT="27" WC="0.88" CONTENT="afhjälpt."/><SP WIDTH="24" VPOS="239" HPOS="411"/>
							<String ID="string_24" HPOS="435" VPOS="238" WIDTH="53" HEIGHT="22" WC="0.95" CONTENT="Helt"/><SP WIDTH="16" VPOS="238" HPOS="488"/>
							<String ID="string_25" HPOS="504" VPOS="238" WIDTH="137" HEIGHT="22" WC="0.96" CONTENT="annorlunda"/><SP WIDTH="17" VPOS="238" HPOS="641"/>
							<String ID="string_26" HPOS="658" VPOS="238" WIDTH="70" HEIGHT="22" WC="0.96" CONTENT="skulle"/><SP WIDTH="16" VPOS="238" HPOS="728"/>
							<String ID="string_27" HPOS="744" VPOS="238" WIDTH="33" HEIGHT="22" WC="0.96" CONTENT="för"/><SP WIDTH="15" VPOS="238" HPOS="777"/>
							<String ID="string_28" HPOS="792" VPOS="238" WIDTH="56" HEIGHT="22" WC="0.96" CONTENT="både"/>
						</TextLine>
						<TextLine ID="line_4" HPOS="96" VPOS="274" WIDTH="753" HEIGHT="28">
							<String ID="string_29" HPOS="96" VPOS="275" WIDTH="145" HEIGHT="27" WC="0.96" CONTENT="producenter"/><SP WIDTH="15" VPOS="275" HPOS="241"/>
							<String ID="string_30" HPOS="256" VPOS="276" WIDTH="40" HEIGHT="21" WC="0.96" CONTENT="och"/><SP WIDTH="16" VPOS="276" HPOS="296"/>
							<String ID="string_31" HPOS="312" VPOS="276" WIDTH="126" HEIGHT="26" WC="0.96" CONTENT="exportörer"/><SP WIDTH="15" VPOS="276" HPOS="438"/>
							<String ID="string_32" HPOS="453" VPOS="274" WIDTH="148" HEIGHT="22" WC="0.95" CONTENT="förhållandet"/><SP WIDTH="17" VPOS="274" HPOS="601"/>
							<String ID="string_33" HPOS="618" VPOS="274" WIDTH="64" HEIGHT="22" WC="0.96" CONTENT="ställa"/><SP WIDTH="16" VPOS="274" HPOS="682"/>
							<String ID="string_34" HPOS="698" VPOS="274" WIDTH="34" HEIGHT="28" WC="0.96" CONTENT="sig"/><SP WIDTH="15" VPOS="274" HPOS="732"/>
							<String ID="string_35" HPOS="747" VPOS="280" WIDTH="35" HEIGHT="16" WC="0.89" CONTENT="om"/><SP WIDTH="19" VPOS="280" HPOS="782"/>
							<String ID="string_36" HPOS="801" VPOS="274" WIDTH="48" HEIGHT="22" WC="0.88" CONTENT="flöt-"/>
						</TextLine>
						<TextLine ID="line_5" HPOS="96" VPOS="310" WIDTH="752" HEIGHT="29">
							<String ID="string_37" HPOS="96" VPOS="312" WIDTH="126" HEIGHT="27" WC="0.91" CONTENT="ningstiden"/><SP WIDTH="23" VPOS="312" HPOS="222"/>
							<String ID="string_38" HPOS="245" VPOS="311" WIDTH="56" HEIGHT="22" WC="0.96" CONTENT="efter"/><SP WIDTH="22" VPOS="311" HPOS="301"/>
							<String ID="string_39" HPOS="323" VPOS="311" WIDTH="75" HEIGHT="22" WC="0.95" CONTENT="fiskets"/><SP WIDTH="24" VPOS="311" HPOS="398"/>
							<String ID="string_40" HPOS="422" VPOS="311" WIDTH="143" HEIGHT="27" WC="0.96" CONTENT="upphörande"/><SP WIDTH="22" VPOS="311" HPOS="565"/>
							<String ID="string_41" HPOS="587" VPOS="312" WIDTH="29" HEIGHT="25" WC="0.95" CONTENT="på"/><SP WIDTH="23" VPOS="312" HPOS="616"/>
							<String ID="string_42" HPOS="639" VPOS="310" WIDTH="78" HEIGHT="22" WC="0.95" CONTENT="hösten"/><SP WIDTH="20" VPOS="310" HPOS="717"/>
							<String ID="string_43" HPOS="737" VPOS="310" WIDTH="111" HEIGHT="28" WC="0.96" CONTENT="verkligen"/>
						</TextLine>
						<TextLine ID="line_6" HPOS="97" VPOS="346" WIDTH="586" HEIGHT="28">
							<String ID="string_44" HPOS="97" VPOS="347" WIDTH="73" HEIGHT="22" WC="0.96" CONTENT="kunde"/><SP WIDTH="15" VPOS="347" HPOS="170"/>
							<String ID="string_45" HPOS="185" VPOS="348" WIDTH="110" HEIGHT="21" WC="0.96" CONTENT="användas"/><SP WIDTH="16" VPOS="348" HPOS="295"/>
							<String ID="string_46" HPOS="311" VPOS="347" WIDTH="33" HEIGHT="22" WC="0.93" CONTENT="för"/><SP WIDTH="16" VPOS="347" HPOS="344"/>
							<String ID="string_47" HPOS="360" VPOS="347" WIDTH="72" HEIGHT="22" WC="0.93" CONTENT="stock-"/><SP WIDTH="16" VPOS="347" HPOS="432"/>
							<String ID="string_48" HPOS="448" VPOS="347" WIDTH="41" HEIGHT="21" WC="0.93" CONTENT="och"/><SP WIDTH="16" VPOS="347" HPOS="489"/>
							<String ID="string_49" HPOS="505" VPOS="346" WIDTH="178" HEIGHT="28" WC="0.90" CONTENT="tjärutransport."/>
						</TextLine>
					</TextBlock>
					<TextBlock ID="block_2" HPOS="98" VPOS="382" WIDTH="755" HEIGHT="1110">
						<TextLine ID="line_7" HPOS="170" VPOS="382" WIDTH="677" HEIGHT="29">
							<String ID="string_50" HPOS="170" VPOS="383" WIDTH="34" HEIGHT="22" WC="0.96" CONTENT="En"/><SP WIDTH="15" VPOS="383" HPOS="204"/>
							<String ID="string_51" HPOS="219" VPOS="383" WIDTH="147" HEIGHT="28" WC="0.95" CONTENT="upprensning"/><SP WIDTH="16" VPOS="383" HPOS="366"/>
							<String ID="string_52" HPOS="382" VPOS="383" WIDTH="24" HEIGHT="21" WC="0.96" CONTENT="af"/><SP WIDTH="11" VPOS="383" HPOS="406"/>
							<String ID="string_53" HPOS="417" VPOS="382" WIDTH="100" HEIGHT="22" WC="0.96" CONTENT="forsarna"/><SP WIDTH="11" VPOS="382" HPOS="517"/>
							<String ID="string_54" HPOS="528" VPOS="382" WIDTH="6" HEIGHT="22" WC="0.96" CONTENT="i"/><SP WIDTH="12" VPOS="382" HPOS="534"/>
							<String ID="string_55" HPOS="546" VPOS="382" WIDTH="33" HEIGHT="22" WC="0.92" CONTENT="Tiä"/><SP WIDTH="11" VPOS="382" HPOS="579"/>
							<String ID="string_56" HPOS="590" VPOS="382" WIDTH="32" HEIGHT="22" WC="0.96" CONTENT="elf"/><SP WIDTH="8" VPOS="382" HPOS="622"/>
							<String ID="string_57" HPOS="630" VPOS="382" WIDTH="40" HEIGHT="22" WC="0.96" CONTENT="har"/><SP WIDTH="12" VPOS="382" HPOS="670"/>
							<String ID="string_58" HPOS="682" VPOS="382" WIDTH="73" HEIGHT="22" WC="0.96" CONTENT="därför"/><SP WIDTH="11" VPOS="382" HPOS="755"/>
							<String ID="string_59" HPOS="766" VPOS="382" WIDTH="7" HEIGHT="22" WC="0.96" CONTENT="i"/><SP WIDTH="12" VPOS="382" HPOS="773"/>
							<String ID="string_60" HPOS="785" VPOS="383" WIDTH="62" HEIGHT="21" WC="0.96" CONTENT="dessa"/>
						</TextLine>
						<TextLine ID="line_8" HPOS="98" VPOS="418" WIDTH="751" HEIGHT="29">
							<String ID="string_61" HPOS="98" VPOS="420" WIDTH="81" HEIGHT="27" WC="0.96" CONTENT="bygder"/><SP WIDTH="15" VPOS="420" HPOS="179"/>
							<String ID="string_62" HPOS="194" VPOS="420" WIDTH="63" HEIGHT="27" WC="0.96" CONTENT="länge"/><SP WIDTH="16" VPOS="420" HPOS="257"/>
							<String ID="string_63" HPOS="273" VPOS="420" WIDTH="82" HEIGHT="27" WC="0.96" CONTENT="utgjort"/><SP WIDTH="14" VPOS="420" HPOS="355"/>
							<String ID="string_64" HPOS="369" VPOS="421" WIDTH="32" HEIGHT="20" WC="0.93" CONTENT="ett"/><SP WIDTH="11" VPOS="421" HPOS="401"/>
							<String ID="string_65" HPOS="412" VPOS="418" WIDTH="172" HEIGHT="28" WC="0.91" CONTENT="önskningsmål,"/><SP WIDTH="12" VPOS="418" HPOS="584"/>
							<String ID="string_66" HPOS="596" VPOS="418" WIDTH="40" HEIGHT="23" WC="0.96" CONTENT="och"/><SP WIDTH="12" VPOS="418" HPOS="636"/>
							<String ID="string_67" HPOS="648" VPOS="419" WIDTH="61" HEIGHT="21" WC="0.93" CONTENT="detta"/><SP WIDTH="11" VPOS="419" HPOS="709"/>
							<String ID="string_68" HPOS="720" VPOS="419" WIDTH="129" HEIGHT="27" WC="0.92" CONTENT="önsknings-"/>
						</TextLine>
						<TextLine ID="line_9" HPOS="99" VPOS="455" WIDTH="750" HEIGHT="28">
							<String ID="string_69" HPOS="99" VPOS="456" WIDTH="43" HEIGHT="21" WC="0.95" CONTENT="mål"/><SP WIDTH="16" VPOS="456" HPOS="142"/>
							<String ID="string_70" HPOS="158" VPOS="457" WIDTH="39" HEIGHT="21" WC="0.96" CONTENT="har"/><SP WIDTH="12" VPOS="457" HPOS="197"/>
							<String ID="string_71" HPOS="209" VPOS="456" WIDTH="70" HEIGHT="24" WC="0.97" CONTENT="också"/><SP WIDTH="14" VPOS="456" HPOS="279"/>
							<String ID="string_72" HPOS="293" VPOS="455" WIDTH="73" HEIGHT="22" WC="0.96" CONTENT="funnit"/><SP WIDTH="14" VPOS="455" HPOS="366"/>
							<String ID="string_73" HPOS="380" VPOS="458" WIDTH="42" HEIGHT="25" WC="0.96" CONTENT="väg"/><SP WIDTH="16" VPOS="458" HPOS="422"/>
							<String ID="string_74" HPOS="438" VPOS="455" WIDTH="35" HEIGHT="22" WC="0.96" CONTENT="till"/><SP WIDTH="16" VPOS="455" HPOS="473"/>
							<String ID="string_75" HPOS="489" VPOS="455" WIDTH="86" HEIGHT="22" WC="0.96" CONTENT="landets"/><SP WIDTH="11" VPOS="455" HPOS="575"/>
							<String ID="string_76" HPOS="586" VPOS="455" WIDTH="108" HEIGHT="27" WC="0.96" CONTENT="regering."/><SP WIDTH="27" VPOS="455" HPOS="694"/>
							<String ID="string_77" HPOS="721" VPOS="455" WIDTH="39" HEIGHT="22" WC="0.91" CONTENT="Uti"/><SP WIDTH="11" VPOS="455" HPOS="760"/>
							<String ID="string_78" HPOS="771" VPOS="455" WIDTH="78" HEIGHT="22" WC="0.91" CONTENT="under-"/>
						</TextLine>
						<TextLine ID="line_10" HPOS="99" VPOS="491" WIDTH="750" HEIGHT="28">
							<String ID="string_79" HPOS="99" VPOS="492" WIDTH="66" HEIGHT="27" WC="0.92" CONTENT="dånig"/><SP WIDTH="19" VPOS="492" HPOS="165"/>
							<String ID="string_80" HPOS="184" VPOS="491" WIDTH="113" HEIGHT="23" WC="0.96" CONTENT="skrifvelse"/><SP WIDTH="16" VPOS="491" HPOS="297"/>
							<String ID="string_81" HPOS="313" VPOS="491" WIDTH="24" HEIGHT="22" WC="0.96" CONTENT="af"/><SP WIDTH="14" VPOS="491" HPOS="337"/>
							<String ID="string_82" HPOS="351" VPOS="492" WIDTH="41" HEIGHT="21" WC="0.96" CONTENT="den"/><SP WIDTH="17" VPOS="492" HPOS="392"/>
							<String ID="string_83" HPOS="409" VPOS="491" WIDTH="28" HEIGHT="22" WC="0.96" CONTENT="29"/><SP WIDTH="16" VPOS="491" HPOS="437"/>
							<String ID="string_84" HPOS="453" VPOS="497" WIDTH="49" HEIGHT="16" WC="0.96" CONTENT="nov."/><SP WIDTH="18" VPOS="497" HPOS="502"/>
							<String ID="string_85" HPOS="520" VPOS="491" WIDTH="57" HEIGHT="22" WC="0.96" CONTENT="1879"/><SP WIDTH="16" VPOS="491" HPOS="577"/>
							<String ID="string_86" HPOS="593" VPOS="491" WIDTH="40" HEIGHT="22" WC="0.96" CONTENT="har"/><SP WIDTH="15" VPOS="491" HPOS="633"/>
							<String ID="string_87" HPOS="648" VPOS="491" WIDTH="110" HEIGHT="27" WC="0.93" CONTENT="nämligen"/><SP WIDTH="15" VPOS="491" HPOS="758"/>
							<String ID="string_88" HPOS="773" VPOS="498" WIDTH="76" HEIGHT="21" WC="0.91" CONTENT="guver-"/>
						</TextLine>
						<TextLine ID="line_11" HPOS="99" VPOS="527" WIDTH="749" HEIGHT="28">
							<String ID="string_89" HPOS="99" VPOS="528" WIDTH="149" HEIGHT="22" WC="0.91" CONTENT="nörsämbetet"/><SP WIDTH="23" VPOS="528" HPOS="248"/>
							<String ID="string_90" HPOS="271" VPOS="528" WIDTH="7" HEIGHT="21" WC="0.96" CONTENT="i"/><SP WIDTH="23" VPOS="528" HPOS="278"/>
							<String ID="string_91" HPOS="301" VPOS="527" WIDTH="109" HEIGHT="28" WC="0.96" CONTENT="Uleåborg"/><SP WIDTH="22" VPOS="527" HPOS="410"/>
							<String ID="string_92" HPOS="432" VPOS="527" WIDTH="33" HEIGHT="22" WC="0.96" CONTENT="till"/><SP WIDTH="17" VPOS="527" HPOS="465"/>
							<String ID="string_93" HPOS="482" VPOS="528" WIDTH="102" HEIGHT="21" WC="0.93" CONTENT="senatens"/><SP WIDTH="16" VPOS="528" HPOS="584"/>
							<String ID="string_94" HPOS="600" VPOS="527" WIDTH="102" HEIGHT="27" WC="0.88" CONTENT="pröfning"/><SP WIDTH="16" VPOS="527" HPOS="702"/>
							<String ID="string_95" HPOS="718" VPOS="527" WIDTH="89" HEIGHT="22" WC="0.92" CONTENT="insändt"/><SP WIDTH="15" VPOS="527" HPOS="807"/>
							<String ID="string_96" HPOS="822" VPOS="534" WIDTH="26" HEIGHT="15" WC="0.96" CONTENT="en"/>
						</TextLine>
						<TextLine ID="line_12" HPOS="99" VPOS="562" WIDTH="749" HEIGHT="29">
							<String ID="string_97" HPOS="99" VPOS="563" WIDTH="24" HEIGHT="22" WC="0.93" CONTENT="af"/><SP WIDTH="21" VPOS="563" HPOS="123"/>
							<String ID="string_98" HPOS="144" VPOS="564" WIDTH="118" HEIGHT="27" WC="0.92" CONTENT="Pudasjoki"/><SP WIDTH="22" VPOS="564" HPOS="262"/>
							<String ID="string_99" HPOS="284" VPOS="564" WIDTH="104" HEIGHT="22" WC="0.96" CONTENT="kommun"/><SP WIDTH="21" VPOS="564" HPOS="388"/>
							<String ID="string_100" HPOS="409" VPOS="563" WIDTH="111" HEIGHT="22" WC="0.93" CONTENT="inlämnad"/><SP WIDTH="15" VPOS="563" HPOS="520"/>
							<String ID="string_101" HPOS="535" VPOS="562" WIDTH="123" HEIGHT="23" WC="0.91" CONTENT="böneskrift"/><SP WIDTH="16" VPOS="562" HPOS="658"/>
							<String ID="string_102" HPOS="674" VPOS="563" WIDTH="82" HEIGHT="28" WC="0.96" CONTENT="därom,"/><SP WIDTH="16" VPOS="563" HPOS="756"/>
							<String ID="string_103" HPOS="772" VPOS="565" WIDTH="33" HEIGHT="20" WC="0.96" CONTENT="att"/><SP WIDTH="16" VPOS="565" HPOS="805"/>
							<String ID="string_104" HPOS="821" VPOS="570" WIDTH="27" HEIGHT="16" WC="0.96" CONTENT="en"/>
						</TextLine>
						<TextLine ID="line_13" HPOS="99" VPOS="599" WIDTH="749" HEIGHT="28">
							<String ID="string_105" HPOS="99" VPOS="600" WIDTH="148" HEIGHT="27" WC="0.95" CONTENT="upprensning"/><SP WIDTH="24" VPOS="600" HPOS="247"/>
							<String ID="string_106" HPOS="271" VPOS="599" WIDTH="24" HEIGHT="22" WC="0.93" CONTENT="af"/><SP WIDTH="20" VPOS="599" HPOS="295"/>
							<String ID="string_107" HPOS="315" VPOS="599" WIDTH="77" HEIGHT="28" WC="0.92" CONTENT="Kurki,"/><SP WIDTH="21" VPOS="599" HPOS="392"/>
							<String ID="string_108" HPOS="413" VPOS="600" WIDTH="103" HEIGHT="26" WC="0.90" CONTENT="Vuorma,"/><SP WIDTH="22" VPOS="600" HPOS="516"/>
							<String ID="string_109" HPOS="538" VPOS="599" WIDTH="98" HEIGHT="22" WC="0.92" CONTENT="Pahkala"/><SP WIDTH="15" VPOS="599" HPOS="636"/>
							<String ID="string_110" HPOS="651" VPOS="599" WIDTH="41" HEIGHT="22" WC="0.93" CONTENT="och"/><SP WIDTH="15" VPOS="599" HPOS="692"/>
							<String ID="string_111" HPOS="707" VPOS="599" WIDTH="141" HEIGHT="28" WC="0.92" CONTENT="Haapakoski"/>
						</TextLine>
						<TextLine ID="line_14" HPOS="100" VPOS="635" WIDTH="749" HEIGHT="28">
							<String ID="string_112" HPOS="100" VPOS="635" WIDTH="70" HEIGHT="22" WC="0.96" CONTENT="forsar"/><SP WIDTH="16" VPOS="635" HPOS="170"/>
							<String ID="string_113" HPOS="186" VPOS="636" WIDTH="7" HEIGHT="21" WC="0.93" CONTENT="i"/><SP WIDTH="16" VPOS="636" HPOS="193"/>
							<String ID="string_114" HPOS="209" VPOS="636" WIDTH="32" HEIGHT="21" WC="0.80" CONTENT="Iiå"/><SP WIDTH="16" VPOS="636" HPOS="241"/>
							<String ID="string_115" HPOS="257" VPOS="635" WIDTH="32" HEIGHT="22" WC="0.92" CONTENT="älf"/><SP WIDTH="13" VPOS="635" HPOS="289"/>
							<String ID="string_116" HPOS="302" VPOS="635" WIDTH="70" HEIGHT="22" WC="0.93" CONTENT="blefve"/><SP WIDTH="16" VPOS="635" HPOS="372"/>
							<String ID="string_117" HPOS="388" VPOS="635" WIDTH="110" HEIGHT="28" WC="0.92" CONTENT="påbjuden"/><SP WIDTH="16" VPOS="635" HPOS="498"/>
							<String ID="string_118" HPOS="514" VPOS="635" WIDTH="67" HEIGHT="22" WC="0.96" CONTENT="bland"/><SP WIDTH="15" VPOS="635" HPOS="581"/>
							<String ID="string_119" HPOS="596" VPOS="637" WIDTH="66" HEIGHT="20" WC="0.96" CONTENT="annat"/><SP WIDTH="16" VPOS="637" HPOS="662"/>
							<String ID="string_120" HPOS="678" VPOS="635" WIDTH="7" HEIGHT="22" WC="0.96" CONTENT="i"/><SP WIDTH="17" VPOS="635" HPOS="685"/>
							<String ID="string_121" HPOS="702" VPOS="636" WIDTH="100" HEIGHT="21" WC="0.96" CONTENT="ändamål"/><SP WIDTH="15" VPOS="636" HPOS="802"/>
							<String ID="string_122" HPOS="817" VPOS="637" WIDTH="32" HEIGHT="20" WC="0.96" CONTENT="att"/>
						</TextLine>
						<TextLine ID="line_15" HPOS="100" VPOS="671" WIDTH="751" HEIGHT="28">
							<String ID="string_123" HPOS="100" VPOS="672" WIDTH="69" HEIGHT="22" WC="0.93" CONTENT="skaffa"/><SP WIDTH="19" VPOS="672" HPOS="169"/>
							<String ID="string_124" HPOS="188" VPOS="672" WIDTH="176" HEIGHT="27" WC="0.92" CONTENT="arbetsförtjenst"/><SP WIDTH="21" VPOS="672" HPOS="364"/>
							<String ID="string_125" HPOS="385" VPOS="673" WIDTH="23" HEIGHT="20" WC="0.93" CONTENT="ät"/><SP WIDTH="16" VPOS="673" HPOS="408"/>
							<String ID="string_126" HPOS="424" VPOS="671" WIDTH="141" HEIGHT="22" WC="0.90" CONTENT="behöfvande."/><SP WIDTH="32" VPOS="671" HPOS="565"/>
							<String ID="string_127" HPOS="597" VPOS="671" WIDTH="72" HEIGHT="22" WC="0.93" CONTENT="Sedan"/><SP WIDTH="16" VPOS="671" HPOS="669"/>
							<String ID="string_128" HPOS="685" VPOS="671" WIDTH="122" HEIGHT="23" WC="0.96" CONTENT="emellertid"/><SP WIDTH="15" VPOS="671" HPOS="807"/>
							<String ID="string_129" HPOS="822" VPOS="673" WIDTH="29" HEIGHT="26" WC="0.96" CONTENT="pä"/>
						</TextLine>
						<TextLine ID="line_16" HPOS="100" VPOS="708" WIDTH="749" HEIGHT="27">
							<String ID="string_130" HPOS="100" VPOS="708" WIDTH="177" HEIGHT="27" WC="0.91" CONTENT="öfverstyrelsens"/><SP WIDTH="24" VPOS="708" HPOS="277"/>
							<String ID="string_131" HPOS="301" VPOS="708" WIDTH="33" HEIGHT="21" WC="0.93" CONTENT="för"/><SP WIDTH="18" VPOS="708" HPOS="334"/>
							<String ID="string_132" HPOS="352" VPOS="710" WIDTH="50" HEIGHT="25" WC="0.91" CONTENT="väg-"/><SP WIDTH="20" VPOS="710" HPOS="402"/>
							<String ID="string_133" HPOS="422" VPOS="708" WIDTH="40" HEIGHT="22" WC="0.92" CONTENT="och"/><SP WIDTH="15" VPOS="708" HPOS="462"/>
							<String ID="string_134" HPOS="477" VPOS="708" WIDTH="320" HEIGHT="22" WC="0.88" CONTENT="vattenkommunikationerna"/><SP WIDTH="16" VPOS="708" HPOS="797"/>
							<String ID="string_135" HPOS="813" VPOS="709" WIDTH="36" HEIGHT="21" WC="0.92" CONTENT="be-"/>
						</TextLine>
						<TextLine ID="line_17" HPOS="99" VPOS="743" WIDTH="750" HEIGHT="28">
							<String ID="string_136" HPOS="99" VPOS="744" WIDTH="98" HEIGHT="27" WC="0.91" CONTENT="fallning,"/><SP WIDTH="16" VPOS="744" HPOS="197"/>
							<String ID="string_137" HPOS="213" VPOS="743" WIDTH="161" HEIGHT="23" WC="0.92" CONTENT="vederbörande"/><SP WIDTH="17" VPOS="743" HPOS="374"/>
							<String ID="string_138" HPOS="391" VPOS="743" WIDTH="201" HEIGHT="28" WC="0.92" CONTENT="distriktsingeniör"/><SP WIDTH="11" VPOS="743" HPOS="592"/>
							<String ID="string_139" HPOS="603" VPOS="743" WIDTH="87" HEIGHT="28" WC="0.92" CONTENT="afgifvit"/><SP WIDTH="13" VPOS="743" HPOS="690"/>
							<String ID="string_140" HPOS="703" VPOS="744" WIDTH="40" HEIGHT="21" WC="0.92" CONTENT="sitt"/><SP WIDTH="11" VPOS="744" HPOS="743"/>
							<String ID="string_141" HPOS="754" VPOS="744" WIDTH="95" HEIGHT="22" WC="0.92" CONTENT="utlåtan-"/>
						</TextLine>
						<TextLine ID="line_18" HPOS="101" VPOS="779" WIDTH="748" HEIGHT="28">
							<String ID="string_142" HPOS="101" VPOS="780" WIDTH="26" HEIGHT="21" WC="0.96" CONTENT="de"/><SP WIDTH="22" VPOS="780" HPOS="127"/>
							<String ID="string_143" HPOS="149" VPOS="780" WIDTH="6" HEIGHT="21" WC="0.96" CONTENT="i"/><SP WIDTH="21" VPOS="780" HPOS="155"/>
							<String ID="string_144" HPOS="176" VPOS="781" WIDTH="80" HEIGHT="26" WC="0.96" CONTENT="ämnet,"/><SP WIDTH="16" VPOS="781" HPOS="256"/>
							<String ID="string_145" HPOS="272" VPOS="786" WIDTH="26" HEIGHT="15" WC="0.96" CONTENT="ur"/><SP WIDTH="15" VPOS="786" HPOS="298"/>
							<String ID="string_146" HPOS="313" VPOS="779" WIDTH="83" HEIGHT="22" WC="0.96" CONTENT="hvilket"/><SP WIDTH="16" VPOS="779" HPOS="396"/>
							<String ID="string_147" HPOS="412" VPOS="779" WIDTH="114" HEIGHT="22" WC="0.96" CONTENT="utlåtande"/><SP WIDTH="16" VPOS="779" HPOS="526"/>
							<String ID="string_148" HPOS="542" VPOS="779" WIDTH="95" HEIGHT="27" WC="0.96" CONTENT="framgår"/><SP WIDTH="15" VPOS="779" HPOS="637"/>
							<String ID="string_149" HPOS="652" VPOS="781" WIDTH="34" HEIGHT="20" WC="0.96" CONTENT="att"/><SP WIDTH="16" VPOS="781" HPOS="686"/>
							<String ID="string_150" HPOS="702" VPOS="786" WIDTH="26" HEIGHT="15" WC="0.93" CONTENT="en"/><SP WIDTH="16" VPOS="786" HPOS="728"/>
							<String ID="string_151" HPOS="744" VPOS="786" WIDTH="105" HEIGHT="21" WC="0.91" CONTENT="upprens-"/>
						</TextLine>
						<TextLine ID="line_19" HPOS="100" VPOS="815" WIDTH="750" HEIGHT="29">
							<String ID="string_152" HPOS="100" VPOS="816" WIDTH="53" HEIGHT="27" WC="0.95" CONTENT="ning"/><SP WIDTH="24" VPOS="816" HPOS="153"/>
							<String ID="string_153" HPOS="177" VPOS="815" WIDTH="23" HEIGHT="22" WC="0.93" CONTENT="af"/><SP WIDTH="21" VPOS="815" HPOS="200"/>
							<String ID="string_154" HPOS="221" VPOS="815" WIDTH="32" HEIGHT="22" WC="0.73" CONTENT="Iiå"/><SP WIDTH="23" VPOS="815" HPOS="253"/>
							<String ID="string_155" HPOS="276" VPOS="815" WIDTH="32" HEIGHT="22" WC="0.92" CONTENT="älf"/><SP WIDTH="20" VPOS="815" HPOS="308"/>
							<String ID="string_156" HPOS="328" VPOS="815" WIDTH="47" HEIGHT="22" WC="0.96" CONTENT="icke"/><SP WIDTH="15" VPOS="815" HPOS="375"/>
							<String ID="string_157" HPOS="390" VPOS="815" WIDTH="86" HEIGHT="28" WC="0.96" CONTENT="lämpar"/><SP WIDTH="15" VPOS="815" HPOS="476"/>
							<String ID="string_158" HPOS="491" VPOS="815" WIDTH="34" HEIGHT="28" WC="0.96" CONTENT="sig"/><SP WIDTH="16" VPOS="815" HPOS="525"/>
							<String ID="string_159" HPOS="541" VPOS="815" WIDTH="33" HEIGHT="22" WC="0.93" CONTENT="för"/><SP WIDTH="16" VPOS="815" HPOS="574"/>
							<String ID="string_160" HPOS="590" VPOS="815" WIDTH="236" HEIGHT="29" WC="0.92" CONTENT="undsättningsarbete,"/><SP WIDTH="17" VPOS="815" HPOS="826"/>
							<String ID="string_161" HPOS="843" VPOS="816" WIDTH="7" HEIGHT="21" WC="0.96" CONTENT="i"/>
						</TextLine>
						<TextLine ID="line_20" HPOS="101" VPOS="851" WIDTH="749" HEIGHT="29">
							<String ID="string_162" HPOS="101" VPOS="853" WIDTH="38" HEIGHT="21" WC="0.93" CONTENT="det"/><SP WIDTH="24" VPOS="853" HPOS="139"/>
							<String ID="string_163" HPOS="163" VPOS="852" WIDTH="196" HEIGHT="27" WC="0.57" CONTENT="strömrensningar,"/><SP WIDTH="24" VPOS="852" HPOS="359"/>
							<String ID="string_164" HPOS="383" VPOS="851" WIDTH="109" HEIGHT="28" WC="0.91" CONTENT="svärligen"/><SP WIDTH="23" VPOS="851" HPOS="492"/>
							<String ID="string_165" HPOS="515" VPOS="851" WIDTH="75" HEIGHT="22" WC="0.96" CONTENT="kunna"/><SP WIDTH="23" VPOS="851" HPOS="590"/>
							<String ID="string_166" HPOS="613" VPOS="851" WIDTH="109" HEIGHT="28" WC="0.96" CONTENT="företagas"/><SP WIDTH="16" VPOS="851" HPOS="722"/>
							<String ID="string_167" HPOS="738" VPOS="852" WIDTH="112" HEIGHT="28" WC="0.96" CONTENT="vintertid,"/>
						</TextLine>
						<TextLine ID="line_21" HPOS="99" VPOS="887" WIDTH="752" HEIGHT="28">
							<String ID="string_168" HPOS="99" VPOS="889" WIDTH="47" HEIGHT="26" WC="0.96" CONTENT="just"/><SP WIDTH="16" VPOS="889" HPOS="146"/>
							<String ID="string_169" HPOS="162" VPOS="889" WIDTH="28" HEIGHT="20" WC="0.96" CONTENT="då"/><SP WIDTH="14" VPOS="889" HPOS="190"/>
							<String ID="string_170" HPOS="204" VPOS="888" WIDTH="84" HEIGHT="22" WC="0.96" CONTENT="bristen"/><SP WIDTH="16" VPOS="888" HPOS="288"/>
							<String ID="string_171" HPOS="304" VPOS="889" WIDTH="28" HEIGHT="26" WC="0.93" CONTENT="på"/><SP WIDTH="15" VPOS="889" HPOS="332"/>
							<String ID="string_172" HPOS="347" VPOS="887" WIDTH="177" HEIGHT="27" WC="0.91" CONTENT="arbetsförtjenst"/><SP WIDTH="16" VPOS="887" HPOS="524"/>
							<String ID="string_173" HPOS="540" VPOS="889" WIDTH="25" HEIGHT="20" WC="0.96" CONTENT="är"/><SP WIDTH="15" VPOS="889" HPOS="565"/>
							<String ID="string_174" HPOS="580" VPOS="889" WIDTH="75" HEIGHT="26" WC="0.96" CONTENT="störst,"/><SP WIDTH="11" VPOS="889" HPOS="655"/>
							<String ID="string_175" HPOS="666" VPOS="889" WIDTH="53" HEIGHT="20" WC="0.93" CONTENT="utan"/><SP WIDTH="11" VPOS="889" HPOS="719"/>
							<String ID="string_176" HPOS="730" VPOS="888" WIDTH="59" HEIGHT="21" WC="0.92" CONTENT="hälst"/><SP WIDTH="7" VPOS="888" HPOS="789"/>
							<String ID="string_177" HPOS="796" VPOS="888" WIDTH="55" HEIGHT="22" WC="0.96" CONTENT="böra"/>
						</TextLine>
						<TextLine ID="line_22" HPOS="102" VPOS="923" WIDTH="749" HEIGHT="29">
							<String ID="string_178" HPOS="102" VPOS="924" WIDTH="94" HEIGHT="28" WC="0.90" CONTENT="försiggå"/><SP WIDTH="20" VPOS="924" HPOS="196"/>
							<String ID="string_179" HPOS="216" VPOS="925" WIDTH="28" HEIGHT="26" WC="0.96" CONTENT="på"/><SP WIDTH="15" VPOS="925" HPOS="244"/>
							<String ID="string_180" HPOS="259" VPOS="924" WIDTH="173" HEIGHT="27" WC="0.96" CONTENT="högsommaren,"/><SP WIDTH="18" VPOS="924" HPOS="432"/>
							<String ID="string_181" HPOS="450" VPOS="924" WIDTH="27" HEIGHT="21" WC="0.96" CONTENT="då"/><SP WIDTH="16" VPOS="924" HPOS="477"/>
							<String ID="string_182" HPOS="493" VPOS="925" WIDTH="33" HEIGHT="20" WC="0.96" CONTENT="ett"/><SP WIDTH="15" VPOS="925" HPOS="526"/>
							<String ID="string_183" HPOS="541" VPOS="925" WIDTH="92" HEIGHT="20" WC="0.96" CONTENT="motsatt"/><SP WIDTH="15" VPOS="925" HPOS="633"/>
							<String ID="string_184" HPOS="648" VPOS="923" WIDTH="136" HEIGHT="22" WC="0.96" CONTENT="förhållande"/><SP WIDTH="15" VPOS="923" HPOS="784"/>
							<String ID="string_185" HPOS="799" VPOS="926" WIDTH="52" HEIGHT="25" WC="0.96" CONTENT="äger"/>
						</TextLine>
						<TextLine ID="line_23" HPOS="102" VPOS="959" WIDTH="750" HEIGHT="28">
							<String ID="string_186" HPOS="102" VPOS="967" WIDTH="55" HEIGHT="20" WC="0.96" CONTENT="rum,"/><SP WIDTH="18" VPOS="967" HPOS="157"/>
							<String ID="string_187" HPOS="175" VPOS="960" WIDTH="38" HEIGHT="21" WC="0.96" CONTENT="och"/><SP WIDTH="16" VPOS="960" HPOS="213"/>
							<String ID="string_188" HPOS="229" VPOS="961" WIDTH="33" HEIGHT="20" WC="0.96" CONTENT="att"/><SP WIDTH="17" VPOS="961" HPOS="262"/>
							<String ID="string_189" HPOS="279" VPOS="960" WIDTH="109" HEIGHT="21" WC="0.96" CONTENT="dessutom"/><SP WIDTH="17" VPOS="960" HPOS="388"/>
							<String ID="string_190" HPOS="405" VPOS="959" WIDTH="36" HEIGHT="22" WC="0.96" CONTENT="vid"/><SP WIDTH="17" VPOS="959" HPOS="441"/>
							<String ID="string_191" HPOS="458" VPOS="960" WIDTH="32" HEIGHT="21" WC="0.95" CONTENT="ett"/><SP WIDTH="16" VPOS="960" HPOS="490"/>
							<String ID="string_192" HPOS="506" VPOS="959" WIDTH="75" HEIGHT="22" WC="0.96" CONTENT="arbete"/><SP WIDTH="16" VPOS="959" HPOS="581"/>
							<String ID="string_193" HPOS="597" VPOS="959" WIDTH="24" HEIGHT="22" WC="0.95" CONTENT="af"/><SP WIDTH="14" VPOS="959" HPOS="621"/>
							<String ID="string_194" HPOS="635" VPOS="959" WIDTH="61" HEIGHT="22" WC="0.96" CONTENT="detta"/><SP WIDTH="15" VPOS="959" HPOS="696"/>
							<String ID="string_195" HPOS="711" VPOS="959" WIDTH="48" HEIGHT="28" WC="0.95" CONTENT="slag"/><SP WIDTH="11" VPOS="959" HPOS="759"/>
							<String ID="string_196" HPOS="770" VPOS="960" WIDTH="82" HEIGHT="21" WC="0.96" CONTENT="sådana"/>
						</TextLine>
						<TextLine ID="line_24" HPOS="102" VPOS="995" WIDTH="749" HEIGHT="28">
							<String ID="string_197" HPOS="102" VPOS="996" WIDTH="23" HEIGHT="21" WC="0.96" CONTENT="af"/><SP WIDTH="14" VPOS="996" HPOS="125"/>
							<String ID="string_198" HPOS="139" VPOS="996" WIDTH="56" HEIGHT="21" WC="0.96" CONTENT="brist"/><SP WIDTH="16" VPOS="996" HPOS="195"/>
							<String ID="string_199" HPOS="211" VPOS="996" WIDTH="39" HEIGHT="21" WC="0.96" CONTENT="och"/><SP WIDTH="16" VPOS="996" HPOS="250"/>
							<String ID="string_200" HPOS="266" VPOS="995" WIDTH="120" HEIGHT="22" WC="0.96" CONTENT="försakelse"/><SP WIDTH="16" VPOS="995" HPOS="386"/>
							<String ID="string_201" HPOS="402" VPOS="995" WIDTH="128" HEIGHT="28" WC="0.96" CONTENT="försvagade"/><SP WIDTH="17" VPOS="995" HPOS="530"/>
							<String ID="string_202" HPOS="547" VPOS="995" WIDTH="99" HEIGHT="22" WC="0.96" CONTENT="arbetare"/><SP WIDTH="17" VPOS="995" HPOS="646"/>
							<String ID="string_203" HPOS="663" VPOS="1002" WIDTH="46" HEIGHT="15" WC="0.93" CONTENT="som"/><SP WIDTH="11" VPOS="1002" HPOS="709"/>
							<String ID="string_204" HPOS="720" VPOS="995" WIDTH="131" HEIGHT="23" WC="0.91" CONTENT="företrädes-"/>
						</TextLine>
						<TextLine ID="line_25" HPOS="101" VPOS="1031" WIDTH="751" HEIGHT="28">
							<String ID="string_205" HPOS="101" VPOS="1032" WIDTH="32" HEIGHT="21" WC="0.96" CONTENT="vis"/><SP WIDTH="24" VPOS="1032" HPOS="133"/>
							<String ID="string_206" HPOS="157" VPOS="1032" WIDTH="87" HEIGHT="21" WC="0.96" CONTENT="komma"/><SP WIDTH="19" VPOS="1032" HPOS="244"/>
							<String ID="string_207" HPOS="263" VPOS="1033" WIDTH="32" HEIGHT="20" WC="0.96" CONTENT="att"/><SP WIDTH="16" VPOS="1033" HPOS="295"/>
							<String ID="string_208" HPOS="311" VPOS="1032" WIDTH="109" HEIGHT="21" WC="0.96" CONTENT="användas"/><SP WIDTH="16" VPOS="1032" HPOS="420"/>
							<String ID="string_209" HPOS="436" VPOS="1032" WIDTH="36" HEIGHT="21" WC="0.93" CONTENT="vid"/><SP WIDTH="16" VPOS="1032" HPOS="472"/>
							<String ID="string_210" HPOS="488" VPOS="1031" WIDTH="237" HEIGHT="28" WC="0.90" CONTENT="undsättningsarbete,"/><SP WIDTH="16" VPOS="1031" HPOS="725"/>
							<String ID="string_211" HPOS="741" VPOS="1032" WIDTH="111" HEIGHT="27" WC="0.96" CONTENT="knappast"/>
						</TextLine>
						<TextLine ID="line_26" HPOS="101" VPOS="1067" WIDTH="749" HEIGHT="28">
							<String ID="string_212" HPOS="101" VPOS="1069" WIDTH="74" HEIGHT="20" WC="0.96" CONTENT="kunna"/><SP WIDTH="15" VPOS="1069" HPOS="175"/>
							<String ID="string_213" HPOS="190" VPOS="1070" WIDTH="53" HEIGHT="25" WC="0.96" CONTENT="göra"/><SP WIDTH="14" VPOS="1070" HPOS="243"/>
							<String ID="string_214" HPOS="257" VPOS="1069" WIDTH="71" HEIGHT="26" WC="0.96" CONTENT="någon"/><SP WIDTH="16" VPOS="1069" HPOS="328"/>
							<String ID="string_215" HPOS="344" VPOS="1070" WIDTH="68" HEIGHT="25" WC="0.96" CONTENT="nytta,"/><SP WIDTH="16" VPOS="1070" HPOS="412"/>
							<String ID="string_216" HPOS="428" VPOS="1068" WIDTH="40" HEIGHT="21" WC="0.96" CONTENT="har"/><SP WIDTH="15" VPOS="1068" HPOS="468"/>
							<String ID="string_217" HPOS="483" VPOS="1069" WIDTH="90" HEIGHT="20" WC="0.96" CONTENT="senaten"/><SP WIDTH="16" VPOS="1069" HPOS="573"/>
							<String ID="string_218" HPOS="589" VPOS="1067" WIDTH="33" HEIGHT="22" WC="0.96" CONTENT="uti"/><SP WIDTH="16" VPOS="1067" HPOS="622"/>
							<String ID="string_219" HPOS="638" VPOS="1067" WIDTH="114" HEIGHT="24" WC="0.96" CONTENT="skrifvelse"/><SP WIDTH="14" VPOS="1067" HPOS="752"/>
							<String ID="string_220" HPOS="766" VPOS="1068" WIDTH="25" HEIGHT="21" WC="0.96" CONTENT="af"/><SP WIDTH="17" VPOS="1068" HPOS="791"/>
							<String ID="string_221" HPOS="808" VPOS="1068" WIDTH="42" HEIGHT="21" WC="0.96" CONTENT="den"/>
						</TextLine>
						<TextLine ID="line_27" HPOS="102" VPOS="1103" WIDTH="749" HEIGHT="28">
							<String ID="string_222" HPOS="102" VPOS="1105" WIDTH="28" HEIGHT="22" WC="0.95" CONTENT="31"/><SP WIDTH="25" VPOS="1105" HPOS="130"/>
							<String ID="string_223" HPOS="155" VPOS="1104" WIDTH="89" HEIGHT="22" WC="0.96" CONTENT="Januari"/><SP WIDTH="25" VPOS="1104" HPOS="244"/>
							<String ID="string_224" HPOS="269" VPOS="1105" WIDTH="57" HEIGHT="22" WC="0.96" CONTENT="1879"/><SP WIDTH="23" VPOS="1105" HPOS="326"/>
							<String ID="string_225" HPOS="349" VPOS="1104" WIDTH="107" HEIGHT="22" WC="0.96" CONTENT="förklarat"/><SP WIDTH="18" VPOS="1104" HPOS="456"/>
							<String ID="string_226" HPOS="474" VPOS="1104" WIDTH="34" HEIGHT="27" WC="0.95" CONTENT="sig"/><SP WIDTH="16" VPOS="1104" HPOS="508"/>
							<String ID="string_227" HPOS="524" VPOS="1104" WIDTH="48" HEIGHT="22" WC="0.96" CONTENT="icke"/><SP WIDTH="16" VPOS="1104" HPOS="572"/>
							<String ID="string_228" HPOS="588" VPOS="1104" WIDTH="74" HEIGHT="21" WC="0.96" CONTENT="kunna"/><SP WIDTH="15" VPOS="1104" HPOS="662"/>
							<String ID="string_229" HPOS="677" VPOS="1103" WIDTH="76" HEIGHT="24" WC="0.93" CONTENT="bifalla"/><SP WIDTH="15" VPOS="1103" HPOS="753"/>
							<String ID="string_230" HPOS="768" VPOS="1105" WIDTH="83" HEIGHT="22" WC="0.91" CONTENT="Pudas-"/>
						</TextLine>
						<TextLine ID="line_28" HPOS="100" VPOS="1140" WIDTH="751" HEIGHT="28">
							<String ID="string_231" HPOS="100" VPOS="1140" WIDTH="56" HEIGHT="28" WC="0.96" CONTENT="järvi"/><SP WIDTH="16" VPOS="1140" HPOS="156"/>
							<String ID="string_232" HPOS="172" VPOS="1141" WIDTH="115" HEIGHT="21" WC="0.96" CONTENT="kommuns"/><SP WIDTH="15" VPOS="1141" HPOS="287"/>
							<String ID="string_233" HPOS="302" VPOS="1140" WIDTH="164" HEIGHT="28" WC="0.96" CONTENT="ifrågavarande"/><SP WIDTH="16" VPOS="1140" HPOS="466"/>
							<String ID="string_234" HPOS="482" VPOS="1140" WIDTH="105" HEIGHT="27" WC="0.96" CONTENT="ansökan,"/><SP WIDTH="16" VPOS="1140" HPOS="587"/>
							<String ID="string_235" HPOS="603" VPOS="1147" WIDTH="50" HEIGHT="15" WC="0.93" CONTENT="men"/><SP WIDTH="15" VPOS="1147" HPOS="653"/>
							<String ID="string_236" HPOS="668" VPOS="1140" WIDTH="140" HEIGHT="28" WC="0.91" CONTENT="bemyndigat"/><SP WIDTH="11" VPOS="1140" HPOS="808"/>
							<String ID="string_237" HPOS="819" VPOS="1141" WIDTH="32" HEIGHT="22" WC="0.92" CONTENT="öf-"/>
						</TextLine>
						<TextLine ID="line_29" HPOS="101" VPOS="1176" WIDTH="752" HEIGHT="28">
							<String ID="string_238" HPOS="101" VPOS="1177" WIDTH="145" HEIGHT="27" WC="0.92" CONTENT="verstyrelsen"/><SP WIDTH="25" VPOS="1177" HPOS="246"/>
							<String ID="string_239" HPOS="271" VPOS="1176" WIDTH="34" HEIGHT="22" WC="0.93" CONTENT="för"/><SP WIDTH="25" VPOS="1176" HPOS="305"/>
							<String ID="string_240" HPOS="330" VPOS="1179" WIDTH="50" HEIGHT="25" WC="0.92" CONTENT="väg-"/><SP WIDTH="26" VPOS="1179" HPOS="380"/>
							<String ID="string_241" HPOS="406" VPOS="1177" WIDTH="40" HEIGHT="22" WC="0.93" CONTENT="och"/><SP WIDTH="26" VPOS="1177" HPOS="446"/>
							<String ID="string_242" HPOS="472" VPOS="1176" WIDTH="319" HEIGHT="23" WC="0.90" CONTENT="vattenkommunikationerna"/><SP WIDTH="28" VPOS="1176" HPOS="791"/>
							<String ID="string_243" HPOS="819" VPOS="1178" WIDTH="34" HEIGHT="20" WC="0.96" CONTENT="att"/>
						</TextLine>
						<TextLine ID="line_30" HPOS="103" VPOS="1212" WIDTH="748" HEIGHT="29">
							<String ID="string_244" HPOS="103" VPOS="1213" WIDTH="134" HEIGHT="28" WC="0.83" CONTENT="»framdeles,"/><SP WIDTH="12" VPOS="1213" HPOS="237"/>
							<String ID="string_245" HPOS="249" VPOS="1213" WIDTH="28" HEIGHT="21" WC="0.93" CONTENT="då"/><SP WIDTH="15" VPOS="1213" HPOS="277"/>
							<String ID="string_246" HPOS="292" VPOS="1212" WIDTH="166" HEIGHT="28" WC="0.92" CONTENT="öfverstyrelsen"/><SP WIDTH="16" VPOS="1212" HPOS="458"/>
							<String ID="string_247" HPOS="474" VPOS="1219" WIDTH="66" HEIGHT="16" WC="0.96" CONTENT="anser"/><SP WIDTH="15" VPOS="1219" HPOS="540"/>
							<String ID="string_248" HPOS="555" VPOS="1213" WIDTH="47" HEIGHT="21" WC="0.96" CONTENT="skäl"/><SP WIDTH="17" VPOS="1213" HPOS="602"/>
							<String ID="string_249" HPOS="619" VPOS="1212" WIDTH="75" HEIGHT="22" WC="0.96" CONTENT="därtill"/><SP WIDTH="16" VPOS="1212" HPOS="694"/>
							<String ID="string_250" HPOS="710" VPOS="1212" WIDTH="141" HEIGHT="27" WC="0.96" CONTENT="förekomma,"/>
						</TextLine>
						<TextLine ID="line_31" HPOS="102" VPOS="1248" WIDTH="748" HEIGHT="28">
							<String ID="string_251" HPOS="102" VPOS="1250" WIDTH="96" HEIGHT="26" WC="0.91" CONTENT="upptaga"/><SP WIDTH="15" VPOS="1250" HPOS="198"/>
							<String ID="string_252" HPOS="213" VPOS="1248" WIDTH="93" HEIGHT="23" WC="0.96" CONTENT="berörda"/><SP WIDTH="15" VPOS="1248" HPOS="306"/>
							<String ID="string_253" HPOS="321" VPOS="1248" WIDTH="75" HEIGHT="22" WC="0.96" CONTENT="arbete"/><SP WIDTH="16" VPOS="1248" HPOS="396"/>
							<String ID="string_254" HPOS="412" VPOS="1249" WIDTH="7" HEIGHT="21" WC="0.96" CONTENT="i"/><SP WIDTH="17" VPOS="1249" HPOS="419"/>
							<String ID="string_255" HPOS="436" VPOS="1249" WIDTH="25" HEIGHT="21" WC="0.93" CONTENT="de"/><SP WIDTH="16" VPOS="1249" HPOS="461"/>
							<String ID="string_256" HPOS="477" VPOS="1248" WIDTH="119" HEIGHT="28" WC="0.91" CONTENT="årsförslag"/><SP WIDTH="17" VPOS="1248" HPOS="596"/>
							<String ID="string_257" HPOS="613" VPOS="1255" WIDTH="46" HEIGHT="15" WC="0.96" CONTENT="som"/><SP WIDTH="17" VPOS="1255" HPOS="659"/>
							<String ID="string_258" HPOS="676" VPOS="1249" WIDTH="23" HEIGHT="21" WC="0.93" CONTENT="af"/><SP WIDTH="14" VPOS="1249" HPOS="699"/>
							<String ID="string_259" HPOS="713" VPOS="1248" WIDTH="137" HEIGHT="27" WC="0.92" CONTENT="öfverstyrel-"/>
						</TextLine>
						<TextLine ID="line_32" HPOS="103" VPOS="1284" WIDTH="749" HEIGHT="28">
							<String ID="string_260" HPOS="103" VPOS="1291" WIDTH="38" HEIGHT="15" WC="0.93" CONTENT="sen"/><SP WIDTH="23" VPOS="1291" HPOS="141"/>
							<String ID="string_261" HPOS="164" VPOS="1286" WIDTH="108" HEIGHT="26" WC="0.92" CONTENT="uppgöres"/><SP WIDTH="24" VPOS="1286" HPOS="272"/>
							<String ID="string_262" HPOS="296" VPOS="1284" WIDTH="33" HEIGHT="22" WC="0.96" CONTENT="för"/><SP WIDTH="23" VPOS="1284" HPOS="329"/>
							<String ID="string_263" HPOS="352" VPOS="1284" WIDTH="158" HEIGHT="28" WC="0.93" CONTENT="dispositionen"/><SP WIDTH="25" VPOS="1284" HPOS="510"/>
							<String ID="string_264" HPOS="535" VPOS="1284" WIDTH="23" HEIGHT="22" WC="0.96" CONTENT="af"/><SP WIDTH="21" VPOS="1284" HPOS="558"/>
							<String ID="string_265" HPOS="579" VPOS="1285" WIDTH="27" HEIGHT="21" WC="0.96" CONTENT="de"/><SP WIDTH="16" VPOS="1285" HPOS="606"/>
							<String ID="string_266" HPOS="622" VPOS="1284" WIDTH="35" HEIGHT="22" WC="0.93" CONTENT="till"/><SP WIDTH="16" VPOS="1284" HPOS="657"/>
							<String ID="string_267" HPOS="673" VPOS="1284" WIDTH="179" HEIGHT="28" WC="0.91" CONTENT="öfverstyrelsens"/>
						</TextLine>
						<TextLine ID="line_33" HPOS="102" VPOS="1320" WIDTH="750" HEIGHT="28">
							<String ID="string_268" HPOS="102" VPOS="1320" WIDTH="127" HEIGHT="28" WC="0.93" CONTENT="förfogande"/><SP WIDTH="21" VPOS="1320" HPOS="229"/>
							<String ID="string_269" HPOS="250" VPOS="1322" WIDTH="13" HEIGHT="20" WC="0.89" CONTENT="å"/><SP WIDTH="16" VPOS="1322" HPOS="263"/>
							<String ID="string_270" HPOS="279" VPOS="1322" WIDTH="44" HEIGHT="20" WC="0.93" CONTENT="stat"/><SP WIDTH="16" VPOS="1322" HPOS="323"/>
							<String ID="string_271" HPOS="339" VPOS="1320" WIDTH="71" HEIGHT="22" WC="0.92" CONTENT="stälda"/><SP WIDTH="15" VPOS="1320" HPOS="410"/>
							<String ID="string_272" HPOS="425" VPOS="1320" WIDTH="90" HEIGHT="22" WC="0.90" CONTENT="medel.&quot;"/><SP WIDTH="32" VPOS="1320" HPOS="515"/>
							<String ID="string_273" HPOS="547" VPOS="1320" WIDTH="71" HEIGHT="28" WC="0.93" CONTENT="Något"/><SP WIDTH="16" VPOS="1320" HPOS="618"/>
							<String ID="string_274" HPOS="634" VPOS="1321" WIDTH="218" HEIGHT="27" WC="0.91" CONTENT="strömrensningsar-"/>
						</TextLine>
						<TextLine ID="line_34" HPOS="101" VPOS="1356" WIDTH="751" HEIGHT="23">
							<String ID="string_275" HPOS="101" VPOS="1356" WIDTH="50" HEIGHT="22" WC="0.96" CONTENT="bete"/><SP WIDTH="24" VPOS="1356" HPOS="151"/>
							<String ID="string_276" HPOS="175" VPOS="1356" WIDTH="7" HEIGHT="21" WC="0.96" CONTENT="i"/><SP WIDTH="23" VPOS="1356" HPOS="182"/>
							<String ID="string_277" HPOS="205" VPOS="1356" WIDTH="33" HEIGHT="22" WC="0.83" CONTENT="Lå"/><SP WIDTH="19" VPOS="1356" HPOS="238"/>
							<String ID="string_278" HPOS="257" VPOS="1356" WIDTH="34" HEIGHT="22" WC="0.92" CONTENT="älf"/><SP WIDTH="16" VPOS="1356" HPOS="291"/>
							<String ID="string_279" HPOS="307" VPOS="1357" WIDTH="40" HEIGHT="21" WC="0.96" CONTENT="har"/><SP WIDTH="15" VPOS="1357" HPOS="347"/>
							<String ID="string_280" HPOS="362" VPOS="1356" WIDTH="123" HEIGHT="22" WC="0.96" CONTENT="emellertid"/><SP WIDTH="16" VPOS="1356" HPOS="485"/>
							<String ID="string_281" HPOS="501" VPOS="1357" WIDTH="70" HEIGHT="21" WC="0.96" CONTENT="under"/><SP WIDTH="16" VPOS="1357" HPOS="571"/>
							<String ID="string_282" HPOS="587" VPOS="1356" WIDTH="27" HEIGHT="22" WC="0.96" CONTENT="de"/><SP WIDTH="16" VPOS="1356" HPOS="614"/>
							<String ID="string_283" HPOS="630" VPOS="1362" WIDTH="37" HEIGHT="16" WC="0.96" CONTENT="sex"/><SP WIDTH="15" VPOS="1362" HPOS="667"/>
							<String ID="string_284" HPOS="682" VPOS="1358" WIDTH="25" HEIGHT="20" WC="0.96" CONTENT="år"/><SP WIDTH="15" VPOS="1358" HPOS="707"/>
							<String ID="string_285" HPOS="722" VPOS="1363" WIDTH="47" HEIGHT="15" WC="0.96" CONTENT="som"/><SP WIDTH="16" VPOS="1363" HPOS="769"/>
							<String ID="string_286" HPOS="785" VPOS="1357" WIDTH="67" HEIGHT="22" WC="0.96" CONTENT="sedan"/>
						</TextLine>
						<TextLine ID="line_35" HPOS="102" VPOS="1391" WIDTH="750" HEIGHT="29">
							<String ID="string_287" HPOS="102" VPOS="1392" WIDTH="50" HEIGHT="22" WC="0.96" CONTENT="dess"/><SP WIDTH="16" VPOS="1392" HPOS="152"/>
							<String ID="string_288" HPOS="168" VPOS="1391" WIDTH="93" HEIGHT="22" WC="0.96" CONTENT="förflutit"/><SP WIDTH="15" VPOS="1391" HPOS="261"/>
							<String ID="string_289" HPOS="276" VPOS="1392" WIDTH="47" HEIGHT="22" WC="0.96" CONTENT="icke"/><SP WIDTH="16" VPOS="1392" HPOS="323"/>
							<String ID="string_290" HPOS="339" VPOS="1398" WIDTH="76" HEIGHT="21" WC="0.93" CONTENT="genom"/><SP WIDTH="17" VPOS="1398" HPOS="415"/>
							<String ID="string_291" HPOS="432" VPOS="1391" WIDTH="181" HEIGHT="28" WC="0.91" CONTENT="öfverstyrelsens"/><SP WIDTH="16" VPOS="1391" HPOS="613"/>
							<String ID="string_292" HPOS="629" VPOS="1392" WIDTH="85" HEIGHT="28" WC="0.92" CONTENT="försorg"/><SP WIDTH="10" VPOS="1392" HPOS="714"/>
							<String ID="string_293" HPOS="724" VPOS="1393" WIDTH="128" HEIGHT="27" WC="0.90" CONTENT="påbegynts."/>
						</TextLine>
						<TextLine ID="line_36" HPOS="102" VPOS="1428" WIDTH="750" HEIGHT="27">
							<String ID="string_294" HPOS="102" VPOS="1428" WIDTH="34" HEIGHT="21" WC="0.96" CONTENT="Då"/><SP WIDTH="15" VPOS="1428" HPOS="136"/>
							<String ID="string_295" HPOS="151" VPOS="1428" WIDTH="27" HEIGHT="21" WC="0.96" CONTENT="de"/><SP WIDTH="16" VPOS="1428" HPOS="178"/>
							<String ID="string_296" HPOS="194" VPOS="1428" WIDTH="77" HEIGHT="27" WC="0.96" CONTENT="medel,"/><SP WIDTH="17" VPOS="1428" HPOS="271"/>
							<String ID="string_297" HPOS="288" VPOS="1434" WIDTH="47" HEIGHT="16" WC="0.96" CONTENT="som"/><SP WIDTH="16" VPOS="1434" HPOS="335"/>
							<String ID="string_298" HPOS="351" VPOS="1428" WIDTH="33" HEIGHT="21" WC="0.93" CONTENT="för"/><SP WIDTH="16" VPOS="1428" HPOS="384"/>
							<String ID="string_299" HPOS="400" VPOS="1428" WIDTH="287" HEIGHT="27" WC="0.90" CONTENT="strömrensningsändamål"/><SP WIDTH="11" VPOS="1428" HPOS="687"/>
							<String ID="string_300" HPOS="698" VPOS="1430" WIDTH="37" HEIGHT="20" WC="0.96" CONTENT="äro"/><SP WIDTH="12" VPOS="1430" HPOS="735"/>
							<String ID="string_301" HPOS="747" VPOS="1428" WIDTH="23" HEIGHT="22" WC="0.96" CONTENT="af"/><SP WIDTH="9" VPOS="1428" HPOS="770"/>
							<String ID="string_302" HPOS="779" VPOS="1430" WIDTH="73" HEIGHT="21" WC="0.96" CONTENT="staten"/>
						</TextLine>
						<TextLine ID="line_37" HPOS="103" VPOS="1463" WIDTH="749" HEIGHT="29">
							<String ID="string_303" HPOS="103" VPOS="1463" WIDTH="112" HEIGHT="27" WC="0.91" CONTENT="anslagna,"/><SP WIDTH="25" VPOS="1463" HPOS="215"/>
							<String ID="string_304" HPOS="240" VPOS="1464" WIDTH="66" HEIGHT="21" WC="0.96" CONTENT="också"/><SP WIDTH="23" VPOS="1464" HPOS="306"/>
							<String ID="string_305" HPOS="329" VPOS="1464" WIDTH="46" HEIGHT="22" WC="0.96" CONTENT="icke"/><SP WIDTH="20" VPOS="1464" HPOS="375"/>
							<String ID="string_306" HPOS="395" VPOS="1464" WIDTH="62" HEIGHT="22" WC="0.93" CONTENT="torde"/><SP WIDTH="16" VPOS="1464" HPOS="457"/>
							<String ID="string_307" HPOS="473" VPOS="1464" WIDTH="68" HEIGHT="22" WC="0.91" CONTENT="förslå"/><SP WIDTH="15" VPOS="1464" HPOS="541"/>
							<String ID="string_308" HPOS="556" VPOS="1464" WIDTH="34" HEIGHT="22" WC="0.93" CONTENT="till"/><SP WIDTH="16" VPOS="1464" HPOS="590"/>
							<String ID="string_309" HPOS="606" VPOS="1464" WIDTH="246" HEIGHT="28" WC="0.92" CONTENT="strömrensningsarbe-"/>
						</TextLine>
					</TextBlock>
					<TextBlock ID="block_3" HPOS="177" VPOS="1504" WIDTH="591" HEIGHT="28">
						<TextLine ID="line_38" HPOS="177" VPOS="1504" WIDTH="591" HEIGHT="28">
							<String ID="string_310" HPOS="177" VPOS="1504" WIDTH="120" HEIGHT="22" WC="0.93" CONTENT="Allmänna"/><SP WIDTH="14" VPOS="1504" HPOS="297"/>
							<String ID="string_311" HPOS="311" VPOS="1504" WIDTH="206" HEIGHT="24" WC="0.91" CONTENT="Besvärsutskottets"/><SP WIDTH="16" VPOS="1504" HPOS="517"/>
							<String ID="string_312" HPOS="533" VPOS="1504" WIDTH="133" HEIGHT="24" WC="0.94" CONTENT="betänkande"/><SP WIDTH="15" VPOS="1504" HPOS="666"/>
							<String ID="string_313" HPOS="681" VPOS="1506" WIDTH="37" HEIGHT="21" WC="0.96" CONTENT="N:o"/><SP WIDTH="15" VPOS="1506" HPOS="718"/>
							<String ID="string_314" HPOS="733" VPOS="1508" WIDTH="35" HEIGHT="24" WC="0.61" CONTENT="28:"/>
						</TextLine>
					</TextBlock>
				</ComposedBlock>
				<GraphicalElement ID="cblock_2" HPOS="1055" VPOS="368" WIDTH="6" HEIGHT="672"></GraphicalElement >
			</PrintSpace>
		</Page>
	</Layout>
</alto>
