1061 1717
312 92 237 25 Petitionsbetänkande
564 94 40 24 N:o
622 94 33 22 16.
814 95 14 22 3

109 160 60 21 öfver
190 160 84 21 hundra
298 160 29 25 år,
351 160 63 21 innan
438 160 190 28 församlingarnas
644 160 215 28 språkförhållanden

109 193 39 21 och
164 194 61 20 däraf
238 194 116 27 betingade
370 194 122 28 fordringar
506 194 72 21 blefvo
593 194 92 21 föremål
701 195 32 20 för
741 194 118 28 styrelsens

109 227 106 28 åtgärder.
245 227 64 21 Först
325 227 41 21 den
382 229 26 19 14
423 227 45 22 Juli
483 228 24 20 år
524 228 53 22 1858
592 228 126 21 utfärdades
734 235 26 15 en
770 228 89 28 Kejser-

109 261 30 28 lig
151 261 137 29 kungörelse,
297 262 88 21 hvilken
394 262 86 28 stadgar
495 264 42 24 ,att
547 262 33 21 uti
595 262 27 21 de
637 262 223 29 landsförsamlingar,

109 295 87 22 hvarest
211 295 36 21 vid
263 295 41 21 den
320 296 108 21 allmänna
443 296 155 28 Gudstjensten
614 296 70 22 finska
700 296 88 28 språket
803 297 55 21 före-

108 329 106 21 trädesvis
237 330 116 27 begagnas,
375 329 79 29 kyrko-
477 329 40 21 och
546 330 314 28 socknestämmo-protokoller

109 362 62 22 skola
184 363 57 21 föras
256 364 29 27 på
299 364 66 27 sagde
381 363 71 28 språk.
468 363 56 21 Kort
533 364 66 28 derpå
608 364 74 28 vidtog
692 364 137 22 utfärdandet
837 364 24 21 af

110 404 27 14 en
152 398 55 20 serie
223 397 157 29 förordningar,
396 398 74 21 hvilka
478 398 47 21 dels
533 398 105 28 förnyade
646 398 192 22 bestämmelserna
852 398 7 21 i

109 430 41 22 den
166 431 24 22 år
205 432 54 21 1732
274 431 59 29 gifna
348 431 112 29 Kungliga
476 432 152 26 resolutionen,
645 432 47 22 dels
700 432 73 29 afsågo
782 432 78 28 afhjel-

109 465 70 28 pande
201 465 23 22 af
245 465 27 22 de
288 466 211 27 missförhållanden,
519 473 45 14 som
579 466 155 22 framkallades
749 467 63 21 deraf
828 468 33 20 att

110 499 33 21 till
166 499 165 22 kommunernas
350 499 133 29 behandling
498 500 109 21 inkommo
623 500 95 21 officiela
733 500 127 22 skrifvelser

111 533 40 21 och
172 533 131 28 handlingar
327 533 103 22 affattade
454 534 27 27 på
503 535 64 20 annat
591 534 65 28 språk
681 535 27 20 än
724 534 37 21 det
775 541 46 14 som
836 534 24 21 af

110 567 155 22 kommunerna
281 568 115 21 användas.
427 567 72 22 Sedan
514 568 109 28 nämligen
639 568 126 29 Kejserliga
777 568 82 22 förord-

110 601 79 28 vingen
211 601 23 21 af
255 601 40 22 den
312 603 11 20 1
339 601 95 28 Augusti
452 602 74 21 1863
516 597 13 37 i
549 603 38 20 sitt
608 601 61 22 2:dra
690 604 96 19 moment
800 602 59 22 med-

110 635 64 28 gifvit
188 635 173 21 ämbetsmännen
378 635 104 28 rättighet
496 637 37 26 att,
547 636 27 21 dä
583 636 101 21 anhällan
693 637 72 21 därom
775 636 84 28 gjordes

110 669 40 21 och
165 676 33 14 om
215 669 26 21 de
257 669 82 27 ansäge
354 669 34 28 sig
403 669 65 21 hafva
483 669 73 22 dertill
571 670 143 28 erforderliga
727 670 132 28 kunskaper,

110 703 27 28 pä
157 703 68 21 finska
240 703 89 28 spräket
343 703 86 21 utfärda
444 703 109 28 protokoll
569 704 40 21 och
624 704 134 28 handlingar,
773 705 86 28 stadga-

111 737 37 21 des
170 737 7 21 i
201 738 54 21 11:te
270 737 129 28 paragrafen
414 737 24 21 af
452 744 26 14 en
494 737 42 21 den
551 738 28 21 20
593 737 105 22 Februari
714 739 53 20 1865
783 738 75 28 gifven

109 771 125 28 förordning
256 772 41 20 att:
319 771 55 26 alla
397 771 33 25 de,
450 778 45 14 som
518 771 55 22 efter
596 771 41 22 den
660 775 11 19 1
695 771 92 22 Januari
804 773 53 20 1872

110 804 89 21 föresläs
215 805 39 20 och
265 805 113 20 utnämnas
387 805 34 20 till
428 804 218 26 Landssekreterare,
657 805 200 22 Landskamrerare

111 838 46 21 vice
171 837 199 22 Landsekreterare
386 839 39 20 och
440 839 48 21 vice
500 838 206 27 Landskamrerare,
718 840 54 21 eller
780 840 33 21 till
822 840 36 21 be-

111 871 109 22 stridande
243 872 24 21 af
285 871 80 22 sädana
381 872 147 28 befattningar
542 873 118 26 förordnas,
676 873 68 28 skola,
759 873 54 22 hvar
827 873 34 22 för

111 907 33 28 sig
159 906 7 21 i
181 906 26 21 de
223 905 98 26 ärender,
337 913 45 14 som
398 906 54 21 höra
466 906 34 21 till
519 906 62 22 deras
596 907 161 29 föredragning,
769 915 91 14 ansvara

111 940 32 21 för
165 941 31 20 att
217 939 143 28 kungörelser
382 939 40 22 och
441 939 68 22 andra
529 940 108 22 allmänna
652 941 159 22 meddelanden
826 941 33 22 till

110 973 69 22 finska
193 973 152 28 församlingar
388 986 26 3 —
445 986 25 3 —
497 986 28 3 —
555 986 25 3 —
610 987 25 3 —
666 987 24 4 —
721 987 26 4 —
777 988 27 3 —
833 987 25 4 —

110 1040 65 23 varda
189 1042 28 27 pä
231 1041 70 21 finska
316 1041 89 28 spräket
419 1043 101 26 uppsatte
535 1041 40 22 och
590 1042 132 23 utfärdade*.
751 1043 12 22 I
778 1050 81 15 samma

109 1076 136 27 förordnings
270 1075 61 21 14:de
345 1071 14 38 &
381 1075 101 28 tillägges
498 1077 42 19 att:
560 1076 36 27 ,sä
615 1076 65 28 länge
702 1077 157 28 föredragande

110 1109 39 22 och
171 1109 67 22 andra
261 1109 147 28 befattningar
429 1109 35 21 vid
486 1109 194 28 Länestyrelserna
696 1111 127 21 innehafvas
838 1112 23 21 af

111 1144 136 28 tjenstemän,
263 1149 45 15 som
325 1145 19 23 ej
360 1144 37 20 äro
413 1143 101 28 skyldige
530 1145 31 20 att
575 1144 72 21 känna
662 1144 41 22 och
717 1145 8 20 i
739 1145 120 28 expeditio-

110 1184 38 15 ner
163 1177 98 21 använda
276 1177 70 21 finska
361 1177 89 27 spräket
466 1177 53 21 eller
534 1177 78 28 sjelfve
628 1178 72 21 dertill
709 1178 100 22 förbinda
818 1179 40 28 sig,

109 1211 101 21 förblifva
226 1211 35 20 vid
277 1210 64 21 dessa
356 1211 103 27 styrelser
470 1211 107 22 edsvurne
592 1212 141 21 translatorer
741 1213 117 26 anstälde*,

109 1245 33 21 för
164 1246 30 19 att
216 1244 65 21 bland
305 1246 65 20 annat
388 1245 84 20 biträda
486 1246 40 26 ,pä
541 1245 36 22 det
592 1246 109 27 utgående
716 1246 143 28 kungörelser

109 1279 33 21 till
157 1278 69 22 finska
241 1278 151 28 församlingar
439 1291 25 3 —
496 1292 27 3 —
552 1292 26 3 —
608 1292 25 3 —
664 1293 27 3 —
721 1292 25 4 —
776 1293 26 3 —
832 1293 25 4 —

109 1313 35 21 mä
167 1313 72 21 kunna
259 1312 96 22 utfärdas
378 1313 6 20 i
399 1313 56 21 finsk
470 1314 164 28 öfversättning,
649 1314 99 22 hvarföre
763 1315 95 21 särskild

109 1347 60 21 lösen
177 1346 19 28 ej
206 1346 32 21 får
246 1346 105 21 fordras".
363 1347 77 21 Denna
450 1348 61 21 14:de
523 1349 10 25 $
541 1348 42 26 fick
591 1348 66 21 sedan
666 1355 77 21 genom
753 1355 26 15 en
788 1349 41 21 den
845 1350 12 20 7

109 1380 120 22 December
239 1380 51 22 1868
295 1380 73 28 gifven
377 1381 66 27 nådig
453 1382 125 28 förordning
587 1382 36 21 det
631 1382 100 28 tillägget
739 1384 42 26 ,att
792 1390 65 21 expe-

109 1414 99 26 ditioner,
225 1421 43 14 som
281 1414 23 21 af
315 1414 144 28 embetsverk,
468 1416 38 21 der
513 1416 55 20 finsk
578 1416 114 21 translator
703 1417 23 20 är
734 1417 28 27 pä
771 1418 42 20 stat
820 1424 37 14 an-

109 1448 61 26 stäld,
188 1447 53 22 eller
249 1448 24 21 af
278 1448 92 22 embets-
380 1448 54 22 eller
443 1449 139 28 tjenstemän,
590 1450 74 21 hvilka
671 1450 33 21 till
713 1450 144 22 befordrande

180 1494 105 21 Allmänna
301 1496 184 20 Besvärsutskottets
501 1496 116 21 betänkande
632 1497 39 26 N:o
687 1498 30 21 13.
