1061 1717
231 88 28 21 16
403 86 239 23 Petitionsbetänkande
657 86 38 23 N:o
715 85 34 23 14.

199 153 131 27 lagmännen
346 153 52 22 eller
414 153 230 27 häradshöfdingarne,
657 164 27 4 —
697 153 41 21 den
754 152 72 22 tidens
843 151 110 26 offentliga

200 190 158 27 myndigheter,
374 202 29 3 —
419 190 71 22 skulle
503 191 28 26 pä
542 190 94 22 svenska
646 189 101 27 skrifvas,
759 189 40 21 och
811 188 28 22 dä
849 190 32 20 ett
892 187 61 22 sekel

201 232 77 15 senare
294 226 70 21 denna
379 226 36 27 lag
430 226 98 26 utbyttes
544 227 59 20 emot
618 224 128 22 Kristoffers
762 224 117 27 Landslag,
897 222 55 22 hvil-

200 262 43 21 ken
259 261 68 22 sedan
343 262 7 20 i
365 262 124 21 hufvudsak
504 262 56 21 hade
576 262 101 26 gällande
693 260 59 22 kraft
768 260 59 21 intill
837 259 116 22 stiftandet

200 298 24 21 af
247 298 58 21 1734
327 299 35 20 års
378 298 42 27 lag,
436 298 74 27 ingick
526 298 33 21 uti
575 298 71 22 denna
662 303 77 16 senare
755 296 100 27 landslag
870 302 84 15 samma

201 334 121 26 stadgande
345 334 32 21 uti
401 335 67 26 nägot
491 333 117 22 förändrad
632 333 63 22 form.
726 332 39 22 Uti
781 332 85 28 Tingm.
881 332 25 20 B.
922 331 31 21 XI

201 369 50 27 kap.
269 370 62 21 heter
347 370 37 21 det
400 370 109 26 nemligen
526 371 33 20 att
574 369 87 27 lagman
678 369 53 27 egde
747 370 29 26 pä
791 368 44 22 alla
851 368 47 21 sina
915 367 38 21 do-

201 411 48 15 mar
272 404 49 22 bref
342 405 58 27 gifva
423 406 28 26 pä
475 406 92 20 svenska
587 405 39 21 och
643 405 32 21 uti
692 405 89 26 Dräpm.
797 404 25 21 B.
839 403 115 29 (Dräpmäl

201 441 50 21 med
267 441 52 26 vilja
334 441 49 21 XIV
399 441 61 29 kap.)
477 441 89 27 stadgas
583 443 32 19 att
630 441 128 26 konungens
773 440 55 27 bref,
843 439 110 22 äfvensom

202 476 43 22 alla
262 477 27 21 de
305 483 46 15 som
368 477 76 21 domar
459 479 57 25 röra,
533 477 62 22 skola
611 478 28 26 pä
656 477 92 21 svenska
759 475 99 22 skrifvas.
884 471 70 26 Äfven

201 512 7 21 i
232 511 131 28 Stadslagen
387 512 78 29 (Jorda
488 513 24 21 B.
530 513 30 21 VI
575 512 61 29 kap.)
652 512 116 23 äterfinnes
785 513 32 20 ett
833 511 121 28 stadgande

200 548 34 21 uti
250 549 113 21 enahanda
379 549 62 27 syfte.
468 549 41 21 Vid
526 549 132 27 antagandet
674 548 25 22 af
714 549 59 21 1734
788 549 36 20 års
840 548 36 27 lag
891 546 63 23 inflöt

201 584 74 21 deruti
291 584 47 21 icke
360 586 68 25 nägot
450 585 87 27 lagbud,
555 584 102 22 afseende
674 586 33 20 att
723 584 125 27 inskränka,
865 583 90 27 utvidga

202 619 54 22 eller
267 620 109 27 upphäfva
386 621 64 20 dessa
461 621 165 26 bestämningar
637 627 35 14 om
687 619 193 28 myndigheternas
889 619 67 27 spräk

202 655 7 21 i
225 655 100 28 Sveriges
341 655 54 28 rike,
411 655 89 22 hvartill
517 655 63 22 äfven
595 656 95 21 Finland
705 655 74 21 hörde.
806 655 101 21 Fastmer
923 654 33 21 in-

201 691 50 27 gick
276 691 71 22 deruti
370 693 33 20 ett
426 692 121 27 stadgande
571 691 7 21 i
594 691 83 22 samma
699 691 63 27 syfte,
784 691 65 21 neml.
866 691 13 21 3
897 690 11 27 $
926 690 29 21 24

202 727 50 27 kap.
269 727 26 22 R.
311 727 25 21 B.

278 763 58 22 Utan
360 766 33 19 att
416 764 32 21 uti
468 765 63 20 dessa
552 764 209 27 lagbestämningar,
785 763 128 27 tillämpade
929 763 28 26 pä

201 800 53 20 våra
277 799 159 28 förhållanden,
456 800 87 27 inlägga
563 806 26 15 en
604 799 93 28 tydning
713 799 90 27 derhän,
821 800 33 20 att
869 797 87 22 finskan

201 841 52 15 vore
270 837 33 19 ett
317 835 135 22 fremmande
470 836 65 26 spräk
551 835 58 21 inom
621 835 106 21 Finlands
738 835 148 25 landamären,
897 833 59 22 finna

201 871 22 20 vi
246 871 56 21 dock
325 871 107 27 klarligen
455 877 26 15 ur
502 871 49 22 dem
572 871 84 26 framgä
672 871 38 21 det
725 870 139 27 lagstiftaren
880 869 75 27 afsett,

201 907 34 20 att
251 907 79 20 endast
346 907 37 21 det
399 907 93 21 svenska
508 906 88 27 spräket
612 906 71 21 skulle
699 906 88 21 komma
803 907 33 20 att
846 905 110 27 begagnas

202 941 49 22 icke
267 941 57 22 blott
339 942 36 21 vid
390 942 177 27 lagskipningen,
583 944 53 19 utan
647 941 64 25 äfyen
723 941 7 22 i
741 941 120 22 allmänhet
872 942 84 20 statens

202 978 154 27 myndigheter
371 978 101 27 emellan,
488 979 23 26 ty
527 979 71 20 såsom
615 978 69 21 kändt
700 977 64 22 hafva
775 976 181 27 Rättegängsbal-

202 1013 55 22 kens
274 1010 136 30 stadganden
426 1013 64 22 alltid
506 1015 83 20 ansetts
606 1013 40 22 och
662 1013 53 21 böra
731 1019 64 15 anses
812 1013 32 21 uti
858 1013 43 20 alla
912 1012 45 21 till-

202 1049 107 27 lämpliga
333 1049 60 21 delar
408 1049 102 27 gällande
526 1049 63 22 äfven
605 1049 33 21 för
654 1049 71 26 öfriga
741 1049 37 20 det
795 1048 111 27 offentliga
921 1047 36 22 lif-

203 1087 47 19 vets
267 1085 111 21 områden.

279 1121 46 22 Och
340 1121 132 22 härutinnan
489 1121 100 21 inträdde
606 1121 47 21 icke
667 1120 71 21 heller
748 1121 72 26 någon
831 1119 127 26 förändring

203 1163 78 20 genom
305 1157 27 21 de
355 1157 123 27 händelser,
502 1163 46 15 som
565 1157 69 21 under
651 1157 53 20 åren
721 1155 148 22 1808—1809
885 1161 73 21 omge-

203 1192 96 22 staltade
322 1192 104 22 Finlands
450 1193 62 21 öden.
545 1192 80 22 Derom
644 1192 83 21 vittnar
743 1191 20 27 ej
779 1191 58 22 blott
853 1191 42 21 den
912 1197 45 15 om-

205 1228 162 27 ständigheten,
384 1229 34 20 att
434 1228 64 27 ingen
514 1228 37 27 lag
567 1228 101 21 afseende
684 1227 94 27 ändring
789 1227 33 21 uti
833 1227 64 20 dessa
908 1226 52 21 tidi-

205 1269 52 21 gare
281 1263 152 22 förhållanden
454 1265 38 26 såg
509 1265 78 26 dagen;
605 1264 74 21 derom
695 1263 84 22 vittnar
794 1262 64 22 äfven
874 1262 85 21 Bonde-

205 1300 100 21 ståndets
325 1300 36 21 vid
380 1294 71 33 Borgå
466 1300 113 28 landtdag,
593 1300 81 27 jemväl
692 1299 23 22 af
730 1299 168 21 Presteståndet
914 1304 45 16 om-

204 1335 85 21 fattade
305 1335 95 27 petition
416 1342 36 15 om
468 1336 105 26 rättighet
589 1337 33 20 att
638 1335 40 21 allt
690 1335 127 27 framgent
808 1329 12 38 i
834 1334 50 27 alla,
896 1333 64 22 äfven

204 1370 36 22 till
256 1371 79 27 bögsta
351 1373 34 19 ort
400 1372 84 26 gående
500 1371 102 27 publique
618 1372 70 26 akter,
709 1370 112 28 suppliker
837 1370 40 22 och
893 1371 68 20 rätte-

204 1406 115 27 gängsmäl
335 1406 23 22 få
372 1406 89 28 betjena
476 1407 36 27 Sig
526 1408 24 21 af
564 1408 37 21 det
610 1408 62 21 förut
684 1406 101 28 brukliga
795 1406 95 22 svenska
900 1407 62 25 språ-

205 1442 48 28 ket;
271 1442 74 22 derom
361 1442 83 22 vittnar
460 1443 104 27 slutligen
580 1444 7 20 i
603 1443 34 21 sin
653 1444 51 20 mån
719 1442 155 27 förordningen
887 1441 23 22 af
920 1442 41 21 den

280 1484 108 20 Allmänna
403 1485 184 19 Besvärsutskottets
603 1484 118 20 betänkande
737 1484 42 20 N:o
795 1484 33 20 12.
