1061 1717
293 92 239 24 Petitionsbetänkande
547 94 40 21 N:o
604 92 18 23 1.
777 96 28 21 63

82 162 74 20 kartan
175 160 71 20 kunde
267 167 60 13 mana
346 160 33 20 till:
399 160 100 26 förslaget
519 162 31 18 att
570 160 89 20 kanalen
680 161 66 20 skulle
762 168 73 19 genom

83 190 112 22 Kiviniemi
212 190 58 20 ledas
289 190 32 20 till
339 190 93 20 Suvanto
448 190 39 19 och
503 189 91 20 derifrån
610 190 32 20 till
658 190 93 26 Ladoga;
766 198 47 13 men
828 192 7 18 i

85 222 68 19 denna
167 220 93 26 riktning
275 223 23 17 är
313 220 103 25 företaget
431 220 104 25 svårligen
551 219 109 27 utförbart,
671 221 85 20 emedan
768 221 68 20 denna

85 251 32 20 del
136 250 22 21 af
177 250 84 25 Ladoga
279 249 98 20 stranden
393 252 23 16 är
431 248 54 21 flack
501 249 38 20 och
554 249 40 27 låg,
610 250 81 20 således
706 250 46 21 icke
767 251 68 25 erbju-

85 281 67 20 dande
170 282 62 24 något
251 278 69 27 skydd
342 280 22 19 ät
382 278 76 27 fartyg,
474 286 44 13 som
533 278 47 20 från
596 280 145 25 Ladogasidan
757 280 80 20 sträfva

85 311 31 19 till
131 311 92 24 kanalen,
239 310 107 19 hvaremot
360 308 115 20 Kexholms
491 308 127 27 nuvarande,
634 310 133 26 synnerligen
783 310 54 26 goda

85 341 68 26 hamn,
171 339 109 21 Kivisalmi
299 338 96 26 erbjuder
415 346 26 12 en
457 339 96 25 ypperlig
569 339 109 26 ändpunkt
692 340 32 20 för
739 340 96 20 kanalvä-

85 377 46 19 gen,
147 370 83 20 hvilken
245 369 8 19 i
267 369 40 19 den
323 375 51 19 nyss
389 368 110 20 förordade
510 368 121 26 riktningen
642 369 105 21 dessutom
757 370 80 20 komme

87 403 30 17 att
135 400 27 25 på
180 401 84 24 genaste
283 401 42 17 sätt
342 398 71 20 förena
432 398 98 20 städerna
548 398 113 21 Sordavala
682 400 37 19 och
735 400 102 19 Kexholm

87 432 53 18 samt
155 428 194 26 öfverhufvudtaget
364 428 47 20 hela
426 435 62 13 norra
504 428 184 26 Ladogastranden
703 429 46 20 med
760 429 79 20 Finska

88 460 67 20 viken.

160 488 101 21 Behofvet
276 489 37 19 och
328 490 75 24 nyttan
420 487 21 20 af
456 495 26 13 en
497 487 188 22 kanalförbindelse
700 489 86 20 emellan
801 489 39 20 La-

90 519 53 25 doga
159 519 37 20 och
211 518 78 20 Finska
303 518 62 19 viken
382 517 96 26 utgjorde
494 517 85 21 föremål
594 517 32 20 för
637 518 157 27 öfverläggning
804 519 36 20 vid

89 549 65 25 tredje
170 549 101 19 allmänna
285 548 68 19 finska
368 547 181 26 köpmannamötet
565 548 6 19 i
590 541 46 26 Åbo
652 549 47 19 stad
715 549 66 20 under
791 549 48 19 sist-

89 579 56 20 lidne
161 578 89 25 Augusti
265 577 85 26 månad;
366 577 38 20 och
420 577 94 20 uttalade
529 580 76 17 mötets
620 578 105 26 deltagare
741 578 100 26 enhälligt

90 609 39 20 den
145 608 82 25 mening
242 610 31 17 att
288 607 142 26 ifrågakomna
444 607 87 26 företag,
550 607 80 21 hvilket
646 607 69 27 afsåge
731 611 32 17 att
777 609 22 19 åt
815 615 25 13 en

89 638 49 25 idog
160 637 119 26 befolkning
299 637 22 20 af
342 637 95 26 omkring
457 637 97 26 200,000
572 644 98 19 personer
692 637 99 21 förskaffa
811 640 30 17 ett

90 667 257 26 kommunikationsmedel,
363 667 76 20 hvaraf
452 667 26 20 de
494 667 53 20 hade
560 670 31 17 ett
606 667 105 26 oafvisligt
725 667 65 20 behof
803 668 38 19 och

91 698 80 20 hvilket
190 697 25 20 de
235 697 74 20 hittills
329 697 88 25 nödgats
436 697 100 27 undvara,
557 703 49 14 vore
622 697 23 20 af
658 700 77 17 största
749 698 46 25 vigt
810 697 32 20 för

91 727 108 20 omordade
214 727 100 26 landsdel,
329 727 62 20 hvars
407 727 34 19 väl
457 727 51 19 eller
523 734 26 13 ve
564 727 31 20 för
610 727 110 20 framtiden
736 727 61 20 deraf
807 730 34 17 vä-

92 757 115 26 sendtligen
230 757 95 20 berodde.
356 756 43 20 Det
418 759 22 17 är
459 757 8 18 i
488 757 112 25 anledning
619 756 23 20 af
660 757 94 20 bemälda
778 759 65 18 mötes

92 787 100 26 uppdrag,
208 793 42 14 som
263 787 38 25 jag
315 793 29 13 nu
360 786 54 26 tagit
429 786 43 25 mig
487 786 90 20 friheten
587 787 86 25 utbedja
683 787 42 26 mig
735 786 109 26 Vällofliga

92 816 187 26 Borgareståndets
290 816 182 26 uppmärksamhet
483 815 32 20 för
526 816 158 26 ifrågavarande
694 817 83 26 förslag,
791 816 52 20 hvil-

92 847 37 20 ket
146 847 37 25 jag
201 846 52 20 dock
271 846 76 26 jemväl
365 845 32 20 för
416 853 52 18 egen
488 846 34 19 del
541 847 26 25 på
585 846 36 20 det
635 846 96 26 lifligaste
747 846 97 20 biträder.

94 877 42 24 Jag
151 877 77 25 hoppas
243 876 61 20 äfven
320 878 31 17 att
363 875 37 26 jag
415 876 47 19 icke
477 875 106 26 förgäfves
598 876 74 25 vädjar
690 877 30 19 till
736 875 109 26 Vällofliga

94 906 185 26 Borgareständets
296 906 98 25 upplysta
411 905 90 20 intresse
522 905 32 20 för
572 906 81 20 landets
674 906 104 20 förkofran
798 905 47 20 med

95 937 26 19 de
144 936 78 25 vigtiga
243 935 119 26 häfstänger
384 935 32 20 för
437 935 83 26 andligt
541 936 38 19 och
597 936 101 19 materielt
717 935 128 20 framätskri-

95 966 73 25 dande,
183 973 43 12 som
241 966 54 25 goda
310 965 200 20 kommunikationer
525 965 70 20 städse
610 969 80 23 utgöra,
709 966 26 19 dä
748 966 37 25 jag
800 965 47 20 här-

95 996 48 19 med
158 996 104 20 vördsamt
277 995 91 20 anhäller
384 995 36 20 det
435 995 111 26 Vällofliga
561 995 176 26 Borgareständet
752 995 48 20 ville
815 995 32 19 in-

95 1025 65 26 bjuda
178 1025 135 20 medständen
332 1028 31 17 att
381 1025 72 20 förena
469 1025 33 25 sig
518 1032 32 13 om
566 1032 25 13 en
607 1025 130 26 underdänig
752 1025 95 26 petition:

277 1069 29 18 att
330 1067 58 19 Hans
411 1067 113 25 Kejserliga
547 1067 93 24 Majestät
664 1067 70 20 täcktes
760 1067 8 19 i
783 1065 67 21 Näder

238 1097 41 19 icke
300 1097 47 19 blott
362 1097 42 19 låta
420 1097 88 19 anställa
524 1097 141 25 undersökning
681 1103 30 13 om
727 1096 122 25 lämpligaste

239 1127 135 24 sträckningen
396 1126 34 24 för
453 1133 23 12 en
496 1127 61 19 kanal
581 1127 56 24 ifrån
661 1127 82 24 Ladoga
766 1127 28 23 sjö
819 1125 32 19 till

239 1157 76 19 Finska
338 1157 62 24 viken,
421 1157 49 18 utan
491 1157 40 24 och,
551 1157 58 19 sedan
627 1157 63 19 denna
709 1155 142 24 undersökning

240 1188 30 23 egt
285 1193 44 12 rum
344 1187 51 19 samt
410 1186 169 25 kostnadsförslag
590 1187 58 24 jemte
659 1193 65 13 annan
735 1184 116 26 erforderlig

240 1216 103 25 utredning
358 1216 138 25 åvägabragts,
512 1216 101 25 förelägga
628 1216 75 20 landets
718 1215 83 20 Ständer
817 1214 34 19 nå-

241 1245 33 26 dig
289 1246 119 25 proposition
424 1252 30 13 om
471 1246 83 19 arbetets
569 1246 110 24 utförande.

172 1300 184 24 Helsingfors,
372 1299 35 19 den
423 1299 31 20 27
470 1300 91 19 Januari
576 1300 64 19 1885.

530 1363 54 22 Karl
599 1363 63 22 Ferd.
677 1362 104 29 Ignatius.

171 1484 193 26 Jernvägsutskottets
380 1484 120 20 betänkande
515 1484 39 20 N:o
571 1485 18 18 3.
