1061 1717
225 103 374 25 Petitionsbetänkande
614 103 56 23 N:o
686 102 44 24 21.

322 360 144 23 Allmänna
489 359 252 24 Besvärsutskottets
763 358 94 23 betän-

285 396 90 23 kande
398 403 33 16 n:o
456 396 26 23 17
506 396 47 23 med
576 396 116 28 anledning
712 395 26 23 af
757 395 30 22 ett
802 394 55 22 inom

285 432 156 23 Bondeständet
468 433 65 22 väckt
556 432 182 30 petitionsförslag
761 438 32 16 om
816 430 41 23 för-

287 469 93 28 ändring
400 469 26 22 af
442 470 13 28 $
473 469 9 22 1
500 475 58 17 mom.
575 469 13 22 2
604 469 7 22 i
627 468 122 30 Kejserliga
768 466 88 23 Förord-

285 505 79 28 ningen
386 505 25 22 af
434 505 40 22 den
496 505 28 22 22
543 505 103 22 Februari
672 504 56 23 1869
747 502 111 30 angäende

286 541 161 29 kronobetjente
462 541 40 23 och
518 541 62 23 deras
590 541 99 23 biträden
698 538 161 25 tillkommande

286 577 77 23 arvode
382 577 34 22 för
436 577 121 29 utmätning
578 577 38 23 och
638 577 129 29 försäljning
783 575 25 23 af
821 575 38 23 lös-

287 613 107 29 egendom.

180 673 82 23 Genom
279 675 203 27 protokollsutdrag
498 674 24 22 af
536 675 41 21 den
594 675 27 21 31
638 674 91 21 Januari
747 673 56 23 1885
820 673 39 21 har

107 711 164 21 Bondeständet
287 711 34 21 till
337 711 110 21 allmänna
462 711 211 22 besvärsutskottets
684 710 132 27 behandling
827 715 33 16 re-

107 746 99 23 mitterat
221 746 96 28 följande
334 747 229 27 petitionsmemoria]:

290 813 46 16 Till
348 813 144 17 Hedervärda
505 812 170 18 Bondeständet.

179 860 35 17 Vid
228 861 45 16 1882
287 861 28 16 ärs
328 861 88 21 landtdag
429 861 47 17 hade
486 861 34 21 jag
533 861 34 17 den
580 862 42 15 äran
636 862 26 15 att
675 861 6 16 i
690 860 49 17 detta
748 859 53 18 ständ
809 859 53 17 fram-

106 891 72 16 komma
197 890 40 17 med
256 892 25 15 ett
300 891 153 22 petitionsförslag
470 891 93 22 angäende
579 891 34 17 den
629 890 105 21 ersättning,
747 895 37 11 som
797 889 64 17 krono-

107 920 69 22 betjent
191 920 33 17 och
243 920 45 17 hans
308 920 82 17 biträden
409 925 34 17 ega
456 922 27 15 att
496 921 81 22 uppbära
590 921 30 16 vid
633 920 101 21 utmätning
747 919 33 18 och
793 919 69 21 försälj-

105 951 45 20 ning
165 949 21 17 af
202 949 115 22 lösegendom
336 950 29 17 till
385 950 90 21 gäldande
495 950 20 17 af
537 950 91 17 enskildes
641 949 106 22 fordringar,
761 949 68 22 gående
843 950 20 15 ut

109 979 56 22 därpä
183 981 26 16 att
228 979 126 22 kronobetjent
367 979 55 22 jemte
435 980 45 17 hans
493 980 84 17 biträden
590 979 44 17 fram
646 979 31 17 till
690 978 173 22 utmätningsstället

109 1009 60 18 skulle
188 1009 18 17 få
222 1010 59 17 räkna
296 1009 30 17 till
339 1009 47 22 godo
399 1010 160 22 skjutspenningar
572 1010 27 17 för
612 1015 22 11 en
647 1009 40 17 häst
700 1011 45 15 samt
759 1009 103 21 dagtrakta-

110 1041 58 16 mente
181 1040 6 16 i
200 1039 81 22 enlighet
294 1040 39 17 med
346 1039 70 22 Nädiga
429 1040 163 21 Resereglementet
604 1040 63 17 endast
676 1039 27 17 för
712 1039 34 17 den
756 1039 108 22 vägsträcka

109 1075 38 12 som
162 1069 120 22 öfverskjuter
299 1069 21 17 de
333 1069 55 18 första
401 1069 61 18 femtio
475 1072 71 15 versten
559 1070 39 17 frän
611 1070 44 17 hans
668 1069 77 18 hemvist
758 1069 30 17 till
801 1069 63 16 utmät-

110 1099 109 22 ningstället.
245 1100 38 16 Min
302 1100 75 21 petition
396 1105 48 12 vann
464 1100 23 17 dä
506 1100 79 17 ständets
604 1099 92 22 enhälliga
715 1099 98 17 understöd
831 1099 33 16 och

111 1129 60 17 skulle
190 1129 104 22 säkerligen
312 1130 55 16 också
386 1129 74 18 erhållit
478 1130 98 17 ntskottets
595 1129 64 21 förord,
676 1135 28 12 om
719 1130 41 16 icke
773 1129 92 17 allmänna

110 1159 167 21 besvärsutskottet,
295 1160 30 17 till
345 1160 71 17 hvilket
435 1161 99 21 petitionen
555 1160 23 17 då
597 1159 126 21 remitterades,
743 1159 76 22 nödgats
838 1159 27 16 att

111 1190 6 15 i
131 1189 46 22 följd
189 1189 20 17 af
220 1189 30 17 det
263 1190 72 21 mycket
348 1190 68 17 arbetet
430 1190 33 17 och
475 1190 60 17 tidens
548 1190 72 17 korthet
633 1190 59 17 lämna
701 1189 34 17 den
744 1187 121 19 obehandlad.

182 1225 101 22 Kejserliga
299 1225 127 22 förordningen
445 1225 20 18 af
480 1225 35 18 den
531 1227 22 16 22
567 1226 85 17 Februari
666 1226 45 17 1869
724 1224 93 23 angående
831 1223 34 18 den

111 1255 103 22 ersättning,
235 1260 37 12 som
288 1255 126 22 kronobetjent
429 1256 33 17 och
479 1255 41 18 dess
536 1256 70 17 biträde
619 1257 35 20 äga
666 1257 27 15 att
705 1255 82 22 uppbära
799 1254 28 17 för
840 1255 25 15 ut-

112 1285 81 22 mätning
205 1285 33 17 och
251 1285 107 22 försäljning
371 1285 21 18 af
402 1285 120 23 lösegendom,
536 1286 32 17 har
581 1285 78 22 följande
672 1285 77 22 lydelse:

183 1321 77 17 Moment
276 1322 16 15 1.
317 1321 35 17 Vid
368 1322 100 21 utmätning
484 1321 31 17 till
528 1321 90 22 gäldande
631 1321 20 17 af
662 1320 91 18 enskildes
766 1320 102 21 fordringar

114 1355 41 17 eger
167 1350 126 22 kronobetjänt
306 1351 6 16 i
325 1351 66 17 arvode
404 1351 26 17 för
440 1352 28 21 sig
477 1351 33 17 och
520 1351 63 17 dervid
591 1350 105 22 begagnade
704 1350 89 20 biträden,
802 1348 66 17 hvilka

115 1380 23 17 då
156 1380 52 17 skola
224 1380 20 17 af
255 1380 64 17 honom
332 1380 72 22 aflönas,
418 1381 81 17 beräkna
512 1382 6 16 i
532 1382 25 16 ett
569 1380 27 17 för
609 1380 31 21 alt,
654 1380 26 16 för
693 1379 87 17 kvarstad
793 1380 10 16 &
816 1383 52 17 egen-

114 1410 41 17 dom
173 1411 38 16 åtta
229 1410 52 16 mark
300 1410 33 17 och
352 1410 40 18 lika
406 1411 72 21 mycket
495 1410 28 17 för
535 1411 110 17 densammas
658 1410 112 21 försäljning,
784 1410 19 16 så
816 1408 53 17 framt

114 1440 30 17 det
163 1440 58 21 ställe,
237 1440 73 17 hvarest
325 1441 124 21 utmätningen
466 1440 90 22 förrättas,
569 1442 20 15 är
601 1440 72 22 beläget
686 1440 47 17 inom
747 1439 60 17 femtio
820 1439 49 16 verst

114 1469 39 17 från
167 1470 44 17 hans
223 1469 82 18 hemvist.

182 1506 107 20 Allmänna
305 1506 185 21 Besvärsutskottets
506 1506 125 21 Betänkande
647 1506 38 20 N:o
701 1505 32 20 17.
