1061 1717
811 94 13 22 5

99 152 34 20 att
149 151 66 26 sagda
230 150 79 22 bibana
330 150 112 22 allaredan
465 158 50 14 vore
530 152 68 20 under
613 151 106 27 byggnad,
737 151 40 22 har
791 150 61 22 Hans

101 184 124 28 Kejserliga
239 185 102 27 Majestät
356 185 7 21 i
378 185 66 27 nådig
459 186 134 26 proposition
608 185 34 21 till
657 185 60 22 Wårt
727 185 124 27 antagande

101 218 141 22 öfverlemnat
263 218 81 28 förslag
366 220 74 20 derom
462 222 33 18 att
510 220 95 22 nämnda
621 220 81 22 bibana
716 220 67 22 måtte
799 219 9 23 i
821 218 33 25 af-

99 254 81 20 seende
196 254 13 20 å
223 253 138 27 förvaltning,
376 253 115 22 underhåll
506 254 39 21 och
559 254 160 22 inkomsternas
733 253 122 27 fördelning

101 286 119 22 införlifvas
230 288 48 20 med
290 282 132 37 Helsingfors
439 288 198 21 —Tavastehus—St
650 288 129 26 Petersburg
792 288 59 26 jern-

101 322 52 26 väg;
169 322 40 20 och
219 321 64 22 hafva
295 321 33 21 Wi
339 322 6 20 i
355 322 135 27 underdänig
500 322 171 22 svarsskrifvelse
682 322 24 21 af
714 322 42 21 den
769 322 26 21 13
806 322 47 20 sist-

101 355 60 22 lidne
175 356 60 28 April
249 356 82 21 anmält
341 358 32 19 att
385 356 33 21 Wi
428 356 96 27 godkänt
535 358 42 20 den
588 357 80 27 nädiga
683 356 168 28 propositionen.

456 416 10 25 $
482 415 20 21 8.

171 460 38 21 Ett
223 459 25 22 af
261 459 60 22 Hans
339 459 119 28 Kejserliga
475 460 102 27 Majestät
592 460 32 21 uti
639 460 65 27 nådig
720 459 134 28 proposition

100 495 43 20 'Oss
158 493 107 28 förelagdt
280 494 80 27 förslag
375 494 33 21 till
418 494 132 27 förordning,
562 495 112 26 angående
685 494 120 27 krigsmans
816 493 37 28 by-

102 529 96 26 sättning
213 528 40 21 och
266 528 133 22 förrättande
414 528 25 23 af
452 529 87 21 ådömdt
554 529 75 21 arbete
644 528 33 21 för
692 528 125 27 aftjenande
833 528 24 21 af

101 563 59 28 gäld,
176 563 65 21 hafva
256 563 34 20 Wi
305 563 83 26 antagit
402 563 50 21 med
468 564 26 20 de
505 563 123 28 ändringar,
636 562 74 22 hvilka
719 563 71 20 finnas
801 569 54 20 upp-

102 600 69 25 tagna
185 597 8 21 i
208 597 60 21 Wårt
291 598 42 20 den
350 598 25 21 16
391 597 115 27 nyssvikne
528 597 61 27 April
608 597 81 21 aflåtna
706 597 149 26 underdåniga

103 639 51 15 svar
169 633 13 20 å
196 633 67 26 sagda
278 631 79 27 nådiga
372 631 142 28 proposition.

460 690 9 25 8
486 690 20 21 9.

174 735 61 21 Efter
250 736 35 20 det
302 734 33 21 Wi
351 735 24 21 af
387 735 60 21 Hans
463 735 119 27 Kejserliga
593 734 91 28 Majesät
694 734 42 21 fätt
747 735 110 26 emottaga

106 770 65 27 nädig
193 769 140 28 proposition,
356 770 113 26 angäende
493 769 67 27 nägra
582 769 107 20 särskilda
708 769 46 26 slag
770 768 24 21 af
807 775 49 20 ego-

106 804 114 28 styckning
235 803 40 21 och
288 803 183 27 jordafsöndring,
488 803 66 22 hafva
570 803 33 21 Wi
617 803 33 21 för
666 803 50 20 Wär
727 803 35 20 del
772 802 85 27 antagit

106 839 68 21 sådan
192 837 123 27 förordning
329 837 8 21 i
352 838 78 25 ämnet,
446 844 46 14 som
508 837 68 21 finnes
591 837 163 27 intagen
687 832 12 36 i
711 832 33 36 Wär
764 836 33 21 till
808 843 49 15 svar

106 875 14 20 å
136 873 93 21 nämnda
245 871 132 28 proposition
398 873 41 20 den
455 872 26 21 27
498 871 96 22 sistlidne
609 871 61 28 April
685 871 82 21 aflätna
781 871 78 21 under-

104 907 83 27 däniga
201 906 116 25 skrifvelse,
333 905 119 28 hvarjemte
464 905 34 22 Wi
511 905 71 22 tillika
591 905 108 22 framstält
709 905 150 27 underdäniga

105 940 164 27 Onskningsmäl
295 941 111 26 angående
432 940 69 27 några
526 940 89 21 härmed
641 939 213 27 sammanhängande

106 976 80 27 frågor.

458 1015 10 25 8
486 1014 32 21 10.

178 1056 71 21 Sedan
272 1054 60 21 Hans
354 1053 120 28 Kejserliga
497 1053 101 28 Majestät
613 1053 32 21 till
662 1053 59 21 Wårt
737 1053 124 27 antagande

107 1090 143 21 öfverlemnat
265 1089 65 26 nådig
345 1088 141 27 proposition,
503 1088 112 27 angående
630 1087 77 21 förbud
721 1089 46 19 mot
777 1087 83 27 hingst-

107 1125 42 21 föls
165 1124 144 27 utsläppande
324 1123 13 21 å
351 1129 125 20 gemensam
498 1121 128 26 betesmark,
645 1121 64 22 hafva
724 1121 35 21 Wi
774 1121 32 21 uti
822 1127 38 14 un-

108 1158 105 27 derdånig
236 1157 110 22 skrifvelse
368 1156 24 21 af
412 1157 42 20 den
470 1157 13 21 2
499 1157 145 21 innevarande
660 1156 42 27 Maj
721 1155 90 27 anmält,
828 1157 31 19 att

111 1193 33 20 Wi
166 1192 47 21 icke
235 1191 71 22 funnit
329 1191 35 21 det
379 1191 7 20 i
402 1191 41 20 den
466 1191 80 26 nådiga
561 1190 160 28 propositionen
738 1189 123 28 föreslagna

107 1227 167 26 lagstadgandet
296 1227 108 19 motsvara
428 1225 36 20 det
487 1225 96 27 åsyftade
606 1224 130 25 ändamålet,
758 1226 56 19 samt
829 1225 32 20 att

111 1261 33 21 Wi
159 1259 133 23 fördenskull
306 1259 33 22 för
354 1259 51 21 Wår
421 1259 35 21 del
471 1259 84 27 antagit
570 1259 68 21 sådan
653 1258 126 27 förordning
795 1258 6 20 i
817 1259 44 20 äm-

109 1297 45 24 net,
169 1302 46 14 som
229 1296 24 20 är
267 1294 72 21 införd
359 1294 2 20 i
377 1293 61 21 Wårt
454 1293 122 27 åberopade
587 1293 148 27 underdåniga
747 1292 113 22 svarsbref.

459 1348 10 24 8
487 1346 32 20 11.

180 1386 59 22 Hans
255 1385 119 28 Kejserliga
384 1384 113 28 Majestäts
509 1385 80 27 nädiga
600 1384 139 28 proposition,
752 1383 112 27 angäende
