1061 1717
323 72 238 23 Petitionsbetänkande
575 72 37 23 N:o
626 72 22 22 4.
831 74 27 21 11

107 140 67 26 något
189 138 102 23 afseende
306 138 111 22 bekräftas
433 138 24 22 af
470 138 216 22 förhandenvarande
701 138 158 28 förhållanden,

112 174 70 22 skulle
197 176 106 20 motsätta
318 174 34 28 sig
367 174 152 28 förläggandet
533 174 24 22 af
571 176 32 20 ett
618 174 158 28 finskspråkigt
790 174 71 22 landt-

111 210 156 22 bruksinstitut
282 210 35 22 till
333 217 26 15 en
374 210 66 28 plats,
456 210 34 22 för
504 210 88 22 hvilken
608 211 44 21 alla
667 210 70 28 öfriga
753 210 47 22 skäl
811 210 49 22 obe-

106 246 96 28 stridligt
217 246 52 22 tala.

175 282 32 22 På
222 282 71 28 grund
309 282 23 22 af
345 282 32 22 alt
396 282 61 22 detta
472 282 41 22 och
528 283 50 21 med
593 282 83 28 hänsyn
692 282 34 22 till
741 282 57 22 hvad
813 288 46 16 som

111 318 67 22 redan
194 319 28 26 på
237 318 229 22 landtbrukaremötet
482 318 57 22 1883
556 318 7 21 i
579 318 75 28 frågan
670 320 87 25 yttrats,
773 318 40 22 har
828 319 35 20 ut-

109 354 82 22 skottet
207 356 52 19 äran
275 354 80 22 föreslå

286 390 31 21 att
335 388 127 23 Ständerna
479 389 51 22 ville
545 389 53 28 ingå
614 388 34 22 till
663 388 65 22 Hans
739 388 124 29 Kejserliga

252 424 104 29 Majestät
373 425 48 22 med
436 425 141 28 underdånig
588 424 107 23 anhållan
705 424 72 22 derom
787 426 32 20 att
828 424 37 22 vid

251 461 64 28 högre
332 461 143 28 afdelningen
492 461 30 28 af
528 460 108 23 Mustiala
647 460 215 23 landtbruksinstitut

255 497 159 28 ofördröjligen
440 504 26 15 en
489 497 147 28 finskspråkig
655 496 208 29 parallelafdelning

251 532 66 28 blefve
331 533 105 22 inrättad.

176 634 145 27 Helsingfors,
337 634 23 22 af
374 635 116 22 Allmänna
506 635 203 22 Besvärsutskottet
724 636 42 21 den
777 635 28 22 25
816 635 40 21 Fe-

108 671 73 21 bruari
197 670 64 22 1885.

177 706 10 21 I
207 707 102 21 ärendets
328 705 132 28 behandling
475 707 64 22 hafva
555 707 101 27 deltagit:
672 707 120 21 utskottets
808 706 48 21 ord-

108 742 89 22 förande
218 742 20 21 J.
260 741 26 22 G.
303 741 88 28 Geitlin,
408 744 57 20 samt
480 742 120 23 ledamöter
616 742 24 22 af
653 742 110 27 Schultén,
778 742 29 21 M.
823 741 34 27 V.,

108 777 142 28 Gripenberg,
273 778 33 27 A.,
329 784 41 15 von
393 778 123 28 Rehausen,
538 779 100 27 Ramsay,
660 779 32 26 A.,
711 777 146 27 Westerlund,

107 814 116 27 Perander,
247 813 131 28 Calamnius,
400 809 94 32 Öhberg,
515 814 109 27 Sundvall,
645 814 118 27 Nordman,
780 813 76 22 Söder-

109 851 75 26 ström,
200 849 97 28 Avellan,
314 849 90 28 Ojanen,
419 850 83 27 Pöysti,
517 850 143 27 Hasselqvist.

188 1467 106 20 Allmänna
310 1468 183 19 Besvärsutskottets
508 1468 116 19 betänkande
640 1468 36 19 N:o
692 1468 17 19 3.
