1061 1717
246 120 13 19 8
417 118 247 22 Petitionsbetänkande
678 118 38 22 N:o
731 117 37 23 40.

217 182 86 28 förfoga
318 183 60 23 öfver
393 183 116 28 arfvejord,
526 183 66 22 äfven
606 183 211 28 inskränkningarne
826 183 32 21 uti
867 182 105 28 rättighe-

217 219 37 20 ten
276 219 34 20 att
332 218 90 28 försälja
440 218 50 22 ärfd
504 218 169 27 landsfastighet
686 218 53 22 böra
753 217 127 28 upphäfvas,
895 217 77 23 sävida

216 258 51 15 man
288 252 49 22 icke
358 252 39 23 vill
418 253 114 21 utsträcka
554 252 137 22 bördsrätten
711 252 64 22 äfven
790 252 34 22 till
839 252 37 22 det
890 252 39 22 fall
944 252 28 22 dä

217 286 110 28 arfvejord
341 293 77 21 genom
433 287 68 27 gäfva
516 287 52 22 eller
583 288 128 21 testamente
725 286 126 28 bortgifves.

285 321 34 21 En
338 321 42 22 slik
399 322 131 28 utvidgning
543 321 24 22 af
580 321 144 28 bördsrätten,
740 328 45 16 som
799 321 128 22 förutsätter
941 321 31 22 in-

217 355 99 22 förandet
335 355 25 22 af
376 362 44 21 nya
434 356 162 27 bestämningar
611 356 14 21 å
640 356 63 22 detta
717 356 6 21 i
741 356 48 22 dess
804 356 73 22 helhet
891 356 24 22 sä
931 355 41 22 för-

217 389 90 23 åldrade
327 390 247 28 lagstiftningsomräde,
595 390 45 22 kan
662 390 48 22 icke
725 390 74 28 undgå
813 392 34 20 att
861 390 61 28 gifva
936 396 36 16 an-

216 423 90 29 ledning
317 424 36 22 till
368 430 27 17 en
409 425 80 28 mängd
504 424 90 29 obilliga
604 425 44 22 och
662 425 108 22 svärlösta
783 424 189 29 rättegångar,
945 419 30 38 då

216 459 74 27 någon
311 459 65 22 säker
393 459 75 28 grund
489 459 35 22 för
546 459 171 22 bestämmandet
738 459 26 22 af
778 459 194 28 bördeskillingens

216 493 78 27 belopp
313 493 8 22 i
335 493 66 22 :detta
419 493 40 22 fall
471 493 51 22 icke
538 493 116 23 förefinnes
668 493 70 22 såsom
753 493 37 22 vid
804 493 65 28 fråga
883 499 33 16 om
928 493 44 22 för-

217 527 49 22 sälä
281 527 116 28 arfvejord.

286 562 59 21 Utan
367 564 34 20 att
416 562 8 22 i
447 562 41 23 den
503 563 63 27 ringa
581 562 136 28 omfattning,
733 562 88 22 hvartill
835 562 137 22 bördsrätten

217 602 77 21 genom
312 597 62 27 %Kejs.
394 597 158 28 förordningen
575 597 25 22 af
613 597 45 22 den
674 599 27 19 29
717 597 52 21 Juni
782 598 57 20 1878
852 596 76 23 blifvit
941 596 31 22 in-

217 631 97 27 skränkt,
336 631 76 22 vidare
434 631 68 23 hafva
524 632 72 27 nägon
618 631 97 28 egentlig
736 631 100 28 praktisk
855 631 115 28 betydelse,

217 664 126 23 förorsakar
364 665 137 22 'bördsrätten
524 666 55 21 dock
598 672 26 15 en
638 665 35 22 för
684 665 140 28 jordbrukets
839 665 86 22 ostörda
940 668 32 19 ut-

217 698 102 29 veckling
334 700 68 27 högst
416 700 85 28 :menlig
520 700 114 22 osäkerhet
648 699 8 22 i
671 700 163 27 eganderätten.
864 701 28 21 Sä
904 701 68 27 länge

217 733 126 22 bördstalan
365 737 57 19 ännu
446 737 24 20 är
492 737 69 25 öppen
583 735 69 21 måste
674 734 109 28 nämligen
797 735 96 27 köparen
908 735 25 21 af
944 741 28 16 en

217 768 54 22 börd
294 769 147 22 underkastad
462 769 153 28 jordlägenhet
634 775 71 22 rygga
718 769 93 22 tillbaka
822 769 39 22 för
875 770 33 21 att
922 769 50 22 ned-

217 802 68 28 lägga
300 803 75 22 arbete
384 803 44 22 och
440 803 88 28 kapital
539 804 32 27 :pä
587 810 27 15 en
626 803 56 28 jord,
698 809 45 16 som
757 804 43 21 han
812 803 51 22 icke
873 805 25 20 är
907 804 65 22 säker

218 843 33 16 om
274 839 33 20 att
325 837 28 22 få
371 838 93 28 behålla,
481 839 45 25 och,
541 838 8 21 i
564 838 39 22 fall
618 838 125 22 bördstalan
755 838 88 26 väokes,
857 838 57 22 skall
928 838 43 21 han

218 872 127 27 antagligen
359 873 103 27 begagna
476 873 41 22 den
532 872 138 23 återstående
685 872 192 28 besittningstiden
890 872 34 22 för
939 873 44 20 att

217 905 35 22 till
267 906 139 29 oberäknelig
420 907 70 22 skada
500 907 38 22 för
552 907 79 28 sjelfva
643 907 83 28 jorden,
738 907 156 22 af.densamma
903 906 69 28 draga

219 939 42 23 den
275 942 81 21 största
370 941 90 28 möjliga
470 941 69 23 vinst.

285 975 46 22 För
346 975 163 23 bibehällandet
523 975 24 22 af
561 976 137 22 bördsrätten
713 976 40 21 har
767 981 49 16 man
831 975 47 22 icke
886 975 88 22 'kunnat

219 1009 94 27 åberopa
333 1011 69 20 annat
420 1011 50 21 stöd
485 1013 28 19 än
528 1011 41 21 den
584 1011 76 21 kärlek
675 1010 34 22 till
720 1010 125 22 förfädrens
857 1010 55 27 jord,
924 1016 49 15 som

218 1045 59 20 ännu
293 1043 75 23 skulle
389 1044 104 23 fortlefva
515 1045 38 22 hos
575 1045 41 22 den
635 1044 162 28 jordbrukande
814 1044 158 27 befolkningen.

218 1077 51 22 Med
291 1078 29 21 all
335 1079 99 28 :aktning
449 1079 39 22 :för
503 1079 71 22 denna
588 1079 82 28 känsla,
686 1079 71 27 vågar
768 1079 41 28 jag
823 1079 54 21 dock
891 1080 33 20 tro
939 1079 35 21 att

219 1111 62 22 detta
299 1112 50 22 skäl
367 1115 84 20 ensamt
465 1113 35 22 för
509 1113 39 28 sig
562 1113 49 22 icke
625 1115 25 20 är
664 1113 117 28 tillräkligt
795 1112 34 23 för
843 1113 131 22 bibehällan-

220 1145 37 22 det
271 1146 61 23 af:en
342 1148 25 21 sä
378 1147 110 28 onaturlig
497 1147 158 28 inskränkning
664 1147 8 22 i
682 1147 157 28 eganderätten
848 1153 45 16 som
902 1147 73 22 börds-

218 1181 80 21 rätten.
327 1181 51 22 Men
400 1181 151 23 erfarenheten
572 1182 149 27 ädagalägger
733 1181 111 28 :derjemte
859 1183 33 20 att
905 1181 70 22 :kärle.

217 1215 44 22 ken
271 1215 40 22 :till
325 1215 179 24 fädernetorfvan
519 1217 48 22 icke
578 1217 72 22 sällan
660 1217 82 22 härvid
756 1216 35 22 får
803 1217 60 27 tjena
873 1216 33 22 till
916 1216 59 22 täck-

217 1250 82 21 mantel
314 1250 35 22 för
363 1251 143 28 -egennyttiga
517 1251 111 28 -syftemäl.

282 1285 37 21 "På
334 1285 44 22 alla
392 1285 65 23 dessa
472 1286 48 22 skäl
535 1286 39 22 och
590 1286 28 22 dä
630 1286 41 28 jag
686 1285 7 23 i
709 1285 67 29 öfrigt
786 1285 146 28 förenar:mig
942 1292 33 15 om

216 1319 119 22 utskottets
351 1319 83 29 förslag
449 1320 84 23 tilläter
545 1321 41 27 jag
600 1321 44 27 mig
654 1321 115 23 vördsamt
783 1320 89 22 föreslä:

347 1391 39 19 Gt
401 1389 83 22 lumets
494 1390 125 27 Eögiojiiga
628 1389 100 23 Ständer
735 1390 53 21 ville
796 1389 45 22 'hos
850 1389 64 21 'Hans
921 1390 55 26 Koj-

320 1423 77 27 serliga
419 1423 105 28 Majestät
545 1424 9 21 i
575 1424 168 27 unterdänighet
761 1423 86 22 anhälla
862 1425 33 21 att
905 1423 71 27 nådig

285 1461 140 23 Lagutskottets
438 1462 117 18 betänkande
567 1463 37 17 N:o
616 1464 27 16 14.
