1061 1717
172 160 49 24 Lag-
239 159 36 19 och
289 158 205 19 Ekonomiutskottets
506 158 128 21 betänkande,
647 158 35 18 N:o
695 158 28 22 11,
734 157 7 18 i
753 163 32 11 an-

104 188 81 24 ledning
202 189 23 18 af
241 189 27 17 ett
284 187 30 18 till
326 187 148 18 Bondeståndet
493 187 108 18 inlemnadt
618 186 169 24 petitionsförslag

105 222 31 12 om
148 217 107 23 stadgande
266 216 23 18 af
297 215 114 25 skyldighet
417 215 33 19 för
460 216 76 18 kronan
542 216 29 17 att
577 215 32 18 för
617 215 43 18 sina
668 215 71 23 skogar
747 215 40 17 del-

104 247 45 22 taga
167 246 7 18 i
190 248 69 21 vägars
277 244 37 18 och
332 245 67 17 broars
418 245 104 23 byggande
541 244 35 19 och
594 244 154 18 underhållande
738 282 5 5 o
762 244 25 42 på

105 275 66 17 låndelk
190 284 26 4 ++
235 283 4 5 +
258 283 4 4 <
285 283 115 5 senta
418 283 4 5 +
442 283 4 5 $
465 283 4 4 8
488 283 4 5 e
502 265 36 33 lanta
552 265 31 33 jaa
602 283 4 4 a
625 282 27 5 RR
784 282 5 4 E

173 303 48 23 Lag-
240 302 36 18 och
293 302 195 18 Ekonomiutkottets
502 302 127 23 betänkande,
647 302 36 18 N:o
696 302 27 22 12,
735 302 7 18 i
754 308 33 12 an-

105 332 81 22 ledning
197 331 22 18 af
229 332 28 16 ett
268 331 32 17 till
311 331 149 18 Bondeständet
478 330 85 24 ingifvet
575 331 168 23 petitionsförslag
755 336 33 12 an-

105 360 74 23 gående
192 360 138 23 medgifvande
337 360 21 18 af
363 360 96 23 utvidgad
471 361 39 17 rätt
516 360 32 18 till
554 359 102 19 budkafies
662 360 126 18 utsändande.

241 388 95 21 Finlands
349 388 93 18 Ständers
454 388 137 24 underdäniga
602 388 88 24 petition.

173 417 105 18 Allmänna
295 417 187 19 besvärsutskottets
499 418 129 23 betänkande,
646 417 36 18 N:o
701 417 27 24 33,
740 418 45 17 med

105 446 106 23 anledning
228 446 23 18 af
264 447 28 17 ett
303 446 54 18 inom
368 446 169 23 Borgareständet
549 446 59 19 väckt
620 446 169 24 petiiionsförslag

107 481 31 12 om
155 475 91 18 befrielse
263 475 32 18 för
313 475 196 18 stadskommunerna
524 475 45 18 från
586 476 28 17 att
626 475 109 24 ombesörja
747 475 43 18 kro-

107 509 49 12 nans
173 504 88 23 uppbörd
279 505 50 16 samt
346 504 118 18 underhälla
480 504 24 18 de
514 504 94 23 judiciela
619 504 172 23 myndigheterna,

107 538 42 12 som
161 532 68 19 utöfva
241 533 94 17 domsrätt
347 533 54 18 inom
413 533 58 18 deras
484 533 93 18 områden
601 543 27 4 +»
646 542 4 5 +
669 543 4 3 =
692 542 4 4 <
715 543 73 4 ---

243 561 189 18 Storfurstendömet
447 561 96 18 Finlands
556 562 93 18 Ständers
667 562 68 23 beslut,
755 562 36 17 fat-

209 590 42 18 tadt
263 590 37 18 och
312 590 64 23 gifvet
388 590 12 18 &
411 590 83 23 lagtima
506 590 118 23 landtdagen
641 590 6 17 i
660 590 130 24 Helsingfors,

209 619 38 18 den
259 619 23 17 23
294 619 39 24 Maj
346 619 51 18 1885.

243 647 98 24 Register.

244 677 88 17 Rättelse
344 677 22 18 af
376 677 92 23 tryckfel.

793 96 36 18 VH

823 532 34 20 56.
