1061 1717
210 107 13 21 2
409 106 239 24 Petitionsbetänkande
664 107 36 23 N:o
716 106 35 23 31.

209 173 101 27 läroverk,
325 174 140 20 understödde
483 174 63 20 likväl
562 176 27 25 på
604 174 88 20 nämnde
703 174 100 25 landtdag
813 176 75 18 tvenne
899 174 61 20 stånd

210 214 28 3 —
254 203 36 20 det
304 203 116 26 Höglofliga
435 204 154 26 Ridderskapet
604 205 38 19 och
658 204 67 20 Adeln
741 204 105 20 äfvensom
862 204 34 20 det
911 204 49 25 hög-

209 232 86 26 vördiga
315 233 157 20 Prestaständet
491 246 30 2 —
540 234 8 19 i
568 234 71 26 början
663 234 90 19 nämnda
775 234 82 25 förslag.
888 234 71 20 Seder-

209 269 56 13 mera
280 262 67 20 förföll
362 262 36 21 det
413 263 53 19 dock
482 263 35 20 vid
531 263 91 21 försöket
633 266 31 18 att
674 264 140 25 ävägabringa
825 270 25 13 en
861 270 98 13 samman-

206 292 114 26 jemkning.
351 292 46 20 Den
419 295 57 17 stora
497 293 143 26 skolkomiten,
660 300 43 13 som
719 296 42 17 satt
776 294 50 19 ären
843 292 117 22 1879—80

209 322 106 20 äfvensom
330 322 206 26 skolöfverstyrelsen
552 322 32 21 för
600 323 128 20 sistnämnda
743 324 23 18 år
781 323 62 19 hafva
857 323 60 20 äfven
928 322 32 26 de,

209 352 7 18 i
231 352 66 20 likhet
317 352 46 20 med
380 352 56 22 1882
453 354 34 18 års
502 353 96 20 ständers
614 353 103 19 allmänna
731 353 172 26 besvärsutskott,
920 352 39 20 till-

210 381 70 26 styrkt
293 382 138 26 utvidgandet
446 382 24 20 af
483 383 94 19 Joensuu
592 382 68 20 finska
674 383 87 25 lyceum,
774 389 47 13 men
832 382 57 20 alltid
899 382 62 20 hafva

208 411 105 21 förhinder
336 414 65 24 yppat
424 412 37 26 sig,
481 412 112 27 förhinder,
614 412 71 21 hvilka
705 412 32 20 till
753 412 31 20 sin
800 415 61 17 natur
877 415 35 16 äro
927 412 31 19 för

209 441 136 20 allmänheten
360 441 126 26 fullkomligt
502 443 107 19 obekanta.

281 472 48 19 Men
349 472 37 19 här
406 475 23 17 är
450 475 30 17 ett
500 473 155 25 önskningsmål
671 473 7 18 i
694 472 63 25 fråga,
775 473 22 19 så
812 472 60 26 klart,
888 473 22 18 så
925 472 33 19 be-

209 501 106 26 rättigadt,
338 504 30 17 att
391 501 36 21 det
450 502 18 25 ej
489 502 41 19 kan
551 502 78 20 lemnas
650 505 50 17 utan
721 502 102 25 afseende,
840 501 69 20 förrän
925 501 35 20 det

209 530 109 27 uppfylles.
349 531 94 20 Joensuu
462 532 80 25 lyceum
557 532 39 19 har
611 532 67 19 under
693 534 76 18 tvenne
785 531 117 20 årtiondens
918 531 41 20 för-

209 561 48 25 lopp
280 561 45 20 haft
344 563 31 18 att
394 561 70 26 glädja
484 562 32 25 sig
532 563 21 18 åt
569 564 30 18 ett
614 562 73 19 talrikt
702 562 107 25 elevantal,
825 561 84 25 hvilket,
924 561 34 19 be-

209 590 90 20 räknadt
319 591 6 19 i
347 591 100 26 medeltal,
469 591 53 20 varit
543 591 6 19 i
565 591 70 26 regeln
652 594 65 17 större
734 595 26 16 än
776 591 7 20 i
798 592 75 24 många
888 591 68 24 andra,

209 619 135 27 fullständiga
366 621 74 26 lyceer,
464 622 67 19 såsom
554 621 88 20 officiela
662 621 116 20 statistiska
799 620 104 27 uppgifter
918 621 42 19 till-

209 649 89 26 räckligt
313 650 99 27 bekräfta,
429 651 39 19 och
483 651 41 19 kan
539 657 48 13 man
602 651 130 25 följaktligen
747 651 46 20 icke
808 651 59 25 neka,
884 653 30 17 att
924 650 35 20 det

209 682 23 17 är
247 679 46 20 med
309 680 45 19 skäl
370 687 42 13 som
428 680 168 21 Nord-Karelens
611 681 99 20 invånare
725 681 93 25 ständigt
831 681 53 25 ånyo
899 680 60 19 fram-

209 709 61 20 ställa
290 710 32 19 sin
342 709 89 21 fordran.
462 710 42 20 Det
525 713 23 16 är
563 711 41 19 min
620 710 56 20 fasta
692 711 38 19 och
745 710 108 25 orubbliga
868 709 90 26 öfverty-

209 739 62 26 gelse,
288 742 30 17 att
333 739 55 20 mina
403 740 37 19 ord
456 740 18 25 ej
492 740 57 19 skola
562 740 104 25 förklinga
676 740 7 19 i
694 740 35 20 det
740 740 127 25 högvördiga
877 740 80 19 Presta-

209 769 94 20 ståndets
323 769 167 27 diskussionssal,
506 770 38 19 och
559 770 47 20 med
622 770 48 19 fullt
685 769 117 20 förtroende
817 769 33 20 får
862 769 36 26 jag
914 769 44 20 här-

209 798 77 20 medels
302 799 54 20 sluta
372 799 56 20 detta
444 799 79 26 vigtiga
539 799 75 20 ärende
631 800 7 19 i
648 799 169 20 Prestaståndets
828 799 74 20 åtanka
913 799 46 20 med

209 829 90 24 begäran
319 831 32 17 att
370 829 46 19 mitt
436 829 177 26 petitionsförslag
629 831 65 18 måtte
710 831 67 18 såsom
792 829 166 20 Presteståndets

210 864 52 19 egen
273 858 85 25 petition
368 859 78 19 lemnas
456 859 32 19 till
498 859 110 20 Allmänna
615 859 204 20 Besvärsutskottets
827 859 132 25 granskning.

282 905 172 27 Helsingfors,
470 906 39 19 den
526 905 27 22 27
570 906 88 20 Januari
674 906 64 21 1885.

694 969 25 22 K.
735 969 24 22 E.
775 969 113 22 Järnefelt.

340 1113 55 19 Till
416 1113 148 25 välloflige
585 1113 246 26 Borgareståndet.

280 1166 48 20 Med
348 1173 78 12 samma
446 1167 42 24 mig
507 1167 44 20 blef
565 1167 120 25 anförtrodt,
702 1169 30 17 att
748 1167 31 19 uti
795 1166 67 20 denna
877 1166 79 25 lagstif-

209 1195 62 20 tande
289 1195 119 26 församling
424 1196 44 19 föra
484 1196 42 20 min
541 1196 107 20 kommuns
665 1197 38 19 och
718 1196 55 19 mina
789 1196 92 20 valmäns
896 1197 60 26 talan,

208 1225 103 20 uttalades
331 1225 32 20 för
378 1225 42 26 mig
436 1232 43 13 som
498 1228 30 17 ett
544 1226 60 20 deras
619 1226 66 19 första
700 1226 160 25 önskningsmål,
876 1228 30 17 att
922 1233 35 12 en-

208 1255 47 19 dast
276 1255 38 19 och
334 1255 87 20 allenast
441 1255 62 20 hafva
522 1255 146 21 fosterlandets
689 1262 152 19 gemensamma
855 1255 102 20 intressen

207 1285 31 19 till
259 1285 48 19 mitt
326 1285 128 25 ögnamärke.
487 1285 43 20 Och
551 1285 26 20 då
595 1285 61 20 äfven
672 1288 57 17 östra
744 1285 89 19 Finland
849 1285 45 19 med
910 1285 47 19 dess

206 1314 79 20 relatift
305 1314 76 20 talrika
401 1314 121 26 befolkning
543 1316 65 19 måste
630 1322 60 13 anses
706 1322 50 12 vara
771 1322 26 12 en
812 1314 145 26 integrerande

207 1344 33 20 del
261 1344 23 19 af
302 1345 46 19 vårt
368 1344 149 26 fädernesland,
533 1345 104 19 lemnades
653 1345 43 25 mig
711 1344 23 20 af
747 1344 55 20 mina
817 1344 80 20 valmän
914 1350 43 13 som

207 1376 30 18 ett
257 1374 60 20 deras
338 1374 65 19 andra
424 1374 161 27 önskningsmål,
605 1377 31 17 att
651 1374 55 20 inför
721 1374 68 20 denna
804 1374 97 25 upplysta
916 1373 40 19 för-

205 1403 90 25 samling
314 1403 122 26 ytterligare
451 1403 112 27 framhålla,
579 1404 35 20 det
628 1404 149 25 befolkningen
792 1404 8 19 i
815 1404 90 19 Karelen
920 1405 38 17 allt

206 1432 127 20 fortfarande
349 1432 60 26 lifligt
425 1434 80 25 önskar,
522 1436 30 17 att
567 1433 127 26 fyrklassiga
709 1433 117 20 läroverket
842 1433 7 19 i
864 1433 93 19 Joensuu

205 1462 46 20 stad
276 1463 63 19 måtte
362 1466 50 16 utan
431 1462 173 26 tidsförlängning
618 1463 99 25 utvidgas
732 1463 32 19 till
779 1465 30 17 ett
825 1462 129 26 fullständigt

271 1505 105 19 Allmänna
392 1504 186 20 Besvärsutskottets
596 1504 119 20 betänkande
731 1505 38 19 N:o
789 1506 31 18 21.
