1061 1717
224 114 28 22 86
404 111 242 24 Petitionsbetänkande
661 114 41 21 N:o
719 111 18 22 1.

195 181 72 21 såsom
284 180 7 22 i
307 180 101 28 kalkylen
424 180 125 28 förutsatts,
566 180 34 22 till
615 180 51 22 hela
677 180 39 22 sitt
726 179 79 28 belopp
816 180 86 21 komme
913 181 34 19 att

195 216 89 28 öfvergå
306 216 35 22 till
363 216 80 22 Lovisa
466 216 79 27 banan,
570 218 24 20 så
616 216 41 22 har
672 218 70 26 någon
759 215 151 27 omarbetning
925 215 24 21 af

195 252 72 22 denna
282 252 67 22 tabell
365 252 47 22 icke
428 254 86 20 ansetts
525 252 54 22 böra
589 258 40 22 ega
640 259 55 15 rum.
722 251 115 23 Utskottet
847 252 99 21 inskrän-

195 288 40 22 ker
250 288 34 28 sig
307 288 85 22 derföre
413 289 79 21 endast
507 288 35 22 till
557 290 34 20 att
606 288 121 27 framhålla,
743 289 34 20 att
793 288 42 21 den
850 287 96 23 härifrån

194 324 125 27 påräknade
340 324 99 28 trafiken,
460 325 129 27 uppgående
605 324 35 22 till
656 324 21 22 in
694 330 85 16 summa
794 324 96 27 929,400
906 325 40 26 ctr,

194 360 36 21 till
245 360 44 21 alla
305 360 59 22 delar
380 362 89 26 utgöres
485 360 24 22 af
523 360 82 22 sådana
620 366 70 22 varor,
707 366 47 16 som
769 360 33 21 för
812 360 133 22 närvarande

195 396 70 22 anlita
280 396 199 28 statsjernvägarne
494 397 37 21 vid
547 396 114 28 Wesijärvi
678 396 89 22 station.

269 432 46 28 Att,
332 433 72 22 såsom
421 432 7 22 i
442 432 103 28 kalkylen
557 432 136 28 förutsättes,
705 431 182 23 trävarutrafiken
898 431 48 23 från

194 469 106 27 Päijänne
315 475 78 21 genom
409 469 80 22 Lovisa
504 469 83 22 banans
602 469 119 28 uppkomst
736 469 87 22 komme
839 470 34 20 att
886 469 60 27 ökas,

194 504 41 22 bör
250 505 7 21 i
273 505 65 27 ingen
354 505 105 22 händelse
475 505 22 22 få
512 507 98 26 antagas,
627 507 53 20 enär
695 505 71 22 denna
782 505 81 22 rörelse
879 507 67 19 tvärt-

196 547 35 15 om
247 540 58 22 visar
321 547 26 15 en
363 541 92 22 tendens
472 543 33 20 att
520 543 27 26 gå
563 541 72 22 nedåt.

269 576 62 23 Efter
354 579 83 20 smärre
461 577 67 28 nödig
553 578 95 21 ansedda
672 577 141 22 reduktioner
829 577 7 21 i
852 577 41 21 den
908 578 38 26 på-

194 613 98 22 räknade
313 613 72 22 lokala
408 613 157 28 godstrafiken,
590 615 57 20 samt
670 613 68 22 sedan
761 613 42 22 den
819 613 34 22 för
868 613 78 21 Lovisa

196 649 49 22 stad
260 649 140 27 kalkylerade
416 650 163 27 genomgående
594 648 237 29 passageraretrafiken
847 649 99 22 nedsatts

195 685 34 21 till
253 685 67 27 3,000
343 691 57 21 pass.
424 685 50 22 från
497 685 73 28 6,000,
587 685 105 22 särskildt
707 685 51 22 med
773 685 82 27 hänsyn
872 684 74 23 dertill

196 722 33 20 att
252 721 129 22 sommartid
404 723 53 20 utan
476 721 75 22 tvifvel
565 721 30 22 all
612 721 129 22 samfärdsel
757 721 93 22 emellan
867 721 79 22 Lovisa

196 757 39 21 och
251 756 137 28 Helsingfors
405 757 87 22 komme
508 759 33 20 att
557 757 68 22 anlita
641 757 81 28 sjöväg,
739 757 76 21 ställer
825 757 40 27 sig,
876 757 70 21 under

195 791 64 22 ofvan
283 792 100 27 angifven
407 793 164 27 förutsättning,
593 793 201 27 inkomstförslaget
815 793 6 21 i
837 793 108 21 samman-

194 828 54 27 drag
263 829 29 26 på
307 828 96 27 följande
418 830 54 20 sätt:

269 875 136 28 Godstrafik:

194 911 167 28 Genomgående
377 912 121 28 godstrafik
514 913 47 22 från
577 914 122 27 Wesijärvi,
711 919 46 16 som
833 913 42 26 Tf

253 943 109 22 härintills
379 943 80 22 anlitat
474 944 170 22 statsbanorna.
676 960 5 5 .
714 960 5 5 .
751 959 5 6 .
789 943 101 27 155,300;:
907 955 30 3 —

194 972 62 33 Öfrig
271 979 163 27 genomgående
449 979 65 22 trafik
533 996 1 5 .
568 997 2 4 .
602 997 5 4 .
639 996 5 5 .
676 996 6 5 .
715 995 4 5 .
752 995 5 5 .
804 979 87 26 26,527
907 990 29 3 —

191 1013 136 22 Lokaltrafik
348 1031 1 5 «
379 1031 5 5 .
416 1031 6 6 <
454 1032 42 5 soc
529 1032 4 5 so
566 1032 5 5 so
602 1032 5 5 so
640 1032 4 5 so
677 1032 5 4 2
805 1014 86 27 13,579:
908 1014 35 21 90.

267 1061 216 29 Passageraretrafik
488 1070 8 14 :

193 1096 168 28 Genomgående
377 1098 97 28 219,000
489 1101 135 25 pass.-verst.

192 1133 70 22 Lokal
375 1135 97 28 739,000
512 1152 10 11 ,
569 1152 10 11 »
615 1148 29 3 —
660 1135 97 27 958,000

251 1173 128 24 pass.-verst
395 1171 13 22 å
426 1172 32 27 bs
474 1178 20 21 p.
529 1188 2 5 <
564 1188 5 5 .
600 1188 5 5 .
638 1188 4 5 .
676 1188 4 5 »
751 1187 4 5 2
802 1170 88 27 52,690:
907 1182 28 3 —

683 1213 90 22 Summa
787 1213 103 26 247,096:
906 1212 36 22 90.

265 1255 35 21 Dä
308 1255 121 27 utgifterna
440 1255 134 28 kalkylerats
585 1255 33 22 till
630 1255 97 27 162,000
738 1255 69 27 mark,
818 1260 51 16 vore
877 1254 66 21 alltsä

192 1298 27 15 en
235 1291 189 28 nettobehällning
439 1292 25 21 af
477 1292 82 28 85,000
573 1292 63 21 mark
651 1294 34 20 att
701 1293 90 20 emotse.

251 1327 76 21 Säsom
350 1328 24 21 af
393 1328 37 22 det
446 1328 91 22 anförda
553 1335 70 21 synes,
639 1330 89 26 utgöres
744 1330 81 20 största
841 1327 63 22 delen
920 1327 24 21 af

192 1363 41 21 den
257 1362 34 22 för
313 1363 80 22 Lovisa
409 1364 71 22 banan
496 1364 124 28 päräknade
636 1363 102 28 trafiken,
755 1363 53 23 eller
823 1364 30 21 60
869 1363 35 28 %,
920 1362 24 22 af

190 1400 70 21 sådan
283 1399 72 28 trafik,
379 1406 48 16 som
448 1400 34 22 för
496 1400 134 22 närvarande
646 1400 101 28 beijenus
761 1399 25 23 ai
800 1399 142 32 statsjornvä-

189 1442 80 21 garne;
293 1436 71 22 denna
387 1436 69 22 banas
478 1437 121 21 förnämsta
618 1436 88 28 uppgift
729 1442 50 16 vore
801 1435 91 22 sälunda
908 1437 34 19 att

189 1470 68 23 blifva
276 1478 27 15 en
322 1472 137 22 konkurrent
475 1472 34 22 till
525 1472 135 22 statsbanan.
692 1472 41 22 Om
749 1472 67 22 också
832 1471 109 22 utskottet

258 1515 198 25 Jernvägsutskottets
471 1515 117 21 betänkande
603 1514 43 22 N:o
662 1516 18 19 3.
