1061 1717
305 85 238 25 Petitionsbetänkande
557 86 39 22 N:o
614 85 35 23 11.
808 84 14 22 5

100 154 77 22 hvilka
192 154 102 28 möjligen
310 154 39 22 hos
365 154 123 27 ungdomen
502 152 103 28 inträdt;"
618 152 40 22 och
669 151 32 22 uti
712 157 51 21 nyss
774 150 79 22 nämda

104 190 142 22 skolkomités
263 190 136 22 betänkande
415 189 126 23 framhålles
558 188 125 22 därutöfver
699 189 34 20 att
748 186 62 22 äfven
822 186 30 22 öf-

101 226 49 28 riga
164 226 128 28 hygieniska
307 226 150 22 förhållanden
473 226 19 26 ej
509 225 57 22 blott
582 224 7 22 i
605 224 77 22 skolan
699 225 53 20 utan
768 222 63 22 äfven
845 222 6 21 i

105 263 106 27 hemmen,
235 262 125 28 isynnerhet
384 262 26 22 de
431 262 102 27 fattigare
550 262 108 26 hemmen,
674 260 67 22 borde
757 259 24 22 af
795 258 58 22 skol-

104 299 89 22 läkaren
209 299 134 22 undersökas
359 298 40 22 och
415 298 134 22 öfvervakas.

179 335 34 21 Då
235 336 66 26 något
321 334 82 28 förslag
418 334 35 22 till
468 341 28 21 ny
513 335 45 21 stat
573 333 36 21 vid
624 332 133 27 tidpunkten
774 332 33 21 för
822 330 31 22 af-

105 371 110 27 gifvandet
235 370 24 22 af
273 370 178 28 öfverstyrelsens
468 371 6 21 i
491 370 61 28 fråga
567 369 95 22 varande
678 368 113 22 utlåtande
807 368 48 21 icke

105 408 72 21 kunde
202 409 115 26 uppgöras,
341 406 139 22 alldenstund
502 407 26 21 de
552 406 110 21 allmänna
682 404 125 28 grunderna
822 404 33 21 för

105 444 42 21 den
168 444 28 21 då
211 443 7 22 i
235 443 60 28 fråga
311 445 59 20 satta
384 442 202 28 reorganisationen
602 441 24 22 af
640 440 214 23 elementarlärover-

105 480 42 21 ken
163 482 58 19 ännu
237 479 48 22 icke
300 479 72 22 blifvit
388 479 123 26 faststälda,
528 479 25 21 så
568 477 96 28 framgår
679 483 27 15 ur
721 477 62 21 detta
798 476 56 21 utlå-

105 517 66 21 tande
195 516 47 22 icke
266 515 6 22 i
295 515 87 22 hvilken
404 516 49 21 mån
470 521 27 16 en
514 514 136 22 skolläkares
666 513 137 22 anställande
818 512 36 21 vid

103 552 74 27 hvarje
193 552 62 21 skola
271 551 70 22 skulle
357 551 41 22 öka
413 551 110 27 budgeten
537 551 32 21 för
580 548 273 28 undervismingsväsendet

105 588 7 21 i
135 588 81 22 landet.
248 587 114 22 Utskottet
384 587 40 21 har
447 587 33 21 för
504 587 41 22 den
561 586 57 21 skull
634 585 66 27 velat,
715 585 35 21 till
766 584 89 27 ledning

105 624 36 21 vid
164 624 145 21 bedömandet
329 623 24 22 af
372 623 147 22 kostnaderna
534 622 33 21 för
584 622 6 21 i
606 621 61 28 fråga
682 621 95 22 varande
793 621 61 21 insti-

106 659 71 22 tution
194 660 38 21 och
249 660 50 21 med
314 659 133 22 hänvisande
464 659 6 21 i
487 658 67 27 öfrigt
569 658 35 21 till
620 658 38 21 det
673 657 82 28 förslag
769 657 40 22 och
820 658 35 20 ut-

103 696 88 21 låtande
207 702 46 15 som
270 695 95 28 afgifvits
380 695 23 21 af
413 695 58 22 1884
485 695 36 21 års
532 693 194 23 läroverkskomité
739 693 6 21 i
757 693 94 27 Sverige,

105 738 26 15 ur
154 732 61 21 detta
239 731 121 22 sistnämda
380 731 113 21 utlåtande
510 730 75 21 anföra
601 731 34 20 att
651 729 151 22 skolläkarens
817 729 37 21 lön

106 767 23 22 af
144 767 127 22 statsmedel
286 767 117 21 beräknats
420 766 34 21 till
471 766 44 22 150
531 766 80 21 kronor
627 772 35 15 om
679 766 47 21 året
741 765 36 21 vid
788 765 67 26 högre

105 803 99 22 läroverk
220 803 40 22 och
277 803 42 22 100
335 803 80 21 kronor
430 802 35 21 vid
482 802 67 27 lägre,
565 801 88 22 hvartill
670 801 23 22 af
707 801 88 22 skolans
811 807 44 15 me-

107 839 34 22 del
163 839 70 22 skulle
254 839 87 22 komma
362 840 32 20 ett
415 839 78 21 arvode
515 838 23 21 af
554 839 10 20 1
582 838 69 21 krona
667 837 34 22 för
719 837 74 27 hvarje
809 837 47 21 elev

107 875 6 22 i
137 875 83 22 skolan.
256 875 41 21 För
320 874 29 22 35
372 875 66 26 högre
462 875 39 21 och
526 874 28 21 23
576 873 140 28 femklassiga
732 873 123 22 läroverk
844 869 15 38 i

107 911 87 27 Sverige
215 911 70 21 skulle
305 911 60 22 detta
381 910 57 22 vålla
454 912 74 20 staten
544 917 26 15 en
587 909 150 28 sammanlagd
752 909 67 27 utgift
835 909 23 21 af

109 947 65 28 7,550
190 947 86 22 kronor.

182 983 75 22 Såsom
279 982 168 28 komplettering
468 982 34 21 till
519 982 55 21 hvad
591 981 63 22 ofvan
670 981 113 27 angående
799 980 57 22 skol-

107 1019 101 20 läkarens
232 1018 86 27 uppgift
341 1017 101 22 anfördes
458 1024 26 14 ur
500 1017 227 27 skolöfverstyrelsens
744 1017 114 21 utlåtande

108 1055 35 20 må
159 1053 103 27 slutligen
279 1053 62 22 äfven
358 1053 94 27 följande
468 1059 26 15 ur
511 1053 41 21 den
569 1053 93 21 svenska
675 1052 182 22 läroverkskomi-

107 1089 36 22 tén
155 1089 138 22 betänkande
303 1089 102 21 hämtade
417 1088 177 28 hufvudgrunder
605 1088 33 22 för
649 1089 100 21 läkarens
761 1088 95 22 instruk-

108 1124 46 22 tion
171 1125 88 21 citeras:

182 1161 47 28 »1:0
245 1161 42 21 Vid
303 1161 76 27 början
391 1160 39 22 och
444 1160 68 23 slutet
524 1160 23 22 af
558 1160 74 27 hvarje
643 1161 64 26 läsår,
718 1160 62 22 skola
791 1161 66 20 samt-

106 1197 45 28 liga
172 1197 110 27 lärjungar
303 1197 96 28 undergå
415 1203 26 16 en
457 1203 112 21 noggrann
585 1197 164 27 undersökning
764 1197 93 21 rörande

107 1233 231 28 kroppsbeskaffenhet
361 1234 39 21 och
424 1233 163 22 hälsotillstånd
609 1234 69 26 jemte
701 1233 99 28 mätning
816 1233 39 22 och

107 1270 100 27 vägning,
228 1269 148 22 hvarförutom
396 1269 35 22 vid
447 1270 75 26 hvarje
538 1269 91 23 termins
645 1269 76 28 början
738 1269 119 23 undersök-

107 1305 52 27 ning
182 1305 39 22 bör
245 1306 38 21 ske
302 1306 49 21 med
371 1306 102 21 afseende
489 1306 13 20 å
519 1305 140 27 deltagandet
675 1306 5 20 i
697 1306 159 27 gymnastiken.

107 1342 42 21 Vid
165 1342 169 21 höstterminens
350 1342 75 27 början
441 1342 40 21 bör
497 1341 186 28 hörselförmågan
699 1342 86 27 pröfvas
798 1342 6 21 i
816 1342 39 21 och

107 1377 34 21 för
156 1378 163 26 sittplatsernas
335 1378 146 21 anordnande.
514 1377 168 27 Undersökning
698 1377 24 22 af
736 1377 121 27 synförmå-

108 1420 41 20 gan
170 1414 46 26 bör,
233 1420 35 15 om
285 1414 91 27 möjligt,
393 1414 38 21 ske
447 1414 36 21 vid
499 1414 159 21 vårterminens
674 1414 50 21 slut.
757 1413 100 27 Sittplat-

106 1456 64 15 serna
186 1449 62 22 skola
264 1449 97 27 afpassas
376 1449 54 22 efter
441 1449 191 27 undersökningen
643 1449 36 21 vid
690 1449 165 22 höstterminen.

179 1492 106 19 Allmänna
301 1492 183 20 Besvärsutskottets
501 1491 117 20 betänkande
634 1492 38 20 N:o
688 1492 31 19 10.
