1061 1717
253 118 11 17 4
441 116 243 20 Petitionsbetänkande
694 116 37 19 N:o
743 116 34 19 47.

230 175 140 22 mäteriväsen
390 175 208 27 sammanhängande
616 175 149 22 förhållanden
783 180 50 16 vore
849 174 23 22 af
885 174 100 22 behofvet

229 209 107 27 påkallad,
354 209 87 22 nedsatt
459 216 26 15 en
504 209 80 22 komité
602 209 34 21 för
655 209 142 22 utarbetande
815 208 24 22 af
855 208 81 28 förslag
950 210 34 20 rö-

229 244 66 21 rande
318 244 25 21 de
366 244 108 21 allmänna
492 244 114 27 principer,
626 250 45 15 som
689 244 36 21 vid
744 250 26 15 en
789 243 7 21 i
817 243 93 21 nämnda
928 243 55 27 syfte

229 278 93 21 skeende
339 278 77 22 reform
432 278 23 21 af
468 284 28 15 nu
512 278 100 27 gällande
628 278 135 27 lagstiftning
777 278 8 21 i
799 278 94 27 antydda
907 279 76 20 ämnen

228 318 51 16 vore
295 314 31 20 att
341 312 101 27 iakttaga,
452 313 67 27 jemte
530 312 123 27 afgifvande
664 312 24 22 af
697 312 158 26 framställning
866 318 34 15 om
911 311 72 22 hvilka

229 346 60 22 delar
307 346 24 22 af
350 347 66 27 sagda
434 346 135 28 lagstiftning
587 346 92 22 behöfde
694 346 34 22 för
745 346 77 22 sådant
836 346 98 22 ändamål
950 352 32 16 er-

227 382 68 20 sättas
314 381 48 21 med
380 387 41 21 nya
438 381 140 27 stadganden.
608 381 76 21 Denna
702 380 81 22 komité
801 380 130 22 tillkommer
946 380 37 22 det

227 415 85 22 således
327 415 40 22 ock
382 417 32 20 att
428 417 50 26 taga
493 416 68 21 under
573 415 158 28 öfvervägande
742 415 105 22 huruvida
859 414 38 23 och
907 414 7 21 i
926 414 55 22 hvad

227 450 47 21 mån
294 451 90 26 ändring
402 451 6 20 i
428 450 36 22 det
483 450 162 27 lagstadgande,
664 450 88 21 hvarom
771 456 28 15 nu
817 451 25 20 är
857 449 66 27 fråga,
938 449 42 22 kan

225 490 52 15 vara
292 485 23 21 af
329 485 74 21 nöden.
433 485 41 21 Vid
490 485 77 21 sådant
581 485 135 21 förhållande
732 485 39 20 har
786 484 116 26 Utskottet,
918 483 61 22 äfven

225 519 84 21 oafsedt
331 519 26 21 de
380 519 62 21 ofvan
465 519 129 22 framhållna
615 519 160 28 synpunkterna
795 518 131 22 beträffande
943 520 36 20 än-

225 553 205 27 damålsenligheten
452 553 23 22 af
489 560 26 15 en
534 554 144 27 begränsning
696 553 48 22 utaf
761 553 82 22 antalet
860 552 118 28 egoskiften

224 587 35 21 vid
279 587 111 22 bildandet
408 588 23 21 af
448 595 41 20 nya
502 588 182 27 jordlägenheter,
701 588 70 21 funnit
786 587 115 22 aflätandet
915 587 23 22 af
952 593 25 16 en

224 621 133 28 urderdänig
375 622 157 27 framställning
551 629 33 14 om
604 623 130 26 vidtagande
752 621 23 22 af
793 621 159 28 undersökning
970 622 7 21 i

223 657 72 20 ämnet
311 657 30 20 uti
357 657 36 21 det
408 657 54 27 syfte
477 657 141 27 petitionären
635 657 108 26 ästundat,
759 656 39 21 och
813 656 87 21 hvarom
912 655 64 22 Sena-

223 691 35 20 ten
275 691 66 21 redan
356 691 7 21 i
378 691 74 21 anförd
468 691 67 22 mätto
551 691 60 27 fogat
626 691 87 26 anstalt,
729 697 52 15 vara
796 691 129 27 opäkalladt.

291 725 50 21 Med
364 725 100 22 afseende
487 725 12 22 ä
514 725 37 22 det
569 732 28 15 nu
615 725 90 22 anförda
724 725 124 22 hemställer
866 725 110 22 Utskottet

221 759 118 21 vördsamt:

460 795 30 20 att
508 794 138 26 förevarande
660 793 207 27 petitionsmemorial
881 793 42 22 icke
938 794 36 20 mä

425 829 71 26 någon
506 828 79 27 åtgärd
595 828 53 26 från
659 828 133 22 Ständernas
803 828 47 21 sida
857 827 114 27 föranleda.

289 936 37 22 Uti
341 936 156 28 behandlingen
512 937 23 22 af
550 938 58 21 detta
623 938 80 21 ärende
718 937 64 22 hafva
797 937 98 27 deltagit:
911 937 61 21 .Ord-

219 970 104 21 föranden
345 971 114 26 Fabritius,
483 971 145 22 ledamöterne
652 972 91 21 friherre
766 971 85 27 Wrede,
873 971 97 26 Aminoff,

220 1003 121 28 Stjernvall,
360 1005 61 27 Lyra,
440 1006 108 26 Järvinen,
567 1006 111 26 Forsman,
696 1006 75 27 Lilius,
786 1005 126 28 Nummelin,
928 1001 43 26 Öh-

219 1045 56 20 man,
295 1039 91 27 Hoikka,
404 1039 123 28 Wuolijoki,
546 1041 99 21 Hollmén
665 1041 40 21 och
720 1019 83 53 Anttila
817 1035 55 26 samt
886 1023 84 44 supple-

218 1075 88 20 anterne
321 1080 41 15 von
378 1074 95 25 Ovanten
489 1075 40 21 och
543 1075 107 27 Alopaeus.

287 1119 141 28 Helsingfors,
444 1121 40 21 den
501 1121 12 21 7
529 1121 43 27 Maj
590 1121 60 22 1885.

381 1446 117 23 Helsingfors,
510 1446 17 18 J.
540 1446 19 18 C.
572 1446 92 18 Frenckell
676 1447 14 16 &
703 1446 40 22 Son,
757 1446 50 18 1885.
