1061 1717
304 82 239 23 Petitionsbetänkande
558 83 41 21 N:o
615 82 35 23 23.
811 81 14 21 9

103 149 120 22 skolafgifter,
242 150 24 16 då
284 149 78 18 deremot
382 150 22 16 de
423 150 79 16 svenska
520 149 79 21 talande,
618 154 38 12 som
674 149 31 16 äro
717 148 87 20 antingen
817 146 38 17 väl-

102 179 75 17 mående
194 179 107 22 tjenstemän
320 180 44 17 eller
383 179 44 22 eljes
446 179 96 22 förmögne,
562 180 30 16 äro
610 179 7 16 i
636 178 76 17 tillfälle
725 179 27 15 att
764 176 39 17 låta
815 176 40 16 sina

103 209 44 17 barn
160 209 27 17 för
199 209 63 22 billigt
274 210 37 22 pris
324 209 71 22 åtnjuta
408 214 22 12 en
442 214 48 12 mera
502 208 109 22 fullständig
626 208 131 21 undervisning
769 207 7 16 i
789 205 21 17 af
820 207 35 15 sta-

102 240 31 16 ten
146 239 120 17 underhållna
278 239 66 17 skolor.

173 269 41 17 Med
226 269 41 17 stöd
279 269 20 17 af
310 274 43 17 nyss
366 269 102 22 framlagda
480 269 42 17 skäl
534 269 33 17 och
580 268 78 22 grunder
673 268 56 21 vågar
739 267 33 21 jag
783 266 70 17 således

102 298 54 22 bedja
174 299 31 17 det
223 299 112 17 hedesvärda
352 299 131 17 bondeståndet
502 300 26 16 att
547 298 61 17 förena
629 299 29 21 sig
670 303 29 11 om
711 302 23 12 en
746 296 77 23 petition
835 295 21 17 af

102 328 82 17 innehåll

280 358 27 18 att
323 358 57 18 staten
397 358 30 18 vid
444 357 58 23 första
520 358 66 23 lägliga
604 357 70 23 tillfälle
692 356 53 18 måtte
763 355 91 23 öfvertaga

243 388 104 18 nuvarande
370 388 58 23 finska
444 387 189 24 frun'immersskolan
652 387 7 18 i
683 386 73 23 Wiborg
775 385 40 18 eller
832 384 21 18 in

243 419 48 18 rätta
306 418 88 19 derstädes
408 424 21 13 en
444 424 26 18 ny
482 418 51 23 högre
541 417 121 24 finskspråkig
670 414 181 26 fruntimmersskola.

176 466 140 23 Helsingfors
328 466 33 18 den
373 467 27 17 26
411 466 82 19 Januari
505 467 55 17 1885.

669 535 21 23 J.
705 535 72 22 Häkli.

174 621 149 18 Undertecknade
336 622 62 17 förena
410 623 29 21 sig
452 627 28 12 om
492 622 102 17 förestände
606 621 163 23 petitionsförslag:

172 698 59 23 Risto
247 698 89 23 Summa.
559 698 69 23 Sanfr.
645 697 137 30 Hasselgvist.

173 739 87 23 Tuomas
276 740 131 23 Poutiainen.
561 739 57 24 Juho
633 739 76 23 Klami.

175 937 43 22 Det
241 937 97 22 växande
360 937 214 28 bildningsbehofvet
597 937 59 22 inom
679 938 49 21 vårt
747 937 53 21 land
815 936 41 21 har

102 973 37 22 vid
155 973 27 22 de
198 975 87 20 senaste
300 973 159 28 landtdagarna
474 973 64 28 gifvit
559 973 33 28 sig
610 973 88 27 uttryck
713 972 33 22 uti
762 977 92 22 en.syn-

101 1009 98 26 nerligen
223 1011 46 19 stor
293 1009 79 27 mängd
396 1009 174 28 skolpetitioner,
586 1009 74 22 hvilka
676 1009 66 21 ocksä
756 1007 48 22 haft
819 1007 36 22 till

101 1044 56 27 följd
179 1045 42 21 den
244 1045 122 26 betydande
389 1045 126 27 utveckling
539 1046 49 21 värt
612 1045 242 26 undervisningsväsen,

101 1079 35 22 för
151 1081 26 20 sä
190 1080 47 21 vidt
253 1081 37 21 det
305 1080 69 27 gäller
388 1081 122 27 gosskolor,
526 1081 7 21 i
549 1082 87 20 senaste
651 1081 33 21 tid
700 1080 84 22 vunnit.

171 1116 257 27 Petitionsansökningar
451 1123 35 15 om
508 1117 124 21 inrättande
648 1116 24 22 af
685 1115 126 22 flickskolor
827 1115 28 21 ha

101 1151 35 22 väl
152 1151 19 27 ej
188 1151 69 22 häller
271 1151 38 22 vid
331 1152 27 21 de
380 1154 88 20 senaste
491 1151 160 28 landtdagarna
672 1152 97 27 saknats,
785 1151 70 22 ehuru

101 1187 28 22 de
144 1187 30 21 ha
189 1187 57 22 varit
270 1187 83 21 mindre
376 1187 82 22 talrika
481 1188 40 21 och
543 1187 159 28 jämförelsevis
721 1187 71 22 sällan
808 1186 47 21 ledt

102 1223 35 21 till
153 1223 99 21 resultat.
277 1223 39 21 Att
331 1223 130 28 emellertid,
478 1224 91 21 oaktadt
585 1223 102 22 försöken
698 1223 7 21 i
716 1223 73 21 denna
799 1222 54 21 rikt-

101 1258 54 27 ning
169 1259 67 21 redan
257 1259 38 21 två
317 1260 81 26 gånger
420 1259 58 22 visat
502 1259 33 27 sig
558 1259 33 22 slå
606 1259 36 28 fel,
659 1259 115 22 enahanda
789 1257 64 22 önsk-

100 1294 108 27 ningsmål
229 1296 48 20 åter
294 1294 36 22 vid
346 1295 71 21 denna
432 1295 106 27 landtdag
553 1297 125 26 upprepats,
690 1302 64 20 synes
771 1294 82 27 ojäfak-

99 1330 44 27 tigt
157 1330 52 27 tyda
224 1331 28 26 på
267 1332 33 20 att
316 1330 7 22 i
339 1330 59 22 olika
414 1331 61 22 delar
498 1331 24 21 af
535 1332 48 21 vårt
605 1332 52 20 land
672 1330 102 22 behofvet
789 1329 25 23 af
827 1330 27 21 de

99 1365 97 28 kvinliga
211 1366 195 22 läroanstalternas
422 1366 120 22 förökande
558 1369 25 19 är
597 1366 65 28 lifligt
680 1366 69 22 kändt
765 1366 40 22 och
821 1365 32 21 in-

99 1401 56 26 sedt,
171 1400 39 22 och
227 1402 33 20 att
276 1401 6 21 i
299 1402 78 20 sådant
392 1402 57 26 syfte
472 1402 99 22 uttalade
592 1402 164 27 önskningsmål
771 1402 29 21 ha
815 1407 38 15 an-

99 1436 67 26 språk
181 1437 29 26 på
225 1438 33 20 att
274 1436 24 22 af
312 1437 118 21 ständerna
445 1437 99 22 beaktas.

174 1478 106 20 Allmänna
297 1479 185 20 Besvärsutskottets
497 1480 117 20 bätenkande
629 1478 41 22 N:o
686 1479 33 21 18.
