<?xml version="1.0" encoding="UTF-8"?>
<alto xmlns="http://www.loc.gov/standards/alto/ns-v3#" xmlns:xlink="http://www.w3.org/1999/xlink" xmlns:xsi="http://www.w3.org/2001/XMLSchema-instance" xsi:schemaLocation="http://www.loc.gov/standards/alto/ns-v3# http://www.loc.gov/alto/v3/alto-3-0.xsd">
	<Description>
		<MeasurementUnit>pixel</MeasurementUnit>
		<sourceImageInformation>
			<fileName>/tmp/tess_1h1epnzb_input.PNG</fileName>
		</sourceImageInformation>
		<OCRProcessing ID="OCR_0">
			<ocrProcessingStep>
				<processingSoftware>
					<softwareName>tesseract 5.3.4</softwareName>
				</processingSoftware>
			</ocrProcessingStep>
		</OCRProcessing>
	</Description>
	<Layout>
		<Page WIDTH="1061" HEIGHT="1717" PHYSICAL_IMG_NR="0" ID="page_0">
			<PrintSpace HPOS="0" VPOS="0" WIDTH="1061" HEIGHT="1717">
				<GraphicalElement ID="cblock_0" HPOS="0" VPOS="618" WIDTH="1" HEIGHT="347"></GraphicalElement >
				<ComposedBlock ID="cblock_1" HPOS="206" VPOS="90" WIDTH="537" HEIGHT="25">
					<TextBlock ID="block_0" HPOS="206" VPOS="90" WIDTH="537" HEIGHT="25">
						<TextLine ID="line_0" HPOS="206" VPOS="90" WIDTH="537" HEIGHT="25">
							<String ID="string_0" HPOS="206" VPOS="94" WIDTH="16" HEIGHT="21" WC="0.96" CONTENT="4"/><SP WIDTH="177" VPOS="94" HPOS="222"/>
							<String ID="string_1" HPOS="399" VPOS="92" WIDTH="239" HEIGHT="23" WC="0.72" CONTENT="Petitionsbetänkande"/><SP WIDTH="14" VPOS="92" HPOS="638"/>
							<String ID="string_2" HPOS="652" VPOS="93" WIDTH="40" HEIGHT="21" WC="0.96" CONTENT="N:o"/><SP WIDTH="15" VPOS="93" HPOS="692"/>
							<String ID="string_3" HPOS="707" VPOS="90" WIDTH="36" HEIGHT="24" WC="0.96" CONTENT="23."/>
						</TextLine>
					</TextBlock>
				</ComposedBlock>
				<ComposedBlock ID="cblock_2" HPOS="177" VPOS="157" WIDTH="754" HEIGHT="351">
					<TextBlock ID="block_1" HPOS="177" VPOS="157" WIDTH="753" HEIGHT="172">
						<TextLine ID="line_1" HPOS="177" VPOS="157" WIDTH="753" HEIGHT="23">
							<String ID="string_4" HPOS="177" VPOS="158" WIDTH="114" HEIGHT="22" WC="0.96" CONTENT="belägenhet,"/><SP WIDTH="20" VPOS="158" HPOS="291"/>
							<String ID="string_5" HPOS="311" VPOS="158" WIDTH="73" HEIGHT="18" WC="0.96" CONTENT="emedan"/><SP WIDTH="18" VPOS="158" HPOS="384"/>
							<String ID="string_6" HPOS="402" VPOS="158" WIDTH="35" HEIGHT="18" WC="0.95" CONTENT="den"/><SP WIDTH="19" VPOS="158" HPOS="437"/>
							<String ID="string_7" HPOS="456" VPOS="159" WIDTH="51" HEIGHT="17" WC="0.95" CONTENT="såväl"/><SP WIDTH="20" VPOS="159" HPOS="507"/>
							<String ID="string_8" HPOS="527" VPOS="160" WIDTH="6" HEIGHT="16" WC="0.95" CONTENT="i"/><SP WIDTH="13" VPOS="160" HPOS="533"/>
							<String ID="string_9" HPOS="546" VPOS="158" WIDTH="84" HEIGHT="18" WC="0.92" CONTENT="afseende"/><SP WIDTH="13" VPOS="158" HPOS="630"/>
							<String ID="string_10" HPOS="643" VPOS="159" WIDTH="11" HEIGHT="17" WC="0.83" CONTENT="&amp;"/><SP WIDTH="12" VPOS="159" HPOS="654"/>
							<String ID="string_11" HPOS="666" VPOS="157" WIDTH="120" HEIGHT="19" WC="0.92" CONTENT="anskaffande"/><SP WIDTH="12" VPOS="157" HPOS="786"/>
							<String ID="string_12" HPOS="798" VPOS="157" WIDTH="21" HEIGHT="17" WC="0.96" CONTENT="af"/><SP WIDTH="11" VPOS="157" HPOS="819"/>
							<String ID="string_13" HPOS="830" VPOS="157" WIDTH="51" HEIGHT="18" WC="0.96" CONTENT="lokal"/><SP WIDTH="11" VPOS="157" HPOS="881"/>
							<String ID="string_14" HPOS="892" VPOS="162" WIDTH="38" HEIGHT="12" WC="0.96" CONTENT="som"/>
						</TextLine>
						<TextLine ID="line_2" HPOS="178" VPOS="187" WIDTH="752" HEIGHT="24">
							<String ID="string_15" HPOS="178" VPOS="188" WIDTH="115" HEIGHT="18" WC="0.92" CONTENT="anställande"/><SP WIDTH="18" VPOS="188" HPOS="293"/>
							<String ID="string_16" HPOS="311" VPOS="188" WIDTH="20" HEIGHT="18" WC="0.92" CONTENT="af"/><SP WIDTH="17" VPOS="188" HPOS="331"/>
							<String ID="string_17" HPOS="348" VPOS="188" WIDTH="142" HEIGHT="23" WC="0.91" CONTENT="lärarepersonal"/><SP WIDTH="19" VPOS="188" HPOS="490"/>
							<String ID="string_18" HPOS="509" VPOS="189" WIDTH="72" HEIGHT="17" WC="0.91" CONTENT="sväfvat"/><SP WIDTH="18" VPOS="189" HPOS="581"/>
							<String ID="string_19" HPOS="599" VPOS="189" WIDTH="7" HEIGHT="17" WC="0.96" CONTENT="i"/><SP WIDTH="18" VPOS="189" HPOS="606"/>
							<String ID="string_20" HPOS="624" VPOS="189" WIDTH="82" HEIGHT="17" WC="0.96" CONTENT="ovisshet"/><SP WIDTH="12" VPOS="189" HPOS="706"/>
							<String ID="string_21" HPOS="718" VPOS="188" WIDTH="28" HEIGHT="17" WC="0.96" CONTENT="för"/><SP WIDTH="12" VPOS="188" HPOS="746"/>
							<String ID="string_22" HPOS="758" VPOS="189" WIDTH="27" HEIGHT="16" WC="0.96" CONTENT="att"/><SP WIDTH="13" VPOS="189" HPOS="785"/>
							<String ID="string_23" HPOS="798" VPOS="188" WIDTH="42" HEIGHT="17" WC="0.96" CONTENT="icke"/><SP WIDTH="12" VPOS="188" HPOS="840"/>
							<String ID="string_24" HPOS="852" VPOS="187" WIDTH="38" HEIGHT="18" WC="0.95" CONTENT="tala"/><SP WIDTH="12" VPOS="187" HPOS="890"/>
							<String ID="string_25" HPOS="902" VPOS="192" WIDTH="28" HEIGHT="12" WC="0.96" CONTENT="om"/>
						</TextLine>
						<TextLine ID="line_3" HPOS="179" VPOS="217" WIDTH="751" HEIGHT="23">
							<String ID="string_26" HPOS="179" VPOS="218" WIDTH="30" HEIGHT="17" WC="0.93" CONTENT="det"/><SP WIDTH="15" VPOS="218" HPOS="209"/>
							<String ID="string_27" HPOS="224" VPOS="218" WIDTH="80" HEIGHT="22" WC="0.91" CONTENT="menliga"/><SP WIDTH="14" VPOS="218" HPOS="304"/>
							<String ID="string_28" HPOS="318" VPOS="218" WIDTH="100" HEIGHT="22" WC="0.96" CONTENT="inflytande"/><SP WIDTH="12" VPOS="218" HPOS="418"/>
							<String ID="string_29" HPOS="430" VPOS="220" WIDTH="26" HEIGHT="16" WC="0.96" CONTENT="ett"/><SP WIDTH="12" VPOS="220" HPOS="456"/>
							<String ID="string_30" HPOS="468" VPOS="218" WIDTH="65" HEIGHT="18" WC="0.96" CONTENT="sådant"/><SP WIDTH="12" VPOS="218" HPOS="533"/>
							<String ID="string_31" HPOS="545" VPOS="218" WIDTH="120" HEIGHT="22" WC="0.96" CONTENT="provisoriskt"/><SP WIDTH="12" VPOS="218" HPOS="665"/>
							<String ID="string_32" HPOS="677" VPOS="218" WIDTH="114" HEIGHT="17" WC="0.95" CONTENT="förhållande"/><SP WIDTH="12" VPOS="218" HPOS="791"/>
							<String ID="string_33" HPOS="803" VPOS="217" WIDTH="40" HEIGHT="18" WC="0.95" CONTENT="haft"/><SP WIDTH="12" VPOS="217" HPOS="843"/>
							<String ID="string_34" HPOS="855" VPOS="218" WIDTH="24" HEIGHT="22" WC="0.93" CONTENT="på"/><SP WIDTH="11" VPOS="218" HPOS="879"/>
							<String ID="string_35" HPOS="890" VPOS="217" WIDTH="40" HEIGHT="17" WC="0.92" CONTENT="sko-"/>
						</TextLine>
						<TextLine ID="line_4" HPOS="178" VPOS="246" WIDTH="752" HEIGHT="22">
							<String ID="string_36" HPOS="178" VPOS="247" WIDTH="40" HEIGHT="17" WC="0.96" CONTENT="lans"/><SP WIDTH="19" VPOS="247" HPOS="218"/>
							<String ID="string_37" HPOS="237" VPOS="247" WIDTH="43" HEIGHT="18" WC="0.96" CONTENT="hela"/><SP WIDTH="18" VPOS="247" HPOS="280"/>
							<String ID="string_38" HPOS="298" VPOS="248" WIDTH="113" HEIGHT="17" WC="0.96" CONTENT="verksamhet"/><SP WIDTH="18" VPOS="248" HPOS="411"/>
							<String ID="string_39" HPOS="429" VPOS="249" WIDTH="21" HEIGHT="16" WC="0.96" CONTENT="så"/><SP WIDTH="15" VPOS="249" HPOS="450"/>
							<String ID="string_40" HPOS="465" VPOS="248" WIDTH="34" HEIGHT="17" WC="0.96" CONTENT="har"/><SP WIDTH="12" VPOS="248" HPOS="499"/>
							<String ID="string_41" HPOS="511" VPOS="254" WIDTH="41" HEIGHT="11" WC="0.96" CONTENT="man"/><SP WIDTH="13" VPOS="254" HPOS="552"/>
							<String ID="string_42" HPOS="565" VPOS="248" WIDTH="50" HEIGHT="17" WC="0.96" CONTENT="velat"/><SP WIDTH="13" VPOS="248" HPOS="615"/>
							<String ID="string_43" HPOS="628" VPOS="248" WIDTH="54" HEIGHT="17" WC="0.96" CONTENT="äfven"/><SP WIDTH="12" VPOS="248" HPOS="682"/>
							<String ID="string_44" HPOS="694" VPOS="248" WIDTH="33" HEIGHT="17" WC="0.96" CONTENT="vid"/><SP WIDTH="13" VPOS="248" HPOS="727"/>
							<String ID="string_45" HPOS="740" VPOS="247" WIDTH="59" HEIGHT="17" WC="0.93" CONTENT="denna"/><SP WIDTH="13" VPOS="247" HPOS="799"/>
							<String ID="string_46" HPOS="812" VPOS="247" WIDTH="88" HEIGHT="21" WC="0.92" CONTENT="landtdag"/><SP WIDTH="12" VPOS="247" HPOS="900"/>
							<String ID="string_47" HPOS="912" VPOS="246" WIDTH="18" HEIGHT="18" WC="0.96" CONTENT="få"/>
						</TextLine>
						<TextLine ID="line_5" HPOS="179" VPOS="276" WIDTH="751" HEIGHT="24">
							<String ID="string_48" HPOS="179" VPOS="276" WIDTH="50" HEIGHT="18" WC="0.93" CONTENT="detta"/><SP WIDTH="12" VPOS="276" HPOS="229"/>
							<String ID="string_49" HPOS="241" VPOS="278" WIDTH="136" HEIGHT="22" WC="0.89" CONTENT="önskningsmål"/><SP WIDTH="15" VPOS="278" HPOS="377"/>
							<String ID="string_50" HPOS="392" VPOS="278" WIDTH="98" HEIGHT="17" WC="0.92" CONTENT="framburet"/><SP WIDTH="14" VPOS="278" HPOS="490"/>
							<String ID="string_51" HPOS="504" VPOS="279" WIDTH="6" HEIGHT="16" WC="0.96" CONTENT="i"/><SP WIDTH="12" VPOS="279" HPOS="510"/>
							<String ID="string_52" HPOS="522" VPOS="278" WIDTH="36" HEIGHT="17" WC="0.96" CONTENT="den"/><SP WIDTH="13" VPOS="278" HPOS="558"/>
							<String ID="string_53" HPOS="571" VPOS="278" WIDTH="97" HEIGHT="17" WC="0.96" CONTENT="förtröstan"/><SP WIDTH="12" VPOS="278" HPOS="668"/>
							<String ID="string_54" HPOS="680" VPOS="279" WIDTH="27" HEIGHT="16" WC="0.96" CONTENT="att"/><SP WIDTH="13" VPOS="279" HPOS="707"/>
							<String ID="string_55" HPOS="720" VPOS="278" WIDTH="97" HEIGHT="17" WC="0.96" CONTENT="ständerna"/><SP WIDTH="13" VPOS="278" HPOS="817"/>
							<String ID="string_56" HPOS="830" VPOS="276" WIDTH="100" HEIGHT="18" WC="0.95" CONTENT="forfarande"/>
						</TextLine>
						<TextLine ID="line_6" HPOS="178" VPOS="306" WIDTH="254" HEIGHT="23">
							<String ID="string_57" HPOS="178" VPOS="306" WIDTH="47" HEIGHT="22" WC="0.96" CONTENT="vilja"/><SP WIDTH="11" VPOS="306" HPOS="225"/>
							<String ID="string_58" HPOS="236" VPOS="307" WIDTH="82" HEIGHT="22" WC="0.96" CONTENT="uppbära"/><SP WIDTH="12" VPOS="307" HPOS="318"/>
							<String ID="string_59" HPOS="330" VPOS="308" WIDTH="102" HEIGHT="17" WC="0.96" CONTENT="detsamma."/>
						</TextLine>
					</TextBlock>
					<TextBlock ID="block_2" HPOS="178" VPOS="334" WIDTH="753" HEIGHT="85">
						<TextLine ID="line_7" HPOS="249" VPOS="334" WIDTH="682" HEIGHT="26">
							<String ID="string_60" HPOS="249" VPOS="334" WIDTH="58" HEIGHT="20" WC="0.96" CONTENT="Äfven"/><SP WIDTH="13" VPOS="334" HPOS="307"/>
							<String ID="string_61" HPOS="320" VPOS="342" WIDTH="22" HEIGHT="12" WC="0.96" CONTENT="en"/><SP WIDTH="13" VPOS="342" HPOS="342"/>
							<String ID="string_62" HPOS="355" VPOS="338" WIDTH="137" HEIGHT="17" WC="0.93" CONTENT="landskommun"/><SP WIDTH="13" VPOS="338" HPOS="492"/>
							<String ID="string_63" HPOS="505" VPOS="338" WIDTH="104" HEIGHT="22" WC="0.88" CONTENT="Korpilahti"/><SP WIDTH="13" VPOS="338" HPOS="609"/>
							<String ID="string_64" HPOS="622" VPOS="338" WIDTH="33" HEIGHT="16" WC="0.96" CONTENT="har"/><SP WIDTH="13" VPOS="338" HPOS="655"/>
							<String ID="string_65" HPOS="668" VPOS="338" WIDTH="24" HEIGHT="22" WC="0.96" CONTENT="på"/><SP WIDTH="13" VPOS="338" HPOS="692"/>
							<String ID="string_66" HPOS="705" VPOS="339" WIDTH="40" HEIGHT="20" WC="0.96" CONTENT="eget"/><SP WIDTH="12" VPOS="339" HPOS="745"/>
							<String ID="string_67" HPOS="757" VPOS="338" WIDTH="81" HEIGHT="16" WC="0.96" CONTENT="initiativ"/><SP WIDTH="11" VPOS="338" HPOS="838"/>
							<String ID="string_68" HPOS="849" VPOS="336" WIDTH="82" HEIGHT="18" WC="0.93" CONTENT="tillställt"/>
						</TextLine>
						<TextLine ID="line_8" HPOS="178" VPOS="366" WIDTH="753" HEIGHT="24">
							<String ID="string_69" HPOS="178" VPOS="367" WIDTH="37" HEIGHT="21" WC="0.93" CONTENT="mig"/><SP WIDTH="12" VPOS="367" HPOS="215"/>
							<String ID="string_70" HPOS="227" VPOS="366" WIDTH="270" HEIGHT="23" WC="0.91" CONTENT="kommunalstämmoprotokoll"/><SP WIDTH="13" VPOS="366" HPOS="497"/>
							<String ID="string_71" HPOS="510" VPOS="368" WIDTH="41" HEIGHT="17" WC="0.96" CONTENT="med"/><SP WIDTH="12" VPOS="368" HPOS="551"/>
							<String ID="string_72" HPOS="563" VPOS="368" WIDTH="83" HEIGHT="22" WC="0.96" CONTENT="yrkande"/><SP WIDTH="12" VPOS="368" HPOS="646"/>
							<String ID="string_73" HPOS="658" VPOS="372" WIDTH="28" HEIGHT="12" WC="0.96" CONTENT="om"/><SP WIDTH="13" VPOS="372" HPOS="686"/>
							<String ID="string_74" HPOS="699" VPOS="366" WIDTH="136" HEIGHT="18" WC="0.96" CONTENT="framställande"/><SP WIDTH="8" VPOS="366" HPOS="835"/>
							<String ID="string_75" HPOS="843" VPOS="367" WIDTH="22" HEIGHT="17" WC="0.93" CONTENT="af"/><SP WIDTH="6" VPOS="367" HPOS="865"/>
							<String ID="string_76" HPOS="871" VPOS="366" WIDTH="60" HEIGHT="18" WC="0.91" CONTENT="ofvan-"/>
						</TextLine>
						<TextLine ID="line_9" HPOS="178" VPOS="396" WIDTH="511" HEIGHT="23">
							<String ID="string_77" HPOS="178" VPOS="396" WIDTH="78" HEIGHT="18" WC="0.92" CONTENT="nämnda"/><SP WIDTH="12" VPOS="396" HPOS="256"/>
							<String ID="string_78" HPOS="268" VPOS="397" WIDTH="141" HEIGHT="21" WC="0.90" CONTENT="önskningsmål,"/><SP WIDTH="13" VPOS="397" HPOS="409"/>
							<String ID="string_79" HPOS="422" VPOS="397" WIDTH="73" HEIGHT="17" WC="0.96" CONTENT="hvilket"/><SP WIDTH="12" VPOS="397" HPOS="495"/>
							<String ID="string_80" HPOS="507" VPOS="398" WIDTH="92" HEIGHT="21" WC="0.96" CONTENT="protokoll"/><SP WIDTH="13" VPOS="398" HPOS="599"/>
							<String ID="string_81" HPOS="612" VPOS="397" WIDTH="77" HEIGHT="22" WC="0.96" CONTENT="bifogas."/>
						</TextLine>
					</TextBlock>
					<TextBlock ID="block_3" HPOS="177" VPOS="425" WIDTH="754" HEIGHT="83">
						<TextLine ID="line_10" HPOS="249" VPOS="425" WIDTH="682" HEIGHT="24">
							<String ID="string_82" HPOS="249" VPOS="426" WIDTH="42" HEIGHT="18" WC="0.96" CONTENT="Med"/><SP WIDTH="19" VPOS="426" HPOS="291"/>
							<String ID="string_83" HPOS="310" VPOS="426" WIDTH="40" HEIGHT="18" WC="0.96" CONTENT="stöd"/><SP WIDTH="18" VPOS="426" HPOS="350"/>
							<String ID="string_84" HPOS="368" VPOS="427" WIDTH="20" HEIGHT="17" WC="0.96" CONTENT="af"/><SP WIDTH="18" VPOS="427" HPOS="388"/>
							<String ID="string_85" HPOS="406" VPOS="426" WIDTH="30" HEIGHT="18" WC="0.93" CONTENT="det"/><SP WIDTH="18" VPOS="426" HPOS="436"/>
							<String ID="string_86" HPOS="454" VPOS="427" WIDTH="113" HEIGHT="22" WC="0.92" CONTENT="ofvansagda"/><SP WIDTH="19" VPOS="427" HPOS="567"/>
							<String ID="string_87" HPOS="586" VPOS="428" WIDTH="57" HEIGHT="21" WC="0.95" CONTENT="vågar"/><SP WIDTH="16" VPOS="428" HPOS="643"/>
							<String ID="string_88" HPOS="659" VPOS="427" WIDTH="33" HEIGHT="22" WC="0.96" CONTENT="jag"/><SP WIDTH="19" VPOS="427" HPOS="692"/>
							<String ID="string_89" HPOS="711" VPOS="426" WIDTH="74" HEIGHT="18" WC="0.73" CONTENT="anhålla"/><SP WIDTH="14" VPOS="426" HPOS="785"/>
							<String ID="string_90" HPOS="799" VPOS="428" WIDTH="26" HEIGHT="16" WC="0.93" CONTENT="att"/><SP WIDTH="13" VPOS="428" HPOS="825"/>
							<String ID="string_91" HPOS="838" VPOS="425" WIDTH="93" HEIGHT="23" WC="0.92" CONTENT="vällofliga"/>
						</TextLine>
						<TextLine ID="line_11" HPOS="177" VPOS="456" WIDTH="754" HEIGHT="23">
							<String ID="string_92" HPOS="177" VPOS="456" WIDTH="150" HEIGHT="22" WC="0.91" CONTENT="borgareståndet"/><SP WIDTH="18" VPOS="456" HPOS="327"/>
							<String ID="string_93" HPOS="345" VPOS="457" WIDTH="45" HEIGHT="17" WC="0.95" CONTENT="ville"/><SP WIDTH="19" VPOS="457" HPOS="390"/>
							<String ID="string_94" HPOS="409" VPOS="457" WIDTH="30" HEIGHT="17" WC="0.95" CONTENT="till"/><SP WIDTH="19" VPOS="457" HPOS="439"/>
							<String ID="string_95" HPOS="458" VPOS="458" WIDTH="70" HEIGHT="17" WC="0.96" CONTENT="utskott"/><SP WIDTH="19" VPOS="458" HPOS="528"/>
							<String ID="string_96" HPOS="547" VPOS="458" WIDTH="99" HEIGHT="21" WC="0.96" CONTENT="hänskjuta"/><SP WIDTH="18" VPOS="458" HPOS="646"/>
							<String ID="string_97" HPOS="664" VPOS="457" WIDTH="34" HEIGHT="18" WC="0.96" CONTENT="och"/><SP WIDTH="14" VPOS="457" HPOS="698"/>
							<String ID="string_98" HPOS="712" VPOS="457" WIDTH="61" HEIGHT="17" WC="0.96" CONTENT="förena"/><SP WIDTH="12" VPOS="457" HPOS="773"/>
							<String ID="string_99" HPOS="785" VPOS="457" WIDTH="29" HEIGHT="22" WC="0.95" CONTENT="sig"/><SP WIDTH="12" VPOS="457" HPOS="814"/>
							<String ID="string_100" HPOS="826" VPOS="461" WIDTH="28" HEIGHT="13" WC="0.93" CONTENT="om"/><SP WIDTH="13" VPOS="461" HPOS="854"/>
							<String ID="string_101" HPOS="867" VPOS="456" WIDTH="64" HEIGHT="18" WC="0.91" CONTENT="nedan-"/>
						</TextLine>
						<TextLine ID="line_12" HPOS="178" VPOS="485" WIDTH="230" HEIGHT="23">
							<String ID="string_102" HPOS="178" VPOS="485" WIDTH="75" HEIGHT="18" WC="0.93" CONTENT="stående"/><SP WIDTH="12" VPOS="485" HPOS="253"/>
							<String ID="string_103" HPOS="265" VPOS="487" WIDTH="143" HEIGHT="21" WC="0.91" CONTENT="önskningsmål:"/>
						</TextLine>
					</TextBlock>
				</ComposedBlock>
				<ComposedBlock ID="cblock_3" HPOS="323" VPOS="527" WIDTH="608" HEIGHT="84">
					<TextBlock ID="block_4" HPOS="323" VPOS="527" WIDTH="608" HEIGHT="84">
						<TextLine ID="line_13" HPOS="358" VPOS="527" WIDTH="573" HEIGHT="25">
							<String ID="string_104" HPOS="358" VPOS="528" WIDTH="32" HEIGHT="18" WC="0.94" CONTENT="Att"/><SP WIDTH="19" VPOS="528" HPOS="390"/>
							<String ID="string_105" HPOS="409" VPOS="534" WIDTH="22" HEIGHT="12" WC="0.96" CONTENT="en"/><SP WIDTH="13" VPOS="534" HPOS="431"/>
							<String ID="string_106" HPOS="444" VPOS="528" WIDTH="113" HEIGHT="23" WC="0.96" CONTENT="fullständig"/><SP WIDTH="18" VPOS="528" HPOS="557"/>
							<String ID="string_107" HPOS="575" VPOS="529" WIDTH="51" HEIGHT="23" WC="0.96" CONTENT="högre"/><SP WIDTH="21" VPOS="529" HPOS="626"/>
							<String ID="string_108" HPOS="647" VPOS="529" WIDTH="26" HEIGHT="22" WC="0.95" CONTENT="af"/><SP WIDTH="8" VPOS="529" HPOS="673"/>
							<String ID="string_109" HPOS="681" VPOS="529" WIDTH="58" HEIGHT="18" WC="0.95" CONTENT="staten"/><SP WIDTH="12" VPOS="529" HPOS="739"/>
							<String ID="string_110" HPOS="751" VPOS="527" WIDTH="115" HEIGHT="19" WC="0.93" CONTENT="underhållen"/><SP WIDTH="10" VPOS="527" HPOS="866"/>
							<String ID="string_111" HPOS="876" VPOS="527" WIDTH="55" HEIGHT="23" WC="0.90" CONTENT="frun-"/>
						</TextLine>
						<TextLine ID="line_14" HPOS="323" VPOS="557" WIDTH="608" HEIGHT="24">
							<String ID="string_112" HPOS="323" VPOS="557" WIDTH="123" HEIGHT="19" WC="0.86" CONTENT="timmersskola"/><SP WIDTH="12" VPOS="557" HPOS="446"/>
							<String ID="string_113" HPOS="458" VPOS="558" WIDTH="40" HEIGHT="18" WC="0.96" CONTENT="med"/><SP WIDTH="16" VPOS="558" HPOS="498"/>
							<String ID="string_114" HPOS="514" VPOS="558" WIDTH="74" HEIGHT="23" WC="0.89" CONTENT="finskan"/><SP WIDTH="12" VPOS="558" HPOS="588"/>
							<String ID="string_115" HPOS="600" VPOS="564" WIDTH="38" HEIGHT="12" WC="0.93" CONTENT="som"/><SP WIDTH="11" VPOS="564" HPOS="638"/>
							<String ID="string_116" HPOS="649" VPOS="557" WIDTH="198" HEIGHT="24" WC="0.91" CONTENT="undervisnings-språk"/><SP WIDTH="12" VPOS="557" HPOS="847"/>
							<String ID="string_117" HPOS="859" VPOS="557" WIDTH="26" HEIGHT="19" WC="0.93" CONTENT="uti"/><SP WIDTH="11" VPOS="557" HPOS="885"/>
							<String ID="string_118" HPOS="896" VPOS="557" WIDTH="35" HEIGHT="23" WC="0.93" CONTENT="Jy-"/>
						</TextLine>
						<TextLine ID="line_15" HPOS="323" VPOS="587" WIDTH="217" HEIGHT="24">
							<String ID="string_119" HPOS="323" VPOS="587" WIDTH="71" HEIGHT="24" WC="0.93" CONTENT="väskylä"/><SP WIDTH="12" VPOS="587" HPOS="394"/>
							<String ID="string_120" HPOS="406" VPOS="587" WIDTH="40" HEIGHT="19" WC="0.96" CONTENT="stad"/><SP WIDTH="12" VPOS="587" HPOS="446"/>
							<String ID="string_121" HPOS="458" VPOS="588" WIDTH="82" HEIGHT="18" WC="0.96" CONTENT="inrättas."/>
						</TextLine>
					</TextBlock>
				</ComposedBlock>
				<ComposedBlock ID="cblock_4" HPOS="676" VPOS="651" WIDTH="181" HEIGHT="29">
					<TextBlock ID="block_5" HPOS="676" VPOS="651" WIDTH="181" HEIGHT="29">
						<TextLine ID="line_16" HPOS="676" VPOS="651" WIDTH="181" HEIGHT="29">
							<String ID="string_122" HPOS="676" VPOS="651" WIDTH="27" HEIGHT="22" WC="0.96" CONTENT="K."/><SP WIDTH="16" VPOS="651" HPOS="703"/>
							<String ID="string_123" HPOS="719" VPOS="651" WIDTH="22" HEIGHT="23" WC="0.95" CONTENT="J."/><SP WIDTH="16" VPOS="651" HPOS="741"/>
							<String ID="string_124" HPOS="757" VPOS="651" WIDTH="100" HEIGHT="29" WC="0.96" CONTENT="Högman."/>
						</TextLine>
					</TextBlock>
				</ComposedBlock>
				<ComposedBlock ID="cblock_5" HPOS="356" VPOS="835" WIDTH="396" HEIGHT="24">
					<TextBlock ID="block_6" HPOS="356" VPOS="835" WIDTH="396" HEIGHT="24">
						<TextLine ID="line_17" HPOS="356" VPOS="835" WIDTH="396" HEIGHT="24">
							<String ID="string_125" HPOS="356" VPOS="835" WIDTH="45" HEIGHT="18" WC="0.93" CONTENT="Till"/><SP WIDTH="12" VPOS="835" HPOS="401"/>
							<String ID="string_126" HPOS="413" VPOS="836" WIDTH="130" HEIGHT="22" WC="0.92" CONTENT="Vällofliga"/><SP WIDTH="12" VPOS="836" HPOS="543"/>
							<String ID="string_127" HPOS="555" VPOS="836" WIDTH="197" HEIGHT="23" WC="0.92" CONTENT="Borgareständet."/>
						</TextLine>
					</TextBlock>
				</ComposedBlock>
				<ComposedBlock ID="cblock_6" HPOS="178" VPOS="883" WIDTH="777" HEIGHT="588">
					<TextBlock ID="block_7" HPOS="178" VPOS="883" WIDTH="754" HEIGHT="260">
						<TextLine ID="line_18" HPOS="249" VPOS="883" WIDTH="683" HEIGHT="21">
							<String ID="string_128" HPOS="249" VPOS="883" WIDTH="88" HEIGHT="18" WC="0.91" CONTENT="Behofvet"/><SP WIDTH="18" VPOS="883" HPOS="337"/>
							<String ID="string_129" HPOS="355" VPOS="883" WIDTH="20" HEIGHT="18" WC="0.93" CONTENT="af"/><SP WIDTH="17" VPOS="883" HPOS="375"/>
							<String ID="string_130" HPOS="392" VPOS="883" WIDTH="42" HEIGHT="18" WC="0.93" CONTENT="flere"/><SP WIDTH="13" VPOS="883" HPOS="434"/>
							<String ID="string_131" HPOS="447" VPOS="884" WIDTH="182" HEIGHT="17" WC="0.91" CONTENT="fruntimmersskolor"/><SP WIDTH="12" VPOS="884" HPOS="629"/>
							<String ID="string_132" HPOS="641" VPOS="885" WIDTH="7" HEIGHT="16" WC="0.94" CONTENT="i"/><SP WIDTH="12" VPOS="885" HPOS="648"/>
							<String ID="string_133" HPOS="660" VPOS="883" WIDTH="69" HEIGHT="21" WC="0.93" CONTENT="landet,"/><SP WIDTH="13" VPOS="883" HPOS="729"/>
							<String ID="string_134" HPOS="742" VPOS="884" WIDTH="51" HEIGHT="17" WC="0.96" CONTENT="såväl"/><SP WIDTH="13" VPOS="884" HPOS="793"/>
							<String ID="string_135" HPOS="806" VPOS="883" WIDTH="40" HEIGHT="18" WC="0.93" CONTENT="med"/><SP WIDTH="12" VPOS="883" HPOS="846"/>
							<String ID="string_136" HPOS="858" VPOS="883" WIDTH="74" HEIGHT="17" WC="0.95" CONTENT="svenskt"/>
						</TextLine>
						<TextLine ID="line_19" HPOS="178" VPOS="913" WIDTH="754" HEIGHT="23">
							<String ID="string_137" HPOS="178" VPOS="919" WIDTH="38" HEIGHT="12" WC="0.91" CONTENT="som"/><SP WIDTH="12" VPOS="919" HPOS="216"/>
							<String ID="string_138" HPOS="228" VPOS="913" WIDTH="57" HEIGHT="17" WC="0.91" CONTENT="finskt"/><SP WIDTH="12" VPOS="913" HPOS="285"/>
							<String ID="string_139" HPOS="297" VPOS="913" WIDTH="201" HEIGHT="23" WC="0.91" CONTENT="undervisningsspräk,"/><SP WIDTH="13" VPOS="913" HPOS="498"/>
							<String ID="string_140" HPOS="511" VPOS="914" WIDTH="33" HEIGHT="17" WC="0.96" CONTENT="har"/><SP WIDTH="12" VPOS="914" HPOS="544"/>
							<String ID="string_141" HPOS="556" VPOS="915" WIDTH="48" HEIGHT="16" WC="0.93" CONTENT="inom"/><SP WIDTH="12" VPOS="915" HPOS="604"/>
							<String ID="string_142" HPOS="616" VPOS="914" WIDTH="151" HEIGHT="22" WC="0.92" CONTENT="Borgareständet"/><SP WIDTH="12" VPOS="914" HPOS="767"/>
							<String ID="string_143" HPOS="779" VPOS="915" WIDTH="20" HEIGHT="16" WC="0.91" CONTENT="sä"/><SP WIDTH="12" VPOS="915" HPOS="799"/>
							<String ID="string_144" HPOS="811" VPOS="913" WIDTH="38" HEIGHT="18" WC="0.93" CONTENT="ofta"/><SP WIDTH="8" VPOS="913" HPOS="849"/>
							<String ID="string_145" HPOS="857" VPOS="913" WIDTH="75" HEIGHT="17" WC="0.91" CONTENT="uttalats"/>
						</TextLine>
						<TextLine ID="line_20" HPOS="179" VPOS="942" WIDTH="753" HEIGHT="24">
							<String ID="string_146" HPOS="179" VPOS="943" WIDTH="34" HEIGHT="17" WC="0.91" CONTENT="och"/><SP WIDTH="18" VPOS="943" HPOS="213"/>
							<String ID="string_147" HPOS="231" VPOS="943" WIDTH="80" HEIGHT="21" WC="0.96" CONTENT="erkänts,"/><SP WIDTH="19" VPOS="943" HPOS="311"/>
							<String ID="string_148" HPOS="330" VPOS="945" WIDTH="26" HEIGHT="15" WC="0.95" CONTENT="att"/><SP WIDTH="16" VPOS="945" HPOS="356"/>
							<String ID="string_149" HPOS="372" VPOS="943" WIDTH="34" HEIGHT="22" WC="0.93" CONTENT="jag"/><SP WIDTH="18" VPOS="943" HPOS="406"/>
							<String ID="string_150" HPOS="424" VPOS="944" WIDTH="42" HEIGHT="17" WC="0.96" CONTENT="icke"/><SP WIDTH="18" VPOS="944" HPOS="466"/>
							<String ID="string_151" HPOS="484" VPOS="944" WIDTH="65" HEIGHT="17" WC="0.96" CONTENT="tvekar"/><SP WIDTH="12" VPOS="944" HPOS="549"/>
							<String ID="string_152" HPOS="561" VPOS="946" WIDTH="27" HEIGHT="15" WC="0.93" CONTENT="att"/><SP WIDTH="12" VPOS="946" HPOS="588"/>
							<String ID="string_153" HPOS="600" VPOS="944" WIDTH="76" HEIGHT="22" WC="0.93" CONTENT="påkalla"/><SP WIDTH="12" VPOS="944" HPOS="676"/>
							<String ID="string_154" HPOS="688" VPOS="943" WIDTH="84" HEIGHT="18" WC="0.88" CONTENT="Ständets"/><SP WIDTH="12" VPOS="943" HPOS="772"/>
							<String ID="string_155" HPOS="784" VPOS="943" WIDTH="108" HEIGHT="18" WC="0.96" CONTENT="medverkan"/><SP WIDTH="13" VPOS="943" HPOS="892"/>
							<String ID="string_156" HPOS="905" VPOS="942" WIDTH="27" HEIGHT="17" WC="0.96" CONTENT="för"/>
						</TextLine>
						<TextLine ID="line_21" HPOS="178" VPOS="973" WIDTH="754" HEIGHT="22">
							<String ID="string_157" HPOS="178" VPOS="973" WIDTH="111" HEIGHT="17" WC="0.92" CONTENT="inrättandet"/><SP WIDTH="18" VPOS="973" HPOS="289"/>
							<String ID="string_158" HPOS="307" VPOS="973" WIDTH="20" HEIGHT="17" WC="0.96" CONTENT="af"/><SP WIDTH="14" VPOS="973" HPOS="327"/>
							<String ID="string_159" HPOS="341" VPOS="978" WIDTH="22" HEIGHT="12" WC="0.93" CONTENT="en"/><SP WIDTH="13" VPOS="978" HPOS="363"/>
							<String ID="string_160" HPOS="376" VPOS="973" WIDTH="173" HEIGHT="17" WC="0.92" CONTENT="fruntimmersskola"/><SP WIDTH="13" VPOS="973" HPOS="549"/>
							<String ID="string_161" HPOS="562" VPOS="974" WIDTH="6" HEIGHT="16" WC="0.93" CONTENT="i"/><SP WIDTH="13" VPOS="974" HPOS="568"/>
							<String ID="string_162" HPOS="581" VPOS="973" WIDTH="73" HEIGHT="22" WC="0.93" CONTENT="Wiborg"/><SP WIDTH="12" VPOS="973" HPOS="654"/>
							<String ID="string_163" HPOS="666" VPOS="973" WIDTH="40" HEIGHT="17" WC="0.93" CONTENT="med"/><SP WIDTH="14" VPOS="973" HPOS="706"/>
							<String ID="string_164" HPOS="720" VPOS="973" WIDTH="55" HEIGHT="17" WC="0.91" CONTENT="finskt"/><SP WIDTH="12" VPOS="973" HPOS="775"/>
							<String ID="string_165" HPOS="787" VPOS="973" WIDTH="145" HEIGHT="21" WC="0.92" CONTENT="undervisnings-"/>
						</TextLine>
						<TextLine ID="line_22" HPOS="178" VPOS="1002" WIDTH="754" HEIGHT="23">
							<String ID="string_166" HPOS="178" VPOS="1003" WIDTH="61" HEIGHT="22" WC="0.96" CONTENT="språk."/><SP WIDTH="26" VPOS="1003" HPOS="239"/>
							<String ID="string_167" HPOS="265" VPOS="1003" WIDTH="9" HEIGHT="16" WC="0.94" CONTENT="I"/><SP WIDTH="15" VPOS="1003" HPOS="274"/>
							<String ID="string_168" HPOS="289" VPOS="1003" WIDTH="63" HEIGHT="17" WC="0.93" CONTENT="staden"/><SP WIDTH="13" VPOS="1003" HPOS="352"/>
							<String ID="string_169" HPOS="365" VPOS="1003" WIDTH="56" HEIGHT="17" WC="0.96" CONTENT="finnes"/><SP WIDTH="13" VPOS="1003" HPOS="421"/>
							<String ID="string_170" HPOS="434" VPOS="1003" WIDTH="107" HEIGHT="22" WC="0.96" CONTENT="visserligen"/><SP WIDTH="12" VPOS="1003" HPOS="541"/>
							<String ID="string_171" HPOS="553" VPOS="1003" WIDTH="55" HEIGHT="17" WC="0.96" CONTENT="redan"/><SP WIDTH="14" VPOS="1003" HPOS="608"/>
							<String ID="string_172" HPOS="622" VPOS="1009" WIDTH="22" HEIGHT="11" WC="0.96" CONTENT="en"/><SP WIDTH="13" VPOS="1009" HPOS="644"/>
							<String ID="string_173" HPOS="657" VPOS="1003" WIDTH="21" HEIGHT="18" WC="0.93" CONTENT="af"/><SP WIDTH="10" VPOS="1003" HPOS="678"/>
							<String ID="string_174" HPOS="688" VPOS="1003" WIDTH="113" HEIGHT="17" WC="0.93" CONTENT="Statsverket"/><SP WIDTH="13" VPOS="1003" HPOS="801"/>
							<String ID="string_175" HPOS="814" VPOS="1002" WIDTH="118" HEIGHT="18" WC="0.96" CONTENT="underhållen"/>
						</TextLine>
						<TextLine ID="line_23" HPOS="180" VPOS="1031" WIDTH="752" HEIGHT="24">
							<String ID="string_176" HPOS="180" VPOS="1032" WIDTH="67" HEIGHT="17" WC="0.95" CONTENT="svensk"/><SP WIDTH="12" VPOS="1032" HPOS="247"/>
							<String ID="string_177" HPOS="259" VPOS="1032" WIDTH="53" HEIGHT="17" WC="0.96" CONTENT="skola"/><SP WIDTH="12" VPOS="1032" HPOS="312"/>
							<String ID="string_178" HPOS="324" VPOS="1032" WIDTH="28" HEIGHT="17" WC="0.96" CONTENT="för"/><SP WIDTH="11" VPOS="1032" HPOS="352"/>
							<String ID="string_179" HPOS="363" VPOS="1031" WIDTH="70" HEIGHT="22" WC="0.93" CONTENT="flickor,"/><SP WIDTH="13" VPOS="1031" HPOS="433"/>
							<String ID="string_180" HPOS="446" VPOS="1033" WIDTH="78" HEIGHT="17" WC="0.96" CONTENT="likasom"/><SP WIDTH="12" VPOS="1033" HPOS="524"/>
							<String ID="string_181" HPOS="536" VPOS="1033" WIDTH="35" HEIGHT="16" WC="0.96" CONTENT="ock"/><SP WIDTH="12" VPOS="1033" HPOS="571"/>
							<String ID="string_182" HPOS="583" VPOS="1033" WIDTH="64" HEIGHT="17" WC="0.96" CONTENT="staden"/><SP WIDTH="13" VPOS="1033" HPOS="647"/>
							<String ID="string_183" HPOS="660" VPOS="1033" WIDTH="37" HEIGHT="17" WC="0.93" CONTENT="kan"/><SP WIDTH="13" VPOS="1033" HPOS="697"/>
							<String ID="string_184" HPOS="710" VPOS="1033" WIDTH="63" HEIGHT="22" WC="0.96" CONTENT="glädja"/><SP WIDTH="12" VPOS="1033" HPOS="773"/>
							<String ID="string_185" HPOS="785" VPOS="1033" WIDTH="29" HEIGHT="21" WC="0.96" CONTENT="sig"/><SP WIDTH="12" VPOS="1033" HPOS="814"/>
							<String ID="string_186" HPOS="826" VPOS="1033" WIDTH="19" HEIGHT="16" WC="0.94" CONTENT="åt"/><SP WIDTH="12" VPOS="1033" HPOS="845"/>
							<String ID="string_187" HPOS="857" VPOS="1033" WIDTH="27" HEIGHT="16" WC="0.96" CONTENT="att"/><SP WIDTH="8" VPOS="1033" HPOS="884"/>
							<String ID="string_188" HPOS="892" VPOS="1031" WIDTH="40" HEIGHT="18" WC="0.81" CONTENT="dess"/>
						</TextLine>
						<TextLine ID="line_24" HPOS="178" VPOS="1061" WIDTH="753" HEIGHT="23">
							<String ID="string_189" HPOS="178" VPOS="1061" WIDTH="57" HEIGHT="18" WC="0.90" CONTENT="behof"/><SP WIDTH="16" VPOS="1061" HPOS="235"/>
							<String ID="string_190" HPOS="251" VPOS="1062" WIDTH="22" HEIGHT="17" WC="0.93" CONTENT="af"/><SP WIDTH="16" VPOS="1062" HPOS="273"/>
							<String ID="string_191" HPOS="289" VPOS="1062" WIDTH="94" HEIGHT="22" WC="0.92" CONTENT="gosskolor"/><SP WIDTH="18" VPOS="1062" HPOS="383"/>
							<String ID="string_192" HPOS="401" VPOS="1062" WIDTH="63" HEIGHT="17" WC="0.93" CONTENT="blifvit"/><SP WIDTH="15" VPOS="1062" HPOS="464"/>
							<String ID="string_193" HPOS="479" VPOS="1062" WIDTH="123" HEIGHT="22" WC="0.77" CONTENT="tillgodosedt."/><SP WIDTH="25" VPOS="1062" HPOS="602"/>
							<String ID="string_194" HPOS="627" VPOS="1063" WIDTH="43" HEIGHT="17" WC="0.96" CONTENT="Icke"/><SP WIDTH="13" VPOS="1063" HPOS="670"/>
							<String ID="string_195" HPOS="683" VPOS="1062" WIDTH="52" HEIGHT="18" WC="0.96" CONTENT="desto"/><SP WIDTH="13" VPOS="1062" HPOS="735"/>
							<String ID="string_196" HPOS="748" VPOS="1062" WIDTH="68" HEIGHT="17" WC="0.92" CONTENT="mindre"/><SP WIDTH="12" VPOS="1062" HPOS="816"/>
							<String ID="string_197" HPOS="828" VPOS="1062" WIDTH="33" HEIGHT="17" WC="0.96" CONTENT="bör"/><SP WIDTH="12" VPOS="1062" HPOS="861"/>
							<String ID="string_198" HPOS="873" VPOS="1061" WIDTH="30" HEIGHT="18" WC="0.93" CONTENT="det"/><SP WIDTH="12" VPOS="1061" HPOS="903"/>
							<String ID="string_199" HPOS="915" VPOS="1061" WIDTH="16" HEIGHT="22" WC="0.96" CONTENT="ej"/>
						</TextLine>
						<TextLine ID="line_25" HPOS="178" VPOS="1091" WIDTH="754" HEIGHT="23">
							<String ID="string_200" HPOS="178" VPOS="1097" WIDTH="53" HEIGHT="16" WC="0.93" CONTENT="synas"/><SP WIDTH="14" VPOS="1097" HPOS="231"/>
							<String ID="string_201" HPOS="245" VPOS="1091" WIDTH="137" HEIGHT="23" WC="0.82" CONTENT="anspräksfullt,"/><SP WIDTH="13" VPOS="1091" HPOS="382"/>
							<String ID="string_202" HPOS="395" VPOS="1097" WIDTH="28" HEIGHT="12" WC="0.96" CONTENT="om"/><SP WIDTH="12" VPOS="1097" HPOS="423"/>
							<String ID="string_203" HPOS="435" VPOS="1092" WIDTH="65" HEIGHT="17" WC="0.96" CONTENT="staden"/><SP WIDTH="12" VPOS="1092" HPOS="500"/>
							<String ID="string_204" HPOS="512" VPOS="1094" WIDTH="48" HEIGHT="15" WC="0.93" CONTENT="ännu"/><SP WIDTH="13" VPOS="1094" HPOS="560"/>
							<String ID="string_205" HPOS="573" VPOS="1092" WIDTH="62" HEIGHT="17" WC="0.92" CONTENT="dertill"/><SP WIDTH="12" VPOS="1092" HPOS="635"/>
							<String ID="string_206" HPOS="647" VPOS="1097" WIDTH="53" HEIGHT="12" WC="0.96" CONTENT="anser"/><SP WIDTH="11" VPOS="1097" HPOS="700"/>
							<String ID="string_207" HPOS="711" VPOS="1093" WIDTH="30" HEIGHT="20" WC="0.93" CONTENT="sig"/><SP WIDTH="12" VPOS="1093" HPOS="741"/>
							<String ID="string_208" HPOS="753" VPOS="1092" WIDTH="44" HEIGHT="17" WC="0.93" CONTENT="böra"/><SP WIDTH="12" VPOS="1092" HPOS="797"/>
							<String ID="string_209" HPOS="809" VPOS="1092" WIDTH="123" HEIGHT="21" WC="0.90" CONTENT="ihägkommas"/>
						</TextLine>
						<TextLine ID="line_26" HPOS="179" VPOS="1121" WIDTH="384" HEIGHT="22">
							<String ID="string_210" HPOS="179" VPOS="1121" WIDTH="40" HEIGHT="17" WC="0.95" CONTENT="med"/><SP WIDTH="12" VPOS="1121" HPOS="219"/>
							<String ID="string_211" HPOS="231" VPOS="1121" WIDTH="106" HEIGHT="22" WC="0.91" CONTENT="ytterligare"/><SP WIDTH="13" VPOS="1121" HPOS="337"/>
							<String ID="string_212" HPOS="350" VPOS="1127" WIDTH="22" HEIGHT="11" WC="0.88" CONTENT="en"/><SP WIDTH="13" VPOS="1127" HPOS="372"/>
							<String ID="string_213" HPOS="385" VPOS="1121" WIDTH="178" HEIGHT="18" WC="0.92" CONTENT="fruntimmersskola."/>
						</TextLine>
					</TextBlock>
					<TextBlock ID="block_8" HPOS="178" VPOS="1151" WIDTH="777" HEIGHT="320">
						<TextLine ID="line_27" HPOS="248" VPOS="1151" WIDTH="684" HEIGHT="22">
							<String ID="string_214" HPOS="248" VPOS="1151" WIDTH="194" HEIGHT="17" WC="0.90" CONTENT="Folkskoleelevernas"/><SP WIDTH="19" VPOS="1151" HPOS="442"/>
							<String ID="string_215" HPOS="461" VPOS="1151" WIDTH="51" HEIGHT="17" WC="0.95" CONTENT="antal"/><SP WIDTH="17" VPOS="1151" HPOS="512"/>
							<String ID="string_216" HPOS="529" VPOS="1152" WIDTH="8" HEIGHT="16" WC="0.93" CONTENT="i"/><SP WIDTH="12" VPOS="1152" HPOS="537"/>
							<String ID="string_217" HPOS="549" VPOS="1151" WIDTH="73" HEIGHT="22" WC="0.93" CONTENT="Wiborg"/><SP WIDTH="12" VPOS="1151" HPOS="622"/>
							<String ID="string_218" HPOS="634" VPOS="1153" WIDTH="57" HEIGHT="20" WC="0.96" CONTENT="stiger"/><SP WIDTH="12" VPOS="1153" HPOS="691"/>
							<String ID="string_219" HPOS="703" VPOS="1151" WIDTH="56" HEIGHT="18" WC="0.96" CONTENT="redan"/><SP WIDTH="12" VPOS="1151" HPOS="759"/>
							<String ID="string_220" HPOS="771" VPOS="1151" WIDTH="51" HEIGHT="18" WC="0.96" CONTENT="öfver"/><SP WIDTH="12" VPOS="1151" HPOS="822"/>
							<String ID="string_221" HPOS="834" VPOS="1151" WIDTH="31" HEIGHT="17" WC="0.88" CONTENT="det"/><SP WIDTH="12" VPOS="1151" HPOS="865"/>
							<String ID="string_222" HPOS="877" VPOS="1151" WIDTH="55" HEIGHT="17" WC="0.96" CONTENT="första"/>
						</TextLine>
						<TextLine ID="line_28" HPOS="179" VPOS="1180" WIDTH="753" HEIGHT="22">
							<String ID="string_223" HPOS="179" VPOS="1180" WIDTH="104" HEIGHT="21" WC="0.89" CONTENT="tusentalet,"/><SP WIDTH="19" VPOS="1180" HPOS="283"/>
							<String ID="string_224" HPOS="302" VPOS="1180" WIDTH="90" HEIGHT="17" WC="0.92" CONTENT="fördeladt"/><SP WIDTH="18" VPOS="1180" HPOS="392"/>
							<String ID="string_225" HPOS="410" VPOS="1182" WIDTH="24" HEIGHT="20" WC="0.91" CONTENT="pä"/><SP WIDTH="18" VPOS="1182" HPOS="434"/>
							<String ID="string_226" HPOS="452" VPOS="1181" WIDTH="82" HEIGHT="17" WC="0.91" CONTENT="särkilda"/><SP WIDTH="18" VPOS="1181" HPOS="534"/>
							<String ID="string_227" HPOS="552" VPOS="1181" WIDTH="62" HEIGHT="17" WC="0.92" CONTENT="skolor"/><SP WIDTH="12" VPOS="1181" HPOS="614"/>
							<String ID="string_228" HPOS="626" VPOS="1181" WIDTH="40" HEIGHT="18" WC="0.96" CONTENT="med"/><SP WIDTH="13" VPOS="1181" HPOS="666"/>
							<String ID="string_229" HPOS="679" VPOS="1181" WIDTH="40" HEIGHT="17" WC="0.93" CONTENT="dels"/><SP WIDTH="13" VPOS="1181" HPOS="719"/>
							<String ID="string_230" HPOS="732" VPOS="1181" WIDTH="61" HEIGHT="21" WC="0.91" CONTENT="finskt,"/><SP WIDTH="14" VPOS="1181" HPOS="793"/>
							<String ID="string_231" HPOS="807" VPOS="1181" WIDTH="39" HEIGHT="17" WC="0.93" CONTENT="dels"/><SP WIDTH="13" VPOS="1181" HPOS="846"/>
							<String ID="string_232" HPOS="859" VPOS="1181" WIDTH="73" HEIGHT="16" WC="0.93" CONTENT="svenskt"/>
						</TextLine>
						<TextLine ID="line_29" HPOS="178" VPOS="1209" WIDTH="757" HEIGHT="23">
							<String ID="string_233" HPOS="178" VPOS="1209" WIDTH="200" HEIGHT="23" WC="0.90" CONTENT="undervisningsspräk."/><SP WIDTH="25" VPOS="1209" HPOS="378"/>
							<String ID="string_234" HPOS="403" VPOS="1210" WIDTH="28" HEIGHT="17" WC="0.96" CONTENT="Då"/><SP WIDTH="18" VPOS="1210" HPOS="431"/>
							<String ID="string_235" HPOS="449" VPOS="1210" WIDTH="130" HEIGHT="22" WC="0.94" CONTENT="befolkningen"/><SP WIDTH="16" VPOS="1210" HPOS="579"/>
							<String ID="string_236" HPOS="595" VPOS="1211" WIDTH="30" HEIGHT="17" WC="0.96" CONTENT="till"/><SP WIDTH="13" VPOS="1211" HPOS="625"/>
							<String ID="string_237" HPOS="638" VPOS="1212" WIDTH="56" HEIGHT="16" WC="0.96" CONTENT="större"/><SP WIDTH="12" VPOS="1212" HPOS="694"/>
							<String ID="string_238" HPOS="706" VPOS="1210" WIDTH="54" HEIGHT="18" WC="0.96" CONTENT="delen"/><SP WIDTH="12" VPOS="1210" HPOS="760"/>
							<String ID="string_239" HPOS="772" VPOS="1211" WIDTH="34" HEIGHT="16" WC="0.93" CONTENT="har"/><SP WIDTH="11" VPOS="1211" HPOS="806"/>
							<String ID="string_240" HPOS="817" VPOS="1210" WIDTH="72" HEIGHT="17" WC="0.96" CONTENT="finskan"/><SP WIDTH="12" VPOS="1210" HPOS="889"/>
							<String ID="string_241" HPOS="901" VPOS="1209" WIDTH="34" HEIGHT="21" WC="0.66" CONTENT="tili"/>
						</TextLine>
						<TextLine ID="line_30" HPOS="178" VPOS="1239" WIDTH="756" HEIGHT="22">
							<String ID="string_242" HPOS="178" VPOS="1239" WIDTH="107" HEIGHT="18" WC="0.95" CONTENT="modersmål"/><SP WIDTH="12" VPOS="1239" HPOS="285"/>
							<String ID="string_243" HPOS="297" VPOS="1241" WIDTH="31" HEIGHT="16" WC="0.96" CONTENT="äro"/><SP WIDTH="13" VPOS="1241" HPOS="328"/>
							<String ID="string_244" HPOS="341" VPOS="1239" WIDTH="53" HEIGHT="18" WC="0.96" CONTENT="äfven"/><SP WIDTH="12" VPOS="1239" HPOS="394"/>
							<String ID="string_245" HPOS="406" VPOS="1240" WIDTH="23" HEIGHT="17" WC="0.96" CONTENT="de"/><SP WIDTH="11" VPOS="1240" HPOS="429"/>
							<String ID="string_246" HPOS="440" VPOS="1239" WIDTH="60" HEIGHT="18" WC="0.93" CONTENT="finska"/><SP WIDTH="8" VPOS="1239" HPOS="500"/>
							<String ID="string_247" HPOS="508" VPOS="1240" WIDTH="126" HEIGHT="17" WC="0.91" CONTENT="folkskolorna"/><SP WIDTH="8" VPOS="1240" HPOS="634"/>
							<String ID="string_248" HPOS="642" VPOS="1242" WIDTH="45" HEIGHT="15" WC="0.93" CONTENT="mest"/><SP WIDTH="8" VPOS="1242" HPOS="687"/>
							<String ID="string_249" HPOS="695" VPOS="1241" WIDTH="82" HEIGHT="16" WC="0.96" CONTENT="besökta."/><SP WIDTH="24" VPOS="1241" HPOS="777"/>
							<String ID="string_250" HPOS="801" VPOS="1240" WIDTH="41" HEIGHT="17" WC="0.93" CONTENT="Med"/><SP WIDTH="8" VPOS="1240" HPOS="842"/>
							<String ID="string_251" HPOS="850" VPOS="1239" WIDTH="84" HEIGHT="22" WC="0.96" CONTENT="stigande"/>
						</TextLine>
						<TextLine ID="line_31" HPOS="180" VPOS="1269" WIDTH="754" HEIGHT="23">
							<String ID="string_252" HPOS="180" VPOS="1269" WIDTH="151" HEIGHT="22" WC="0.91" CONTENT="bildningsbehof"/><SP WIDTH="6" VPOS="1269" HPOS="331"/>
							<String ID="string_253" HPOS="337" VPOS="1269" WIDTH="33" HEIGHT="17" WC="0.93" CONTENT="har"/><SP WIDTH="8" VPOS="1269" HPOS="370"/>
							<String ID="string_254" HPOS="378" VPOS="1269" WIDTH="70" HEIGHT="22" WC="0.95" CONTENT="årligen"/><SP WIDTH="9" VPOS="1269" HPOS="448"/>
							<String ID="string_255" HPOS="457" VPOS="1275" WIDTH="22" HEIGHT="11" WC="0.93" CONTENT="en"/><SP WIDTH="9" VPOS="1275" HPOS="479"/>
							<String ID="string_256" HPOS="488" VPOS="1269" WIDTH="66" HEIGHT="23" WC="0.92" CONTENT="mängd"/><SP WIDTH="8" VPOS="1269" HPOS="554"/>
							<String ID="string_257" HPOS="562" VPOS="1270" WIDTH="143" HEIGHT="17" WC="0.92" CONTENT="folkskolelever"/><SP WIDTH="8" VPOS="1270" HPOS="705"/>
							<String ID="string_258" HPOS="713" VPOS="1270" WIDTH="90" HEIGHT="22" WC="0.92" CONTENT="öfvergätt"/><SP WIDTH="8" VPOS="1270" HPOS="803"/>
							<String ID="string_259" HPOS="811" VPOS="1269" WIDTH="31" HEIGHT="18" WC="0.93" CONTENT="till"/><SP WIDTH="8" VPOS="1269" HPOS="842"/>
							<String ID="string_260" HPOS="850" VPOS="1269" WIDTH="84" HEIGHT="22" WC="0.46" CONTENT="lyceerna."/>
						</TextLine>
						<TextLine ID="line_32" HPOS="178" VPOS="1298" WIDTH="756" HEIGHT="19">
							<String ID="string_261" HPOS="178" VPOS="1299" WIDTH="34" HEIGHT="17" WC="0.95" CONTENT="och"/><SP WIDTH="21" VPOS="1299" HPOS="212"/>
							<String ID="string_262" HPOS="233" VPOS="1299" WIDTH="37" HEIGHT="17" WC="0.95" CONTENT="den"/><SP WIDTH="18" VPOS="1299" HPOS="270"/>
							<String ID="string_263" HPOS="288" VPOS="1300" WIDTH="78" HEIGHT="16" WC="0.93" CONTENT="svenska"/><SP WIDTH="18" VPOS="1300" HPOS="366"/>
							<String ID="string_264" HPOS="384" VPOS="1299" WIDTH="190" HEIGHT="17" WC="0.88" CONTENT="fruntimmersskolan."/><SP WIDTH="30" VPOS="1299" HPOS="574"/>
							<String ID="string_265" HPOS="604" VPOS="1300" WIDTH="90" HEIGHT="17" WC="0.87" CONTENT="Eleverna"/><SP WIDTH="18" VPOS="1300" HPOS="694"/>
							<String ID="string_266" HPOS="712" VPOS="1300" WIDTH="33" HEIGHT="17" WC="0.91" CONTENT="vid"/><SP WIDTH="18" VPOS="1300" HPOS="745"/>
							<String ID="string_267" HPOS="763" VPOS="1299" WIDTH="125" HEIGHT="18" WC="0.91" CONTENT="folkskolorna"/><SP WIDTH="18" VPOS="1299" HPOS="888"/>
							<String ID="string_268" HPOS="906" VPOS="1298" WIDTH="28" HEIGHT="18" WC="0.96" CONTENT="för"/>
						</TextLine>
						<TextLine ID="line_33" HPOS="178" VPOS="1328" WIDTH="757" HEIGHT="24">
							<String ID="string_269" HPOS="178" VPOS="1328" WIDTH="65" HEIGHT="18" WC="0.94" CONTENT="flickor"/><SP WIDTH="18" VPOS="1328" HPOS="243"/>
							<String ID="string_270" HPOS="261" VPOS="1329" WIDTH="42" HEIGHT="17" WC="0.93" CONTENT="med"/><SP WIDTH="17" VPOS="1329" HPOS="303"/>
							<String ID="string_271" HPOS="320" VPOS="1328" WIDTH="57" HEIGHT="18" WC="0.96" CONTENT="finskt"/><SP WIDTH="17" VPOS="1328" HPOS="377"/>
							<String ID="string_272" HPOS="394" VPOS="1329" WIDTH="107" HEIGHT="17" WC="0.95" CONTENT="modersmål"/><SP WIDTH="18" VPOS="1329" HPOS="501"/>
							<String ID="string_273" HPOS="519" VPOS="1330" WIDTH="61" HEIGHT="16" WC="0.96" CONTENT="kunde"/><SP WIDTH="16" VPOS="1330" HPOS="580"/>
							<String ID="string_274" HPOS="596" VPOS="1330" WIDTH="48" HEIGHT="17" WC="0.93" CONTENT="dock"/><SP WIDTH="12" VPOS="1330" HPOS="644"/>
							<String ID="string_275" HPOS="656" VPOS="1330" WIDTH="56" HEIGHT="17" WC="0.96" CONTENT="oftast"/><SP WIDTH="12" VPOS="1330" HPOS="712"/>
							<String ID="string_276" HPOS="724" VPOS="1330" WIDTH="42" HEIGHT="17" WC="0.96" CONTENT="icke"/><SP WIDTH="12" VPOS="1330" HPOS="766"/>
							<String ID="string_277" HPOS="778" VPOS="1330" WIDTH="84" HEIGHT="22" WC="0.96" CONTENT="begagna"/><SP WIDTH="11" VPOS="1330" HPOS="862"/>
							<String ID="string_278" HPOS="873" VPOS="1329" WIDTH="29" HEIGHT="21" WC="0.96" CONTENT="sig"/><SP WIDTH="12" VPOS="1329" HPOS="902"/>
							<String ID="string_279" HPOS="914" VPOS="1328" WIDTH="21" HEIGHT="18" WC="0.97" CONTENT="af"/>
						</TextLine>
						<TextLine ID="line_34" HPOS="179" VPOS="1358" WIDTH="756" HEIGHT="24">
							<String ID="string_280" HPOS="179" VPOS="1358" WIDTH="60" HEIGHT="18" WC="0.86" CONTENT="denna"/><SP WIDTH="18" VPOS="1358" HPOS="239"/>
							<String ID="string_281" HPOS="257" VPOS="1358" WIDTH="69" HEIGHT="17" WC="0.92" CONTENT="förmän"/><SP WIDTH="18" VPOS="1358" HPOS="326"/>
							<String ID="string_282" HPOS="344" VPOS="1358" WIDTH="34" HEIGHT="18" WC="0.93" CONTENT="och"/><SP WIDTH="18" VPOS="1358" HPOS="378"/>
							<String ID="string_283" HPOS="396" VPOS="1364" WIDTH="43" HEIGHT="12" WC="0.91" CONTENT="voro"/><SP WIDTH="20" VPOS="1364" HPOS="439"/>
							<String ID="string_284" HPOS="459" VPOS="1358" WIDTH="75" HEIGHT="18" WC="0.92" CONTENT="försatta"/><SP WIDTH="18" VPOS="1358" HPOS="534"/>
							<String ID="string_285" HPOS="552" VPOS="1360" WIDTH="7" HEIGHT="16" WC="0.93" CONTENT="i"/><SP WIDTH="16" VPOS="1360" HPOS="559"/>
							<String ID="string_286" HPOS="575" VPOS="1360" WIDTH="160" HEIGHT="22" WC="0.91" CONTENT="nödvändigheten"/><SP WIDTH="12" VPOS="1360" HPOS="735"/>
							<String ID="string_287" HPOS="747" VPOS="1361" WIDTH="28" HEIGHT="15" WC="0.93" CONTENT="att"/><SP WIDTH="12" VPOS="1361" HPOS="775"/>
							<String ID="string_288" HPOS="787" VPOS="1359" WIDTH="73" HEIGHT="22" WC="0.93" CONTENT="afbryta"/><SP WIDTH="11" VPOS="1359" HPOS="860"/>
							<String ID="string_289" HPOS="871" VPOS="1358" WIDTH="64" HEIGHT="18" WC="0.94" CONTENT="vidare"/>
						</TextLine>
						<TextLine ID="line_35" HPOS="178" VPOS="1387" WIDTH="758" HEIGHT="26">
							<String ID="string_290" HPOS="178" VPOS="1387" WIDTH="75" HEIGHT="26" WC="0.67" CONTENT="studier,"/><SP WIDTH="13" VPOS="1387" HPOS="253"/>
							<String ID="string_291" HPOS="266" VPOS="1388" WIDTH="25" HEIGHT="24" WC="0.93" CONTENT="JA"/><SP WIDTH="12" VPOS="1388" HPOS="291"/>
							<String ID="string_292" HPOS="303" VPOS="1388" WIDTH="31" HEIGHT="20" WC="0.94" CONTENT="dot"/><SP WIDTH="12" VPOS="1388" HPOS="334"/>
							<String ID="string_293" HPOS="346" VPOS="1388" WIDTH="103" HEIGHT="28" WC="0.47" CONTENT="nainrligen"/><SP WIDTH="4" VPOS="1388" HPOS="449"/>
							<String ID="string_294" HPOS="453" VPOS="1388" WIDTH="99" HEIGHT="22" WC="0.68" CONTENT="madfärde"/><SP WIDTH="12" VPOS="1388" HPOS="552"/>
							<String ID="string_295" HPOS="564" VPOS="1391" WIDTH="37" HEIGHT="17" WC="0.96" CONTENT="stor"/><SP WIDTH="13" VPOS="1391" HPOS="601"/>
							<String ID="string_296" HPOS="614" VPOS="1390" WIDTH="94" HEIGHT="21" WC="0.55" CONTENT="ayärighet"/><SP WIDTH="12" VPOS="1390" HPOS="708"/>
							<String ID="string_297" HPOS="720" VPOS="1389" WIDTH="27" HEIGHT="16" WC="0.92" CONTENT="för"/><SP WIDTH="12" VPOS="1389" HPOS="747"/>
							<String ID="string_298" HPOS="759" VPOS="1389" WIDTH="40" HEIGHT="16" WC="0.91" CONTENT="dem"/><SP WIDTH="12" VPOS="1389" HPOS="799"/>
							<String ID="string_299" HPOS="811" VPOS="1390" WIDTH="28" HEIGHT="15" WC="0.96" CONTENT="att"/><SP WIDTH="12" VPOS="1390" HPOS="839"/>
							<String ID="string_300" HPOS="851" VPOS="1388" WIDTH="85" HEIGHT="17" WC="0.91" CONTENT="fortsätta"/>
						</TextLine>
						<TextLine ID="line_36" HPOS="178" VPOS="1404" WIDTH="777" HEIGHT="41">
							<String ID="string_301" HPOS="178" VPOS="1406" WIDTH="105" HEIGHT="38" WC="0.80" CONTENT="läsningen"/><SP WIDTH="5" VPOS="1406" HPOS="283"/>
							<String ID="string_302" HPOS="288" VPOS="1410" WIDTH="32" HEIGHT="30" WC="0.80" CONTENT="pä"/><SP WIDTH="16" VPOS="1410" HPOS="320"/>
							<String ID="string_303" HPOS="336" VPOS="1407" WIDTH="26" HEIGHT="28" WC="0.95" CONTENT="ett"/><SP WIDTH="14" VPOS="1407" HPOS="362"/>
							<String ID="string_304" HPOS="376" VPOS="1406" WIDTH="60" HEIGHT="38" WC="0.94" CONTENT="annat"/><SP WIDTH="17" VPOS="1406" HPOS="436"/>
							<String ID="string_305" HPOS="453" VPOS="1404" WIDTH="61" HEIGHT="41" WC="0.96" CONTENT="språk."/><SP WIDTH="25" VPOS="1404" HPOS="514"/>
							<String ID="string_306" HPOS="539" VPOS="1418" WIDTH="55" HEIGHT="18" WC="0.93" CONTENT="Detta"/><SP WIDTH="18" VPOS="1418" HPOS="594"/>
							<String ID="string_307" HPOS="612" VPOS="1414" WIDTH="165" HEIGHT="23" WC="0.88" CONTENT="missförhällande&#39;"/><SP WIDTH="8" VPOS="1414" HPOS="777"/>
							<String ID="string_308" HPOS="785" VPOS="1424" WIDTH="34" HEIGHT="12" WC="0.96" CONTENT="var"/><SP WIDTH="10" VPOS="1424" HPOS="819"/>
							<String ID="string_309" HPOS="829" VPOS="1419" WIDTH="22" HEIGHT="17" WC="0.96" CONTENT="så"/><SP WIDTH="11" VPOS="1419" HPOS="851"/>
							<String ID="string_310" HPOS="862" VPOS="1418" WIDTH="75" HEIGHT="22" WC="0.92" CONTENT="mycket"/><SP WIDTH="10" VPOS="1418" HPOS="937"/>
							<String ID="string_311" HPOS="947" VPOS="1420" WIDTH="8" HEIGHT="8" WC="0.54" CONTENT="&#39;"/>
						</TextLine>
						<TextLine ID="line_37" HPOS="178" VPOS="1446" WIDTH="758" HEIGHT="25">
							<String ID="string_312" HPOS="178" VPOS="1446" WIDTH="120" HEIGHT="22" WC="0.87" CONTENT="kännbarare,"/><SP WIDTH="19" VPOS="1446" HPOS="298"/>
							<String ID="string_313" HPOS="317" VPOS="1452" WIDTH="37" HEIGHT="12" WC="0.96" CONTENT="som"/><SP WIDTH="18" VPOS="1452" HPOS="354"/>
							<String ID="string_314" HPOS="372" VPOS="1448" WIDTH="32" HEIGHT="21" WC="0.96" CONTENT="det"/><SP WIDTH="17" VPOS="1448" HPOS="404"/>
							<String ID="string_315" HPOS="421" VPOS="1449" WIDTH="7" HEIGHT="16" WC="0.93" CONTENT="i"/><SP WIDTH="19" VPOS="1449" HPOS="428"/>
							<String ID="string_316" HPOS="447" VPOS="1448" WIDTH="74" HEIGHT="22" WC="0.92" CONTENT="Wiborg"/><SP WIDTH="18" VPOS="1448" HPOS="521"/>
							<String ID="string_317" HPOS="539" VPOS="1449" WIDTH="48" HEIGHT="17" WC="0.96" CONTENT="varit"/><SP WIDTH="13" VPOS="1449" HPOS="587"/>
							<String ID="string_318" HPOS="600" VPOS="1449" WIDTH="71" HEIGHT="22" WC="0.95" CONTENT="vanligt"/><SP WIDTH="13" VPOS="1449" HPOS="671"/>
							<String ID="string_319" HPOS="684" VPOS="1450" WIDTH="28" HEIGHT="16" WC="0.96" CONTENT="att"/><SP WIDTH="12" VPOS="1450" HPOS="712"/>
							<String ID="string_320" HPOS="724" VPOS="1448" WIDTH="69" HEIGHT="18" WC="0.95" CONTENT="barnen"/><SP WIDTH="12" VPOS="1448" HPOS="793"/>
							<String ID="string_321" HPOS="805" VPOS="1449" WIDTH="40" HEIGHT="17" WC="0.96" CONTENT="från"/><SP WIDTH="12" VPOS="1449" HPOS="845"/>
							<String ID="string_322" HPOS="857" VPOS="1447" WIDTH="79" HEIGHT="18" WC="0.96" CONTENT="flertalet"/>
						</TextLine>
					</TextBlock>
				</ComposedBlock>
				<ComposedBlock ID="cblock_7" HPOS="250" VPOS="1484" WIDTH="541" HEIGHT="26">
					<TextBlock ID="block_9" HPOS="250" VPOS="1484" WIDTH="541" HEIGHT="26">
						<TextLine ID="line_38" HPOS="250" VPOS="1484" WIDTH="541" HEIGHT="26">
							<String ID="string_323" HPOS="250" VPOS="1484" WIDTH="111" HEIGHT="26" WC="0.93" CONTENT="Allmänna"/><SP WIDTH="15" VPOS="1484" HPOS="361"/>
							<String ID="string_324" HPOS="376" VPOS="1484" WIDTH="177" HEIGHT="25" WC="0.81" CONTENT="besvärsutskottets"/><SP WIDTH="15" VPOS="1484" HPOS="553"/>
							<String ID="string_325" HPOS="568" VPOS="1486" WIDTH="118" HEIGHT="20" WC="0.91" CONTENT="betänkände"/><SP WIDTH="15" VPOS="1486" HPOS="686"/>
							<String ID="string_326" HPOS="701" VPOS="1485" WIDTH="40" HEIGHT="21" WC="0.96" CONTENT="N:o"/><SP WIDTH="15" VPOS="1485" HPOS="741"/>
							<String ID="string_327" HPOS="756" VPOS="1484" WIDTH="35" HEIGHT="22" WC="0.96" CONTENT="18."/>
						</TextLine>
					</TextBlock>
				</ComposedBlock>
			</PrintSpace>
		</Page>
	</Layout>
</alto>
