1061 1717
323 98 240 23 Petitionsbetänkande
577 98 37 22 N:o
632 98 18 22 1.
803 97 30 21 45

470 165 36 21 14.

183 207 57 21 Frän
261 206 185 27 Borgareständet
466 212 28 16 en
513 206 93 27 petition
623 212 34 15 om
675 205 153 27 föreläggande
845 204 23 22 af

113 243 142 27 proposition,
271 248 34 15 om
322 242 85 27 möjligt
423 242 69 21 redan
508 242 34 21 till
559 242 71 21 denna
646 242 97 26 landtag,
755 240 111 28 angäende

112 278 112 28 byggande
247 277 24 22 af
290 284 27 15 en
337 278 80 21 bibana
438 277 48 22 frän
503 277 122 27 Sydänmaa
640 278 54 21 eller
710 283 71 15 annan
797 276 70 27 punkt

113 315 13 20 &
148 314 65 21 Wasa
236 313 71 21 banan
331 313 35 21 till
389 313 157 27 Kristinestad,
566 313 96 27 ingifven
684 312 23 22 af
726 312 56 22 Herr
797 312 33 21 W.
847 311 20 22 J.

113 350 69 26 Lund,
198 349 88 22 hvilken
302 349 7 21 i
325 348 92 28 original
433 348 66 22 skrift
515 351 24 19 är
555 349 127 27 sälydande:

259 421 55 20 Till
329 421 144 26 Vällofliga
488 420 233 27 Borgareständet.

186 469 32 20 En
239 469 22 20 af
279 469 25 20 de
320 469 124 26 mäktigaste
460 469 121 26 häfstänger
596 469 32 20 för
644 468 147 21 befordrandet
806 468 23 19 af
842 475 25 13 en

113 499 104 20 landsdels
241 499 131 20 ekonomiska
392 499 122 26 utveckling
535 503 22 16 är
576 499 169 25 ovedersägligen
760 497 53 21 lätta
829 498 39 19 och

115 529 70 25 billiga
202 529 207 28 kommunikationer.
440 529 12 20 I
468 529 79 20 saknad
564 529 23 20 af
600 529 78 20 sådana
693 529 37 19 har
746 528 123 25 landskapet

115 559 61 19 södra
198 555 133 24 Österbotten
354 559 7 19 i
383 559 39 19 alla
444 559 54 20 tider
514 559 60 26 varit,
590 559 85 20 oaktadt
691 559 35 19 det
742 558 81 25 intager
839 560 31 17 ett

115 588 137 20 framstående
271 595 45 13 rum
337 589 8 19 i
360 588 96 20 afseende
472 590 12 18 å
500 588 110 20 folktäthet
626 588 38 20 och
679 588 46 20 sina
741 588 128 25 bebyggares

116 618 159 25 företagsamhet
291 619 38 19 och
344 618 90 25 idoghet.
466 619 71 25 Längs
553 619 76 19 kusten
645 619 41 18 kan
696 617 123 26 visserligen
829 617 41 20 far-

116 647 111 27 tygstrafik
247 648 135 20 obehindradt
400 647 74 28 fortgä,
490 655 47 13 men
553 648 57 20 detta
626 651 23 16 är
664 648 18 25 ej
699 649 68 24 nägon
783 653 87 20 synner-

116 678 30 25 lig
161 678 56 20 vinst
231 677 32 20 för
279 678 25 20 de
320 680 61 23 stora,
397 678 127 27 välmäende,
537 678 204 25 jordbruksidkande
757 677 114 20 socknarne

116 708 48 19 inne
179 708 7 19 i
201 707 76 27 landet,
292 711 51 16 utan
358 707 62 21 hafva
436 707 62 20 dessa
513 708 88 25 nödgats
612 708 36 19 allt
659 707 102 26 framgent
771 707 100 25 nedsläpa

117 737 46 20 med
186 737 55 20 foror
259 738 44 19 sina
318 737 114 26 produkter
447 737 32 20 till
495 737 97 20 städerna
608 738 38 19 och
660 737 47 20 med
722 743 77 14 samma
815 737 55 24 slags

118 767 223 26 fortskaffningsmedel
361 767 54 20 ifrän
431 767 62 20 dessa
508 767 92 20 afhemta
616 767 44 20 sina
676 774 61 13 varor
753 767 38 19 och
805 765 67 21 förnö-

117 797 104 20 denheter.
244 798 39 19 Att
299 797 57 20 detta
366 797 53 20 både
429 797 124 20 tidsödande
565 797 37 20 och
614 797 52 26 dyra
675 796 197 20 kommunikations-

117 827 66 20 medel
203 827 128 25 nödvändigt
349 827 96 20 inverkat
461 828 27 25 pä
504 827 205 28 varuomsättningen
724 827 39 19 och
778 825 95 20 landsde-

118 857 45 20 lens
183 856 104 20 förkofran
308 860 23 16 är
352 863 25 13 en
398 856 109 25 sjelffallen
524 857 43 19 sak.
598 852 62 24 Östra
675 855 90 21 Finland
781 855 92 20 deremot

118 887 37 20 har
178 886 45 20 haft
245 887 40 19 den
309 887 119 20 oskattbara
448 886 107 20 förmänen
571 889 31 17 att
618 893 73 18 genom
706 885 167 25 kanaliseringen

120 917 23 19 af
159 917 47 20 dess
222 917 73 25 många
311 916 124 26 vattendrag
450 915 64 21 äfven
529 916 7 19 i
552 916 45 20 sina
612 917 44 19 inre
672 916 57 19 delar
745 915 64 20 blifva
825 917 48 24 öpp-

119 947 52 19 nadt
190 945 32 20 för
243 946 66 21 trafik.
340 946 42 20 Det
403 949 22 16 är
441 946 55 20 visst
511 949 62 17 sannt
589 949 30 16 att
634 946 49 19 dess
698 945 125 25 vattendrag
839 947 35 17 äro

119 983 26 13 en
161 979 42 17 stor
223 976 34 19 del
277 976 23 19 af
318 977 44 19 året
383 976 107 25 isbelagda
505 979 54 16 samt
574 976 121 20 landsdelen
711 975 80 20 således
807 974 68 20 denna

119 1006 32 20 tid
175 1005 22 20 af
217 1007 44 18 äret
284 1006 73 19 endast
379 1005 102 21 hänvisad
500 1006 33 19 till
549 1005 35 20 det
599 1005 147 26 ursprungliga
761 1007 114 23 transport-

120 1036 79 25 medlet,
223 1042 47 13 men
293 1035 113 20 detsamma
426 1039 22 16 är
467 1035 27 34 ju
513 1035 138 20 förhållandet
670 1035 47 20 med
738 1037 75 18 nästan
829 1034 46 19 hela

119 1066 61 19 södra
196 1047 139 49 "Österbotten
358 1067 44 18 året
426 1072 38 18 om,
488 1065 7 20 i
517 1065 35 20 det
573 1068 30 17 att
622 1065 108 20 trafikabla
745 1063 130 22 vattenleder

121 1095 75 20 saknas
217 1095 38 20 och
272 1095 89 26 jernväg
376 1095 18 26 ej
410 1077 74 48 finnes;
515 1095 66 20 Wasa
593 1095 89 25 jernväg
697 1095 37 19 har
749 1094 47 20 icke
811 1093 65 20 heller

120 1125 87 20 medfört
223 1126 68 24 någon
306 1125 106 26 synnerlig
428 1127 62 24 nytta
504 1125 33 19 för
553 1124 150 21 ofvannämnde
713 1124 99 25 landsdel,
824 1129 52 14 eme-

120 1155 41 19 dan
177 1154 103 21 afståndet
295 1155 32 19 till
340 1155 115 26 jernvägen
471 1157 24 17 är
510 1155 59 25 långt
584 1155 38 19 och
632 1153 245 27 transportkostnaderna

121 1184 69 21 derför
200 1184 57 26 dyra.
280 1185 33 28 En
323 1185 75 19 bibana
408 1185 32 19 till
450 1184 67 20 Wasa
524 1184 92 27 jernväg,
625 1184 78 25 dragen
711 1183 54 20 ifrån
773 1183 103 20 Kristine-

122 1214 47 20 stad
189 1221 74 18 genom
284 1214 124 25 Östermark,
429 1214 126 25 Kauhajoki,
577 1214 111 25 Jalasjärvi
704 1214 37 19 och
757 1212 120 21 Peräseinä-

119 1244 46 26 joki
181 1244 87 20 socknar
283 1244 32 20 till
331 1244 76 20 endera
422 1243 24 20 af
459 1244 118 25 Sydänmaa
592 1244 49 19 eller
656 1244 65 19 Alavo
738 1243 101 20 stationer
855 1245 22 16 är

123 1274 35 20 det
173 1273 52 21 enda
241 1274 76 20 medlet
333 1276 30 18 att
378 1276 56 18 sätta
449 1273 70 21 denna
533 1273 94 21 landsdel
642 1273 8 20 i
665 1273 61 21 stånd
742 1275 31 18 att
783 1272 95 26 tillgodo-

123 1307 49 23 göra
194 1304 45 20 sina
263 1306 61 24 stora,
346 1304 104 25 naturliga
470 1310 100 14 resurser.
600 1304 33 19 En
654 1304 80 26 bibana,
754 1303 65 20 sådan
835 1308 44 14 som

122 1334 72 25 denna,
210 1334 59 20 torde
285 1334 18 25 ej
319 1334 64 20 heller
398 1334 61 19 ställa
474 1334 34 25 sig
525 1334 115 25 synnerligt
656 1333 39 26 dyr
709 1333 32 19 för
757 1332 40 20 den
808 1332 71 26 jemna

123 1366 122 23 terrängens
268 1364 55 20 skull
346 1364 38 19 och
407 1363 87 20 emedan
515 1364 73 19 endast
608 1363 22 19 få
650 1364 38 19 och
709 1362 119 26 obetydliga
844 1362 35 19 åar

123 1394 65 19 måste
204 1393 101 26 öfvergås.
336 1393 33 19 Då
384 1393 66 20 Wasa
463 1393 96 27 jernväg,
575 1393 85 19 oaktadt
676 1392 25 20 de
715 1393 61 20 svåra
786 1394 93 22 terräng-

124 1422 155 21 förhållandena
307 1422 55 20 ifrån
391 1422 140 20 Tammerfors
557 1422 32 20 till
613 1423 71 25 Alavo,
710 1422 71 20 kostat
806 1421 75 20 endast

125 1452 80 26 53,000
228 1453 59 19 mark
307 1460 38 19 per
365 1455 63 23 verst,
444 1452 60 20 torde
520 1459 47 13 man
583 1455 73 23 tryggt
671 1452 71 20 kunna
759 1454 75 23 antaga
851 1453 30 17 att

198 1495 196 25 Jernvägsutskottets
410 1493 120 21 betänkande
545 1494 39 21 N:o
600 1495 18 19 3.
