1061 1717
245 99 81 23 Ständ.
343 100 51 23 Pet.
410 112 28 4 —
453 101 169 23 Petitionsbet.
639 102 39 22 N:o
695 102 35 24 18.

384 404 97 21 Finlands
504 404 100 23 Ständers
625 405 139 27 underdåniga
780 405 85 27 petition

318 438 86 21 rörande
421 439 39 21 rätt
475 439 32 22 för
522 439 116 23 Ständerna
653 440 29 21 att
697 440 31 21 vid
743 441 67 26 hvarje
823 441 41 26 lag-

318 473 50 21 tima
389 473 96 27 landtdag
509 474 111 22 verkställa
640 475 121 27 granskning
781 474 22 22 af
822 475 43 26 Sty-

316 507 80 22 relsens
419 508 65 21 sedan
507 508 125 28 föregående
653 509 94 27 landtdag
770 509 95 27 vidtagna

317 541 102 28 åtgärder.

130 609 268 29 Stormägtigste,
421 610 259 29 Allernådigste
703 611 142 29 Kejsare

347 644 56 21 och
428 645 200 22 Storfurste.

180 707 47 22 Vid
250 708 157 21 innevarande
431 708 116 29 landtdag
566 709 70 21 hafva
652 709 9 21 i
675 711 86 20 tvenne
776 709 88 29 förslag

111 742 40 22 till
172 742 161 29 underdåniga
354 743 132 28 petitioner,
509 744 26 21 af
550 743 81 22 hvilka
647 743 39 22 det
701 751 43 14 ena
759 744 82 21 väckts
856 744 8 21 i

111 777 172 28 Ridderskapet
303 777 44 22 och
360 777 79 22 Adeln
457 777 44 22 och
517 777 40 22 det
572 778 72 21 andra
659 778 9 21 i
682 778 181 26 Presteståndet,

110 812 128 22 framstälts
261 811 114 22 särskilda
397 812 184 28 önskningsmål,
605 812 122 28 åsyftande
749 812 115 29 utvidgad

110 848 49 20 rätt
173 846 35 21 för
224 845 130 22 Ständerna
370 848 34 19 att
420 846 90 22 erhålla
526 847 37 21 del
578 847 26 21 af
613 847 132 28 Styrelsens
755 847 110 28 åtgärder

111 881 76 21 under
207 880 45 21 den
271 880 165 22 nästförflutna
459 881 239 29 landtdagsperioden
717 881 44 22 och
777 884 33 19 att
826 881 38 22 de-

111 922 87 17 samma
213 915 106 28 granska.

182 949 136 29 Ständerna,
334 949 81 22 hvilka
430 949 107 28 godkänt
552 950 39 21 det
607 950 116 21 allmänna
731 950 134 28 syftemålet

111 983 55 22 med
187 983 177 28 ifrågavarande
385 984 209 28 petitionsförslag,
610 984 97 29 utbedja
721 985 37 28 sig
773 984 90 21 derföre

110 1018 171 29 underdånigst
299 1020 35 19 att
352 1018 23 21 få
393 1018 131 21 framställa
544 1018 28 21 de
592 1019 151 28 synpunkter,
759 1026 49 14 som
823 1018 41 22 vid

112 1052 107 22 ärendets
235 1052 144 28 behandling
394 1052 42 21 hos
452 1052 134 22 Ständerna
600 1053 63 28 gjort
678 1053 36 28 sig
729 1053 116 28 gällande.

180 1087 12 21 I
207 1088 34 19 ett
261 1086 191 22 konstitutionelt
475 1087 112 21 samhälle
602 1089 70 27 utgör
686 1095 29 14 en
730 1087 135 22 harmonisk

113 1121 138 22 samverkan
265 1121 86 21 mellan
365 1121 111 28 regering
492 1121 44 22 och
551 1122 185 27 representation
751 1124 34 19 ett
793 1121 72 22 ound-

111 1155 110 29 gängligt
243 1155 76 22 vilkor
339 1155 36 22 för
393 1155 136 22 samhällets
553 1156 73 21 sunda
646 1156 143 29 utveckling.
819 1157 47 20 För

111 1189 118 23 vinnande
247 1190 25 21 af
285 1197 29 14 en
329 1189 73 22 sådan
417 1190 140 21 samverkan
571 1190 42 21 har
628 1191 8 20 i
652 1190 44 21 den
711 1198 70 21 nyare
797 1193 68 19 stats-

112 1224 67 22 läran
200 1224 117 29 uppstälts
339 1224 123 29 principen
483 1232 37 14 om
537 1225 257 28 ministeransvarighet
809 1225 57 21 eller

114 1258 167 29 skyldigheten
300 1259 37 20 för
354 1258 140 22 monarkens
517 1259 133 28 rådgifvare
665 1261 34 20 att
714 1259 62 22 inför
790 1266 76 21 repre-

114 1293 148 22 sentationen
284 1300 99 14 ansvara
404 1294 37 20 för
461 1294 53 21 sina
536 1294 42 21 råd
599 1294 44 21 och
662 1294 203 28 embetsåtgärder.

113 1327 144 29 Härigenom
273 1327 60 27 afses
349 1329 34 19 att
397 1327 146 22 tillförsäkra
563 1328 99 21 nämnde
678 1328 132 28 rådgifvare
826 1328 39 21 det

113 1362 60 26 stöd,
189 1368 48 15 som
252 1361 123 22 innebäres
390 1362 9 20 i
414 1361 182 23 folkombudens
607 1362 103 22 uttalade
726 1362 139 26 förtroende,

115 1398 61 20 samt
191 1397 34 20 att
239 1396 9 21 i
263 1398 95 19 motsatt
374 1396 42 21 fall
431 1396 67 28 gifva
519 1396 115 22 ombuden
653 1396 92 22 tillfälle
762 1399 34 19 att
811 1400 56 25 göra
