1061 1717
213 108 28 22 56
395 107 239 23 Petitionsbetänkande
649 107 37 22 N:o
704 100 19 28 1.

183 182 50 14 vara
247 175 106 27 likgiltigt,
368 175 103 21 huruvida
486 175 26 20 de
522 181 74 20 genom
606 175 125 25 jernvägens
742 172 122 26 sträckning
874 172 64 20 blifva

183 204 132 22 uteslutande
336 205 113 20 hänvisade
469 205 32 20 till
522 211 25 14 en
566 204 44 21 viss
635 207 33 17 ort
690 204 39 20 och
751 202 125 26 utestängda
890 202 46 19 från

183 237 104 18 närmaste
301 234 102 26 kuststad,
418 235 50 20 eller
484 242 32 13 om
531 234 48 20 dem
594 234 86 20 beredes
696 234 106 20 förmånen
818 232 23 20 af
853 232 28 20 fri
898 231 38 20 täf-

183 266 34 19 lan
239 265 76 20 mellan
337 264 49 21 flere
409 264 75 21 städer.
514 264 76 21 Denna
610 264 109 26 synpunkt
733 270 38 13 var
787 263 40 19 den
843 262 93 20 öfvervä-

183 294 68 26 gande
267 294 35 21 vid
317 294 90 20 beslutet
422 297 30 17 att
468 294 48 21 leda
529 294 115 26 jernvägen
660 294 32 20 till
708 293 73 20 Gamla
791 292 93 26 Karleby
900 291 37 20 och

183 324 82 26 Yxpila,
285 331 46 13 men
352 324 38 20 har
404 324 33 20 sin
452 324 52 20 fulla
518 324 132 26 tillämpning
666 323 62 21 äfven
743 322 129 21 beträffande
887 321 50 20 Bra-

183 354 80 21 hestad.

258 384 43 20 Det
323 384 42 20 kan
385 384 18 26 ej
423 384 65 20 heller
508 390 49 14 vara
576 384 47 20 med
643 384 82 20 landets
746 382 66 20 fördel
833 381 104 26 förenligt,

184 416 31 18 att
237 420 26 14 en
283 416 38 24 ort,
345 420 43 14 som
408 421 74 19 genom
497 414 48 21 dess
560 414 153 26 innebyggares
729 412 69 26 insigt,
815 411 70 26 energi
900 410 38 20 och

183 443 152 27 kapitalstyrka
349 444 8 19 i
372 451 25 13 en
414 444 23 19 af
449 445 51 19 våra
514 444 113 26 vigtigaste
638 444 161 25 näringsgrenar
809 443 46 25 gått
865 441 73 20 främst

183 474 7 19 i
204 473 62 28 ledet,
285 481 30 12 nu
330 476 50 18 utan
396 477 47 23 eget
454 473 134 27 förvållande,
603 474 53 20 blott
671 480 74 19 genom
761 472 41 20 den
818 471 120 25 sträckning

183 503 40 21 den
239 504 142 25 Uleåborgska
398 504 115 26 jernvägen
528 505 88 24 erhållit,
631 504 7 19 i
654 503 36 21 det
705 503 41 20 den
757 502 70 20 afskär
842 501 40 20 den
898 500 39 20 för-

184 536 80 17 nämsta
284 533 59 21 delen
364 533 22 20 af
404 534 84 20 stadens
504 533 176 26 handelsområde,
696 533 54 20 skall
765 532 70 20 dömas
852 534 30 17 att
897 531 39 19 för-

183 563 58 20 tvina
256 563 39 20 och
311 563 31 21 dö.
373 563 77 21 Staden
465 564 82 25 intager
562 564 62 20 äfven
639 562 134 26 fortfarande,
789 562 18 25 ej
819 562 54 20 blott
882 560 55 21 hvad

184 593 47 20 dess
255 593 118 26 skeppsfart
395 593 104 26 beträffar,
522 596 51 18 utan
595 594 38 20 ock
649 593 7 20 i
672 592 98 21 afseende
785 593 12 18 å
812 590 124 25 folkmängd,

183 622 76 21 handel
281 623 39 20 och
334 623 90 21 industri
444 630 26 14 en
486 625 23 18 sä
524 624 119 26 betydande
658 623 56 26 plats
729 622 36 21 vid
781 622 59 20 sidan
857 621 22 20 af
892 620 45 21 sina

184 653 65 26 begge
269 653 143 26 grannstäder,
435 653 71 21 hvilka
524 653 102 21 hvardera
641 657 51 16 utan
708 653 68 25 nägon
792 651 118 27 uppoffring
925 651 12 18 &

184 682 59 21 deras
259 683 50 25 sida,
325 683 89 26 hugnats
429 683 47 20 med
492 683 223 26 jernvägsförbindelse
730 682 39 20 och
785 681 68 20 skilda
867 681 69 20 hamn-

182 713 71 25 banor,
278 713 73 20 hvilka
365 713 7 19 i
387 713 79 26 Yxpila
485 713 74 20 kräfva
580 720 26 13 en
621 713 90 20 kostnad
726 712 23 20 af
763 711 63 20 omkr.
843 709 94 27 300,000

184 742 34 19 mk
234 742 39 20 och
292 741 9 21 i
317 743 104 26 Uleåborg
444 743 95 26 700,000
558 743 41 26 mk,
620 745 31 18 att
666 743 36 20 det
717 742 47 19 icke
779 747 63 20 synes
858 740 79 25 obilligt

184 774 31 17 att
230 771 62 21 äfven
307 771 31 21 för
354 773 68 20 denna
438 775 32 18 ort
485 773 76 25 begära
577 779 25 14 en
618 773 80 20 mindre
709 771 119 27 uppoffring
838 770 46 20 frän
895 772 41 17 sta-

183 804 46 17 tens
251 801 50 27 sida,
321 802 55 20 helst
391 802 67 21 denna
474 803 52 25 stad,
542 803 90 20 förutom
648 805 30 18 ett
701 801 128 27 postkontor,
853 807 25 14 en
893 801 44 18 tvä-

181 831 81 26 klassig
277 831 64 28 skola,
351 839 44 13 som
409 833 67 20 under
492 832 48 21 flere
556 834 23 19 år
595 832 54 21 varit
664 832 107 25 indragen,
787 831 38 20 och
841 832 31 18 ett
886 829 50 20 min-

182 861 37 20 dre
239 861 74 26 bidrag
329 862 32 19 till
376 862 130 20 underhället
521 862 23 20 af
557 863 48 20 dess
620 862 120 24 folkskolor,
757 861 18 25 ej
791 860 64 26 njutit
871 859 64 20 andra

182 891 103 20 särskilda
299 891 104 21 förmåner
418 892 23 19 af
454 895 69 17 staten
539 895 26 17 än
580 892 98 20 tillvaron
693 893 28 25 pä
737 893 58 18 orten
811 890 23 19 af
847 896 26 14 en
888 889 47 20 tull-

182 920 112 21 förvaltaro
312 921 39 20 och
366 928 25 13 en
406 921 143 26 kronokassör,
566 922 84 20 hvilken
666 920 129 21 sistnämnde
811 919 72 21 staden
898 919 38 20 har

182 949 57 26 nöjet
254 953 31 17 att
301 951 71 20 aflöna.

255 980 128 21 Brahestads
405 981 119 26 folkmängd
545 981 96 26 utgjorde
665 981 59 21 1880
747 979 66 28 3,000
833 985 103 20 personer,

181 1012 42 17 mot
239 1009 161 26 2,170
309 1005 10 37 i
328 1009 72 26 Gamla
414 1011 93 26 Karleby
522 1011 39 20 och
576 1011 80 27 9,700
648 1005 10 37 i
666 1011 112 24 Uleåborg.
799 1010 136 20 Innevänare-

182 1039 78 20 antalet
282 1040 7 19 i
313 1040 126 21 Brahestads
462 1041 186 26 landsförsamling,
676 1047 45 14 som
747 1039 145 26 genomskäres
915 1038 23 19 af

182 1069 40 20 den
237 1069 118 26 föreslagna
370 1070 94 27 bibanan,
480 1077 38 14 var
533 1077 77 14 samma
626 1072 22 19 år
664 1070 67 26 2,200
747 1070 38 20 och
801 1069 7 20 i
823 1069 54 24 Salo,
892 1075 43 13 som

181 1099 67 25 ligger
263 1099 55 20 inom
333 1106 26 14 en
374 1100 36 20 mil
425 1100 46 20 frän
486 1101 74 26 banan,
577 1100 70 27 1,300.

257 1127 90 23 Stadens
362 1129 76 21 handel
452 1131 38 19 har
505 1131 55 20 varit
575 1131 31 20 uti
620 1131 63 25 jemnt
695 1130 39 20 och
745 1129 79 26 stadigt
834 1127 100 26 stigande.

181 1156 13 21 I
209 1158 96 21 medeltal
325 1159 32 20 för
380 1160 67 19 nedan
468 1163 105 23 upptagne
591 1159 166 27 treärsperioden
773 1166 38 13 var
825 1158 73 21 värdet
914 1157 22 20 af

182 1187 102 27 importen
300 1189 38 20 och
354 1192 98 23 exporten
468 1193 54 17 samt
536 1190 161 26 tulluppbörden
713 1196 44 13 som
773 1189 67 25 följer:

427 1226 75 31 Import.
626 1227 77 31 Export.
754 1229 31 18 S:a
798 1228 136 23 Tulluppbörd.

211 1259 118 22 1871—73
427 1257 99 36 730,701.
617 1261 102 26 587,694.
808 1260 86 25 97,046.

212 1289 117 22 1874—76
406 1287 119 35 1,234,064.
617 1291 102 26 735,179.
795 1289 99 27 134,358.

211 1315 118 35 1877—179
406 1316 120 36 1,348,101.
617 1320 101 28 659,265.
794 1319 100 26 154,310.

211 1348 118 22 1880—82
406 1346 120 36 1,755,659.
616 1346 103 36 800,051.
794 1349 100 26 160,231.

233 1412 10 7 .
255 1390 42 21 För
311 1390 127 27 jomförolsos
453 1392 56 20 skull
523 1393 34 24 må
572 1392 82 20 anföras
670 1394 32 25 att
717 1391 33 21 för
761 1391 127 19 sistnämnda
901 1393 31 17 tre

181 1421 34 19 års
225 1420 72 26 period
307 1423 47 23 steg
365 1421 7 20 i
382 1421 74 20 Gamla
463 1421 95 27 Karleby
568 1418 101 30 importen
679 1422 8 19 i
697 1421 66 21 värde
773 1421 33 19 till
817 1419 117 29 1,658,000

180 1450 38 20 och
234 1453 99 23 exporten
348 1451 31 19 till
396 1451 94 26 634,000
505 1452 64 26 mark,
585 1454 53 18 samt
653 1452 7 19 i
674 1452 106 24 Uleäborg
790 1451 101 26 importen
901 1450 31 20 till

240 1492 196 25 Jernvägsutskottets
452 1494 118 20 betänkande
585 1494 38 20 N:o
638 1494 20 20 3.
