1061 1717
223 88 30 22 50
404 86 239 25 Petitionsbetänkande
659 87 38 23 N:o
713 87 18 22 1.

194 155 77 25 ningen
297 150 253 30 Östermyra--Uleäborg
573 155 26 25 på
622 154 89 26 följande
735 155 48 18 sätt:
813 152 131 21 Beträffande

195 184 68 20 denna
284 184 60 20 linies
365 184 121 26 sträckning
502 191 49 13 anse
567 184 112 20 ständerna
695 186 31 18 att
741 183 41 20 den
797 183 38 20 bör
849 182 57 21 ledas
922 184 22 18 så

194 216 31 18 att
247 214 36 20 det
305 214 44 20 inre
371 214 71 20 landet
464 215 24 19 så
506 214 45 20 vidt
566 214 80 26 möjligt
661 216 62 23 göres
738 213 102 25 delaktigt
855 212 23 20 af
887 212 58 26 jern-

194 246 79 23 vägens
288 244 96 27 fördelar,
399 244 133 25 hvarigenom
548 243 48 21 dess
612 244 71 25 odling
698 244 39 20 och
752 242 136 26 bebyggande
903 242 41 19 kan

196 273 115 27 befrämjas,
334 280 47 14 men
404 276 31 17 att
457 274 46 20 icke
526 274 65 19 heller
606 274 98 20 städerna
718 273 79 19 lemnas
813 273 23 19 så
849 273 59 24 långt
924 273 21 18 åt

195 303 58 20 sidan
275 306 30 17 att
325 303 26 20 de
366 303 90 26 bibanor,
472 304 71 20 hvilka
559 306 34 17 äro
608 303 134 25 nödvändiga
757 302 32 20 för
804 305 31 17 att
850 301 94 21 förbinda

195 333 96 20 städerna
307 333 46 20 med
367 333 117 20 hvarandra
500 333 38 20 och
550 333 164 25 jernvägsnätet,
722 332 67 21 blefve
800 332 69 20 alltför
879 332 65 25 långa.

194 363 75 19 Denna
291 362 48 20 linie
361 362 106 21 förbinder
490 363 81 20 direkte
593 364 37 19 två
644 362 141 21 framstående
800 362 144 26 hamnplatser,

196 392 74 20 Gamla
284 392 93 27 Karleby
392 393 38 20 och
445 393 110 27 Uleåborg,
571 395 54 18 samt
641 393 103 20 utesluter
754 392 46 20 icke
813 392 131 26 möjligheten

195 425 31 18 att
240 422 47 21 leda
299 422 149 26 jemförelsevis
463 423 61 20 korta
538 423 86 20 bibanor
639 422 33 21 till
686 422 129 27 Nykarleby,
830 420 115 22 Jakobstad

195 453 38 19 och
248 453 116 20 Brahestad
379 456 53 17 samt
446 453 92 20 kommer
553 453 99 25 derjemte
666 453 36 20 det
714 453 45 20 inre
769 452 72 20 landet
850 452 32 19 till
892 451 52 26 godo

195 482 38 20 och
256 485 65 17 sätter
344 483 112 19 detsamma
479 484 27 25 på
526 483 102 20 särskilda
646 483 75 20 ställen
736 483 7 19 i
755 482 129 20 förbindelse
898 481 47 20 med

195 511 78 28 hafvet,
296 513 133 25 hvarigenom
452 513 36 20 det
510 513 44 20 inre
569 513 71 20 landet
655 513 41 19 kan
712 512 57 20 fmna
785 511 113 26 afsättning
913 511 31 20 för

195 542 45 19 sina
255 542 113 26 produkter
384 544 50 18 utan
449 545 31 17 att
496 543 68 25 någon
579 543 43 20 viss
638 543 48 19 stad
701 542 76 20 blifver
793 544 42 17 satt
849 541 7 20 i
867 541 78 20 tillfälle

196 574 30 17 att
241 572 148 25 monopolisera
404 572 96 21 handeln.
523 572 31 20 Af
567 572 61 20 dessa
643 572 37 20 ord
696 579 63 19 synes
775 574 31 17 att
821 573 70 18 senast
906 571 39 19 för-

196 601 90 20 samlade
301 602 84 20 ständer
400 603 60 19 tänkt
476 602 32 25 sig
523 603 86 19 bibanor
624 602 32 20 till
671 602 99 20 städerna
785 603 26 24 på
827 601 40 20 den
880 603 64 27 öster-

196 631 106 20 bottniska
311 631 146 20 kuststräckan
470 633 67 19 såsom
546 639 26 13 en
583 631 109 26 sjelffallen
703 632 132 24 konseqvens
845 631 24 20 af
877 631 67 20 Öster-

195 661 231 26 myra—Uleåborgska
447 661 120 26 jernvägen.
597 662 12 19 I
627 661 74 26 sjelfva
723 661 74 20 verket
820 664 23 17 är
858 661 35 20 det
908 661 38 19 och

195 690 32 20 för
241 691 53 19 hvar
309 691 38 20 och
362 698 26 13 en
404 691 84 20 alldeles
503 692 56 19 klart
573 694 30 17 att
614 698 32 13 om
656 692 46 19 icke
713 691 98 20 städerna
820 691 125 26 Nykarleby,

196 720 115 20 Jakobstad
334 721 38 20 och
390 721 117 20 Brahestad
522 721 81 20 förenas
618 721 48 20 med
681 721 40 20 den
737 721 140 20 förbiledande
892 720 53 25 jern-

196 753 66 22 vägen
285 750 62 20 dessa
369 751 69 20 städer
460 751 63 20 hafva
545 751 69 20 blifvit
638 751 114 20 åsidosatta
774 751 32 19 till
821 751 78 19 förmån
914 749 31 20 för

193 779 126 26 jernvägens
345 780 131 26 ändpunkter
498 781 113 26 hvarjemte
634 781 32 20 för
683 781 116 25 jernvägen
815 780 130 26 möjligheten

196 811 30 18 att
242 809 64 26 draga
322 810 40 19 alla
376 810 70 26 möjlig
461 811 62 26 profit
538 811 23 19 af
568 811 35 20 det
613 811 147 20 trafikområde
769 810 39 20 den
816 810 130 25 genomlöper

196 839 119 20 försvårats.
345 839 54 20 Lika
414 841 71 19 säkert
500 847 43 13 som
558 841 58 19 detta
632 843 22 17 är
670 841 53 19 dock
739 840 63 20 äfven
817 840 36 19 det
868 842 30 17 att
914 846 31 13 om

196 868 40 20 den
252 875 39 14 ena
305 869 49 20 eller
370 870 64 19 andra
449 870 23 19 af
486 870 25 20 de
526 870 135 26 uppräknade
676 870 99 20 städerna
789 876 81 19 gynnas
884 869 61 20 fram-

195 898 32 20 för
243 898 25 20 de
284 899 65 20 andra
363 906 73 19 genom
452 900 128 20 erhållandet
595 899 23 20 af
631 900 86 20 bibanor
728 899 127 20 dödsdomen
863 899 83 20 dermed

196 928 76 20 uttalas
295 928 58 21 öfver
376 929 24 20 de
426 930 65 19 andra
514 930 38 19 och
574 930 90 19 handeln
679 929 88 20 sålunda
782 929 164 26 monopoliseras.

196 957 41 26 Jag
260 964 61 14 anser
343 959 37 20 allt
402 959 58 20 detta
477 966 50 13 vara
542 959 47 20 fullt
604 959 125 26 tillräckliga
744 959 64 20 motiv
823 959 32 19 till
870 965 26 13 en
910 965 35 13 an-

195 987 69 20 hållan
285 990 31 17 att
336 988 109 27 Vällofliga
462 989 176 26 Borgareståndet
658 989 48 20 ville
726 989 72 20 förena
813 989 33 25 sig
861 989 30 19 uti
907 989 37 19 och

194 1016 32 20 till
249 1017 153 22 vederbörande
421 1019 81 20 utskott
516 1019 96 20 remitera
627 1025 26 14 en
668 1019 88 26 petition
772 1019 7 18 i
795 1019 35 19 det
845 1017 55 27 syfte
915 1020 31 18 att

377 1078 23 13 en
419 1072 71 20 bibana
511 1073 58 18 måtte
585 1072 71 25 byggas
670 1072 49 24 från
735 1072 35 19 den
785 1072 60 19 under
861 1072 86 25 byggnad

338 1101 87 20 varande
435 1102 185 25 jernvägssträckan
635 1094 136 38 Östermyra—
782 1102 70 19 Gamla
860 1100 86 27 Karleby

339 1131 32 19 till
386 1131 33 25 Ny
434 1132 88 24 Karleby
536 1132 51 24 stad;
603 1138 22 13 en
635 1132 80 19 sträcka
726 1132 27 24 af
762 1132 90 25 omkring
866 1132 13 19 7
889 1133 56 22 verst,

338 1161 34 19 och
390 1161 31 20 det
435 1161 102 25 samtidigt
551 1161 42 20 med
611 1161 31 20 det
656 1161 73 20 bibana
745 1161 67 26 bygges
827 1161 32 20 till
874 1168 71 18 grann-

338 1191 66 19 staden
419 1191 113 20 Jakobstad.

266 1249 159 25 Helsingfors,
442 1250 35 28 den
493 1251 24 18 31
533 1250 89 20 Januari
638 1251 64 19 1885.

672 1321 24 22 F.
713 1320 35 22 W.
765 1320 107 22 Sundvall.

269 1469 195 25 Jernvägsutskottets
479 1471 116 20 betänkande
610 1472 37 19 N:o
663 1472 18 20 3.
