<?xml version="1.0" encoding="UTF-8"?>
<alto xmlns="http://www.loc.gov/standards/alto/ns-v3#" xmlns:xlink="http://www.w3.org/1999/xlink" xmlns:xsi="http://www.w3.org/2001/XMLSchema-instance" xsi:schemaLocation="http://www.loc.gov/standards/alto/ns-v3# http://www.loc.gov/alto/v3/alto-3-0.xsd">
	<Description>
		<MeasurementUnit>pixel</MeasurementUnit>
		<sourceImageInformation>
			<fileName>/tmp/tess_eefu8zr9_input.PNG</fileName>
		</sourceImageInformation>
		<OCRProcessing ID="OCR_0">
			<ocrProcessingStep>
				<processingSoftware>
					<softwareName>tesseract 5.3.4</softwareName>
				</processingSoftware>
			</ocrProcessingStep>
		</OCRProcessing>
	</Description>
	<Layout>
		<Page WIDTH="1061" HEIGHT="1717" PHYSICAL_IMG_NR="0" ID="page_0">
			<PrintSpace HPOS="0" VPOS="0" WIDTH="1061" HEIGHT="1717">
				<GraphicalElement ID="cblock_0" HPOS="0" VPOS="708" WIDTH="4" HEIGHT="359"></GraphicalElement >
				<ComposedBlock ID="cblock_1" HPOS="225" VPOS="96" WIDTH="584" HEIGHT="26">
					<TextBlock ID="block_0" HPOS="225" VPOS="96" WIDTH="584" HEIGHT="26">
						<TextLine ID="line_0" HPOS="225" VPOS="96" WIDTH="584" HEIGHT="26">
							<String ID="string_0" HPOS="225" VPOS="100" WIDTH="12" HEIGHT="19" WC="0.93" CONTENT="2"/><SP WIDTH="93" VPOS="100" HPOS="237"/>
							<String ID="string_1" HPOS="330" VPOS="98" WIDTH="78" HEIGHT="23" WC="0.91" CONTENT="Ständ."/><SP WIDTH="18" VPOS="98" HPOS="408"/>
							<String ID="string_2" HPOS="426" VPOS="100" WIDTH="50" HEIGHT="22" WC="0.93" CONTENT="Pet."/><SP WIDTH="17" VPOS="100" HPOS="476"/>
							<String ID="string_3" HPOS="493" VPOS="112" WIDTH="27" HEIGHT="3" WC="0.92" CONTENT="—"/><SP WIDTH="15" VPOS="112" HPOS="520"/>
							<String ID="string_4" HPOS="535" VPOS="98" WIDTH="169" HEIGHT="22" WC="0.91" CONTENT="Petitionsbet."/><SP WIDTH="17" VPOS="98" HPOS="704"/>
							<String ID="string_5" HPOS="721" VPOS="98" WIDTH="40" HEIGHT="21" WC="0.96" CONTENT="N:o"/><SP WIDTH="16" VPOS="98" HPOS="761"/>
							<String ID="string_6" HPOS="777" VPOS="96" WIDTH="32" HEIGHT="22" WC="0.95" CONTENT="41."/>
						</TextLine>
					</TextBlock>
				</ComposedBlock>
				<ComposedBlock ID="cblock_2" HPOS="197" VPOS="166" WIDTH="763" HEIGHT="1223">
					<TextBlock ID="block_1" HPOS="197" VPOS="166" WIDTH="758" HEIGHT="472">
						<TextLine ID="line_1" HPOS="197" VPOS="166" WIDTH="755" HEIGHT="28">
							<String ID="string_7" HPOS="197" VPOS="168" WIDTH="7" HEIGHT="20" WC="0.96" CONTENT="i"/><SP WIDTH="27" VPOS="168" HPOS="204"/>
							<String ID="string_8" HPOS="231" VPOS="168" WIDTH="26" HEIGHT="20" WC="0.89" CONTENT="de"/><SP WIDTH="26" VPOS="168" HPOS="257"/>
							<String ID="string_9" HPOS="283" VPOS="167" WIDTH="82" HEIGHT="22" WC="0.89" CONTENT="dertills"/><SP WIDTH="25" VPOS="167" HPOS="365"/>
							<String ID="string_10" HPOS="390" VPOS="167" WIDTH="126" HEIGHT="21" WC="0.94" CONTENT="meddelade"/><SP WIDTH="26" VPOS="167" HPOS="516"/>
							<String ID="string_11" HPOS="542" VPOS="167" WIDTH="98" HEIGHT="21" WC="0.93" CONTENT="enskilda"/><SP WIDTH="21" VPOS="167" HPOS="640"/>
							<String ID="string_12" HPOS="661" VPOS="166" WIDTH="291" HEIGHT="28" WC="0.91" CONTENT="jernvägskoncessionerna,"/>
						</TextLine>
						<TextLine ID="line_2" HPOS="200" VPOS="200" WIDTH="752" HEIGHT="28">
							<String ID="string_13" HPOS="200" VPOS="205" WIDTH="55" HEIGHT="17" WC="0.93" CONTENT="samt"/><SP WIDTH="17" VPOS="205" HPOS="255"/>
							<String ID="string_14" HPOS="272" VPOS="201" WIDTH="112" HEIGHT="22" WC="0.92" CONTENT="framhöllo"/><SP WIDTH="16" VPOS="201" HPOS="384"/>
							<String ID="string_15" HPOS="400" VPOS="202" WIDTH="68" HEIGHT="26" WC="0.93" CONTENT="några"/><SP WIDTH="14" VPOS="202" HPOS="468"/>
							<String ID="string_16" HPOS="482" VPOS="201" WIDTH="163" HEIGHT="27" WC="0.91" CONTENT="önskningsmål"/><SP WIDTH="15" VPOS="201" HPOS="645"/>
							<String ID="string_17" HPOS="660" VPOS="200" WIDTH="133" HEIGHT="22" WC="0.89" CONTENT="beträffande"/><SP WIDTH="15" VPOS="200" HPOS="793"/>
							<String ID="string_18" HPOS="808" VPOS="200" WIDTH="75" HEIGHT="27" WC="0.93" CONTENT="lagens"/><SP WIDTH="10" VPOS="200" HPOS="883"/>
							<String ID="string_19" HPOS="893" VPOS="200" WIDTH="59" HEIGHT="20" WC="0.92" CONTENT="inne-"/>
						</TextLine>
						<TextLine ID="line_3" HPOS="200" VPOS="234" WIDTH="752" HEIGHT="28">
							<String ID="string_20" HPOS="200" VPOS="235" WIDTH="44" HEIGHT="21" WC="0.96" CONTENT="håll"/><SP WIDTH="23" VPOS="235" HPOS="244"/>
							<String ID="string_21" HPOS="267" VPOS="235" WIDTH="7" HEIGHT="21" WC="0.96" CONTENT="i"/><SP WIDTH="23" VPOS="235" HPOS="274"/>
							<String ID="string_22" HPOS="297" VPOS="235" WIDTH="69" HEIGHT="27" WC="0.95" CONTENT="öfrigt."/><SP WIDTH="38" VPOS="235" HPOS="366"/>
							<String ID="string_23" HPOS="404" VPOS="236" WIDTH="50" HEIGHT="20" WC="0.95" CONTENT="Med"/><SP WIDTH="20" VPOS="236" HPOS="454"/>
							<String ID="string_24" HPOS="474" VPOS="235" WIDTH="137" HEIGHT="27" WC="0.95" CONTENT="åberopande"/><SP WIDTH="15" VPOS="235" HPOS="611"/>
							<String ID="string_25" HPOS="626" VPOS="235" WIDTH="25" HEIGHT="21" WC="0.96" CONTENT="af"/><SP WIDTH="13" VPOS="235" HPOS="651"/>
							<String ID="string_26" HPOS="664" VPOS="236" WIDTH="71" HEIGHT="20" WC="0.93" CONTENT="denna"/><SP WIDTH="15" VPOS="236" HPOS="735"/>
							<String ID="string_27" HPOS="750" VPOS="234" WIDTH="133" HEIGHT="21" WC="0.91" CONTENT="Ständernas"/><SP WIDTH="15" VPOS="234" HPOS="883"/>
							<String ID="string_28" HPOS="898" VPOS="241" WIDTH="54" HEIGHT="20" WC="0.93" CONTENT="upp-"/>
						</TextLine>
						<TextLine ID="line_4" HPOS="200" VPOS="269" WIDTH="753" HEIGHT="27">
							<String ID="string_29" HPOS="200" VPOS="269" WIDTH="95" HEIGHT="27" WC="0.96" CONTENT="fattning"/><SP WIDTH="16" VPOS="269" HPOS="295"/>
							<String ID="string_30" HPOS="311" VPOS="276" WIDTH="34" HEIGHT="14" WC="0.96" CONTENT="om"/><SP WIDTH="16" VPOS="276" HPOS="345"/>
							<String ID="string_31" HPOS="361" VPOS="270" WIDTH="188" HEIGHT="26" WC="0.96" CONTENT="nödvändigheten"/><SP WIDTH="16" VPOS="270" HPOS="549"/>
							<String ID="string_32" HPOS="565" VPOS="272" WIDTH="32" HEIGHT="18" WC="0.96" CONTENT="att"/><SP WIDTH="14" VPOS="272" HPOS="597"/>
							<String ID="string_33" HPOS="611" VPOS="276" WIDTH="78" HEIGHT="20" WC="0.95" CONTENT="genom"/><SP WIDTH="15" VPOS="276" HPOS="689"/>
							<String ID="string_34" HPOS="704" VPOS="276" WIDTH="27" HEIGHT="14" WC="0.93" CONTENT="en"/><SP WIDTH="16" VPOS="276" HPOS="731"/>
							<String ID="string_35" HPOS="747" VPOS="269" WIDTH="124" HEIGHT="26" WC="0.91" CONTENT="ständerlag"/><SP WIDTH="14" VPOS="269" HPOS="871"/>
							<String ID="string_36" HPOS="885" VPOS="269" WIDTH="68" HEIGHT="20" WC="0.96" CONTENT="ordna"/>
						</TextLine>
						<TextLine ID="line_5" HPOS="202" VPOS="302" WIDTH="750" HEIGHT="28">
							<String ID="string_37" HPOS="202" VPOS="304" WIDTH="26" HEIGHT="20" WC="0.92" CONTENT="de"/><SP WIDTH="23" VPOS="304" HPOS="228"/>
							<String ID="string_38" HPOS="251" VPOS="304" WIDTH="211" HEIGHT="25" WC="0.91" CONTENT="rättsförhållanden,"/><SP WIDTH="24" VPOS="304" HPOS="462"/>
							<String ID="string_39" HPOS="486" VPOS="304" WIDTH="73" HEIGHT="21" WC="0.96" CONTENT="hvilka"/><SP WIDTH="23" VPOS="304" HPOS="559"/>
							<String ID="string_40" HPOS="582" VPOS="310" WIDTH="49" HEIGHT="15" WC="0.95" CONTENT="vore"/><SP WIDTH="24" VPOS="310" HPOS="631"/>
							<String ID="string_41" HPOS="655" VPOS="304" WIDTH="49" HEIGHT="20" WC="0.96" CONTENT="med"/><SP WIDTH="16" VPOS="304" HPOS="704"/>
							<String ID="string_42" HPOS="720" VPOS="303" WIDTH="145" HEIGHT="27" WC="0.96" CONTENT="anläggandet"/><SP WIDTH="16" VPOS="303" HPOS="865"/>
							<String ID="string_43" HPOS="881" VPOS="302" WIDTH="23" HEIGHT="22" WC="0.93" CONTENT="af"/><SP WIDTH="14" VPOS="302" HPOS="904"/>
							<String ID="string_44" HPOS="918" VPOS="309" WIDTH="34" HEIGHT="14" WC="0.93" CONTENT="en-"/>
						</TextLine>
						<TextLine ID="line_6" HPOS="202" VPOS="337" WIDTH="751" HEIGHT="28">
							<String ID="string_45" HPOS="202" VPOS="337" WIDTH="71" HEIGHT="21" WC="0.93" CONTENT="skilda"/><SP WIDTH="22" VPOS="337" HPOS="273"/>
							<String ID="string_46" HPOS="295" VPOS="338" WIDTH="115" HEIGHT="27" WC="0.91" CONTENT="jernvägar"/><SP WIDTH="22" VPOS="338" HPOS="410"/>
							<String ID="string_47" HPOS="432" VPOS="338" WIDTH="109" HEIGHT="25" WC="0.93" CONTENT="förenade,"/><SP WIDTH="25" VPOS="338" HPOS="541"/>
							<String ID="string_48" HPOS="566" VPOS="338" WIDTH="88" HEIGHT="27" WC="0.92" CONTENT="afböjde"/><SP WIDTH="24" VPOS="338" HPOS="654"/>
							<String ID="string_49" HPOS="678" VPOS="337" WIDTH="121" HEIGHT="21" WC="0.91" CONTENT="Ständerna"/><SP WIDTH="22" VPOS="337" HPOS="799"/>
							<String ID="string_50" HPOS="821" VPOS="337" WIDTH="36" HEIGHT="21" WC="0.96" CONTENT="vid"/><SP WIDTH="16" VPOS="337" HPOS="857"/>
							<String ID="string_51" HPOS="873" VPOS="343" WIDTH="80" HEIGHT="15" WC="0.96" CONTENT="samma"/>
						</TextLine>
						<TextLine ID="line_7" HPOS="201" VPOS="372" WIDTH="753" HEIGHT="27">
							<String ID="string_52" HPOS="201" VPOS="372" WIDTH="107" HEIGHT="26" WC="0.92" CONTENT="landtdag"/><SP WIDTH="23" VPOS="372" HPOS="308"/>
							<String ID="string_53" HPOS="331" VPOS="373" WIDTH="41" HEIGHT="20" WC="0.96" CONTENT="den"/><SP WIDTH="21" VPOS="373" HPOS="372"/>
							<String ID="string_54" HPOS="393" VPOS="373" WIDTH="27" HEIGHT="19" WC="0.96" CONTENT="då"/><SP WIDTH="15" VPOS="373" HPOS="420"/>
							<String ID="string_55" HPOS="435" VPOS="372" WIDTH="120" HEIGHT="26" WC="0.96" CONTENT="framlagda"/><SP WIDTH="16" VPOS="372" HPOS="555"/>
							<String ID="string_56" HPOS="571" VPOS="372" WIDTH="79" HEIGHT="26" WC="0.96" CONTENT="nådiga"/><SP WIDTH="15" VPOS="372" HPOS="650"/>
							<String ID="string_57" HPOS="665" VPOS="372" WIDTH="162" HEIGHT="27" WC="0.95" CONTENT="propositionen"/><SP WIDTH="16" VPOS="372" HPOS="827"/>
							<String ID="string_58" HPOS="843" VPOS="378" WIDTH="34" HEIGHT="14" WC="0.93" CONTENT="om"/><SP WIDTH="16" VPOS="378" HPOS="877"/>
							<String ID="string_59" HPOS="893" VPOS="375" WIDTH="61" HEIGHT="17" WC="0.92" CONTENT="anta-"/>
						</TextLine>
						<TextLine ID="line_8" HPOS="202" VPOS="406" WIDTH="751" HEIGHT="27">
							<String ID="string_60" HPOS="202" VPOS="407" WIDTH="71" HEIGHT="26" WC="0.95" CONTENT="gande"/><SP WIDTH="24" VPOS="407" HPOS="273"/>
							<String ID="string_61" HPOS="297" VPOS="406" WIDTH="23" HEIGHT="21" WC="0.96" CONTENT="af"/><SP WIDTH="20" VPOS="406" HPOS="320"/>
							<String ID="string_62" HPOS="340" VPOS="413" WIDTH="26" HEIGHT="14" WC="0.96" CONTENT="en"/><SP WIDTH="17" VPOS="413" HPOS="366"/>
							<String ID="string_63" HPOS="383" VPOS="406" WIDTH="128" HEIGHT="27" WC="0.96" CONTENT="författning"/><SP WIDTH="16" VPOS="406" HPOS="511"/>
							<String ID="string_64" HPOS="527" VPOS="407" WIDTH="113" HEIGHT="26" WC="0.93" CONTENT="angående"/><SP WIDTH="16" VPOS="407" HPOS="640"/>
							<String ID="string_65" HPOS="656" VPOS="406" WIDTH="122" HEIGHT="26" WC="0.91" CONTENT="underpant"/><SP WIDTH="16" VPOS="406" HPOS="778"/>
							<String ID="string_66" HPOS="794" VPOS="406" WIDTH="7" HEIGHT="20" WC="0.93" CONTENT="i"/><SP WIDTH="13" VPOS="406" HPOS="801"/>
							<String ID="string_67" HPOS="814" VPOS="406" WIDTH="139" HEIGHT="26" WC="0.91" CONTENT="jernvägsan-"/>
						</TextLine>
						<TextLine ID="line_9" HPOS="202" VPOS="441" WIDTH="751" HEIGHT="26">
							<String ID="string_68" HPOS="202" VPOS="441" WIDTH="129" HEIGHT="26" WC="0.96" CONTENT="läggningar"/><SP WIDTH="22" VPOS="441" HPOS="331"/>
							<String ID="string_69" HPOS="353" VPOS="441" WIDTH="49" HEIGHT="20" WC="0.93" CONTENT="med"/><SP WIDTH="22" VPOS="441" HPOS="402"/>
							<String ID="string_70" HPOS="424" VPOS="441" WIDTH="72" HEIGHT="20" WC="0.92" CONTENT="dertill"/><SP WIDTH="17" VPOS="441" HPOS="496"/>
							<String ID="string_71" HPOS="513" VPOS="441" WIDTH="96" HEIGHT="21" WC="0.96" CONTENT="hörande"/><SP WIDTH="15" VPOS="441" HPOS="609"/>
							<String ID="string_72" HPOS="624" VPOS="441" WIDTH="43" HEIGHT="20" WC="0.96" CONTENT="fast"/><SP WIDTH="15" VPOS="441" HPOS="667"/>
							<String ID="string_73" HPOS="682" VPOS="441" WIDTH="40" HEIGHT="20" WC="0.96" CONTENT="och"/><SP WIDTH="15" VPOS="441" HPOS="722"/>
							<String ID="string_74" HPOS="737" VPOS="441" WIDTH="144" HEIGHT="26" WC="0.93" CONTENT="lösegendom,"/><SP WIDTH="17" VPOS="441" HPOS="881"/>
							<String ID="string_75" HPOS="898" VPOS="447" WIDTH="55" HEIGHT="14" WC="0.92" CONTENT="eme-"/>
						</TextLine>
						<TextLine ID="line_10" HPOS="203" VPOS="474" WIDTH="752" HEIGHT="28">
							<String ID="string_76" HPOS="203" VPOS="475" WIDTH="49" HEIGHT="25" WC="0.96" CONTENT="dan,"/><SP WIDTH="25" VPOS="475" HPOS="252"/>
							<String ID="string_77" HPOS="277" VPOS="475" WIDTH="68" HEIGHT="26" WC="0.96" CONTENT="enligt"/><SP WIDTH="21" VPOS="475" HPOS="345"/>
							<String ID="string_78" HPOS="366" VPOS="476" WIDTH="127" HEIGHT="19" WC="0.93" CONTENT="ständernas"/><SP WIDTH="23" VPOS="476" HPOS="493"/>
							<String ID="string_79" HPOS="516" VPOS="475" WIDTH="61" HEIGHT="27" WC="0.91" CONTENT="åsigt,"/><SP WIDTH="24" VPOS="475" HPOS="577"/>
							<String ID="string_80" HPOS="601" VPOS="476" WIDTH="25" HEIGHT="20" WC="0.96" CONTENT="de"/><SP WIDTH="16" VPOS="476" HPOS="626"/>
							<String ID="string_81" HPOS="642" VPOS="475" WIDTH="7" HEIGHT="20" WC="0.93" CONTENT="i"/><SP WIDTH="15" VPOS="475" HPOS="649"/>
							<String ID="string_82" HPOS="664" VPOS="476" WIDTH="141" HEIGHT="26" WC="0.92" CONTENT="nyssnämndt"/><SP WIDTH="16" VPOS="476" HPOS="805"/>
							<String ID="string_83" HPOS="821" VPOS="475" WIDTH="54" HEIGHT="26" WC="0.92" CONTENT="syfte"/><SP WIDTH="15" VPOS="475" HPOS="875"/>
							<String ID="string_84" HPOS="890" VPOS="474" WIDTH="65" HEIGHT="21" WC="0.91" CONTENT="erfor-"/>
						</TextLine>
						<TextLine ID="line_11" HPOS="204" VPOS="509" WIDTH="751" HEIGHT="27">
							<String ID="string_85" HPOS="204" VPOS="509" WIDTH="83" HEIGHT="26" WC="0.92" CONTENT="derliga"/><SP WIDTH="18" VPOS="509" HPOS="287"/>
							<String ID="string_86" HPOS="305" VPOS="509" WIDTH="248" HEIGHT="27" WC="0.92" CONTENT="lagbestämmningarna"/><SP WIDTH="17" VPOS="509" HPOS="553"/>
							<String ID="string_87" HPOS="570" VPOS="509" WIDTH="66" HEIGHT="21" WC="0.96" CONTENT="borde"/><SP WIDTH="16" VPOS="509" HPOS="636"/>
							<String ID="string_88" HPOS="652" VPOS="509" WIDTH="85" HEIGHT="20" WC="0.95" CONTENT="komma"/><SP WIDTH="16" VPOS="509" HPOS="737"/>
							<String ID="string_89" HPOS="753" VPOS="509" WIDTH="32" HEIGHT="20" WC="0.93" CONTENT="till"/><SP WIDTH="16" VPOS="509" HPOS="785"/>
							<String ID="string_90" HPOS="801" VPOS="509" WIDTH="64" HEIGHT="20" WC="0.91" CONTENT="stäad"/><SP WIDTH="15" VPOS="509" HPOS="865"/>
							<String ID="string_91" HPOS="880" VPOS="509" WIDTH="75" HEIGHT="20" WC="0.96" CONTENT="endast"/>
						</TextLine>
						<TextLine ID="line_12" HPOS="204" VPOS="542" WIDTH="750" HEIGHT="29">
							<String ID="string_92" HPOS="204" VPOS="543" WIDTH="6" HEIGHT="20" WC="0.96" CONTENT="i"/><SP WIDTH="19" VPOS="543" HPOS="210"/>
							<String ID="string_93" HPOS="229" VPOS="543" WIDTH="156" HEIGHT="26" WC="0.96" CONTENT="sammanhang"/><SP WIDTH="16" VPOS="543" HPOS="385"/>
							<String ID="string_94" HPOS="401" VPOS="545" WIDTH="48" HEIGHT="19" WC="0.96" CONTENT="med"/><SP WIDTH="16" VPOS="545" HPOS="449"/>
							<String ID="string_95" HPOS="465" VPOS="543" WIDTH="51" HEIGHT="21" WC="0.96" CONTENT="eller"/><SP WIDTH="15" VPOS="543" HPOS="516"/>
							<String ID="string_96" HPOS="531" VPOS="546" WIDTH="54" HEIGHT="18" WC="0.96" CONTENT="efter"/><SP WIDTH="15" VPOS="546" HPOS="585"/>
							<String ID="string_97" HPOS="600" VPOS="550" WIDTH="25" HEIGHT="14" WC="0.96" CONTENT="en"/><SP WIDTH="18" VPOS="550" HPOS="625"/>
							<String ID="string_98" HPOS="643" VPOS="543" WIDTH="41" HEIGHT="28" WC="0.96" CONTENT="lag,"/><SP WIDTH="17" VPOS="543" HPOS="684"/>
							<String ID="string_99" HPOS="701" VPOS="550" WIDTH="44" HEIGHT="13" WC="0.93" CONTENT="som"/><SP WIDTH="16" VPOS="550" HPOS="745"/>
							<String ID="string_100" HPOS="761" VPOS="543" WIDTH="112" HEIGHT="20" WC="0.92" CONTENT="faststälde"/><SP WIDTH="16" VPOS="543" HPOS="873"/>
							<String ID="string_101" HPOS="889" VPOS="542" WIDTH="65" HEIGHT="21" WC="0.93" CONTENT="vilko-"/>
						</TextLine>
						<TextLine ID="line_13" HPOS="204" VPOS="577" WIDTH="751" HEIGHT="28">
							<String ID="string_102" HPOS="204" VPOS="583" WIDTH="37" HEIGHT="14" WC="0.96" CONTENT="ren"/><SP WIDTH="24" VPOS="583" HPOS="241"/>
							<String ID="string_103" HPOS="265" VPOS="577" WIDTH="34" HEIGHT="20" WC="0.93" CONTENT="för"/><SP WIDTH="14" VPOS="577" HPOS="299"/>
							<String ID="string_104" HPOS="313" VPOS="577" WIDTH="132" HEIGHT="27" WC="0.95" CONTENT="beviljandet"/><SP WIDTH="16" VPOS="577" HPOS="445"/>
							<String ID="string_105" HPOS="461" VPOS="577" WIDTH="23" HEIGHT="21" WC="0.93" CONTENT="af"/><SP WIDTH="13" VPOS="577" HPOS="484"/>
							<String ID="string_106" HPOS="497" VPOS="577" WIDTH="126" HEIGHT="22" WC="0.92" CONTENT="koncession"/><SP WIDTH="17" VPOS="577" HPOS="623"/>
							<String ID="string_107" HPOS="640" VPOS="579" WIDTH="12" HEIGHT="20" WC="0.92" CONTENT="å"/><SP WIDTH="16" VPOS="579" HPOS="652"/>
							<String ID="string_108" HPOS="668" VPOS="577" WIDTH="84" HEIGHT="22" WC="0.93" CONTENT="enskild"/><SP WIDTH="13" VPOS="577" HPOS="752"/>
							<String ID="string_109" HPOS="765" VPOS="577" WIDTH="190" HEIGHT="28" WC="0.91" CONTENT="jernvägsanlägg-"/>
						</TextLine>
						<TextLine ID="line_14" HPOS="203" VPOS="611" WIDTH="58" HEIGHT="27">
							<String ID="string_110" HPOS="203" VPOS="611" WIDTH="58" HEIGHT="27" WC="0.95" CONTENT="ning."/>
						</TextLine>
					</TextBlock>
					<TextBlock ID="block_2" HPOS="202" VPOS="645" WIDTH="754" HEIGHT="335">
						<TextLine ID="line_15" HPOS="274" VPOS="645" WIDTH="682" HEIGHT="27">
							<String ID="string_111" HPOS="274" VPOS="646" WIDTH="124" HEIGHT="21" WC="0.92" CONTENT="Emellertid"/><SP WIDTH="16" VPOS="646" HPOS="398"/>
							<String ID="string_112" HPOS="414" VPOS="646" WIDTH="125" HEIGHT="21" WC="0.96" CONTENT="utfärdades"/><SP WIDTH="17" VPOS="646" HPOS="539"/>
							<String ID="string_113" HPOS="556" VPOS="647" WIDTH="23" HEIGHT="20" WC="0.93" CONTENT="af"/><SP WIDTH="10" VPOS="647" HPOS="579"/>
							<String ID="string_114" HPOS="589" VPOS="646" WIDTH="107" HEIGHT="26" WC="0.91" CONTENT="Styrelsen"/><SP WIDTH="12" VPOS="646" HPOS="696"/>
							<String ID="string_115" HPOS="708" VPOS="647" WIDTH="40" HEIGHT="20" WC="0.96" CONTENT="den"/><SP WIDTH="13" VPOS="647" HPOS="748"/>
							<String ID="string_116" HPOS="761" VPOS="647" WIDTH="12" HEIGHT="19" WC="0.95" CONTENT="3"/><SP WIDTH="12" VPOS="647" HPOS="773"/>
							<String ID="string_117" HPOS="785" VPOS="645" WIDTH="103" HEIGHT="21" WC="0.96" CONTENT="Februari"/><SP WIDTH="14" VPOS="645" HPOS="888"/>
							<String ID="string_118" HPOS="902" VPOS="646" WIDTH="54" HEIGHT="20" WC="0.95" CONTENT="1876"/>
						</TextLine>
						<TextLine ID="line_16" HPOS="204" VPOS="679" WIDTH="752" HEIGHT="28">
							<String ID="string_119" HPOS="204" VPOS="681" WIDTH="29" HEIGHT="26" WC="0.90" CONTENT="pä"/><SP WIDTH="23" VPOS="681" HPOS="233"/>
							<String ID="string_120" HPOS="256" VPOS="681" WIDTH="158" HEIGHT="21" WC="0.95" CONTENT="administrativ"/><SP WIDTH="23" VPOS="681" HPOS="414"/>
							<String ID="string_121" HPOS="437" VPOS="682" WIDTH="46" HEIGHT="25" WC="0.96" CONTENT="väg,"/><SP WIDTH="17" VPOS="682" HPOS="483"/>
							<String ID="string_122" HPOS="500" VPOS="687" WIDTH="34" HEIGHT="14" WC="0.93" CONTENT="om"/><SP WIDTH="17" VPOS="687" HPOS="534"/>
							<String ID="string_123" HPOS="551" VPOS="680" WIDTH="40" HEIGHT="21" WC="0.96" CONTENT="ock"/><SP WIDTH="16" VPOS="680" HPOS="591"/>
							<String ID="string_124" HPOS="607" VPOS="680" WIDTH="67" HEIGHT="21" WC="0.96" CONTENT="delvis"/><SP WIDTH="16" VPOS="680" HPOS="674"/>
							<String ID="string_125" HPOS="690" VPOS="681" WIDTH="49" HEIGHT="20" WC="0.96" CONTENT="med"/><SP WIDTH="15" VPOS="681" HPOS="739"/>
							<String ID="string_126" HPOS="754" VPOS="679" WIDTH="123" HEIGHT="21" WC="0.96" CONTENT="beaktande"/><SP WIDTH="15" VPOS="679" HPOS="877"/>
							<String ID="string_127" HPOS="892" VPOS="679" WIDTH="24" HEIGHT="21" WC="0.96" CONTENT="af"/><SP WIDTH="14" VPOS="679" HPOS="916"/>
							<String ID="string_128" HPOS="930" VPOS="680" WIDTH="26" HEIGHT="19" WC="0.96" CONTENT="de"/>
						</TextLine>
						<TextLine ID="line_17" HPOS="204" VPOS="713" WIDTH="752" HEIGHT="28">
							<String ID="string_129" HPOS="204" VPOS="714" WIDTH="50" HEIGHT="21" WC="0.89" CONTENT="utaf"/><SP WIDTH="21" VPOS="714" HPOS="254"/>
							<String ID="string_130" HPOS="275" VPOS="715" WIDTH="121" HEIGHT="21" WC="0.89" CONTENT="Ständerna"/><SP WIDTH="16" VPOS="715" HPOS="396"/>
							<String ID="string_131" HPOS="412" VPOS="715" WIDTH="35" HEIGHT="20" WC="0.93" CONTENT="vid"/><SP WIDTH="15" VPOS="715" HPOS="447"/>
							<String ID="string_132" HPOS="462" VPOS="714" WIDTH="130" HEIGHT="27" WC="0.92" CONTENT="föregäende"/><SP WIDTH="15" VPOS="714" HPOS="592"/>
							<String ID="string_133" HPOS="607" VPOS="715" WIDTH="105" HEIGHT="26" WC="0.92" CONTENT="landtdag"/><SP WIDTH="15" VPOS="715" HPOS="712"/>
							<String ID="string_134" HPOS="727" VPOS="715" WIDTH="77" HEIGHT="26" WC="0.91" CONTENT="gjorda"/><SP WIDTH="15" VPOS="715" HPOS="804"/>
							<String ID="string_135" HPOS="819" VPOS="713" WIDTH="137" HEIGHT="21" WC="0.92" CONTENT="anmärknin-"/>
						</TextLine>
						<TextLine ID="line_18" HPOS="205" VPOS="747" WIDTH="751" HEIGHT="28">
							<String ID="string_136" HPOS="205" VPOS="755" WIDTH="44" HEIGHT="20" WC="0.96" CONTENT="gar,"/><SP WIDTH="18" VPOS="755" HPOS="249"/>
							<String ID="string_137" HPOS="267" VPOS="755" WIDTH="26" HEIGHT="14" WC="0.93" CONTENT="en"/><SP WIDTH="16" VPOS="755" HPOS="293"/>
							<String ID="string_138" HPOS="309" VPOS="749" WIDTH="127" HEIGHT="26" WC="0.91" CONTENT="författning"/><SP WIDTH="16" VPOS="749" HPOS="436"/>
							<String ID="string_139" HPOS="452" VPOS="749" WIDTH="111" HEIGHT="26" WC="0.89" CONTENT="angäende"/><SP WIDTH="16" VPOS="749" HPOS="563"/>
							<String ID="string_140" HPOS="579" VPOS="749" WIDTH="97" HEIGHT="20" WC="0.91" CONTENT="vilkoren"/><SP WIDTH="16" VPOS="749" HPOS="676"/>
							<String ID="string_141" HPOS="692" VPOS="748" WIDTH="33" HEIGHT="21" WC="0.93" CONTENT="för"/><SP WIDTH="16" VPOS="748" HPOS="725"/>
							<String ID="string_142" HPOS="741" VPOS="748" WIDTH="122" HEIGHT="27" WC="0.91" CONTENT="beviljande"/><SP WIDTH="11" VPOS="748" HPOS="863"/>
							<String ID="string_143" HPOS="874" VPOS="748" WIDTH="23" HEIGHT="20" WC="0.93" CONTENT="af"/><SP WIDTH="8" VPOS="748" HPOS="897"/>
							<String ID="string_144" HPOS="905" VPOS="747" WIDTH="51" HEIGHT="22" WC="0.93" CONTENT="kon-"/>
						</TextLine>
						<TextLine ID="line_19" HPOS="204" VPOS="782" WIDTH="752" HEIGHT="27">
							<String ID="string_145" HPOS="204" VPOS="783" WIDTH="83" HEIGHT="20" WC="0.89" CONTENT="cession"/><SP WIDTH="16" VPOS="783" HPOS="287"/>
							<String ID="string_146" HPOS="303" VPOS="784" WIDTH="22" HEIGHT="19" WC="0.95" CONTENT="ät"/><SP WIDTH="17" VPOS="784" HPOS="325"/>
							<String ID="string_147" HPOS="342" VPOS="783" WIDTH="97" HEIGHT="20" WC="0.96" CONTENT="enskilda"/><SP WIDTH="15" VPOS="783" HPOS="439"/>
							<String ID="string_148" HPOS="454" VPOS="789" WIDTH="109" HEIGHT="20" WC="0.96" CONTENT="personer,"/><SP WIDTH="16" VPOS="789" HPOS="563"/>
							<String ID="string_149" HPOS="579" VPOS="783" WIDTH="63" HEIGHT="26" WC="0.96" CONTENT="bolag"/><SP WIDTH="16" VPOS="783" HPOS="642"/>
							<String ID="string_150" HPOS="658" VPOS="783" WIDTH="50" HEIGHT="20" WC="0.93" CONTENT="eller"/><SP WIDTH="16" VPOS="783" HPOS="708"/>
							<String ID="string_151" HPOS="724" VPOS="782" WIDTH="132" HEIGHT="27" WC="0.92" CONTENT="menigheter"/><SP WIDTH="15" VPOS="782" HPOS="856"/>
							<String ID="string_152" HPOS="871" VPOS="782" WIDTH="32" HEIGHT="21" WC="0.93" CONTENT="till"/><SP WIDTH="15" VPOS="782" HPOS="903"/>
							<String ID="string_153" HPOS="918" VPOS="789" WIDTH="38" HEIGHT="14" WC="0.93" CONTENT="an-"/>
						</TextLine>
						<TextLine ID="line_20" HPOS="202" VPOS="816" WIDTH="754" HEIGHT="28">
							<String ID="string_154" HPOS="202" VPOS="817" WIDTH="108" HEIGHT="26" WC="0.91" CONTENT="läggande"/><SP WIDTH="16" VPOS="817" HPOS="310"/>
							<String ID="string_155" HPOS="326" VPOS="817" WIDTH="24" HEIGHT="21" WC="0.93" CONTENT="af"/><SP WIDTH="9" VPOS="817" HPOS="350"/>
							<String ID="string_156" HPOS="359" VPOS="817" WIDTH="91" HEIGHT="27" WC="0.92" CONTENT="jernväg"/><SP WIDTH="15" VPOS="817" HPOS="450"/>
							<String ID="string_157" HPOS="465" VPOS="817" WIDTH="7" HEIGHT="20" WC="0.95" CONTENT="i"/><SP WIDTH="16" VPOS="817" HPOS="472"/>
							<String ID="string_158" HPOS="488" VPOS="817" WIDTH="99" HEIGHT="22" WC="0.93" CONTENT="Finland,"/><SP WIDTH="15" VPOS="817" HPOS="587"/>
							<String ID="string_159" HPOS="602" VPOS="817" WIDTH="150" HEIGHT="20" WC="0.92" CONTENT="innefattande"/><SP WIDTH="15" VPOS="817" HPOS="752"/>
							<String ID="string_160" HPOS="767" VPOS="817" WIDTH="83" HEIGHT="20" WC="0.92" CONTENT="sädana"/><SP WIDTH="15" VPOS="817" HPOS="850"/>
							<String ID="string_161" HPOS="865" VPOS="816" WIDTH="91" HEIGHT="21" WC="0.89" CONTENT="bestäm-"/>
						</TextLine>
						<TextLine ID="line_21" HPOS="204" VPOS="850" WIDTH="752" HEIGHT="28">
							<String ID="string_162" HPOS="204" VPOS="851" WIDTH="78" HEIGHT="26" WC="0.95" CONTENT="ningar"/><SP WIDTH="23" VPOS="851" HPOS="282"/>
							<String ID="string_163" HPOS="305" VPOS="858" WIDTH="51" HEIGHT="18" WC="0.93" CONTENT="som,"/><SP WIDTH="24" VPOS="858" HPOS="356"/>
							<String ID="string_164" HPOS="380" VPOS="851" WIDTH="57" HEIGHT="26" WC="0.96" CONTENT="enlig"/><SP WIDTH="16" VPOS="851" HPOS="437"/>
							<String ID="string_165" HPOS="453" VPOS="851" WIDTH="119" HEIGHT="27" WC="0.93" CONTENT="Styrelsens"/><SP WIDTH="16" VPOS="851" HPOS="572"/>
							<String ID="string_166" HPOS="588" VPOS="851" WIDTH="60" HEIGHT="26" WC="0.89" CONTENT="äsigt,"/><SP WIDTH="29" VPOS="851" HPOS="648"/>
							<String ID="string_167" HPOS="677" VPOS="852" WIDTH="2" HEIGHT="19" WC="0.91" CONTENT="å"/><SP WIDTH="42" VPOS="852" HPOS="679"/>
							<String ID="string_168" HPOS="721" VPOS="851" WIDTH="69" HEIGHT="20" WC="0.91" CONTENT="Eders"/><SP WIDTH="15" VPOS="851" HPOS="790"/>
							<String ID="string_169" HPOS="805" VPOS="850" WIDTH="151" HEIGHT="27" WC="0.96" CONTENT="Majestät"/>
						</TextLine>
						<TextLine ID="line_22" HPOS="204" VPOS="884" WIDTH="752" HEIGHT="27">
							<String ID="string_170" HPOS="204" VPOS="892" WIDTH="75" HEIGHT="14" WC="0.91" CONTENT="ensam"/><SP WIDTH="16" VPOS="892" HPOS="279"/>
							<String ID="string_171" HPOS="295" VPOS="885" WIDTH="119" HEIGHT="26" WC="0.91" CONTENT="ankomme,"/><SP WIDTH="17" VPOS="885" HPOS="414"/>
							<String ID="string_172" HPOS="431" VPOS="885" WIDTH="108" HEIGHT="21" WC="0.96" CONTENT="hvarefter"/><SP WIDTH="16" VPOS="885" HPOS="539"/>
							<String ID="string_173" HPOS="555" VPOS="885" WIDTH="32" HEIGHT="20" WC="0.96" CONTENT="till"/><SP WIDTH="17" VPOS="885" HPOS="587"/>
							<String ID="string_174" HPOS="604" VPOS="886" WIDTH="53" HEIGHT="21" WC="0.96" CONTENT="1877"/><SP WIDTH="17" VPOS="886" HPOS="657"/>
							<String ID="string_175" HPOS="674" VPOS="886" WIDTH="34" HEIGHT="19" WC="0.93" CONTENT="års"/><SP WIDTH="16" VPOS="886" HPOS="708"/>
							<String ID="string_176" HPOS="724" VPOS="885" WIDTH="105" HEIGHT="26" WC="0.90" CONTENT="landtdag"/><SP WIDTH="16" VPOS="885" HPOS="829"/>
							<String ID="string_177" HPOS="845" VPOS="884" WIDTH="61" HEIGHT="21" WC="0.92" CONTENT="afläts"/><SP WIDTH="11" VPOS="884" HPOS="906"/>
							<String ID="string_178" HPOS="917" VPOS="885" WIDTH="39" HEIGHT="20" WC="0.92" CONTENT="nå-"/>
						</TextLine>
						<TextLine ID="line_23" HPOS="204" VPOS="919" WIDTH="752" HEIGHT="27">
							<String ID="string_179" HPOS="204" VPOS="920" WIDTH="36" HEIGHT="26" WC="0.96" CONTENT="dig"/><SP WIDTH="23" VPOS="920" HPOS="240"/>
							<String ID="string_180" HPOS="263" VPOS="919" WIDTH="133" HEIGHT="27" WC="0.96" CONTENT="proposition"/><SP WIDTH="23" VPOS="919" HPOS="396"/>
							<String ID="string_181" HPOS="419" VPOS="920" WIDTH="49" HEIGHT="20" WC="0.96" CONTENT="med"/><SP WIDTH="24" VPOS="920" HPOS="468"/>
							<String ID="string_182" HPOS="492" VPOS="921" WIDTH="45" HEIGHT="25" WC="0.96" CONTENT="nytt"/><SP WIDTH="24" VPOS="921" HPOS="537"/>
							<String ID="string_183" HPOS="561" VPOS="919" WIDTH="79" HEIGHT="26" WC="0.96" CONTENT="förslag"/><SP WIDTH="16" VPOS="919" HPOS="640"/>
							<String ID="string_184" HPOS="656" VPOS="919" WIDTH="32" HEIGHT="21" WC="0.96" CONTENT="till"/><SP WIDTH="16" VPOS="919" HPOS="688"/>
							<String ID="string_185" HPOS="704" VPOS="919" WIDTH="125" HEIGHT="27" WC="0.96" CONTENT="förordning"/><SP WIDTH="16" VPOS="919" HPOS="829"/>
							<String ID="string_186" HPOS="845" VPOS="919" WIDTH="111" HEIGHT="27" WC="0.95" CONTENT="angående"/>
						</TextLine>
						<TextLine ID="line_24" HPOS="204" VPOS="953" WIDTH="566" HEIGHT="27">
							<String ID="string_187" HPOS="204" VPOS="953" WIDTH="127" HEIGHT="27" WC="0.96" CONTENT="inteckning"/><SP WIDTH="16" VPOS="953" HPOS="331"/>
							<String ID="string_188" HPOS="347" VPOS="953" WIDTH="31" HEIGHT="21" WC="0.96" CONTENT="uti"/><SP WIDTH="16" VPOS="953" HPOS="378"/>
							<String ID="string_189" HPOS="394" VPOS="953" WIDTH="98" HEIGHT="21" WC="0.93" CONTENT="enskilda"/><SP WIDTH="12" VPOS="953" HPOS="492"/>
							<String ID="string_190" HPOS="504" VPOS="953" WIDTH="266" HEIGHT="27" WC="0.90" CONTENT="jernvägsanläggningar."/>
						</TextLine>
					</TextBlock>
					<TextBlock ID="block_3" HPOS="202" VPOS="987" WIDTH="758" HEIGHT="402">
						<TextLine ID="line_25" HPOS="273" VPOS="987" WIDTH="683" HEIGHT="27">
							<String ID="string_191" HPOS="273" VPOS="988" WIDTH="10" HEIGHT="19" WC="0.96" CONTENT="I"/><SP WIDTH="18" VPOS="988" HPOS="283"/>
							<String ID="string_192" HPOS="301" VPOS="988" WIDTH="37" HEIGHT="20" WC="0.93" CONTENT="sitt"/><SP WIDTH="15" VPOS="988" HPOS="338"/>
							<String ID="string_193" HPOS="353" VPOS="987" WIDTH="148" HEIGHT="27" WC="0.91" CONTENT="underdåniga"/><SP WIDTH="15" VPOS="987" HPOS="501"/>
							<String ID="string_194" HPOS="516" VPOS="994" WIDTH="49" HEIGHT="14" WC="0.93" CONTENT="svar"/><SP WIDTH="15" VPOS="994" HPOS="565"/>
							<String ID="string_195" HPOS="580" VPOS="987" WIDTH="100" HEIGHT="20" WC="0.91" CONTENT="förmälte"/><SP WIDTH="16" VPOS="987" HPOS="680"/>
							<String ID="string_196" HPOS="696" VPOS="988" WIDTH="32" HEIGHT="25" WC="0.96" CONTENT="sig"/><SP WIDTH="17" VPOS="988" HPOS="728"/>
							<String ID="string_197" HPOS="745" VPOS="987" WIDTH="53" HEIGHT="21" WC="0.96" CONTENT="1877"/><SP WIDTH="18" VPOS="987" HPOS="798"/>
							<String ID="string_198" HPOS="816" VPOS="988" WIDTH="33" HEIGHT="19" WC="0.93" CONTENT="års"/><SP WIDTH="16" VPOS="988" HPOS="849"/>
							<String ID="string_199" HPOS="865" VPOS="987" WIDTH="91" HEIGHT="21" WC="0.92" CONTENT="Ständer"/>
						</TextLine>
						<TextLine ID="line_26" HPOS="204" VPOS="1021" WIDTH="753" HEIGHT="27">
							<String ID="string_200" HPOS="204" VPOS="1021" WIDTH="49" HEIGHT="21" WC="0.96" CONTENT="dela"/><SP WIDTH="24" VPOS="1021" HPOS="253"/>
							<String ID="string_201" HPOS="277" VPOS="1023" WIDTH="41" HEIGHT="19" WC="0.96" CONTENT="den"/><SP WIDTH="23" VPOS="1023" HPOS="318"/>
							<String ID="string_202" HPOS="341" VPOS="1021" WIDTH="23" HEIGHT="21" WC="0.92" CONTENT="uf"/><SP WIDTH="13" VPOS="1021" HPOS="364"/>
							<String ID="string_203" HPOS="377" VPOS="1021" WIDTH="129" HEIGHT="27" WC="0.93" CONTENT="föregående"/><SP WIDTH="16" VPOS="1021" HPOS="506"/>
							<String ID="string_204" HPOS="522" VPOS="1021" WIDTH="152" HEIGHT="21" WC="0.92" CONTENT="Ständermöte"/><SP WIDTH="17" VPOS="1021" HPOS="674"/>
							<String ID="string_205" HPOS="691" VPOS="1021" WIDTH="98" HEIGHT="21" WC="0.93" CONTENT="uttalade"/><SP WIDTH="16" VPOS="1021" HPOS="789"/>
							<String ID="string_206" HPOS="805" VPOS="1022" WIDTH="62" HEIGHT="26" WC="0.91" CONTENT="åsigt,"/><SP WIDTH="14" VPOS="1022" HPOS="867"/>
							<String ID="string_207" HPOS="881" VPOS="1023" WIDTH="32" HEIGHT="20" WC="0.96" CONTENT="att"/><SP WIDTH="18" VPOS="1023" HPOS="913"/>
							<String ID="string_208" HPOS="931" VPOS="1028" WIDTH="26" HEIGHT="14" WC="0.96" CONTENT="en"/>
						</TextLine>
						<TextLine ID="line_27" HPOS="203" VPOS="1055" WIDTH="755" HEIGHT="27">
							<String ID="string_209" HPOS="203" VPOS="1055" WIDTH="36" HEIGHT="26" WC="0.95" CONTENT="lag"/><SP WIDTH="24" VPOS="1055" HPOS="239"/>
							<String ID="string_210" HPOS="263" VPOS="1063" WIDTH="35" HEIGHT="13" WC="0.95" CONTENT="om"/><SP WIDTH="23" VPOS="1063" HPOS="298"/>
							<String ID="string_211" HPOS="321" VPOS="1055" WIDTH="125" HEIGHT="26" WC="0.96" CONTENT="inteckning"/><SP WIDTH="25" VPOS="1055" HPOS="446"/>
							<String ID="string_212" HPOS="471" VPOS="1055" WIDTH="6" HEIGHT="20" WC="0.93" CONTENT="i"/><SP WIDTH="21" VPOS="1055" HPOS="477"/>
							<String ID="string_213" HPOS="498" VPOS="1055" WIDTH="116" HEIGHT="27" WC="0.90" CONTENT="jernvägar"/><SP WIDTH="17" VPOS="1055" HPOS="614"/>
							<String ID="string_214" HPOS="631" VPOS="1055" WIDTH="67" HEIGHT="21" WC="0.96" CONTENT="borde"/><SP WIDTH="16" VPOS="1055" HPOS="698"/>
							<String ID="string_215" HPOS="714" VPOS="1056" WIDTH="96" HEIGHT="20" WC="0.96" CONTENT="närmast"/><SP WIDTH="15" VPOS="1056" HPOS="810"/>
							<String ID="string_216" HPOS="825" VPOS="1055" WIDTH="86" HEIGHT="21" WC="0.96" CONTENT="ansluta"/><SP WIDTH="15" VPOS="1055" HPOS="911"/>
							<String ID="string_217" HPOS="926" VPOS="1056" WIDTH="32" HEIGHT="26" WC="0.96" CONTENT="sig"/>
						</TextLine>
						<TextLine ID="line_28" HPOS="203" VPOS="1089" WIDTH="755" HEIGHT="28">
							<String ID="string_218" HPOS="203" VPOS="1089" WIDTH="34" HEIGHT="21" WC="0.95" CONTENT="till"/><SP WIDTH="24" VPOS="1089" HPOS="237"/>
							<String ID="string_219" HPOS="261" VPOS="1096" WIDTH="26" HEIGHT="14" WC="0.92" CONTENT="en"/><SP WIDTH="25" VPOS="1096" HPOS="287"/>
							<String ID="string_220" HPOS="312" VPOS="1089" WIDTH="128" HEIGHT="27" WC="0.60" CONTENT="Ständerlag"/><SP WIDTH="24" VPOS="1089" HPOS="440"/>
							<String ID="string_221" HPOS="464" VPOS="1096" WIDTH="33" HEIGHT="14" WC="0.96" CONTENT="om"/><SP WIDTH="23" VPOS="1096" HPOS="497"/>
							<String ID="string_222" HPOS="520" VPOS="1089" WIDTH="127" HEIGHT="21" WC="0.93" CONTENT="koncession"/><SP WIDTH="17" VPOS="1089" HPOS="647"/>
							<String ID="string_223" HPOS="664" VPOS="1090" WIDTH="12" HEIGHT="20" WC="0.92" CONTENT="å"/><SP WIDTH="16" VPOS="1090" HPOS="676"/>
							<String ID="string_224" HPOS="692" VPOS="1089" WIDTH="131" HEIGHT="28" WC="0.96" CONTENT="anläggning"/><SP WIDTH="16" VPOS="1089" HPOS="823"/>
							<String ID="string_225" HPOS="839" VPOS="1090" WIDTH="24" HEIGHT="20" WC="0.96" CONTENT="af"/><SP WIDTH="13" VPOS="1090" HPOS="863"/>
							<String ID="string_226" HPOS="876" VPOS="1090" WIDTH="82" HEIGHT="21" WC="0.95" CONTENT="sådana"/>
						</TextLine>
						<TextLine ID="line_29" HPOS="203" VPOS="1123" WIDTH="755" HEIGHT="27">
							<String ID="string_227" HPOS="203" VPOS="1124" WIDTH="74" HEIGHT="26" WC="0.96" CONTENT="vägar,"/><SP WIDTH="24" VPOS="1124" HPOS="277"/>
							<String ID="string_228" HPOS="301" VPOS="1124" WIDTH="27" HEIGHT="20" WC="0.96" CONTENT="då"/><SP WIDTH="23" VPOS="1124" HPOS="328"/>
							<String ID="string_229" HPOS="351" VPOS="1124" WIDTH="76" HEIGHT="20" WC="0.96" CONTENT="endast"/><SP WIDTH="23" VPOS="1124" HPOS="427"/>
							<String ID="string_230" HPOS="450" VPOS="1131" WIDTH="27" HEIGHT="13" WC="0.96" CONTENT="en"/><SP WIDTH="24" VPOS="1131" HPOS="477"/>
							<String ID="string_231" HPOS="501" VPOS="1123" WIDTH="40" HEIGHT="21" WC="0.94" CONTENT="slik"/><SP WIDTH="18" VPOS="1123" HPOS="541"/>
							<String ID="string_232" HPOS="559" VPOS="1123" WIDTH="35" HEIGHT="27" WC="0.96" CONTENT="lag"/><SP WIDTH="15" VPOS="1123" HPOS="594"/>
							<String ID="string_233" HPOS="609" VPOS="1124" WIDTH="29" HEIGHT="26" WC="0.96" CONTENT="på"/><SP WIDTH="16" VPOS="1124" HPOS="638"/>
							<String ID="string_234" HPOS="654" VPOS="1126" WIDTH="30" HEIGHT="18" WC="0.90" CONTENT="ett"/><SP WIDTH="16" VPOS="1126" HPOS="684"/>
							<String ID="string_235" HPOS="700" VPOS="1123" WIDTH="199" HEIGHT="22" WC="0.90" CONTENT="tillfredsställande"/><SP WIDTH="16" VPOS="1123" HPOS="899"/>
							<String ID="string_236" HPOS="915" VPOS="1125" WIDTH="43" HEIGHT="20" WC="0.96" CONTENT="sätt"/>
						</TextLine>
						<TextLine ID="line_30" HPOS="203" VPOS="1156" WIDTH="755" HEIGHT="28">
							<String ID="string_237" HPOS="203" VPOS="1156" WIDTH="74" HEIGHT="21" WC="0.96" CONTENT="kunde"/><SP WIDTH="15" VPOS="1156" HPOS="277"/>
							<String ID="string_238" HPOS="292" VPOS="1157" WIDTH="52" HEIGHT="27" WC="0.96" CONTENT="fylla"/><SP WIDTH="16" VPOS="1157" HPOS="344"/>
							<String ID="string_239" HPOS="360" VPOS="1157" WIDTH="25" HEIGHT="20" WC="0.96" CONTENT="de"/><SP WIDTH="15" VPOS="1157" HPOS="385"/>
							<String ID="string_240" HPOS="400" VPOS="1157" WIDTH="81" HEIGHT="26" WC="0.96" CONTENT="luckor,"/><SP WIDTH="16" VPOS="1157" HPOS="481"/>
							<String ID="string_241" HPOS="497" VPOS="1157" WIDTH="74" HEIGHT="21" WC="0.93" CONTENT="hvilka"/><SP WIDTH="14" VPOS="1157" HPOS="571"/>
							<String ID="string_242" HPOS="585" VPOS="1157" WIDTH="132" HEIGHT="22" WC="0.92" CONTENT="förekomme"/><SP WIDTH="16" VPOS="1157" HPOS="717"/>
							<String ID="string_243" HPOS="733" VPOS="1157" WIDTH="7" HEIGHT="21" WC="0.95" CONTENT="i"/><SP WIDTH="11" VPOS="1157" HPOS="740"/>
							<String ID="string_244" HPOS="751" VPOS="1157" WIDTH="86" HEIGHT="21" WC="0.95" CONTENT="landets"/><SP WIDTH="12" VPOS="1157" HPOS="837"/>
							<String ID="string_245" HPOS="849" VPOS="1157" WIDTH="109" HEIGHT="22" WC="0.96" CONTENT="allmänna"/>
						</TextLine>
						<TextLine ID="line_31" HPOS="203" VPOS="1191" WIDTH="755" HEIGHT="27">
							<String ID="string_246" HPOS="203" VPOS="1191" WIDTH="138" HEIGHT="26" WC="0.96" CONTENT="lagstiftning"/><SP WIDTH="22" VPOS="1191" HPOS="341"/>
							<String ID="string_247" HPOS="363" VPOS="1192" WIDTH="29" HEIGHT="26" WC="0.96" CONTENT="på"/><SP WIDTH="22" VPOS="1192" HPOS="392"/>
							<String ID="string_248" HPOS="414" VPOS="1192" WIDTH="61" HEIGHT="20" WC="0.96" CONTENT="detta"/><SP WIDTH="23" VPOS="1192" HPOS="475"/>
							<String ID="string_249" HPOS="498" VPOS="1192" WIDTH="93" HEIGHT="21" WC="0.96" CONTENT="område."/><SP WIDTH="38" VPOS="1192" HPOS="591"/>
							<String ID="string_250" HPOS="629" VPOS="1192" WIDTH="34" HEIGHT="21" WC="0.96" CONTENT="Då"/><SP WIDTH="16" VPOS="1192" HPOS="663"/>
							<String ID="string_251" HPOS="679" VPOS="1193" WIDTH="36" HEIGHT="20" WC="0.96" CONTENT="det"/><SP WIDTH="16" VPOS="1193" HPOS="715"/>
							<String ID="string_252" HPOS="731" VPOS="1191" WIDTH="66" HEIGHT="22" WC="0.96" CONTENT="likväl"/><SP WIDTH="16" VPOS="1191" HPOS="797"/>
							<String ID="string_253" HPOS="813" VPOS="1192" WIDTH="67" HEIGHT="20" WC="0.96" CONTENT="måste"/><SP WIDTH="16" VPOS="1192" HPOS="880"/>
							<String ID="string_254" HPOS="896" VPOS="1198" WIDTH="62" HEIGHT="15" WC="0.94" CONTENT="anses"/>
						</TextLine>
						<TextLine ID="line_32" HPOS="203" VPOS="1225" WIDTH="756" HEIGHT="28">
							<String ID="string_255" HPOS="203" VPOS="1231" WIDTH="52" HEIGHT="14" WC="0.92" CONTENT="vara"/><SP WIDTH="25" VPOS="1231" HPOS="255"/>
							<String ID="string_256" HPOS="280" VPOS="1225" WIDTH="99" HEIGHT="20" WC="0.92" CONTENT="förenadt"/><SP WIDTH="23" VPOS="1225" HPOS="379"/>
							<String ID="string_257" HPOS="402" VPOS="1226" WIDTH="48" HEIGHT="20" WC="0.92" CONTENT="med"/><SP WIDTH="16" VPOS="1226" HPOS="450"/>
							<String ID="string_258" HPOS="466" VPOS="1225" WIDTH="182" HEIGHT="28" WC="0.89" CONTENT="oöfvervinneliga"/><SP WIDTH="16" VPOS="1225" HPOS="648"/>
							<String ID="string_259" HPOS="664" VPOS="1225" WIDTH="133" HEIGHT="26" WC="0.96" CONTENT="svårigheter"/><SP WIDTH="15" VPOS="1225" HPOS="797"/>
							<String ID="string_260" HPOS="812" VPOS="1228" WIDTH="33" HEIGHT="19" WC="0.96" CONTENT="att"/><SP WIDTH="16" VPOS="1228" HPOS="845"/>
							<String ID="string_261" HPOS="861" VPOS="1225" WIDTH="98" HEIGHT="22" WC="0.96" CONTENT="anskaffa"/>
						</TextLine>
						<TextLine ID="line_33" HPOS="204" VPOS="1259" WIDTH="754" HEIGHT="28">
							<String ID="string_262" HPOS="204" VPOS="1259" WIDTH="36" HEIGHT="20" WC="0.96" CONTENT="det"/><SP WIDTH="24" VPOS="1259" HPOS="240"/>
							<String ID="string_263" HPOS="264" VPOS="1259" WIDTH="33" HEIGHT="20" WC="0.96" CONTENT="för"/><SP WIDTH="14" VPOS="1259" HPOS="297"/>
							<String ID="string_264" HPOS="311" VPOS="1259" WIDTH="67" HEIGHT="21" WC="0.93" CONTENT="sådan"/><SP WIDTH="14" VPOS="1259" HPOS="378"/>
							<String ID="string_265" HPOS="392" VPOS="1259" WIDTH="235" HEIGHT="28" WC="0.89" CONTENT="jernvägsanläggning"/><SP WIDTH="16" VPOS="1259" HPOS="627"/>
							<String ID="string_266" HPOS="643" VPOS="1261" WIDTH="55" HEIGHT="20" WC="0.96" CONTENT="samt"/><SP WIDTH="15" VPOS="1261" HPOS="698"/>
							<String ID="string_267" HPOS="713" VPOS="1259" WIDTH="34" HEIGHT="21" WC="0.93" CONTENT="för"/><SP WIDTH="16" VPOS="1259" HPOS="747"/>
							<String ID="string_268" HPOS="763" VPOS="1262" WIDTH="83" HEIGHT="18" WC="0.91" CONTENT="remont"/><SP WIDTH="15" VPOS="1262" HPOS="846"/>
							<String ID="string_269" HPOS="861" VPOS="1259" WIDTH="39" HEIGHT="22" WC="0.93" CONTENT="och"/><SP WIDTH="16" VPOS="1259" HPOS="900"/>
							<String ID="string_270" HPOS="916" VPOS="1262" WIDTH="42" HEIGHT="19" WC="0.92" CONTENT="tra-"/>
						</TextLine>
						<TextLine ID="line_34" HPOS="202" VPOS="1292" WIDTH="756" HEIGHT="29">
							<String ID="string_271" HPOS="202" VPOS="1292" WIDTH="92" HEIGHT="28" WC="0.92" CONTENT="fikering"/><SP WIDTH="16" VPOS="1292" HPOS="294"/>
							<String ID="string_272" HPOS="310" VPOS="1294" WIDTH="23" HEIGHT="20" WC="0.95" CONTENT="af"/><SP WIDTH="14" VPOS="1294" HPOS="333"/>
							<String ID="string_273" HPOS="347" VPOS="1294" WIDTH="125" HEIGHT="20" WC="0.96" CONTENT="densamma"/><SP WIDTH="16" VPOS="1294" HPOS="472"/>
							<String ID="string_274" HPOS="488" VPOS="1294" WIDTH="139" HEIGHT="26" WC="0.96" CONTENT="erforderliga"/><SP WIDTH="16" VPOS="1294" HPOS="627"/>
							<String ID="string_275" HPOS="643" VPOS="1294" WIDTH="89" HEIGHT="27" WC="0.96" CONTENT="kapital,"/><SP WIDTH="17" VPOS="1294" HPOS="732"/>
							<String ID="string_276" HPOS="749" VPOS="1294" WIDTH="24" HEIGHT="20" WC="0.96" CONTENT="så"/><SP WIDTH="15" VPOS="1294" HPOS="773"/>
							<String ID="string_277" HPOS="788" VPOS="1294" WIDTH="63" HEIGHT="27" WC="0.92" CONTENT="länge"/><SP WIDTH="16" VPOS="1294" HPOS="851"/>
							<String ID="string_278" HPOS="867" VPOS="1294" WIDTH="91" HEIGHT="26" WC="0.90" CONTENT="lagstift-"/>
						</TextLine>
						<TextLine ID="line_35" HPOS="203" VPOS="1327" WIDTH="757" HEIGHT="28">
							<String ID="string_279" HPOS="203" VPOS="1327" WIDTH="81" HEIGHT="27" WC="0.95" CONTENT="ningen"/><SP WIDTH="19" VPOS="1327" HPOS="284"/>
							<String ID="string_280" HPOS="303" VPOS="1327" WIDTH="48" HEIGHT="21" WC="0.93" CONTENT="icke"/><SP WIDTH="15" VPOS="1327" HPOS="351"/>
							<String ID="string_281" HPOS="366" VPOS="1327" WIDTH="88" HEIGHT="27" WC="0.92" CONTENT="erbjöde"/><SP WIDTH="16" VPOS="1327" HPOS="454"/>
							<String ID="string_282" HPOS="470" VPOS="1328" WIDTH="71" HEIGHT="26" WC="0.96" CONTENT="någon"/><SP WIDTH="15" VPOS="1328" HPOS="541"/>
							<String ID="string_283" HPOS="556" VPOS="1329" WIDTH="66" HEIGHT="26" WC="0.96" CONTENT="utväg"/><SP WIDTH="16" VPOS="1329" HPOS="622"/>
							<String ID="string_284" HPOS="638" VPOS="1328" WIDTH="33" HEIGHT="21" WC="0.93" CONTENT="för"/><SP WIDTH="16" VPOS="1328" HPOS="671"/>
							<String ID="string_285" HPOS="687" VPOS="1328" WIDTH="118" HEIGHT="27" WC="0.91" CONTENT="långifvare"/><SP WIDTH="16" VPOS="1328" HPOS="805"/>
							<String ID="string_286" HPOS="821" VPOS="1330" WIDTH="32" HEIGHT="19" WC="0.96" CONTENT="att"/><SP WIDTH="15" VPOS="1330" HPOS="853"/>
							<String ID="string_287" HPOS="868" VPOS="1328" WIDTH="92" HEIGHT="22" WC="0.96" CONTENT="utverka"/>
						</TextLine>
						<TextLine ID="line_36" HPOS="202" VPOS="1361" WIDTH="758" HEIGHT="28">
							<String ID="string_288" HPOS="202" VPOS="1361" WIDTH="32" HEIGHT="27" WC="0.96" CONTENT="sig"/><SP WIDTH="17" VPOS="1361" HPOS="234"/>
							<String ID="string_289" HPOS="251" VPOS="1361" WIDTH="101" HEIGHT="21" WC="0.95" CONTENT="säkerhet"/><SP WIDTH="14" VPOS="1361" HPOS="352"/>
							<String ID="string_290" HPOS="366" VPOS="1362" WIDTH="7" HEIGHT="20" WC="0.93" CONTENT="i"/><SP WIDTH="14" VPOS="1362" HPOS="373"/>
							<String ID="string_291" HPOS="387" VPOS="1361" WIDTH="263" HEIGHT="27" WC="0.89" CONTENT="jernvägsanläggningen"/><SP WIDTH="12" VPOS="1361" HPOS="650"/>
							<String ID="string_292" HPOS="662" VPOS="1362" WIDTH="32" HEIGHT="21" WC="0.96" CONTENT="för"/><SP WIDTH="13" VPOS="1362" HPOS="694"/>
							<String ID="string_293" HPOS="707" VPOS="1363" WIDTH="26" HEIGHT="20" WC="0.96" CONTENT="de"/><SP WIDTH="12" VPOS="1363" HPOS="733"/>
							<String ID="string_294" HPOS="745" VPOS="1362" WIDTH="23" HEIGHT="21" WC="0.96" CONTENT="af"/><SP WIDTH="9" VPOS="1362" HPOS="768"/>
							<String ID="string_295" HPOS="777" VPOS="1363" WIDTH="48" HEIGHT="20" WC="0.93" CONTENT="dem"/><SP WIDTH="12" VPOS="1363" HPOS="825"/>
							<String ID="string_296" HPOS="837" VPOS="1362" WIDTH="123" HEIGHT="27" WC="0.91" CONTENT="tillskjutna"/>
						</TextLine>
					</TextBlock>
				</ComposedBlock>
				<ComposedBlock ID="cblock_3" HPOS="201" VPOS="1395" WIDTH="759" HEIGHT="28">
					<TextBlock ID="block_4" HPOS="201" VPOS="1395" WIDTH="759" HEIGHT="28">
						<TextLine ID="line_37" HPOS="243" VPOS="1395" WIDTH="707" HEIGHT="13">
							<String ID="string_297" HPOS="243" VPOS="1395" WIDTH="13" HEIGHT="7" WC="0.72" CONTENT="”"/><SP WIDTH="89" VPOS="1395" HPOS="256"/>
							<String ID="string_298" HPOS="345" VPOS="1402" WIDTH="3" HEIGHT="1" WC="0.88" CONTENT="N"/><SP WIDTH="46" VPOS="1402" HPOS="348"/>
							<String ID="string_299" HPOS="394" VPOS="1396" WIDTH="28" HEIGHT="8" WC="0.42" CONTENT="dal"/><SP WIDTH="29" VPOS="1396" HPOS="422"/>
							<String ID="string_300" HPOS="451" VPOS="1395" WIDTH="50" HEIGHT="13" WC="0.53" CONTENT="Jack"/><SP WIDTH="18" VPOS="1395" HPOS="501"/>
							<String ID="string_301" HPOS="519" VPOS="1385" WIDTH="98" HEIGHT="31" WC="0.23" CONTENT="summana"/><SP WIDTH="21" VPOS="1385" HPOS="617"/>
							<String ID="string_302" HPOS="638" VPOS="1396" WIDTH="50" HEIGHT="10" WC="0.24" CONTENT="jaan"/><SP WIDTH="18" VPOS="1396" HPOS="688"/>
							<String ID="string_303" HPOS="706" VPOS="1403" WIDTH="49" HEIGHT="3" WC="0.22" CONTENT="vars"/><SP WIDTH="16" VPOS="1403" HPOS="755"/>
							<String ID="string_304" HPOS="771" VPOS="1396" WIDTH="33" HEIGHT="11" WC="0.83" CONTENT="för"/><SP WIDTH="15" VPOS="1396" HPOS="804"/>
							<String ID="string_305" HPOS="819" VPOS="1396" WIDTH="73" HEIGHT="12" WC="0.0" CONTENT="Vai"/><SP WIDTH="18" VPOS="1396" HPOS="892"/>
							<String ID="string_306" HPOS="910" VPOS="1403" WIDTH="40" HEIGHT="5" WC="0.26" CONTENT="ans"/>
						</TextLine>
						<TextLine ID="line_38" HPOS="201" VPOS="1404" WIDTH="759" HEIGHT="19">
							<String ID="string_307" HPOS="201" VPOS="1404" WIDTH="92" HEIGHT="16" WC="0.31" CONTENT="Iuncedlen,"/><SP WIDTH="24" VPOS="1404" HPOS="293"/>
							<String ID="string_308" HPOS="317" VPOS="1404" WIDTH="49" HEIGHT="12" WC="0.64" CONTENT="1101"/><SP WIDTH="24" VPOS="1404" HPOS="366"/>
							<String ID="string_309" HPOS="390" VPOS="1405" WIDTH="36" HEIGHT="11" WC="0.48" CONTENT="USL"/><SP WIDTH="22" VPOS="1405" HPOS="426"/>
							<String ID="string_310" HPOS="448" VPOS="1406" WIDTH="54" HEIGHT="10" WC="0.74" CONTENT="UVCK"/><SP WIDTH="19" VPOS="1406" HPOS="502"/>
							<String ID="string_311" HPOS="521" VPOS="1406" WIDTH="169" HEIGHT="17" WC="0.32" CONTENT="uppouvaison"/><SP WIDTH="19" VPOS="1406" HPOS="690"/>
							<String ID="string_312" HPOS="709" VPOS="1408" WIDTH="47" HEIGHT="9" WC="0.47" CONTENT="VUILU"/><SP WIDTH="15" VPOS="1408" HPOS="756"/>
							<String ID="string_313" HPOS="771" VPOS="1408" WIDTH="31" HEIGHT="9" WC="0.31" CONTENT="1UL"/><SP WIDTH="17" VPOS="1408" HPOS="802"/>
							<String ID="string_314" HPOS="819" VPOS="1409" WIDTH="74" HEIGHT="9" WC="0.49" CONTENT="1011U0v"/><SP WIDTH="15" VPOS="1409" HPOS="893"/>
							<String ID="string_315" HPOS="908" VPOS="1410" WIDTH="52" HEIGHT="13" WC="0.0" CONTENT="Bus-"/>
						</TextLine>
					</TextBlock>
				</ComposedBlock>
				<GraphicalElement ID="cblock_4" HPOS="1039" VPOS="467" WIDTH="9" HEIGHT="335"></GraphicalElement >
			</PrintSpace>
		</Page>
	</Layout>
</alto>
