1061 1717
280 46 14 11 =>

303 81 239 23 Petitionshetänkande
556 82 40 22 N:o
612 81 36 23 24.
825 82 14 20 3

116 148 48 26 mis,
181 147 98 27 Suojärvi
295 148 39 21 och
351 148 130 26 Korpiselkä
497 149 99 27 socknar,
612 148 141 27 naturligtvis
769 148 48 21 icke
831 153 37 15 an-

115 184 88 27 ledning
218 184 35 20 till
269 184 71 26 nägon
355 184 75 22 vidare
446 184 85 27 ätgärd.
673 195 2 3 :

186 219 87 27 Frågan
281 220 105 26 deremot,
395 220 107 21 huruvida
513 226 50 15 man
573 220 69 21 borde
652 220 76 21 skrida
738 219 36 21 till
784 224 85 16 samma

116 256 100 26 åtgärder
232 254 33 22 för
281 255 177 27 grundläggande
474 255 25 22 af
512 256 121 21 folkskolor
654 256 63 21 äfven
734 255 7 21 i
757 254 110 22 Suistamo

115 292 79 20 socken
210 291 40 21 och
266 291 74 21 Kitelä
362 291 81 27 kapell,
460 298 63 20 synes
547 292 47 21 icke
617 291 67 22 hafva
705 289 140 23 förekommit
861 289 7 21 i

115 326 178 22 Statsutskottet.
325 327 166 28 Ovedersägligt
514 330 24 19 är
561 328 74 26 likväl,
652 330 34 19 att
708 333 84 15 samma
813 325 55 27 skäl,

117 370 46 14 som
178 362 72 22 blifvit
264 362 124 28 förebragta
399 363 34 21 till
444 363 83 22 försvar
537 364 34 20 för
582 362 225 28 undantagsåtgärder
818 361 49 22 med

115 399 101 22 afseende
233 400 13 20 &
261 398 137 28 Korpiselkä,
415 399 79 21 Salmis
510 400 39 21 och
561 399 98 27 Suojärvi
671 399 99 26 socknar,
781 396 86 23 förefin-

116 442 38 15 nes
167 435 81 27 jämväl
265 435 6 22 i
287 435 62 27 fråga
364 442 36 15 om
416 435 110 22 Suistamo
542 436 40 21 och
598 435 81 22 Kitelä.
710 435 10 21 I
737 435 44 21 alla
804 435 64 20 dessa

116 472 91 21 socknar
222 472 103 21 herrskar
340 477 84 16 samma
439 471 24 22 af
477 472 27 21 de
520 471 120 22 historiska
655 471 166 21 förhällandena
830 469 37 22 be-

115 507 88 27 tingade
219 507 106 22 obeständ
338 507 69 27 jämte
424 514 83 15 samma
530 507 88 27 andliga
642 507 40 22 och
698 506 113 22 materiela
825 505 42 22 fat-

115 543 89 27 tigdom,
216 543 40 22 och
272 543 69 22 under
356 543 83 22 sädana
455 543 152 22 förhällanden
631 543 90 26 betyder
737 543 38 20 det
787 541 79 28 jämfö-

115 579 88 22 relsevis
227 579 58 27 föga,
308 579 132 22 ätminstone
463 579 35 22 för
519 579 140 27 närvarande,
676 580 33 20 att
729 578 7 21 i
759 577 110 22 Suistamo

116 615 39 21 och
171 615 73 21 Kitelä
261 615 47 21 icke
323 614 70 22 finnas
409 615 178 27 donationsgods,
604 616 71 21 säsom
692 615 8 20 i
715 614 87 26 Salmis,
813 613 54 22 Suo-

113 651 55 26 järvi
186 651 39 22 och
240 651 136 26 Korpiselkä.
401 651 30 27 Ty
447 651 7 21 i
470 652 74 26 hvarje
560 651 38 22 fall
614 652 75 20 kunna
704 651 50 21 med
770 649 51 22 fullt
831 649 36 21 be-

116 687 123 26 rättigande
247 688 28 25 pä
287 687 64 21 dessa
358 686 136 22 förstnämda
502 687 154 27 församlingar
664 687 111 26 tillämpas
786 686 27 21 de
821 685 47 21 skäl

115 729 46 15 som
178 723 169 21 Statsutskottet
363 723 7 20 i
386 723 158 27 motiveringen
568 723 34 21 till
626 723 40 21 sitt
681 722 127 21 förenämda
824 721 42 21 för-

115 759 46 26 slag
176 758 88 27 uttalat,
280 758 110 27 nämligen
406 761 33 19 att
454 759 167 26 befolkningens
645 758 142 22 ekonomiska
807 756 60 22 ställ-

114 794 52 27 ning
182 794 47 21 icke
245 794 5 21 i
268 795 71 26 nägon
355 794 22 21 af
393 795 48 21 dem
458 795 70 26 gifver
538 794 118 27 anledning
666 794 35 21 till
711 794 43 21 den
765 793 102 26 förhopp-

114 830 58 27 ning,
188 832 33 19 att
238 829 171 28 folkbildningen
426 831 38 20 der
480 831 7 20 i
503 831 130 21 nämnvärdt
648 831 67 26 högre
729 829 54 28 grad
793 829 74 21 kunde

115 866 63 27 stiga,
194 866 72 21 derest
283 866 47 21 icke
346 865 76 22 Staten
438 866 109 27 tillgriper
557 867 138 21 verksamma
710 865 157 26 undantagsät-

115 902 77 26 gärder
207 901 35 21 till
258 902 50 21 dess
323 901 157 27 befrämjande.

186 937 34 21 Då
235 937 110 22 utskottet
359 937 38 21 vill
413 938 134 21 understöda
563 938 164 27 ifrågavarande
751 936 115 28 petitions-

115 972 87 27 förslag,
218 973 40 21 har
274 973 37 21 det
327 973 47 22 icke
390 973 84 22 lämnat
497 974 108 21 obeaktad
628 973 85 27 Nådiga
736 971 132 23 Förordnin-

115 1014 40 21 gen
171 1008 24 21 af
209 1008 41 22 den
267 1009 14 21 5
297 1015 57 14 mars
372 1009 64 27 1885,
454 1015 46 15 som
518 1009 94 27 stadgar,
625 1011 45 26 ,att
682 1009 75 26 hvarje
767 1007 98 28 grekisk-

114 1044 50 27 rysk
180 1044 191 27 landsförsamling
387 1044 6 21 i
409 1045 94 21 Finland
519 1051 50 16 vare
585 1045 79 27 pligtig
679 1046 39 25 att,
734 1044 34 21 för
779 1043 88 22 medde-

114 1080 64 21 lande
200 1080 24 21 af
245 1079 69 22 första
329 1080 184 27 undervisningen
530 1081 6 20 i
553 1081 151 26 religionslära
719 1080 40 21 och
780 1078 87 27 läsning

114 1115 23 21 af
151 1115 154 22 modersmålet
323 1117 24 20 åt
362 1116 82 21 sådana
459 1117 62 26 barn,
537 1116 74 22 hvilka
627 1116 47 22 icke
690 1116 59 21 inom
765 1116 100 21 hemmen

113 1151 74 21 kunna
202 1151 46 22 deri
264 1151 108 27 nöjaktigt
382 1151 129 28 handledas,
520 1152 81 21 inrätta
612 1152 40 21 och
663 1150 129 23 underhålla
802 1151 65 21 barn-

106 1187 80 21 *skolor
201 1187 35 21 till
252 1187 38 22 det
305 1187 60 21 antal
382 1187 39 22 och
437 1187 25 22 af
472 1188 68 21 sådan
551 1187 156 26 beskaffenhet,
716 1193 47 16 som
775 1186 34 21 för
819 1186 46 21 vin-

113 1223 70 21 nande
199 1223 24 21 af
237 1223 78 22 nämda
331 1223 101 22 ändamål
448 1223 129 22 erfordras.”
600 1223 38 22 Uti
655 1224 63 21 dessa
729 1223 80 26 skolor,
817 1228 47 15 som

113 1258 7 21 i
137 1259 96 26 enlighet
248 1259 50 21 med
314 1259 93 22 berörda
422 1259 128 28 förordning
566 1260 7 20 i
589 1259 119 22 allmänhet
723 1259 67 22 borde
801 1260 64 25 göras

113 1295 177 27 ambulatoriska,
315 1301 48 15 men
387 1295 81 27 hvilka,
492 1296 39 21 der
554 1296 216 27 omständigheterna
786 1294 79 22 sådant

113 1330 114 28 medgifva,
243 1330 63 22 äfven
322 1331 74 21 kunna
412 1331 78 22 ställas
506 1333 28 26 på
557 1331 44 22 fast
618 1332 40 27 fot,
674 1332 74 26 borde,
765 1330 46 22 ifall
827 1336 36 15 ve-

113 1366 134 22 derbörande
263 1366 127 28 församling
406 1368 24 20 så
446 1368 88 27 önskar,
550 1370 60 19 utom
627 1368 127 22 förenämda
769 1367 94 21 läroäm-

112 1408 42 15 nen
171 1402 62 22 äfven
249 1402 135 22 förekomma
407 1404 156 26 undervisning
586 1404 33 21 uti
642 1403 81 22 skrifva
739 1403 40 21 och
795 1402 70 22 räkna

112 1439 57 19 samt
184 1437 75 27 öfning
275 1438 8 21 i
301 1439 60 26 sång.
385 1439 226 27 Anmärkningsvärdt
626 1442 25 18 är
662 1439 61 27 dock,
732 1438 56 22 hvad
800 1438 65 21 dessa

186 1480 106 19 Allmänna
308 1480 184 20 Besvärsutskottets
508 1481 116 20 betänkande
640 1482 38 19 N:o
692 1482 31 20 19.
