1061 1717
207 99 27 21 16
403 98 239 24 Petitionsbetänkande
658 98 37 22 N:o
711 97 34 23 31.

209 164 76 20 skolor.
313 164 30 27 Så
358 164 60 20 äfven
434 165 7 19 i
456 165 149 21 Kristinestad.
636 165 32 20 De
691 164 64 20 första
779 166 48 18 åren
845 164 51 20 efter
912 163 48 21 sko-

205 195 46 19 lang
267 194 117 26 inrättande
400 201 37 13 var
460 195 123 20 elevantalet
603 194 8 20 i
626 194 93 26 ständigt
735 194 95 26 stigande
846 194 38 20 och
901 193 56 22 1877

205 224 97 20 besöktes
317 224 72 20 skolan
412 224 23 20 af
453 224 28 21 41
498 224 74 20 elever.
603 224 62 20 Snart
680 224 47 20 kom
743 231 47 13 man
801 224 53 20 dock
864 224 32 20 till
906 224 53 19 kun-

206 254 51 25 skap
274 260 32 13 om
321 254 151 20 realskolornas
487 253 127 27 bristfälliga
624 254 147 25 organisation:
783 254 78 20 bristen
873 254 25 26 på
908 253 51 20 fort-

206 283 163 26 sättningsskola
384 284 38 20 och
438 284 145 26 omöjligheten
598 284 32 19 för
645 284 82 20 skolans
744 284 68 20 elever
831 286 31 17 att
872 284 26 18 nå
909 283 50 19 Uni-

207 313 108 20 versitetet
331 313 49 20 eller
395 314 64 20 vinna
475 313 80 20 inträde
571 314 7 19 i
594 320 68 13 annan
673 313 93 26 offentlig
776 313 127 20 läroanstalt.
926 313 32 19 En

207 343 92 25 naturlig
321 342 50 26 följd
394 343 62 20 häraf
476 343 47 27 blef,
540 346 31 17 att
594 343 122 20 elevantalet
739 343 7 19 i
762 343 72 20 skolan
851 344 22 18 år
888 342 32 20 för
935 344 23 18 år

205 372 124 20 minskades.
360 373 79 20 Genom
462 373 148 25 förordningen
633 373 23 19 af
676 373 40 19 den
740 372 28 22 23
787 373 92 25 Augusti
895 372 63 26 1883,

205 402 144 20 innehållande
372 402 103 20 särskilda
497 402 123 20 förändrade
643 403 155 25 bestämningar
817 402 86 20 rörande
919 402 39 20 ele-

205 432 207 27 mentarläroverken,
428 433 38 20 har
488 432 142 21 Kristinestad
652 440 28 12 nu
703 432 41 21 fått
766 432 33 26 sig
821 432 93 21 tilldelad
932 439 26 12 en

206 462 115 25 tvåklassig
336 463 169 20 elementarskola
515 463 46 19 med
572 462 86 21 svenskt
666 462 231 26 undervisningsspråk.
920 462 40 19 Att

205 491 92 20 fördelen
313 492 22 19 af
349 492 67 20 denna
432 493 172 25 omorganisation
620 495 23 16 är
658 495 50 22 stor,
717 493 102 19 erkännes
835 492 67 25 villigt
912 498 46 13 men

206 525 59 22 tager
281 528 46 13 man
344 522 81 26 hänsyn
441 522 31 20 till
488 522 85 20 stadens
589 522 107 26 betydelse
712 523 66 19 såsom
794 522 120 20 handelsort
930 521 28 20 äf-

206 557 85 14 vensom
307 554 30 17 att
353 551 73 21 staden
442 552 38 20 och
496 552 47 20 dess
560 555 102 17 närmaste
678 552 103 25 omnejder
797 559 39 18 ega
859 558 25 14 en
900 557 58 14 sven-

206 581 37 20 ska
259 581 85 26 språket
359 582 81 20 talande
456 581 121 26 befolkning
593 581 22 20 af
628 581 28 22 26
673 583 12 18 a
696 581 79 27 27,000
786 588 103 20 personer,
897 581 61 20 fram-

205 612 38 24 gär
259 611 36 19 det
310 611 36 20 vid
362 618 25 13 en
400 611 117 26 jemförelse
540 612 39 19 lätt
603 614 31 17 att
649 611 142 20 Kristinestad
807 615 23 16 är
846 611 31 20 för
892 611 66 26 place-

205 641 74 24 ringen
295 640 22 19 af
331 647 25 14 en
372 641 113 26 fyrklassig
501 641 58 20 skola
575 641 124 20 åtminstone
714 641 42 20 lika
766 641 85 26 lämplig
861 648 42 13 som
914 643 44 17 sär-

205 670 68 19 skilda
289 671 64 20 andra
369 674 61 23 orter,
446 671 71 20 hvilka
531 671 70 20 blifvit
625 671 96 26 hugnade
737 671 46 20 med
799 671 71 26 dylika
885 670 73 20 läroin-

205 700 122 25 rättningar,
357 701 33 19 Då
406 701 69 20 härtill
491 701 91 19 kommer
598 703 30 17 att
643 701 140 20 folkskolorna
799 701 7 19 i
817 701 141 20 Kristinestad

205 733 34 16 äro
255 730 88 20 besökta
358 730 23 19 af
401 737 56 14 mera
480 733 26 17 än
531 730 44 21 200
591 731 68 20 elever
674 733 53 17 samt
743 734 30 17 att
789 731 123 20 elevantalet
927 730 32 19 uti

204 759 97 20 skolorna
316 760 7 19 i
339 760 79 26 Nerpes
434 761 76 19 socken
526 763 23 17 är
564 761 31 19 uti
608 760 67 25 jemnt
686 761 101 26 stigande,
795 760 91 25 framgär
896 759 61 21 äfven

204 789 62 19 häraf
279 789 38 20 och
332 789 26 20 då
374 790 84 20 stadens
481 790 101 20 realskola
606 790 56 21 1877
684 790 52 25 egde
751 791 27 20 41
797 791 73 24 elever,
886 792 31 17 att
932 796 25 13 en

205 818 112 26 fyrklassig
333 819 170 20 elementarskola
526 819 46 20 med
593 820 86 19 svenskt
695 819 224 26 undervisningsspräk
935 822 23 16 är

204 848 31 19 för
259 851 59 17 orten
341 849 89 26 behöflig
454 850 37 19 och
518 849 112 26 ingalunda
653 849 66 20 skulle
743 850 80 19 komma
847 852 30 17 att
893 849 65 20 sakna

205 878 74 20 elever.

279 908 30 19 Pä
324 909 68 24 grund
408 909 23 19 af
444 909 35 20 det
496 909 85 19 anförda
596 910 64 24 vägar
672 909 39 25 jag
725 909 38 20 hos
782 908 109 26 Vällofliga
906 908 52 20 Bor-

204 937 133 25 gareständet
352 938 80 26 föreslä,
450 941 30 17 att
497 939 83 19 ständet
595 939 48 19 ville
659 939 31 19 till
705 939 59 20 Hans
780 939 118 25 Kejserliga
913 939 45 18 Ma-

203 967 63 24 jestät
281 967 48 25 ingå
345 968 46 19 med
414 975 25 12 en
463 968 130 25 underd&nig
608 968 92 26 petition,
716 969 35 19 det
766 969 59 19 Hans
841 968 117 26 Kejserliga

203 997 99 25 Majestät
325 997 105 26 behagade
455 998 6 19 i
483 997 151 34 öfvervägande
655 1001 54 23 taga,
725 998 102 27 huruvida
851 998 45 19 icke
917 997 40 20 den

204 1026 127 25 tväklassiga
347 1027 183 20 elementarskolan
546 1028 7 19 i
569 1027 141 20 Kristinestad
725 1022 70 25 kunde
811 1027 99 20 ombildas
925 1027 32 20 till

204 1058 29 17 ett
248 1055 124 26 fyrklassigt
387 1057 207 20 elementarläroverk
616 1057 47 20 med
686 1057 86 20 svenskt
788 1057 168 25 undervisnings-

204 1085 69 26 språk.

277 1115 167 28 Helsingfors,
462 1117 39 19 den
518 1116 26 21 31
563 1117 86 19 Januari
667 1116 63 21 1885.

741 1163 24 21 K.
781 1163 21 22 J.
818 1162 66 22 Lund.

335 1269 54 20 Till
411 1269 148 27 vällofliga
580 1270 246 26 Borgareståndet.

278 1328 33 19 Då
326 1328 35 20 vid
372 1332 82 16 senaste
466 1329 100 25 landtdag
582 1329 22 19 af
614 1332 169 23 representanten
793 1329 32 20 för
837 1329 119 25 Nykarleby

203 1357 47 19 stad
266 1358 161 25 petitionerades
444 1365 32 13 om
492 1365 25 13 en
533 1359 130 19 bottenskola
686 1358 31 20 för
733 1359 67 19 denna
816 1358 54 26 stad,
881 1358 75 25 afslogs

203 1387 70 20 denna
288 1388 86 19 petition
391 1389 26 18 mk
434 1388 40 20 don
490 1387 69 21 grund
582 1391 31 17 att
628 1388 121 20 Nykarleby
765 1388 47 20 stad
832 1391 23 17 är
866 1370 96 43 "beläser.

204 1417 26 24 på
245 1416 54 20 blott
315 1418 36 18 två
366 1417 46 20 mils
428 1415 83 22 afständ
527 1414 45 23 frän
589 1415 115 23 Jakobstad
720 1418 38 19 och
773 1418 47 26 fyra
839 1418 12 19 &
867 1417 40 20 fem
922 1418 35 19 mil

206 1446 46 19 från
269 1446 73 20 Gamla
357 1446 99 26 Karleby.
487 1446 72 21 Skulle
575 1448 113 25 petitionen
703 1448 107 20 innehällit
826 1454 25 13 en
867 1448 90 24 begäran

274 1488 107 20 Allmänna
397 1489 184 19 Besvärsutskottets
597 1489 116 19 betänkande
729 1489 38 19 N:o
783 1490 32 18 21.
