1061 1717
272 103 69 22 Ständ.
356 103 42 21 Pet.
412 115 28 2 —
456 102 139 22 Petitionsbet.
612 103 34 21 N:o
660 102 36 22 46.

349 404 126 22 Finlands
490 404 124 22 Ständers
630 404 175 28 underdåniga
821 410 37 22 pe-

313 445 78 21 tition
412 451 32 16 om
464 445 136 28 upprensning
616 445 21 22 af
651 445 126 22 Taivalkoski
793 445 42 22 fors
852 445 5 21 i

315 485 53 22 Kemi
384 485 35 22 elf.

166 548 221 28 Stormäktigste,
403 549 211 27 Allernådigste
629 549 109 27 Kejsare
753 549 49 21 och

403 583 162 22 Storfurste.

177 646 60 21 Inom
260 646 103 27 Borgare-
386 646 40 21 och
448 646 169 21 Bondeständen
640 646 66 21 hafva
719 646 38 21 vid
771 646 86 21 inneva-

109 681 66 21 rande
196 681 104 26 landtdag
315 680 118 22 framstälts
448 681 82 26 förslag
545 681 111 26 angäende
672 681 135 26 underdänig
822 687 37 20 pe-

109 715 62 21 tition
186 721 35 15 om
237 715 147 27 upprensning
400 715 24 21 af
437 715 139 21 Taivalkoski
591 715 43 22 fors
649 715 7 21 i
672 715 61 21 Kemi
748 715 35 21 elf.

176 749 75 21 Redan
274 751 44 19 mot
341 749 64 21 slutet
428 749 24 22 af
474 749 118 22 1820-talet
614 749 96 22 befinnes
732 749 61 27 fråga
807 756 52 15 vara

109 783 63 22 väckt
187 791 35 14 om
237 784 60 21 detta
312 785 140 26 vattendrags
467 784 155 27 upprensning,
638 783 68 22 ehuru
721 784 68 21 andra
804 783 45 22 före

109 820 36 25 tag
160 819 28 20 dä
209 817 86 22 vällade
317 818 97 27 uppskof
434 819 94 20 dermed.
558 813 30 26 Är
604 819 56 21 1860
674 820 93 25 upptogs
783 817 75 28 frägan

109 853 56 28 ånyo
180 853 50 20 med
245 852 102 21 särskildt
362 852 102 22 afseende
480 853 14 20 ä
509 853 78 21 lättare
602 853 92 26 flötning
708 852 25 21 af
745 852 114 27 skogspro-

109 887 82 25 dukter,
215 887 40 21 och
278 887 83 21 arbetet
383 887 93 28 begynte
496 888 24 20 är
537 888 54 21 1863
606 889 56 19 samt
677 887 110 21 fortsattes
804 887 55 21 1864

109 921 40 21 och
166 921 61 22 1865.
257 921 99 27 Afsigten
379 929 38 14 var
437 924 33 19 att
492 929 110 20 upprensa
621 921 143 25 Taivalkoski,
781 921 77 21 Osaus-

109 955 68 26 koski,
198 955 138 28 Petäjäkoski
359 963 27 14 m.
402 956 20 21 fl.
453 955 110 28 Derjemte
578 955 141 22 undersöktes
734 955 33 21 för
782 956 76 27 antydt

109 989 100 22 ändamål
225 991 26 20 26
268 990 105 21 särskilda
388 990 90 21 bifloder
494 991 40 20 och
549 990 149 27 förgreningar
713 989 25 22 af
750 989 60 22 Kemi
822 989 34 22 elf.

109 1024 62 21 Hvad
185 1024 138 21 Taivalkoski
338 1025 68 26 angär
419 1024 116 22 förfelades
551 1025 113 20 resultatet
679 1023 44 22 helt
734 1024 40 21 och
784 1023 74 22 hället.

108 1058 50 22 Man
181 1059 182 27 undansprängde
388 1060 68 26 nägra
482 1059 89 28 spridda
595 1059 91 21 enstaka
709 1058 87 28 klippor
817 1058 40 21 och

109 1093 60 21 sökte
188 1094 48 20 med
252 1094 25 20 de
293 1093 142 28 lössprängda
450 1096 101 18 stenarne
567 1093 97 28 utjemna
679 1093 82 21 forsens
776 1093 81 24 botten,

109 1134 44 14 som
168 1128 29 27 pä
216 1128 47 21 sina
285 1128 77 21 ställen
384 1128 80 21 företer
486 1128 67 27 djupa
574 1128 66 26 hälor,
658 1129 54 20 samt
732 1127 76 21 trodde
825 1127 33 26 sig

108 1161 91 22 sälunda
222 1162 74 21 kunna
317 1163 53 26 göra
392 1163 50 20 hela
464 1163 142 20 forsomrädet
626 1162 85 27 tjenligt
727 1161 32 21 för
775 1161 82 21 flottors

109 1197 150 26 nedstyrande.
289 1197 49 20 Men
353 1197 93 21 förutom
462 1197 28 21 de
506 1197 117 26 ätkomliga
633 1196 173 27 klippspetsarne
817 1195 40 21 har

109 1230 135 21 midtelfäran
267 1231 24 21 af
308 1231 138 21 Taivalkoski
461 1231 25 21 sä
501 1233 58 19 stora
574 1230 132 28 ojemnheter
721 1232 45 19 mot
781 1230 76 27 djupet

109 1265 39 21 och
164 1271 26 15 en
205 1265 24 21 sä
244 1265 90 28 ofantlig
350 1265 40 21 och
412 1265 107 22 väldsamt
534 1265 155 21 nedstörtande
704 1267 153 21 vattenmassa,

109 1302 32 18 att
157 1300 61 21 äfven
240 1301 69 20 under
332 1301 40 20 den
395 1302 92 20 torraste
506 1300 94 21 årstiden
616 1306 25 15 en
658 1299 125 27 fullständig
799 1305 57 15 rens-

109 1334 51 27 ning
182 1334 63 22 deraf
263 1336 24 20 är
302 1333 92 29 omöjlig.
425 1334 138 22 Taivalkoski
578 1334 42 21 fors
636 1335 24 20 är
677 1335 62 25 1,200
753 1334 30 20 fot
799 1334 57 26 läng,

109 1370 41 21 800
165 1368 31 22 fot
211 1368 60 27 bred,
286 1370 49 20 med
351 1376 26 14 en
392 1369 91 27 fallhöjd
499 1369 25 21 af
537 1370 26 20 19
578 1369 37 21 fot.
645 1368 49 21 Icke
708 1375 37 14 ens
755 1374 102 15 sommar-

109 1403 31 21 tid
155 1403 74 21 kunna
243 1403 63 21 bätar
321 1405 68 25 styras
405 1403 77 21 nedför
497 1403 78 25 forsen,
591 1405 51 18 utan
656 1403 67 20 mäste
734 1407 125 16 varutrans-
