1061 1717
247 86 374 24 Petitionsbetänkande
636 86 52 23 N:o
705 87 29 22 4.

324 334 141 23 Allmänna
488 335 257 23 Besvärsutskottets
772 334 93 23 betän-

285 370 87 23 kande
395 370 37 23 N:o
457 370 13 22 3
492 371 47 22 med
557 371 117 29 anledning
698 371 26 23 af
739 372 76 21 trenne
831 370 35 22 till

285 406 156 23 Bondeståndet
456 406 119 23 inlemnade
590 406 187 30 petitionsförslag
792 412 31 16 om
836 406 30 22 in-

284 442 100 23 rättande
403 442 25 23 af
449 449 27 16 en
499 443 148 29 finskspråkig
661 442 205 30 parallelafdelning

284 478 36 22 vid
335 478 99 23 Mustiala
450 478 221 23 landtbruksinstitut.

185 546 82 21 Genom
289 546 199 27 protokollsutdrag
509 546 24 22 af
547 547 41 21 den
613 547 13 21 2
652 546 105 22 Februari
773 546 40 21 har
828 546 37 21 he-

114 582 105 22 dervärda
238 581 163 22 Bondeständet
421 581 35 22 till
478 582 111 21 allmänna
603 582 210 22 besvärsutskottets
828 581 36 22 be-

114 618 103 27 handling
233 617 122 22 remitterat
371 617 96 28 följande
483 620 77 20 trenne
577 617 228 28 petitionsmemorial:

184 673 153 26 (Öfversättning.)

288 712 44 17 Till
345 712 147 17 Hedervärda
505 712 182 17 Bondeständet!

184 755 79 22 Djupare
282 755 72 20 insigter
367 755 7 16 i
386 756 26 15 ett
428 754 86 17 rationelt
528 754 98 21 jordbruks
638 753 119 18 bedrifvande
769 753 97 18 framträda

113 785 26 16 alt
158 790 46 11 mera
223 789 38 12 som
279 786 25 15 ett
322 784 132 21 oundgängligt
473 784 61 17 vilkor
559 784 27 17 för
601 784 34 16 den
653 784 58 16 finska
727 784 138 21 jordbrukaren.

114 815 53 16 Detta
185 814 104 22 pästäendes
309 814 87 21 riktighet
414 813 33 17 har
466 814 34 16 ock
518 814 63 16 vunnit
597 813 115 17 erkännande
724 813 41 17 frän
777 813 38 17 alla
827 813 38 17 häll

114 844 33 17 och
163 844 74 21 mängen
254 844 149 21 hemmansägare,
419 843 88 16 särskildt
522 843 20 17 af
553 843 71 17 landets
636 843 60 17 finska
707 843 108 22 befolkning
827 845 38 14 sän-

114 873 31 17 der
157 874 40 16 sina
210 875 51 15 söner
274 873 29 16 till
316 873 34 16 den
363 873 53 16 lärda
428 873 64 16 skolan
506 873 6 16 i
526 873 45 21 syfte
584 875 26 14 att
622 873 28 16 för
662 873 96 16 framtiden
771 873 47 16 dana
826 873 40 16 dem

114 903 30 17 till
156 901 73 19 bildade
240 903 123 21 jordbrukare.
383 903 47 16 Frän
443 903 161 16 mellanklasserna
617 903 5 16 i
636 903 65 16 skolan
714 903 57 21 skilja
783 903 82 16 eleverna

113 934 28 21 sig
154 933 41 20 ofta,
205 933 44 16 efter
257 935 26 14 att
294 933 53 16 hafva
356 932 98 17 förvärfvat
463 932 137 22 förkunskaper,
611 932 114 22 tillräckliga
734 933 58 16 såsom
801 932 64 22 grund-

114 963 30 17 val
161 963 29 17 till
209 968 21 11 en
243 963 56 21 högre
311 962 132 22 fackbildning,
456 967 40 12 men
509 963 64 16 tillika
585 962 40 17 med
638 963 20 16 sä
671 962 98 21 bristfällig
781 962 85 22 praktisk

113 993 99 16 kännedom
225 993 7 16 i
245 993 77 16 svenska
341 993 78 21 spräket,
437 993 27 15 att
480 992 22 17 de
520 993 15 20 ej
549 992 40 17 med
601 991 94 22 framgäng
707 992 62 16 kunna
781 991 85 21 medfölja

115 1022 150 21 undervisningen
277 1022 24 21 pä
314 1022 48 17 detta
375 1022 60 21 spräk.

185 1051 119 22 Naturligtvis
317 1051 61 17 skulle
391 1056 22 12 en
425 1053 37 14 stor
474 1051 30 17 del
518 1051 19 16 af
549 1051 51 17 dessa
608 1051 60 17 elever
676 1053 47 19 ägna
731 1051 30 22 sig
769 1051 18 16 ät
795 1051 70 16 fadrcns

113 1082 50 20 yrke,
174 1081 112 22 jordbruket,
299 1087 40 11 men
351 1083 58 19 vägen
422 1081 30 16 till
465 1086 22 11 en
500 1081 75 22 djupare
589 1081 125 21 vetenskaplig
727 1081 71 21 insigti
807 1080 58 17 denna

113 1112 116 21 näringsgren
239 1113 19 14 är
267 1111 27 16 för
303 1111 43 20 dem,
356 1116 36 11 som
401 1111 65 16 besökt
473 1110 135 22 finskspräkiga
615 1110 170 20 lärdomsanstalter,
795 1110 70 21 stängd.

112 1141 84 16 Mustiala
208 1141 188 17 landtbruksinstituts
409 1141 55 20 högre
477 1140 95 21 afdelning
585 1140 87 21 erbjuder,
686 1140 23 16 dä
719 1140 147 21 undervisnings-

113 1171 72 22 spräket
203 1171 32 16 där
253 1172 20 15 är
290 1171 79 19 svenskt,
387 1170 63 17 endast
468 1170 18 16 ät
499 1170 72 17 landets
585 1169 77 22 fätaliga
674 1169 151 18 svenskatalande
837 1169 29 16 be-

115 1200 83 21 folkning
212 1200 59 17 denna
283 1200 62 17 fördel.

184 1230 46 16 Frän
249 1231 26 15 ett
291 1229 39 17 häll
347 1229 32 16 har
392 1229 102 21 föreslagits
508 1229 110 16 inrättandet
631 1229 33 16 och
677 1228 126 22 förläggandet
815 1228 20 16 af
846 1233 21 10 en

113 1259 56 17 sådan
186 1259 54 22 högre
259 1259 99 21 afdelning,
376 1259 40 16 med
428 1259 56 16 finskt
497 1259 201 25 undervisningsspräk,
704 1250 37 24 "in
753 1257 114 22 Kronoborgs

113 1289 186 20 landtbruksinstitut,
312 1294 40 12 men
364 1288 65 17 nämda
441 1288 70 22 förslag
524 1288 142 17 tillfredsställer
678 1293 28 11 oss
719 1288 48 16 icke.
786 1287 27 21 Ty
823 1287 44 17 hvar

113 1319 33 17 och
159 1324 21 12 en
193 1319 50 16 torde
254 1318 96 22 medgifva,
358 1320 27 15 att
394 1318 41 17 icke
446 1320 30 18 ett,
484 1318 28 16 för
522 1320 27 14 att
557 1318 19 16 vi
585 1318 19 16 sä
610 1318 29 16 mä
648 1318 84 20 uttrycka
741 1323 34 15 oss,
784 1317 84 21 nybygge

115 1349 87 21 någonsin
215 1349 37 16 kan
264 1348 40 17 med
317 1348 70 20 hänsyn
400 1348 30 16 till
440 1347 181 21 jordbruksskötsein
634 1347 71 17 skänka
713 1347 32 17 och
755 1346 113 17 tillförsäkra

113 1378 83 17 eleverna
214 1383 66 11 samma
297 1377 83 21 fördelar,
399 1382 38 11 som
454 1378 25 15 ett
492 1377 58 16 under
563 1377 94 17 decennier
669 1376 40 17 med
722 1376 57 22 insigt
791 1376 33 16 och
837 1381 30 11 un-

112 1408 32 17 der
162 1410 47 14 stora
228 1407 97 17 kostnader
337 1407 67 17 drifvet
414 1407 90 21 jordbruk
518 1407 46 20 kan;
578 1407 98 21 hvarjämte
689 1412 22 11 en
727 1406 141 22 parallel-afdel.

113 1438 53 21 nings
179 1437 102 17 inrättande
293 1437 32 16 vid
337 1437 85 16 Mustiala
433 1436 192 17 landtbruksinstituts
638 1436 56 21 högre
706 1436 93 21 afdelning
808 1435 60 17 skulle

185 1474 107 19 Allmänna
309 1473 184 19 Besvärsutskottets
512 1473 117 19 betänkande
646 1472 37 20 N:o
700 1473 17 18 3.
