1061 1717
250 110 79 22 Ständ.
345 110 51 22 Pet.
414 122 23 3 —
454 109 168 23 Petitionsbet.
639 110 40 22 N:o
694 110 18 21 7.
819 110 13 20 3

109 174 53 21 blott
177 174 46 21 deri
237 175 32 20 att
285 174 85 26 många,
386 180 46 14 som
454 180 79 20 genom
549 174 44 26 god
608 172 82 22 skötsel
705 172 84 22 kunnat
805 173 56 21 åter-

108 208 79 26 ställas,
203 207 102 22 hemfalla
320 208 33 21 till
369 207 81 28 obotlig
464 207 126 28 galenskap,
607 210 53 18 utan
676 207 41 22 ock
732 208 7 20 i
754 209 31 19 ett
801 208 60 20 antal

110 243 137 27 upprörande
262 242 149 28 tilldragelser.

176 276 68 22 Ofvan
260 276 142 22 omförmälda
424 276 44 22 fem
490 283 43 21 nya
554 276 255 28 upptagningsanstalter
829 276 33 21 för

107 311 76 22 inalles
197 312 28 21 92
239 310 64 28 sjuka
318 312 56 20 samt
383 310 151 22 kuranstalten
543 311 59 21 invid
610 310 84 28 Kuopio
705 310 34 22 för
748 311 40 22 120
799 310 63 28 sjuka

108 345 65 22 hafva
186 345 124 27 visserligen
326 344 93 22 medfört
434 346 72 26 någon
522 344 131 28 förbättring
668 345 7 21 i
690 346 69 26 sagda
768 345 94 21 missför-

107 380 109 21 hållande.
246 379 49 21 Med
310 378 150 22 kuranstalten
476 379 59 21 invid
550 379 135 27 Helsingfors
700 381 56 19 samt
767 379 96 27 hospita-

108 414 30 22 let
153 415 13 20 å
181 413 72 28 Sjählö
261 413 153 26 inberäknade,
422 413 108 28 inrymma
537 414 101 27 samtliga
646 413 215 28 dårinrättningarna

108 449 7 21 i
129 449 74 22 landet
218 448 55 21 dock
288 449 76 20 endast
380 449 37 20 det
442 448 161 21 ofvannämnda
626 449 82 21 antalet
723 449 42 21 399
780 448 83 27 platser

109 484 39 21 och
163 485 36 20 det
214 484 121 26 trängande
350 483 100 21 behofvet
466 484 25 19 är
506 483 85 21 derföre
602 485 60 19 ännu
672 483 117 27 långtifrån
801 483 60 27 fyldt.

176 517 82 22 Genom
274 519 25 20 de
316 517 138 28 nyinrättade
469 517 135 22 anstalterna
620 519 24 20 är
660 517 35 22 väl
706 518 7 20 i
724 518 71 27 någon
811 518 50 20 män

107 553 68 27 sörjdt
190 552 34 21 för
239 553 26 20 de
281 559 50 20 nyss
345 551 142 28 insjuknades
503 553 141 26 upptagande
655 552 40 21 och
706 553 108 20 närmaste
826 552 34 21 be-

108 587 109 26 handling,
241 593 48 14 men
313 587 95 20 deremot
431 587 24 20 är
478 586 82 21 bristen
576 587 29 27 på
620 586 82 28 platser
717 586 84 27 mycket
817 589 45 18 stor

107 621 34 22 för
155 622 26 20 de
197 621 142 27 sinnessjuka,
362 620 84 22 hvilkas
468 621 112 21 åkommor
601 621 84 27 antagit
701 627 26 15 en
743 621 118 26 långvarig,

109 655 99 28 vanligen
224 655 88 26 lugnare
328 655 62 26 form,
405 661 49 15 men
471 661 46 15 som
533 655 55 21 dock
603 655 73 22 fordra
692 662 26 15 en
730 657 67 19 större
809 655 52 21 eller

109 690 83 21 mindre
207 689 71 28 tillsyn
295 694 55 16 samt
366 690 109 20 dessutom
492 689 45 22 ofta
551 689 101 22 återfalla
663 690 7 20 i
681 689 107 28 häftigare
803 689 59 28 sjuk-

110 724 116 22 domsskof.
255 724 10 21 I
281 725 41 20 den
338 723 24 22 af
376 724 54 22 1877
447 725 35 20 års
498 723 93 22 Ständer
605 724 116 27 godkända
731 724 80 27 planen
821 723 42 21 för-

109 760 91 20 utsättes
215 758 40 21 ock
271 761 32 18 att
319 758 134 21 anstalterna
468 759 7 20 i
491 759 84 27 Kuopio
587 759 40 20 och
639 759 143 20 Tammerfors
793 758 68 21 skulle

111 794 6 20 i
133 793 115 22 framtiden
264 793 100 27 utvidgas
379 795 33 19 att
420 793 94 21 omfatta
522 793 105 21 hvardera
635 794 58 20 ända
701 793 33 21 till
743 794 43 21 400
793 792 69 28 sjuka,

108 829 27 20 de
151 827 37 22 der
203 827 67 22 delvis
285 827 72 21 kunde
372 828 112 20 användas
500 827 32 21 till
545 827 207 28 jordbruksarbeten
768 827 39 21 och
823 833 37 15 an-

109 863 40 20 dra
171 862 82 28 nyttiga
275 861 85 28 sysslor.
391 861 83 22 Genom
490 869 27 14 en
537 862 24 21 af
575 862 115 27 Styrelsen,
706 863 28 26 på
749 861 62 22 sidan
826 868 35 14 om

109 897 132 22 Ständernas
264 896 59 27 plan,
338 896 98 21 besluten
452 897 129 26 omändring
596 897 24 21 af
633 897 116 20 Kexholms
765 896 96 27 fängelse

109 931 34 22 till
158 937 26 14 en
199 931 46 27 asyl
260 931 33 20 för
311 931 40 21 100
367 931 99 20 kroniskt
488 931 137 27 sinnessjuka
640 930 56 21 skall
715 931 37 20 det
767 931 95 20 nämnda

107 965 100 22 behofvet
222 965 7 21 i
245 966 70 26 någon
331 965 57 26 mån,
404 972 49 14 men
468 965 118 27 långtifrån
602 965 116 27 tillräcklig
729 965 131 27 tillgodoses,

106 999 123 28 isynnerhet
245 1006 46 14 som
306 999 218 21 kommunikationen
540 1001 48 20 med
604 1001 71 20 denna
690 1002 33 19 ort
739 1000 24 21 är
777 999 84 27 ganska

107 1034 110 27 obeqväm.
248 1033 83 22 Genom
346 1036 32 19 att
393 1034 7 20 i
416 1033 97 28 enlighet
528 1035 49 20 med
585 1034 158 21 ofvanberörda
750 1033 51 28 plan
812 1035 48 19 när-

107 1071 56 19 mast
185 1069 73 21 skrida
273 1068 32 21 till
321 1070 32 19 att
368 1069 36 21 vid
419 1069 146 21 Tammerfors
587 1068 93 28 uppföra
696 1075 26 14 en
738 1067 122 22 kuranstalt

107 1103 102 22 liknande
225 1104 40 20 den
281 1103 36 21 vid
332 1103 85 27 Kuopio
433 1105 57 19 samt
505 1103 135 21 omfattande
652 1105 40 20 100
702 1103 82 27 platser
792 1102 69 21 skulle

106 1137 19 28 ej
142 1137 67 22 heller
223 1137 101 21 behofvet
339 1137 25 21 af
376 1137 53 22 vård
444 1137 34 21 för
494 1137 98 22 kroniskt
607 1137 169 22 sinnesrubbade
791 1136 70 28 fyllas,

106 1174 23 25 ty
145 1171 157 28 otvifvelaktigt
325 1172 68 21 måste
415 1172 7 21 i
445 1171 92 22 främsta
557 1174 91 19 rummet
664 1173 40 20 den
720 1171 34 22 för
768 1173 92 26 upptag-

106 1206 79 27 ningen
201 1206 24 21 af
238 1213 49 20 nyss
302 1206 130 27 insjuknade
448 1209 58 18 samt
515 1207 101 26 isolering
626 1206 24 21 af
656 1206 133 21 våldsamma
797 1205 63 27 sjuka

107 1241 90 21 ämnade
213 1240 110 27 afdelning
339 1240 111 28 uppföras,
466 1241 71 21 såsom
553 1241 62 21 äfven
631 1241 36 21 vid
682 1240 84 28 Kuopio
782 1239 64 22 skett.

174 1275 40 21 Vid
238 1275 77 21 sådant
337 1274 137 22 förhållande
489 1275 49 27 låge
553 1277 54 19 nära
622 1275 33 21 till
670 1274 69 22 hands
756 1276 32 20 att
803 1280 58 15 ome-

107 1310 84 22 delbart
213 1309 74 21 skrida
301 1309 33 21 till
349 1316 27 15 en
392 1310 130 27 utvidgning
537 1310 25 21 af
574 1310 108 21 anstalten
698 1310 7 20 i
719 1309 92 27 Kuopio,
827 1309 34 21 så-

107 1352 46 14 som
175 1344 167 27 petitionärerne
362 1344 119 27 föreslagit.
513 1344 32 21 En
563 1344 68 21 sådan
646 1343 127 27 utvidgning
788 1342 73 22 kunde

106 1379 80 21 bereda
201 1379 42 21 200
258 1378 82 27 platser
354 1378 35 21 för
404 1385 27 14 en
447 1378 96 22 kostnad
558 1378 24 22 af
594 1378 136 26 4—500,000
740 1377 68 25 mark,
817 1384 43 14 me-

106 1414 43 20 dan
165 1420 25 14 en
206 1420 28 20 ny
249 1412 81 22 anstalt
348 1412 35 22 vid
398 1412 145 22 Tammerfors
565 1413 34 21 för
621 1412 97 28 omkring
743 1413 41 21 100
799 1411 61 28 sjuke
