1061 1717
328 92 239 23 Petitionsbetänkande
582 92 36 24 N:o
635 92 20 23 2.
837 94 14 21 3

275 160 28 18 att
319 159 67 18 landets
405 159 101 23 Höglofliga
523 159 77 18 Ständer
617 159 39 18 ville
671 159 30 18 hos
713 160 54 18 Hans
780 159 70 23 Kejser-

241 189 36 23 liga
295 189 85 23 Majestät
396 189 130 24 underdänigst
543 189 73 19 anhålla
634 195 28 13 om
674 189 107 19 tillsättande
792 189 25 21 af
826 195 21 12 en

241 219 62 18 komité
320 218 24 24 af
358 219 109 23 sakkunnige
482 224 90 18 personer,
585 225 37 13 som
641 219 44 23 ägde
704 220 26 17 att
748 221 42 21 taga
808 220 43 17 när-

243 255 50 12 mare
311 249 43 18 reda
369 249 27 23 på
412 249 176 18 handtverkeriernas
605 250 7 18 i
624 249 59 19 landet
695 249 84 22 tillstånd,
793 249 20 18 de
823 254 28 13 or-

242 279 50 18 saker
309 284 37 13 som
363 278 61 19 kunna
438 284 51 13 anses
500 279 73 18 hämma
586 279 51 19 deras
649 280 100 22 utveckling,
762 279 89 23 äfvensom

241 314 29 13 om
287 308 29 19 och
335 309 7 17 i
360 308 20 18 så
392 308 34 23 fall
438 308 59 19 hvilka
513 309 120 23 ändringar
624 304 12 33 i
648 309 83 23 gällande
747 309 105 24 näringslag

243 338 79 24 påkallas
334 338 24 24 af
368 338 33 18 den
413 338 62 18 hittills
487 344 62 13 vunna
560 339 128 23 erfarenheten.

277 375 153 22 Helsingfors,
444 374 34 18 den
492 374 22 18 27
528 376 73 16 Januari
614 375 52 19 1885.

567 410 55 24 Karl
636 412 24 22 F.
676 411 103 30 Ignatius.

172 491 33 21 Dä
219 491 109 21 utskottet
344 490 79 21 skridit
439 490 35 21 till
487 491 163 28 handläggning
660 491 24 22 af
694 493 59 21 detta
763 494 87 27 ärende,

99 528 40 21 har
160 527 37 22 det
217 527 18 27 ej
257 527 84 21 kunnat
361 527 73 26 undgä
453 528 34 19 att
502 528 51 25 taga
568 527 83 27 hänsyn
666 527 35 22 till
717 529 27 21 de
760 529 91 22 allmänt

99 563 106 22 utbredda
225 563 119 27 klagomäl,
360 569 47 15 som
427 563 126 26 isynnerhet
568 563 80 22 herska
663 564 66 21 bland
745 565 43 22 alla
803 567 48 20 värt

99 599 62 22 lands
186 599 170 21 industriidkare
382 599 39 21 och
441 599 160 22 handtverkare
622 599 7 22 i
650 599 55 28 följd
730 600 24 22 af
771 607 30 16 nu
816 603 34 20 rä-

100 636 70 21 dande
191 635 156 21 förhällanden.
380 634 74 22 Kändt
475 637 25 19 är
529 635 39 21 ock
594 637 33 20 att
658 636 63 22 dessa
741 637 109 28 klagomäl

98 671 189 27 hufvudsakligast
307 673 37 19 äro
366 671 86 21 riktade
474 672 47 20 mot
541 671 42 22 den
603 678 41 21 nya
660 672 152 29 näringslagen
828 673 24 22 af

99 709 24 20 är
139 708 64 21 1879.
234 707 76 21 Redan
327 707 64 27 1881,
409 707 27 21 dä
452 708 33 20 ett
500 707 92 21 allmänt
606 707 143 23 handtverks-
764 710 39 21 och
817 709 32 22 in-

99 743 215 22 dustriidkare-möte
335 743 54 26 ägde
410 749 48 15 rum
481 743 7 20 i
510 743 155 28 Tammerfors,
682 744 38 27 gaf
739 745 33 27 sig
787 745 62 22 miss-

98 779 59 27 nöjet
173 779 34 21 till
222 779 73 21 känna
311 779 39 21 och
366 779 102 26 utgjorde
484 778 63 22 äfven
562 779 70 22 under
648 782 86 20 senaste
745 781 104 28 landtdag

98 815 143 27 anledningen
259 814 36 22 till
315 815 25 21 de
356 814 197 28 petitionsförslag,
569 815 87 22 hvilken
673 816 55 22 hade
743 817 35 21 till
795 817 54 28 syfte

100 858 27 15 en
142 851 126 27 förändring
284 850 23 22 af
321 857 30 15 nu
366 850 102 28 gällande
484 851 126 27 näringslag
625 854 57 19 samt
698 859 26 15 en
735 853 114 22 inskränk-

99 887 53 28 ning
168 887 6 21 i
190 886 189 28 näringsfriheten.

172 923 33 22 Då
225 923 147 27 petitionären
388 923 7 21 i
410 922 182 27 borgareständet
612 924 122 27 uppträdde
754 925 35 21 till
808 925 42 22 för-

100 966 48 15 svar
164 959 32 22 för
212 959 39 22 sitt
267 958 86 28 förslag,
370 958 102 22 framhöll
488 959 43 21 han
542 959 26 21 de
579 960 140 27 synpunkter,
731 967 46 15 som
788 962 63 21 torde

100 996 74 21 kunna
194 995 112 22 betraktas
328 1001 46 15 som
390 995 84 21 kärnan
492 994 7 21 i
516 995 63 21 dessa
594 994 115 28 klagomäl.
740 996 62 22 Efter
817 999 34 20 att

100 1031 64 22 hafva
184 1032 43 21 täst
242 1031 222 27 uppmärksamheten
480 1031 38 27 pä,
534 1031 57 21 huru
606 1031 41 21 den
663 1031 72 27 gamla
751 1033 99 22 skräord-

100 1067 80 28 ningen
200 1068 28 26 pä
249 1067 34 21 sin
303 1067 33 21 tid
355 1066 66 22 afsett
437 1068 34 19 att
487 1065 68 28 skapa
571 1073 25 15 en
612 1068 28 25 pä
655 1067 197 29 yrkesskicklighet

101 1104 40 21 och
157 1103 68 27 sedlig
241 1103 70 27 grund
327 1102 33 27 sig
376 1103 108 21 stödande
500 1102 140 28 arbetsklass,
652 1103 101 22 framhöll
763 1105 43 21 han
818 1107 33 20 att

101 1146 29 14 nu
145 1139 100 27 gällande
261 1138 125 28 näringslag
401 1138 7 21 i
423 1138 71 27 bägge
510 1138 130 22 afseendena
655 1139 84 22 lämnar
754 1147 48 15 rum
819 1141 33 22 för

101 1175 96 22 klander.
229 1175 48 21 Den
298 1175 142 21 oinskränkta
460 1173 162 29 näringsfrihet,
644 1181 46 15 som
711 1175 6 22 i
739 1176 70 22 denna
828 1179 25 19 är

102 1210 121 28 medgifven
244 1211 40 21 och
305 1211 63 21 hvars
390 1211 56 21 enda
465 1210 157 27 förutsättning
637 1213 25 19 är
677 1212 42 26 god
735 1211 62 28 frejd,
813 1213 40 21 har

102 1248 28 26 pä
144 1246 188 22 handtverkeriets
349 1246 87 21 omräde
452 1245 127 23 framkallat
589 1253 26 15 en
626 1247 226 30 handtverkareklass,

103 1289 46 15 som
166 1282 17 27 ej
201 1284 24 19 är
240 1281 7 22 i
264 1282 64 21 ständ
349 1283 33 20 att
400 1281 74 23 utföra
490 1282 85 27 dugligt
590 1282 74 22 arbete
680 1283 38 21 och
735 1289 46 16 som
798 1284 55 22 säle-

104 1320 37 20 des
162 1318 81 27 nödgas
264 1317 103 29 leverera;
384 1318 58 26 dälig
458 1324 53 15 vara
526 1318 35 21 till
577 1318 72 27 billigt
665 1318 52 27 pris.
748 1320 50 21 Med
819 1322 33 20 sä-

104 1356 55 20 dana
174 1354 159 21 konkurrenter
349 1356 24 18 är
389 1354 37 21 det
441 1353 35 21 för
492 1360 27 15 en
533 1355 162 26 samvetsgrann
710 1355 40 21 och
761 1356 94 28 skicklig

103 1390 158 22 handtverkare
283 1389 99 27 omöjligt
401 1390 33 21 att
450 1388 63 28 täfla;
532 1391 23 25 ty
570 1390 54 21 hans
640 1390 73 22 arbete
730 1391 75 22 ställer
821 1392 34 28 sig

104 1426 63 22 alltid
188 1426 76 27 dyrare
286 1426 39 21 och
346 1425 40 21 har
406 1424 34 22 för
462 1426 42 20 den
526 1425 57 21 skull
601 1426 84 21 mindre
704 1427 85 27 ätgäng.
821 1428 34 22 Dä

105 1468 83 16 samma
203 1461 125 27 näringslag
344 1461 111 21 dessutom
472 1460 119 28 medgifver
606 1461 73 27 hvarje
690 1462 165 28 näringsidkare

221 1503 107 21 Allmänna
343 1504 185 20 Besvärsutskottets
543 1504 116 20 betänkande
674 1504 37 20 N:o
725 1505 18 19 1.
