1061 1717
227 102 13 21 8
404 102 250 22 Petitionsbetänkande
668 102 40 22 N:o
723 101 30 23 18.

299 166 85 24 förflutit
396 167 59 18 sedan
464 167 116 23 föregående
592 167 103 23 landtdags
707 167 74 22 början,
795 167 30 18 till
835 166 121 24 granskning

301 196 116 18 utbekomma
434 196 22 18 de
471 196 33 18 vid
518 196 108 23 Kejserliga
637 198 86 16 senatens
732 196 60 23 plena
804 196 33 18 och
849 197 8 17 i
869 198 86 16 senatens

300 225 223 23 ekonomiedepartement
530 224 62 23 förda
595 225 101 23 protokoll,
705 224 98 24 äfvensom
811 225 36 18 den
852 225 34 23 för
890 225 66 23 finska

302 254 94 18 ärendena
412 254 8 17 i
432 254 30 18 S:t
474 254 111 23 Petersburg
598 254 82 18 tillsatta
691 254 92 18 komiténs
792 254 95 23 protokoll
898 256 9 16 i
918 254 37 18 den

301 282 46 18 mån
358 282 88 18 utskottet
458 288 57 12 anser
527 283 30 17 det
569 283 77 23 nödigt;

336 313 28 16 att
386 311 61 23 sagda
470 312 71 18 utskott
563 317 41 17 eger
626 312 42 17 med
691 311 76 23 ledning
791 311 25 23 af
836 312 22 17 de
872 312 84 18 sålunda

302 340 85 18 erhållna
404 340 100 24 uppgifter
517 341 35 22 för
571 341 105 17 ständerna
692 341 63 17 uttala
773 341 31 17 sin
822 340 50 24 åsigt
884 341 71 22 derom,

298 368 29 24 på
344 369 50 17 hvad
410 371 39 16 sätt
466 370 55 17 Hans
537 369 99 22 Majestäts
645 369 36 23 för
692 370 97 17 Finlands
802 370 153 22 angelägenheter

301 398 80 18 tillsatta
397 398 113 22 rådgifvare
524 399 8 16 i
546 399 45 17 sina
602 398 78 23 rådslag
692 398 33 18 och
737 398 90 23 åtgärder
838 398 60 23 hafva
906 398 50 23 följt

299 427 156 23 grundlagarnas
470 428 34 17 och
518 427 99 18 allmänna
632 428 64 23 lagens
714 427 43 22 bud,
772 428 33 17 och
823 428 93 17 huruvida
932 428 23 17 de

301 456 89 23 iakttagit
409 456 73 18 landets
500 456 137 23 sannskyldiga
648 456 65 23 fördel
726 458 50 16 samt
789 457 34 17 sitt
835 457 66 18 embete
912 457 42 18 med

301 485 61 21 oväld,
374 485 110 22 skicklighet
496 485 34 18 och
541 486 31 17 nit
583 485 85 22 utöfvat;

334 515 49 16 samt
395 515 29 16 att
435 514 110 21 ständerna,
559 519 30 12 om
596 514 23 17 de
628 519 44 12 anse
680 514 66 17 sakens
755 514 123 23 beskaffenhet
884 515 71 18 sådant

301 542 94 22 erfordra,
414 543 34 17 äro
467 543 116 22 berättigade
600 544 29 16 att
646 543 33 17 hos
694 543 54 17 Hans
760 543 89 22 Majestät
862 543 93 22 Kejsaren

301 571 33 17 och
347 571 119 22 Storfursten
478 572 8 16 i
498 571 151 23 underdånighet
654 571 103 22 frambära
765 571 23 18 de
796 572 159 23 anmärkningar,

299 600 32 17 till
343 600 62 18 hvilka
417 600 41 18 skäl
470 600 89 23 möjligen
569 600 119 24 förefunnes.

267 657 118 23 Helsingfors
398 657 36 18 den
447 659 10 15 2
470 657 92 18 Februari
577 659 47 16 1885.

669 715 89 23 Jaakko
773 716 112 23 Forsman.

255 824 44 22 Det
314 825 166 26 önskningsmål,
497 831 46 16 som
557 825 8 21 i
581 825 63 22 dessa
658 825 185 28 petitionsförslag
858 826 96 26 beröres,

196 865 38 15 var
256 859 67 22 redan
345 859 36 21 vid
399 861 139 20 1863—1864
563 860 34 21 års
620 860 104 27 landtdag
739 859 88 23 föremål
843 860 32 22 för
890 860 64 22 Stän-

196 893 79 22 dernas
291 893 166 28 öfverläggning.
488 894 71 22 Sedan
574 895 7 20 i
597 894 158 28 Ridderskapet
771 895 39 22 och
826 895 69 22 Adeln
910 894 43 23 för-

196 927 48 28 slag
259 927 76 22 väckts
351 929 33 20 att
399 928 31 21 uti
446 929 133 27 underdänig
595 929 90 27 petition
702 929 39 22 hos
757 929 60 22 Hans
833 929 121 28 Kejserliga

196 962 104 27 Majestät
322 962 86 22 anhålla
430 969 35 15 om
487 963 66 26 nådig
568 963 141 27 proposition,
728 964 92 21 rörande
836 964 18 27 ej
871 964 82 21 mindre

195 996 128 27 fullständig
330 997 174 26 reorganisation
520 997 22 22 af
555 997 121 28 Kejserliga
692 998 94 21 Senaten
801 1000 58 19 samt
874 999 80 20 anstäl-

195 1031 65 21 lande
276 1030 22 22 af
312 1037 26 16 en
354 1031 132 22 Ständernas
502 1032 239 26 Justitieombudsman,
766 1034 27 20 än
816 1033 40 20 ock
880 1033 73 25 ,stad-

195 1065 86 27 ganden
297 1071 33 16 om
346 1066 138 27 ansvarighet
499 1066 33 22 för
544 1067 60 21 Hans
620 1067 113 27 Majestäts
748 1066 69 22 finske
832 1066 122 28 rådgifvare

196 1099 40 22 och
251 1100 190 27 granskningsrätt
456 1101 22 21 af
492 1101 216 26 statsförvaltningen
727 1107 76 21 genom
820 1101 134 22 Ständernas

196 1133 80 22 ombud
298 1133 40 23 och
354 1135 106 26 utskott",
484 1137 57 20 samt
563 1135 108 22 allmänna
693 1135 205 27 besvärsutskottet,
922 1136 32 21 dit

194 1168 95 21 nämnda
299 1169 184 28 petitionsförslag
490 1169 139 27 remitterats,
646 1169 105 28 tillstyrkt
759 1169 50 22 dess
825 1170 128 27 antagande,

194 1202 104 23 förenade
313 1203 34 27 sig
360 1204 102 26 samtliga
476 1205 64 21 stånd
555 1205 7 20 i
577 1205 82 26 princip
670 1210 35 16 om
715 1204 107 22 aflåtande
838 1204 23 22 af
874 1211 25 16 en
916 1204 37 28 dy-

194 1237 30 21 lik
239 1237 99 27 petition,
356 1244 49 15 men
421 1239 91 21 ärendet
527 1239 58 21 hann
601 1239 57 21 dock
674 1239 19 27 ej
710 1239 163 21 slutbehandlas
888 1239 65 21 innan

195 1271 122 23 Ständerna
339 1272 111 22 åtskildes.
480 1273 11 21 I
506 1273 52 27 följd
576 1273 24 22 af
613 1273 37 22 det
666 1273 134 22 vidsträckta
816 1274 136 26 omdanings-

194 1306 76 22 arbete
284 1306 29 28 på
331 1307 26 21 de
379 1306 64 23 flesta
458 1308 257 27 lagstiftningsområden,
739 1308 102 22 Finlands
859 1308 94 22 Ständer

194 1341 69 21 sedan
278 1341 49 21 dess
344 1341 46 22 haft
405 1342 33 27 sig
453 1342 115 27 förelagdt,
584 1342 79 22 förblef
676 1342 75 27 frågan
768 1348 34 16 om
818 1342 134 22 Ständernas

194 1377 45 19 rätt
253 1376 34 20 att
301 1376 95 26 granska
410 1376 214 27 statsförvaltningen
644 1377 40 22 och
704 1377 139 26 ansvarighet
857 1377 33 21 för
907 1383 46 15 mo-

192 1409 95 22 narkens
301 1410 123 27 rådgifvare
439 1410 124 23 sedermera
578 1417 26 16 en
619 1411 75 27 längre
709 1411 32 22 tid
758 1410 106 23 hvilande.
888 1411 66 22 Först

262 1449 141 23 Lagutskottets
415 1450 116 18 betänkande
542 1451 37 17 N:o
591 1452 16 16 8.
