1061 1717
239 88 13 20 4
412 85 252 25 Petitionsbetänkande
676 86 41 23 N:o
732 84 35 24 29.

211 152 64 23 lande
290 152 70 23 blifvit
375 152 79 29 skiljda
468 154 34 22 till
517 156 55 25 säng
587 153 40 23 och
645 155 55 20 säte.
725 152 11 22 I
751 152 82 22 sådana
848 152 41 22 och
904 152 67 22 andra

210 187 45 27 fall,
273 188 28 22 då
315 194 91 16 mannen
422 190 24 20 är
460 188 140 22 urståndsatt
615 190 33 20 att
664 187 74 23 utöfva
753 186 39 22 sitt
804 187 166 28 målsmanskap,

208 222 94 22 likasom
325 223 40 21 och
389 222 28 22 då
438 222 44 22 han
500 222 87 23 utöfvar
605 223 38 22 det
657 223 7 21 i
680 222 55 22 strid
749 223 47 20 mot
810 222 103 22 hustruns
929 223 41 22 och

209 256 63 23 boets
294 258 68 26 bästa,
386 264 50 15 vore
460 257 38 23 det
516 258 85 27 obilligt
622 259 33 21 att
670 259 52 25 göra
736 256 105 22 hustruns
856 258 45 20 rätt
915 258 33 21 att
962 258 8 21 i

208 292 158 22 vidsträcktare
382 292 85 27 omfång
483 294 27 20 än
527 292 32 22 till
575 292 178 27 sjelfförsörjning
769 291 68 21 drifva
846 291 76 27 näring
931 292 38 22 be-

209 326 83 22 roende
307 326 24 22 af
344 328 32 20 ett
391 326 117 28 samtycke,
524 332 47 16 som
582 326 114 28 omöjligen
706 326 43 22 kan
760 325 94 22 erhållas
865 326 53 22 eller
928 326 41 22 till-

208 360 109 28 äfventyrs
341 361 123 27 egenvilligt
483 360 23 23 af
523 368 91 15 mannen
630 361 118 27 förvägras.
778 360 34 22 Då
826 361 142 22 målsmanna-

209 395 79 28 skapet
303 395 69 22 under
386 396 191 27 omständigheter,
595 396 83 21 sådana
693 399 47 18 som
756 395 27 21 de
796 394 63 22 ofvan
869 396 98 26 nämnda,

208 428 21 23 af
245 430 107 22 allmänna
371 430 62 27 lagen
450 437 64 16 anses
530 430 101 23 hvilande
647 432 57 20 samt
718 430 95 21 hustrun
827 430 140 23 tillerkännes

208 471 33 20 en,
258 471 35 15 om
307 465 40 22 ock
362 465 49 22 icke
427 465 143 27 obegränsad,
585 467 45 20 rätt
647 467 33 20 att
694 464 85 27 förfoga
794 464 60 22 öfver
866 465 57 26 boet,
935 471 33 22 sy-

209 505 38 16 nes
264 500 37 21 det
315 506 51 15 vara
380 499 129 28 följdriktigt
524 500 41 21 och
580 500 49 21 med
644 500 75 27 lagens
735 499 57 22 anda
803 499 165 22 öfverensstäm-

207 534 78 22 mande
301 536 33 19 att
349 541 81 15 samma
444 535 116 26 grundsats
577 535 68 21 också
656 535 75 20 vinner
741 534 135 27 tillämpning
886 534 32 21 uti
928 536 38 19 nä-

206 568 227 29 ringslagstiftningen.
464 570 39 21 Att
518 569 75 22 härvid
608 569 72 28 likväl,
697 569 32 21 till
744 569 138 21 undvikande
892 568 24 22 af
924 569 42 22 för-

207 603 130 28 vecklingar,
353 606 119 25 noggrannt
488 604 40 21 bör
542 604 133 22 bestämmas
692 604 27 21 de
734 603 43 27 fall,
789 604 7 21 i
806 603 73 22 hvilka
888 603 78 22 hustru

206 639 25 20 är
245 638 123 27 berättigad
388 641 34 19 att
436 641 53 19 utan
504 645 102 15 mannens
622 639 111 26 samtycke
749 637 74 23 utöfva
838 638 76 27 näring
928 645 38 14 an-

206 674 38 20 nat
258 675 28 19 än
301 673 32 21 till
349 673 181 28 sjelfförsörjning,
546 675 25 19 är
587 673 114 28 sjelffallet,
718 679 49 16 men
778 673 40 21 har
827 673 109 21 utskottet
945 673 19 28 ej

207 709 72 20 ansett
298 707 33 28 sig
351 707 33 22 för
398 708 134 21 närvarande
547 708 54 21 böra
617 710 98 19 närmare
731 707 54 22 söka
801 707 84 28 angifva
900 708 66 21 dessa

205 741 44 27 fall,
267 744 52 19 enär
333 741 73 28 frågan
422 742 7 21 i
445 743 70 21 denna
530 742 41 27 del,
586 743 74 21 derest
670 742 121 27 petitionen
801 742 121 21 föranleder
932 742 32 21 till

206 776 231 27 lagstiftningsåtgärd,
453 777 49 21 med
518 777 27 20 all
557 777 104 21 säkerhet
670 777 98 21 kommer
779 778 32 19 att
821 776 143 21 underkastas

206 817 27 15 en
249 811 84 27 allsidig
349 811 137 27 granskning.

273 845 32 22 På
320 846 69 27 grund
404 845 22 22 af
439 846 57 21 hvad
511 846 109 21 utskottet
631 845 45 22 haft
687 847 53 20 äran
752 845 75 22 anföra
836 845 33 22 får
879 845 85 22 utskot-

207 881 34 20 tet
256 880 110 21 vördsamt
380 880 90 21 föreslå:

344 951 31 20 att
391 949 122 22 Ständerna
523 949 46 21 ville
578 949 74 27 förena
662 949 34 27 sig
707 956 34 14 om
751 955 26 15 en
787 949 133 27 underdånig
927 955 37 20 pe-

309 983 67 27 tition,
392 984 35 21 det
442 984 78 21 täcktes
535 983 27 22 H.
579 983 28 22 K.
624 984 105 27 Majestät
744 983 45 22 låta
803 985 96 26 uppgöra
909 985 56 20 samt

308 1017 9 21 i
333 1018 69 21 sinom
426 1019 32 20 tid
478 1018 108 27 förelägga
609 1017 125 22 Ständerna
753 1017 81 28 förslag
849 1018 32 21 till
894 1018 70 21 sådan

309 1053 92 27 ändring
424 1053 27 26 af
468 1053 29 21 K.
516 1053 152 27 förordningen
688 1060 33 14 om
741 1053 131 26 näringarne
887 1053 27 26 af
924 1052 40 21 den

309 1088 28 20 31
351 1087 63 22 Mars
428 1089 69 26 1879,
514 1090 30 19 att
558 1088 76 21 hustru
650 1087 135 22 tillerkändes
799 1089 46 20 rätt
860 1089 31 20 alt
905 1087 9 21 i
927 1088 36 21 sä-

309 1121 55 22 dana
386 1122 39 27 fall
444 1123 29 20 dä
492 1129 102 15 mannens
609 1122 189 26 mälsmannaskap
813 1122 34 27 för
861 1121 65 22 henne
941 1121 27 27 af

308 1163 25 14 en
347 1156 48 22 eller
414 1164 71 15 annan
500 1157 112 27 anledning
627 1158 69 21 mäste
711 1157 106 21 betraktas
832 1157 73 21 säsom
919 1156 44 22 hvi-

307 1190 62 22 lande
388 1191 112 22 oberoende
518 1192 27 25 af
559 1198 105 15 mannens
678 1191 107 28 samtycke
799 1191 50 21 idka
863 1191 78 27 näring
956 1191 9 20 i

308 1225 34 21 det
357 1225 92 28 omfäng,
466 1233 46 14 som
526 1226 8 20 i
548 1227 16 19 2
579 1225 15 28 $
610 1227 28 26 af
647 1225 120 28 äberopade
781 1225 125 28 förordning
922 1232 42 15 om-

307 1259 107 27 förmäles.

273 1328 136 28 Helsingfors
426 1330 41 21 den
483 1332 11 19 5
510 1329 58 22 Mars
587 1331 61 20 1885.

274 1443 140 23 Lagutskottets
427 1443 116 18 betänkande
555 1444 36 18 N:o
604 1445 27 17 11.
