1061 1717
231 97 13 21 8
404 88 237 32 Petitionsbetänkande
656 97 41 22 N:o
715 88 39 30 19.

201 169 44 21 ver,
261 169 47 15 som
332 163 6 21 i
363 164 63 21 dessa
448 164 74 22 skolor
537 164 68 22 borde
621 170 52 16 vara
689 163 127 22 medeltalet
831 169 38 21 per
885 162 67 27 klass,

203 200 52 20 utan
277 199 40 21 har
335 199 37 27 jag
388 199 6 21 i
412 200 61 22 detta
488 200 124 23 hänseende
629 201 89 21 stannat
733 199 36 21 vid
785 199 41 21 den
843 198 111 22 allmänna

202 234 145 28 bestämning,
364 242 46 15 som
430 236 56 22 efter
502 236 166 27 skolstyrelsens
684 236 97 21 hörande
797 235 73 21 kunde
885 234 68 21 blifva

203 271 49 21 vårt
273 271 62 21 lands
357 271 94 27 Styrelse
468 271 34 22 till
518 272 89 27 ledning
622 272 36 21 vid
672 271 134 27 beviljandet
822 270 23 22 af
859 270 94 22 nämnda

201 306 117 22 förmåner.
347 307 31 21 På
396 308 71 26 grund
484 308 24 21 af
522 308 90 22 anförda
628 308 47 22 skäl
687 307 98 22 anhåller
793 308 38 26 jag
842 307 112 21 vördsamt

202 342 33 22 för
251 343 120 22 utskottets
387 344 57 21 kläm
462 343 22 22 få
500 344 80 22 föreslå
596 344 96 27 följande
708 343 152 27 formulering:

382 380 32 20 att
432 378 74 24 lärare
525 379 37 22 och
579 379 133 28 lärarinnor,
728 378 73 22 hvilka
817 378 66 28 aflagt
899 378 54 22 kun-

346 414 121 28 skapsprof,
483 422 44 15 som
539 414 93 28 fordras
642 414 42 29 för
700 414 112 23 vinnande
827 413 31 28 af
870 414 82 27 kompe-

347 452 46 20 tens
409 451 35 21 till
460 451 139 27 läraretjenst
615 451 37 22 vid
670 449 160 27 statsläroverk,
845 449 57 28 finge
912 449 41 28 för

345 486 35 22 sin
395 487 134 21 verksamhet
543 487 37 21 vid
592 487 90 27 privata
698 486 203 28 läroinrättningar,
910 493 44 14 som

346 523 34 21 stä
390 523 71 21 under
471 522 230 29 Skolöfverstyrelsens
711 522 102 22 inseende
823 521 38 22 och
868 521 86 22 hvilkas

345 559 89 27 stadgar
444 557 31 28 af
481 557 123 30 Styrelsens
614 558 108 28 faststält,
733 560 55 20 samt
799 557 84 22 hvilkas
902 557 52 22 elev-

337 593 106 28 Jregvens
463 596 27 20 är
505 595 25 21 sä
545 596 51 25 stor,
612 596 32 20 att
659 595 41 21 den
717 594 89 27 bevisar,
823 595 32 20 att
875 593 77 22 skolan

343 631 63 27 utgör
421 632 29 20 ett
468 630 89 29 verkligt
571 630 179 29 bilämingsbehof,
767 637 17 15 o.
801 637 16 14 s.
832 637 18 14 v.

767 672 22 22 P.
805 671 117 29 Leppänen.

282 1509 118 23 Helsingfors,
413 1510 65 17 Weilin
492 1510 14 16 &
518 1510 50 16 Göös'
581 1510 114 22 aktiebolags
708 1510 84 21 tryckeri,
807 1510 51 16 1885.
