1061 1717
242 132 81 22 Ständ.
341 132 51 22 Pet.
408 144 28 4 —
452 132 168 23 Petitionsbet.
636 132 39 22 N:o
690 132 35 22 49.

340 436 125 22 Finlands
478 436 129 22 Ständers
620 435 181 27 underdåniga
812 440 37 22 pe-

304 476 75 21 tition
402 475 108 28 angående
533 475 90 28 uppbörd
647 475 21 22 af
691 475 130 22 kronorester
847 475 5 20 i

306 516 64 22 Norra
385 516 38 22 och
439 511 60 27 Östra
515 516 90 21 Finland.

145 583 233 28 Stormäktigste,
395 583 217 28 Allernådigste
626 583 115 28 Kejsare
757 583 46 22 och

396 617 160 23 Storfurste.

166 680 43 21 För
229 680 143 28 afhjelpande
388 680 26 22 af
427 681 27 21 de
469 680 146 28 olägenheter,
631 687 47 14 som
692 680 8 21 i
714 679 117 28 synnerhet
845 679 8 21 i

99 715 85 21 landets
207 721 64 15 norra
294 715 41 21 och
357 716 60 21 östra
439 715 61 21 delar
522 714 124 22 förorsakas
668 714 24 21 af
709 715 36 20 det
760 715 49 25 sätt,
825 714 30 27 pä

98 748 82 22 hvilket
202 748 147 28 indrifningen
372 749 24 22 af
417 749 139 22 kronorester
577 748 134 27 verkställes,
733 748 66 22 hafva
817 748 37 22 vid

99 783 147 22 innevarande
268 783 90 28 landtag
380 783 60 22 inom
462 783 163 22 Bondeständet
640 783 118 21 framstälts
773 785 80 19 tvenne

97 817 192 28 petitionsförslag,
305 818 36 21 det
356 824 42 15 ena
415 818 115 27 angäende
538 818 68 21 sädan
616 817 127 27 förändring
750 817 37 21 vid
797 823 56 21 upp-

99 851 82 21 börden
197 851 24 22 af
238 852 67 27 sagda
321 853 73 26 rester,
411 854 33 19 att
459 851 232 28 kronouppbördsman
705 851 74 22 älades
794 850 59 22 hålla

99 892 27 15 en
142 885 144 28 restuppbörd
303 886 52 21 eller
370 888 35 19 att
420 886 173 28 restuppbörden
605 886 57 27 finge
673 886 29 27 pä
710 885 143 22 kommunens

100 926 78 15 ansvar
197 919 132 29 ombesörjas
345 920 25 21 af
382 920 236 22 kommunalnämnden
633 922 56 19 samt
703 921 32 20 att
749 919 104 22 vederbö-

97 954 69 21 rande
189 953 106 22 exekutor
319 955 36 21 vid
370 955 43 21 vite
428 954 169 28 skyldigkändes
612 956 32 19 att
658 956 46 19 mot
718 953 61 22 lösen
794 955 60 20 strax

96 988 14 21 &
124 987 215 29 förrättningsstället
362 989 89 21 utfärda
475 989 75 27 nödigt
572 989 60 27 intyg
655 988 59 22 öfver
742 987 111 23 verkstäld

99 1022 131 27 utmätning,
253 1029 35 15 om
305 1023 79 21 sädant
398 1023 81 22 honom
493 1023 114 28 affordras,
622 1022 42 22 och
678 1023 37 21 det
729 1023 70 21 andra
813 1024 40 24 att,

97 1057 50 20 med
169 1056 152 22 bibehållande
345 1057 25 22 af
390 1057 199 28 kronouppbörden
611 1057 29 28 pä
655 1057 42 21 den
711 1056 142 22 härförinnan

97 1090 114 22 bestämda
233 1091 68 26 tiden,
316 1092 158 27 restuppörden
489 1091 70 22 skulle
574 1093 45 20 mot
632 1091 60 22 vissa
706 1091 25 21 af
743 1090 110 28 Styrelsen

99 1124 115 21 faststälda
229 1124 185 29 tillskottprocent
430 1125 128 22 verkställas
573 1125 69 22 under
656 1125 109 28 förloppet
780 1125 25 22 af
809 1125 43 21 Au-

98 1159 58 27 gusti
172 1159 52 21 eller
240 1159 126 27 September
381 1160 111 21 mänader.

166 1193 41 22 Vid
222 1193 161 28 behandlingen
399 1194 25 21 af
436 1193 168 28 ifrägavarande
618 1193 184 28 petitionsförslag
812 1193 40 22 har

99 1228 36 21 det
150 1227 48 22 icke
213 1228 94 27 undgätt
323 1228 133 21 Ständernas
472 1227 200 28 uppmärksamhet,
686 1227 103 22 hurusom
797 1235 54 20 upp-

97 1261 83 22 börden
195 1261 24 22 af
232 1262 137 22 kronorester
384 1263 30 27 pä
428 1263 82 25 landet,
526 1263 72 20 säsom
613 1263 71 20 denna
698 1262 101 27 uppbörd
819 1261 34 22 för

97 1297 134 21 närvarande
247 1296 133 27 verkställes,
397 1297 33 21 för
446 1298 43 20 den
504 1296 80 28 fattiga
593 1296 154 28 befolkningen
755 1296 96 22 särdeles

95 1331 30 27 pä
139 1337 28 15 en
182 1330 35 22 del
232 1333 58 19 orter
305 1332 24 20 är
344 1331 132 28 förknippad
495 1332 52 20 med
561 1330 137 28 synnerligen
712 1330 139 28 betungande

96 1365 145 27 olägenheter.
271 1365 44 26 Att,
334 1366 28 27 pä
377 1366 43 21 sätt
436 1366 37 21 det
490 1366 59 21 förra
564 1365 206 28 petitionsförslaget
785 1365 64 22 fram-

95 1398 74 26 häller,
186 1398 143 28 synnerligast
344 1400 32 20 uti
390 1399 86 22 landets
488 1400 106 27 nordliga,
605 1399 55 27 glest
668 1399 115 22 befolkade
791 1399 58 22 trak-

95 1435 34 19 ter
144 1433 84 27 menige
249 1440 51 15 man
306 1429 13 38 i
338 1434 54 28 följd
408 1434 24 22 af
446 1435 26 21 de
488 1434 66 28 långa
569 1434 115 22 afständen
699 1434 40 21 och
754 1433 97 22 kommu-
