1061 1717
321 84 240 23 Petitionsbetänkande
576 85 37 23 N:o
630 84 20 23 7.
817 86 13 22 5

108 152 86 21 hundra
208 151 140 28 sjukplatser,
364 158 50 15 men
429 151 69 27 begge
515 150 89 23 afsedde
620 153 34 20 att
670 152 7 20 i
693 151 116 22 framtiden
826 152 34 20 ut-

108 187 75 27 vidgas
206 188 24 20 så
253 188 33 20 att
309 188 26 21 de
358 187 74 22 kunde
455 187 109 27 inrymma
585 188 81 21 enhvar
684 188 45 21 400
744 186 116 28 patienter.

108 223 97 21 Emedan
225 222 123 22 emellertid
368 222 68 28 sagda
455 224 89 26 system,
561 229 46 15 som
625 222 24 22 af
662 223 61 21 Hans
739 222 122 28 Kejserliga

108 258 103 28 Majestät
219 258 132 28 godkändes,
362 259 41 21 och
414 258 70 27 enligt
493 258 86 22 hvilket
589 259 99 27 obotliga
700 259 63 21 dårar
774 258 87 22 komme

108 296 34 20 att
165 295 77 21 vårdas
265 294 145 22 tillsammans
431 294 51 22 med
502 294 69 22 andra
591 294 129 27 sinnesjuka
736 294 40 22 och
793 294 68 21 delvis

108 330 69 22 hållas
193 330 7 21 i
215 330 164 27 gemensamhet
394 330 50 21 med
460 330 58 28 dem,
535 330 6 21 i
558 330 45 27 föjd
620 330 64 22 däraf
698 330 34 21 till
747 330 33 22 sin
791 329 71 28 grund

107 366 134 28 väsentligen
263 366 79 28 skiljde
363 366 33 28 sig
417 366 48 22 från
489 366 135 22 Ständernas
647 366 74 22 beslut
737 373 34 15 om
787 366 74 22 lokala

108 402 147 22 kuranstalter
279 402 33 22 för
333 402 67 22 akuta
422 402 204 27 sinnessjukdomar
647 402 41 22 och
709 402 71 21 skilda
798 402 64 21 vård-

109 439 104 21 anstalter
229 438 54 22 eller
298 439 70 27 asyler
384 438 34 21 för
434 439 26 21 de
477 438 104 27 obotliga,
597 438 52 22 fann
665 439 60 20 Hans
740 437 122 28 Kejserliga

109 475 103 26 Majestät
228 474 157 22 ofvanberörda
400 474 24 21 af
438 474 125 22 Ständerna
579 474 33 21 för
628 475 132 20 dårvårdens
775 479 87 21 reorga-

110 510 94 22 nisation
227 511 107 26 beviljade
354 510 72 22 medel
448 510 48 22 icke
517 510 54 21 böra
587 512 53 19 utan
657 509 132 22 Ständernas
805 515 57 15 sam-

111 546 62 27 tycke
188 546 33 21 för
236 546 125 21 ändamålet
376 546 112 21 användas
505 547 28 26 på
545 548 32 20 ett
587 546 48 21 från
647 547 63 20 deras
721 545 141 22 därförinnan

110 583 96 21 uttalade
222 582 58 27 åsigt
295 582 115 22 afvikande
426 584 52 26 sätt,
495 584 54 19 utan
565 582 63 21 afläts
644 582 35 21 till
695 582 120 21 Ständerne
826 581 37 21 vid

112 618 116 22 1877—78
251 619 35 20 års
309 618 105 27 landtdag
434 625 28 20 ny
483 618 138 27 proposition
637 618 50 21 med
703 617 161 26 framställning

111 660 34 15 om
169 653 76 28 anslag
268 653 34 22 till
324 653 227 22 dårvårdsreformens
572 653 116 22 utförande
705 653 55 22 efter
776 653 37 22 det
829 659 34 20 sy-

111 691 54 20 stem
190 689 208 22 ofvanomförmälda
421 689 85 22 komité
530 689 104 22 förordat.
666 689 10 21 I
698 689 70 21 denna
783 688 80 27 nådiga

110 725 135 27 proposition
261 731 38 16 var
313 725 123 22 kostnaden
452 725 34 21 för
502 725 103 27 samtliga
621 724 244 28 upptagningsantalter

111 761 40 21 och
173 761 40 21 den
235 767 40 16 ena
296 761 24 21 af
337 761 26 21 de
378 761 159 22 kombinerade
553 761 51 21 kur-
621 761 39 21 och
676 760 189 21 vårdanstalterna

111 797 110 21 beräknad
243 797 36 21 till
299 797 96 27 845,000
418 797 70 27 mark,
514 803 50 15 men
580 791 92 27 emedan
688 797 63 20 dessa
766 795 99 28 kalkyler

112 833 47 21 icke
182 839 51 15 voro
256 832 51 22 fullt
330 833 70 27 säkra,
417 833 95 20 äskades
533 832 34 21 för
583 832 165 27 ifrågavarande
763 831 101 22 ändamål

111 869 97 27 900,000
223 869 68 21 mark.

180 904 38 21 Uti
239 904 40 21 sitt
299 904 150 27 underdåniga
465 911 51 14 svar
531 905 13 20 å
560 904 95 21 nämnda
671 903 79 27 nådiga
765 903 98 27 proposi-

111 940 46 21 tion
173 940 100 21 anmälde
289 939 131 22 Ständerna:
438 941 34 20 att
488 939 123 22 Ständerna
627 940 6 21 i
650 939 43 22 allo
709 939 97 27 godkänt
822 939 42 21 den

111 975 123 27 föreslagna
256 975 80 27 planen
356 975 34 22 för
412 976 133 21 dårvårdens
566 975 8 21 i
589 975 75 22 landet
684 974 180 27 reorganisation,

113 1011 148 22 innefattande
285 1013 33 19 att
341 1011 42 22 fem
405 1011 258 27 upptagningsanstalter
678 1010 33 22 för
727 1010 138 27 sinnessjuka

111 1046 70 22 blefve
204 1046 113 28 uppförda,
341 1046 47 27 fyra
409 1047 50 21 med
482 1047 30 22 20
533 1047 133 26 sjukplatser
687 1047 80 21 enhvar
782 1046 40 21 och
838 1052 27 15 en

112 1083 49 20 med
186 1083 27 20 12
236 1082 89 27 platser,
349 1081 112 22 äfvensom
484 1084 81 19 tvenne
586 1082 155 21 kombinerade
757 1082 52 21 kur-
825 1081 40 22 och

112 1118 164 27 vårdanstalter,
296 1118 68 27 enligt
380 1118 37 21 det
432 1124 17 15 s.
461 1118 22 21 k.
495 1118 171 21 kolonisations-
678 1118 52 21 eller
741 1117 124 28 farmsyste-

112 1155 51 25 met,
179 1153 107 22 hvardera
301 1154 50 21 med
367 1153 119 22 etthundra
502 1153 95 28 platser;

182 1190 33 20 att
242 1189 296 27 upptagningsanstalternas
569 1189 111 27 placering
712 1189 7 21 i
750 1189 116 27 Uleåborg,

110 1224 145 28 Nikolaistad,
276 1219 54 33 Åbo,
352 1225 82 26 Viborg
450 1225 42 21 och
515 1225 32 21 S:t
567 1225 80 22 Michel
664 1226 57 20 samt
737 1225 27 20 de
779 1224 85 21 kombi-

114 1261 80 21 nerade
209 1261 145 21 anstalternas
370 1261 7 20 i
393 1261 109 21 närheten
518 1261 24 21 af
556 1261 86 26 Kuopio
659 1261 38 21 och
714 1259 153 28 Tammerfors,

113 1296 111 22 befunnits
240 1296 51 22 fullt
307 1296 186 28 ändamålsenlig;

182 1334 33 19 att
236 1332 66 27 inköp
323 1332 24 22 af
362 1332 159 27 jordlägenher
536 1332 34 21 för
586 1332 133 22 sistberörda
734 1334 78 20 tvenne
829 1338 38 15 an-

113 1368 76 21 stalter
208 1368 111 22 befunnits
341 1367 146 28 erforderligt,
508 1369 29 25 på
553 1369 45 20 sätt
613 1368 7 21 i
637 1368 41 21 den
694 1368 79 27 nådiga
788 1374 79 20 propo-

112 1403 66 21 sition
198 1403 136 28 föreslagits;

182 1441 33 19 att
233 1439 121 21 Ständerna
374 1439 88 21 anhöllo
486 1440 39 21 det
540 1439 161 22 vederbörande
716 1439 152 27 myndigheter

183 1482 107 20 Allmänna
304 1482 186 20 Besvärsutskottets
507 1481 118 21 betänkande
640 1482 38 19 N:o
694 1482 18 20 6.
