1061 1717
239 120 28 22 20

213 178 85 22 komme
320 181 33 19 att
375 178 107 22 beräknas
504 179 29 27 på
556 178 115 22 enahanda
686 179 50 25 sätt,
752 184 45 15 som
813 184 35 15 om
863 178 103 21 rösträtts

213 212 116 22 utöfvande
340 213 35 21 vid
388 212 173 22 rådhusstämma
576 214 25 20 är
616 213 107 27 stadgadt,
735 213 56 20 samt
801 214 32 19 att
848 212 115 21 frälseman

214 249 52 19 utan
289 247 72 21 vidare
383 248 92 27 omgång
497 248 66 21 måtte
586 247 75 21 kunna
679 246 88 22 komma
780 247 8 21 i
803 246 61 28 fråga
878 246 36 22 vid
928 246 36 21 val

213 281 32 21 till
261 282 63 21 dessa
338 281 92 28 platsers
444 282 139 25 besättande;
599 283 34 21 2:0
648 283 32 19 att
690 281 87 21 teknisk
787 280 42 22 och
838 280 126 22 ekonomisk

214 316 116 28 utredning
344 317 67 21 mätte
426 316 157 28 ävägabringas
603 316 112 27 angäende
730 315 137 28 lämpligaste
881 314 83 22 sträck-

214 351 80 27 ningen
313 350 59 23 såväl
386 350 34 22 för
435 358 26 14 en
477 350 272 28 sammanhindningsbana
763 350 49 21 från
828 349 64 22 Wasa
903 349 61 28 jern-

212 387 41 26 väg
268 385 59 22 öfver
341 385 116 28 Jyväskylä
471 385 33 21 till
517 384 104 23 Savolaks
643 384 72 22 banan
736 384 40 22 och
791 384 94 22 derifrän
900 390 64 15 even-

212 420 54 21 tuelt
288 420 33 21 till
343 421 58 20 östra
422 419 129 22 stambanan
573 426 45 15 som
638 419 40 22 ock
693 418 34 23 för
742 426 27 15 en
784 418 114 23 stambana
914 418 48 21 frän

213 455 92 27 Wiborg
320 454 60 22 öfver
394 454 86 22 Jääskis
495 454 83 22 direkte
594 454 32 21 till
641 454 125 28 hamnplats
776 454 37 21 vid
822 454 90 27 Ladoga
922 453 40 21 och

214 489 94 22 derifrän
322 489 32 21 till
372 489 103 25 Joensuu,
491 491 55 19 samt
561 491 33 19 att
608 489 135 27 proposition
761 495 35 14 om
812 488 111 28 byggande
940 487 29 22 af

213 524 145 21 nästnämnda
366 523 56 22 bana
432 524 67 21 mätte
509 523 121 28 föreläggas
638 523 254 22 nästsammanträdande
900 522 64 21 Stän-

214 559 48 24 der;
279 561 32 18 att
325 559 117 20 understöd
457 557 25 22 af
494 557 125 22 statsmedel
634 557 33 22 till
682 557 106 28 uppgifna
803 557 78 28 belopp
896 557 69 21 mätte

213 593 89 27 beviljas
323 593 160 22 vederbörande
498 592 126 21 kommuner
646 592 52 21 eller
716 591 99 22 enskilda
831 592 71 27 bolag,
917 598 47 15 som

214 627 79 22 erhölle
309 627 126 22 koncession
450 627 34 21 för
498 627 136 27 anläggande
657 627 25 21 af
700 627 117 28 jernvägar
839 627 18 27 ej
881 626 83 21 mindre

214 662 48 21 från
277 661 72 22 Kotka
364 663 48 20 stad
427 661 32 22 till
474 661 97 22 Kouvola
587 661 79 22 station
682 663 28 20 än
726 661 48 22 från
789 662 71 26 någon
870 661 70 28 punkt
950 661 14 21 &

214 691 381 27 Äbo—Tavastehus—Tammerfors
611 695 71 22 banan
698 695 34 22 till
747 695 143 28 Björneborgs
905 696 57 26 stad;

215 734 32 18 att
257 738 27 14 en
295 731 80 21 bibana
384 730 66 22 mätte
465 730 81 28 byggas
561 730 47 21 frän
618 730 117 22 Pedersöre
743 731 80 21 station
832 730 51 21 eller
890 737 73 14 annan

214 765 89 28 lämplig
314 765 69 28 punkt
394 765 35 22 vid
440 766 42 21 den
493 766 69 20 under
575 765 99 28 byggnad
684 766 95 21 varande
791 760 173 27 Österbottniska

212 800 119 27 jernvägen
346 800 33 21 till
394 799 132 27 Jakobstad;
541 801 56 20 samt
612 801 32 20 att
654 799 161 27 undersökning
825 800 66 21 mätte
902 799 62 22 verk-

214 834 75 21 ställas
303 834 33 21 för
351 835 119 20 utredande
486 833 24 22 af
522 833 140 28 möjligheten
678 834 25 21 af
712 834 41 21 och
762 833 121 22 kostnaden
893 833 33 22 för
936 841 28 14 en

214 869 146 27 kanalisering
370 868 25 21 af
407 869 155 26 vattendragen
578 868 91 21 emellan
679 868 91 28 Ladoga
785 868 32 28 sjö
833 868 40 21 och
883 868 84 22 Finska:

214 903 65 22 viken
294 903 36 21 vid
346 903 86 27 Wiborg
447 903 110 22 äfvensom
568 902 34 22 för
609 904 254 21 nästsammanträdande
871 903 96 22 Ständer

214 938 134 27 proposition
370 937 121 28 föreläggas
512 944 35 15 om
566 937 146 28 kanalisering
727 937 24 21 af
765 937 118 22 Wuoksens
898 938 69 21 nedre

214 973 63 26 lopp;
291 973 34 21 3:o
336 974 32 19 att
379 972 59 21 Hans
447 972 118 28 Kejserliga
573 972 107 27 Majestät,
690 973 49 20 med
747 971 140 28 begagnande
894 972 26 21 af
928 973 37 20 det

215 1007 79 20 honom
317 1006 161 22 tillkommande
492 1007 94 21 initiativ
600 1007 7 20 i
622 1006 197 28 grundlagsfrägor,
835 1006 83 22 täcktes
932 1006 31 22 fö-

214 1040 88 28 relägga
317 1041 121 21 Ständerna
452 1041 65 27 nädig
527 1041 132 27 proposition
671 1041 113 27 angäende
795 1041 66 21 sädan
872 1041 92 27 ändring

215 1075 25 21 af
252 1076 27 20 47
296 1078 11 23 $
330 1075 7 21 i
358 1075 100 27 gällande
479 1075 225 27 Landtdagsordning,
727 1077 34 19 att
782 1075 100 27 samtliga
903 1075 64 22 Hans

215 1109 113 28 Majestäts
350 1109 34 22 för
400 1109 94 22 Finland
508 1109 89 22 tillsatte
612 1109 123 28 rädgifvare
749 1109 57 28 tinge
821 1109 95 22 tillträde
931 1110 36 21 sä-

215 1143 34 22 väl
266 1143 33 21 till
314 1144 102 21 ständens
431 1150 160 21 gemensamma
605 1150 45 15 som
666 1143 33 22 till
715 1145 62 20 deras
793 1143 106 22 särskilda
908 1151 57 14 sam-

215 1179 136 24 manträden,
366 1179 49 20 med
430 1178 103 27 rättighet
549 1181 31 18 att
595 1178 87 27 deltaga
696 1178 8 21 i
715 1178 192 27 öfverläggningar,
918 1185 46 14 som

214 1212 36 21 vid
266 1213 109 20 desamma
389 1212 133 25 förehafvas;
537 1213 35 21 4:0
583 1215 31 18 att
625 1212 65 27 nådig
701 1212 141 28 proposition,
852 1211 114 28 angående

215 1247 69 20 sådan
300 1247 90 27 ändring
406 1247 25 21 af
442 1247 28 22 58
486 1249 11 24 $
512 1247 8 20 i
534 1247 209 27 Värnepligtslagen,
758 1249 33 18 att
801 1246 120 27 ansökning
930 1253 34 15 om

215 1281 94 27 eftergift
323 1281 8 21 i
346 1281 159 27 värnepligtens
520 1281 134 27 fullgörande
669 1281 58 27 finge
742 1281 59 21 ännu
811 1281 36 21 vid
857 1280 110 28 uppbäds-

215 1314 96 22 tillfället
332 1315 112 26 inlemnas,
466 1316 67 21 måtte
553 1316 32 20 till
600 1315 179 21 nästkommande
794 1315 104 27 landtdag
912 1315 54 21 aflä-

215 1353 45 22 tas;
276 1350 33 21 5:o
321 1352 32 19 att
368 1350 60 21 Hans
438 1350 119 28 Kejserliga
566 1350 101 27 Majestät
678 1350 49 20 med
739 1349 142 28 begpgnande
895 1349 25 21 af
928 1350 36 27 det

309 1384 76 28 ajestät
393 1384 67 28 enligt
471 1386 25 20 71
508 1386 11 24 $
533 1384 4 21 i
546 1384 247 27 Landtdagsordningen
802 1384 162 21 tillkommande

213 1418 101 27 initiativ,
325 1418 84 22 täcktes
420 1418 109 28 förelägga
537 1419 254 21 nästsammanträdande
799 1418 93 22 Ständer
899 1418 66 28 nådig
