1061 1717
304 84 241 24 Petitionsbetänkande
560 85 36 23 N:o
612 86 20 22 3.
814 88 27 20 11

163 152 71 22 Sedan
250 152 109 22 utskottet
374 152 94 22 sälunda
484 155 46 20 tror
546 154 34 27 sig
594 154 66 22 hafva
670 154 123 28 uppräknat
804 154 40 21 och

95 188 111 27 vederlagt
221 188 44 22 alla
280 188 26 22 de
321 189 102 27 grunder,
440 190 28 26 pä
484 189 74 21 hvilka
568 190 178 22 motständarene
757 189 35 22 till
803 190 40 21 den

94 231 30 15 nu
145 224 194 27 ompetitionerade
361 224 109 22 reformen
492 226 61 20 stödt
573 226 40 27 sig,
630 232 64 16 anser
709 226 38 22 det
762 226 34 26 sig
811 227 32 26 yt-

96 260 103 27 terligare
213 260 53 21 böra
281 260 84 27 päpeka
388 260 27 22 de
439 261 165 27 ovedersägliga
618 261 103 27 fördelar,
737 268 47 15 som
800 261 45 21 till-

96 296 94 27 skyndas
205 296 86 22 landets
307 296 119 22 skollärare
442 297 133 27 derigenom,
592 299 33 20 att
646 298 60 21 säväl
723 298 37 21 det
775 297 70 22 finska

95 338 46 16 som
157 332 37 22 det
216 332 93 21 svenska
332 332 156 28 normallyceet
512 332 108 28 förläggas
644 333 35 21 till
702 340 83 15 samma
803 335 41 21 ort.

94 369 75 22 Redan
185 368 35 22 vid
237 368 57 22 1872
310 369 35 20 ärs
360 368 107 28 landtdag
482 368 115 22 framhöllo
614 370 118 21 ständerna
748 369 7 21 i
769 376 26 15 en
806 376 39 14 un-

97 404 104 28 derdänig
216 404 99 27 petition,
331 406 34 20 att
388 404 201 22 normalskolornas
610 405 111 27 placering
742 406 13 20 &
775 405 71 21 skilda

96 443 59 20 orter
169 440 100 23 beröfvar
284 441 86 21 landets
387 441 62 21 skola
465 447 27 16 en
508 441 25 22 af
547 441 26 22 de
588 441 169 28 hufvudsakliga
775 441 70 22 förde-

96 477 39 26 lar,
159 483 46 15 som
228 477 89 21 skolans
341 476 136 27 skiljsmessa
501 477 47 21 frän
575 477 149 27 domkapitlen
746 476 99 23 medfört.

96 513 33 21 Då
144 513 109 26 nämligen
268 512 161 27 lärareprofven
445 519 30 14 nu
491 513 93 21 likasom
601 513 59 21 förut
670 514 71 21 måste
751 512 96 27 afläggas

98 548 55 22 inför
173 548 72 22 skilda
265 548 151 27 auktoriteter,
436 550 38 19 äro
494 549 99 21 lärarene
614 548 133 22 fortfarande
763 549 83 21 utsatte

96 584 33 22 för
144 585 141 27 möjligheten
300 585 33 20 att
348 585 96 21 kränkas
460 584 6 21 i
484 584 35 22 sin
534 586 51 26 rätt,
603 585 5 20 i
626 585 37 21 det
679 586 32 20 att
728 585 58 21 olika
797 591 48 20 syn-

98 621 94 26 punkter
207 621 39 21 och
261 620 229 27 beräkningsgrunder
506 621 7 20 i
524 620 101 22 afseende
636 622 14 20 &
660 621 111 21 vitsorden
782 620 65 21 lätte-

96 656 58 27 ligen
169 657 74 20 kunna
258 658 52 25 göra
325 656 34 27 sig
374 656 108 27 gällande.
507 656 68 22 Detta
585 656 188 22 missförhällande
784 656 62 21 torde

98 693 47 22 icke
168 692 67 22 heller
257 692 116 21 framdeles
394 693 74 20 kunna
488 693 114 26 undvikas,
618 693 89 26 sälänge
723 693 41 21 den
780 698 66 15 nuva-

98 729 67 21 rande
185 728 137 27 placeringen
341 728 23 21 af
378 728 162 27 normallyceen
555 728 127 30 bibehälles.
714 728 133 22 Otvifvelak-

97 765 43 27 tigt
155 767 24 19 är
194 765 113 27 derjämte,
323 766 33 19 att
372 764 89 27 sälänge
477 765 87 21 landets
580 765 70 21 lärare
667 767 37 18 äro
716 764 131 27 förpligtade

98 803 33 19 att
151 801 115 21 undervisa
287 801 27 26 pä
335 801 26 21 de
381 800 57 21 bäda
454 800 116 21 inhemska
585 801 101 26 spräken,
702 807 26 15 en
745 802 46 19 stor
807 800 39 21 och

97 836 120 27 ovärderlig
237 836 69 22 fördel
322 836 130 27 tillskyndas
468 836 231 21 lärarekandidaterne
715 836 132 27 derigenom,

99 874 33 19 att
148 873 26 21 de
190 873 69 21 sättas
275 872 7 21 i
299 871 86 22 tillfälle
402 873 33 20 att
451 872 116 27 samtidigt
583 872 66 21 ähöra
665 871 182 27 undervisningen

99 908 60 21 såväl
178 908 37 21 vid
233 908 38 21 det
290 907 70 22 finska
382 914 46 15 som
446 908 37 21 det
500 908 93 21 svenska
608 908 160 27 normallyceet.

166 944 49 21 Med
231 944 49 21 stöd
301 943 24 22 af
342 943 57 22 hvad
420 943 111 22 utskottet
551 943 92 22 sälunda
663 943 48 22 haft
733 946 53 19 äran
809 949 38 16 an-

98 980 54 27 föra,
168 979 32 22 får
216 980 37 21 det
268 979 112 21 vördsamt
395 979 81 22 föreslå

274 1016 32 20 att
320 1014 126 22 Ständerna
461 1014 52 22 ville
528 1015 54 27 ingå
596 1014 34 22 till
644 1014 65 22 Hans
725 1013 124 29 Kejserliga

238 1050 103 28 Majestät
355 1050 48 22 med
418 1050 141 28 underdånig
571 1051 95 26 petition
681 1050 72 22 derom
768 1051 32 20 att
813 1049 35 22 det

239 1086 72 27 finska
322 1085 158 28 Normallyceet
490 1086 10 21 i
514 1086 132 22 Tavastehus
656 1087 64 21 måtte
725 1086 124 27 förändras

239 1122 34 21 till
289 1123 28 20 ett
327 1121 148 28 fullständigt
492 1121 103 22 klassiskt
610 1122 82 27 lyceum
701 1122 48 21 med
754 1121 94 28 finskan

239 1165 45 14 som
297 1157 240 28 undervisningsspräk
547 1158 37 21 och
594 1158 9 21 i
615 1158 46 21 dess
672 1157 62 22 ställe
745 1159 28 20 ett
778 1157 73 28 finskt

239 1193 175 28 Normallycewm
428 1194 98 21 inrättas
541 1194 9 21 i
565 1193 145 28 Helsingfors.

170 1332 176 28 Helsingfors,
368 1332 24 22 af
411 1332 119 22 Allmänna
545 1332 203 22 Besvärsutskottet
764 1332 41 21 den
823 1332 27 20 19

99 1369 105 21 Februari
220 1369 64 22 1885.

170 1405 10 21 I
196 1405 101 21 ärendets
313 1404 131 27 behandling
461 1404 67 21 hafva
543 1404 101 26 deltagit:
666 1404 119 21 utskottets
802 1403 49 21 ord-

101 1440 95 27 förande,
212 1440 19 21 J.
249 1440 25 21 G.
292 1440 88 26 Geitlin,
397 1442 58 19 samt
466 1440 131 21 ledamöter:
614 1439 24 21 af
649 1439 110 27 Schultén,
770 1439 29 21 M.
811 1438 40 26 W.,

169 1483 106 19 Allmänna
291 1482 185 20 Besvärsutskottets
492 1482 126 20 Betänkande
634 1482 38 20 N:o
688 1483 19 18 2.
