1061 1717
328 110 207 23 Petitionsbetänkande
551 110 32 23 N:o
599 110 33 23 26.
818 111 13 19 7

106 169 54 19 stort
175 168 62 26 antal,
263 170 50 19 enär
335 167 140 27 bevillningen
500 167 32 21 för
547 169 32 20 ett
593 167 126 28 ölbryggeri,
735 167 66 27 enligt
815 167 43 27 gäl-

105 202 63 21 lande
189 202 122 26 förordning
333 202 108 27 angående
463 202 115 26 bevillning
599 202 33 21 för
648 202 149 27 maltdrycker,
812 201 47 21 icke

107 236 32 22 får
154 236 107 29 understiga
277 236 40 24 800
333 236 58 23 mark.
422 236 114 22 Dessutom
553 236 40 21 bör
608 236 36 22 det
658 236 152 27 ihågkommas,
826 236 32 21 att

107 270 43 22 ölet
164 271 32 21 för
211 277 26 15 en
251 272 45 20 stor
311 270 34 22 del
364 270 22 22 af
399 270 83 22 landets
496 270 101 22 invånare
611 272 63 26 utgör
690 276 25 16 en
731 270 128 27 nödvändig-

107 305 103 26 hetsvara,
226 305 39 21 och
281 305 46 21 dess
342 304 136 28 tillverkning
493 307 23 19 är
531 305 82 21 således
628 311 26 15 en
669 305 69 27 nyttig
753 304 40 22 och
807 304 52 22 nöd-

108 339 76 27 vändig
205 339 96 27 industri,
327 339 85 21 hvilken
435 339 22 21 af
478 339 158 27 lagstiftningen
658 339 35 21 väl
710 339 35 21 må
759 339 100 27 regleras,

109 380 47 15 men
171 380 44 15 som
237 374 46 21 icke
305 373 32 22 får
352 373 136 22 öfverhöfvan
511 374 109 26 betungas,
636 376 26 19 än
678 374 81 21 mindre
774 373 86 22 alldeles

108 408 123 28 förqväfvas.

172 443 30 21 På
217 443 67 27 grund
299 443 22 21 af
335 443 35 21 det
386 442 88 22 anförda
489 443 64 27 vågar
566 443 37 27 jag
618 443 108 22 vördsamt
740 442 82 22 föreslå:

308 515 31 17 alt
361 511 165 28 ifrågavarande
547 511 176 29 petilionsförslag
739 512 42 21 icke
795 513 63 20 måtte

241 547 50 26 från
309 545 129 22 Ständernas
452 546 47 20 sida
513 546 113 27 föranleda
642 548 66 25 någon
724 546 80 27 åtgärd.

175 609 70 22 H:fors
261 609 39 22 den
317 610 10 20 1
344 609 42 27 Maj
404 609 60 22 1885.

573 643 45 24 And.
633 643 43 24 Joh.
692 643 107 29 Malmgren.

175 718 10 21 I
200 718 68 21 denna
282 718 128 22 reservation
426 718 74 22 förena
515 719 43 26 sig:

176 780 70 24 Edvard
262 781 100 24 Molander.
662 781 18 23 E.
696 781 96 24 Andersin.

177 1483 182 18 Ekonomiutskottets
372 1484 116 18 betänkande
503 1487 34 16 N:o
549 1486 16 16 6.
