<?xml version="1.0" encoding="UTF-8"?>
<alto xmlns="http://www.loc.gov/standards/alto/ns-v3#" xmlns:xlink="http://www.w3.org/1999/xlink" xmlns:xsi="http://www.w3.org/2001/XMLSchema-instance" xsi:schemaLocation="http://www.loc.gov/standards/alto/ns-v3# http://www.loc.gov/alto/v3/alto-3-0.xsd">
	<Description>
		<MeasurementUnit>pixel</MeasurementUnit>
		<sourceImageInformation>
			<fileName>/tmp/tess_zz64r7cd_input.PNG</fileName>
		</sourceImageInformation>
		<OCRProcessing ID="OCR_0">
			<ocrProcessingStep>
				<processingSoftware>
					<softwareName>tesseract 5.3.4</softwareName>
				</processingSoftware>
			</ocrProcessingStep>
		</OCRProcessing>
	</Description>
	<Layout>
		<Page WIDTH="1061" HEIGHT="1717" PHYSICAL_IMG_NR="0" ID="page_0">
			<PrintSpace HPOS="0" VPOS="0" WIDTH="1061" HEIGHT="1717">
				<GraphicalElement ID="cblock_0" HPOS="1" VPOS="195" WIDTH="3" HEIGHT="483"></GraphicalElement >
				<ComposedBlock ID="cblock_1" HPOS="215" VPOS="100" WIDTH="510" HEIGHT="30">
					<TextBlock ID="block_0" HPOS="215" VPOS="100" WIDTH="510" HEIGHT="30">
						<TextLine ID="line_0" HPOS="215" VPOS="100" WIDTH="510" HEIGHT="30">
							<String ID="string_0" HPOS="215" VPOS="108" WIDTH="29" HEIGHT="22" WC="0.96" CONTENT="66"/><SP WIDTH="153" VPOS="108" HPOS="244"/>
							<String ID="string_1" HPOS="397" VPOS="100" WIDTH="239" HEIGHT="30" WC="0.90" CONTENT="Petitionsbetänkande"/><SP WIDTH="16" VPOS="100" HPOS="636"/>
							<String ID="string_2" HPOS="652" VPOS="106" WIDTH="37" HEIGHT="24" WC="0.96" CONTENT="N:o"/><SP WIDTH="18" VPOS="106" HPOS="689"/>
							<String ID="string_3" HPOS="707" VPOS="106" WIDTH="18" HEIGHT="23" WC="0.95" CONTENT="1."/>
						</TextLine>
					</TextBlock>
				</ComposedBlock>
				<ComposedBlock ID="cblock_2" HPOS="184" VPOS="173" WIDTH="754" HEIGHT="421">
					<TextBlock ID="block_1" HPOS="184" VPOS="173" WIDTH="754" HEIGHT="146">
						<TextLine ID="line_1" HPOS="254" VPOS="173" WIDTH="682" HEIGHT="27">
							<String ID="string_4" HPOS="254" VPOS="174" WIDTH="47" HEIGHT="20" WC="0.96" CONTENT="Den"/><SP WIDTH="22" VPOS="174" HPOS="301"/>
							<String ID="string_5" HPOS="323" VPOS="180" WIDTH="43" HEIGHT="14" WC="0.91" CONTENT="som"/><SP WIDTH="20" VPOS="180" HPOS="366"/>
							<String ID="string_6" HPOS="386" VPOS="177" WIDTH="94" HEIGHT="18" WC="0.96" CONTENT="närmare"/><SP WIDTH="21" VPOS="177" HPOS="480"/>
							<String ID="string_7" HPOS="501" VPOS="175" WIDTH="80" HEIGHT="20" WC="0.96" CONTENT="känner"/><SP WIDTH="19" VPOS="175" HPOS="581"/>
							<String ID="string_8" HPOS="600" VPOS="174" WIDTH="28" HEIGHT="21" WC="0.95" CONTENT="de"/><SP WIDTH="15" VPOS="174" HPOS="628"/>
							<String ID="string_9" HPOS="643" VPOS="175" WIDTH="32" HEIGHT="20" WC="0.93" CONTENT="till"/><SP WIDTH="15" VPOS="175" HPOS="675"/>
							<String ID="string_10" HPOS="690" VPOS="173" WIDTH="246" HEIGHT="27" WC="0.87" CONTENT="Päijäne-vattendragen"/>
						</TextLine>
						<TextLine ID="line_2" HPOS="184" VPOS="203" WIDTH="752" HEIGHT="27">
							<String ID="string_11" HPOS="184" VPOS="204" WIDTH="92" HEIGHT="20" WC="0.96" CONTENT="hörande"/><SP WIDTH="20" VPOS="204" HPOS="276"/>
							<String ID="string_12" HPOS="296" VPOS="204" WIDTH="94" HEIGHT="26" WC="0.93" CONTENT="nordliga"/><SP WIDTH="14" VPOS="204" HPOS="390"/>
							<String ID="string_13" HPOS="404" VPOS="204" WIDTH="92" HEIGHT="26" WC="0.91" CONTENT="sjöarnes"/><SP WIDTH="15" VPOS="204" HPOS="496"/>
							<String ID="string_14" HPOS="511" VPOS="204" WIDTH="117" HEIGHT="21" WC="0.92" CONTENT="vidsträkta"/><SP WIDTH="16" VPOS="204" HPOS="628"/>
							<String ID="string_15" HPOS="644" VPOS="204" WIDTH="82" HEIGHT="21" WC="0.95" CONTENT="område"/><SP WIDTH="15" VPOS="204" HPOS="726"/>
							<String ID="string_16" HPOS="741" VPOS="206" WIDTH="54" HEIGHT="18" WC="0.96" CONTENT="samt"/><SP WIDTH="16" VPOS="206" HPOS="795"/>
							<String ID="string_17" HPOS="811" VPOS="203" WIDTH="40" HEIGHT="21" WC="0.93" CONTENT="den"/><SP WIDTH="15" VPOS="203" HPOS="851"/>
							<String ID="string_18" HPOS="866" VPOS="205" WIDTH="70" HEIGHT="19" WC="0.91" CONTENT="natur-"/>
						</TextLine>
						<TextLine ID="line_3" HPOS="184" VPOS="232" WIDTH="754" HEIGHT="29">
							<String ID="string_19" HPOS="184" VPOS="232" WIDTH="99" HEIGHT="27" WC="0.96" CONTENT="rikedom,"/><SP WIDTH="16" VPOS="232" HPOS="283"/>
							<String ID="string_20" HPOS="299" VPOS="240" WIDTH="44" HEIGHT="14" WC="0.96" CONTENT="som"/><SP WIDTH="15" VPOS="240" HPOS="343"/>
							<String ID="string_21" HPOS="358" VPOS="234" WIDTH="123" HEIGHT="21" WC="0.96" CONTENT="stränderna"/><SP WIDTH="15" VPOS="234" HPOS="481"/>
							<String ID="string_22" HPOS="496" VPOS="234" WIDTH="91" HEIGHT="27" WC="0.96" CONTENT="erbjuda,"/><SP WIDTH="15" VPOS="234" HPOS="587"/>
							<String ID="string_23" HPOS="602" VPOS="234" WIDTH="57" HEIGHT="21" WC="0.96" CONTENT="inser"/><SP WIDTH="14" VPOS="234" HPOS="659"/>
							<String ID="string_24" HPOS="673" VPOS="236" WIDTH="101" HEIGHT="24" WC="0.96" CONTENT="nogsamt,"/><SP WIDTH="15" VPOS="236" HPOS="774"/>
							<String ID="string_25" HPOS="789" VPOS="233" WIDTH="81" HEIGHT="21" WC="0.93" CONTENT="hvilket"/><SP WIDTH="14" VPOS="233" HPOS="870"/>
							<String ID="string_26" HPOS="884" VPOS="235" WIDTH="54" HEIGHT="19" WC="0.92" CONTENT="stor-"/>
						</TextLine>
						<TextLine ID="line_4" HPOS="185" VPOS="262" WIDTH="753" HEIGHT="28">
							<String ID="string_27" HPOS="185" VPOS="263" WIDTH="69" HEIGHT="20" WC="0.91" CONTENT="artadt"/><SP WIDTH="19" VPOS="263" HPOS="254"/>
							<String ID="string_28" HPOS="273" VPOS="263" WIDTH="144" HEIGHT="21" WC="0.92" CONTENT="trafikområde"/><SP WIDTH="21" VPOS="263" HPOS="417"/>
							<String ID="string_29" HPOS="438" VPOS="264" WIDTH="119" HEIGHT="26" WC="0.96" CONTENT="härigenom"/><SP WIDTH="20" VPOS="264" HPOS="557"/>
							<String ID="string_30" HPOS="577" VPOS="264" WIDTH="67" HEIGHT="20" WC="0.93" CONTENT="skulle"/><SP WIDTH="14" VPOS="264" HPOS="644"/>
							<String ID="string_31" HPOS="658" VPOS="264" WIDTH="85" HEIGHT="26" WC="0.92" CONTENT="bringas"/><SP WIDTH="16" VPOS="264" HPOS="743"/>
							<String ID="string_32" HPOS="759" VPOS="264" WIDTH="7" HEIGHT="20" WC="0.96" CONTENT="i"/><SP WIDTH="15" VPOS="264" HPOS="766"/>
							<String ID="string_33" HPOS="781" VPOS="263" WIDTH="97" HEIGHT="26" WC="0.95" CONTENT="beröring"/><SP WIDTH="13" VPOS="263" HPOS="878"/>
							<String ID="string_34" HPOS="891" VPOS="262" WIDTH="47" HEIGHT="21" WC="0.96" CONTENT="med"/>
						</TextLine>
						<TextLine ID="line_5" HPOS="186" VPOS="292" WIDTH="228" HEIGHT="27">
							<String ID="string_35" HPOS="186" VPOS="293" WIDTH="40" HEIGHT="21" WC="0.96" CONTENT="den"/><SP WIDTH="16" VPOS="293" HPOS="226"/>
							<String ID="string_36" HPOS="242" VPOS="292" WIDTH="67" HEIGHT="27" WC="0.93" CONTENT="öfriga"/><SP WIDTH="14" VPOS="292" HPOS="309"/>
							<String ID="string_37" HPOS="323" VPOS="293" WIDTH="91" HEIGHT="21" WC="0.91" CONTENT="verlden."/>
						</TextLine>
					</TextBlock>
					<TextBlock ID="block_2" HPOS="185" VPOS="322" WIDTH="752" HEIGHT="88">
						<TextLine ID="line_6" HPOS="254" VPOS="322" WIDTH="683" HEIGHT="28">
							<String ID="string_38" HPOS="254" VPOS="324" WIDTH="50" HEIGHT="19" WC="0.95" CONTENT="Man"/><SP WIDTH="15" VPOS="324" HPOS="304"/>
							<String ID="string_39" HPOS="319" VPOS="323" WIDTH="8" HEIGHT="20" WC="0.96" CONTENT="i"/><SP WIDTH="14" VPOS="323" HPOS="327"/>
							<String ID="string_40" HPOS="341" VPOS="323" WIDTH="36" HEIGHT="20" WC="0.96" CONTENT="fall"/><SP WIDTH="19" VPOS="323" HPOS="377"/>
							<String ID="string_41" HPOS="396" VPOS="324" WIDTH="112" HEIGHT="20" WC="0.93" CONTENT="ständerna"/><SP WIDTH="15" VPOS="324" HPOS="508"/>
							<String ID="string_42" HPOS="523" VPOS="325" WIDTH="76" HEIGHT="25" WC="0.92" CONTENT="ansåge"/><SP WIDTH="16" VPOS="325" HPOS="599"/>
							<String ID="string_43" HPOS="615" VPOS="324" WIDTH="35" HEIGHT="20" WC="0.96" CONTENT="det"/><SP WIDTH="15" VPOS="324" HPOS="650"/>
							<String ID="string_44" HPOS="665" VPOS="324" WIDTH="32" HEIGHT="20" WC="0.93" CONTENT="för"/><SP WIDTH="15" VPOS="324" HPOS="697"/>
							<String ID="string_45" HPOS="712" VPOS="323" WIDTH="86" HEIGHT="27" WC="0.92" CONTENT="obilligt,"/><SP WIDTH="16" VPOS="323" HPOS="798"/>
							<String ID="string_46" HPOS="814" VPOS="326" WIDTH="31" HEIGHT="17" WC="0.96" CONTENT="att"/><SP WIDTH="15" VPOS="326" HPOS="845"/>
							<String ID="string_47" HPOS="860" VPOS="330" WIDTH="25" HEIGHT="13" WC="0.93" CONTENT="en"/><SP WIDTH="15" VPOS="330" HPOS="885"/>
							<String ID="string_48" HPOS="900" VPOS="322" WIDTH="37" HEIGHT="20" WC="0.93" CONTENT="ka-"/>
						</TextLine>
						<TextLine ID="line_7" HPOS="185" VPOS="352" WIDTH="752" HEIGHT="28">
							<String ID="string_49" HPOS="185" VPOS="353" WIDTH="33" HEIGHT="19" WC="0.92" CONTENT="nal"/><SP WIDTH="15" VPOS="353" HPOS="218"/>
							<String ID="string_50" HPOS="233" VPOS="353" WIDTH="81" HEIGHT="26" WC="0.90" CONTENT="bygges"/><SP WIDTH="15" VPOS="353" HPOS="314"/>
							<String ID="string_51" HPOS="329" VPOS="353" WIDTH="116" HEIGHT="21" WC="0.93" CONTENT="tvärsöfver"/><SP WIDTH="15" VPOS="353" HPOS="445"/>
							<String ID="string_52" HPOS="460" VPOS="354" WIDTH="40" HEIGHT="20" WC="0.93" CONTENT="den"/><SP WIDTH="15" VPOS="354" HPOS="500"/>
							<String ID="string_53" HPOS="515" VPOS="354" WIDTH="144" HEIGHT="26" WC="0.92" CONTENT="projekterade"/><SP WIDTH="16" VPOS="354" HPOS="659"/>
							<String ID="string_54" HPOS="675" VPOS="352" WIDTH="128" HEIGHT="23" WC="0.91" CONTENT="Savolakska"/><SP WIDTH="12" VPOS="352" HPOS="803"/>
							<String ID="string_55" HPOS="815" VPOS="353" WIDTH="122" HEIGHT="26" WC="0.96" CONTENT="järnvägen,"/>
						</TextLine>
						<TextLine ID="line_8" HPOS="185" VPOS="382" WIDTH="413" HEIGHT="28">
							<String ID="string_56" HPOS="185" VPOS="384" WIDTH="23" HEIGHT="18" WC="0.96" CONTENT="så"/><SP WIDTH="15" VPOS="384" HPOS="208"/>
							<String ID="string_57" HPOS="223" VPOS="383" WIDTH="65" HEIGHT="25" WC="0.96" CONTENT="vågar"/><SP WIDTH="11" VPOS="383" HPOS="288"/>
							<String ID="string_58" HPOS="299" VPOS="382" WIDTH="39" HEIGHT="27" WC="0.93" CONTENT="jag"/><SP WIDTH="14" VPOS="382" HPOS="338"/>
							<String ID="string_59" HPOS="352" VPOS="384" WIDTH="152" HEIGHT="20" WC="0.91" CONTENT="vördsammast"/><SP WIDTH="14" VPOS="384" HPOS="504"/>
							<String ID="string_60" HPOS="518" VPOS="384" WIDTH="80" HEIGHT="26" WC="0.96" CONTENT="föreslå,"/>
						</TextLine>
					</TextBlock>
					<TextBlock ID="block_3" HPOS="327" VPOS="418" WIDTH="611" HEIGHT="176">
						<TextLine ID="line_9" HPOS="364" VPOS="418" WIDTH="571" HEIGHT="27">
							<String ID="string_61" HPOS="364" VPOS="421" WIDTH="30" HEIGHT="18" WC="0.93" CONTENT="att"/><SP WIDTH="27" VPOS="421" HPOS="394"/>
							<String ID="string_62" HPOS="421" VPOS="420" WIDTH="114" HEIGHT="20" WC="0.86" CONTENT="åtminstone"/><SP WIDTH="28" VPOS="420" HPOS="535"/>
							<String ID="string_63" HPOS="563" VPOS="420" WIDTH="158" HEIGHT="25" WC="0.88" CONTENT="kanaliseringen"/><SP WIDTH="26" VPOS="420" HPOS="721"/>
							<String ID="string_64" HPOS="747" VPOS="419" WIDTH="48" HEIGHT="25" WC="0.84" CONTENT="från"/><SP WIDTH="24" VPOS="419" HPOS="795"/>
							<String ID="string_65" HPOS="819" VPOS="418" WIDTH="116" HEIGHT="25" WC="0.95" CONTENT="Suonenjoki"/>
						</TextLine>
						<TextLine ID="line_10" HPOS="328" VPOS="449" WIDTH="608" HEIGHT="25">
							<String ID="string_66" HPOS="328" VPOS="449" WIDTH="58" HEIGHT="20" WC="0.78" CONTENT="måtte"/><SP WIDTH="27" VPOS="449" HPOS="386"/>
							<String ID="string_67" HPOS="413" VPOS="450" WIDTH="103" HEIGHT="24" WC="0.91" CONTENT="fortsättas"/><SP WIDTH="25" VPOS="450" HPOS="516"/>
							<String ID="string_68" HPOS="541" VPOS="451" WIDTH="49" HEIGHT="19" WC="0.96" CONTENT="emot"/><SP WIDTH="22" VPOS="451" HPOS="590"/>
							<String ID="string_69" HPOS="612" VPOS="451" WIDTH="51" HEIGHT="19" WC="0.96" CONTENT="öster"/><SP WIDTH="22" VPOS="451" HPOS="663"/>
							<String ID="string_70" HPOS="685" VPOS="449" WIDTH="52" HEIGHT="20" WC="0.96" CONTENT="ända"/><SP WIDTH="24" VPOS="449" HPOS="737"/>
							<String ID="string_71" HPOS="761" VPOS="449" WIDTH="32" HEIGHT="20" WC="0.93" CONTENT="till"/><SP WIDTH="25" VPOS="449" HPOS="793"/>
							<String ID="string_72" HPOS="818" VPOS="449" WIDTH="118" HEIGHT="24" WC="0.92" CONTENT="Osmajärvi,"/>
						</TextLine>
						<TextLine ID="line_11" HPOS="328" VPOS="479" WIDTH="610" HEIGHT="26">
							<String ID="string_73" HPOS="328" VPOS="479" WIDTH="123" HEIGHT="26" WC="0.95" CONTENT="hvarigenom"/><SP WIDTH="23" VPOS="479" HPOS="451"/>
							<String ID="string_74" HPOS="474" VPOS="479" WIDTH="85" HEIGHT="20" WC="0.95" CONTENT="nämnda"/><SP WIDTH="20" VPOS="479" HPOS="559"/>
							<String ID="string_75" HPOS="579" VPOS="480" WIDTH="86" HEIGHT="25" WC="0.42" CONTENT="järnväg"/><SP WIDTH="21" VPOS="480" HPOS="665"/>
							<String ID="string_76" HPOS="686" VPOS="479" WIDTH="62" HEIGHT="20" WC="0.96" CONTENT="kunde"/><SP WIDTH="15" VPOS="479" HPOS="748"/>
							<String ID="string_77" HPOS="763" VPOS="479" WIDTH="9" HEIGHT="20" WC="0.96" CONTENT="i"/><SP WIDTH="15" VPOS="479" HPOS="772"/>
							<String ID="string_78" HPOS="787" VPOS="481" WIDTH="71" HEIGHT="18" WC="0.96" CONTENT="största"/><SP WIDTH="20" VPOS="481" HPOS="858"/>
							<String ID="string_79" HPOS="878" VPOS="479" WIDTH="60" HEIGHT="19" WC="0.89" CONTENT="måtto"/>
						</TextLine>
						<TextLine ID="line_12" HPOS="327" VPOS="508" WIDTH="608" HEIGHT="27">
							<String ID="string_80" HPOS="327" VPOS="511" WIDTH="57" HEIGHT="23" WC="0.92" CONTENT="göras"/><SP WIDTH="22" VPOS="511" HPOS="384"/>
							<String ID="string_81" HPOS="406" VPOS="509" WIDTH="90" HEIGHT="26" WC="0.91" CONTENT="gagnelig"/><SP WIDTH="20" VPOS="509" HPOS="496"/>
							<String ID="string_82" HPOS="516" VPOS="510" WIDTH="33" HEIGHT="24" WC="0.93" CONTENT="för"/><SP WIDTH="20" VPOS="510" HPOS="549"/>
							<String ID="string_83" HPOS="569" VPOS="510" WIDTH="132" HEIGHT="19" WC="0.91" CONTENT="innevånarne"/><SP WIDTH="14" VPOS="510" HPOS="701"/>
							<String ID="string_84" HPOS="715" VPOS="510" WIDTH="9" HEIGHT="19" WC="0.96" CONTENT="i"/><SP WIDTH="15" VPOS="510" HPOS="724"/>
							<String ID="string_85" HPOS="739" VPOS="509" WIDTH="31" HEIGHT="20" WC="0.96" CONTENT="det"/><SP WIDTH="16" VPOS="509" HPOS="770"/>
							<String ID="string_86" HPOS="786" VPOS="509" WIDTH="98" HEIGHT="20" WC="0.93" CONTENT="mellersta"/><SP WIDTH="16" VPOS="509" HPOS="884"/>
							<String ID="string_87" HPOS="900" VPOS="508" WIDTH="35" HEIGHT="20" WC="0.93" CONTENT="Sa-"/>
						</TextLine>
						<TextLine ID="line_13" HPOS="327" VPOS="539" WIDTH="608" HEIGHT="26">
							<String ID="string_88" HPOS="327" VPOS="539" WIDTH="71" HEIGHT="25" WC="0.91" CONTENT="volaks,"/><SP WIDTH="13" VPOS="539" HPOS="398"/>
							<String ID="string_89" HPOS="411" VPOS="540" WIDTH="29" HEIGHT="25" WC="0.96" CONTENT="på"/><SP WIDTH="16" VPOS="540" HPOS="440"/>
							<String ID="string_90" HPOS="456" VPOS="539" WIDTH="50" HEIGHT="20" WC="0.96" CONTENT="båda"/><SP WIDTH="15" VPOS="539" HPOS="506"/>
							<String ID="string_91" HPOS="521" VPOS="539" WIDTH="81" HEIGHT="20" WC="0.95" CONTENT="sidorna"/><SP WIDTH="14" VPOS="539" HPOS="602"/>
							<String ID="string_92" HPOS="616" VPOS="545" WIDTH="31" HEIGHT="14" WC="0.96" CONTENT="om"/><SP WIDTH="11" VPOS="545" HPOS="647"/>
							<String ID="string_93" HPOS="658" VPOS="540" WIDTH="69" HEIGHT="24" WC="0.96" CONTENT="banan,"/><SP WIDTH="11" VPOS="540" HPOS="727"/>
							<String ID="string_94" HPOS="738" VPOS="541" WIDTH="52" HEIGHT="18" WC="0.95" CONTENT="samt"/><SP WIDTH="10" VPOS="541" HPOS="790"/>
							<String ID="string_95" HPOS="800" VPOS="539" WIDTH="70" HEIGHT="25" WC="0.93" CONTENT="sjelfva"/><SP WIDTH="7" VPOS="539" HPOS="870"/>
							<String ID="string_96" HPOS="877" VPOS="539" WIDTH="58" HEIGHT="24" WC="0.88" CONTENT="järn-"/>
						</TextLine>
						<TextLine ID="line_14" HPOS="328" VPOS="569" WIDTH="376" HEIGHT="25">
							<String ID="string_97" HPOS="328" VPOS="570" WIDTH="60" HEIGHT="24" WC="0.96" CONTENT="vägen"/><SP WIDTH="14" VPOS="570" HPOS="388"/>
							<String ID="string_98" HPOS="402" VPOS="570" WIDTH="61" HEIGHT="19" WC="0.95" CONTENT="vinna"/><SP WIDTH="15" VPOS="570" HPOS="463"/>
							<String ID="string_99" HPOS="478" VPOS="569" WIDTH="31" HEIGHT="20" WC="0.96" CONTENT="det"/><SP WIDTH="15" VPOS="569" HPOS="509"/>
							<String ID="string_100" HPOS="524" VPOS="569" WIDTH="55" HEIGHT="20" WC="0.96" CONTENT="bästa"/><SP WIDTH="16" VPOS="569" HPOS="579"/>
							<String ID="string_101" HPOS="595" VPOS="569" WIDTH="109" HEIGHT="20" WC="0.95" CONTENT="understöd."/>
						</TextLine>
					</TextBlock>
				</ComposedBlock>
				<ComposedBlock ID="cblock_3" HPOS="293" VPOS="616" WIDTH="441" HEIGHT="26">
					<TextBlock ID="block_4" HPOS="293" VPOS="616" WIDTH="441" HEIGHT="26">
						<TextLine ID="line_15" HPOS="293" VPOS="616" WIDTH="441" HEIGHT="26">
							<String ID="string_102" HPOS="293" VPOS="616" WIDTH="166" HEIGHT="26" WC="0.95" CONTENT="Helsingfors,"/><SP WIDTH="17" VPOS="616" HPOS="459"/>
							<String ID="string_103" HPOS="476" VPOS="617" WIDTH="35" HEIGHT="20" WC="0.95" CONTENT="den"/><SP WIDTH="16" VPOS="617" HPOS="511"/>
							<String ID="string_104" HPOS="527" VPOS="618" WIDTH="14" HEIGHT="19" WC="0.95" CONTENT="2"/><SP WIDTH="16" VPOS="618" HPOS="541"/>
							<String ID="string_105" HPOS="557" VPOS="617" WIDTH="98" HEIGHT="20" WC="0.96" CONTENT="Februari"/><SP WIDTH="16" VPOS="617" HPOS="655"/>
							<String ID="string_106" HPOS="671" VPOS="618" WIDTH="63" HEIGHT="19" WC="0.96" CONTENT="1885."/>
						</TextLine>
					</TextBlock>
				</ComposedBlock>
				<ComposedBlock ID="cblock_4" HPOS="645" VPOS="693" WIDTH="221" HEIGHT="23">
					<TextBlock ID="block_5" HPOS="645" VPOS="693" WIDTH="221" HEIGHT="23">
						<TextLine ID="line_16" HPOS="645" VPOS="693" WIDTH="221" HEIGHT="23">
							<String ID="string_107" HPOS="645" VPOS="694" WIDTH="67" HEIGHT="22" WC="0.94" CONTENT="Wilh."/><SP WIDTH="17" VPOS="694" HPOS="712"/>
							<String ID="string_108" HPOS="729" VPOS="693" WIDTH="137" HEIGHT="22" WC="0.96" CONTENT="Pääkkönen."/>
						</TextLine>
					</TextBlock>
				</ComposedBlock>
				<ComposedBlock ID="cblock_5" HPOS="255" VPOS="1503" WIDTH="415" HEIGHT="25">
					<TextBlock ID="block_6" HPOS="255" VPOS="1503" WIDTH="415" HEIGHT="25">
						<TextLine ID="line_17" HPOS="255" VPOS="1503" WIDTH="415" HEIGHT="25">
							<String ID="string_109" HPOS="255" VPOS="1503" WIDTH="196" HEIGHT="25" WC="0.92" CONTENT="Jernvägsutskottets"/><SP WIDTH="15" VPOS="1503" HPOS="451"/>
							<String ID="string_110" HPOS="466" VPOS="1503" WIDTH="116" HEIGHT="20" WC="0.92" CONTENT="betänkande"/><SP WIDTH="15" VPOS="1503" HPOS="582"/>
							<String ID="string_111" HPOS="597" VPOS="1503" WIDTH="39" HEIGHT="21" WC="0.96" CONTENT="N:o"/><SP WIDTH="16" VPOS="1503" HPOS="636"/>
							<String ID="string_112" HPOS="652" VPOS="1504" WIDTH="18" HEIGHT="20" WC="0.96" CONTENT="3."/>
						</TextLine>
					</TextBlock>
				</ComposedBlock>
			</PrintSpace>
		</Page>
	</Layout>
</alto>
