1061 1717
321 100 237 24 Petitionsbetänkande
573 102 40 22 N:o
632 100 33 23 19.
817 100 15 24 3

291 173 26 17 att
331 172 59 18 lärare
406 172 30 18 och
448 172 109 22 lärarinnor,
569 172 57 19 hvilka
634 172 86 25 fullgjort
731 172 46 19 hvad
789 178 36 13 som
837 178 26 13 er-

250 202 78 23 fordras
341 202 36 23 för
392 202 98 24 kompetens
502 202 26 19 till
539 202 113 24 läraretjenst
663 203 8 18 i
682 204 67 17 statens
760 202 59 22 skolor,
827 202 36 24 för

255 232 166 18 lärareverksamhet
438 232 30 18 vid
482 232 60 24 privat
554 232 84 22 läroverk,
650 238 38 13 som
700 233 38 18 står
750 232 57 19 under
818 233 45 18 inse-

255 262 42 18 ende
315 262 26 23 af
355 262 135 24 öfverstyrelsen
500 263 37 23 för
549 262 115 19 skolväsendet
675 263 31 18 och
717 262 53 19 hvars
781 262 82 24 läroplan

255 291 30 19 och
299 292 74 23 stadgar
389 292 25 23 af
423 292 102 24 regeringen
535 292 91 24 godkänts,
639 292 61 22 måtte,
712 292 31 19 vid
754 292 70 19 skeende
835 292 28 24 öf-

255 321 77 24 vergång
344 322 25 18 till
380 323 66 17 statens
458 322 57 24 tjenst,
528 322 94 24 berättigas
634 323 28 18 att
674 322 7 18 i
690 322 83 24 afseende
781 322 12 18 å
801 322 63 24 rättig-

256 351 27 18 het
298 352 26 18 till
333 352 79 23 pension,
424 352 28 23 sig
464 352 127 24 tillgodoräkna
603 352 21 19 de
636 352 87 24 tjensteår,
737 352 21 18 de
770 352 39 18 med
821 353 42 17 när-

255 387 49 13 mare
317 382 87 23 faststäld
423 382 231 24 undervisningsskyldighet
672 382 61 19 verkat
749 382 29 19 vid
796 382 66 19 sådant

256 412 83 18 läroverk.

186 448 151 24 Helsingfors,
351 448 33 19 den
396 449 22 18 31
430 448 82 19 Januari
524 449 55 18 1855.

622 502 68 23 Frith.
707 502 96 23 Neovius.

186 640 32 22 De
241 640 85 27 privata
346 639 114 23 skolornas
476 642 60 21 stora
552 641 111 27 betydelse
679 641 33 22 för
728 646 27 17 en
770 640 97 27 naturlig

115 676 40 22 och
178 676 56 21 sund
249 676 125 27 utveckling
389 676 24 22 af
426 677 273 27 undervisningsväsendet
714 679 40 25 gör
769 677 38 22 det
822 678 45 20 sär-

114 712 68 21 skildt
197 712 7 21 i
221 713 48 20 vårt
286 712 58 28 land,
367 713 39 21 där
427 713 27 21 de
475 713 97 22 rådande
587 713 280 27 förmögenhetsförhållan-

115 748 56 22 dena
194 747 97 23 försvåra
313 748 165 23 konkurrensen
502 749 79 22 mellan
606 749 100 22 enskilda
721 749 147 27 inrättningar

115 784 40 21 och
178 785 91 26 statens,
293 784 35 21 till
351 791 26 15 en
396 785 159 27 angelägenhet
571 785 23 22 af
608 785 91 27 mycken
714 785 47 28 vigt
776 785 33 21 att
826 785 41 21 den

116 819 99 22 enskilda
234 820 198 27 företagsamheten
456 820 8 21 i
480 821 71 22 denna
567 820 98 28 riktning
679 820 90 28 främjas
785 820 40 23 och
841 820 27 22 de

116 855 140 28 svårigheter,
277 856 147 27 privatskolor
443 856 34 22 för
492 857 34 21 sin
542 857 118 27 uppkomst
676 857 40 21 och
733 856 39 22 sitt
787 855 80 23 fortbe-

115 892 65 21 stånd
196 892 27 21 ha
239 893 33 20 att
287 891 114 29 bekämpa,
418 893 24 21 så
457 892 47 22 vidt
520 892 86 28 möjligt
621 892 154 27 undanrödjas.
798 892 71 21 Bland

116 928 64 21 dessa
201 927 134 28 svårigheter
354 930 24 19 är
398 935 27 15 en
447 928 24 22 af
485 929 27 21 de
528 930 56 20 mest
598 928 140 27 betungande
753 927 116 28 onekligen

115 963 129 23 skildnaden
267 964 32 21 uti
323 964 26 22 de
365 963 104 23 framtida
490 964 173 28 existensvilkor,
682 970 46 16 som
744 963 82 23 förestå
841 970 27 15 en

115 999 142 27 privatlärare
273 1000 7 21 i
296 1001 84 21 statens
402 1000 74 28 tjenst,
498 1000 39 22 och
554 1007 46 15 som
617 1001 19 26 ej
652 1000 58 22 blott
725 1000 86 27 tvingar
825 999 44 28 pri-

115 1035 114 22 vatskolan
253 1035 35 22 till
310 1035 107 28 betydligt
439 1036 68 27 högre
530 1035 92 29 utgifter
644 1035 34 22 för
696 1036 136 22 erhållandet
847 1035 25 22 af

117 1071 104 28 lämpliga
243 1071 161 28 lärarekrafter,
428 1073 54 20 utan
504 1072 65 22 också
588 1072 125 22 därutöfver
728 1074 39 25 gör
783 1073 37 21 det
835 1071 34 22 för

117 1113 26 16 en
167 1107 68 22 sådan
259 1107 62 22 skola
341 1109 49 20 rent
412 1108 23 21 af
449 1108 100 27 omöjligt
565 1110 33 20 att
613 1108 7 21 i
636 1108 95 27 längden
745 1108 23 21 få
783 1107 87 22 behålla

115 1143 77 28 lärare,
208 1143 74 22 hvilka
297 1143 73 22 kunna
385 1143 29 22 ha
428 1145 73 26 någon
518 1143 69 28 utsigt
602 1144 34 21 till
652 1145 34 20 att
700 1143 37 22 vid
753 1143 117 28 öfvergång

115 1178 35 22 till
167 1180 82 21 statens
269 1179 68 27 tjenst
352 1179 23 22 få
390 1179 34 22 sin
441 1179 112 22 ålderdom
570 1179 91 28 tryggad
676 1186 78 21 genom
770 1175 99 32 pension.

188 1214 39 22 Ett
235 1216 48 26 steg
288 1214 34 22 till
329 1216 33 20 att
367 1215 133 21 härutinnan
506 1215 108 22 förbättra
618 1215 186 27 privatskolornas
810 1214 61 22 ställ-

117 1250 52 27 ning
190 1252 24 19 är
232 1250 127 28 visserligen
381 1252 61 26 taget
462 1257 79 21 genom
557 1253 34 20 att
606 1251 130 27 regeringen
752 1251 75 27 plägat
843 1252 28 26 på

117 1286 95 22 särskild
237 1286 121 28 ansökning
378 1286 81 28 bevilja
477 1286 72 23 lärare
564 1287 37 21 vid
616 1286 147 28 privatskolor
778 1288 45 20 rätt
838 1288 34 20 att

117 1322 37 21 vid
177 1322 117 28 öfvergång
317 1322 34 22 till
374 1324 85 20 statens
481 1323 68 27 tjenst
570 1322 39 22 och
630 1323 70 21 under
717 1323 59 21 vissa
801 1322 70 22 vilkor

118 1357 33 22 för
167 1358 140 22 ecklesiastik
329 1358 116 22 befordran
467 1358 161 28 tillgodoräkna
645 1358 33 28 sig
694 1358 48 22 sina
757 1359 113 27 tjensteår.

117 1394 128 22 Emellertid
261 1396 24 20 är
300 1394 90 22 härmed
406 1396 58 20 ännu
480 1395 118 27 ingalunda
613 1401 27 15 en
656 1394 159 28 framgångsrik
831 1394 40 22 och

119 1430 91 27 tryggad
227 1430 137 22 verksamhet
380 1430 34 22 för
429 1430 176 27 privatskolorna
616 1430 145 27 möjliggjord.
786 1430 85 21 Sådana

118 1464 165 24 förhållandena
298 1468 58 19 ännu
372 1466 6 21 i
394 1466 137 22 närvarande
544 1466 66 22 stund
621 1466 40 22 och
672 1466 7 21 i
690 1467 57 21 trots
757 1465 24 22 af
789 1466 81 21 nämda

190 1502 107 20 Allmänna
313 1503 183 19 Besvärsutskottets
512 1502 116 20 betänkande
644 1502 38 20 N:o
698 1503 31 19 16.
