1061 1717
242 90 372 24 Petitionsbetänkande
632 90 56 22 N:o
705 88 47 24 38.

345 332 145 23 Allmänna
510 332 256 23 Besvärsutskottets
787 332 93 22 betän-

302 368 89 23 kande
414 375 33 16 n:o
471 368 27 22 25
522 368 46 23 med
592 368 117 29 anledning
733 368 27 22 af
781 368 30 22 ett
826 368 55 22 inom

301 404 179 28 Borgareständet
496 404 65 22 väckt
575 403 182 30 petitionsförslag
771 410 32 16 om
818 403 64 22 inrät-

301 440 63 22 tande
380 440 26 22 af
419 440 67 22 afton-
502 440 39 23 och
557 439 164 29 söndagsskolor
737 440 7 21 i
760 439 106 22 städerna.

203 495 82 22 Genom
302 495 202 27 protokollsutdrag
521 495 23 21 af
558 495 41 21 den
616 495 28 21 12
660 494 107 22 Februari
782 494 39 21 har
837 493 44 22 väl-

129 530 74 28 lofliga
226 531 184 26 Borgareständet
431 530 34 21 till
490 530 110 21 allmänna
618 530 210 21 besvärsutskottets
844 529 37 22 be-

128 566 105 27 handling
248 566 123 21 remitterat
386 565 96 28 följande
498 565 227 28 petitionsmemorial:

298 630 47 18 Till
360 629 130 24 Välloflige
507 630 206 23 Borgareständet.

202 672 39 18 Allt
254 673 58 17 sedan
325 677 23 13 en
360 677 26 18 ny
398 671 199 24 näringslagstiftning
610 672 119 17 etablerades
742 672 6 17 i
761 672 85 21 Finland,
856 671 24 18 ha

128 703 26 17 då
175 702 35 18 och
230 702 24 17 dä
273 701 41 18 från
333 702 23 17 de
375 701 52 18 förut
442 701 146 23 privilegierade
601 701 165 18 handverkarenes
779 701 52 18 klass
844 701 37 18 för-

131 733 62 21 sports
212 731 95 23 klagomäl
326 731 92 22 deröfver,
438 733 28 16 att
479 731 171 18 handverkerierna
663 731 5 18 i
682 732 89 17 städerna
783 737 25 12 nu
821 731 61 18 skulle

130 762 67 17 arbeta
209 761 60 18 under
281 763 62 16 sämre
355 761 61 17 vilkor
430 763 10 15 ä
452 766 12 12 n
478 761 45 18 förr.
549 761 64 18 Skulle
626 763 24 16 än
664 761 55 18 dessa
726 761 94 22 klagomäl
828 760 53 18 verk-

129 791 50 23 ligen
193 793 37 21 äga
243 791 66 23 grund,
323 792 20 17 sä
355 791 63 17 kunde
432 790 127 19 förhällandet
572 791 49 18 dock
631 790 48 22 icke,
686 791 24 22 pä
717 792 38 17 sätt
762 791 41 17 frän
810 796 71 12 samma

129 820 38 18 håll
182 821 71 23 jemväl
268 821 71 23 yrkats,
352 820 96 23 afhjelpas
461 826 68 17 genom
542 826 23 12 en
578 822 59 16 större
651 820 45 18 eller
708 820 71 18 mindre
793 821 90 22 återgång

130 850 29 17 till
172 851 31 17 det
216 850 52 18 förra
281 850 140 22 skräväsendet,
435 850 73 18 hvilket
521 851 5 17 i
539 850 66 24 hvarje
618 850 90 18 händelse
717 851 59 17 mäste
785 850 98 18 betraktas

131 881 61 17 säsom
205 885 23 13 en
241 880 95 23 lyckligen
349 880 129 18 öfvervunnen
492 880 120 23 ständpunkt.
638 880 38 18 Gär
688 885 42 13 man
744 880 104 18 emellertid
854 880 29 17 till

131 910 84 23 grunden
228 909 30 18 för
271 910 31 17 det
315 910 91 22 påstådda
419 909 177 23 missförhällandet,
610 909 59 18 finner
678 915 48 17 man,
736 912 29 15 att
773 910 109 21 detsamma,

131 939 61 18 sävidt
205 940 32 17 det
250 939 95 22 existerar,
359 939 162 23 hufvudsakligen
533 941 59 16 mäste
604 939 88 18 härledas
701 939 41 18 frän
751 939 84 21 orsaker,
843 945 39 12 som

131 969 57 18 äfven
200 969 43 18 med
255 969 32 18 det
299 969 63 23 gamla
375 971 90 21 systemet
479 969 61 18 skulle
554 970 46 17 mäst
613 969 67 18 utöfva
692 969 29 18 sin
730 969 96 18 inverkan.
844 969 38 18 Och

131 1003 23 13 en
173 998 22 18 af
213 999 55 18 dessa
281 999 78 18 orsaker
371 999 54 18 torde
438 998 144 23 otvifvelaktigt
594 1004 51 16 vara,
659 1000 28 16 att
700 999 111 17 arbetarene
824 999 60 18 under

130 1028 24 17 de
173 1028 114 18 förändrade
306 1028 184 18 tidsförhällandena
506 1029 42 18 icke
561 1028 58 18 hafva
631 1028 103 23 tillräcklig
747 1028 92 18 teoretisk
851 1033 32 13 un-

131 1059 125 22 derbyggnad
274 1058 30 18 för
323 1060 28 16 att
364 1063 33 13 ens
410 1058 43 18 med
466 1059 37 17 den
516 1058 103 23 framgång,
632 1063 41 13 som
686 1058 55 24 eljest
754 1063 44 13 vore
811 1058 73 24 möjlig,

131 1090 85 21 upptaga
234 1088 142 31 konkurrensen
394 1088 43 17 med
450 1088 37 17 den
501 1090 51 16 stora
564 1088 98 17 industrin.
688 1088 118 18 Inrättandet
819 1087 22 18 af
852 1089 32 16 än-

132 1117 141 48 n
276 1123 21 20 Or
283 1113 70 45 Tganig
365 1118 45 17 rade
426 1117 205 18 handtverkareskolor
643 1118 6 17 i
662 1117 38 18 alla
712 1118 65 17 städer
788 1123 45 12 vore
845 1118 40 17 der-

130 1147 41 18 före
184 1153 23 12 en
219 1134 72 36 PYRTÖY
273 1111 117 54 MLT
385 1145 71 20 "skulle
469 1149 69 22 utgöra
551 1149 27 16 ett
590 1143 84 38 Onskligt
684 1147 34 18 och
728 1147 87 23 lämpligt
823 1147 61 18 korol-

129 1177 66 18 larium
207 1176 31 19 44
251 1176 36 19 198
297 1157 281 47 I]jalthamssyhdestiriningen.
592 1173 112 22 Ändamålet
715 1177 44 18 med
772 1177 56 18 dessa
841 1177 43 18 sko-

131 1205 86 23 loritånöt,
231 1205 70 21 shksode
316 1201 81 33 afoldeta
407 1201 122 33 fösegäehde.
532 1207 60 21 sedan
605 1206 87 24 framgår,
705 1207 43 18 icke
761 1207 68 18 tänkas
841 1212 45 13 vara

121 1232 145 41 "hibringrndgd
277 1232 93 41 afomtean
388 1232 80 41 särskild
480 1232 159 41 yrkesfördighet.
650 1232 71 41 Hvilken
735 1237 107 23 säkerligen
854 1243 30 15 nu,

125 1261 101 56 PUUT
236 1290 4 6 J
250 1267 101 47 UKATUIMKS
368 1285 9 9 A
360 1266 30 48 "VN
402 1268 51 46 VAN
465 1272 94 43 Sel
543 1265 111 61 LUIN
606 1267 152 77 W
689 1267 59 47 Nå
748 1267 39 32 hos
802 1273 21 18 yr
826 1267 59 47 kosidr

405 1302 9 13 e
427 1295 84 20 nämnda
620 1303 72 11 rundan
824 1302 61 15 enom-

130 1288 47 33 karei
202 1302 13 30 N
263 1302 20 15 a;
297 1302 33 15 uta!
370 1302 10 30 3

132 1302 83 46 Vända
243 1297 38 54 RE.
290 1298 80 50 ain?
383 1302 68 50 ryd
479 1320 54 24 Sd
553 1293 74 63 SNKAJEN
642 1293 6 63 o
653 1293 53 63 AEKA
721 1302 37 42 a
797 1293 32 63 Bk
850 1321 37 23 Ohto

124 1318 322 60 rt
477 1349 100 29 Hitti
624 1321 111 55 Cees
731 1356 8 17 k
747 1340 139 36 maämahtuadn

124 1382 286 26 -yakkyvkieltääghetn
325 1378 52 38 hedsi|
382 1378 27 38 för
418 1385 158 24 'degrirdtötliga
589 1385 298 27 siötahilet
699 1378 26 38 jaf
737 1385 150 27 ettmkeiisai-

120 1410 179 42 opänkati[säspmy
305 1410 151 42 koyrsenasdena
469 1415 35 25 Och
504 1415 120 31 kaltiaina.
638 1415 250 33 mytemptikanhteekpins

125 1445 70 29 KEI
256 1434 69 40 ESA:
355 1444 81 56 ULA
436 1444 36 57 J
469 1436 97 46 inpgdopm,
571 1445 2 32 i
575 1445 68 32 ägor
656 1437 117 65 man
786 1440 61 49 Priit
863 1447 25 30 gt

204 1466 106 55 Allmänga
323 1466 70 55 Besui
343 1482 77 39 MIKA.
416 1482 36 33 ytsä
416 1468 105 55 utskottets.
531 1482 44 34 Peli
573 1477 77 46 akande
664 1488 28 27 N.
685 1482 50 35 a
765 1482 38 35 SI
