1061 1717
205 87 374 26 Petitionsbetänkande
594 89 58 24 N:o

356 394 193 26 Ekonomiutskottets
565 393 118 26 betänkande
698 394 29 24 N:o
739 394 11 24 6
761 394 6 24 i
777 394 60 24 anled-

286 430 45 29 ning
345 429 21 25 af
379 429 30 25 ett
424 429 6 24 i
446 428 138 27 Bondeståndet
602 428 58 25 väckt
674 428 163 32 petitionsförslag

286 471 29 18 om
329 463 97 26 särskilda
447 463 104 31 ändringar
572 464 7 24 i
594 463 132 30 förordningen
741 463 21 25 af
775 463 34 25 den
823 463 12 25 2

286 498 51 31 April
352 498 45 25 18838
422 499 95 29 angående
531 498 112 31 försäljning
658 498 34 25 och
706 497 129 31 utskänkning

286 533 21 25 af
320 533 131 30 maltdrycker.

152 598 57 22 Ifrån
232 597 132 22 hedervärda
387 597 160 22 Bondeståndet
571 597 39 21 har
632 596 32 23 till
682 596 115 28 beredning
815 597 22 21 af

83 632 209 23 Ekonomiutskottet
306 631 130 22 remitterats
447 633 33 20 ett
489 631 114 28 sälydande
615 631 220 28 petitionsmemoria!:

327 699 125 19 Hedervärda
464 699 132 19 Bondeständ!

150 741 139 23 Maltdryckers
304 740 126 23 tillverkning
450 740 65 18 säsom
527 740 157 18 fabriksindustri
696 742 21 16 är
729 740 42 18 icke
783 746 53 17 gam-

82 771 37 19 mal
131 771 7 17 i
150 771 44 17 värt
204 769 50 23 land,
267 775 44 12 men
323 769 62 18 denna
397 769 73 18 rörelse
482 769 36 18 har
530 769 24 24 pä
566 769 23 18 de
601 769 47 18 sista
660 769 46 18 ären
715 768 85 19 förökats
809 769 27 23 sä,

81 801 28 17 att
121 800 36 18 den
170 799 58 18 redan
240 798 64 23 börjar
316 797 46 18 hota
374 798 44 17 värt
430 797 42 18 folk
484 798 44 18 med
539 797 76 19 förderf
625 797 36 18 och
674 797 118 24 undergäng.

149 827 160 24 Maltdryckerna,
321 827 47 18 eller
384 827 73 18 rättare
468 827 58 24 sagdt
537 827 43 22 ölet,
593 827 75 18 hvilket
680 828 69 17 nästan
761 827 74 18 ensamt

82 857 97 18 användes
191 856 22 18 af
223 856 100 23 allmogen,
335 857 33 16 äro
380 855 48 23 icke,
441 855 85 24 mättligt
537 856 91 21 brukade,
636 855 92 24 skadliga,
737 861 44 13 men
787 855 48 18 ölets

82 885 125 24 öfverflödiga
219 885 92 23 njutande
323 885 53 18 leder
387 885 30 18 till
429 885 134 23 dryckenskap
570 885 36 18 och
612 885 54 18 derat
673 884 84 24 följande
765 884 65 19 elände

81 915 111 23 Beklagligt
202 920 40 17 nog
253 913 36 18 har
300 915 28 16 ett
340 913 124 24 öfverflödigt
476 913 122 18 öldrickande
611 914 25 23 pä
647 913 70 24 mänga
729 915 51 16 orter
786 913 49 18 smä-

81 943 78 24 ningom
172 943 63 18 blifvit
254 942 71 19 allmän
337 942 39 22 sed,
388 942 37 18 och
437 942 33 18 det
483 942 56 19 deraf
549 942 84 24 följande
645 942 106 19 förderfvet
763 944 22 16 är
796 942 39 18 lika

81 973 54 22 stort,
147 978 31 12 om
190 972 17 23 ej
221 973 66 20 större,
305 973 25 16 än
349 971 31 18 det
392 977 42 12 som
447 971 69 18 härrör
528 971 21 18 af
560 971 182 24 bränvinssupande,
755 971 79 18 emedan

81 1001 38 18 ölet
131 1001 40 18 står
190 1002 28 16 att
237 1000 30 18 fås
287 1001 68 17 nästan
376 1000 95 23 öfverallt,
484 1000 37 18 och
533 1000 132 24 ölbryggerier
677 1002 88 22 uppväxa
777 1000 58 18 hvart

81 1029 48 20 efter
141 1031 59 16 annat
211 1030 63 17 säsom
287 1035 89 17 svampar
388 1029 62 18 under
462 1035 24 12 en
499 1029 68 24 regnig
579 1035 89 12 sommar.

148 1059 36 18 Om
196 1059 139 18 kommunerna
347 1058 57 18 ätven
416 1058 46 18 ville
474 1059 93 18 motsätta
579 1058 29 23 sig
621 1058 26 18 öl-
660 1057 137 24 (maltdrycks)-
806 1057 30 18 fa-

80 1088 98 18 brikernas
190 1087 125 24 anläggning,
337 1087 21 18 sä
369 1087 61 18 hafva
441 1087 25 18 de
478 1087 18 23 ej
510 1087 53 18 makt
575 1087 67 22 dertill,
656 1089 46 16 enär
713 1087 30 18 till
754 1087 80 23 anlägg-

79 1117 48 23 ning
149 1116 20 18 af
188 1118 28 17 ett
231 1116 91 24 bryggeri
335 1115 17 24 ej
365 1115 93 19 behöfves
471 1116 128 18 kommunens
611 1116 141 23 medgitvande.
775 1116 59 17 Detta

79 1145 119 18 förhällande
218 1145 35 18 bör
269 1146 64 17 rättas.
358 1145 36 18 Om
406 1145 115 18 bränvinets
532 1145 126 23 tillverkning
671 1145 35 18 och
719 1145 115 23 försäljning

79 1173 117 23 inskränkes,
210 1180 43 12 men
265 1173 148 24 lagstiftningen
427 1179 32 12 om
472 1173 114 24 bryggerier
597 1174 73 18 lemnas
683 1173 120 23 oförändrad,
812 1174 22 17 sä

79 1203 114 18 förminskas
205 1203 17 23 ej
235 1203 88 24 fylleriet,
336 1202 24 18 dä
372 1203 6 17 i
390 1202 70 18 sädant
476 1202 34 19 fall
523 1203 112 23 bryggerier
647 1203 55 17 skola
713 1202 75 24 byggas
800 1204 33 16 nä-

79 1233 42 16 stan
141 1231 7 18 i
168 1231 67 24 hvarje
254 1231 97 18 kommun.
374 1231 68 18 Redan
460 1237 28 12 nu
500 1232 62 17 finnas
574 1231 118 22 kommuner,
704 1232 6 17 i
723 1231 65 19 hvilka
801 1232 33 17 två

78 1261 113 24 bryggerier
210 1261 87 18 existera.
321 1260 38 18 För
379 1261 29 16 att
420 1260 78 24 afvärja
510 1261 53 18 detta
575 1261 55 22 onda,
642 1260 59 19 borde
714 1261 20 17 ät
746 1261 86 17 kommu-

78 1289 149 19 nalstämmorna
238 1290 25 24 på
274 1289 65 19 landet
351 1289 73 19 lemnas
436 1289 38 19 den
487 1289 122 25 befogenhet,
620 1291 28 17 att
657 1289 90 25 bryggeri
754 1291 17 21 ej
781 1289 52 24 finge

78 1318 92 24 anläggas
180 1320 52 16 emot
244 1319 126 23 kommunens
382 1318 53 23 vilja;
448 1318 38 18 och
499 1320 29 16 att
535 1319 109 18 nuvarande
653 1318 49 18 slika
709 1318 88 23 fabriker,
805 1319 28 17 till

78 1347 75 19 hvilkas
165 1347 119 25 anläggning
292 1347 126 18 kommunens
427 1347 89 19 tillstånd
528 1348 17 23 ej
554 1348 104 22 utverkats,
667 1348 46 18 böra
721 1348 52 18 inom
781 1348 52 18 vissa

77 1377 22 17 år
110 1376 110 24 nedläggas,
233 1378 12 16 t.
258 1382 28 12 ex.
299 1376 50 18 efter
360 1375 39 19 fem
412 1376 31 18 års
456 1376 83 24 förlopp,
552 1377 34 18 der
597 1376 117 19 kommunen
722 1377 22 17 sä
750 1376 80 18 fordrar.

76 1405 39 23 Jag
128 1406 60 23 vågar
199 1405 74 19 således
285 1404 76 23 föreslå,
374 1406 29 16 att
415 1405 123 19 hedervärda
551 1406 139 18 bondeståndet
698 1405 101 19 äfvensom
807 1405 24 18 de

77 1433 62 24 öfriga
151 1434 81 18 stånden
244 1434 61 18 skulle
317 1434 47 23 ingå
376 1434 28 17 till
416 1434 26 18 H.
454 1434 25 18 K.
493 1434 26 18 M.
531 1435 44 18 med
587 1440 24 13 en
623 1434 81 24 petition
715 1434 73 19 derom:

145 1468 188 23 Ekonomiutskottets
345 1468 117 21 betänkande
476 1471 38 18 N:o
529 1469 18 18 6.
