1061 1717
305 108 236 24 Petitionsbetänkande
556 110 38 21 N:o
609 108 36 22 43.
843 108 14 21 3

111 176 180 26 jordbruksskola
307 177 12 19 å
343 176 124 21 fastlandet.
498 175 30 21 Af
550 176 63 21 dessa
637 175 47 21 skäl
700 182 64 15 anser
780 174 34 27 sig
830 175 32 20 ut-

112 212 83 20 skottet
217 212 53 21 böra
291 211 95 27 förorda,
411 213 33 20 att
464 211 155 27 åländingarne
640 211 8 21 i
664 211 47 21 sina
727 210 136 22 hemtrakter

113 247 71 21 skulle
199 247 84 21 lämnas
299 246 87 22 tillfälle
402 247 35 21 till
452 247 103 27 tidsenlig
566 246 156 26 undervisning
732 246 7 21 i
749 245 112 28 jordbruk.

171 283 41 21 Vid
233 283 37 21 det
286 283 108 21 utskottet
410 283 57 21 altså
483 283 143 21 understöder
641 282 148 27 föreliggande
805 281 55 27 peti-

111 319 146 27 tionsförslag,
276 319 40 21 har
332 319 36 21 det
384 319 55 21 dock
455 319 47 21 icke
518 319 84 21 kunnat
618 318 73 22 lämna
707 318 108 22 obeaktad
831 312 44 28 Ä-.

112 355 63 21 lands
184 355 62 27 ringa
254 354 151 28 utsträckning
414 354 40 22 och
462 354 133 28 folkmängd.
611 354 75 27 Enligt
695 354 73 21 senast
776 353 85 21 utkom-

113 397 29 15 na
153 390 124 22 statistiska
288 390 78 22 årsbok
377 392 65 26 utgör
453 390 64 22 dessa
532 392 49 19 öars
591 390 50 22 hela
655 389 59 22 areal
725 389 76 27 1230,6
813 395 49 20 gva-

114 427 108 21 dratverst
238 426 39 22 och
295 426 48 22 dess
360 426 126 27 folkmängd
502 426 93 27 uppgick
611 426 42 21 den
669 426 27 21 31
706 424 87 29 januari
806 424 57 22 1880

113 462 33 21 till
171 463 76 21 inalles
271 463 79 27 20,071
375 469 109 20 personer.
516 463 39 20 Att
577 461 33 22 för
631 468 26 15 en
679 462 25 21 sä
719 461 54 22 liten
789 460 35 22 del
840 459 23 22 af

112 499 49 21 värt
184 499 52 20 land
259 499 40 21 och
323 498 45 21 folk
384 498 82 21 inrätta
482 505 26 14 en
524 497 128 28 fullständig
668 497 24 22 af
705 497 77 22 Staten
798 496 64 21 beko-

113 535 49 20 stad
185 534 180 27 jordbruksskola
390 534 73 21 kunde
485 534 18 27 ej
520 536 53 19 utan
597 533 47 22 skäl
668 533 105 27 stämplas
790 533 71 21 säsom

112 570 84 21 slöseri.
226 570 50 21 Men
300 570 34 27 dä,
358 571 71 20 såsom
446 570 68 21 kändt
529 572 31 25 är,
577 569 76 22 Staten
669 569 62 21 äfven
749 569 113 21 annorstä-

113 607 38 21 des
167 607 7 20 i
190 607 53 20 värd
266 606 51 21 land
340 606 77 22 beredt
440 605 87 22 tillfälle
550 606 34 21 till
608 605 155 27 undervisning
779 605 7 21 i
801 604 59 27 jord-

111 643 58 20 bruk
192 642 99 27 sålunda,
315 643 33 20 att
363 642 39 21 hos
419 643 71 25 någon
506 641 85 22 enskild
606 639 255 29 lägenhetsinnehafvare

113 678 105 27 grundats
242 685 27 14 en
288 677 187 28 jordbruksskola,
492 684 46 15 som
555 677 23 21 af
593 676 75 23 Staten
685 677 96 26 ätnjuter
797 676 65 27 ärligt

112 714 125 27 understöd,
264 720 63 15 anser
347 714 109 21 utskottet
480 713 47 21 skäl
551 712 123 28 förefinnas,
698 714 33 20 att
755 712 63 21 äfven
833 712 28 26 pä

114 745 70 26 Äland
207 750 68 21 ordna
291 749 182 27 undervisningen
490 749 5 21 i
510 749 107 27 jordbruk
633 749 7 20 i
656 755 84 15 samma
755 747 105 27 riktning.

113 785 34 22 Då
163 786 109 21 utskottet
292 785 130 27 framlägger
446 785 154 22 ofvanstäende
624 785 88 26 förslag,
737 790 64 16 anser
825 784 37 21 det

113 821 34 27 sig
166 821 3 21 i
186 822 39 21 och
249 821 49 22 med
325 822 121 21 detsamma
469 821 54 21 böra
549 820 57 22 afstä
632 820 47 22 från
705 821 34 20 att
762 822 100 19 närmare

112 857 121 22 bestämma
249 859 69 26 orten,
335 858 37 21 der
388 864 27 15 en
432 857 67 22 sädan
516 857 61 21 skola
599 857 67 21 borde
685 857 104 26 placeras,
805 862 56 15 eme-

113 893 42 21 dan
173 894 60 21 detta
249 893 138 27 naturligtvis
404 895 24 19 är
442 893 108 21 beroende
566 892 23 22 af
606 892 79 22 träffad
702 891 159 22 öfverenskom-

112 929 67 22 melse
202 930 50 21 med
275 931 71 25 nägon
369 929 86 21 enskild
468 929 116 26 jordägare
600 929 40 21 och
656 935 63 20 synes
735 928 58 26 förty
808 927 53 21 läm-

111 965 81 27 pligast
211 965 74 22 kunna
308 965 83 21 lämnas
408 965 33 21 till
457 965 121 26 Styrelsens
600 964 124 27 afgörande.
746 963 115 22 Utskottet

111 1001 64 21 utber
183 1001 33 27 sig
227 1001 72 22 derför
310 1001 111 21 vördsamt
432 1002 32 20 att
475 1000 22 21 fä
508 1000 106 27 begränsa
625 1000 39 21 sitt
676 999 81 27 förslag
772 999 89 26 derhän,

291 1037 32 21 att
339 1036 82 21 landets
443 1035 123 28 Höglofliga
581 1035 94 22 Ständer
690 1035 9 21 i
713 1034 148 27 underdänig-

255 1072 34 21 het
304 1073 64 21 mätte
383 1071 37 22 hos
436 1071 64 22 Hans
516 1071 123 28 Kejserliga
654 1071 103 28 Majestät
774 1069 88 23 anhälla

255 1109 32 20 att
303 1115 27 14 en
345 1107 83 22 mindre
438 1107 180 28 jordbruksskola
633 1106 67 28 blefve
714 1106 101 22 inrättad
825 1105 37 22 hos

254 1145 74 26 någon
348 1143 84 22 enskild
454 1142 256 29 egendomsinnehafvare
732 1143 33 26 pä
787 1136 75 27 Åland

255 1181 54 20 samt
324 1180 46 21 med
386 1179 170 22 statsunderstöd
571 1178 167 28 upprätthällen.

183 1252 173 27 Helsingfors,
378 1251 23 22 af
415 1251 115 22 Allmänna
553 1251 212 22 Besvärsutskottets
790 1250 41 21 den
847 1250 14 21 9

112 1287 42 27 maj
173 1287 63 23 1885.

186 1324 10 20 I
211 1324 102 21 ärendets
329 1323 132 27 behandling
476 1323 64 21 hafva
557 1322 101 28 deltagit:
675 1322 121 22 utskottets
813 1322 48 20 ord-

112 1359 89 21 förande
217 1359 19 21 J.
254 1359 25 21 G.
297 1359 88 27 Geitlin,
410 1361 56 19 samt
481 1359 133 21 ledamöter:
638 1358 72 27 Lagus
726 1358 34 26 V.,
777 1357 84 21 Schildt

111 1395 26 21 K.
155 1395 34 27 Hj.
205 1395 32 27 F.,
253 1395 154 27 Björkenheim
418 1395 25 21 A.
455 1395 31 27 E.,
503 1394 130 22 Vesterlund
644 1394 24 21 A.
681 1394 32 27 G.,
730 1389 131 26 Österbladh

112 1430 27 27 J.,
155 1425 86 33 Öhberg
257 1431 25 21 V.
299 1431 40 27 W.,
355 1430 125 28 Helsingius
492 1430 24 22 A.
528 1431 32 27 V.,
577 1430 135 22 Söderström
724 1429 25 22 G.
762 1429 32 27 L.,
813 1428 47 22 Kii-

112 1466 51 26 pula
178 1466 33 27 K.,
227 1466 104 22 Vehanen
347 1466 33 28 K.,
397 1466 125 22 Päivärinta
537 1466 23 21 P.

186 1509 106 20 Allmänna
307 1508 183 22 Besvärsutskottets
506 1508 116 21 betänkande
637 1508 37 20 N:o
690 1507 34 21 26.
