1061 1717
316 110 241 23 Petitionsbetänkande
571 112 39 22 N:o
627 111 20 23 7.
815 113 14 21 3

106 178 49 17 holm
174 178 29 16 till
221 183 22 12 en
259 178 40 21 asyl
316 177 27 17 för
359 176 41 18 med
416 177 78 17 kronisk
507 178 145 22 sinnessjukdom
664 178 95 17 behäftade
771 183 89 17 personer,

105 214 41 12 men
163 208 52 17 äfven
231 208 102 21 derigenom
349 207 51 17 torde
412 207 65 17 endast
490 212 22 12 en
525 208 100 22 tillökning
637 208 21 16 af
668 208 84 22 omkring
764 207 35 18 100
811 208 50 21 sjuk-

106 238 69 22 platser
188 238 63 16 kunna
267 237 135 17 åstadkommas.
427 237 53 17 Huru
493 237 122 22 otillräckligt
628 238 31 17 det
671 243 25 12 nu
707 238 112 21 förefintliga
831 243 30 11 an-

107 268 45 17 talet
163 267 110 22 sjukplatser
285 267 28 17 för
325 266 113 22 sinnessjuka
451 268 20 15 är
484 266 28 18 för
525 267 30 17 det
567 267 35 17 allt
613 272 37 12 mer
662 268 100 22 trängande
770 267 93 21 behofvet,

107 298 48 17 inses
167 298 40 20 lätt,
221 297 23 17 dä
255 302 41 12 man
308 296 82 18 besinnar
403 298 27 15 att
442 296 33 17 vid
488 296 36 18 den
536 297 83 17 sednaste
632 297 141 22 folkräkningen
786 297 20 17 är
814 296 48 18 1880

107 328 65 17 funnos
184 328 7 16 i
203 326 62 18 landet
283 326 54 22 4,380
354 326 119 22 sinnessjuka,
494 326 20 17 af
530 327 66 17 hvilka
612 327 40 17 med
668 327 103 17 nuvarande
783 327 79 22 tillgäng

107 358 24 22 pä
145 358 68 21 platser
228 356 63 18 endast
307 356 73 22 vidpass
398 356 23 17 11
437 358 77 20 procent
525 356 62 18 kunna
600 356 72 18 erhälla
684 357 45 17 värd
741 357 48 17 inom
801 356 22 18 de
836 356 25 18 of-

108 387 78 22 fentliga
200 386 115 21 anstalterna,
331 386 40 17 häri
383 386 54 17 äfven
450 386 36 17 den
499 386 32 17 vid
543 386 90 18 Kexholm
644 386 89 22 pätänkta
745 386 116 18 inberäknad.

107 418 73 16 Enhvar
196 422 37 12 som
245 416 58 17 lefver
315 416 33 17 och
360 416 57 16 vistas
429 416 7 16 i
448 416 107 17 landsorten
567 416 70 17 känner
649 416 30 17 till
691 416 23 17 de
727 418 48 15 stora
787 416 75 22 obehag,

108 447 39 17 ofta
169 447 136 21 oöfverstigliga
328 446 112 21 svårigheter
464 446 35 17 och
522 446 61 21 vädor,
607 446 87 17 hvarmed
715 446 67 17 vården
802 446 20 17 af
841 446 22 16 de

109 477 113 21 sinnessjuka
233 477 7 16 i
252 477 71 21 privata
341 476 39 17 hem
399 477 19 15 är
437 475 117 23 förknippad,
574 478 27 15 att
616 477 42 16 icke
676 476 38 17 tala
730 481 29 12 om
771 475 22 18 de
805 475 58 22 dryga

109 506 96 18 kostnader
223 511 37 12 som
278 505 103 22 härigenom
399 505 70 18 drabba
487 506 108 17 kommunen
612 506 34 17 och
662 506 35 17 den
709 506 90 20 enskilda,
811 505 52 17 hvar-

109 539 49 15 utom
170 536 51 17 dessa
233 535 156 22 beklagansvärda
401 536 55 21 sjuka
468 535 40 17 ofta
520 536 29 16 till
562 536 47 21 följd
620 536 21 17 af
652 537 28 16 sin
688 536 113 17 väldsamhet
808 535 56 17 mäste

109 566 118 18 underkastas
245 571 22 12 en
285 565 20 17 af
322 565 80 17 nödvärn
420 565 113 17 framkallad
553 567 61 20 sträng
632 566 33 17 och
678 566 56 17 omild
747 565 116 22 behandling,

109 596 76 17 hvilken
203 601 64 16 genom
285 595 51 17 deras
354 595 99 22 intagande
466 595 7 16 i
486 600 23 12 en
525 595 77 22 lämplig
614 596 69 16 anstalt
694 595 61 18 kunde
768 595 95 17 undvikas.

110 626 40 16 Allt
166 626 49 16 detta
230 625 85 22 behöfver
328 625 30 16 väl
372 625 14 21 ej
400 626 82 15 närmare
495 625 85 22 utläggas
593 625 48 17 inom
653 625 51 17 detta
715 625 58 21 ständ,
787 625 31 16 der
830 626 34 15 tro-

112 655 50 22 ligen
175 655 21 17 de
209 654 52 17 flesta
272 655 45 16 hvar
329 655 23 22 pä
364 655 28 16 sin
406 656 28 15 ort
447 654 57 17 hafva
517 655 47 16 varit
576 655 6 16 i
595 655 75 16 tillfälle
683 656 27 15 att
722 655 57 16 samla
787 659 22 12 en
817 659 48 16 sorg-

110 685 28 22 lig
150 685 100 17 erfarenhet
261 685 7 16 i
281 684 49 17 detta
342 684 162 21 behjertansvärda
516 684 118 17 förhållande.
660 685 34 16 För
706 685 52 16 dessa
770 684 95 21 olyckliga

111 715 82 20 varelser,
212 714 65 17 hvilka
295 714 38 17 ofta
351 716 43 15 utan
410 714 32 17 sitt
460 716 42 19 eget
518 714 112 17 förvällande
643 715 91 16 hemsökts
747 714 20 17 af
777 719 22 12 en
812 713 19 18 af
843 713 22 17 de

111 747 44 14 mest
167 744 155 22 beklagansvärda
338 744 109 21 sjukdomar,
460 744 35 17 har
508 745 47 16 ännu
569 744 61 17 alltför
642 744 42 17 litet
695 745 7 16 i
714 745 40 16 värt
766 743 44 18 land
822 743 42 17 blif-

111 775 28 16 vit
150 774 64 22 gjordt.
232 775 35 21 Jag
279 774 26 17 får
318 774 59 17 derför
388 774 93 17 vördsamt
494 774 96 17 hemställa
598 776 27 15 att
634 774 30 17 det
672 773 115 18 Hedorvärda
795 773 68 17 Bonde-

112 804 70 17 ständet
198 804 45 17 ville
260 803 96 22 godkänna
368 805 46 15 samt
426 803 30 17 till
469 803 125 22 vederbörligt
606 804 79 17 utskotts
697 803 112 22 behandling
821 803 43 16 hän-

111 835 40 16 visa
163 839 21 12 en
197 833 111 21 underdänig
320 833 75 22 petition
408 833 30 17 till
450 834 52 16 Hans
514 833 99 22 Kejserliga
625 834 82 21 Majestät
719 834 7 16 i
739 833 30 18 det
781 833 56 21 syfte:

289 869 26 18 att
333 869 28 17 det
378 868 53 18 måtte
446 868 96 23 fortsättas
553 869 8 18 i
573 869 34 18 den
618 869 86 23 riktning,
716 874 37 12 som
765 867 82 24 inslagits
858 868 8 17 i

253 898 73 23 enlighet
344 898 38 18 med
400 898 141 23 ofvannämnda
556 898 194 23 organisationsplanen
765 898 26 23 af
799 897 67 18 sinnes-

254 928 110 23 sjukvården,
382 929 46 17 samt
443 929 28 17 att
482 928 29 18 till
523 934 22 12 en
557 928 67 23 början,
638 928 30 18 och
680 928 20 18 sä
711 929 52 17 snart
774 933 37 13 som
823 927 44 23 möj-

254 958 37 23 ligt,
309 957 52 19 måtte
379 957 68 24 byggas
465 963 23 12 en
508 958 94 23 afdelming
609 958 37 23 för
657 958 83 18 kroniska
751 957 30 19 och
793 957 74 23 obotliga

254 987 110 24 sinnessjuka
381 987 40 18 med
438 987 85 24 omkring
538 989 41 16 200
591 987 103 24 sjukplatser
706 987 11 18 å
730 987 96 18 anstaltens
837 986 30 18 vid

255 1017 70 24 Kuopio
347 1017 76 21 område,
445 1017 92 22 hvarefter
555 1017 34 18 den
608 1017 87 18 tilltänkta
713 1016 154 19 centralanstalten

255 1047 30 18 vid
299 1047 120 23 Tammerfors
431 1047 55 18 måtte
498 1047 93 22 efterhand
602 1047 70 18 komma
684 1047 25 18 till
721 1047 62 21 stånd;

291 1076 89 23 äfvensom
398 1078 31 20 att,
452 1077 59 18 derest
523 1077 93 18 allmänna
627 1077 98 18 statsmedel
733 1077 36 23 för
781 1076 87 19 ändamä-

255 1106 23 19 let
289 1107 36 18 icke
336 1106 51 18 skulle
399 1107 61 22 finnas
472 1108 28 17 att
513 1107 54 22 tillgå,
577 1107 60 23 Nädig
643 1107 109 23 proposition
759 1106 53 18 måtte
816 1106 53 23 före-

255 1137 62 22 läggas
334 1137 215 18 nästsammanträdande
568 1137 76 18 Ständer
662 1136 90 23 angäende
773 1135 95 24 beviljande

256 1167 26 22 af
297 1166 20 18 de
333 1166 66 23 anslag,
416 1171 38 13 som
466 1166 65 18 kunna
543 1166 93 23 erfordras
648 1166 30 23 för
690 1167 23 17 ett
723 1167 52 17 snart
787 1165 30 18 och
827 1164 41 23 full-

256 1195 79 24 ständigt
349 1195 140 24 genomförande
510 1196 25 22 af
550 1196 34 18 den
602 1196 45 23 utaf
661 1195 102 19 Ständerna
774 1195 30 18 vid
816 1194 53 18 1877

256 1225 31 18 års
303 1225 85 24 landtdag
403 1225 98 24 godkända
514 1226 196 23 organisationsplanen
721 1225 30 23 för
763 1223 106 24 sinnessjuk-

257 1255 66 18 värden
335 1256 7 17 i
353 1255 64 18 landet.

222 1296 155 24 Helsingfors,
390 1297 34 18 den
437 1297 23 17 31
472 1296 86 19 Januari
570 1298 55 18 1885.

594 1356 23 23 B.
632 1356 25 22 E.
672 1356 125 23 Hollmerus.

187 1506 109 21 Allmänna
310 1506 186 20 Besvärsutskottets
513 1506 118 20 betänkande
647 1506 37 20 N:o
701 1507 18 19 6.
