1061 1717
805 102 24 20 17

106 160 67 26 sagda
195 158 138 22 betänkande
348 159 50 21 med
412 158 138 27 underdånig
565 158 109 26 anhållan,
691 160 32 19 att
739 158 118 22 detsamma

107 192 68 23 blefve
190 192 155 22 öfverlemnadt
364 192 34 22 till
414 192 95 22 Senaten
524 192 7 21 i
547 192 101 22 afseende
663 193 13 21 å
691 192 130 28 vidtagande
835 192 25 22 af

106 228 27 20 de
148 228 107 26 ätgärder,
270 226 33 22 till
321 226 72 23 hvilka
408 228 27 20 de
451 226 25 22 af
489 226 167 22 Statsutskottet
675 227 78 27 gjorda
767 227 89 21 erinrin-

105 268 39 21 gar
159 261 40 21 och
214 261 86 27 förslag,
315 261 69 22 såvidt
399 262 27 20 de
441 260 25 22 af
480 260 40 22 Oss
537 260 114 28 godkänts,
669 260 73 22 kunde
751 261 58 27 gifva
819 268 38 15 an-

106 296 94 27 ledning.

453 354 11 26 s
480 354 35 21 42.

176 400 10 20 I
208 398 117 28 anledning
347 399 24 21 af
384 399 40 21 Oss
440 398 99 28 förelagd
554 400 66 26 nädig
635 399 142 27 proposition,
792 400 64 27 angä-

107 435 54 20 ende
184 433 75 28 anslag
277 433 24 22 af
315 433 200 28 bevillningsmedel
537 433 33 22 för
587 434 159 21 folkskolornas
760 434 8 21 i
782 434 74 21 landet

107 468 120 26 underhåll,
248 468 65 21 hafva
335 467 40 27 Wi,
398 475 46 14 som
466 468 35 21 för
520 468 138 22 bestridande
674 468 24 22 af
710 468 147 22 kostnaderna

106 503 34 21 för
155 502 208 22 folkskoleväsendet
378 503 70 20 under
463 503 53 20 ären
532 503 62 26 1886,
611 503 53 22 1887
682 503 40 21 och
738 503 55 22 1888
808 503 50 22 fast-

108 537 51 22 stält
174 539 31 20 ett
220 537 75 27 anslag
307 537 24 21 af
338 537 134 21 ättahundra
479 537 175 22 femtiotvätusen
663 537 122 22 tvåhundra
795 537 62 22 mark

108 571 81 28 årligen
205 571 52 22 eller
271 571 157 28 sammanlagdt
443 572 38 21 två
496 571 99 28 miljoner
605 571 130 22 femhundra
744 572 113 21 femtiosex

109 610 62 18 tusen
186 606 121 21 sexhundra
322 605 66 27 mark,
404 606 80 21 hvaraf
497 606 55 21 dock
567 613 27 14 en
608 606 76 27 miljon
694 606 122 22 tvähundra
825 608 33 19 tu-

109 648 38 14 sen
161 640 62 22 mark
237 641 63 26 utgär
315 640 24 21 af
351 641 109 20 ordinarie
484 640 130 27 statsmedel,
630 640 89 28 beviljat
735 641 122 20 äterstoden

109 675 24 21 af
145 675 163 27 ifrägavarande
323 675 75 27 anslag
413 676 50 20 med
478 681 28 15 en
521 675 75 28 miljon
611 675 119 21 trehundra
744 675 114 21 femtiosex

109 712 63 19 tusen
194 709 121 21 sexhundra
337 709 67 26 mark,
426 709 92 22 hvarom
539 710 135 27 underdänig
696 709 111 22 skrifvelse
826 709 33 21 till

109 744 60 21 Hans
184 743 118 28 Kejserliga
317 743 101 28 Majestät
433 744 70 21 under
518 745 71 20 denna
604 745 42 26 dag
662 744 86 21 aflätits.

454 802 11 25 $
480 801 36 21 43.

178 847 74 22 Säsom
273 847 92 21 tillskott
387 847 33 21 till
435 847 168 22 militiefondens
618 847 107 21 ordinarie
739 847 120 21 inkomster

110 881 33 22 för
152 881 137 22 bestridande
305 881 24 22 af
340 881 148 22 kostnaderna
502 881 34 21 för
545 881 69 22 finska
625 881 108 22 militären
743 881 64 22 hafva
818 881 40 25 Wi,

110 917 49 20 med
180 915 154 22 föranledande
356 915 25 22 af
394 917 74 20 derom
483 915 35 22 till
533 915 40 22 Oss
587 915 80 22 afläten
683 916 65 27 nädig
763 915 96 28 proposi-

111 951 52 26 tion,
186 950 83 22 anvisat
285 951 77 21 under
376 950 175 27 treärsperioden
567 951 140 21 1886—1888
722 950 78 21 inalles
815 951 46 20 ätta

112 985 97 27 miljoner
219 985 119 27 sjuhundra
347 985 165 27 tjuguniotusen
520 985 131 21 ättahundra
658 985 127 27 fyratioätta
791 984 69 25 mark,

111 1020 150 21 motsvarande
277 1021 30 19 ett
323 1019 62 27 ärligt
400 1019 77 28 anslag
492 1019 26 22 af
528 1020 37 21 tvä
575 1019 99 28 miljoner
684 1019 123 22 niohundra
816 1018 45 22 nio-

111 1056 62 19 tusen
196 1053 121 22 niohundra
338 1053 114 28 fyrationio
476 1053 63 22 mark
560 1053 109 22 trettiotre
685 1054 71 27 penni,
772 1053 89 22 hvarom

112 1087 33 22 Wi
160 1088 32 21 uti
206 1087 113 22 skrifvelse
342 1087 24 22 af
387 1089 71 20 denna
474 1089 43 26 dag
532 1088 39 21 hos
586 1088 59 21 Hans
660 1088 121 28 Kejserliga
795 1087 65 28 Maje-

112 1123 43 20 stät
170 1122 8 21 i
192 1121 171 28 underdänighet
378 1122 90 21 anmält.

457 1181 11 26 s
484 1181 36 20 44.

181 1226 70 21 Sedan
270 1225 33 22 Wi
324 1226 24 21 af
367 1226 61 21 Hans
442 1225 123 28 Kejserliga
579 1226 102 28 Majestät
696 1225 41 22 fätt
752 1227 109 25 emottaga

112 1260 65 27 nädig
199 1260 140 27 proposition,
354 1261 112 26 angäende
483 1261 101 27 samtliga
599 1261 26 20 de
640 1261 36 20 vid
691 1260 132 27 landtdagen
838 1260 24 21 är

114 1294 54 22 1885
190 1294 81 22 äskade
293 1294 74 28 anslag
389 1295 41 21 och
452 1296 121 26 utvägarne
595 1295 33 21 till
646 1296 63 20 deras
723 1294 139 22 bestridande

113 1331 55 19 samt
184 1328 59 22 Wärt
259 1329 131 21 Statsutkott
405 1330 28 26 pä
447 1330 73 26 grund
535 1329 24 22 af
571 1331 11 25 $
595 1330 27 22 36
632 1330 7 20 i
649 1329 214 27 Landtdagsordnin-

112 1370 41 20 gen
169 1364 32 20 till
217 1363 40 22 Oss
272 1364 83 27 afgifvit
377 1364 141 21 betänkande
540 1364 7 21 i
571 1364 117 27 anledning
705 1363 25 22 af
743 1364 67 26 sagda
825 1364 36 20 nä-

113 1398 50 28 diga
186 1398 139 28 proposition,
347 1398 65 22 hafva
436 1398 38 27 Wi,
500 1399 28 27 pä
551 1400 42 20 sätt
617 1398 50 22 Wär
686 1399 70 20 denna
772 1398 42 26 dag
829 1397 33 21 till

784 1438 10 16 2
