1061 1717
229 88 375 24 Petitionsbetänkande
619 89 54 23 N:o
690 88 37 22 11.

316 268 134 23 Allmänna
472 268 263 23 Besvärsutskottets
758 267 95 23 betän-

281 304 91 23 kande
394 304 38 23 N:o
457 304 27 22 10
508 304 46 22 med
577 304 117 28 anledning
714 304 26 22 af
753 304 31 22 ett
799 303 54 22 inom

281 340 157 30 Ridderskapet
453 340 39 22 och
507 340 70 22 Adeln
592 340 65 22 väckt
672 338 182 31 petitionsförslag

281 383 31 16 om
333 376 135 23 anställande
490 377 26 22 af
537 383 25 16 en
581 377 76 22 läkare
676 376 67 22 såsom
766 375 87 23 medlem

281 413 25 22 af
319 413 218 28 skolöfverstyrelsen.

175 474 82 22 Genom
279 475 202 27 protokollsutdrag
497 474 24 22 af
535 475 41 21 den
593 475 26 21 31
637 474 91 21 Januari
745 474 40 21 har
800 473 52 27 hög-

103 509 73 28 lofliga
191 511 160 27 Ridderskapet
367 511 39 21 och
422 510 70 22 Adeln
509 510 33 21 till
559 510 110 22 allmänna
680 509 173 22 besvärsutskot-

103 548 43 20 tets
162 547 132 28 behandling
310 547 124 22 remitterat
448 547 95 26 följande
560 546 228 27 petitionsmemorial:

210 607 47 16 Till
271 607 142 22 Höglofliga
425 607 176 21 Ridderskapet
614 607 40 16 och
667 606 80 17 Adeln.

175 649 26 16 En
220 649 51 21 hvar,
284 654 37 11 som
339 648 40 17 haft
398 648 75 17 tillfälle
486 650 27 15 att
526 648 55 17 under
594 649 56 21 några
663 648 51 17 tiotal
728 648 19 16 år
760 647 95 23 uppmärk-

103 681 46 14 samt
167 679 82 21 iakttaga
268 679 30 16 det
311 679 119 22 uppväxande
442 678 77 22 slägtets
533 679 31 16 och
577 679 7 16 i
596 678 96 21 synnerhet
705 677 150 22 skolungdomens

104 708 70 21 fysiska
186 709 111 21 utveckling,
305 709 55 16 måste
373 708 54 17 hafva
440 709 75 16 kommit
528 708 28 17 till
570 708 34 17 den
618 708 125 21 öfvertygelse,
751 709 26 16 att
790 707 65 22 slägtet

104 738 110 22 småningom
226 738 97 22 försvagas.
349 739 33 16 För
395 738 61 21 hvarje
470 738 20 17 år
502 743 48 17 yppa
563 739 28 21 sig
602 737 56 18 bland
670 737 143 22 skolungdomen
822 737 34 16 allt

105 768 41 17 flere
159 768 33 17 fall
204 768 21 17 af
235 768 95 20 blodbrist,
344 768 121 21 öfverretning
478 768 20 17 af
509 770 135 19 nervsystemet,
651 767 111 22 närsynthet,
770 767 86 17 kröknin-

104 803 32 16 gar
148 797 19 18 af
179 797 101 22 ryggraden
293 798 32 17 och
338 798 56 17 andra
406 797 90 18 lidanden.

176 828 77 17 Barnens
266 827 88 18 föräldrar
367 828 55 21 klaga
432 827 50 17 öfver
490 827 180 22 öfveransträngning
680 827 5 16 i
694 827 91 17 skolorna.
805 826 50 17 Skol-

104 857 54 17 råden
172 858 44 16 söka
229 858 75 17 orsaken
318 858 6 16 i
337 857 62 22 ärftlig
412 857 76 22 svaghet
501 857 33 17 och
546 857 25 17 fel
582 858 4 15 i
594 857 76 17 barnens
680 857 104 22 uppfostran
794 857 6 16 i
809 856 46 17 hem-

104 893 45 12 men,
174 888 102 21 Sanningen
289 887 50 17 torde
353 887 30 17 väl
396 887 50 22 ligga
459 887 45 16 midt
518 887 75 17 emellan
606 887 52 16 dessa
670 887 72 21 äsigter,

176 917 63 17 Denna
257 917 52 22 fråga
327 919 20 14 är
365 917 101 17 emellertid
485 917 20 16 af
516 922 22 11 en
551 917 77 21 ofantlig
642 917 44 22 vigt,
700 916 32 17 och
745 916 28 17 alt
785 916 72 21 möjligt

105 947 56 16 måste
179 947 102 22 uppbjudas
295 947 28 16 för
335 948 27 15 att
374 947 18 16 åt
405 946 95 17 samhället
513 947 28 16 må
554 946 101 22 uppfostras
667 946 63 20 friska,
744 946 53 16 raska
810 945 46 16 med-

104 977 74 21 borgare
192 977 32 16 och
237 976 162 22 medborgarinnor,
413 981 39 12 men
465 976 41 17 icke
519 976 129 22 krymplingar.
674 976 33 17 Det
720 981 42 11 vore
775 975 26 17 för
811 980 46 16 myc-

104 1007 32 16 ket
149 1006 86 21 fordradt,
248 1008 26 15 att
287 1006 177 20 skolinspektorerne
477 1005 33 16 och
524 1005 95 16 skolråden
633 1005 60 16 skulle
705 1006 36 20 äga
753 1010 36 15 nog
801 1005 56 20 insigt

105 1034 26 16 uti
146 1033 118 18 helsovärden
283 1044 22 2 —
325 1039 21 12 en
362 1034 99 17 medicinsk
474 1034 99 21 vetenskap
587 1043 22 2 —
623 1033 27 17 för
662 1035 27 15 att
701 1034 62 16 kunna
776 1033 81 22 afhielpa

104 1063 38 16 alla
155 1063 22 17 de
189 1064 65 21 mänga
267 1064 77 20 orsaker,
358 1069 36 11 som
406 1063 98 17 framkalla
518 1063 29 17 det
560 1063 52 18 onda.
637 1064 25 16 De
676 1063 67 21 läkare,
757 1063 64 17 hvilka
833 1064 24 21 pä

104 1093 62 16 skilda
184 1095 47 14 orter
249 1093 72 16 biträda
339 1093 96 17 skolräden
452 1093 39 17 med
504 1094 40 16 sina
556 1093 37 20 råd,
606 1094 31 16 äro
650 1093 19 16 af
680 1093 176 22 tjensteäligganden

105 1122 32 16 och
151 1122 20 17 af
182 1122 34 17 den
229 1122 27 17 för
276 1123 51 16 deras
347 1123 78 16 utkomst
444 1123 116 22 nödvändiga
575 1123 111 17 medicinska
704 1123 98 22 praktiken
819 1123 38 16 hin-

104 1152 55 17 drade
172 1154 26 15 att
211 1154 55 15 annat
279 1154 21 15 än
310 1152 73 22 flygtigt
393 1158 45 16 egna
450 1153 60 21 nägon
524 1153 67 16 timmes
604 1153 158 22 uppmärksamhet
774 1153 19 16 ät
804 1154 53 15 stats-

104 1182 93 17 skolornas
217 1182 123 22 hushållning,
353 1184 27 15 att
398 1183 40 16 icke
458 1183 37 16 tala
508 1188 28 11 om
549 1183 38 16 alla
598 1183 72 22 privata
683 1183 89 20 läroverk,
786 1183 73 20 hvilka,

103 1211 49 17 hvad
165 1211 117 18 helsovården
299 1212 89 21 beträffar,
401 1212 31 17 till
448 1217 22 12 en
487 1214 38 15 stor
537 1213 30 16 del
580 1214 30 15 äro
622 1213 49 16 utom
684 1212 25 17 all
722 1212 85 17 kontroll.

175 1242 34 16 Det
221 1247 42 12 vore
277 1242 47 17 dock
336 1242 112 21 nödvändigt
461 1244 27 15 att
500 1247 23 12 en
535 1243 67 20 läkare,
614 1247 21 12 en
648 1242 97 22 specialist,
752 1242 61 17 skulle
821 1243 35 20 äga

104 1273 35 15 rätt
158 1271 33 17 och
209 1271 108 23 skyldighet
335 1273 27 15 att
380 1271 99 18 öfvervaka
498 1272 95 22 hygienen,
606 1272 40 17 icke
659 1271 77 18 allenast
749 1272 27 16 uti
789 1273 66 16 statens

103 1302 89 20 läroverk,
205 1303 44 15 utan
268 1302 33 16 ock
321 1302 6 16 i
340 1302 36 16 alla
388 1302 76 21 privata,
478 1302 20 16 af
509 1304 58 15 staten
580 1302 121 17 understödda
713 1302 45 16 eller
771 1302 84 16 autorise-

103 1331 42 17 rade
157 1331 66 17 skolor.
249 1332 40 16 Han
307 1331 60 21 borde,
380 1331 28 17 för
426 1333 27 15 att
462 1332 34 21 jag
509 1332 64 17 endast
585 1332 28 16 må
626 1331 62 17 anföra
700 1332 56 21 några
769 1332 85 21 exempel,

102 1366 19 12 se
133 1361 36 20 till,
182 1363 27 14 att
227 1361 92 17 elevernas
338 1362 49 16 antal
400 1362 6 16 i
421 1362 25 16 ett
459 1361 89 17 klassrum
561 1362 53 16 måtte
627 1362 69 21 lämpas
709 1361 44 17 efter
770 1363 83 15 rummets

103 1390 145 22 kubikinnehåll,
261 1393 27 14 att
306 1391 129 17 ventilationen
454 1396 42 12 vore
514 1391 106 21 tillräcklig,
636 1393 26 15 att
675 1391 94 17 klasserna
781 1396 42 12 vore
835 1391 19 16 så

103 1420 94 19 inrättade,
210 1422 27 15 att
255 1420 63 22 hvarje
337 1420 39 17 elev
392 1421 24 21 på
428 1421 27 16 sin
469 1421 47 21 plats
530 1421 47 21 finge
589 1421 110 21 tillräckligt
712 1420 82 22 dagsljus
807 1420 46 17 ifrån

101 1450 76 16 fönstret
185 1450 33 16 och
227 1455 28 11 om
264 1450 72 17 aftonen
349 1455 35 17 nog
393 1450 107 22 konstgjord
513 1450 115 22 upplysning,
640 1452 26 15 att
674 1450 129 18 läroböckerna
812 1455 41 11 vore

172 1486 105 20 Allmänna
295 1488 183 18 Besvirsutskottets
495 1487 125 19 Betänkande
636 1487 38 20 N:o
690 1488 31 18 10.
