1061 1717
339 103 239 25 Petitionsbetänkande
593 105 37 23 N:o
645 104 35 23 31.
817 106 27 21 21

125 168 57 22 Från
205 169 60 22 olika
287 170 61 22 delar
370 170 24 22 af
410 171 49 21 vårt
474 171 52 21 land
541 171 65 22 hafva
621 171 119 28 petitioner
755 177 36 16 om
806 170 70 22 finska

125 204 84 22 skolors
232 206 145 26 upprättande
392 206 73 22 blifvit
480 206 127 23 framburna
627 208 50 21 med
692 214 27 15 en
736 206 140 28 enhällighet,

125 246 48 16 som
196 241 19 27 ej
237 241 82 22 tillåter
334 243 67 26 något
416 242 133 22 tvifvelsmål
564 249 35 15 om
615 244 35 20 att
664 244 65 21 dessa
745 242 132 27 önskningar

124 276 112 28 värkligen
254 277 71 22 uttala
340 279 34 22 ett
389 278 7 21 i
413 278 26 22 de
454 278 170 22 vidsträcktaste
639 278 86 22 kretsar
741 278 24 22 af
773 280 48 20 vårt
831 278 46 22 folk

125 312 63 27 djupt
217 312 70 22 kändt
313 313 67 22 behof
405 314 40 22 och
472 314 52 22 ökas
553 314 166 28 ifrågavarande
748 314 129 27 önsknings-

126 347 56 22 måls
204 348 111 28 betydelse
338 349 24 21 af
383 350 37 21 det
436 356 48 15 som
500 350 49 21 bäst
565 350 69 22 under
648 350 121 27 beredning
783 350 95 22 varande

125 384 104 28 förslaget
251 384 35 22 till
308 386 179 27 värnepligtslag,
508 386 83 22 hvilket
612 387 24 21 åt
651 386 27 22 de
693 386 121 28 ynglingar,
831 391 46 16 som

127 420 87 22 erhållit
241 418 153 31 skolbildning,
423 421 121 28 medgifver
567 424 60 20 stora
649 422 229 27 förmänsrättigheter

125 455 90 23 framför
231 457 56 28 dem,
303 463 46 16 som
366 458 19 27 ej
402 458 91 27 ätnjutit
509 457 177 28 undervisning.

196 511 69 22 Innan
275 512 109 22 utskottet
399 512 111 27 öfvergick
521 512 34 22 till
565 512 160 27 behandlingen
737 511 24 22 af
769 512 27 21 de
807 511 72 22 skilda

126 546 221 29 petitionsförslagen,
371 549 68 26 ansäg
460 548 38 21 det
521 548 77 27 nödigt
620 549 34 20 att
677 547 110 22 fastställa
807 547 71 26 nägon

127 582 80 22 allmän
230 583 91 27 princip,
345 583 69 28 enligt
436 583 89 22 hvilken
549 585 37 20 det
607 584 74 21 kunde
696 583 93 22 bedöma
804 582 75 27 hvarje

127 617 68 23 skildt
217 619 46 26 fall,
286 619 39 22 och
351 619 7 22 i
378 619 60 22 detta
454 619 57 28 syfte
526 619 88 28 gjordes
630 619 7 22 i
654 619 49 22 dess
719 618 104 22 slutkläm
840 617 39 22 föl-

125 654 66 27 jande
207 654 90 27 förslag:

197 703 48 26 yätt
259 702 258 22 elementarläroverkens
528 702 235 27 undervisningsspräk
773 701 37 22 vid
821 701 58 22 skol-

128 737 115 22 väsendets
263 737 150 28 organisering
429 737 6 22 i
452 737 118 23 framtiden
587 739 69 21 mätte
671 738 134 21 bestämmas
820 736 60 22 säväl

127 773 50 22 med
200 773 101 22 afseende
322 775 13 20 ä
351 774 37 21 det
403 774 34 27 sig
452 773 127 23 företeende
594 773 221 28 bildningsbehofvet,
832 778 47 16 som

128 809 41 21 ock
191 809 7 21 i
222 808 224 23 öfverensstämmelse
471 810 51 21 med
545 810 38 21 det
607 810 72 27 spräk,
704 815 46 16 som
767 809 38 22 det
820 810 60 20 stora

128 843 93 23 flertalet
243 844 24 22 af
285 845 42 22 den
343 845 167 27 kringliggande
525 845 91 27 nejdens
632 845 128 27 befolkning
775 844 64 27 talar,
855 845 25 20 sä

128 882 34 20 att
185 880 7 21 i
214 879 70 23 finska
304 881 133 21 landsändar
456 880 79 28 finska,
552 881 7 21 i
576 881 94 21 svenska
685 881 132 21 landsändar
833 881 48 20 äter

128 916 92 21 svenska
243 916 74 21 skolor
339 917 69 20 mätte
429 916 101 27 inrättas,
552 923 49 14 men
622 917 34 20 att
672 916 99 21 deremot
787 915 6 21 i
810 916 70 20 större

128 951 79 26 städer,
223 953 58 20 samt
296 951 34 22 för
345 951 67 27 öfrigt
428 952 38 21 der
477 951 108 22 blandade
597 951 219 27 spräkförhällanden
827 950 53 21 räda

129 987 40 21 och
191 989 80 19 tvänne
293 987 100 22 läroverk
416 987 54 21 bära
494 987 40 27 sig,
551 987 74 22 skolor
640 986 24 22 af
677 987 118 21 hvartdera
811 985 70 27 slaget

129 1023 68 21 måtte
220 1023 149 27 uppehällas''.
400 1023 51 22 Med
472 1023 117 27 anledning
607 1022 25 22 af
645 1023 27 22 de
688 1023 7 21 i
710 1024 69 25 några
793 1021 88 28 petitio-

128 1065 39 15 ner
196 1058 128 22 framstälda
349 1059 111 26 yrkanden
484 1060 45 21 att
541 1058 248 22 elementarläroverken
813 1058 68 21 måtte

127 1093 68 22 blifva
217 1095 92 20 svenska
331 1095 41 21 ock
392 1094 71 22 finska
486 1094 8 21 i
515 1094 127 27 proportion
658 1094 34 21 till
708 1093 73 22 antale
797 1093 24 22 af
834 1093 47 21 lan-

129 1130 48 21 dets
199 1129 69 28 bägge
291 1130 147 27 folkelement,
457 1129 96 28 föreslog
568 1130 110 21 utskottet
693 1130 123 21 dessutom:
833 1128 49 21 "att

129 1165 26 22 de
171 1165 74 22 härom
262 1166 76 27 gjorda
352 1166 128 27 yrkandena
494 1165 48 22 icke
558 1166 69 21 mätte
643 1165 25 22 af
682 1165 122 22 Ständerna
814 1164 68 21 varda

129 1201 136 27 godkända'..

198 1248 11 21 I
225 1248 96 27 enlighet
336 1249 50 20 med
402 1248 64 21 dessa
482 1248 111 21 allmänna
608 1248 142 27 grundsatser
766 1247 39 22 och
817 1246 64 21 "med

129 1283 95 22 särskild
246 1284 83 27 hänsyn
352 1283 34 22 till
410 1284 124 22 dåvarande
555 1283 79 23 behof'
654 1283 95 27 föreslog
765 1282 117 27 utskottet,

130 1319 55 22 efter
203 1320 133 26 granskning
352 1319 23 22 af
389 1320 27 21 de
431 1319 126 28 petitioner,
574 1325 46 16 som
637 1319 117 21 inlämnats
770 1317 112 28 angäende

131 1355 26 21 de
173 1354 59 22 olika
247 1355 109 27 skolorna,
373 1356 33 20 att
422 1355 123 21 Ständerna
560 1355 71 21 skulle
647 1354 74 22 förena
737 1354 34 27 sig
787 1354 87 21 därom:

199 1404 49 25 »att
263 1402 37 22 det
315 1402 71 22 finska
400 1402 143 27 privatlyceet
559 1402 7 21 i
577 1402 143 27 Helsingfors,
732 1401 51 22 med
799 1400 85 22 fästadt

130 1437 101 22 afseende
245 1438 80 27 jämväl
341 1439 13 20 &
370 1438 49 32 dess
436 1438 143 27 principalers
595 1438 83 21 önskan
694 1438 69 20 mätte
779 1436 102 26 antingen

199 1486 106 19 Allmänna
320 1486 184 20 Besvärsutskottets
520 1485 116 20 betänkande
650 1485 38 20 N:o
704 1484 32 20 21.
