1061 1717
258 102 13 20 6
429 95 239 27 Petitionsbetänkande
682 100 41 23 N:o
737 100 36 24 32.

227 173 48 20 tens
291 171 117 28 samtidiga
423 171 141 23 bedrifvande
580 170 7 22 i
603 170 160 22 vidsträcktare
773 169 89 29 omfång
873 171 39 22 och
922 170 54 28 möj-

226 207 59 28 ligen
309 207 111 28 åtskilliga
444 208 82 22 sådana
545 209 38 20 äro
598 209 34 21 att
648 207 128 28 fullbordas,
793 206 66 22 innan
875 207 33 23 Ii&
922 206 33 23 älf
968 206 7 22 i

226 244 61 22 detta
311 243 101 23 afseende
435 244 43 22 kan
499 244 88 22 komma
602 244 8 21 i
626 244 87 27 åtanke,
729 243 86 22 hvadan
830 243 72 23 älfven
917 246 58 19 ännu

225 287 27 15 en
276 280 51 28 lång
350 280 33 22 tid
405 281 88 22 komme
512 282 33 20 att
560 280 102 22 förblifva
677 280 7 22 i
701 280 40 22 sitt
755 280 135 22 närvarande
905 279 69 27 skick,

223 317 41 22 har
279 317 109 22 utskottet
404 316 72 23 därför
492 318 74 21 ansett
581 323 27 15 en
624 317 77 27 åtgärd
717 317 49 21 från
781 317 129 22 ständernas
926 316 48 22 sida

223 352 34 23 till
274 346 84 29 förmån
374 353 33 22 för
422 354 72 22 denna
509 352 144 28 inbyggarnes
669 352 65 28 kring
748 352 33 23 Tiä
791 352 32 22 älf
831 352 142 23 ekonomiska

223 388 110 23 förkofran
357 390 25 22 så
405 392 54 20 nära
482 389 93 22 rörande
598 388 158 28 angelägenhet
778 395 53 15 vara
853 388 24 22 af
893 389 78 21 nöden.

222 425 50 23 Med
295 426 83 28 hänsyn
401 426 104 27 slutligen
528 425 74 22 därtill
626 427 40 26 att,
690 426 72 21 såsom
779 425 64 22 ofvan
858 425 112 28 påpekats,

221 461 50 22 hela
295 463 40 20 den
359 462 142 27 vidsträckta,
524 462 7 22 9
547 462 93 21 socknar
656 461 135 22 omfattande
806 462 85 27 bygden
906 461 65 28 kring

221 498 164 28 ifrågavarande
401 498 32 22 älf
446 498 35 22 för
496 497 48 23 sina
559 497 215 22 kommunikationer
789 497 180 28 hufvudsakligen

220 536 25 20 är
260 534 106 22 hänvisad
382 534 34 22 till
431 536 152 26 vattenvägen,
599 534 40 22 har
654 534 111 22 utskottet
780 536 73 20 ansett
869 535 33 27 sig
916 535 53 21 böra

219 570 34 22 till
277 570 158 28 petitionärens
459 570 81 28 förslag
559 572 52 26 göra
627 571 37 22 det
680 570 77 28 tillägg
772 572 34 21 att
821 571 42 22 den
878 570 90 23 afsedda

217 607 132 28 rensningen
364 608 69 21 måtte
448 607 110 28 företagas
574 607 7 22 i
597 607 57 27 syfte
669 608 34 21 att
718 608 28 26 pä
760 607 33 22 Tiä
803 607 33 22 älf
844 607 124 23 underlätta

217 643 63 22 äfven
297 643 143 22 samfärdseln
456 644 50 21 med
522 643 69 22 båtar.

291 680 32 21 Pä
342 680 70 27 grund
430 679 24 22 af
467 679 57 22 hvad
540 679 64 22 ofvan
620 679 84 22 anförts
719 679 34 22 fär
768 680 109 22 utskottet
892 680 74 23 därför

216 717 112 21 vördsamt
343 715 79 23 föreslä
438 716 38 22 det
491 716 86 21 landets
593 715 117 28 höglofliga
726 716 89 22 ständer
830 716 50 23 ville
890 716 75 23 förena

215 752 34 28 sig
265 759 34 15 om
316 759 27 15 en
358 752 136 27 underdänig
509 752 93 27 petition
618 752 8 22 i
642 752 56 27 syfte

394 801 32 21 att
444 799 134 29 regeringen,
593 806 45 15 som
653 799 55 28 efter
723 799 57 22 hvad
795 800 119 23 ständerna
930 801 34 22 in-

356 835 87 27 hämtat,
459 835 69 22 redan
543 835 84 22 beaktat
640 835 42 22 den
692 836 59 21 stora
761 834 119 29 betydelsen
890 836 30 28 af
926 836 38 23 Tiä

356 871 44 28 älfs
414 871 158 28 upprensning,
583 870 55 28 ville,
649 871 25 22 sä
684 872 61 21 snart
754 871 209 29 omständigheterna

356 907 35 22 det
413 907 79 27 tilläta,
511 907 90 28 vidtaga
622 906 103 29 ätgärder
739 907 10 22 i
763 907 57 28 syfte
835 909 33 20 att
882 908 80 23 under-

356 943 55 22 lätta
426 943 62 22 säväl
502 943 178 28 stockflöiningen
695 949 44 16 som
757 943 143 28 samfärdseln
915 944 47 22 med

354 979 62 22 båtar
426 979 33 28 pä
473 978 172 29 ifrågavarande
659 979 40 28 älf.

284 1070 138 23 Beträffande
437 1071 122 28 petitionen
575 1077 34 16 om
626 1077 27 16 en
669 1072 164 27 undersökning
848 1072 24 24 af
881 1073 27 22 de
916 1073 42 22 för-

208 1107 118 22 hällanden
342 1113 46 16 som
404 1107 34 22 uti
451 1107 55 27 Apia
521 1107 41 22 och
575 1107 147 22 Valkeakoski
733 1107 70 22 forsar
813 1108 58 23 välla
881 1109 77 22 hinder

209 1143 34 22 för
259 1142 100 29 trafiken,
375 1143 40 22 har
430 1143 110 22 utskottet
555 1143 106 22 likaledes
677 1144 57 21 varit
749 1143 7 22 i
765 1143 87 24 tillfälle
863 1146 34 21 att
907 1147 51 26 taga

207 1179 124 23 kännedom
354 1185 36 16 om
412 1179 163 22 vederbörande
596 1179 213 28 fackmyndigheters
830 1181 127 22 utlåtanden

207 1215 40 22 och
263 1215 77 22 härvid
355 1215 73 22 funnit
444 1215 26 22 de
486 1214 153 29 öfverklagade
654 1215 152 24 förhållanden
823 1218 34 21 stå
870 1217 7 22 i
888 1217 68 22 öfver-

205 1251 167 22 ensstämmelse
388 1251 50 22 med
454 1251 157 28 petitionärens
622 1251 169 28 främställning.
815 1252 33 22 Då
858 1253 98 22 emeller-

204 1287 34 23 tid
260 1283 101 37 därjemte
374 1283 53 37 -till
434 1287 120 22 utskottets
569 1287 123 23 kännedom
708 1288 93 22 kommit
817 1290 33 21 att
865 1291 91 21 senaten

204 1324 34 21 uti
262 1322 114 23 skrifvelse
397 1323 24 22 af
440 1324 41 22 den
497 1324 14 22 6
527 1323 96 22 februari
639 1324 59 22 1879
713 1324 60 28 ålagt
789 1325 165 29 öfverstyrelsen

203 1359 35 22 för
254 1361 50 25 väg-
320 1359 40 22 och
370 1360 319 22 vattenkommunikationerna
700 1362 32 20 att
743 1361 83 28 årligen
836 1362 46 22 låta
892 1363 62 21 verk-

200 1395 70 22 siällä
291 1394 164 28 undersökning
478 1395 40 22 och
540 1395 81 28 afoifva
643 1396 118 23 berättelse
785 1399 111 26 angående
920 1400 33 21 uti

203 1430 72 22 denna
297 1430 69 22 farled
390 1431 34 27 sig
446 1431 100 27 yppande
562 1430 145 24 trafikhinder
721 1432 40 22 och
778 1433 63 22 deras
853 1434 99 29 orsaker,

202 1468 59 20 samt
276 1468 33 20 att
325 1466 96 23 därefter
436 1467 33 21 till
486 1469 90 20 senaten
592 1467 113 23 inkomma
720 1469 50 21 med
784 1469 41 22 den
836 1469 116 24 framställ-

270 1508 107 22 Allmänna
393 1510 183 20 Besvärsutskottets
591 1510 118 21 betänkande
724 1512 38 20 N:o
777 1512 36 20 22.
