1061 1717
225 96 14 22 2
343 93 16 1 =
378 85 8 47 —
400 89 239 33 Petitionsbetänkande
653 101 39 22 N:o
707 99 36 23 38.

195 162 32 18 det
240 167 45 14 vore
297 164 75 23 möjligt
390 167 28 16 att
437 166 89 22 begagna
538 166 158 23 arbetsritningar
707 165 43 18 med
763 164 86 19 rubriker
862 165 34 18 och
909 165 37 18 för-

194 190 97 24 klaringar
303 194 25 21 pä
339 194 82 18 nämnda
434 195 62 22 spräk.
521 195 101 24 Sjelffallet
634 196 21 17 är
668 195 96 24 derjemte,
777 196 29 16 att
813 195 56 18 dessa
876 195 70 21 skolor,

195 220 30 19 för
242 224 30 16 att
289 222 44 18 icke
348 225 45 21 taga
406 224 31 18 för
448 225 80 23 mycken
541 225 28 17 tid
582 226 44 17 bort
638 225 40 18 från
695 225 36 17 den
744 224 99 23 praktiska
856 224 89 24 öfningen

194 250 5 18 i
217 251 62 23 yrket,
297 253 48 17 böra
363 256 45 20 taga
424 254 42 18 sina
478 254 71 18 elevers
561 255 29 17 tid
603 255 5 17 i
621 254 82 23 anspräk
716 254 68 18 endast
797 260 22 12 en
833 254 45 18 eller
890 254 56 23 högst

194 286 34 16 par
240 280 75 20 timmar
328 287 29 13 om
370 283 67 23 dagen,
450 286 13 15 t.
478 290 27 12 ex.
519 284 60 18 under
591 284 157 18 aftonstunderna
756 284 36 18 och
802 284 90 24 derjemte
899 284 46 24 möj-

193 310 50 23 ligen
263 316 30 13 om
312 313 83 23 söndags
414 313 179 24 eftermiddagarne,
609 314 122 23 hvarigenom
744 314 23 18 de
781 314 78 18 sälunda
871 314 74 18 komme

193 342 29 16 att
239 341 84 22 gestalta
340 342 30 23 sig
382 343 40 18 dels
435 348 40 13 som
488 344 90 23 söndags,
592 344 40 18 dels
646 350 39 12 som
698 344 125 22 aftonskolor,
837 346 48 16 samt
897 344 6 17 i
916 349 28 13 se-

192 375 45 13 nare
256 370 35 18 fall
303 372 93 18 måhända
409 373 54 23 gifva
476 375 27 17 ett
515 374 114 18 konkretare
642 374 35 18 och
691 380 51 12 mera
755 374 96 22 praktiskt
863 373 81 19 innehåll

192 400 20 17 åt
224 400 23 18 de
261 400 6 18 i
279 402 10 20 $
303 401 34 18 109
349 402 23 18 af
382 403 238 24 Folkskoleförordningen
633 404 116 18 föreskrifna
761 404 149 18 aftonskolorma.

263 431 28 18 Pä
303 432 60 22 grund
376 432 22 19 af
409 433 137 20 ofvanstäende
559 434 29 19 fär
598 435 36 24 jag
646 435 79 18 sälunda
739 434 74 23 föreslä,

370 469 26 18 att
413 470 105 18 nuvarande
535 471 116 18 ständermöte
668 470 39 19 ville
725 469 58 24 afläta
801 476 21 12 en
831 470 75 23 petition
918 469 27 18 till

335 499 99 22 regeringen
446 499 8 18 i
466 499 28 18 det
505 500 48 23 syfte
565 501 26 17 att
602 501 102 22 regeringen
715 500 52 23 ginge
779 500 8 17 i
797 499 110 24 författning
915 505 28 12 om

334 529 110 18 inrättandet
455 529 8 18 i
474 529 36 18 alla
521 529 60 19 städer
592 530 26 23 af
627 530 61 23 afton-
700 525 30 32 och
737 529 136 24 söndagsskolor,
879 529 63 22 hvilka,

331 559 106 23 grundande
454 559 28 23 sig
497 559 27 24 pä
536 559 110 23 folkskolans
653 559 111 24 föregående
776 559 110 20 verksamhet,
898 559 45 18 hade

333 589 26 18 till
377 589 86 18 ändamål
479 590 26 17 alt
520 589 27 24 pä
562 589 108 24 lämpligaste
686 590 35 17 sätt
736 589 59 18 lemna
807 589 33 18 den
853 589 90 23 blifvande

333 619 132 18 handverkaren
484 619 69 22 tillfälle
571 619 27 18 till
616 619 111 18 inhemtande
745 618 24 23 af
782 618 21 19 de
814 619 7 18 i
833 619 52 18 deras
896 618 46 18 verk-

333 648 70 22 samhet,
412 649 36 22 för
460 648 30 19 och
499 649 53 22 jemte
563 649 175 24 yrkesskickligheten,
751 648 74 18 särkildt
830 648 113 23 nödvändiga

333 678 98 23 kunskaper
442 678 31 18 och
483 677 113 24 färdigheter.

260 713 39 23 Jag
312 714 54 17 utber
378 713 39 23 mig
429 714 169 22 Borgareståndets
611 714 113 18 medverkan
739 713 61 18 härtill
810 719 67 18 genom
886 713 53 18 detta

190 741 197 23 petitionsmemorials
400 743 140 24 hänskjutande
553 743 28 18 till
594 745 116 21 gemensamt
723 743 79 18 utskott.

261 784 153 23 Helsingfors
427 785 36 18 den
476 785 11 17 2
500 785 54 18 Febr.
569 784 50 19 1885.

660 839 25 21 A.
702 838 24 22 H.
743 837 122 29 Chydenius.

258 991 42 22 Vid
323 992 163 29 handläggning
508 993 24 22 af
551 994 147 27 föreliggande
720 993 219 28 petitionsmemorial

186 1027 39 21 har
247 1027 35 21 till
304 1028 119 21 utskottets
447 1029 122 22 kännedom
591 1029 99 24 kommit,
711 1031 35 19 att
767 1029 109 27 Styrelsen
892 1035 47 16 som

185 1063 50 21 bäst
258 1064 47 21 stär
320 1063 7 21 i
343 1063 95 28 begrepp
460 1066 34 20 att
515 1065 87 27 vidtaga
622 1065 81 27 nödiga
718 1065 103 26 ätgärder
836 1064 34 22 för
885 1071 53 20 upp-

185 1099 102 22 rättande
310 1099 25 21 af
353 1105 17 15 s.
391 1100 21 21 k.
429 1100 215 28 handtverksskolor,
668 1100 87 22 hvilkas
771 1100 101 21 ändamäl
887 1107 52 14 vore

184 1136 33 19 att
233 1135 65 20 träda
314 1134 7 21 i
337 1135 26 21 de
379 1136 125 21 nuvarande
520 1136 102 27 söndags-
634 1137 40 20 och
685 1135 178 22 aftonskolornas
874 1136 64 21 ställe

184 1172 57 19 samt
266 1171 23 20 ät
312 1171 48 21 sina
383 1171 71 22 elever
479 1171 100 28 bibringa
598 1172 82 21 sådana
703 1171 98 27 insigter,
828 1177 46 16 som
900 1174 38 19 äro

183 1205 108 28 behöfliga
313 1206 34 22 för
369 1207 167 22 handtverkare.
567 1208 71 21 Dessa
661 1207 75 22 skolor
759 1207 70 21 skulle
850 1207 88 22 komma

182 1242 33 20 att
231 1242 35 21 stä
281 1242 70 21 under
367 1241 213 29 industristyrelsens
596 1243 165 22 öfverinseende
777 1243 40 20 och
833 1242 67 22 blifva
916 1243 24 21 af

182 1278 80 20 tvänne
286 1277 54 27 slag,
361 1277 60 27 lägre
442 1278 40 22 och
498 1279 73 27 högre.
602 1278 62 22 Hvad
680 1278 115 22 skolornas
811 1277 126 23 läroämnen

182 1312 145 28 vidkommer,
343 1314 63 20 torde
422 1314 94 27 afsigten
531 1320 53 15 vara
599 1316 33 20 att
649 1314 6 21 i
672 1314 26 21 de
715 1314 60 26 lägre
787 1314 99 21 meddela
898 1320 39 15 un-

182 1348 126 27 dervisning
323 1348 8 22 i
346 1348 89 28 ritning,
451 1350 99 27 räkning,
567 1350 121 27 bokföring,
699 1349 168 22 modersmälets
879 1351 59 20 orto-

182 1382 53 28 grafi
251 1385 59 20 samt
325 1385 144 27 uppsättning
484 1385 24 21 af
522 1386 118 26 räkningar
656 1386 38 18 och
707 1385 86 21 mindre
804 1384 133 23 skrifvelser.

180 1418 11 22 I
206 1419 28 21 de
256 1419 68 27 högre
347 1419 71 23 blefve
440 1420 141 28 naturligtvis
600 1420 143 22 läroämnena
757 1420 136 27 väsentligen
910 1421 27 21 de

181 1460 90 22 samma,
296 1462 34 14 om
355 1456 41 21 ock
419 1456 107 22 kurserna
549 1457 66 27 nägot
638 1456 148 28 vidlyftigare.
818 1456 118 22 Lärotiden

253 1497 107 20 Allmänna
376 1498 185 20 Besvärsutskottets
576 1498 116 20 betänkande
708 1498 40 20 N:o
764 1498 35 19 25.
