1061 1717
229 84 14 21 2
362 86 64 22 Ständ
443 86 43 22 Pet.
500 99 29 3 —
544 87 140 21 Petitionsbet.
701 87 33 21 N:o
750 86 35 22 29.

199 146 90 23 hennes
312 148 45 22 rätt
379 150 33 21 att
427 148 63 23 sluta
508 149 56 23 aftal
579 149 101 23 sålunda
696 150 25 22 är
735 156 86 21 genom
836 155 115 16 mannens

199 180 199 31 målmannaskap
420 183 135 30 inskränkt,
573 183 154 23 tillerkännes
745 183 78 23 henne
839 184 35 22 uti
888 184 14 20 3
917 186 11 23 $
944 184 8 20 i

201 214 130 30 åberopade
354 216 136 30 förordning
508 218 20 29 ej
546 217 76 23 heller
644 219 44 21 rätt
711 220 34 20 att
765 217 138 23 annorledes
922 218 29 21 än

200 248 38 22 till
263 249 197 31 sjelfförsörjning
488 251 107 23 bedrifva
619 252 165 28 näringsyrke,
809 251 97 23 såframt
930 253 20 27 ej

199 289 105 17 mannen
319 284 84 23 sådant
417 285 89 23 tillåter
522 286 43 22 och
581 293 111 15 ansvarar
707 286 34 22 för
752 285 29 23 de
791 285 160 30 förbindelser,

196 323 55 16 som
266 318 9 22 i
290 318 44 23 och
349 319 34 23 för
398 320 103 22 rörelsen
516 320 84 22 kunna
614 320 96 23 komma
726 323 33 19 att
774 321 75 27 ingås.

269 352 173 29 Föreliggande
457 354 199 29 petitionsförslag
669 354 104 30 påyrkar
784 362 29 15 en
823 354 75 23 sådan
908 354 44 22 för-

200 384 103 30 ändring
317 387 26 23 af
353 388 155 23 förenämnda
522 388 196 29 lagstadganden,
734 391 34 20 att
782 389 45 28 gift
842 390 89 28 qvinna
944 390 7 20 i

200 419 136 32 allmänhet,
351 422 129 23 oberoende
496 423 25 23 af
533 430 115 16 mannens
664 423 129 30 samtycke,
803 423 65 28 finge
876 422 76 23 drifva

200 455 159 29 näringsyrke
373 457 9 22 i
397 456 39 23 det
452 458 96 28 omfång
563 461 12 23 $
591 459 13 20 2
619 457 152 23 omförmäler.
802 457 82 22 Under
899 464 52 15 nor-

200 489 64 22 mala
285 490 166 25 förhållanden
474 493 44 22 och
533 493 26 22 så
574 493 70 28 länge
667 500 103 15 mannen
787 493 72 29 sörjer
874 491 33 23 för
923 491 28 22 de

199 523 66 23 sinas
287 525 128 29 uppehälle
433 527 44 22 och
492 527 38 22 till
546 527 66 22 deras
628 527 68 22 bästa
710 526 111 23 handhar
836 527 40 21 sitt
891 527 8 21 i
914 526 37 22 så-

200 556 59 24 dant
269 559 107 24 afseende
388 561 22 22 åt
420 561 89 22 honom
524 561 120 23 förlänade
658 560 219 30 målsmannaskap,
886 559 65 23 torde

200 591 130 25 emellertid
345 595 72 28 ingen
436 595 131 28 anledning
584 595 125 23 förefinnas
728 597 33 20 att
776 594 115 31 tillstädja
907 594 43 22 hu-

199 628 68 21 strun
283 629 33 20 att
330 631 49 20 mot
393 628 61 23 hans
466 629 58 30 vilja
534 629 75 23 inlåta
619 630 37 27 sig
666 630 32 28 på
707 629 89 22 handel
807 629 56 22 eller
872 635 77 16 annan

199 661 92 28 näring.
314 662 36 29 Ty
362 665 31 20 ett
402 663 106 29 verkligt
523 665 97 21 intresse
630 664 34 22 för
674 664 101 22 hustrun
787 664 49 22 atti
845 663 63 22 detta
918 663 33 22 af-

199 695 86 22 seende
294 696 24 23 få
328 696 90 23 handla
429 700 57 21 utan
497 705 115 16 mannens
623 697 123 30 samtycke
757 697 126 29 föreligger
893 697 57 23 icke.

267 730 110 23 Deremot
399 733 75 22 måste
494 732 132 29 medgifvas
642 735 39 27 att,
698 732 40 23 der
753 732 45 29 gift
813 733 90 28 qvinna
918 732 34 22 för

197 764 38 21 sin
251 764 45 23 och
311 764 29 23 de
355 767 64 22 sinas
442 766 106 23 utkomst
565 768 26 21 är
606 766 117 23 hänvisad
739 767 38 22 till
793 769 52 26 eget
860 766 91 29 förvärf,

198 797 177 30 behöfligheten
398 801 24 22 af
442 808 116 15 mannens
579 801 109 23 tillstånd
710 801 35 23 för
760 800 154 23 bedrifvande
930 801 24 22 af

197 833 159 28 näringsyrke
372 835 47 22 ofta
434 835 34 22 för
483 835 78 22 henne
576 835 49 22 kan
641 838 82 25 utgöra
739 838 32 20 ett
781 835 171 28 oöfverstigligt

198 865 87 24 hinder
299 870 34 20 att
348 869 31 28 på
394 869 68 22 bästa
477 871 47 21 sätt
538 869 156 29 tillgodogöra
709 871 38 27 sig
757 871 38 21 sin
806 869 145 23 arbetskraft.

199 900 120 24 Särskildt
333 902 42 23 bör
391 904 7 21 i
414 903 64 23 detta
493 904 134 23 hänseende
642 904 139 23 framhållas
797 904 28 23 de
841 905 8 21 i
862 905 23 20 11
897 903 53 29 kap.

197 937 13 20 6
226 938 11 23 $
254 935 27 23 G.
297 936 26 23 B.
338 938 145 23 omnämnda
505 939 42 22 fall
569 941 34 20 att
622 946 117 23 ,mannen
760 941 25 20 är
800 939 79 28 afvita,
895 938 57 23 eller

197 969 164 32 fränvarande,
384 971 57 24 eller
463 973 99 29 förlöper
585 972 116 24 hustrun*
716 973 57 23 eller
789 976 34 19 att
837 980 55 15 man
908 973 42 22 och

197 1004 86 23 hustru
305 1005 93 31 tillfölje
414 1007 26 22 af
453 1014 115 16 mannens
587 1007 111 23 vållande
713 1008 81 22 blifvit
809 1007 89 30 skiljda
914 1007 37 22 till

196 1040 61 26 säng
273 1039 43 22 och
332 1041 54 22 säte.
416 1041 11 22 I
442 1041 91 23 sädana
547 1042 44 22 och
607 1041 74 23 andra
696 1041 49 30 fall,
761 1041 31 23 dä
807 1049 104 15 mannen
927 1043 25 20 är

197 1073 146 23 urständsatt
366 1077 33 20 att
421 1075 81 23 utöfva
524 1077 41 22 sitt
587 1076 186 29 mälsmanskap,
789 1076 103 22 likasom
908 1075 42 23 och

196 1105 31 24 dä
242 1107 49 22 han
307 1108 91 23 utöfvar
414 1109 39 23 det
468 1111 9 21 i
491 1109 58 24 strid
565 1113 49 20 mot
623 1111 114 22 hustruns
749 1110 44 23 och
804 1110 65 23 boets
878 1110 73 28 bästa,

196 1147 55 16 vore
274 1141 39 23 det
328 1142 96 29 obilligt
439 1146 35 20 att
488 1147 56 25 göra
558 1145 114 22 hustruns
687 1146 46 21 rätt
749 1147 34 20 att
797 1145 8 22 i
820 1144 131 23 vidsträek-

196 1177 49 20 tare
267 1176 97 29 omfäng
387 1179 30 21 än
440 1178 39 23 till
502 1179 195 30 sjelfförsörjning
719 1179 77 22 drifva
811 1179 86 27 näring
913 1179 39 22 be-

195 1209 87 23 roende
297 1211 25 22 af
335 1214 33 20 ett
382 1213 130 28 samtycke,
528 1221 49 15 som
594 1214 127 29 omöjligen
736 1213 50 23 kan
802 1213 102 23 erhållas
920 1213 31 22 el-

195 1243 35 23 ler
252 1244 160 31 tilläfventyrs
436 1247 142 28 egenvilligt
595 1248 24 22 af
632 1255 104 15 mannen
759 1248 126 27 förvägras.
915 1248 37 22 Då

196 1278 237 32 mälsmannaskapet
448 1281 76 23 under
539 1282 207 29 omständigheter,
761 1282 91 23 sädana
862 1289 50 15 som
924 1281 28 23 de

196 1312 71 23 ofvan
283 1314 111 30 nämnda,
410 1315 25 22 af
448 1315 123 23 allmänna
590 1316 69 28 lagen
676 1324 68 14 anses
760 1316 115 22 hvilande
891 1318 61 20 samt

195 1346 103 24 hustrun
320 1348 157 24 tillerkännes
501 1358 36 22 en,
559 1358 38 15 om
621 1351 52 23 icke
688 1350 155 30 obegränsad,
858 1352 46 21 rätt
919 1353 33 20 att

197 1380 90 30 förfoga
309 1382 63 21 öfver
392 1383 60 31 hoet,
468 1392 71 22 synes
555 1384 38 24 det
608 1392 54 16 vara
680 1385 144 29 följdriktigt
839 1385 44 23 och
898 1384 54 24 med

639 1402 25 6 LD
679 1401 117 15 10IJOTIKAU
