<?xml version="1.0" encoding="UTF-8"?>
<alto xmlns="http://www.loc.gov/standards/alto/ns-v3#" xmlns:xlink="http://www.w3.org/1999/xlink" xmlns:xsi="http://www.w3.org/2001/XMLSchema-instance" xsi:schemaLocation="http://www.loc.gov/standards/alto/ns-v3# http://www.loc.gov/alto/v3/alto-3-0.xsd">
	<Description>
		<MeasurementUnit>pixel</MeasurementUnit>
		<sourceImageInformation>
			<fileName>/tmp/tess_yd0a4f7y_input.PNG</fileName>
		</sourceImageInformation>
		<OCRProcessing ID="OCR_0">
			<ocrProcessingStep>
				<processingSoftware>
					<softwareName>tesseract 5.3.4</softwareName>
				</processingSoftware>
			</ocrProcessingStep>
		</OCRProcessing>
	</Description>
	<Layout>
		<Page WIDTH="1061" HEIGHT="1717" PHYSICAL_IMG_NR="0" ID="page_0">
			<PrintSpace HPOS="0" VPOS="0" WIDTH="1061" HEIGHT="1717">
				<GraphicalElement ID="cblock_0" HPOS="0" VPOS="561" WIDTH="4" HEIGHT="434"></GraphicalElement >
				<ComposedBlock ID="cblock_1" HPOS="201" VPOS="88" WIDTH="530" HEIGHT="26">
					<TextBlock ID="block_0" HPOS="201" VPOS="88" WIDTH="530" HEIGHT="26">
						<TextLine ID="line_0" HPOS="201" VPOS="88" WIDTH="530" HEIGHT="26">
							<String ID="string_0" HPOS="201" VPOS="92" WIDTH="28" HEIGHT="22" WC="0.96" CONTENT="12"/><SP WIDTH="175" VPOS="92" HPOS="229"/>
							<String ID="string_1" HPOS="404" VPOS="90" WIDTH="238" HEIGHT="23" WC="0.92" CONTENT="Petitionsbetänkande"/><SP WIDTH="16" VPOS="90" HPOS="642"/>
							<String ID="string_2" HPOS="658" VPOS="88" WIDTH="36" HEIGHT="24" WC="0.96" CONTENT="N:o"/><SP WIDTH="15" VPOS="88" HPOS="694"/>
							<String ID="string_3" HPOS="709" VPOS="88" WIDTH="22" HEIGHT="23" WC="0.96" CONTENT="4."/>
						</TextLine>
					</TextBlock>
				</ComposedBlock>
				<ComposedBlock ID="cblock_2" HPOS="478" VPOS="342" WIDTH="202" HEIGHT="27">
					<TextBlock ID="block_1" HPOS="478" VPOS="342" WIDTH="202" HEIGHT="27">
						<TextLine ID="line_1" HPOS="478" VPOS="342" WIDTH="202" HEIGHT="27">
							<String ID="string_4" HPOS="478" VPOS="342" WIDTH="202" HEIGHT="27" WC="0.95" CONTENT="Reservation."/>
						</TextLine>
					</TextBlock>
				</ComposedBlock>
				<ComposedBlock ID="cblock_3" HPOS="201" VPOS="397" WIDTH="765" HEIGHT="1104">
					<TextBlock ID="block_2" HPOS="201" VPOS="397" WIDTH="752" HEIGHT="426">
						<TextLine ID="line_2" HPOS="272" VPOS="397" WIDTH="678" HEIGHT="31">
							<String ID="string_5" HPOS="272" VPOS="401" WIDTH="41" HEIGHT="27" WC="0.96" CONTENT="Jag"/><SP WIDTH="16" VPOS="401" HPOS="313"/>
							<String ID="string_6" HPOS="329" VPOS="403" WIDTH="24" HEIGHT="20" WC="0.96" CONTENT="är"/><SP WIDTH="15" VPOS="403" HPOS="353"/>
							<String ID="string_7" HPOS="368" VPOS="408" WIDTH="52" HEIGHT="15" WC="0.96" CONTENT="ense"/><SP WIDTH="15" VPOS="408" HPOS="420"/>
							<String ID="string_8" HPOS="435" VPOS="402" WIDTH="50" HEIGHT="21" WC="0.93" CONTENT="med"/><SP WIDTH="15" VPOS="402" HPOS="485"/>
							<String ID="string_9" HPOS="500" VPOS="401" WIDTH="170" HEIGHT="27" WC="0.92" CONTENT="petitionärerne"/><SP WIDTH="17" VPOS="401" HPOS="670"/>
							<String ID="string_10" HPOS="687" VPOS="407" WIDTH="35" HEIGHT="15" WC="0.96" CONTENT="om"/><SP WIDTH="16" VPOS="407" HPOS="722"/>
							<String ID="string_11" HPOS="738" VPOS="402" WIDTH="78" HEIGHT="26" WC="0.96" CONTENT="nyttan"/><SP WIDTH="11" VPOS="402" HPOS="816"/>
							<String ID="string_12" HPOS="827" VPOS="400" WIDTH="39" HEIGHT="21" WC="0.93" CONTENT="och"/><SP WIDTH="11" VPOS="400" HPOS="866"/>
							<String ID="string_13" HPOS="877" VPOS="397" WIDTH="73" HEIGHT="23" WC="0.90" CONTENT="behof-"/>
						</TextLine>
						<TextLine ID="line_3" HPOS="201" VPOS="435" WIDTH="751" HEIGHT="30">
							<String ID="string_14" HPOS="201" VPOS="439" WIDTH="36" HEIGHT="20" WC="0.96" CONTENT="vet"/><SP WIDTH="16" VPOS="439" HPOS="237"/>
							<String ID="string_15" HPOS="253" VPOS="437" WIDTH="24" HEIGHT="22" WC="0.96" CONTENT="af"/><SP WIDTH="14" VPOS="437" HPOS="277"/>
							<String ID="string_16" HPOS="291" VPOS="439" WIDTH="32" HEIGHT="20" WC="0.96" CONTENT="ett"/><SP WIDTH="10" VPOS="439" HPOS="323"/>
							<String ID="string_17" HPOS="333" VPOS="437" WIDTH="65" HEIGHT="28" WC="0.93" CONTENT="högre"/><SP WIDTH="11" VPOS="437" HPOS="398"/>
							<String ID="string_18" HPOS="409" VPOS="437" WIDTH="219" HEIGHT="22" WC="0.92" CONTENT="landtbruksinstitut"/><SP WIDTH="10" VPOS="437" HPOS="628"/>
							<String ID="string_19" HPOS="638" VPOS="437" WIDTH="50" HEIGHT="22" WC="0.96" CONTENT="med"/><SP WIDTH="10" VPOS="437" HPOS="688"/>
							<String ID="string_20" HPOS="698" VPOS="436" WIDTH="67" HEIGHT="22" WC="0.93" CONTENT="finskt"/><SP WIDTH="11" VPOS="436" HPOS="765"/>
							<String ID="string_21" HPOS="776" VPOS="435" WIDTH="176" HEIGHT="26" WC="0.89" CONTENT="undervisnings-"/>
						</TextLine>
						<TextLine ID="line_4" HPOS="202" VPOS="470" WIDTH="751" HEIGHT="31">
							<String ID="string_22" HPOS="202" VPOS="473" WIDTH="73" HEIGHT="28" WC="0.95" CONTENT="språk,"/><SP WIDTH="21" VPOS="473" HPOS="275"/>
							<String ID="string_23" HPOS="296" VPOS="473" WIDTH="77" HEIGHT="22" WC="0.96" CONTENT="hvaraf"/><SP WIDTH="15" VPOS="473" HPOS="373"/>
							<String ID="string_24" HPOS="388" VPOS="473" WIDTH="38" HEIGHT="28" WC="0.96" CONTENT="jag"/><SP WIDTH="14" VPOS="473" HPOS="426"/>
							<String ID="string_25" HPOS="440" VPOS="475" WIDTH="78" HEIGHT="20" WC="0.96" CONTENT="väntar"/><SP WIDTH="15" VPOS="475" HPOS="518"/>
							<String ID="string_26" HPOS="533" VPOS="473" WIDTH="48" HEIGHT="22" WC="0.96" CONTENT="icke"/><SP WIDTH="14" VPOS="473" HPOS="581"/>
							<String ID="string_27" HPOS="595" VPOS="473" WIDTH="57" HEIGHT="22" WC="0.96" CONTENT="blott"/><SP WIDTH="16" VPOS="473" HPOS="652"/>
							<String ID="string_28" HPOS="668" VPOS="474" WIDTH="56" HEIGHT="20" WC="0.96" CONTENT="stort"/><SP WIDTH="15" VPOS="474" HPOS="724"/>
							<String ID="string_29" HPOS="739" VPOS="479" WIDTH="56" HEIGHT="20" WC="0.95" CONTENT="gagn"/><SP WIDTH="16" VPOS="479" HPOS="795"/>
							<String ID="string_30" HPOS="811" VPOS="471" WIDTH="34" HEIGHT="22" WC="0.96" CONTENT="för"/><SP WIDTH="16" VPOS="471" HPOS="845"/>
							<String ID="string_31" HPOS="861" VPOS="471" WIDTH="41" HEIGHT="21" WC="0.96" CONTENT="den"/><SP WIDTH="16" VPOS="471" HPOS="902"/>
							<String ID="string_32" HPOS="918" VPOS="470" WIDTH="35" HEIGHT="21" WC="0.96" CONTENT="del"/>
						</TextLine>
						<TextLine ID="line_5" HPOS="202" VPOS="506" WIDTH="750" HEIGHT="30">
							<String ID="string_33" HPOS="202" VPOS="509" WIDTH="24" HEIGHT="22" WC="0.95" CONTENT="af"/><SP WIDTH="20" VPOS="509" HPOS="226"/>
							<String ID="string_34" HPOS="246" VPOS="510" WIDTH="50" HEIGHT="21" WC="0.96" CONTENT="vårt"/><SP WIDTH="21" VPOS="510" HPOS="296"/>
							<String ID="string_35" HPOS="317" VPOS="509" WIDTH="63" HEIGHT="22" WC="0.96" CONTENT="lands"/><SP WIDTH="16" VPOS="509" HPOS="380"/>
							<String ID="string_36" HPOS="396" VPOS="509" WIDTH="56" HEIGHT="22" WC="0.96" CONTENT="efter"/><SP WIDTH="15" VPOS="509" HPOS="452"/>
							<String ID="string_37" HPOS="467" VPOS="516" WIDTH="27" HEIGHT="15" WC="0.96" CONTENT="en"/><SP WIDTH="15" VPOS="516" HPOS="494"/>
							<String ID="string_38" HPOS="509" VPOS="509" WIDTH="66" HEIGHT="27" WC="0.92" CONTENT="högre"/><SP WIDTH="16" VPOS="509" HPOS="575"/>
							<String ID="string_39" HPOS="591" VPOS="509" WIDTH="148" HEIGHT="26" WC="0.92" CONTENT="fackbildning"/><SP WIDTH="16" VPOS="509" HPOS="739"/>
							<String ID="string_40" HPOS="755" VPOS="507" WIDTH="125" HEIGHT="22" WC="0.92" CONTENT="sträfvande"/><SP WIDTH="13" VPOS="507" HPOS="880"/>
							<String ID="string_41" HPOS="893" VPOS="506" WIDTH="59" HEIGHT="27" WC="0.92" CONTENT="jord-"/>
						</TextLine>
						<TextLine ID="line_6" HPOS="202" VPOS="541" WIDTH="750" HEIGHT="31">
							<String ID="string_42" HPOS="202" VPOS="551" WIDTH="71" HEIGHT="21" WC="0.92" CONTENT="egare,"/><SP WIDTH="23" VPOS="551" HPOS="273"/>
							<String ID="string_43" HPOS="296" VPOS="545" WIDTH="73" HEIGHT="21" WC="0.96" CONTENT="hvilka"/><SP WIDTH="20" VPOS="545" HPOS="369"/>
							<String ID="string_44" HPOS="389" VPOS="547" WIDTH="38" HEIGHT="19" WC="0.96" CONTENT="äro"/><SP WIDTH="21" VPOS="547" HPOS="427"/>
							<String ID="string_45" HPOS="448" VPOS="545" WIDTH="78" HEIGHT="22" WC="0.96" CONTENT="endast"/><SP WIDTH="15" VPOS="545" HPOS="526"/>
							<String ID="string_46" HPOS="541" VPOS="544" WIDTH="70" HEIGHT="23" WC="0.96" CONTENT="finska"/><SP WIDTH="15" VPOS="544" HPOS="611"/>
							<String ID="string_47" HPOS="626" VPOS="545" WIDTH="90" HEIGHT="27" WC="0.96" CONTENT="språket"/><SP WIDTH="16" VPOS="545" HPOS="716"/>
							<String ID="string_48" HPOS="732" VPOS="543" WIDTH="104" HEIGHT="28" WC="0.96" CONTENT="mäktiga,"/><SP WIDTH="16" VPOS="543" HPOS="836"/>
							<String ID="string_49" HPOS="852" VPOS="544" WIDTH="53" HEIGHT="20" WC="0.93" CONTENT="utan"/><SP WIDTH="16" VPOS="544" HPOS="905"/>
							<String ID="string_50" HPOS="921" VPOS="541" WIDTH="31" HEIGHT="22" WC="0.93" CONTENT="äf-"/>
						</TextLine>
						<TextLine ID="line_7" HPOS="201" VPOS="577" WIDTH="752" HEIGHT="31">
							<String ID="string_51" HPOS="201" VPOS="587" WIDTH="42" HEIGHT="15" WC="0.96" CONTENT="ven"/><SP WIDTH="21" VPOS="587" HPOS="243"/>
							<String ID="string_52" HPOS="264" VPOS="582" WIDTH="34" HEIGHT="20" WC="0.96" CONTENT="att"/><SP WIDTH="20" VPOS="582" HPOS="298"/>
							<String ID="string_53" HPOS="318" VPOS="581" WIDTH="37" HEIGHT="21" WC="0.93" CONTENT="det"/><SP WIDTH="15" VPOS="581" HPOS="355"/>
							<String ID="string_54" HPOS="370" VPOS="581" WIDTH="150" HEIGHT="27" WC="0.92" CONTENT="väsendtligen"/><SP WIDTH="16" VPOS="581" HPOS="520"/>
							<String ID="string_55" HPOS="536" VPOS="581" WIDTH="56" HEIGHT="21" WC="0.96" CONTENT="skall"/><SP WIDTH="15" VPOS="581" HPOS="592"/>
							<String ID="string_56" HPOS="607" VPOS="581" WIDTH="91" HEIGHT="26" WC="0.96" CONTENT="bidraga"/><SP WIDTH="15" VPOS="581" HPOS="698"/>
							<String ID="string_57" HPOS="713" VPOS="580" WIDTH="35" HEIGHT="21" WC="0.93" CONTENT="till"/><SP WIDTH="16" VPOS="580" HPOS="748"/>
							<String ID="string_58" HPOS="764" VPOS="579" WIDTH="110" HEIGHT="22" WC="0.92" CONTENT="danandet"/><SP WIDTH="15" VPOS="579" HPOS="874"/>
							<String ID="string_59" HPOS="889" VPOS="577" WIDTH="23" HEIGHT="22" WC="0.96" CONTENT="af"/><SP WIDTH="14" VPOS="577" HPOS="912"/>
							<String ID="string_60" HPOS="926" VPOS="583" WIDTH="27" HEIGHT="16" WC="0.96" CONTENT="en"/>
						</TextLine>
						<TextLine ID="line_8" HPOS="201" VPOS="612" WIDTH="752" HEIGHT="31">
							<String ID="string_61" HPOS="201" VPOS="616" WIDTH="108" HEIGHT="27" WC="0.94" CONTENT="inhemsk,"/><SP WIDTH="26" VPOS="616" HPOS="309"/>
							<String ID="string_62" HPOS="335" VPOS="616" WIDTH="74" HEIGHT="22" WC="0.93" CONTENT="bildad"/><SP WIDTH="23" VPOS="616" HPOS="409"/>
							<String ID="string_63" HPOS="432" VPOS="617" WIDTH="127" HEIGHT="21" WC="0.91" CONTENT="förvaltare-"/><SP WIDTH="25" VPOS="617" HPOS="559"/>
							<String ID="string_64" HPOS="584" VPOS="617" WIDTH="39" HEIGHT="21" WC="0.93" CONTENT="och"/><SP WIDTH="23" VPOS="617" HPOS="623"/>
							<String ID="string_65" HPOS="646" VPOS="615" WIDTH="207" HEIGHT="26" WC="0.91" CONTENT="arrendatorsklass,"/><SP WIDTH="23" VPOS="615" HPOS="853"/>
							<String ID="string_66" HPOS="876" VPOS="612" WIDTH="77" HEIGHT="23" WC="0.96" CONTENT="hvaraf"/>
						</TextLine>
						<TextLine ID="line_9" HPOS="202" VPOS="650" WIDTH="749" HEIGHT="29">
							<String ID="string_67" HPOS="202" VPOS="653" WIDTH="37" HEIGHT="21" WC="0.96" CONTENT="det"/><SP WIDTH="16" VPOS="653" HPOS="239"/>
							<String ID="string_68" HPOS="255" VPOS="653" WIDTH="70" HEIGHT="20" WC="0.96" CONTENT="större"/><SP WIDTH="14" VPOS="653" HPOS="325"/>
							<String ID="string_69" HPOS="339" VPOS="652" WIDTH="131" HEIGHT="27" WC="0.96" CONTENT="jordbruket"/><SP WIDTH="15" VPOS="652" HPOS="470"/>
							<String ID="string_70" HPOS="485" VPOS="653" WIDTH="7" HEIGHT="21" WC="0.96" CONTENT="i"/><SP WIDTH="16" VPOS="653" HPOS="492"/>
							<String ID="string_71" HPOS="508" VPOS="653" WIDTH="75" HEIGHT="21" WC="0.96" CONTENT="landet"/><SP WIDTH="15" VPOS="653" HPOS="583"/>
							<String ID="string_72" HPOS="598" VPOS="653" WIDTH="63" HEIGHT="21" WC="0.96" CONTENT="torde"/><SP WIDTH="16" VPOS="653" HPOS="661"/>
							<String ID="string_73" HPOS="677" VPOS="653" WIDTH="74" HEIGHT="20" WC="0.96" CONTENT="kunna"/><SP WIDTH="16" VPOS="653" HPOS="751"/>
							<String ID="string_74" HPOS="767" VPOS="652" WIDTH="34" HEIGHT="20" WC="0.96" CONTENT="att"/><SP WIDTH="15" VPOS="652" HPOS="801"/>
							<String ID="string_75" HPOS="816" VPOS="650" WIDTH="64" HEIGHT="22" WC="0.96" CONTENT="hafva"/><SP WIDTH="15" VPOS="650" HPOS="880"/>
							<String ID="string_76" HPOS="895" VPOS="650" WIDTH="56" HEIGHT="21" WC="0.96" CONTENT="stort"/>
						</TextLine>
						<TextLine ID="line_10" HPOS="202" VPOS="686" WIDTH="751" HEIGHT="29">
							<String ID="string_77" HPOS="202" VPOS="689" WIDTH="74" HEIGHT="26" WC="0.96" CONTENT="nytta;"/><SP WIDTH="24" VPOS="689" HPOS="276"/>
							<String ID="string_78" HPOS="300" VPOS="694" WIDTH="49" HEIGHT="15" WC="0.96" CONTENT="men"/><SP WIDTH="21" VPOS="694" HPOS="349"/>
							<String ID="string_79" HPOS="370" VPOS="688" WIDTH="38" HEIGHT="27" WC="0.96" CONTENT="jag"/><SP WIDTH="22" VPOS="688" HPOS="408"/>
							<String ID="string_80" HPOS="430" VPOS="689" WIDTH="41" HEIGHT="20" WC="0.96" CONTENT="har"/><SP WIDTH="24" VPOS="689" HPOS="471"/>
							<String ID="string_81" HPOS="495" VPOS="688" WIDTH="46" HEIGHT="22" WC="0.96" CONTENT="icke"/><SP WIDTH="23" VPOS="688" HPOS="541"/>
							<String ID="string_82" HPOS="564" VPOS="689" WIDTH="84" HEIGHT="20" WC="0.96" CONTENT="kunnat"/><SP WIDTH="22" VPOS="689" HPOS="648"/>
							<String ID="string_83" HPOS="670" VPOS="688" WIDTH="77" HEIGHT="21" WC="0.96" CONTENT="förena"/><SP WIDTH="15" VPOS="688" HPOS="747"/>
							<String ID="string_84" HPOS="762" VPOS="687" WIDTH="45" HEIGHT="27" WC="0.96" CONTENT="mig"/><SP WIDTH="16" VPOS="687" HPOS="807"/>
							<String ID="string_85" HPOS="823" VPOS="687" WIDTH="80" HEIGHT="25" WC="0.96" CONTENT="derom,"/><SP WIDTH="17" VPOS="687" HPOS="903"/>
							<String ID="string_86" HPOS="920" VPOS="686" WIDTH="33" HEIGHT="20" WC="0.96" CONTENT="att"/>
						</TextLine>
						<TextLine ID="line_11" HPOS="201" VPOS="721" WIDTH="751" HEIGHT="28">
							<String ID="string_87" HPOS="201" VPOS="723" WIDTH="136" HEIGHT="22" WC="0.96" CONTENT="inrättandet"/><SP WIDTH="20" VPOS="723" HPOS="337"/>
							<String ID="string_88" HPOS="357" VPOS="724" WIDTH="36" HEIGHT="21" WC="0.93" CONTENT="vid"/><SP WIDTH="20" VPOS="724" HPOS="393"/>
							<String ID="string_89" HPOS="413" VPOS="724" WIDTH="104" HEIGHT="21" WC="0.92" CONTENT="Mustiala"/><SP WIDTH="19" VPOS="724" HPOS="517"/>
							<String ID="string_90" HPOS="536" VPOS="723" WIDTH="220" HEIGHT="22" WC="0.92" CONTENT="landtbruksinstitut"/><SP WIDTH="16" VPOS="723" HPOS="756"/>
							<String ID="string_91" HPOS="772" VPOS="722" WIDTH="24" HEIGHT="22" WC="0.96" CONTENT="af"/><SP WIDTH="14" VPOS="722" HPOS="796"/>
							<String ID="string_92" HPOS="810" VPOS="729" WIDTH="26" HEIGHT="15" WC="0.92" CONTENT="en"/><SP WIDTH="16" VPOS="729" HPOS="836"/>
							<String ID="string_93" HPOS="852" VPOS="721" WIDTH="100" HEIGHT="28" WC="0.89" CONTENT="parallel-"/>
						</TextLine>
						<TextLine ID="line_12" HPOS="202" VPOS="755" WIDTH="750" HEIGHT="32">
							<String ID="string_94" HPOS="202" VPOS="759" WIDTH="112" HEIGHT="27" WC="0.91" CONTENT="afdelning"/><SP WIDTH="22" VPOS="759" HPOS="314"/>
							<String ID="string_95" HPOS="336" VPOS="760" WIDTH="50" HEIGHT="21" WC="0.96" CONTENT="med"/><SP WIDTH="22" VPOS="760" HPOS="386"/>
							<String ID="string_96" HPOS="408" VPOS="759" WIDTH="68" HEIGHT="22" WC="0.93" CONTENT="finskt"/><SP WIDTH="22" VPOS="759" HPOS="476"/>
							<String ID="string_97" HPOS="498" VPOS="759" WIDTH="241" HEIGHT="28" WC="0.92" CONTENT="undervisningsspråk,"/><SP WIDTH="24" VPOS="759" HPOS="739"/>
							<String ID="string_98" HPOS="763" VPOS="765" WIDTH="51" HEIGHT="15" WC="0.96" CONTENT="vore"/><SP WIDTH="24" VPOS="765" HPOS="814"/>
							<String ID="string_99" HPOS="838" VPOS="759" WIDTH="37" HEIGHT="20" WC="0.95" CONTENT="det"/><SP WIDTH="22" VPOS="759" HPOS="875"/>
							<String ID="string_100" HPOS="897" VPOS="755" WIDTH="55" HEIGHT="23" WC="0.95" CONTENT="enda"/>
						</TextLine>
						<TextLine ID="line_13" HPOS="201" VPOS="795" WIDTH="510" HEIGHT="28">
							<String ID="string_101" HPOS="201" VPOS="795" WIDTH="83" HEIGHT="27" WC="0.96" CONTENT="riktiga"/><SP WIDTH="16" VPOS="795" HPOS="284"/>
							<String ID="string_102" HPOS="300" VPOS="797" WIDTH="68" HEIGHT="20" WC="0.96" CONTENT="sättet"/><SP WIDTH="15" VPOS="797" HPOS="368"/>
							<String ID="string_103" HPOS="383" VPOS="797" WIDTH="33" HEIGHT="20" WC="0.96" CONTENT="att"/><SP WIDTH="16" VPOS="797" HPOS="416"/>
							<String ID="string_104" HPOS="432" VPOS="795" WIDTH="115" HEIGHT="28" WC="0.96" CONTENT="tillgodose"/><SP WIDTH="16" VPOS="795" HPOS="547"/>
							<String ID="string_105" HPOS="563" VPOS="796" WIDTH="61" HEIGHT="21" WC="0.93" CONTENT="detta"/><SP WIDTH="15" VPOS="796" HPOS="624"/>
							<String ID="string_106" HPOS="639" VPOS="795" WIDTH="72" HEIGHT="22" WC="0.91" CONTENT="behof."/>
						</TextLine>
					</TextBlock>
					<TextBlock ID="block_3" HPOS="201" VPOS="829" WIDTH="765" HEIGHT="458">
						<TextLine ID="line_14" HPOS="273" VPOS="829" WIDTH="680" HEIGHT="29">
							<String ID="string_107" HPOS="273" VPOS="831" WIDTH="58" HEIGHT="21" WC="0.95" CONTENT="Utan"/><SP WIDTH="23" VPOS="831" HPOS="331"/>
							<String ID="string_108" HPOS="354" VPOS="833" WIDTH="33" HEIGHT="20" WC="0.96" CONTENT="att"/><SP WIDTH="24" VPOS="833" HPOS="387"/>
							<String ID="string_109" HPOS="411" VPOS="831" WIDTH="53" HEIGHT="27" WC="0.95" CONTENT="vilja"/><SP WIDTH="22" VPOS="831" HPOS="464"/>
							<String ID="string_110" HPOS="486" VPOS="831" WIDTH="50" HEIGHT="27" WC="0.96" CONTENT="ingå"/><SP WIDTH="23" VPOS="831" HPOS="536"/>
							<String ID="string_111" HPOS="559" VPOS="831" WIDTH="32" HEIGHT="22" WC="0.93" CONTENT="uti"/><SP WIDTH="21" VPOS="831" HPOS="591"/>
							<String ID="string_112" HPOS="612" VPOS="831" WIDTH="158" HEIGHT="22" WC="0.91" CONTENT="bedömmande"/><SP WIDTH="21" VPOS="831" HPOS="770"/>
							<String ID="string_113" HPOS="791" VPOS="830" WIDTH="24" HEIGHT="22" WC="0.95" CONTENT="af"/><SP WIDTH="15" VPOS="830" HPOS="815"/>
							<String ID="string_114" HPOS="830" VPOS="830" WIDTH="74" HEIGHT="22" WC="0.96" CONTENT="skälen"/><SP WIDTH="16" VPOS="830" HPOS="904"/>
							<String ID="string_115" HPOS="920" VPOS="829" WIDTH="33" HEIGHT="22" WC="0.96" CONTENT="för"/>
						</TextLine>
						<TextLine ID="line_15" HPOS="203" VPOS="866" WIDTH="751" HEIGHT="28">
							<String ID="string_116" HPOS="203" VPOS="867" WIDTH="39" HEIGHT="21" WC="0.95" CONTENT="och"/><SP WIDTH="25" VPOS="867" HPOS="242"/>
							<String ID="string_117" HPOS="267" VPOS="868" WIDTH="58" HEIGHT="20" WC="0.95" CONTENT="emot"/><SP WIDTH="21" VPOS="868" HPOS="325"/>
							<String ID="string_118" HPOS="346" VPOS="873" WIDTH="29" HEIGHT="15" WC="0.96" CONTENT="nu"/><SP WIDTH="21" VPOS="873" HPOS="375"/>
							<String ID="string_119" HPOS="396" VPOS="866" WIDTH="163" HEIGHT="28" WC="0.93" CONTENT="ifrågavarande"/><SP WIDTH="21" VPOS="866" HPOS="559"/>
							<String ID="string_120" HPOS="580" VPOS="867" WIDTH="124" HEIGHT="27" WC="0.91" CONTENT="petitioner,"/><SP WIDTH="21" VPOS="867" HPOS="704"/>
							<String ID="string_121" HPOS="725" VPOS="867" WIDTH="84" HEIGHT="26" WC="0.91" CONTENT="nödgas"/><SP WIDTH="17" VPOS="867" HPOS="809"/>
							<String ID="string_122" HPOS="826" VPOS="866" WIDTH="38" HEIGHT="27" WC="0.96" CONTENT="jag"/><SP WIDTH="15" VPOS="866" HPOS="864"/>
							<String ID="string_123" HPOS="879" VPOS="866" WIDTH="75" HEIGHT="21" WC="0.96" CONTENT="anföra"/>
						</TextLine>
						<TextLine ID="line_16" HPOS="202" VPOS="901" WIDTH="750" HEIGHT="28">
							<String ID="string_124" HPOS="202" VPOS="904" WIDTH="34" HEIGHT="19" WC="0.96" CONTENT="att"/><SP WIDTH="23" VPOS="904" HPOS="236"/>
							<String ID="string_125" HPOS="259" VPOS="903" WIDTH="35" HEIGHT="20" WC="0.93" CONTENT="ett"/><SP WIDTH="14" VPOS="903" HPOS="294"/>
							<String ID="string_126" HPOS="308" VPOS="902" WIDTH="203" HEIGHT="27" WC="0.91" CONTENT="landtdagsutskott"/><SP WIDTH="16" VPOS="902" HPOS="511"/>
							<String ID="string_127" HPOS="527" VPOS="903" WIDTH="47" HEIGHT="21" WC="0.96" CONTENT="icke"/><SP WIDTH="16" VPOS="903" HPOS="574"/>
							<String ID="string_128" HPOS="590" VPOS="903" WIDTH="42" HEIGHT="22" WC="0.96" CONTENT="kan"/><SP WIDTH="16" VPOS="903" HPOS="632"/>
							<String ID="string_129" HPOS="648" VPOS="909" WIDTH="52" HEIGHT="15" WC="0.96" CONTENT="vara"/><SP WIDTH="15" VPOS="909" HPOS="700"/>
							<String ID="string_130" HPOS="715" VPOS="904" WIDTH="32" HEIGHT="20" WC="0.95" CONTENT="ett"/><SP WIDTH="16" VPOS="904" HPOS="747"/>
							<String ID="string_131" HPOS="763" VPOS="902" WIDTH="102" HEIGHT="27" WC="0.96" CONTENT="lämpligt"/><SP WIDTH="17" VPOS="902" HPOS="865"/>
							<String ID="string_132" HPOS="882" VPOS="901" WIDTH="70" HEIGHT="22" WC="0.96" CONTENT="forum"/>
						</TextLine>
						<TextLine ID="line_17" HPOS="201" VPOS="937" WIDTH="751" HEIGHT="28">
							<String ID="string_133" HPOS="201" VPOS="937" WIDTH="34" HEIGHT="22" WC="0.96" CONTENT="för"/><SP WIDTH="23" VPOS="937" HPOS="235"/>
							<String ID="string_134" HPOS="258" VPOS="937" WIDTH="135" HEIGHT="22" WC="0.96" CONTENT="bedömande"/><SP WIDTH="23" VPOS="937" HPOS="393"/>
							<String ID="string_135" HPOS="416" VPOS="938" WIDTH="24" HEIGHT="21" WC="0.96" CONTENT="af"/><SP WIDTH="21" VPOS="938" HPOS="440"/>
							<String ID="string_136" HPOS="461" VPOS="939" WIDTH="86" HEIGHT="26" WC="0.95" CONTENT="platsen"/><SP WIDTH="24" VPOS="939" HPOS="547"/>
							<String ID="string_137" HPOS="571" VPOS="939" WIDTH="33" HEIGHT="21" WC="0.96" CONTENT="för"/><SP WIDTH="20" VPOS="939" HPOS="604"/>
							<String ID="string_138" HPOS="624" VPOS="945" WIDTH="30" HEIGHT="15" WC="0.93" CONTENT="nu"/><SP WIDTH="16" VPOS="945" HPOS="654"/>
							<String ID="string_139" HPOS="670" VPOS="938" WIDTH="197" HEIGHT="27" WC="0.92" CONTENT="ompetitionerade"/><SP WIDTH="14" VPOS="938" HPOS="867"/>
							<String ID="string_140" HPOS="881" VPOS="937" WIDTH="71" HEIGHT="22" WC="0.92" CONTENT="landt-"/>
						</TextLine>
						<TextLine ID="line_18" HPOS="202" VPOS="973" WIDTH="752" HEIGHT="28">
							<String ID="string_141" HPOS="202" VPOS="973" WIDTH="158" HEIGHT="22" WC="0.91" CONTENT="bruksinstitut"/><SP WIDTH="22" VPOS="973" HPOS="360"/>
							<String ID="string_142" HPOS="382" VPOS="974" WIDTH="50" HEIGHT="21" WC="0.96" CONTENT="med"/><SP WIDTH="18" VPOS="974" HPOS="432"/>
							<String ID="string_143" HPOS="450" VPOS="973" WIDTH="67" HEIGHT="22" WC="0.93" CONTENT="finskt"/><SP WIDTH="15" VPOS="973" HPOS="517"/>
							<String ID="string_144" HPOS="532" VPOS="974" WIDTH="239" HEIGHT="27" WC="0.91" CONTENT="undervisningsspråk."/><SP WIDTH="32" VPOS="974" HPOS="771"/>
							<String ID="string_145" HPOS="803" VPOS="973" WIDTH="43" HEIGHT="27" WC="0.96" CONTENT="Jag"/><SP WIDTH="15" VPOS="973" HPOS="846"/>
							<String ID="string_146" HPOS="861" VPOS="975" WIDTH="45" HEIGHT="19" WC="0.96" CONTENT="tror"/><SP WIDTH="15" VPOS="975" HPOS="906"/>
							<String ID="string_147" HPOS="921" VPOS="974" WIDTH="33" HEIGHT="20" WC="0.96" CONTENT="att"/>
						</TextLine>
						<TextLine ID="line_19" HPOS="201" VPOS="1009" WIDTH="754" HEIGHT="27">
							<String ID="string_148" HPOS="201" VPOS="1009" WIDTH="77" HEIGHT="21" WC="0.95" CONTENT="härtill"/><SP WIDTH="7" VPOS="1009" HPOS="278"/>
							<String ID="string_149" HPOS="285" VPOS="1009" WIDTH="85" HEIGHT="22" WC="0.96" CONTENT="fordras"/><SP WIDTH="10" VPOS="1009" HPOS="370"/>
							<String ID="string_150" HPOS="380" VPOS="1011" WIDTH="32" HEIGHT="20" WC="0.96" CONTENT="ett"/><SP WIDTH="8" VPOS="1011" HPOS="412"/>
							<String ID="string_151" HPOS="420" VPOS="1010" WIDTH="50" HEIGHT="21" WC="0.96" CONTENT="vida"/><SP WIDTH="9" VPOS="1010" HPOS="470"/>
							<String ID="string_152" HPOS="479" VPOS="1011" WIDTH="69" HEIGHT="20" WC="0.96" CONTENT="större"/><SP WIDTH="8" VPOS="1011" HPOS="548"/>
							<String ID="string_153" HPOS="556" VPOS="1011" WIDTH="56" HEIGHT="20" WC="0.96" CONTENT="mått"/><SP WIDTH="10" VPOS="1011" HPOS="612"/>
							<String ID="string_154" HPOS="622" VPOS="1010" WIDTH="23" HEIGHT="21" WC="0.93" CONTENT="af"/><SP WIDTH="9" VPOS="1010" HPOS="645"/>
							<String ID="string_155" HPOS="654" VPOS="1010" WIDTH="150" HEIGHT="26" WC="0.92" CONTENT="fackkunskap"/><SP WIDTH="10" VPOS="1010" HPOS="804"/>
							<String ID="string_156" HPOS="814" VPOS="1011" WIDTH="27" HEIGHT="19" WC="0.96" CONTENT="än"/><SP WIDTH="5" VPOS="1011" HPOS="841"/>
							<String ID="string_157" HPOS="846" VPOS="1009" WIDTH="109" HEIGHT="22" WC="0.96" CONTENT="utskottet"/>
						</TextLine>
						<TextLine ID="line_20" HPOS="203" VPOS="1044" WIDTH="763" HEIGHT="29">
							<String ID="string_158" HPOS="203" VPOS="1044" WIDTH="143" HEIGHT="23" WC="0.91" CONTENT="öfverhufvud"/><SP WIDTH="22" VPOS="1044" HPOS="346"/>
							<String ID="string_159" HPOS="368" VPOS="1045" WIDTH="40" HEIGHT="22" WC="0.96" CONTENT="har"/><SP WIDTH="22" VPOS="1045" HPOS="408"/>
							<String ID="string_160" HPOS="430" VPOS="1045" WIDTH="35" HEIGHT="22" WC="0.96" CONTENT="till"/><SP WIDTH="21" VPOS="1045" HPOS="465"/>
							<String ID="string_161" HPOS="486" VPOS="1046" WIDTH="39" HEIGHT="21" WC="0.96" CONTENT="sitt"/><SP WIDTH="20" VPOS="1046" HPOS="525"/>
							<String ID="string_162" HPOS="545" VPOS="1045" WIDTH="127" HEIGHT="28" WC="0.95" CONTENT="förfogande"/><SP WIDTH="21" VPOS="1045" HPOS="672"/>
							<String ID="string_163" HPOS="693" VPOS="1047" WIDTH="57" HEIGHT="20" WC="0.93" CONTENT="samt"/><SP WIDTH="20" VPOS="1047" HPOS="750"/>
							<String ID="string_164" HPOS="770" VPOS="1045" WIDTH="104" HEIGHT="22" WC="0.89" CONTENT="behöfves"/><SP WIDTH="20" VPOS="1045" HPOS="874"/>
							<String ID="string_165" HPOS="894" VPOS="1050" WIDTH="72" HEIGHT="16" WC="0.80" CONTENT="mera:"/>
						</TextLine>
						<TextLine ID="line_21" HPOS="203" VPOS="1080" WIDTH="751" HEIGHT="29">
							<String ID="string_166" HPOS="203" VPOS="1080" WIDTH="136" HEIGHT="23" WC="0.95" CONTENT="omfattande"/><SP WIDTH="20" VPOS="1080" HPOS="339"/>
							<String ID="string_167" HPOS="359" VPOS="1081" WIDTH="194" HEIGHT="28" WC="0.95" CONTENT="undersökningar,"/><SP WIDTH="16" VPOS="1081" HPOS="553"/>
							<String ID="string_168" HPOS="569" VPOS="1084" WIDTH="28" HEIGHT="19" WC="0.96" CONTENT="än"/><SP WIDTH="17" VPOS="1084" HPOS="597"/>
							<String ID="string_169" HPOS="614" VPOS="1083" WIDTH="48" HEIGHT="21" WC="0.96" CONTENT="dem"/><SP WIDTH="16" VPOS="1083" HPOS="662"/>
							<String ID="string_170" HPOS="678" VPOS="1082" WIDTH="110" HEIGHT="21" WC="0.96" CONTENT="utskottet"/><SP WIDTH="15" VPOS="1082" HPOS="788"/>
							<String ID="string_171" HPOS="803" VPOS="1081" WIDTH="71" HEIGHT="21" WC="0.96" CONTENT="skulle"/><SP WIDTH="14" VPOS="1081" HPOS="874"/>
							<String ID="string_172" HPOS="888" VPOS="1080" WIDTH="66" HEIGHT="22" WC="0.96" CONTENT="hafva"/>
						</TextLine>
						<TextLine ID="line_22" HPOS="201" VPOS="1116" WIDTH="753" HEIGHT="28">
							<String ID="string_173" HPOS="201" VPOS="1116" WIDTH="48" HEIGHT="21" WC="0.95" CONTENT="haft"/><SP WIDTH="23" VPOS="1116" HPOS="249"/>
							<String ID="string_174" HPOS="272" VPOS="1116" WIDTH="33" HEIGHT="21" WC="0.95" CONTENT="tid"/><SP WIDTH="24" VPOS="1116" HPOS="305"/>
							<String ID="string_175" HPOS="329" VPOS="1117" WIDTH="39" HEIGHT="21" WC="0.96" CONTENT="och"/><SP WIDTH="22" VPOS="1117" HPOS="368"/>
							<String ID="string_176" HPOS="390" VPOS="1117" WIDTH="88" HEIGHT="22" WC="0.94" CONTENT="tillfälle"/><SP WIDTH="23" VPOS="1117" HPOS="478"/>
							<String ID="string_177" HPOS="501" VPOS="1119" WIDTH="32" HEIGHT="20" WC="0.96" CONTENT="att"/><SP WIDTH="24" VPOS="1119" HPOS="533"/>
							<String ID="string_178" HPOS="557" VPOS="1117" WIDTH="100" HEIGHT="22" WC="0.95" CONTENT="anställa."/><SP WIDTH="32" VPOS="1117" HPOS="657"/>
							<String ID="string_179" HPOS="689" VPOS="1117" WIDTH="34" HEIGHT="22" WC="0.96" CONTENT="Då"/><SP WIDTH="23" VPOS="1117" HPOS="723"/>
							<String ID="string_180" HPOS="746" VPOS="1117" WIDTH="87" HEIGHT="22" WC="0.86" CONTENT="landets"/><SP WIDTH="21" VPOS="1117" HPOS="833"/>
							<String ID="string_181" HPOS="854" VPOS="1116" WIDTH="100" HEIGHT="28" WC="0.96" CONTENT="regering"/>
						</TextLine>
						<TextLine ID="line_23" HPOS="203" VPOS="1152" WIDTH="751" HEIGHT="28">
							<String ID="string_182" HPOS="203" VPOS="1152" WIDTH="112" HEIGHT="21" WC="0.94" CONTENT="dessutom"/><SP WIDTH="23" VPOS="1152" HPOS="315"/>
							<String ID="string_183" HPOS="338" VPOS="1152" WIDTH="57" HEIGHT="21" WC="0.94" CONTENT="visat"/><SP WIDTH="23" VPOS="1152" HPOS="395"/>
							<String ID="string_184" HPOS="418" VPOS="1153" WIDTH="34" HEIGHT="26" WC="0.96" CONTENT="sig"/><SP WIDTH="22" VPOS="1153" HPOS="452"/>
							<String ID="string_185" HPOS="474" VPOS="1153" WIDTH="64" HEIGHT="21" WC="0.96" CONTENT="hafva"/><SP WIDTH="20" VPOS="1153" HPOS="538"/>
							<String ID="string_186" HPOS="558" VPOS="1153" WIDTH="56" HEIGHT="22" WC="0.96" CONTENT="både"/><SP WIDTH="20" VPOS="1153" HPOS="614"/>
							<String ID="string_187" HPOS="634" VPOS="1153" WIDTH="52" HEIGHT="27" WC="0.95" CONTENT="vilja"/><SP WIDTH="19" VPOS="1153" HPOS="686"/>
							<String ID="string_188" HPOS="705" VPOS="1153" WIDTH="39" HEIGHT="22" WC="0.96" CONTENT="och"/><SP WIDTH="20" VPOS="1153" HPOS="744"/>
							<String ID="string_189" HPOS="764" VPOS="1152" WIDTH="99" HEIGHT="27" WC="0.96" CONTENT="förmåga"/><SP WIDTH="14" VPOS="1152" HPOS="863"/>
							<String ID="string_190" HPOS="877" VPOS="1154" WIDTH="33" HEIGHT="20" WC="0.96" CONTENT="att"/><SP WIDTH="15" VPOS="1154" HPOS="910"/>
							<String ID="string_191" HPOS="925" VPOS="1153" WIDTH="29" HEIGHT="26" WC="0.96" CONTENT="på"/>
						</TextLine>
						<TextLine ID="line_24" HPOS="201" VPOS="1187" WIDTH="753" HEIGHT="29">
							<String ID="string_192" HPOS="201" VPOS="1187" WIDTH="65" HEIGHT="22" WC="0.96" CONTENT="bästa"/><SP WIDTH="23" VPOS="1187" HPOS="266"/>
							<String ID="string_193" HPOS="289" VPOS="1189" WIDTH="45" HEIGHT="20" WC="0.96" CONTENT="sätt"/><SP WIDTH="22" VPOS="1189" HPOS="334"/>
							<String ID="string_194" HPOS="356" VPOS="1188" WIDTH="117" HEIGHT="27" WC="0.96" CONTENT="tillgodose"/><SP WIDTH="21" VPOS="1188" HPOS="473"/>
							<String ID="string_195" HPOS="494" VPOS="1189" WIDTH="140" HEIGHT="26" WC="0.96" CONTENT="jordbrukets"/><SP WIDTH="21" VPOS="1189" HPOS="634"/>
							<String ID="string_196" HPOS="655" VPOS="1189" WIDTH="116" HEIGHT="27" WC="0.96" CONTENT="intressen,"/><SP WIDTH="21" VPOS="1189" HPOS="771"/>
							<String ID="string_197" HPOS="792" VPOS="1188" WIDTH="109" HEIGHT="22" WC="0.96" CONTENT="förefaller"/><SP WIDTH="15" VPOS="1188" HPOS="901"/>
							<String ID="string_198" HPOS="916" VPOS="1188" WIDTH="38" HEIGHT="21" WC="0.96" CONTENT="det"/>
						</TextLine>
						<TextLine ID="line_25" HPOS="202" VPOS="1223" WIDTH="752" HEIGHT="27">
							<String ID="string_199" HPOS="202" VPOS="1223" WIDTH="45" HEIGHT="27" WC="0.96" CONTENT="mig"/><SP WIDTH="15" VPOS="1223" HPOS="247"/>
							<String ID="string_200" HPOS="262" VPOS="1229" WIDTH="53" HEIGHT="16" WC="0.93" CONTENT="vara"/><SP WIDTH="14" VPOS="1229" HPOS="315"/>
							<String ID="string_201" HPOS="329" VPOS="1225" WIDTH="81" HEIGHT="20" WC="0.92" CONTENT="rättast"/><SP WIDTH="15" VPOS="1225" HPOS="410"/>
							<String ID="string_202" HPOS="425" VPOS="1225" WIDTH="33" HEIGHT="20" WC="0.96" CONTENT="att"/><SP WIDTH="16" VPOS="1225" HPOS="458"/>
							<String ID="string_203" HPOS="474" VPOS="1224" WIDTH="50" HEIGHT="22" WC="0.96" CONTENT="med"/><SP WIDTH="14" VPOS="1224" HPOS="524"/>
							<String ID="string_204" HPOS="538" VPOS="1224" WIDTH="51" HEIGHT="22" WC="0.96" CONTENT="fullt"/><SP WIDTH="15" VPOS="1224" HPOS="589"/>
							<String ID="string_205" HPOS="604" VPOS="1224" WIDTH="125" HEIGHT="22" WC="0.93" CONTENT="förtroende"/><SP WIDTH="11" VPOS="1224" HPOS="729"/>
							<String ID="string_206" HPOS="740" VPOS="1224" WIDTH="133" HEIGHT="22" WC="0.91" CONTENT="öfverlemna"/><SP WIDTH="10" VPOS="1224" HPOS="873"/>
							<String ID="string_207" HPOS="883" VPOS="1225" WIDTH="71" HEIGHT="20" WC="0.96" CONTENT="denna"/>
						</TextLine>
						<TextLine ID="line_26" HPOS="203" VPOS="1259" WIDTH="521" HEIGHT="28">
							<String ID="string_208" HPOS="203" VPOS="1259" WIDTH="67" HEIGHT="26" WC="0.96" CONTENT="detalj"/><SP WIDTH="17" VPOS="1259" HPOS="270"/>
							<String ID="string_209" HPOS="287" VPOS="1259" WIDTH="24" HEIGHT="21" WC="0.96" CONTENT="af"/><SP WIDTH="13" VPOS="1259" HPOS="311"/>
							<String ID="string_210" HPOS="324" VPOS="1259" WIDTH="76" HEIGHT="27" WC="0.96" CONTENT="frågan"/><SP WIDTH="16" VPOS="1259" HPOS="400"/>
							<String ID="string_211" HPOS="416" VPOS="1259" WIDTH="35" HEIGHT="22" WC="0.96" CONTENT="till"/><SP WIDTH="16" VPOS="1259" HPOS="451"/>
							<String ID="string_212" HPOS="467" VPOS="1260" WIDTH="117" HEIGHT="27" WC="0.93" CONTENT="styrelsens"/><SP WIDTH="16" VPOS="1260" HPOS="584"/>
							<String ID="string_213" HPOS="600" VPOS="1260" WIDTH="124" HEIGHT="27" WC="0.92" CONTENT="afgörande."/>
						</TextLine>
					</TextBlock>
					<TextBlock ID="block_4" HPOS="202" VPOS="1295" WIDTH="752" HEIGHT="57">
						<TextLine ID="line_27" HPOS="273" VPOS="1295" WIDTH="681" HEIGHT="28">
							<String ID="string_214" HPOS="273" VPOS="1295" WIDTH="32" HEIGHT="21" WC="0.96" CONTENT="På"/><SP WIDTH="18" VPOS="1295" HPOS="305"/>
							<String ID="string_215" HPOS="323" VPOS="1296" WIDTH="69" HEIGHT="26" WC="0.96" CONTENT="grund"/><SP WIDTH="21" VPOS="1296" HPOS="392"/>
							<String ID="string_216" HPOS="413" VPOS="1296" WIDTH="24" HEIGHT="21" WC="0.96" CONTENT="af"/><SP WIDTH="18" VPOS="1296" HPOS="437"/>
							<String ID="string_217" HPOS="455" VPOS="1296" WIDTH="56" HEIGHT="21" WC="0.96" CONTENT="hvad"/><SP WIDTH="16" VPOS="1296" HPOS="511"/>
							<String ID="string_218" HPOS="527" VPOS="1296" WIDTH="38" HEIGHT="27" WC="0.97" CONTENT="jag"/><SP WIDTH="19" VPOS="1296" HPOS="565"/>
							<String ID="string_219" HPOS="584" VPOS="1296" WIDTH="48" HEIGHT="22" WC="0.94" CONTENT="haft"/><SP WIDTH="18" VPOS="1296" HPOS="632"/>
							<String ID="string_220" HPOS="650" VPOS="1298" WIDTH="54" HEIGHT="20" WC="0.96" CONTENT="äran"/><SP WIDTH="16" VPOS="1298" HPOS="704"/>
							<String ID="string_221" HPOS="720" VPOS="1296" WIDTH="77" HEIGHT="21" WC="0.96" CONTENT="anföra"/><SP WIDTH="16" VPOS="1296" HPOS="797"/>
							<String ID="string_222" HPOS="813" VPOS="1295" WIDTH="91" HEIGHT="22" WC="0.96" CONTENT="föreslår"/><SP WIDTH="12" VPOS="1295" HPOS="904"/>
							<String ID="string_223" HPOS="916" VPOS="1296" WIDTH="38" HEIGHT="26" WC="0.96" CONTENT="jag"/>
						</TextLine>
						<TextLine ID="line_28" HPOS="202" VPOS="1330" WIDTH="112" HEIGHT="22">
							<String ID="string_224" HPOS="202" VPOS="1330" WIDTH="112" HEIGHT="22" WC="0.92" CONTENT="vördsamt"/>
						</TextLine>
					</TextBlock>
					<TextBlock ID="block_5" HPOS="377" VPOS="1366" WIDTH="576" HEIGHT="28">
						<TextLine ID="line_29" HPOS="377" VPOS="1366" WIDTH="576" HEIGHT="28">
							<String ID="string_225" HPOS="377" VPOS="1367" WIDTH="33" HEIGHT="20" WC="0.96" CONTENT="att"/><SP WIDTH="8" VPOS="1367" HPOS="410"/>
							<String ID="string_226" HPOS="418" VPOS="1366" WIDTH="84" HEIGHT="22" WC="0.93" CONTENT="landets"/><SP WIDTH="8" VPOS="1366" HPOS="502"/>
							<String ID="string_227" HPOS="510" VPOS="1366" WIDTH="112" HEIGHT="28" WC="0.90" CONTENT="höglofliga"/><SP WIDTH="7" VPOS="1366" HPOS="622"/>
							<String ID="string_228" HPOS="629" VPOS="1366" WIDTH="95" HEIGHT="22" WC="0.91" CONTENT="Ständer"/><SP WIDTH="7" VPOS="1366" HPOS="724"/>
							<String ID="string_229" HPOS="731" VPOS="1367" WIDTH="66" HEIGHT="21" WC="0.95" CONTENT="måtte"/><SP WIDTH="7" VPOS="1367" HPOS="797"/>
							<String ID="string_230" HPOS="804" VPOS="1366" WIDTH="34" HEIGHT="22" WC="0.93" CONTENT="uti"/><SP WIDTH="7" VPOS="1366" HPOS="838"/>
							<String ID="string_231" HPOS="845" VPOS="1366" WIDTH="108" HEIGHT="27" WC="0.90" CONTENT="aflåtande"/>
						</TextLine>
					</TextBlock>
					<TextBlock ID="block_6" HPOS="345" VPOS="1401" WIDTH="609" HEIGHT="29">
						<TextLine ID="line_30" HPOS="345" VPOS="1401" WIDTH="609" HEIGHT="29">
							<String ID="string_232" HPOS="345" VPOS="1401" WIDTH="139" HEIGHT="29" WC="0.85" CONTENT="underdånig"/><SP WIDTH="11" VPOS="1401" HPOS="484"/>
							<String ID="string_233" HPOS="495" VPOS="1402" WIDTH="92" HEIGHT="28" WC="0.96" CONTENT="petition"/><SP WIDTH="11" VPOS="1402" HPOS="587"/>
							<String ID="string_234" HPOS="598" VPOS="1402" WIDTH="93" HEIGHT="23" WC="0.58" CONTENT="anhålla"/><SP WIDTH="13" VPOS="1402" HPOS="691"/>
							<String ID="string_235" HPOS="704" VPOS="1402" WIDTH="35" HEIGHT="22" WC="0.95" CONTENT="det"/><SP WIDTH="12" VPOS="1402" HPOS="739"/>
							<String ID="string_236" HPOS="751" VPOS="1402" WIDTH="67" HEIGHT="22" WC="0.95" CONTENT="Hans"/><SP WIDTH="13" VPOS="1402" HPOS="818"/>
							<String ID="string_237" HPOS="831" VPOS="1401" WIDTH="123" HEIGHT="29" WC="0.94" CONTENT="Kejserliga"/>
						</TextLine>
					</TextBlock>
					<TextBlock ID="block_7" HPOS="275" VPOS="1436" WIDTH="679" HEIGHT="65">
						<TextLine ID="line_31" HPOS="346" VPOS="1436" WIDTH="608" HEIGHT="30">
							<String ID="string_238" HPOS="346" VPOS="1436" WIDTH="105" HEIGHT="29" WC="0.92" CONTENT="Majestät"/><SP WIDTH="12" VPOS="1436" HPOS="451"/>
							<String ID="string_239" HPOS="463" VPOS="1438" WIDTH="50" HEIGHT="22" WC="0.93" CONTENT="ville"/><SP WIDTH="13" VPOS="1438" HPOS="513"/>
							<String ID="string_240" HPOS="526" VPOS="1438" WIDTH="92" HEIGHT="28" WC="0.91" CONTENT="behjerta"/><SP WIDTH="14" VPOS="1438" HPOS="618"/>
							<String ID="string_241" HPOS="632" VPOS="1438" WIDTH="96" HEIGHT="27" WC="0.88" CONTENT="behofvet"/><SP WIDTH="10" VPOS="1438" HPOS="728"/>
							<String ID="string_242" HPOS="738" VPOS="1437" WIDTH="30" HEIGHT="27" WC="0.96" CONTENT="af"/><SP WIDTH="7" VPOS="1437" HPOS="768"/>
							<String ID="string_243" HPOS="775" VPOS="1440" WIDTH="30" HEIGHT="20" WC="0.96" CONTENT="ett"/><SP WIDTH="11" VPOS="1440" HPOS="805"/>
							<String ID="string_244" HPOS="816" VPOS="1438" WIDTH="65" HEIGHT="28" WC="0.93" CONTENT="högre"/><SP WIDTH="10" VPOS="1438" HPOS="881"/>
							<String ID="string_245" HPOS="891" VPOS="1437" WIDTH="63" HEIGHT="23" WC="0.91" CONTENT="land-"/>
						</TextLine>
						<TextLine ID="line_32" HPOS="275" VPOS="1479" WIDTH="524" HEIGHT="22">
							<String ID="string_246" HPOS="275" VPOS="1479" WIDTH="106" HEIGHT="21" WC="0.93" CONTENT="Allmänna"/><SP WIDTH="15" VPOS="1479" HPOS="381"/>
							<String ID="string_247" HPOS="396" VPOS="1480" WIDTH="183" HEIGHT="21" WC="0.90" CONTENT="Besvärsutskottets"/><SP WIDTH="15" VPOS="1480" HPOS="579"/>
							<String ID="string_248" HPOS="594" VPOS="1480" WIDTH="118" HEIGHT="21" WC="0.96" CONTENT="betänkande"/><SP WIDTH="15" VPOS="1480" HPOS="712"/>
							<String ID="string_249" HPOS="727" VPOS="1481" WIDTH="38" HEIGHT="20" WC="0.96" CONTENT="N:o"/><SP WIDTH="16" VPOS="1481" HPOS="765"/>
							<String ID="string_250" HPOS="781" VPOS="1482" WIDTH="18" HEIGHT="18" WC="0.96" CONTENT="3."/>
						</TextLine>
					</TextBlock>
				</ComposedBlock>
			</PrintSpace>
		</Page>
	</Layout>
</alto>
