<?xml version="1.0" encoding="UTF-8"?>
<alto xmlns="http://www.loc.gov/standards/alto/ns-v3#" xmlns:xlink="http://www.w3.org/1999/xlink" xmlns:xsi="http://www.w3.org/2001/XMLSchema-instance" xsi:schemaLocation="http://www.loc.gov/standards/alto/ns-v3# http://www.loc.gov/alto/v3/alto-3-0.xsd">
	<Description>
		<MeasurementUnit>pixel</MeasurementUnit>
		<sourceImageInformation>
			<fileName>/tmp/tess_ytcyim77_input.PNG</fileName>
		</sourceImageInformation>
		<OCRProcessing ID="OCR_0">
			<ocrProcessingStep>
				<processingSoftware>
					<softwareName>tesseract 5.3.4</softwareName>
				</processingSoftware>
			</ocrProcessingStep>
		</OCRProcessing>
	</Description>
	<Layout>
		<Page WIDTH="1061" HEIGHT="1717" PHYSICAL_IMG_NR="0" ID="page_0">
			<PrintSpace HPOS="0" VPOS="0" WIDTH="1061" HEIGHT="1717">
				<GraphicalElement ID="cblock_0" HPOS="0" VPOS="484" WIDTH="4" HEIGHT="499"></GraphicalElement >
				<ComposedBlock ID="cblock_1" HPOS="226" VPOS="101" WIDTH="519" HEIGHT="24">
					<TextBlock ID="block_0" HPOS="226" VPOS="101" WIDTH="519" HEIGHT="24">
						<TextLine ID="line_0" HPOS="226" VPOS="101" WIDTH="519" HEIGHT="24">
							<String ID="string_0" HPOS="226" VPOS="102" WIDTH="14" HEIGHT="22" WC="0.96" CONTENT="2"/><SP WIDTH="176" VPOS="102" HPOS="240"/>
							<String ID="string_1" HPOS="416" VPOS="101" WIDTH="239" HEIGHT="24" WC="0.92" CONTENT="Petitionsbetänkande"/><SP WIDTH="15" VPOS="101" HPOS="655"/>
							<String ID="string_2" HPOS="670" VPOS="103" WIDTH="39" HEIGHT="22" WC="0.93" CONTENT="N:o"/><SP WIDTH="16" VPOS="103" HPOS="709"/>
							<String ID="string_3" HPOS="725" VPOS="101" WIDTH="20" HEIGHT="23" WC="0.96" CONTENT="7."/>
						</TextLine>
					</TextBlock>
				</ComposedBlock>
				<ComposedBlock ID="cblock_2" HPOS="211" VPOS="167" WIDTH="735" HEIGHT="147">
					<TextBlock ID="block_1" HPOS="215" VPOS="167" WIDTH="731" HEIGHT="143">
						<TextLine ID="line_1" HPOS="374" VPOS="167" WIDTH="572" HEIGHT="24">
							<String ID="string_4" HPOS="374" VPOS="168" WIDTH="27" HEIGHT="18" WC="0.94" CONTENT="att"/><SP WIDTH="15" VPOS="168" HPOS="401"/>
							<String ID="string_5" HPOS="416" VPOS="167" WIDTH="68" HEIGHT="19" WC="0.96" CONTENT="landets"/><SP WIDTH="15" VPOS="167" HPOS="484"/>
							<String ID="string_6" HPOS="499" VPOS="174" WIDTH="26" HEIGHT="12" WC="0.96" CONTENT="nu"/><SP WIDTH="10" VPOS="174" HPOS="525"/>
							<String ID="string_7" HPOS="535" VPOS="168" WIDTH="79" HEIGHT="19" WC="0.96" CONTENT="samlade"/><SP WIDTH="12" VPOS="168" HPOS="614"/>
							<String ID="string_8" HPOS="626" VPOS="168" WIDTH="64" HEIGHT="19" WC="0.96" CONTENT="ombud"/><SP WIDTH="12" VPOS="168" HPOS="690"/>
							<String ID="string_9" HPOS="702" VPOS="168" WIDTH="53" HEIGHT="18" WC="0.95" CONTENT="måtte"/><SP WIDTH="12" VPOS="168" HPOS="755"/>
							<String ID="string_10" HPOS="767" VPOS="167" WIDTH="63" HEIGHT="24" WC="0.93" CONTENT="bevilja"/><SP WIDTH="11" VPOS="167" HPOS="830"/>
							<String ID="string_11" HPOS="841" VPOS="167" WIDTH="61" HEIGHT="24" WC="0.90" CONTENT="nödigt"/><SP WIDTH="12" VPOS="167" HPOS="902"/>
							<String ID="string_12" HPOS="914" VPOS="173" WIDTH="32" HEIGHT="13" WC="0.89" CONTENT="an-"/>
						</TextLine>
						<TextLine ID="line_2" HPOS="338" VPOS="197" WIDTH="608" HEIGHT="25">
							<String ID="string_13" HPOS="338" VPOS="197" WIDTH="37" HEIGHT="23" WC="0.96" CONTENT="slag"/><SP WIDTH="16" VPOS="197" HPOS="375"/>
							<String ID="string_14" HPOS="391" VPOS="192" WIDTH="37" HEIGHT="34" WC="0.96" CONTENT="till"/><SP WIDTH="10" VPOS="192" HPOS="428"/>
							<String ID="string_15" HPOS="438" VPOS="192" WIDTH="58" HEIGHT="34" WC="0.95" CONTENT="sådan"/><SP WIDTH="14" VPOS="192" HPOS="496"/>
							<String ID="string_16" HPOS="510" VPOS="192" WIDTH="113" HEIGHT="34" WC="0.46" CONTENT="utvidgning"/><SP WIDTH="15" VPOS="192" HPOS="623"/>
							<String ID="string_17" HPOS="638" VPOS="192" WIDTH="25" HEIGHT="34" WC="0.96" CONTENT="af"/><SP WIDTH="11" VPOS="192" HPOS="663"/>
							<String ID="string_18" HPOS="674" VPOS="192" WIDTH="39" HEIGHT="34" WC="0.96" CONTENT="den"/><SP WIDTH="14" VPOS="192" HPOS="713"/>
							<String ID="string_19" HPOS="727" VPOS="197" WIDTH="219" HEIGHT="24" WC="0.93" CONTENT="kombinerade"/><SP WIDTH="-83" VPOS="197" HPOS="946"/>
							<String ID="string_20" HPOS="863" VPOS="192" WIDTH="43" HEIGHT="34" WC="0.92" CONTENT="kur-"/><SP WIDTH="11" VPOS="192" HPOS="906"/>
							<String ID="string_21" HPOS="917" VPOS="192" WIDTH="32" HEIGHT="34" WC="0.96" CONTENT="och"/>
						</TextLine>
						<TextLine ID="line_3" HPOS="337" VPOS="226" WIDTH="607" HEIGHT="25">
							<String ID="string_22" HPOS="337" VPOS="226" WIDTH="132" HEIGHT="19" WC="0.83" CONTENT="vårdanstalten"/><SP WIDTH="12" VPOS="226" HPOS="469"/>
							<String ID="string_23" HPOS="481" VPOS="227" WIDTH="13" HEIGHT="19" WC="0.84" CONTENT="å"/><SP WIDTH="11" VPOS="227" HPOS="494"/>
							<String ID="string_24" HPOS="505" VPOS="227" WIDTH="95" HEIGHT="24" WC="0.81" CONTENT="Fagernäs"/><SP WIDTH="11" VPOS="227" HPOS="600"/>
							<String ID="string_25" HPOS="611" VPOS="228" WIDTH="84" HEIGHT="18" WC="0.96" CONTENT="hemman"/><SP WIDTH="11" VPOS="228" HPOS="695"/>
							<String ID="string_26" HPOS="706" VPOS="227" WIDTH="51" HEIGHT="19" WC="0.96" CONTENT="invid"/><SP WIDTH="6" VPOS="227" HPOS="757"/>
							<String ID="string_27" HPOS="763" VPOS="227" WIDTH="76" HEIGHT="24" WC="0.96" CONTENT="Kuopio,"/><SP WIDTH="8" VPOS="227" HPOS="839"/>
							<String ID="string_28" HPOS="847" VPOS="228" WIDTH="27" HEIGHT="18" WC="0.96" CONTENT="att"/><SP WIDTH="7" VPOS="228" HPOS="874"/>
							<String ID="string_29" HPOS="881" VPOS="227" WIDTH="63" HEIGHT="22" WC="0.96" CONTENT="denna,"/>
						</TextLine>
						<TextLine ID="line_4" HPOS="333" VPOS="256" WIDTH="612" HEIGHT="25">
							<String ID="string_30" HPOS="333" VPOS="256" WIDTH="36" HEIGHT="24" WC="0.91" CONTENT="för"/><SP WIDTH="17" VPOS="256" HPOS="369"/>
							<String ID="string_31" HPOS="386" VPOS="256" WIDTH="114" HEIGHT="19" WC="0.91" CONTENT="etthundrade"/><SP WIDTH="15" VPOS="256" HPOS="500"/>
							<String ID="string_32" HPOS="515" VPOS="258" WIDTH="89" HEIGHT="23" WC="0.96" CONTENT="patienter"/><SP WIDTH="18" VPOS="258" HPOS="604"/>
							<String ID="string_33" HPOS="622" VPOS="257" WIDTH="99" HEIGHT="19" WC="0.96" CONTENT="beräknade"/><SP WIDTH="16" VPOS="257" HPOS="721"/>
							<String ID="string_34" HPOS="737" VPOS="257" WIDTH="101" HEIGHT="23" WC="0.96" CONTENT="inrättning"/><SP WIDTH="11" VPOS="257" HPOS="838"/>
							<String ID="string_35" HPOS="849" VPOS="257" WIDTH="57" HEIGHT="19" WC="0.93" CONTENT="kunde"/><SP WIDTH="11" VPOS="257" HPOS="906"/>
							<String ID="string_36" HPOS="917" VPOS="256" WIDTH="28" HEIGHT="19" WC="0.93" CONTENT="in-"/>
						</TextLine>
						<TextLine ID="line_5" HPOS="211" VPOS="281" WIDTH="428" HEIGHT="33">
							<String ID="string_37" HPOS="211" VPOS="281" WIDTH="24" HEIGHT="33" WC="0.57" CONTENT="PS"/><SP WIDTH="102" VPOS="281" HPOS="235"/>
							<String ID="string_38" HPOS="337" VPOS="292" WIDTH="72" HEIGHT="18" WC="0.94" CONTENT="rymma"/><SP WIDTH="11" VPOS="292" HPOS="409"/>
							<String ID="string_39" HPOS="420" VPOS="287" WIDTH="102" HEIGHT="23" WC="0.64" CONTENT="ytterligare"/><SP WIDTH="11" VPOS="287" HPOS="522"/>
							<String ID="string_40" HPOS="533" VPOS="287" WIDTH="106" HEIGHT="19" WC="0.92" CONTENT="tvähundra."/>
						</TextLine>
					</TextBlock>
				</ComposedBlock>
				<ComposedBlock ID="cblock_3" HPOS="619" VPOS="346" WIDTH="255" HEIGHT="24">
					<TextBlock ID="block_2" HPOS="619" VPOS="346" WIDTH="255" HEIGHT="24">
						<TextLine ID="line_6" HPOS="619" VPOS="346" WIDTH="255" HEIGHT="24">
							<String ID="string_41" HPOS="619" VPOS="346" WIDTH="63" HEIGHT="24" WC="0.96" CONTENT="Felix"/><SP WIDTH="14" VPOS="346" HPOS="682"/>
							<String ID="string_42" HPOS="696" VPOS="353" WIDTH="20" HEIGHT="16" WC="0.93" CONTENT="v."/><SP WIDTH="16" VPOS="353" HPOS="716"/>
							<String ID="string_43" HPOS="732" VPOS="346" WIDTH="142" HEIGHT="23" WC="0.92" CONTENT="Willebrand."/>
						</TextLine>
					</TextBlock>
				</ComposedBlock>
				<ComposedBlock ID="cblock_4" HPOS="349" VPOS="430" WIDTH="440" HEIGHT="19">
					<TextBlock ID="block_3" HPOS="349" VPOS="430" WIDTH="440" HEIGHT="19">
						<TextLine ID="line_7" HPOS="349" VPOS="430" WIDTH="440" HEIGHT="19">
							<String ID="string_44" HPOS="349" VPOS="430" WIDTH="44" HEIGHT="18" WC="0.95" CONTENT="Till"/><SP WIDTH="13" VPOS="430" HPOS="393"/>
							<String ID="string_45" HPOS="406" VPOS="430" WIDTH="36" HEIGHT="18" WC="0.93" CONTENT="det"/><SP WIDTH="11" VPOS="430" HPOS="442"/>
							<String ID="string_46" HPOS="453" VPOS="430" WIDTH="149" HEIGHT="19" WC="0.92" CONTENT="Hedervärda"/><SP WIDTH="11" VPOS="430" HPOS="602"/>
							<String ID="string_47" HPOS="613" VPOS="430" WIDTH="176" HEIGHT="19" WC="0.92" CONTENT="Bondeständet."/>
						</TextLine>
					</TextBlock>
				</ComposedBlock>
				<ComposedBlock ID="cblock_5" HPOS="187" VPOS="478" WIDTH="758" HEIGHT="1004">
					<TextBlock ID="block_4" HPOS="187" VPOS="478" WIDTH="758" HEIGHT="1004">
						<TextLine ID="line_8" HPOS="265" VPOS="478" WIDTH="680" HEIGHT="23">
							<String ID="string_48" HPOS="265" VPOS="478" WIDTH="49" HEIGHT="18" WC="0.93" CONTENT="Efter"/><SP WIDTH="12" VPOS="478" HPOS="314"/>
							<String ID="string_49" HPOS="326" VPOS="479" WIDTH="70" HEIGHT="17" WC="0.96" CONTENT="uttalad"/><SP WIDTH="12" VPOS="479" HPOS="396"/>
							<String ID="string_50" HPOS="408" VPOS="479" WIDTH="69" HEIGHT="17" WC="0.96" CONTENT="önskan"/><SP WIDTH="13" VPOS="479" HPOS="477"/>
							<String ID="string_51" HPOS="490" VPOS="479" WIDTH="21" HEIGHT="17" WC="0.93" CONTENT="af"/><SP WIDTH="11" VPOS="479" HPOS="511"/>
							<String ID="string_52" HPOS="522" VPOS="479" WIDTH="98" HEIGHT="17" WC="0.92" CONTENT="Ständerna"/><SP WIDTH="13" VPOS="479" HPOS="620"/>
							<String ID="string_53" HPOS="633" VPOS="479" WIDTH="31" HEIGHT="17" WC="0.96" CONTENT="vid"/><SP WIDTH="14" VPOS="479" HPOS="664"/>
							<String ID="string_54" HPOS="678" VPOS="479" WIDTH="47" HEIGHT="18" WC="0.93" CONTENT="1872"/><SP WIDTH="13" VPOS="479" HPOS="725"/>
							<String ID="string_55" HPOS="738" VPOS="479" WIDTH="28" HEIGHT="17" WC="0.92" CONTENT="års"/><SP WIDTH="13" VPOS="479" HPOS="766"/>
							<String ID="string_56" HPOS="779" VPOS="479" WIDTH="88" HEIGHT="22" WC="0.92" CONTENT="landtdag"/><SP WIDTH="13" VPOS="479" HPOS="867"/>
							<String ID="string_57" HPOS="880" VPOS="479" WIDTH="39" HEIGHT="17" WC="0.96" CONTENT="blef"/><SP WIDTH="6" VPOS="479" HPOS="919"/>
							<String ID="string_58" HPOS="925" VPOS="478" WIDTH="20" HEIGHT="17" WC="0.63" CONTENT="af"/>
						</TextLine>
						<TextLine ID="line_9" HPOS="194" VPOS="508" WIDTH="749" HEIGHT="23">
							<String ID="string_59" HPOS="194" VPOS="508" WIDTH="91" HEIGHT="21" WC="0.96" CONTENT="Styrelsen"/><SP WIDTH="12" VPOS="508" HPOS="285"/>
							<String ID="string_60" HPOS="297" VPOS="514" WIDTH="21" HEIGHT="11" WC="0.93" CONTENT="en"/><SP WIDTH="12" VPOS="514" HPOS="318"/>
							<String ID="string_61" HPOS="330" VPOS="509" WIDTH="67" HEIGHT="17" WC="0.84" CONTENT="komitö"/><SP WIDTH="12" VPOS="509" HPOS="397"/>
							<String ID="string_62" HPOS="409" VPOS="509" WIDTH="21" HEIGHT="16" WC="0.96" CONTENT="af"/><SP WIDTH="10" VPOS="509" HPOS="430"/>
							<String ID="string_63" HPOS="440" VPOS="509" WIDTH="117" HEIGHT="22" WC="0.96" CONTENT="sakkunniga"/><SP WIDTH="12" VPOS="509" HPOS="557"/>
							<String ID="string_64" HPOS="569" VPOS="514" WIDTH="84" HEIGHT="17" WC="0.93" CONTENT="personer"/><SP WIDTH="12" VPOS="514" HPOS="653"/>
							<String ID="string_65" HPOS="665" VPOS="509" WIDTH="73" HEIGHT="17" WC="0.96" CONTENT="nedsatt"/><SP WIDTH="11" VPOS="509" HPOS="738"/>
							<String ID="string_66" HPOS="749" VPOS="510" WIDTH="28" HEIGHT="15" WC="0.96" CONTENT="att"/><SP WIDTH="8" VPOS="510" HPOS="777"/>
							<String ID="string_67" HPOS="785" VPOS="509" WIDTH="82" HEIGHT="16" WC="0.96" CONTENT="utarbeta"/><SP WIDTH="8" VPOS="509" HPOS="867"/>
							<String ID="string_68" HPOS="875" VPOS="508" WIDTH="68" HEIGHT="23" WC="0.96" CONTENT="förslag"/>
						</TextLine>
						<TextLine ID="line_10" HPOS="192" VPOS="538" WIDTH="751" HEIGHT="22">
							<String ID="string_69" HPOS="192" VPOS="538" WIDTH="31" HEIGHT="17" WC="0.92" CONTENT="till"/><SP WIDTH="15" VPOS="538" HPOS="223"/>
							<String ID="string_70" HPOS="238" VPOS="539" WIDTH="150" HEIGHT="21" WC="0.91" CONTENT="omorganisation"/><SP WIDTH="15" VPOS="539" HPOS="388"/>
							<String ID="string_71" HPOS="403" VPOS="538" WIDTH="20" HEIGHT="17" WC="0.93" CONTENT="af"/><SP WIDTH="10" VPOS="538" HPOS="423"/>
							<String ID="string_72" HPOS="433" VPOS="539" WIDTH="172" HEIGHT="21" WC="0.92" CONTENT="sinnessjukvärden"/><SP WIDTH="12" VPOS="539" HPOS="605"/>
							<String ID="string_73" HPOS="617" VPOS="539" WIDTH="7" HEIGHT="16" WC="0.96" CONTENT="i"/><SP WIDTH="12" VPOS="539" HPOS="624"/>
							<String ID="string_74" HPOS="636" VPOS="539" WIDTH="68" HEIGHT="21" WC="0.96" CONTENT="landet,"/><SP WIDTH="13" VPOS="539" HPOS="704"/>
							<String ID="string_75" HPOS="717" VPOS="538" WIDTH="34" HEIGHT="17" WC="0.93" CONTENT="och"/><SP WIDTH="13" VPOS="538" HPOS="751"/>
							<String ID="string_76" HPOS="764" VPOS="538" WIDTH="40" HEIGHT="17" WC="0.92" CONTENT="blef"/><SP WIDTH="10" VPOS="538" HPOS="804"/>
							<String ID="string_77" HPOS="814" VPOS="538" WIDTH="50" HEIGHT="17" WC="0.96" CONTENT="detta"/><SP WIDTH="12" VPOS="538" HPOS="864"/>
							<String ID="string_78" HPOS="876" VPOS="538" WIDTH="67" HEIGHT="22" WC="0.96" CONTENT="förslag"/>
						</TextLine>
						<TextLine ID="line_11" HPOS="193" VPOS="568" WIDTH="749" HEIGHT="23">
							<String ID="string_79" HPOS="193" VPOS="568" WIDTH="99" HEIGHT="17" WC="0.96" CONTENT="sedermera"/><SP WIDTH="17" VPOS="568" HPOS="292"/>
							<String ID="string_80" HPOS="309" VPOS="568" WIDTH="20" HEIGHT="17" WC="0.93" CONTENT="af"/><SP WIDTH="14" VPOS="568" HPOS="329"/>
							<String ID="string_81" HPOS="343" VPOS="568" WIDTH="90" HEIGHT="21" WC="0.92" CONTENT="Styrelsen"/><SP WIDTH="13" VPOS="568" HPOS="433"/>
							<String ID="string_82" HPOS="446" VPOS="568" WIDTH="98" HEIGHT="22" WC="0.92" CONTENT="framlagdt"/><SP WIDTH="12" VPOS="568" HPOS="544"/>
							<String ID="string_83" HPOS="556" VPOS="568" WIDTH="31" HEIGHT="17" WC="0.93" CONTENT="vid"/><SP WIDTH="13" VPOS="568" HPOS="587"/>
							<String ID="string_84" HPOS="600" VPOS="568" WIDTH="137" HEIGHT="23" WC="0.92" CONTENT="derpäföljande"/><SP WIDTH="13" VPOS="568" HPOS="737"/>
							<String ID="string_85" HPOS="750" VPOS="568" WIDTH="47" HEIGHT="17" WC="0.93" CONTENT="1877"/><SP WIDTH="12" VPOS="568" HPOS="797"/>
							<String ID="string_86" HPOS="809" VPOS="569" WIDTH="29" HEIGHT="16" WC="0.91" CONTENT="års"/><SP WIDTH="12" VPOS="569" HPOS="838"/>
							<String ID="string_87" HPOS="850" VPOS="568" WIDTH="92" HEIGHT="21" WC="0.92" CONTENT="landtdag,"/>
						</TextLine>
						<TextLine ID="line_12" HPOS="192" VPOS="598" WIDTH="752" HEIGHT="22">
							<String ID="string_88" HPOS="192" VPOS="598" WIDTH="77" HEIGHT="17" WC="0.95" CONTENT="hvarvid"/><SP WIDTH="15" VPOS="598" HPOS="269"/>
							<String ID="string_89" HPOS="284" VPOS="598" WIDTH="96" HEIGHT="17" WC="0.96" CONTENT="detsamma"/><SP WIDTH="12" VPOS="598" HPOS="380"/>
							<String ID="string_90" HPOS="392" VPOS="599" WIDTH="6" HEIGHT="16" WC="0.96" CONTENT="i"/><SP WIDTH="12" VPOS="599" HPOS="398"/>
							<String ID="string_91" HPOS="410" VPOS="599" WIDTH="28" HEIGHT="16" WC="0.92" CONTENT="sin"/><SP WIDTH="12" VPOS="599" HPOS="438"/>
							<String ID="string_92" HPOS="450" VPOS="599" WIDTH="62" HEIGHT="16" WC="0.96" CONTENT="helhet"/><SP WIDTH="12" VPOS="599" HPOS="512"/>
							<String ID="string_93" HPOS="524" VPOS="598" WIDTH="21" HEIGHT="17" WC="0.93" CONTENT="af"/><SP WIDTH="10" VPOS="598" HPOS="545"/>
							<String ID="string_94" HPOS="555" VPOS="599" WIDTH="99" HEIGHT="16" WC="0.92" CONTENT="Ständerna"/><SP WIDTH="12" VPOS="599" HPOS="654"/>
							<String ID="string_95" HPOS="666" VPOS="600" WIDTH="69" HEIGHT="20" WC="0.96" CONTENT="antogs."/><SP WIDTH="22" VPOS="600" HPOS="735"/>
							<String ID="string_96" HPOS="757" VPOS="599" WIDTH="9" HEIGHT="16" WC="0.95" CONTENT="I"/><SP WIDTH="13" VPOS="599" HPOS="766"/>
							<String ID="string_97" HPOS="779" VPOS="598" WIDTH="80" HEIGHT="21" WC="0.93" CONTENT="enlighet"/><SP WIDTH="12" VPOS="598" HPOS="859"/>
							<String ID="string_98" HPOS="871" VPOS="598" WIDTH="73" HEIGHT="17" WC="0.96" CONTENT="härmed"/>
						</TextLine>
						<TextLine ID="line_13" HPOS="190" VPOS="627" WIDTH="752" HEIGHT="23">
							<String ID="string_99" HPOS="190" VPOS="628" WIDTH="61" HEIGHT="17" WC="0.96" CONTENT="skulle"/><SP WIDTH="12" VPOS="628" HPOS="251"/>
							<String ID="string_100" HPOS="263" VPOS="628" WIDTH="32" HEIGHT="17" WC="0.96" CONTENT="det"/><SP WIDTH="11" VPOS="628" HPOS="295"/>
							<String ID="string_101" HPOS="306" VPOS="627" WIDTH="84" HEIGHT="23" WC="0.96" CONTENT="uppföras"/><SP WIDTH="12" VPOS="627" HPOS="390"/>
							<String ID="string_102" HPOS="402" VPOS="628" WIDTH="7" HEIGHT="17" WC="0.96" CONTENT="i"/><SP WIDTH="11" VPOS="628" HPOS="409"/>
							<String ID="string_103" HPOS="420" VPOS="628" WIDTH="128" HEIGHT="22" WC="0.95" CONTENT="sammanhang"/><SP WIDTH="12" VPOS="628" HPOS="548"/>
							<String ID="string_104" HPOS="560" VPOS="628" WIDTH="40" HEIGHT="17" WC="0.93" CONTENT="med"/><SP WIDTH="12" VPOS="628" HPOS="600"/>
							<String ID="string_105" HPOS="612" VPOS="628" WIDTH="140" HEIGHT="17" WC="0.91" CONTENT="länelasaretten"/><SP WIDTH="13" VPOS="628" HPOS="752"/>
							<String ID="string_106" HPOS="765" VPOS="628" WIDTH="6" HEIGHT="16" WC="0.96" CONTENT="i"/><SP WIDTH="14" VPOS="628" HPOS="771"/>
							<String ID="string_107" HPOS="785" VPOS="628" WIDTH="93" HEIGHT="21" WC="0.93" CONTENT="Uleåborg,"/><SP WIDTH="9" VPOS="628" HPOS="878"/>
							<String ID="string_108" HPOS="887" VPOS="628" WIDTH="55" HEIGHT="17" WC="0.92" CONTENT="Niko-"/>
						</TextLine>
						<TextLine ID="line_14" HPOS="190" VPOS="653" WIDTH="752" HEIGHT="27">
							<String ID="string_109" HPOS="190" VPOS="657" WIDTH="72" HEIGHT="22" WC="0.87" CONTENT="Jaistad,"/><SP WIDTH="19" VPOS="657" HPOS="262"/>
							<String ID="string_110" HPOS="281" VPOS="653" WIDTH="44" HEIGHT="25" WC="0.93" CONTENT="Åbo,"/><SP WIDTH="18" VPOS="653" HPOS="325"/>
							<String ID="string_111" HPOS="343" VPOS="657" WIDTH="73" HEIGHT="22" WC="0.93" CONTENT="Wiborg"/><SP WIDTH="18" VPOS="657" HPOS="416"/>
							<String ID="string_112" HPOS="434" VPOS="658" WIDTH="33" HEIGHT="17" WC="0.96" CONTENT="och"/><SP WIDTH="13" VPOS="658" HPOS="467"/>
							<String ID="string_113" HPOS="480" VPOS="659" WIDTH="25" HEIGHT="16" WC="0.95" CONTENT="S:t"/><SP WIDTH="12" VPOS="659" HPOS="505"/>
							<String ID="string_114" HPOS="517" VPOS="658" WIDTH="66" HEIGHT="17" WC="0.96" CONTENT="Michel"/><SP WIDTH="12" VPOS="658" HPOS="583"/>
							<String ID="string_115" HPOS="595" VPOS="658" WIDTH="69" HEIGHT="17" WC="0.93" CONTENT="mindre"/><SP WIDTH="12" VPOS="658" HPOS="664"/>
							<String ID="string_116" HPOS="676" VPOS="658" WIDTH="43" HEIGHT="17" WC="0.93" CONTENT="kur-"/><SP WIDTH="13" VPOS="658" HPOS="719"/>
							<String ID="string_117" HPOS="732" VPOS="657" WIDTH="46" HEIGHT="18" WC="0.96" CONTENT="eller"/><SP WIDTH="12" VPOS="657" HPOS="778"/>
							<String ID="string_118" HPOS="790" VPOS="657" WIDTH="94" HEIGHT="18" WC="0.93" CONTENT="såkallade"/><SP WIDTH="14" VPOS="657" HPOS="884"/>
							<String ID="string_119" HPOS="898" VPOS="663" WIDTH="44" HEIGHT="17" WC="0.92" CONTENT="upp-"/>
						</TextLine>
						<TextLine ID="line_15" HPOS="190" VPOS="687" WIDTH="754" HEIGHT="22">
							<String ID="string_120" HPOS="190" VPOS="687" WIDTH="172" HEIGHT="22" WC="0.92" CONTENT="tagningsanstalter"/><SP WIDTH="11" VPOS="687" HPOS="362"/>
							<String ID="string_121" HPOS="373" VPOS="687" WIDTH="41" HEIGHT="17" WC="0.93" CONTENT="med"/><SP WIDTH="12" VPOS="687" HPOS="414"/>
							<String ID="string_122" HPOS="426" VPOS="688" WIDTH="52" HEIGHT="21" WC="0.91" CONTENT="tjugu"/><SP WIDTH="12" VPOS="688" HPOS="478"/>
							<String ID="string_123" HPOS="490" VPOS="687" WIDTH="111" HEIGHT="22" WC="0.91" CONTENT="sjukplatser"/><SP WIDTH="12" VPOS="687" HPOS="601"/>
							<String ID="string_124" HPOS="613" VPOS="688" WIDTH="11" HEIGHT="16" WC="0.92" CONTENT="å"/><SP WIDTH="12" VPOS="688" HPOS="624"/>
							<String ID="string_125" HPOS="636" VPOS="688" WIDTH="63" HEIGHT="21" WC="0.95" CONTENT="hvarje"/><SP WIDTH="12" VPOS="688" HPOS="699"/>
							<String ID="string_126" HPOS="711" VPOS="687" WIDTH="21" HEIGHT="18" WC="0.97" CONTENT="af"/><SP WIDTH="11" VPOS="687" HPOS="732"/>
							<String ID="string_127" HPOS="743" VPOS="687" WIDTH="22" HEIGHT="17" WC="0.93" CONTENT="de"/><SP WIDTH="9" VPOS="687" HPOS="765"/>
							<String ID="string_128" HPOS="774" VPOS="687" WIDTH="40" HEIGHT="22" WC="0.95" CONTENT="fyra"/><SP WIDTH="8" VPOS="687" HPOS="814"/>
							<String ID="string_129" HPOS="822" VPOS="687" WIDTH="122" HEIGHT="18" WC="0.96" CONTENT="förstnämnda"/>
						</TextLine>
						<TextLine ID="line_16" HPOS="191" VPOS="717" WIDTH="753" HEIGHT="22">
							<String ID="string_130" HPOS="191" VPOS="719" WIDTH="76" HEIGHT="19" WC="0.91" CONTENT="orterna,"/><SP WIDTH="12" VPOS="719" HPOS="267"/>
							<String ID="string_131" HPOS="279" VPOS="719" WIDTH="45" HEIGHT="15" WC="0.96" CONTENT="samt"/><SP WIDTH="12" VPOS="719" HPOS="324"/>
							<String ID="string_132" HPOS="336" VPOS="717" WIDTH="40" HEIGHT="17" WC="0.93" CONTENT="med"/><SP WIDTH="12" VPOS="717" HPOS="376"/>
							<String ID="string_133" HPOS="388" VPOS="717" WIDTH="35" HEIGHT="17" WC="0.92" CONTENT="tolf"/><SP WIDTH="11" VPOS="717" HPOS="423"/>
							<String ID="string_134" HPOS="434" VPOS="717" WIDTH="109" HEIGHT="22" WC="0.93" CONTENT="sjukplatser"/><SP WIDTH="12" VPOS="717" HPOS="543"/>
							<String ID="string_135" HPOS="555" VPOS="717" WIDTH="8" HEIGHT="17" WC="0.96" CONTENT="i"/><SP WIDTH="12" VPOS="717" HPOS="563"/>
							<String ID="string_136" HPOS="575" VPOS="718" WIDTH="25" HEIGHT="16" WC="0.89" CONTENT="S:t"/><SP WIDTH="11" VPOS="718" HPOS="600"/>
							<String ID="string_137" HPOS="611" VPOS="717" WIDTH="71" HEIGHT="21" WC="0.93" CONTENT="Michel,"/><SP WIDTH="17" VPOS="717" HPOS="682"/>
							<String ID="string_138" HPOS="699" VPOS="717" WIDTH="104" HEIGHT="17" WC="0.92" CONTENT="beräknade"/><SP WIDTH="8" VPOS="717" HPOS="803"/>
							<String ID="string_139" HPOS="811" VPOS="717" WIDTH="27" HEIGHT="17" WC="0.96" CONTENT="för"/><SP WIDTH="9" VPOS="717" HPOS="838"/>
							<String ID="string_140" HPOS="847" VPOS="717" WIDTH="33" HEIGHT="17" WC="0.96" CONTENT="den"/><SP WIDTH="8" VPOS="717" HPOS="880"/>
							<String ID="string_141" HPOS="888" VPOS="717" WIDTH="56" HEIGHT="17" WC="0.96" CONTENT="första"/>
						</TextLine>
						<TextLine ID="line_17" HPOS="190" VPOS="747" WIDTH="753" HEIGHT="22">
							<String ID="string_142" HPOS="190" VPOS="747" WIDTH="134" HEIGHT="22" WC="0.82" CONTENT="behandlingen"/><SP WIDTH="15" VPOS="747" HPOS="324"/>
							<String ID="string_143" HPOS="339" VPOS="747" WIDTH="20" HEIGHT="16" WC="0.93" CONTENT="af"/><SP WIDTH="13" VPOS="747" HPOS="359"/>
							<String ID="string_144" HPOS="372" VPOS="752" WIDTH="43" HEIGHT="16" WC="0.92" CONTENT="nyss"/><SP WIDTH="17" VPOS="752" HPOS="415"/>
							<String ID="string_145" HPOS="432" VPOS="747" WIDTH="108" HEIGHT="21" WC="0.92" CONTENT="insjuknade"/><SP WIDTH="17" VPOS="747" HPOS="540"/>
							<String ID="string_146" HPOS="557" VPOS="747" WIDTH="141" HEIGHT="17" WC="0.92" CONTENT="sinnesrubbade"/><SP WIDTH="15" VPOS="747" HPOS="698"/>
							<String ID="string_147" HPOS="713" VPOS="752" WIDTH="85" HEIGHT="17" WC="0.96" CONTENT="personer"/><SP WIDTH="11" VPOS="752" HPOS="798"/>
							<String ID="string_148" HPOS="809" VPOS="747" WIDTH="47" HEIGHT="16" WC="0.93" CONTENT="inom"/><SP WIDTH="13" VPOS="747" HPOS="856"/>
							<String ID="string_149" HPOS="869" VPOS="748" WIDTH="74" HEIGHT="16" WC="0.92" CONTENT="motsva-"/>
						</TextLine>
						<TextLine ID="line_18" HPOS="190" VPOS="777" WIDTH="753" HEIGHT="20">
							<String ID="string_150" HPOS="190" VPOS="777" WIDTH="55" HEIGHT="16" WC="0.92" CONTENT="rande"/><SP WIDTH="13" VPOS="777" HPOS="245"/>
							<String ID="string_151" HPOS="258" VPOS="777" WIDTH="36" HEIGHT="20" WC="0.96" CONTENT="län,"/><SP WIDTH="13" VPOS="777" HPOS="294"/>
							<String ID="string_152" HPOS="307" VPOS="778" WIDTH="45" HEIGHT="15" WC="0.93" CONTENT="samt"/><SP WIDTH="11" VPOS="778" HPOS="352"/>
							<String ID="string_153" HPOS="363" VPOS="778" WIDTH="65" HEIGHT="15" WC="0.92" CONTENT="tvenne"/><SP WIDTH="12" VPOS="778" HPOS="428"/>
							<String ID="string_154" HPOS="440" VPOS="778" WIDTH="56" HEIGHT="15" WC="0.93" CONTENT="större"/><SP WIDTH="13" VPOS="778" HPOS="496"/>
							<String ID="string_155" HPOS="509" VPOS="777" WIDTH="76" HEIGHT="16" WC="0.92" CONTENT="central-"/><SP WIDTH="13" VPOS="777" HPOS="585"/>
							<String ID="string_156" HPOS="598" VPOS="777" WIDTH="45" HEIGHT="17" WC="0.93" CONTENT="eller"/><SP WIDTH="12" VPOS="777" HPOS="643"/>
							<String ID="string_157" HPOS="655" VPOS="777" WIDTH="97" HEIGHT="16" WC="0.92" CONTENT="säkallade"/><SP WIDTH="13" VPOS="777" HPOS="752"/>
							<String ID="string_158" HPOS="765" VPOS="777" WIDTH="127" HEIGHT="16" WC="0.91" CONTENT="kombinerade"/><SP WIDTH="10" VPOS="777" HPOS="892"/>
							<String ID="string_159" HPOS="902" VPOS="777" WIDTH="41" HEIGHT="16" WC="0.93" CONTENT="kur-"/>
						</TextLine>
						<TextLine ID="line_19" HPOS="190" VPOS="806" WIDTH="753" HEIGHT="22">
							<String ID="string_160" HPOS="190" VPOS="807" WIDTH="34" HEIGHT="16" WC="0.92" CONTENT="och"/><SP WIDTH="18" VPOS="807" HPOS="224"/>
							<String ID="string_161" HPOS="242" VPOS="807" WIDTH="132" HEIGHT="16" WC="0.91" CONTENT="värdanstalter"/><SP WIDTH="17" VPOS="807" HPOS="374"/>
							<String ID="string_162" HPOS="391" VPOS="806" WIDTH="41" HEIGHT="17" WC="0.96" CONTENT="med"/><SP WIDTH="17" VPOS="806" HPOS="432"/>
							<String ID="string_163" HPOS="449" VPOS="807" WIDTH="30" HEIGHT="16" WC="0.96" CONTENT="till"/><SP WIDTH="17" VPOS="807" HPOS="479"/>
							<String ID="string_164" HPOS="496" VPOS="812" WIDTH="23" HEIGHT="11" WC="0.96" CONTENT="en"/><SP WIDTH="18" VPOS="812" HPOS="519"/>
							<String ID="string_165" HPOS="537" VPOS="807" WIDTH="63" HEIGHT="21" WC="0.93" CONTENT="början"/><SP WIDTH="17" VPOS="807" HPOS="600"/>
							<String ID="string_166" HPOS="617" VPOS="807" WIDTH="98" HEIGHT="17" WC="0.91" CONTENT="etthundra"/><SP WIDTH="12" VPOS="807" HPOS="715"/>
							<String ID="string_167" HPOS="727" VPOS="807" WIDTH="112" HEIGHT="21" WC="0.91" CONTENT="sjukplatser"/><SP WIDTH="12" VPOS="807" HPOS="839"/>
							<String ID="string_168" HPOS="851" VPOS="806" WIDTH="92" HEIGHT="21" WC="0.93" CONTENT="hvardera,"/>
						</TextLine>
						<TextLine ID="line_20" HPOS="191" VPOS="836" WIDTH="751" HEIGHT="22">
							<String ID="string_169" HPOS="191" VPOS="836" WIDTH="34" HEIGHT="17" WC="0.95" CONTENT="den"/><SP WIDTH="12" VPOS="836" HPOS="225"/>
							<String ID="string_170" HPOS="237" VPOS="841" WIDTH="34" HEIGHT="12" WC="0.94" CONTENT="ena"/><SP WIDTH="12" VPOS="841" HPOS="271"/>
							<String ID="string_171" HPOS="283" VPOS="837" WIDTH="8" HEIGHT="16" WC="0.93" CONTENT="i"/><SP WIDTH="11" VPOS="837" HPOS="291"/>
							<String ID="string_172" HPOS="302" VPOS="836" WIDTH="85" HEIGHT="17" WC="0.92" CONTENT="närheten"/><SP WIDTH="13" VPOS="836" HPOS="387"/>
							<String ID="string_173" HPOS="400" VPOS="836" WIDTH="20" HEIGHT="17" WC="0.96" CONTENT="af"/><SP WIDTH="10" VPOS="836" HPOS="420"/>
							<String ID="string_174" HPOS="430" VPOS="837" WIDTH="76" HEIGHT="21" WC="0.96" CONTENT="Kuopio,"/><SP WIDTH="14" VPOS="837" HPOS="506"/>
							<String ID="string_175" HPOS="520" VPOS="836" WIDTH="34" HEIGHT="17" WC="0.96" CONTENT="den"/><SP WIDTH="13" VPOS="836" HPOS="554"/>
							<String ID="string_176" HPOS="567" VPOS="836" WIDTH="57" HEIGHT="17" WC="0.96" CONTENT="andra"/><SP WIDTH="12" VPOS="836" HPOS="624"/>
							<String ID="string_177" HPOS="636" VPOS="837" WIDTH="6" HEIGHT="16" WC="0.93" CONTENT="i"/><SP WIDTH="13" VPOS="837" HPOS="642"/>
							<String ID="string_178" HPOS="655" VPOS="837" WIDTH="87" HEIGHT="16" WC="0.92" CONTENT="närheten"/><SP WIDTH="13" VPOS="837" HPOS="742"/>
							<String ID="string_179" HPOS="755" VPOS="836" WIDTH="20" HEIGHT="17" WC="0.96" CONTENT="af"/><SP WIDTH="10" VPOS="836" HPOS="775"/>
							<String ID="string_180" HPOS="785" VPOS="836" WIDTH="120" HEIGHT="21" WC="0.93" CONTENT="Tammerfors,"/><SP WIDTH="13" VPOS="836" HPOS="905"/>
							<String ID="string_181" HPOS="918" VPOS="836" WIDTH="24" HEIGHT="17" WC="0.92" CONTENT="af-"/>
						</TextLine>
						<TextLine ID="line_21" HPOS="191" VPOS="865" WIDTH="752" HEIGHT="23">
							<String ID="string_182" HPOS="191" VPOS="866" WIDTH="55" HEIGHT="17" WC="0.96" CONTENT="sedda"/><SP WIDTH="13" VPOS="866" HPOS="246"/>
							<String ID="string_183" HPOS="259" VPOS="867" WIDTH="28" HEIGHT="16" WC="0.93" CONTENT="att"/><SP WIDTH="11" VPOS="867" HPOS="287"/>
							<String ID="string_184" HPOS="298" VPOS="866" WIDTH="51" HEIGHT="17" WC="0.95" CONTENT="såväl"/><SP WIDTH="13" VPOS="866" HPOS="349"/>
							<String ID="string_185" HPOS="362" VPOS="866" WIDTH="29" HEIGHT="17" WC="0.93" CONTENT="till"/><SP WIDTH="13" VPOS="866" HPOS="391"/>
							<String ID="string_186" HPOS="404" VPOS="866" WIDTH="74" HEIGHT="17" WC="0.96" CONTENT="kurativ"/><SP WIDTH="12" VPOS="866" HPOS="478"/>
							<String ID="string_187" HPOS="490" VPOS="866" WIDTH="112" HEIGHT="22" WC="0.96" CONTENT="behandling"/><SP WIDTH="13" VPOS="866" HPOS="602"/>
							<String ID="string_188" HPOS="615" VPOS="871" WIDTH="37" HEIGHT="12" WC="0.96" CONTENT="som"/><SP WIDTH="9" VPOS="871" HPOS="652"/>
							<String ID="string_189" HPOS="661" VPOS="866" WIDTH="31" HEIGHT="17" WC="0.93" CONTENT="till"/><SP WIDTH="9" VPOS="866" HPOS="692"/>
							<String ID="string_190" HPOS="701" VPOS="866" WIDTH="128" HEIGHT="21" WC="0.93" CONTENT="längvarigare"/><SP WIDTH="9" VPOS="866" HPOS="829"/>
							<String ID="string_191" HPOS="838" VPOS="865" WIDTH="44" HEIGHT="18" WC="0.93" CONTENT="vård"/><SP WIDTH="8" VPOS="865" HPOS="882"/>
							<String ID="string_192" HPOS="890" VPOS="868" WIDTH="53" HEIGHT="15" WC="0.91" CONTENT="emot-"/>
						</TextLine>
						<TextLine ID="line_22" HPOS="190" VPOS="895" WIDTH="753" HEIGHT="22">
							<String ID="string_193" HPOS="190" VPOS="897" WIDTH="43" HEIGHT="20" WC="0.90" CONTENT="taga"/><SP WIDTH="18" VPOS="897" HPOS="233"/>
							<String ID="string_194" HPOS="251" VPOS="895" WIDTH="113" HEIGHT="22" WC="0.92" CONTENT="sinnessjuka"/><SP WIDTH="18" VPOS="895" HPOS="364"/>
							<String ID="string_195" HPOS="382" VPOS="895" WIDTH="40" HEIGHT="17" WC="0.91" CONTENT="frän"/><SP WIDTH="19" VPOS="895" HPOS="422"/>
							<String ID="string_196" HPOS="441" VPOS="897" WIDTH="56" HEIGHT="16" WC="0.93" CONTENT="större"/><SP WIDTH="15" VPOS="897" HPOS="497"/>
							<String ID="string_197" HPOS="512" VPOS="896" WIDTH="84" HEIGHT="17" WC="0.92" CONTENT="omräden"/><SP WIDTH="16" VPOS="896" HPOS="596"/>
							<String ID="string_198" HPOS="612" VPOS="896" WIDTH="20" HEIGHT="17" WC="0.97" CONTENT="af"/><SP WIDTH="11" VPOS="896" HPOS="632"/>
							<String ID="string_199" HPOS="643" VPOS="896" WIDTH="68" HEIGHT="20" WC="0.96" CONTENT="landet,"/><SP WIDTH="14" VPOS="896" HPOS="711"/>
							<String ID="string_200" HPOS="725" VPOS="897" WIDTH="46" HEIGHT="15" WC="0.93" CONTENT="samt"/><SP WIDTH="12" VPOS="897" HPOS="771"/>
							<String ID="string_201" HPOS="783" VPOS="895" WIDTH="103" HEIGHT="18" WC="0.91" CONTENT="beräknade"/><SP WIDTH="12" VPOS="895" HPOS="886"/>
							<String ID="string_202" HPOS="898" VPOS="898" WIDTH="26" HEIGHT="15" WC="0.96" CONTENT="att"/><SP WIDTH="12" VPOS="898" HPOS="924"/>
							<String ID="string_203" HPOS="936" VPOS="897" WIDTH="7" HEIGHT="15" WC="0.96" CONTENT="i"/>
						</TextLine>
						<TextLine ID="line_23" HPOS="190" VPOS="925" WIDTH="752" HEIGHT="22">
							<String ID="string_204" HPOS="190" VPOS="925" WIDTH="95" HEIGHT="18" WC="0.96" CONTENT="framtiden"/><SP WIDTH="18" VPOS="925" HPOS="285"/>
							<String ID="string_205" HPOS="303" VPOS="926" WIDTH="62" HEIGHT="16" WC="0.92" CONTENT="kunna"/><SP WIDTH="14" VPOS="926" HPOS="365"/>
							<String ID="string_206" HPOS="379" VPOS="925" WIDTH="90" HEIGHT="22" WC="0.92" CONTENT="utvidgas,"/><SP WIDTH="16" VPOS="925" HPOS="469"/>
							<String ID="string_207" HPOS="485" VPOS="926" WIDTH="88" HEIGHT="17" WC="0.92" CONTENT="hvardera"/><SP WIDTH="16" VPOS="926" HPOS="573"/>
							<String ID="string_208" HPOS="589" VPOS="926" WIDTH="27" HEIGHT="17" WC="0.96" CONTENT="för"/><SP WIDTH="12" VPOS="926" HPOS="616"/>
							<String ID="string_209" HPOS="628" VPOS="927" WIDTH="26" HEIGHT="16" WC="0.96" CONTENT="ett"/><SP WIDTH="12" VPOS="927" HPOS="654"/>
							<String ID="string_210" HPOS="666" VPOS="925" WIDTH="51" HEIGHT="18" WC="0.80" CONTENT="antal"/><SP WIDTH="14" VPOS="925" HPOS="717"/>
							<String ID="string_211" HPOS="731" VPOS="925" WIDTH="20" HEIGHT="17" WC="0.93" CONTENT="af"/><SP WIDTH="11" VPOS="925" HPOS="751"/>
							<String ID="string_212" HPOS="762" VPOS="925" WIDTH="110" HEIGHT="22" WC="0.92" CONTENT="fyrahundra"/><SP WIDTH="12" VPOS="925" HPOS="872"/>
							<String ID="string_213" HPOS="884" VPOS="926" WIDTH="58" HEIGHT="21" WC="0.91" CONTENT="sjuka."/>
						</TextLine>
						<TextLine ID="line_24" HPOS="189" VPOS="955" WIDTH="754" HEIGHT="22">
							<String ID="string_214" HPOS="189" VPOS="955" WIDTH="24" HEIGHT="17" WC="0.96" CONTENT="Af"/><SP WIDTH="11" VPOS="955" HPOS="213"/>
							<String ID="string_215" HPOS="224" VPOS="955" WIDTH="39" HEIGHT="17" WC="0.96" CONTENT="alla"/><SP WIDTH="12" VPOS="955" HPOS="263"/>
							<String ID="string_216" HPOS="275" VPOS="955" WIDTH="22" HEIGHT="17" WC="0.93" CONTENT="de"/><SP WIDTH="12" VPOS="955" HPOS="297"/>
							<String ID="string_217" HPOS="309" VPOS="955" WIDTH="131" HEIGHT="22" WC="0.92" CONTENT="däföreslagna"/><SP WIDTH="10" VPOS="955" HPOS="440"/>
							<String ID="string_218" HPOS="450" VPOS="955" WIDTH="198" HEIGHT="18" WC="0.92" CONTENT="därvärdsanstalterna"/><SP WIDTH="12" VPOS="955" HPOS="648"/>
							<String ID="string_219" HPOS="660" VPOS="955" WIDTH="61" HEIGHT="17" WC="0.92" CONTENT="skulle"/><SP WIDTH="10" VPOS="955" HPOS="721"/>
							<String ID="string_220" HPOS="731" VPOS="955" WIDTH="6" HEIGHT="17" WC="0.92" CONTENT="i"/><SP WIDTH="9" VPOS="955" HPOS="737"/>
							<String ID="string_221" HPOS="746" VPOS="955" WIDTH="35" HEIGHT="18" WC="0.94" CONTENT="den"/><SP WIDTH="12" VPOS="955" HPOS="781"/>
							<String ID="string_222" HPOS="793" VPOS="957" WIDTH="87" HEIGHT="15" WC="0.93" CONTENT="närmaste"/><SP WIDTH="12" VPOS="957" HPOS="880"/>
							<String ID="string_223" HPOS="892" VPOS="955" WIDTH="51" HEIGHT="17" WC="0.92" CONTENT="fram-"/>
						</TextLine>
						<TextLine ID="line_25" HPOS="192" VPOS="985" WIDTH="750" HEIGHT="22">
							<String ID="string_224" HPOS="192" VPOS="985" WIDTH="49" HEIGHT="16" WC="0.96" CONTENT="tiden"/><SP WIDTH="17" VPOS="985" HPOS="241"/>
							<String ID="string_225" HPOS="258" VPOS="985" WIDTH="64" HEIGHT="17" WC="0.96" CONTENT="endast"/><SP WIDTH="12" VPOS="985" HPOS="322"/>
							<String ID="string_226" HPOS="334" VPOS="985" WIDTH="22" HEIGHT="16" WC="0.96" CONTENT="de"/><SP WIDTH="12" VPOS="985" HPOS="356"/>
							<String ID="string_227" HPOS="368" VPOS="985" WIDTH="35" HEIGHT="17" WC="0.93" CONTENT="fem"/><SP WIDTH="12" VPOS="985" HPOS="403"/>
							<String ID="string_228" HPOS="415" VPOS="985" WIDTH="232" HEIGHT="22" WC="0.91" CONTENT="upptagningsanstalterna"/><SP WIDTH="11" VPOS="985" HPOS="647"/>
							<String ID="string_229" HPOS="658" VPOS="987" WIDTH="47" HEIGHT="15" WC="0.96" CONTENT="samt"/><SP WIDTH="12" VPOS="987" HPOS="705"/>
							<String ID="string_230" HPOS="717" VPOS="985" WIDTH="36" HEIGHT="17" WC="0.96" CONTENT="den"/><SP WIDTH="12" VPOS="985" HPOS="753"/>
							<String ID="string_231" HPOS="765" VPOS="990" WIDTH="34" HEIGHT="12" WC="0.96" CONTENT="ena"/><SP WIDTH="12" VPOS="990" HPOS="799"/>
							<String ID="string_232" HPOS="811" VPOS="985" WIDTH="20" HEIGHT="17" WC="0.97" CONTENT="af"/><SP WIDTH="10" VPOS="985" HPOS="831"/>
							<String ID="string_233" HPOS="841" VPOS="985" WIDTH="22" HEIGHT="17" WC="0.93" CONTENT="de"/><SP WIDTH="12" VPOS="985" HPOS="863"/>
							<String ID="string_234" HPOS="875" VPOS="985" WIDTH="67" HEIGHT="17" WC="0.91" CONTENT="kombi-"/>
						</TextLine>
						<TextLine ID="line_26" HPOS="191" VPOS="1014" WIDTH="751" HEIGHT="28">
							<String ID="string_235" HPOS="191" VPOS="1014" WIDTH="65" HEIGHT="17" WC="0.92" CONTENT="nerade"/><SP WIDTH="19" VPOS="1014" HPOS="256"/>
							<String ID="string_236" HPOS="275" VPOS="1015" WIDTH="41" HEIGHT="16" WC="0.91" CONTENT="kur-"/><SP WIDTH="17" VPOS="1015" HPOS="316"/>
							<String ID="string_237" HPOS="333" VPOS="1014" WIDTH="32" HEIGHT="17" WC="0.93" CONTENT="och"/><SP WIDTH="17" VPOS="1014" HPOS="365"/>
							<String ID="string_238" HPOS="382" VPOS="1014" WIDTH="155" HEIGHT="28" WC="0.90" CONTENT="värdanstalterna"/><SP WIDTH="17" VPOS="1014" HPOS="537"/>
							<String ID="string_239" HPOS="554" VPOS="1015" WIDTH="44" HEIGHT="16" WC="0.93" CONTENT="böra"/><SP WIDTH="15" VPOS="1015" HPOS="598"/>
							<String ID="string_240" HPOS="613" VPOS="1015" WIDTH="138" HEIGHT="22" WC="0.90" CONTENT="ifrägakomma,"/><SP WIDTH="16" VPOS="1015" HPOS="751"/>
							<String ID="string_241" HPOS="767" VPOS="1015" WIDTH="29" HEIGHT="16" WC="0.93" CONTENT="för"/><SP WIDTH="15" VPOS="1015" HPOS="796"/>
							<String ID="string_242" HPOS="811" VPOS="1015" WIDTH="72" HEIGHT="16" WC="0.93" CONTENT="hvilkas"/><SP WIDTH="12" VPOS="1015" HPOS="883"/>
							<String ID="string_243" HPOS="895" VPOS="1015" WIDTH="47" HEIGHT="17" WC="0.93" CONTENT="brin-"/>
						</TextLine>
						<TextLine ID="line_27" HPOS="191" VPOS="1028" WIDTH="753" HEIGHT="42">
							<String ID="string_244" HPOS="191" VPOS="1044" WIDTH="58" HEIGHT="21" WC="0.92" CONTENT="gande"/><SP WIDTH="19" VPOS="1044" HPOS="249"/>
							<String ID="string_245" HPOS="268" VPOS="1044" WIDTH="30" HEIGHT="17" WC="0.93" CONTENT="till"/><SP WIDTH="18" VPOS="1044" HPOS="298"/>
							<String ID="string_246" HPOS="316" VPOS="1044" WIDTH="53" HEIGHT="17" WC="0.92" CONTENT="ständ"/><SP WIDTH="15" VPOS="1044" HPOS="369"/>
							<String ID="string_247" HPOS="384" VPOS="1028" WIDTH="98" HEIGHT="42" WC="0.88" CONTENT="Ständerna"/><SP WIDTH="16" VPOS="1028" HPOS="482"/>
							<String ID="string_248" HPOS="498" VPOS="1044" WIDTH="31" HEIGHT="17" WC="0.96" CONTENT="vid"/><SP WIDTH="13" VPOS="1044" HPOS="529"/>
							<String ID="string_249" HPOS="542" VPOS="1044" WIDTH="47" HEIGHT="17" WC="0.93" CONTENT="1877"/><SP WIDTH="11" VPOS="1044" HPOS="589"/>
							<String ID="string_250" HPOS="600" VPOS="1045" WIDTH="29" HEIGHT="16" WC="0.92" CONTENT="ärs"/><SP WIDTH="13" VPOS="1045" HPOS="629"/>
							<String ID="string_251" HPOS="642" VPOS="1044" WIDTH="89" HEIGHT="22" WC="0.90" CONTENT="landtdag"/><SP WIDTH="13" VPOS="1044" HPOS="731"/>
							<String ID="string_252" HPOS="744" VPOS="1044" WIDTH="87" HEIGHT="17" WC="0.90" CONTENT="anvisade"/><SP WIDTH="12" VPOS="1044" HPOS="831"/>
							<String ID="string_253" HPOS="843" VPOS="1049" WIDTH="21" HEIGHT="12" WC="0.96" CONTENT="en"/><SP WIDTH="13" VPOS="1049" HPOS="864"/>
							<String ID="string_254" HPOS="877" VPOS="1050" WIDTH="67" HEIGHT="11" WC="0.96" CONTENT="summa"/>
						</TextLine>
						<TextLine ID="line_28" HPOS="190" VPOS="1073" WIDTH="753" HEIGHT="23">
							<String ID="string_255" HPOS="190" VPOS="1074" WIDTH="20" HEIGHT="17" WC="0.93" CONTENT="af"/><SP WIDTH="17" VPOS="1074" HPOS="210"/>
							<String ID="string_256" HPOS="227" VPOS="1073" WIDTH="78" HEIGHT="22" WC="0.91" CONTENT="900,000"/><SP WIDTH="18" VPOS="1073" HPOS="305"/>
							<String ID="string_257" HPOS="323" VPOS="1074" WIDTH="57" HEIGHT="21" WC="0.96" CONTENT="mark,"/><SP WIDTH="15" VPOS="1074" HPOS="380"/>
							<String ID="string_258" HPOS="395" VPOS="1074" WIDTH="30" HEIGHT="17" WC="0.91" CONTENT="att"/><SP WIDTH="17" VPOS="1074" HPOS="425"/>
							<String ID="string_259" HPOS="442" VPOS="1074" WIDTH="44" HEIGHT="21" WC="0.92" CONTENT="utgä"/><SP WIDTH="18" VPOS="1074" HPOS="486"/>
							<String ID="string_260" HPOS="504" VPOS="1074" WIDTH="50" HEIGHT="17" WC="0.90" CONTENT="intill"/><SP WIDTH="19" VPOS="1074" HPOS="554"/>
							<String ID="string_261" HPOS="573" VPOS="1075" WIDTH="89" HEIGHT="21" WC="0.92" CONTENT="utgängen"/><SP WIDTH="18" VPOS="1075" HPOS="662"/>
							<String ID="string_262" HPOS="680" VPOS="1074" WIDTH="21" HEIGHT="17" WC="0.96" CONTENT="af"/><SP WIDTH="10" VPOS="1074" HPOS="701"/>
							<String ID="string_263" HPOS="711" VPOS="1074" WIDTH="20" HEIGHT="17" WC="0.90" CONTENT="är"/><SP WIDTH="13" VPOS="1074" HPOS="731"/>
							<String ID="string_264" HPOS="744" VPOS="1073" WIDTH="53" HEIGHT="18" WC="0.95" CONTENT="1882."/><SP WIDTH="24" VPOS="1073" HPOS="797"/>
							<String ID="string_265" HPOS="821" VPOS="1074" WIDTH="24" HEIGHT="17" WC="0.95" CONTENT="Af"/><SP WIDTH="11" VPOS="1074" HPOS="845"/>
							<String ID="string_266" HPOS="856" VPOS="1074" WIDTH="52" HEIGHT="17" WC="0.96" CONTENT="dessa"/><SP WIDTH="12" VPOS="1074" HPOS="908"/>
							<String ID="string_267" HPOS="920" VPOS="1074" WIDTH="23" HEIGHT="17" WC="0.96" CONTENT="dä"/>
						</TextLine>
						<TextLine ID="line_29" HPOS="191" VPOS="1103" WIDTH="750" HEIGHT="22">
							<String ID="string_268" HPOS="191" VPOS="1103" WIDTH="102" HEIGHT="22" WC="0.92" CONTENT="föreslagna"/><SP WIDTH="17" VPOS="1103" HPOS="293"/>
							<String ID="string_269" HPOS="310" VPOS="1104" WIDTH="124" HEIGHT="21" WC="0.91" CONTENT="inrättningar,"/><SP WIDTH="19" VPOS="1104" HPOS="434"/>
							<String ID="string_270" HPOS="453" VPOS="1103" WIDTH="65" HEIGHT="17" WC="0.92" CONTENT="hvilka"/><SP WIDTH="15" VPOS="1103" HPOS="518"/>
							<String ID="string_271" HPOS="533" VPOS="1103" WIDTH="93" HEIGHT="18" WC="0.92" CONTENT="efterhand"/><SP WIDTH="16" VPOS="1103" HPOS="626"/>
							<String ID="string_272" HPOS="642" VPOS="1103" WIDTH="62" HEIGHT="18" WC="0.93" CONTENT="skulle"/><SP WIDTH="13" VPOS="1103" HPOS="704"/>
							<String ID="string_273" HPOS="717" VPOS="1103" WIDTH="90" HEIGHT="22" WC="0.92" CONTENT="uppföras,"/><SP WIDTH="14" VPOS="1103" HPOS="807"/>
							<String ID="string_274" HPOS="821" VPOS="1103" WIDTH="54" HEIGHT="17" WC="0.92" CONTENT="hafva"/><SP WIDTH="12" VPOS="1103" HPOS="875"/>
							<String ID="string_275" HPOS="887" VPOS="1104" WIDTH="54" HEIGHT="17" WC="0.96" CONTENT="sedan"/>
						</TextLine>
						<TextLine ID="line_30" HPOS="190" VPOS="1133" WIDTH="752" HEIGHT="22">
							<String ID="string_276" HPOS="190" VPOS="1133" WIDTH="41" HEIGHT="17" WC="0.77" CONTENT="dess"/><SP WIDTH="18" VPOS="1133" HPOS="231"/>
							<String ID="string_277" HPOS="249" VPOS="1133" WIDTH="62" HEIGHT="17" WC="0.94" CONTENT="blifvit"/><SP WIDTH="18" VPOS="1133" HPOS="311"/>
							<String ID="string_278" HPOS="329" VPOS="1133" WIDTH="119" HEIGHT="21" WC="0.96" CONTENT="fullbordade,"/><SP WIDTH="20" VPOS="1133" HPOS="448"/>
							<String ID="string_279" HPOS="468" VPOS="1133" WIDTH="32" HEIGHT="17" WC="0.96" CONTENT="och"/><SP WIDTH="18" VPOS="1133" HPOS="500"/>
							<String ID="string_280" HPOS="518" VPOS="1133" WIDTH="57" HEIGHT="17" WC="0.96" CONTENT="under"/><SP WIDTH="15" VPOS="1133" HPOS="575"/>
							<String ID="string_281" HPOS="590" VPOS="1134" WIDTH="20" HEIGHT="16" WC="0.96" CONTENT="är"/><SP WIDTH="12" VPOS="1134" HPOS="610"/>
							<String ID="string_282" HPOS="622" VPOS="1133" WIDTH="47" HEIGHT="18" WC="0.93" CONTENT="1882"/><SP WIDTH="13" VPOS="1133" HPOS="669"/>
							<String ID="string_283" HPOS="682" VPOS="1133" WIDTH="85" HEIGHT="22" WC="0.96" CONTENT="öppnade"/><SP WIDTH="12" VPOS="1133" HPOS="767"/>
							<String ID="string_284" HPOS="779" VPOS="1133" WIDTH="28" HEIGHT="17" WC="0.93" CONTENT="för"/><SP WIDTH="12" VPOS="1133" HPOS="807"/>
							<String ID="string_285" HPOS="819" VPOS="1133" WIDTH="123" HEIGHT="22" WC="0.92" CONTENT="emottagande"/>
						</TextLine>
						<TextLine ID="line_31" HPOS="190" VPOS="1163" WIDTH="753" HEIGHT="22">
							<String ID="string_286" HPOS="190" VPOS="1163" WIDTH="20" HEIGHT="16" WC="0.91" CONTENT="af"/><SP WIDTH="17" VPOS="1163" HPOS="210"/>
							<String ID="string_287" HPOS="227" VPOS="1163" WIDTH="118" HEIGHT="21" WC="0.90" CONTENT="sinnessjuka,"/><SP WIDTH="20" VPOS="1163" HPOS="345"/>
							<String ID="string_288" HPOS="365" VPOS="1163" WIDTH="22" HEIGHT="16" WC="0.94" CONTENT="de"/><SP WIDTH="20" VPOS="1163" HPOS="387"/>
							<String ID="string_289" HPOS="407" VPOS="1163" WIDTH="34" HEIGHT="17" WC="0.89" CONTENT="fem"/><SP WIDTH="21" VPOS="1163" HPOS="441"/>
							<String ID="string_290" HPOS="462" VPOS="1163" WIDTH="236" HEIGHT="22" WC="0.89" CONTENT="upptagningsanstalterna"/><SP WIDTH="16" VPOS="1163" HPOS="698"/>
							<String ID="string_291" HPOS="714" VPOS="1163" WIDTH="7" HEIGHT="16" WC="0.93" CONTENT="i"/><SP WIDTH="17" VPOS="1163" HPOS="721"/>
							<String ID="string_292" HPOS="738" VPOS="1163" WIDTH="205" HEIGHT="17" WC="0.92" CONTENT="läneresidensstäderna"/>
						</TextLine>
						<TextLine ID="line_32" HPOS="189" VPOS="1183" WIDTH="753" HEIGHT="36">
							<String ID="string_293" HPOS="189" VPOS="1193" WIDTH="96" HEIGHT="22" WC="0.89" CONTENT="Uleäborg,"/><SP WIDTH="16" VPOS="1193" HPOS="285"/>
							<String ID="string_294" HPOS="301" VPOS="1193" WIDTH="119" HEIGHT="20" WC="0.92" CONTENT="Nikolaistad,"/><SP WIDTH="17" VPOS="1193" HPOS="420"/>
							<String ID="string_295" HPOS="437" VPOS="1183" WIDTH="45" HEIGHT="36" WC="0.96" CONTENT="Åbo,"/><SP WIDTH="13" VPOS="1183" HPOS="482"/>
							<String ID="string_296" HPOS="495" VPOS="1193" WIDTH="74" HEIGHT="21" WC="0.91" CONTENT="Wiborg"/><SP WIDTH="12" VPOS="1193" HPOS="569"/>
							<String ID="string_297" HPOS="581" VPOS="1193" WIDTH="33" HEIGHT="16" WC="0.96" CONTENT="och"/><SP WIDTH="12" VPOS="1193" HPOS="614"/>
							<String ID="string_298" HPOS="626" VPOS="1193" WIDTH="26" HEIGHT="17" WC="0.96" CONTENT="S:t"/><SP WIDTH="12" VPOS="1193" HPOS="652"/>
							<String ID="string_299" HPOS="664" VPOS="1193" WIDTH="68" HEIGHT="16" WC="0.96" CONTENT="Michel"/><SP WIDTH="13" VPOS="1193" HPOS="732"/>
							<String ID="string_300" HPOS="745" VPOS="1193" WIDTH="41" HEIGHT="16" WC="0.96" CONTENT="med"/><SP WIDTH="12" VPOS="1193" HPOS="786"/>
							<String ID="string_301" HPOS="798" VPOS="1193" WIDTH="108" HEIGHT="17" WC="0.96" CONTENT="tillsamman"/><SP WIDTH="12" VPOS="1193" HPOS="906"/>
							<String ID="string_302" HPOS="918" VPOS="1192" WIDTH="24" HEIGHT="18" WC="0.96" CONTENT="92"/>
						</TextLine>
						<TextLine ID="line_33" HPOS="189" VPOS="1222" WIDTH="752" HEIGHT="23">
							<String ID="string_303" HPOS="189" VPOS="1223" WIDTH="114" HEIGHT="22" WC="0.92" CONTENT="sjukplatser,"/><SP WIDTH="11" VPOS="1223" HPOS="303"/>
							<String ID="string_304" HPOS="314" VPOS="1223" WIDTH="94" HEIGHT="16" WC="0.91" CONTENT="hvarutom"/><SP WIDTH="12" VPOS="1223" HPOS="408"/>
							<String ID="string_305" HPOS="420" VPOS="1222" WIDTH="21" HEIGHT="17" WC="0.93" CONTENT="af"/><SP WIDTH="10" VPOS="1222" HPOS="441"/>
							<String ID="string_306" HPOS="451" VPOS="1222" WIDTH="179" HEIGHT="17" WC="0.92" CONTENT="centralanstalterna"/><SP WIDTH="12" VPOS="1222" HPOS="630"/>
							<String ID="string_307" HPOS="642" VPOS="1223" WIDTH="35" HEIGHT="17" WC="0.96" CONTENT="den"/><SP WIDTH="13" VPOS="1223" HPOS="677"/>
							<String ID="string_308" HPOS="690" VPOS="1222" WIDTH="33" HEIGHT="17" WC="0.96" CONTENT="vid"/><SP WIDTH="11" VPOS="1222" HPOS="723"/>
							<String ID="string_309" HPOS="734" VPOS="1223" WIDTH="71" HEIGHT="21" WC="0.93" CONTENT="Kuopio"/><SP WIDTH="8" VPOS="1223" HPOS="805"/>
							<String ID="string_310" HPOS="813" VPOS="1222" WIDTH="62" HEIGHT="17" WC="0.92" CONTENT="blifvit"/><SP WIDTH="9" VPOS="1222" HPOS="875"/>
							<String ID="string_311" HPOS="884" VPOS="1223" WIDTH="57" HEIGHT="16" WC="0.96" CONTENT="delvis"/>
						</TextLine>
						<TextLine ID="line_34" HPOS="188" VPOS="1251" WIDTH="753" HEIGHT="23">
							<String ID="string_312" HPOS="188" VPOS="1252" WIDTH="60" HEIGHT="22" WC="0.93" CONTENT="färdig"/><SP WIDTH="13" VPOS="1252" HPOS="248"/>
							<String ID="string_313" HPOS="261" VPOS="1253" WIDTH="7" HEIGHT="16" WC="0.96" CONTENT="i"/><SP WIDTH="12" VPOS="1253" HPOS="268"/>
							<String ID="string_314" HPOS="280" VPOS="1253" WIDTH="31" HEIGHT="16" WC="0.96" CONTENT="det"/><SP WIDTH="17" VPOS="1253" HPOS="311"/>
							<String ID="string_315" HPOS="328" VPOS="1254" WIDTH="27" HEIGHT="15" WC="0.93" CONTENT="att"/><SP WIDTH="15" VPOS="1254" HPOS="355"/>
							<String ID="string_316" HPOS="370" VPOS="1252" WIDTH="115" HEIGHT="22" WC="0.92" CONTENT="afdelningen"/><SP WIDTH="17" VPOS="1252" HPOS="485"/>
							<String ID="string_317" HPOS="502" VPOS="1252" WIDTH="27" HEIGHT="17" WC="0.96" CONTENT="för"/><SP WIDTH="16" VPOS="1252" HPOS="529"/>
							<String ID="string_318" HPOS="545" VPOS="1252" WIDTH="34" HEIGHT="17" WC="0.93" CONTENT="den"/><SP WIDTH="13" VPOS="1252" HPOS="579"/>
							<String ID="string_319" HPOS="592" VPOS="1253" WIDTH="85" HEIGHT="16" WC="0.92" CONTENT="kurativa"/><SP WIDTH="13" VPOS="1253" HPOS="677"/>
							<String ID="string_320" HPOS="690" VPOS="1252" WIDTH="135" HEIGHT="22" WC="0.96" CONTENT="behandlingen"/><SP WIDTH="12" VPOS="1252" HPOS="825"/>
							<String ID="string_321" HPOS="837" VPOS="1252" WIDTH="21" HEIGHT="17" WC="0.93" CONTENT="af"/><SP WIDTH="10" VPOS="1252" HPOS="858"/>
							<String ID="string_322" HPOS="868" VPOS="1251" WIDTH="73" HEIGHT="23" WC="0.92" CONTENT="nyligen"/>
						</TextLine>
						<TextLine ID="line_35" HPOS="188" VPOS="1281" WIDTH="753" HEIGHT="23">
							<String ID="string_323" HPOS="188" VPOS="1282" WIDTH="114" HEIGHT="22" WC="0.90" CONTENT="insjuknade,"/><SP WIDTH="18" VPOS="1282" HPOS="302"/>
							<String ID="string_324" HPOS="320" VPOS="1281" WIDTH="127" HEIGHT="18" WC="0.91" CONTENT="innehällande"/><SP WIDTH="19" VPOS="1281" HPOS="447"/>
							<String ID="string_325" HPOS="466" VPOS="1281" WIDTH="36" HEIGHT="18" WC="0.93" CONTENT="120"/><SP WIDTH="16" VPOS="1281" HPOS="502"/>
							<String ID="string_326" HPOS="518" VPOS="1281" WIDTH="108" HEIGHT="23" WC="0.93" CONTENT="sjukplatser"/><SP WIDTH="16" VPOS="1281" HPOS="626"/>
							<String ID="string_327" HPOS="642" VPOS="1282" WIDTH="65" HEIGHT="17" WC="0.93" CONTENT="blifvit"/><SP WIDTH="12" VPOS="1282" HPOS="707"/>
							<String ID="string_328" HPOS="719" VPOS="1282" WIDTH="21" HEIGHT="17" WC="0.93" CONTENT="sä"/><SP WIDTH="12" VPOS="1282" HPOS="740"/>
							<String ID="string_329" HPOS="752" VPOS="1281" WIDTH="104" HEIGHT="18" WC="0.93" CONTENT="fullbordad"/><SP WIDTH="12" VPOS="1281" HPOS="856"/>
							<String ID="string_330" HPOS="868" VPOS="1283" WIDTH="26" HEIGHT="16" WC="0.96" CONTENT="att"/><SP WIDTH="12" VPOS="1283" HPOS="894"/>
							<String ID="string_331" HPOS="906" VPOS="1282" WIDTH="35" HEIGHT="16" WC="0.97" CONTENT="den"/>
						</TextLine>
						<TextLine ID="line_36" HPOS="188" VPOS="1311" WIDTH="752" HEIGHT="23">
							<String ID="string_332" HPOS="188" VPOS="1311" WIDTH="46" HEIGHT="17" WC="0.92" CONTENT="ifrän"/><SP WIDTH="19" VPOS="1311" HPOS="234"/>
							<String ID="string_333" HPOS="253" VPOS="1311" WIDTH="35" HEIGHT="17" WC="0.96" CONTENT="den"/><SP WIDTH="13" VPOS="1311" HPOS="288"/>
							<String ID="string_334" HPOS="301" VPOS="1311" WIDTH="10" HEIGHT="17" WC="0.93" CONTENT="1"/><SP WIDTH="13" VPOS="1311" HPOS="311"/>
							<String ID="string_335" HPOS="324" VPOS="1311" WIDTH="119" HEIGHT="17" WC="0.92" CONTENT="instundande"/><SP WIDTH="13" VPOS="1311" HPOS="443"/>
							<String ID="string_336" HPOS="456" VPOS="1312" WIDTH="84" HEIGHT="16" WC="0.96" CONTENT="Februari"/><SP WIDTH="13" VPOS="1312" HPOS="540"/>
							<String ID="string_337" HPOS="553" VPOS="1312" WIDTH="50" HEIGHT="17" WC="0.96" CONTENT="torde"/><SP WIDTH="12" VPOS="1312" HPOS="603"/>
							<String ID="string_338" HPOS="615" VPOS="1312" WIDTH="64" HEIGHT="17" WC="0.93" CONTENT="kunna"/><SP WIDTH="12" VPOS="1312" HPOS="679"/>
							<String ID="string_339" HPOS="691" VPOS="1312" WIDTH="78" HEIGHT="22" WC="0.92" CONTENT="vidtaga"/><SP WIDTH="11" VPOS="1312" HPOS="769"/>
							<String ID="string_340" HPOS="780" VPOS="1312" WIDTH="29" HEIGHT="16" WC="0.97" CONTENT="sin"/><SP WIDTH="12" VPOS="1312" HPOS="809"/>
							<String ID="string_341" HPOS="821" VPOS="1312" WIDTH="119" HEIGHT="16" WC="0.96" CONTENT="verksamhet."/>
						</TextLine>
						<TextLine ID="line_37" HPOS="188" VPOS="1341" WIDTH="753" HEIGHT="23">
							<String ID="string_342" HPOS="188" VPOS="1341" WIDTH="81" HEIGHT="17" WC="0.92" CONTENT="Sälunda"/><SP WIDTH="14" VPOS="1341" HPOS="269"/>
							<String ID="string_343" HPOS="283" VPOS="1341" WIDTH="33" HEIGHT="17" WC="0.96" CONTENT="har"/><SP WIDTH="18" VPOS="1341" HPOS="316"/>
							<String ID="string_344" HPOS="334" VPOS="1341" WIDTH="30" HEIGHT="17" WC="0.93" CONTENT="det"/><SP WIDTH="16" VPOS="1341" HPOS="364"/>
							<String ID="string_345" HPOS="380" VPOS="1341" WIDTH="112" HEIGHT="21" WC="0.92" CONTENT="nägorlunda"/><SP WIDTH="12" VPOS="1341" HPOS="492"/>
							<String ID="string_346" HPOS="504" VPOS="1342" WIDTH="52" HEIGHT="21" WC="0.92" CONTENT="sörjts"/><SP WIDTH="13" VPOS="1342" HPOS="556"/>
							<String ID="string_347" HPOS="569" VPOS="1341" WIDTH="27" HEIGHT="17" WC="0.96" CONTENT="för"/><SP WIDTH="12" VPOS="1341" HPOS="596"/>
							<String ID="string_348" HPOS="608" VPOS="1342" WIDTH="23" HEIGHT="17" WC="0.93" CONTENT="de"/><SP WIDTH="12" VPOS="1342" HPOS="631"/>
							<String ID="string_349" HPOS="643" VPOS="1347" WIDTH="43" HEIGHT="17" WC="0.92" CONTENT="nyss"/><SP WIDTH="14" VPOS="1347" HPOS="686"/>
							<String ID="string_350" HPOS="700" VPOS="1341" WIDTH="117" HEIGHT="22" WC="0.92" CONTENT="insjuknades"/><SP WIDTH="13" VPOS="1341" HPOS="817"/>
							<String ID="string_351" HPOS="830" VPOS="1341" WIDTH="111" HEIGHT="22" WC="0.96" CONTENT="behandling"/>
						</TextLine>
						<TextLine ID="line_38" HPOS="188" VPOS="1366" WIDTH="752" HEIGHT="48">
							<String ID="string_352" HPOS="188" VPOS="1371" WIDTH="33" HEIGHT="17" WC="0.93" CONTENT="och"/><SP WIDTH="12" VPOS="1371" HPOS="221"/>
							<String ID="string_353" HPOS="233" VPOS="1370" WIDTH="52" HEIGHT="22" WC="0.95" CONTENT="vård,"/><SP WIDTH="12" VPOS="1370" HPOS="285"/>
							<String ID="string_354" HPOS="297" VPOS="1376" WIDTH="40" HEIGHT="12" WC="0.96" CONTENT="men"/><SP WIDTH="12" VPOS="1376" HPOS="337"/>
							<String ID="string_355" HPOS="349" VPOS="1370" WIDTH="27" HEIGHT="18" WC="0.96" CONTENT="för"/><SP WIDTH="12" VPOS="1370" HPOS="376"/>
							<String ID="string_356" HPOS="388" VPOS="1370" WIDTH="31" HEIGHT="18" WC="0.96" CONTENT="det"/><SP WIDTH="12" VPOS="1370" HPOS="419"/>
							<String ID="string_357" HPOS="431" VPOS="1370" WIDTH="43" HEIGHT="18" WC="0.93" CONTENT="vida"/><SP WIDTH="13" VPOS="1370" HPOS="474"/>
							<String ID="string_358" HPOS="487" VPOS="1372" WIDTH="68" HEIGHT="20" WC="0.93" CONTENT="vägnar"/><SP WIDTH="21" VPOS="1372" HPOS="555"/>
							<String ID="string_359" HPOS="576" VPOS="1372" WIDTH="13" HEIGHT="16" WC="0.87" CONTENT="stö"/><SP WIDTH="45" VPOS="1372" HPOS="589"/>
							<String ID="string_360" HPOS="634" VPOS="1366" WIDTH="71" HEIGHT="44" WC="0.95" CONTENT="antalet"/><SP WIDTH="6" VPOS="1366" HPOS="705"/>
							<String ID="string_361" HPOS="711" VPOS="1366" WIDTH="95" HEIGHT="46" WC="0.58" CONTENT="&quot;kroniska"/><SP WIDTH="12" VPOS="1366" HPOS="806"/>
							<String ID="string_362" HPOS="818" VPOS="1367" WIDTH="33" HEIGHT="42" WC="0.77" CONTENT="och;"/><SP WIDTH="-7" VPOS="1367" HPOS="851"/>
							<String ID="string_363" HPOS="844" VPOS="1366" WIDTH="8" HEIGHT="48" WC="0.49" CONTENT="1"/><SP WIDTH="8" VPOS="1366" HPOS="852"/>
							<String ID="string_364" HPOS="860" VPOS="1366" WIDTH="80" HEIGHT="48" WC="0.61" CONTENT="ohotliga"/>
						</TextLine>
						<TextLine ID="line_39" HPOS="187" VPOS="1400" WIDTH="366" HEIGHT="22">
							<String ID="string_365" HPOS="187" VPOS="1402" WIDTH="54" HEIGHT="20" WC="0.95" CONTENT="sjuka"/><SP WIDTH="16" VPOS="1402" HPOS="241"/>
							<String ID="string_366" HPOS="257" VPOS="1402" WIDTH="58" HEIGHT="16" WC="0.96" CONTENT="finnas"/><SP WIDTH="12" VPOS="1402" HPOS="315"/>
							<String ID="string_367" HPOS="327" VPOS="1400" WIDTH="27" HEIGHT="18" WC="0.96" CONTENT="för"/><SP WIDTH="12" VPOS="1400" HPOS="354"/>
							<String ID="string_368" HPOS="366" VPOS="1400" WIDTH="111" HEIGHT="18" WC="0.93" CONTENT="närvarande"/><SP WIDTH="12" VPOS="1400" HPOS="477"/>
							<String ID="string_369" HPOS="489" VPOS="1400" WIDTH="64" HEIGHT="18" WC="0.87" CONTENT="endasi"/>
						</TextLine>
						<TextLine ID="line_40" HPOS="188" VPOS="1402" WIDTH="752" HEIGHT="55">
							<String ID="string_370" HPOS="188" VPOS="1430" WIDTH="76" HEIGHT="21" WC="0.95" CONTENT="sjukhus"/><SP WIDTH="19" VPOS="1430" HPOS="264"/>
							<String ID="string_371" HPOS="283" VPOS="1432" WIDTH="27" HEIGHT="15" WC="0.93" CONTENT="att"/><SP WIDTH="14" VPOS="1432" HPOS="310"/>
							<String ID="string_372" HPOS="324" VPOS="1430" WIDTH="59" HEIGHT="22" WC="0.91" CONTENT="tillgå."/><SP WIDTH="24" VPOS="1430" HPOS="383"/>
							<String ID="string_373" HPOS="407" VPOS="1430" WIDTH="35" HEIGHT="17" WC="0.96" CONTENT="Det"/><SP WIDTH="11" VPOS="1430" HPOS="442"/>
							<String ID="string_374" HPOS="453" VPOS="1430" WIDTH="33" HEIGHT="16" WC="0.93" CONTENT="har"/><SP WIDTH="12" VPOS="1430" HPOS="486"/>
							<String ID="string_375" HPOS="498" VPOS="1430" WIDTH="105" HEIGHT="22" WC="0.93" CONTENT="visserligen"/><SP WIDTH="12" VPOS="1430" HPOS="603"/>
							<String ID="string_376" HPOS="615" VPOS="1430" WIDTH="94" HEIGHT="22" WC="0.93" CONTENT="försports,"/><SP WIDTH="14" VPOS="1430" HPOS="709"/>
							<String ID="string_377" HPOS="723" VPOS="1432" WIDTH="27" HEIGHT="15" WC="0.96" CONTENT="att"/><SP WIDTH="-1" VPOS="1432" HPOS="750"/>
							<String ID="string_378" HPOS="749" VPOS="1402" WIDTH="65" HEIGHT="55" WC="0.37" CONTENT="fråga"/><SP WIDTH="13" VPOS="1402" HPOS="814"/>
							<String ID="string_379" HPOS="827" VPOS="1406" WIDTH="9" HEIGHT="2" WC="0.47" CONTENT="W"/><SP WIDTH="-10" VPOS="1406" HPOS="836"/>
							<String ID="string_380" HPOS="826" VPOS="1430" WIDTH="47" HEIGHT="18" WC="0.93" CONTENT="varit"/><SP WIDTH="12" VPOS="1430" HPOS="873"/>
							<String ID="string_381" HPOS="885" VPOS="1430" WIDTH="55" HEIGHT="17" WC="0.92" CONTENT="väckt"/>
						</TextLine>
						<TextLine ID="line_41" HPOS="187" VPOS="1460" WIDTH="752" HEIGHT="22">
							<String ID="string_382" HPOS="187" VPOS="1461" WIDTH="27" HEIGHT="15" WC="0.93" CONTENT="att"/><SP WIDTH="12" VPOS="1461" HPOS="214"/>
							<String ID="string_383" HPOS="226" VPOS="1460" WIDTH="86" HEIGHT="17" WC="0.92" CONTENT="omändra"/><SP WIDTH="12" VPOS="1460" HPOS="312"/>
							<String ID="string_384" HPOS="324" VPOS="1460" WIDTH="23" HEIGHT="17" WC="0.94" CONTENT="de"/><SP WIDTH="11" VPOS="1460" HPOS="347"/>
							<String ID="string_385" HPOS="358" VPOS="1460" WIDTH="60" HEIGHT="22" WC="0.93" CONTENT="gamla"/><SP WIDTH="12" VPOS="1460" HPOS="418"/>
							<String ID="string_386" HPOS="430" VPOS="1464" WIDTH="72" HEIGHT="13" WC="0.92" CONTENT="numera"/><SP WIDTH="12" VPOS="1464" HPOS="502"/>
							<String ID="string_387" HPOS="514" VPOS="1460" WIDTH="100" HEIGHT="22" WC="0.81" CONTENT="öfvergifna"/><SP WIDTH="12" VPOS="1460" HPOS="614"/>
							<String ID="string_388" HPOS="626" VPOS="1460" WIDTH="213" HEIGHT="22" WC="0.92" CONTENT="fängelsebyggnaderna"/><SP WIDTH="12" VPOS="1460" HPOS="839"/>
							<String ID="string_389" HPOS="851" VPOS="1460" WIDTH="31" HEIGHT="17" WC="0.93" CONTENT="vid"/><SP WIDTH="11" VPOS="1460" HPOS="882"/>
							<String ID="string_390" HPOS="893" VPOS="1460" WIDTH="46" HEIGHT="16" WC="0.88" CONTENT="Kex-"/>
						</TextLine>
					</TextBlock>
				</ComposedBlock>
				<ComposedBlock ID="cblock_6" HPOS="258" VPOS="1491" WIDTH="528" HEIGHT="26">
					<TextBlock ID="block_5" HPOS="258" VPOS="1491" WIDTH="528" HEIGHT="26">
						<TextLine ID="line_42" HPOS="258" VPOS="1491" WIDTH="528" HEIGHT="26">
							<String ID="string_391" HPOS="258" VPOS="1491" WIDTH="107" HEIGHT="25" WC="0.93" CONTENT="Allmänna"/><SP WIDTH="15" VPOS="1491" HPOS="365"/>
							<String ID="string_392" HPOS="380" VPOS="1496" WIDTH="183" HEIGHT="20" WC="0.76" CONTENT="Besvärsutskottets"/><SP WIDTH="16" VPOS="1496" HPOS="563"/>
							<String ID="string_393" HPOS="579" VPOS="1496" WIDTH="118" HEIGHT="21" WC="0.96" CONTENT="betänkande"/><SP WIDTH="15" VPOS="1496" HPOS="697"/>
							<String ID="string_394" HPOS="712" VPOS="1497" WIDTH="39" HEIGHT="20" WC="0.95" CONTENT="N:o"/><SP WIDTH="16" VPOS="1497" HPOS="751"/>
							<String ID="string_395" HPOS="767" VPOS="1497" WIDTH="19" HEIGHT="19" WC="0.95" CONTENT="6."/>
						</TextLine>
					</TextBlock>
				</ComposedBlock>
				<Illustration ID="cblock_7" HPOS="558" VPOS="1399" WIDTH="386" HEIGHT="28"></Illustration>
			</PrintSpace>
		</Page>
	</Layout>
</alto>
