1061 1717
342 86 239 25 Petitionsbetänkande
597 88 36 22 N:o
650 88 19 22 3.
868 87 14 21 5

128 155 35 21 till
178 154 135 28 Helsingfors
329 155 40 21 och
386 155 64 21 dessa
465 154 65 22 hafva
545 154 135 22 fortfarande
696 154 64 22 hållit
773 154 33 26 sig
816 160 65 21 uppe.

128 190 151 23 Skolkomitén
300 190 24 22 af
344 191 64 27 1879,
431 197 46 15 som
500 191 7 21 i
528 191 40 21 sitt
588 191 138 21 betänkande
750 190 131 27 framhåller,

128 228 103 21 hurusom
253 227 38 21 det
310 227 118 21 bestående
447 226 147 22 förhållandet
610 227 50 21 med
676 228 80 20 tvänne
772 226 34 21 till
822 225 59 22 olika

129 264 58 21 orter
209 262 99 28 förlagda
330 262 158 28 normallyceer
512 263 47 21 icke
581 263 73 21 kunde
675 264 67 20 annat
757 264 27 19 än
801 263 28 25 pä
845 262 36 20 det

127 299 145 21 kännbaraste
287 298 66 22 lända
368 299 38 21 det
421 298 125 27 aflägsnare
561 298 71 28 lyceet
647 298 35 22 till
700 305 57 20 men,
773 297 51 22 fann
844 297 37 21 det

128 334 85 23 derföre
235 340 52 15 vara
302 334 7 21 i
324 334 79 27 högsta
426 335 71 21 mätto
522 334 102 27 önskligt,
649 336 34 20 att
705 334 86 22 landets
813 334 68 26 begge

128 370 161 27 normallyceer,
311 370 68 27 enligt
401 370 41 22 den
462 370 34 21 för
513 371 64 21 dessa
591 370 107 22 anstalter
713 369 167 28 ursprungligen

128 406 120 28 uppgjorda
266 406 58 27 plan,
349 406 71 22 skulle
443 412 53 16 vara
520 406 98 27 förlagda
634 406 7 21 i
657 406 160 21 hufvudstaden
841 411 39 15 un-

129 443 38 21 der
189 441 230 28 Skolöfverstyrelsens
444 443 39 21 och
509 442 256 27 pedagogieprofessorns
786 441 94 22 omedel-

128 478 52 22 bara
196 478 109 21 inseende.
329 478 45 21 När
390 479 67 21 sedan
471 478 58 22 1882
541 479 34 20 ärs
587 479 89 21 ständer
687 477 193 26 sammankommo,

128 515 86 26 gjordes
230 514 7 21 i
253 514 165 22 Presteständet
434 514 84 27 förslag
533 521 35 15 om
587 515 37 21 det
634 513 70 22 finska
715 513 165 27 normallyceets

128 549 151 28 äterflyttande
303 550 34 21 till
360 550 146 27 Helsingfors.
538 550 115 21 Allmänna
676 549 204 26 besvärsutskottet,

128 586 34 21 till
185 587 64 20 hvars
272 586 163 28 handläggning
456 587 93 21 ärendet
570 586 36 21 vid
622 586 95 21 nämnda
733 585 147 22 ständermöte

128 621 158 28 remitterades,
305 623 147 21 understödde
477 621 105 28 förslaget
602 623 28 26 pä
647 622 37 21 det
699 623 115 25 varmaste,
830 626 50 15 men

128 664 26 15 en
171 658 112 21 minoritet
298 658 72 21 inlade
385 658 136 21 reservation
538 658 39 21 och
589 658 160 26 Ridderskapet
760 657 39 21 och
810 655 70 22 Adeln

127 693 110 22 äfvensom
253 694 183 27 Borgareståndet
452 693 129 22 förkastade
596 693 129 27 petitionen,
741 692 138 26 hvarigenom

128 729 74 27 frågan
218 729 34 21 för
268 730 40 21 den
324 730 85 26 gången
426 729 82 22 förföll.

199 765 34 21 Då
248 765 108 22 utskottet
372 772 29 15 nu
418 767 38 25 går
472 768 35 19 att
523 766 122 27 handlägga
662 766 60 21 detta
739 765 86 26 ärende,
842 764 39 20 har

128 801 37 22 det
181 801 6 21 i
203 801 91 21 främsta
309 803 96 20 rummet
420 803 34 20 att
470 802 92 21 hänvisa
577 801 34 22 till
622 801 26 22 de
661 801 141 26 obestridliga
813 799 67 27 fakta,

128 843 46 15 som
187 837 171 26 petitionärerne
371 837 60 22 såväl
439 837 38 21 vid
485 837 131 27 föregående
625 837 155 26 ständermöte,
789 842 46 15 som
844 835 36 21 vid

129 873 60 21 detta
196 873 104 26 åberopat
309 873 6 21 i
323 873 48 21 sina
379 873 89 27 förslag.
486 873 34 22 En
529 873 159 27 öfvervägande
695 872 113 28 pluralitet
816 871 23 22 af
846 873 34 19 ut-

127 909 94 21 skottets
232 909 142 21 medlemmar
387 908 39 29 (12
439 911 48 20 mot
494 909 26 29 4)
528 909 40 22 har
575 909 51 27 hyst
634 909 42 22 den
684 909 63 27 åsigt,
757 910 32 19 att
800 907 80 27 grund-

128 945 94 21 tanken
214 939 12 37 i
235 945 50 21 hela
298 946 37 20 vår
348 945 126 22 nuvarande
490 945 142 27 skolordning
645 944 129 27 oafvisligen
788 943 92 26 fordrar,

127 982 33 19 att
168 987 29 14 nu
205 980 163 27 ifrågavarande
382 981 193 22 missförhållande
589 981 155 26 ofördröjligen
757 979 124 22 undanröd-

125 1016 41 27 jes.
195 1016 105 22 Gällande
313 1016 128 27 förordning
454 1017 91 27 stadgar
560 1016 217 22 attlärarekandidat
785 1018 52 24 äger
848 1016 33 19 att

128 1051 112 23 förbereda
261 1052 33 27 sig
314 1052 34 21 till
373 1052 39 22 sitt
435 1052 113 22 blifvande
564 1053 44 21 kall
624 1053 70 21 under
711 1051 169 28 pedagogiepro-

128 1087 94 22 fessorns
245 1087 89 28 ledning
356 1088 36 21 vid
416 1089 123 26 någotdera
563 1088 23 22 af
607 1089 87 21 landets
717 1087 162 27 normallyceer,

128 1130 49 15 men
201 1124 41 21 den
266 1124 189 27 omständigheten
477 1126 35 20 att
534 1125 41 21 den
594 1124 71 21 finska
680 1123 161 22 normalskolan
857 1125 24 18 är

128 1159 83 28 förlagd
232 1159 34 22 till
289 1160 133 21 Tavastehus
444 1161 131 27 omöjliggör
598 1160 158 23 efterlefnaden
777 1159 24 22 af
820 1159 61 21 detta

127 1196 126 26 stadgande,
270 1195 33 22 för
319 1196 72 21 såvidt
407 1197 37 20 det
460 1198 38 20 rör
513 1197 136 21 sistnämnda
665 1196 74 21 skolas
755 1195 124 21 lärarekan-

129 1231 90 22 didater.
251 1230 99 28 Afsigten
374 1238 63 21 synes
461 1232 130 27 visserligen
614 1231 64 22 hafva
698 1232 57 21 varit
775 1232 33 20 att
823 1229 58 27 sörja

127 1266 63 22 äfven
213 1266 33 21 för
267 1267 74 21 dessas
360 1267 122 22 teoretiska
498 1267 126 27 utbildning
641 1267 33 22 för
690 1266 139 23 lärarekallet
844 1271 37 21 ge-

127 1310 49 15 nom
193 1310 26 14 en
235 1303 95 21 särskild
345 1304 77 27 lärare,
439 1310 48 15 som
504 1304 72 22 skulle
592 1304 105 21 anställas
714 1304 6 20 i
737 1302 142 26 Tavastehus,

127 1346 49 15 men
193 1340 27 21 12
236 1340 24 20 år
275 1339 64 21 hafva
354 1339 93 22 förflutit
463 1342 55 19 utan
535 1342 33 19 att
583 1346 50 15 man
648 1339 42 21 fått
702 1340 61 21 detta
774 1338 107 22 tillstånd.

127 1376 46 21 Och
195 1375 36 21 vid
254 1376 79 21 sakens
355 1378 101 19 närmare
479 1376 159 26 öfvervägande
660 1376 43 20 kan
724 1382 50 14 man
796 1375 85 25 knappt

126 1413 85 25 antaga,
227 1413 33 19 att
276 1411 37 21 det
328 1411 106 27 någonsin
451 1411 58 21 skall
526 1412 87 20 komma
629 1411 34 21 till
674 1411 70 21 stånd.
772 1410 30 27 Ty
819 1408 58 22 såväl

127 1447 33 21 för
175 1448 32 20 att
222 1448 111 20 motsvara
349 1447 25 21 de
391 1446 133 28 fordringar,
541 1454 49 14 man
606 1447 63 21 alltid
685 1446 49 22 med
751 1446 48 21 skäl
810 1446 69 20 måste

197 1490 107 19 Allmänna
319 1489 187 20 Besvärsutskottets
523 1489 115 20 betänkande
654 1489 37 19 N:o
707 1490 19 18 2.
