1061 1717
305 104 250 24 Petitionsbetänkande
569 104 39 24 N:o
622 104 32 24 41.

380 384 207 28 Lagutskottets
602 383 167 23 betänkande
784 384 37 22 N:o
837 383 23 23 15

311 419 8 22 i
329 418 119 29 anledning
458 418 27 23 af
493 418 80 23 tvänne
582 419 57 22 inom
647 418 164 29 Ridderskapet
819 418 40 23 och

312 453 71 23 Adeln
403 454 57 22 samt
474 453 190 28 Borgareständet
679 453 82 23 väckta
775 453 86 28 förslag

311 488 36 22 till
362 487 121 30 petitioner
493 493 34 17 om
537 488 44 28 lag,
592 488 96 23 rörande
699 488 48 23 dels
759 488 101 22 vilkoren

310 523 36 22 för
367 522 126 29 beviljande
516 522 25 23 af
560 523 132 22 koncession
714 522 14 22 ä
744 523 115 28 jernvägs-

311 557 143 29 anläggning,
470 557 49 22 dels
534 557 130 28 inteckning
680 557 7 22 i
699 557 102 28 jernväg.

175 622 81 21 Genom
272 621 198 28 protokollsutdrag
486 621 23 22 af
523 621 40 22 den
579 623 12 20 9
608 621 40 22 och
660 623 12 20 2
684 621 103 22 Februari
797 620 63 22 hafva

107 657 158 26 Ridderskapet
280 656 40 22 och
334 656 69 21 Adeln
419 657 57 20 samt
490 656 185 27 Borgareständet
685 656 32 21 till
729 655 130 28 Lagutskot-

107 693 44 20 tets
162 691 129 26 behandling
305 691 122 21 remitterat
436 690 95 28 följande
547 693 78 19 tvänne
640 690 219 27 petitionsmemorial,

107 725 22 22 af
142 725 72 22 hvilka
229 725 36 22 det
281 731 75 16 senare
368 725 80 27 jemväl
464 725 83 28 ätföljts
564 725 22 21 af
598 725 133 27 protokollet
747 725 58 22 öfver
819 724 40 22 den

107 759 129 27 diskussion,
259 765 45 16 som
328 759 34 22 vid
385 759 146 23 memorialets
555 759 150 28 föredragning
727 759 7 22 i
757 759 102 27 Borgare-

106 794 87 22 ständet
207 794 105 28 förelupit.

470 874 22 22 1.

231 949 42 23 Till
289 949 123 29 Höglofliga
426 949 167 29 Ridderskapet
607 949 41 22 och
663 949 79 29 Adeln.

173 1012 38 18 Vid
224 1012 125 19 sistförftutna
360 1012 92 23 landtdag
464 1012 52 18 hade
525 1012 34 23 jag
571 1013 45 17 äran
629 1013 29 17 att
670 1012 6 18 i
689 1012 53 19 detta
754 1011 104 25 höglofliga

105 1039 56 20 ständ
173 1041 80 18 inlemna
265 1046 23 13 en
300 1041 79 24 petition
392 1047 30 12 om
434 1041 138 23 töreläggande
583 1040 23 19 af
614 1041 119 23 proposition
742 1041 28 18 till
779 1041 78 18 konces-

105 1069 83 24 sionslag
197 1070 30 18 för
235 1071 76 22 privata
316 1071 110 23 jernvägar,
435 1070 77 18 hvilket
519 1070 188 23 petitionsmemoria!
714 1069 23 18 af
742 1069 115 19 Ridderska-

104 1100 33 21 pet
149 1099 36 18 och
198 1099 62 18 Adeln
273 1099 42 19 blef
324 1099 29 18 till
364 1099 130 24 lagutskottet
507 1099 125 18 remitteradt.
656 1099 67 18 Denna
735 1099 80 24 petition
825 1099 32 18 de-

104 1127 43 18 lade
159 1127 50 19 dock
221 1128 43 18 med
276 1127 69 24 många
356 1129 59 18 andra
427 1128 47 19 ödet
486 1130 35 21 att,
532 1128 78 23 tiliföljd
622 1128 22 18 af
654 1128 115 19 ärendernas
782 1128 75 23 mängd,

104 1156 35 18 alls
156 1156 42 19 icke
215 1157 57 18 hinna
290 1157 74 18 komma
382 1157 61 18 under
460 1157 119 18 Ständernas
594 1157 96 23 pröfning.
713 1156 76 25 Frägan
801 1157 56 18 torde

104 1185 104 18 emellertid
227 1185 64 19 kunna
308 1185 19 19 få
344 1185 70 19 räknas
432 1186 30 18 till
480 1185 50 23 dem,
546 1186 65 18 hvilka
623 1186 43 18 icke
678 1186 47 19 böra
738 1185 20 19 få
769 1185 48 19 råka
829 1186 28 18 uti

103 1213 93 24 glömska.
219 1215 30 18 De
267 1213 20 20 år
305 1214 30 19 för
353 1214 21 19 år
390 1215 35 18 allt
440 1214 93 19 talrikare
545 1215 133 23 uppträdande
690 1214 166 24 önskningsmålen

104 1247 30 14 om
149 1243 118 24 anläggande
280 1243 21 18 af
311 1243 113 19 lokalbanor
435 1243 6 18 i
454 1243 24 18 de
491 1245 50 17 mest
552 1243 52 18 olika
616 1243 54 19 delar
682 1244 22 18 af
713 1244 66 19 landet
790 1244 67 23 intyga

103 1273 30 16 att
149 1271 82 24 insigten
249 1272 69 23 derom,
335 1273 29 17 att
380 1271 44 20 vårt
436 1272 55 18 lands
504 1272 46 18 kraf
559 1271 25 25 på
596 1272 118 19 förbättrade
727 1273 130 18 kommunika-

103 1300 61 19 tioner
181 1301 42 18 icke
243 1301 38 18 kan
293 1301 112 23 tillgodoses
417 1306 69 18 genom
499 1302 138 23 anläggningen
649 1302 22 18 af
681 1302 50 18 blott
743 1302 113 23 stambanor,

103 1331 45 17 utan
166 1331 29 17 att
207 1330 28 18 till
248 1330 42 18 dem
303 1330 118 18 harmoniskt
433 1330 36 18 bör
481 1330 76 18 ansluta
568 1330 30 24 sig
610 1332 28 17 ett
651 1332 62 18 större
725 1331 47 19 eller
784 1331 72 19 mindre

102 1358 52 18 antal
170 1358 85 24 bibanor,
272 1361 29 16 att
318 1359 82 23 insigten
412 1359 72 23 härom,
498 1360 57 22 säger
563 1360 40 22 jag,
615 1360 69 18 vunnit
696 1360 33 18 allt
741 1360 115 19 allmännare

103 1387 98 24 spridning
217 1388 35 18 och
265 1388 125 18 erkännande.
414 1388 118 24 Visserligen
544 1389 34 17 äro
590 1388 96 24 åsigterna
698 1394 29 13 om
740 1389 49 19 huru
801 1390 54 19 dessa

103 1416 79 18 bibanor
194 1416 55 19 skola
261 1417 99 19 realiseras
372 1416 58 24 något
442 1417 76 19 delade.
534 1416 80 24 Mången
627 1417 55 23 skall,
695 1418 5 19 i
709 1418 145 19 öfverensstäm-

171 1458 137 22 Lagutskottets
320 1458 116 18 betänkande
448 1458 36 18 N:o
497 1459 27 17 15.
