1061 1717
239 95 27 21 18
362 94 4 3 '
392 88 14 38 —
417 93 239 23 Petitionsbetänkande
671 92 38 23 N:o
726 92 19 22 1.

207 168 46 20 nen,
270 161 73 20 dervid
358 161 26 20 de
399 161 110 26 bebyggda
529 164 101 17 tomterna
651 160 55 21 N:ris
728 159 51 25 243,
797 159 50 26 244,
863 159 43 21 245
923 160 38 20 och

208 190 45 22 270
267 192 66 19 mäste
348 191 81 26 inlösas,
449 191 72 20 vidare
543 191 77 20 utefter
640 190 275 26 Alexandersperspektivet
930 190 31 20 till

207 221 84 20 trakten
307 220 22 20 af
342 221 119 20 mekaniska
484 221 126 20 verkstaden
630 220 38 20 och
690 220 65 20 sedan
775 220 47 20 med
843 226 26 14 en
886 222 74 23 sväng-

207 251 51 25 ning
274 252 22 18 åt
311 254 68 17 vester
394 251 71 20 utmed
481 251 99 20 stranden
596 250 31 20 till
643 250 85 20 stadens
739 250 62 19 hamn
812 250 38 20 och
861 249 98 27 packhus.

282 286 161 27 Ifrägavarande
458 287 81 27 bibana,
555 293 43 13 som
613 286 92 20 kommer
721 288 32 18 att
767 285 97 21 befordra
877 284 45 21 icke
932 285 27 19 al-

206 317 68 20 lenast
289 317 73 20 staden
378 318 104 25 Wiborgs,
497 320 51 18 utan
563 318 85 19 fastmer
663 317 47 19 hela
726 318 57 18 östra
797 316 101 20 Finlands
911 316 49 19 han-

207 346 148 21 delsintressen
370 348 38 19 och
424 354 43 13 som
483 348 64 20 mäste
567 353 61 14 anses
646 353 52 13 vara
713 352 26 14 en
755 346 119 26 nödvändig
888 346 49 20 länk
953 345 7 19 i

207 379 79 17 statens
299 376 140 28 jernvägsnät,
455 377 122 26 isynnerhet
592 377 27 19 dä
633 376 122 26 byggandet
771 375 23 20 af
807 376 104 20 mellersta
921 376 37 19 och

206 409 57 17 östra
286 407 144 20 stambanorna
451 410 59 17 snart
529 408 91 19 kommer
640 409 32 17 att
692 407 141 25 päbegynnas,
849 406 63 20 borde
927 406 32 20 till

206 436 33 20 sin
254 437 47 20 hela
315 437 89 20 kostnad
424 437 80 20 utföras
524 437 47 20 med
591 437 103 20 allmänna
714 436 73 20 medel.
817 437 65 19 Detta
897 443 63 19 synes

205 473 51 13 vara
272 468 23 18 sä
310 467 82 26 mycket
406 474 56 13 mera
477 467 47 20 med
539 467 95 26 billighet
648 467 39 19 och
702 466 89 20 rättvisa
801 466 158 20 öfverensstäm-

205 496 80 27 mande,
301 503 44 14 som
360 497 125 20 kostsamma
505 497 86 20 bibanor
606 497 31 19 till
653 497 78 19 Sörnäs
751 496 135 26 lastageplats
901 496 58 20 invid

206 526 136 26 Helsingfors,
358 527 106 20 äfvensom
479 527 32 20 till
526 527 97 20 städerna
638 520 52 32 Åbo,
706 527 81 24 Hangö,
804 526 73 20 Gamla
886 526 72 20 Karle-

205 556 28 26 by
249 557 38 19 och
303 557 113 25 Uleåborgs
435 557 85 20 hamnar
535 558 27 25 på
577 557 138 20 statsverkets
734 556 116 20 bekostnad
866 556 44 20 dels
925 559 34 17 ut-

205 585 52 20 förts
273 586 44 20 dels
333 589 35 17 äro
385 587 67 20 under
472 587 98 26 byggnad
585 587 7 19 i
608 587 149 25 sammanhang
777 586 47 20 med
844 592 54 20 resp.
913 586 45 19 huf-

205 616 113 25 vudbanor,
334 619 53 17 samt
402 617 73 25 anslag
490 617 24 19 af
526 617 112 20 ständerna
654 623 28 13 nu
698 616 24 19 af
735 616 104 26 styrelsen
855 616 61 19 äskas
926 615 32 20 för

205 651 25 14 en
247 645 75 20 bibana
337 646 31 19 till
383 647 83 20 Brändö
482 647 57 19 invid
555 647 70 20 Wasa.
651 647 33 19 Då
700 646 115 20 emellertid
829 645 129 26 fullmäktige

204 675 33 20 för
252 675 99 26 Wiborgs
367 676 46 20 stad
428 676 71 20 funnit
514 676 157 26 ifrågavarande
687 676 76 19 bibana
778 676 81 19 komma
875 678 31 17 att
921 683 35 12 un-

205 705 88 20 derlätta
308 709 70 17 ortens
393 713 52 18 egen
461 707 75 19 handel
552 707 38 19 och
604 706 106 20 indirekta
729 705 91 20 fördelar
840 706 71 19 kunna
926 705 31 20 för

205 735 72 20 staden
298 736 102 25 påräknas
420 743 74 18 genom
514 743 25 13 en
560 736 86 25 lifligare
666 735 158 27 transitotrafik,
845 735 63 20 hafva
922 736 34 19 de-

204 771 77 14 samma
296 766 45 19 icke
357 766 52 19 blott
424 766 91 25 beslutit,
530 768 31 17 att
577 767 39 19 alla
631 773 67 19 varor,
713 766 78 25 hvilka,
807 768 51 17 utan
874 768 30 17 att
919 772 37 13 un-

203 795 65 25 dergå
290 795 170 27 tullbehandling,
476 796 7 19 i
499 795 84 21 stadens
603 797 62 19 hamn
689 796 82 20 direkte
793 795 97 20 omlastas
910 795 45 20 från

202 824 72 26 fartyg
289 825 7 19 i
309 825 155 26 jernvägsvagn
484 826 50 20 eller
555 829 63 17 annat
632 826 76 25 fartyg,
725 825 59 20 skola
799 832 51 13 vara
864 825 91 20 befriade

202 853 47 21 från
265 854 40 20 alla
320 855 146 26 trafikafgifter
481 856 31 19 till
528 856 79 25 staden,
623 859 50 16 utan
694 855 63 21 äfven
776 855 31 20 uti
823 862 26 13 en
864 855 32 20 till
911 857 44 24 sty-

202 884 68 20 relsen
288 884 92 26 ingifven
399 885 92 20 ansökan
506 885 66 20 utfäst
587 886 32 25 sig
634 888 37 24 att,
686 885 72 20 derest
773 885 89 20 bibanan
877 885 57 20 ledes
949 885 7 20 i

202 913 62 20 ofvan
284 914 116 26 föreslagen
420 915 99 27 riktning,
539 915 73 20 staden
633 915 149 20 kostnadsfritt
801 915 66 20 afstär
887 915 69 20 dertill

201 944 64 25 nödig
279 945 64 25 mark,
354 945 55 20 utför
420 945 25 20 de
455 945 80 26 ganska
545 946 125 19 kostsamma
680 945 194 26 fyllningsarbeten,
884 945 72 20 hvilka

201 973 104 20 erfordras
320 974 32 20 till
367 977 31 18 att
412 975 88 20 försätta
514 975 151 20 ofvannämnde
685 978 78 17 tvenne
783 977 60 23 gator
859 975 31 20 till
905 975 50 20 fast-

201 1003 62 20 ställd
283 1004 115 26 profilhöjd,
418 1005 105 20 äfvensom
538 1006 27 25 pä
580 1005 32 20 sin
628 1005 117 20 bekostnad
765 1005 142 26 exproprierar
923 1005 30 25 de,

201 1033 94 20 enskilda
315 1041 98 18 personer
432 1035 105 26 tillhöriga
552 1038 74 17 tomter
641 1035 39 20 och
696 1035 138 20 tomtandelar
849 1035 36 20 vid
898 1035 55 25 jern-

200 1065 121 24 vägsgatan,
342 1064 70 20 hvilka
432 1065 32 19 för
484 1065 130 25 regleringen
634 1065 23 19 af
675 1065 122 20 densamma
817 1067 35 17 äro
873 1065 79 26 nödiga,

199 1092 50 20 eller
265 1095 101 18 tomterna
381 1094 57 20 N:ris
454 1094 49 27 243,
520 1094 49 26 244,
585 1094 43 21 245
644 1095 38 19 och
699 1094 50 21 270.

274 1129 72 26 Enligt
361 1132 36 25 ett,
412 1131 27 25 pä
454 1129 113 26 befallning
587 1130 23 20 af
628 1130 121 26 Kejserliga
769 1130 90 21 Senaten
879 1137 73 20 genom

199 1153 167 31 Öfverstyrelsen
378 1159 32 20 för
420 1162 50 23 väg-
481 1160 38 19 och
529 1160 301 20 vattenkommunikationerna
841 1157 111 34 uppejordt

197 1187 183 28 kostnadsförslag,
397 1189 67 20 skulle
484 1190 144 19 meranämnda
646 1190 82 25 bibana,
743 1190 90 20 förutom
849 1191 26 20 de
890 1191 62 26 utgif-

197 1220 33 17 ter
245 1218 74 20 staden
340 1219 88 26 Wiborg
448 1219 67 20 skulle
535 1221 75 24 pätaga
630 1220 38 25 sig,
684 1219 95 20 erfordra
795 1227 26 13 en
837 1227 79 14 summa
931 1221 23 19 af

197 1247 54 20 Fmk
267 1248 95 25 122,400
376 1250 39 19 och
430 1249 38 20 har
483 1256 26 13 en
524 1250 128 25 planritning
667 1249 24 20 af
705 1250 80 25 staden,
801 1250 36 20 der
848 1251 70 25 späret
928 1254 23 16 är

197 1280 71 23 utsatt,
284 1278 69 20 blifvit
367 1279 32 19 till
415 1279 102 27 styrelsen
533 1279 108 21 inlemnad.

271 1314 31 19 Pä
316 1314 69 25 grund
402 1316 20 18 at
437 1315 55 20 hvad
507 1316 22 19 vi
544 1315 61 21 ofvan
621 1316 45 20 haft
676 1319 51 17 äran
739 1315 77 27 anföra,
827 1316 22 20 fä
859 1317 21 19 vi
890 1317 60 20 vörd-

196 1346 53 16 samt
265 1344 89 20 anhälla:

384 1388 29 18 att
428 1386 100 26 vällofliga
549 1387 162 26 Borgareständet
726 1388 47 19 ville
788 1388 70 24 förena
872 1389 30 25 sig
917 1394 31 14 om

338 1416 122 20 inlemnande
474 1416 26 24 af
512 1423 22 14 en
548 1417 121 25 underdänig
687 1418 86 24 petition
792 1424 32 13 om
844 1419 104 23 utförande

337 1446 26 24 af
374 1446 156 26 ifrågavarande
550 1448 71 19 bibana
641 1447 43 20 med
704 1448 103 19 allmänna
822 1448 60 20 medel
896 1450 51 18 samt

267 1487 197 25 Jernvägsutskottets
478 1488 116 20 betänkande
610 1489 37 19 N:o
663 1490 19 19 3.
