1061 1717
231 107 13 21 2
343 107 82 23 Ständ.
441 108 51 22 Pet.
508 120 29 4 —
552 108 167 22 Petitionsbet.
735 108 40 22 N:o
790 107 33 22 17.

204 169 64 29 hjelp
285 170 59 21 dock
358 170 52 22 icke
425 171 73 21 varda
518 171 55 21 fullt
588 170 157 29 tillgodosedt.
775 171 46 21 Det
837 174 24 18 är
876 170 81 22 nemli-

203 211 48 21 gen
273 204 137 28 uppenbart,
434 207 35 19 att
491 205 227 29 provincialläkaren
740 204 67 28 skall,
823 205 49 21 ofta
887 204 70 22 äfven

205 238 54 21 med
274 238 67 22 bästa
356 239 58 29 vilja
430 241 35 19 att
480 240 30 28 gä
526 239 27 21 de
569 239 213 29 hjelpbehöfvande
792 239 38 21 till
840 241 80 24 mötes,
932 246 24 14 se

206 272 36 21 sin
259 272 71 29 afsigt
345 273 57 21 eller
418 274 42 20 sitt
474 274 57 21 löfte
547 276 36 19 att
601 274 121 28 bispringa
737 273 52 21 dem
804 273 98 21 korsade
918 280 38 21 ge-

202 314 55 14 nom
283 307 199 28 embetsgöromäl,
506 315 48 14 som
569 308 52 21 icke
636 308 49 21 täla
699 308 111 28 uppskof;
827 308 44 21 och
886 307 70 21 äfven

201 340 37 22 uti
254 340 28 22 de
297 341 112 29 möjligen
424 342 115 21 tänkbara
554 342 48 25 fall,
619 342 29 21 dä
664 350 28 13 en
707 342 209 28 provincialläkare
933 342 26 20 af

200 382 31 14 en
247 375 56 22 eller
318 383 78 14 annan
411 376 69 21 orsak
495 376 102 21 önskade
613 376 152 28 undandraga
776 376 36 28 sig
823 384 29 13 en
862 376 93 21 besvär-

201 410 35 27 lig
246 417 57 19 resa,
317 410 60 21 skall
389 410 47 21 han
447 410 40 22 väl
497 410 50 29 just
555 410 36 22 uti
602 411 51 21 sina
661 410 229 29 tjensteäligganden
898 412 58 19 utan

201 444 120 28 svärighet
336 445 79 21 kunna
430 445 65 21 finna
510 445 71 28 giltig
591 445 128 28 anledning
729 445 86 22 dertill.
838 445 78 21 Bland
926 445 28 21 de

201 478 64 22 olika
287 479 81 28 medel,
385 487 49 14 som
448 479 38 22 till
501 479 153 28 sjukvärdens
670 479 160 22 förbättrande
845 479 36 22 uti
900 479 55 21 iträ-

199 514 136 27 gavarande
357 515 203 28 petitionstörslag
582 515 140 26 framhällas,
739 514 70 21 hafva
825 514 130 21 Ständerna

199 547 80 22 derför
301 548 82 21 endast
398 549 8 20 i
422 549 72 20 andra
509 551 98 18 rummet
628 549 90 20 kunnat
735 548 93 21 förorda
844 548 110 28 omregle-

198 582 55 28 ring
276 583 26 20 af
321 582 28 21 de
370 583 146 21 vidsträckta
535 583 343 28 provincialläkaredistrikten,
900 590 54 13 men

199 617 104 21 deremot
325 617 81 21 främst
429 617 108 22 omfattat
562 617 118 28 förslagen
702 625 37 13 om
762 616 145 23 anställande
930 617 23 21 at

198 651 214 21 kommunalläkare
434 652 31 28 pä
486 651 81 22 landet
589 653 59 20 samt
662 651 134 22 inrättande
812 651 26 21 af
850 651 103 22 kommu-

198 685 55 22 nala
268 685 142 29 sjukstugor.

267 720 150 21 Beträffande
432 722 72 19 sättet
514 720 36 21 för
560 719 392 22 kommunalläkareinstitutionens

199 754 152 22 anordnande
362 762 54 13 anse
428 754 137 26 Ständerna,
576 756 34 19 att
620 754 180 21 landskommun
810 754 71 21 borde
890 757 61 18 emot

198 789 47 21 fast
260 789 48 26 lön,
323 789 31 28 pä
368 789 48 21 viss
431 789 37 21 tid
483 789 43 21 och
541 789 8 20 i
565 789 238 21 öfverensstämmelse
821 788 53 21 med
889 788 62 21 hvad

198 823 9 21 i
223 823 28 21 de
270 823 67 21 flesta
355 823 23 21 af
395 823 92 21 landets
510 823 78 22 städer
610 831 54 20 eger
686 830 57 20 rum,
760 823 99 21 anställa
875 830 28 14 en
918 823 33 21 lä-

198 857 63 27 kare,
283 857 70 22 hvars
375 857 149 22 verksamhet
546 857 148 21 uteslutande
711 857 101 28 egnades
827 857 46 21 den
888 857 63 21 kom-

197 899 64 19 mun,
284 893 26 20 af
329 892 97 21 hvilken
448 892 48 21 han
517 892 80 21 blifvit
618 891 98 22 anstäld.
753 891 34 21 De
811 891 137 28 fordringar,

197 926 83 21 hvilka
302 927 139 20 kommunen
465 926 43 21 och
532 926 96 21 läkaren
651 926 58 21 hvar
731 926 13 20 &
767 925 36 21 sin
826 925 50 22 sida
899 925 51 22 här-

197 960 42 21 vid
253 960 78 21 kunde
348 967 54 14 anse
419 961 36 27 sig
469 960 145 28 berättigade
628 962 34 19 att
678 960 123 28 uppställa,
818 959 78 28 borde,
912 967 40 21 ge-

196 1002 55 14 nom
260 997 35 19 att
304 995 31 28 pä
344 995 99 21 förhand
453 995 135 24 fastställas,
596 995 52 20 icke
658 995 80 20 kunna
748 994 121 21 föranleda
878 995 72 27 nägra

197 1029 206 28 misshälligheter,
420 1029 159 21 hvarförutom
594 1029 94 21 aftalets
701 1029 151 28 uppgörande
863 1029 29 28 pä
903 1029 48 20 viss

197 1063 132 28 begränsad
344 1063 36 21 tid
396 1063 75 22 skulle
487 1063 65 28 gifva
567 1063 95 21 läkaren
670 1070 29 13 en
708 1063 88 28 borgen
804 1063 36 20 för
849 1065 34 18 att
890 1063 60 21 hans

196 1097 28 22 af
236 1097 142 22 kommunen
393 1097 115 22 beroende
525 1097 149 22 ekonomiska
685 1097 115 28 ställning
809 1097 52 21 icke
872 1097 77 22 blefve

197 1131 160 22 underkastad
373 1131 148 22 oförmodade
536 1131 130 29 vexlingar.

266 1166 53 21 Den
334 1166 100 21 kostnad
452 1166 166 21 kommunerna
634 1166 36 21 för
685 1165 36 21 sin
736 1165 79 21 läkare
831 1165 119 28 nödgades

196 1200 81 21 ikläda
299 1201 36 27 sig
355 1200 66 21 torde
444 1202 58 19 utan
517 1200 83 21 tvifvel
615 1200 63 21 inom
694 1199 59 26 kort,
770 1200 69 21 äfven
854 1200 36 21 för
906 1200 44 21 den

197 1234 73 21 minst
285 1234 143 27 klarseende,
446 1234 80 21 bevisa
541 1234 37 27 sig
592 1234 38 21 till
645 1233 58 22 fullo
718 1233 87 28 gäldad
819 1241 84 20 genom
916 1234 35 21 in-

197 1269 128 28 besparade
347 1268 118 29 längväga
482 1268 158 26 läkarebesök,
656 1275 85 21 genom
755 1268 65 28 lägre
836 1268 115 21 läkarear-

196 1302 61 22 vode
281 1303 44 21 och
347 1310 84 20 genom
454 1303 137 28 minskning
612 1303 8 21 i
641 1302 107 29 sjukdom
764 1302 43 22 och
823 1302 127 28 dödlighet.

196 1336 140 22 Emellertid
359 1340 25 18 är
402 1337 38 21 det
464 1337 60 21 dock
543 1337 116 28 knappast
674 1337 89 27 troligt,
779 1338 34 19 att
828 1337 84 27 många
929 1338 24 20 af

197 1371 92 21 landets
311 1371 136 21 kommuner
468 1378 56 14 vore
545 1372 82 27 villiga
648 1373 35 19 att
704 1370 53 22 med
773 1378 40 14 ens
829 1371 121 28 öfvertaga

196 1406 55 21 hela
269 1406 46 20 den
332 1406 133 28 betydande
487 1407 74 27 utgitt
582 1413 30 13 en
628 1408 83 25 duglig
732 1405 91 21 läkares
847 1404 103 30 atiöning
