1061 1717
207 88 29 22 52
391 87 240 23 Petitionsbetänkande
646 88 37 22 N:o
701 87 18 22 1.

178 154 65 26 2,000
258 154 41 21 mk.
315 154 49 21 eller
378 162 56 13 mera
454 158 27 17 än
496 155 33 25 för
544 155 116 20 ändamålet
670 154 123 25 erfordrats;
803 160 46 14 men
857 154 76 20 tillåter

176 185 37 25 jag
235 184 43 26 mig
297 184 64 21 likväl
376 187 37 25 att,
428 185 129 20 beträffande
573 185 18 25 ej
607 184 80 20 mindre
703 184 26 20 de
754 184 109 20 sannolika
877 184 55 19 kost-

178 214 93 20 naderna
287 214 32 20 för
333 215 79 19 banans
420 215 112 25 byggande
541 218 26 16 än
575 214 159 21 vidkommande
741 213 191 27 trafik-inkomster,

179 250 43 14 som
245 244 47 20 från
315 244 118 20 densamma
455 247 36 17 äro
512 247 31 17 att
563 244 100 26 förvänta,
679 244 22 20 få
715 244 115 20 framställa
844 242 89 27 följande

180 274 162 26 approximativa
364 274 144 26 beräkningar,
531 274 118 26 uppgjorda
672 274 24 20 af
716 280 104 20 personer,
836 280 44 14 som
895 279 38 19 ega

179 303 38 20 full
232 304 116 20 kännedom
364 310 32 14 om
411 304 123 20 hithörande
549 304 149 20 förhållanden.

253 333 48 20 Den
322 336 89 24 terräng,
427 334 58 20 öfver
500 334 85 20 hvilken
600 333 191 26 bansträckningen
807 333 80 20 komme
903 334 30 18 att

179 363 81 27 dragas,
285 366 22 16 är
330 363 32 20 för
382 364 187 26 järnvägsarbeten
590 364 134 26 synnerligen
739 369 94 20 gynsam,
849 362 84 20 alldeles

176 393 58 25 jemn
252 393 59 19 mark
326 393 32 19 till
374 396 43 18 stor
432 394 34 20 del
481 394 96 26 grusjord
593 394 46 20 med
655 393 74 20 endast
744 400 27 13 en
786 392 147 21 vatten-öfver-

179 424 56 25 gång
253 422 58 21 öfver
328 429 25 14 en
369 424 116 25 obetydligt
500 424 61 24 bäck;
577 423 31 20 till
624 423 51 26 följd
691 422 62 21 häraf
765 423 38 20 bör
818 422 115 21 kostnaden

179 452 32 21 för
235 453 94 26 bibanan,
351 453 65 26 enligt
435 453 141 27 bepröfvande
592 453 22 20 af
627 453 123 26 ingeniörer,
765 452 108 26 förtrogna
886 452 47 21 med

176 483 221 26 jernvägs-byggnads
416 484 92 26 arbeten,
524 483 45 20 icke
585 484 70 25 uppgå
670 483 64 26 högre
750 486 26 17 än
792 483 32 20 till
839 482 95 25 omkring

179 511 81 27 35,000
280 513 59 20 mark
356 520 38 19 per
409 516 63 23 verst,
488 513 26 20 dä
529 514 69 25 nägon
614 513 89 20 särskild
719 513 89 20 kostnad
823 512 33 20 för
871 512 63 26 rörlig

178 542 93 20 materiel
285 542 46 21 icke
346 545 58 24 tages
420 543 46 20 med
481 543 7 20 i
503 543 147 25 beräkningen.

253 572 54 20 Hela
322 573 115 20 kostnaden
453 573 32 20 för
500 573 67 20 banan
582 572 70 21 blefva
662 573 61 20 alltså
733 571 96 26 omkring
839 571 95 26 350,000

179 602 64 20 mark.

254 632 121 20 Emellertid
395 633 37 19 har
451 632 182 21 Kommerserådet
649 632 49 20 Otto
714 633 25 18 A.
755 631 63 20 Malm
834 631 32 20 för
881 633 31 18 att
927 631 7 19 i

178 661 33 20 sin
234 668 47 13 mon
302 661 120 26 möjliggöra
440 662 158 26 ifrågavarande
610 661 183 26 jernvägsföretag
809 664 53 17 samt
878 661 55 20 dess-

178 691 88 20 medelst
289 691 95 20 befordra
405 692 73 20 staden
494 692 128 20 Jakobstads
636 691 108 20 förkofran
760 691 38 20 och
814 691 120 25 utveckling

178 721 47 20 med
244 721 161 26 utomordentlig
420 722 38 20 och
475 722 101 26 sällspord
592 721 133 26 frikostighet
740 721 95 26 utlofvat,
851 722 27 25 på
892 723 43 17 sätt

179 757 26 13 en
225 751 43 25 mig
288 751 84 20 tillsänd
396 752 37 19 och
457 752 75 20 härhos
556 751 69 26 bilagd
642 751 91 26 skriftlig
748 751 127 20 förbindelse
890 750 44 20 vid-

180 780 81 20 handen
277 780 74 27 gifver,
367 782 67 19 såsom
449 781 75 26 bidråg
539 782 31 19 till
586 781 88 20 nämnda
688 780 200 27 jernvägsbyggnad
904 787 30 13 er-

178 810 62 25 lägga
255 817 56 13 mera
327 813 26 17 än
368 811 80 20 hälften
464 811 23 20 af
499 812 46 19 hela
561 811 197 20 kostnadssumman
773 811 50 19 eller
837 811 98 23 200,000

178 840 64 24 mark,
267 840 73 20 dervid
362 840 96 21 fästande
482 841 36 20 det
538 841 53 20 enda
612 841 89 20 vilkoret
717 843 31 17 att
763 840 103 20 bandelen
881 840 53 19 skall

179 875 50 14 vara
247 869 70 26 färdig
332 870 72 25 byggd
419 871 39 19 och
473 871 31 20 för
520 871 62 20 trafik
597 871 99 26 upplåten
712 871 65 19 senast
792 871 36 19 två
843 871 24 18 &r
882 869 52 20 efter

179 899 36 20 det
237 899 144 26 Uleåborgska
401 900 115 26 jernvägen
539 900 69 20 blifvit
630 900 32 20 till
683 899 205 27 jernvägsstyrelsen
903 899 31 20 för

179 929 138 20 trafikerande
333 929 145 21 öfverlemnad.

254 959 77 20 Vidare
347 959 61 20 hafva
424 960 192 25 Stadsfullmäktige
632 960 6 19 i
654 959 117 20 Jakobstad
787 959 100 25 enhälligt
902 961 32 17 ut-

179 988 51 20 talat
253 988 41 20 den
317 989 55 25 åsigt
388 992 30 17 att
434 990 74 20 staden
524 990 66 20 skulle
606 989 86 26 bidraga
707 989 49 20 med
771 988 163 27 expropriations

179 1018 117 20 kostnaden
312 1018 23 19 af
348 1019 27 19 all
390 1019 32 20 för
438 1019 89 20 bibanan
542 1019 89 26 behöflig
647 1019 59 20 mark
719 1019 8 19 i
738 1019 49 20 dess
797 1019 48 20 hela
855 1018 79 20 sträck-

179 1047 56 26 ning,
251 1047 107 21 äfvensom
372 1049 78 26 bevilja
465 1049 100 26 rättighet
581 1051 30 18 att
624 1049 54 20 ifrån
689 1049 86 20 stadens
787 1048 52 25 skog
850 1048 84 20 afvärka

178 1077 142 20 timmerstock
335 1078 32 19 till
383 1078 134 27 erforderliga
531 1080 46 19 bro-
593 1079 37 19 och
646 1078 165 27 husbyggnader
827 1079 12 18 &
850 1078 84 19 stadens

178 1107 65 26 mark,
259 1114 48 13 men
322 1111 49 16 enär
386 1108 106 26 laggiltigt
502 1109 69 20 beslut
581 1109 23 19 af
611 1109 114 20 förstärkta
735 1107 199 27 Stadsfullmäktige,

178 1137 31 19 till
228 1137 83 20 hvilkas
332 1138 111 25 afgörande
462 1138 73 26 frägan
550 1139 133 26 hänskjutits,
701 1141 56 16 ännu
772 1137 47 20 icke
834 1137 100 27 erhällits,

178 1166 87 21 utbeder
280 1167 35 25 jag
331 1167 42 26 mig
388 1170 31 17 att
434 1168 64 20 sedan
512 1168 102 26 protokoll
629 1167 98 22 häröfver
742 1167 86 20 kommit
841 1167 43 25 mig
893 1167 40 20 till-

178 1196 68 19 handa
266 1196 23 20 få
308 1196 126 21 öfverlemna
450 1198 112 20 detsamma
577 1198 32 20 till
621 1197 210 26 jernvägsutskottet,
849 1197 35 26 dit,
901 1198 32 19 sä-

178 1232 43 13 som
234 1226 38 25 jag
288 1227 84 25 hoppas,
388 1227 176 26 Borgareständet
579 1227 58 20 torde
656 1227 108 20 remittera
779 1227 58 20 detta
853 1227 82 19 ärende.

249 1255 35 20 Då
307 1257 279 25 expropriationskostnaden
607 1257 32 20 för
661 1257 88 20 marken
769 1257 42 19 kan
831 1256 103 20 beräknas

176 1285 32 19 till
231 1285 64 21 minst
317 1285 81 28 25,000
419 1287 59 20 mark
502 1290 53 18 samt
577 1287 123 20 förnämnda
715 1286 143 20 timmerstock
873 1285 59 21 torde

177 1317 106 18 motsvara
298 1318 31 17 ett
344 1316 63 20 värde
423 1317 24 19 af
460 1317 123 20 ätminstone
600 1317 28 21 10
644 1319 11 18 å
667 1317 28 21 12
707 1319 63 17 tusen
778 1316 65 27 mark,
854 1316 80 20 komme

177 1344 47 20 hela
236 1344 228 27 jernvägsbyggnaden
479 1349 31 18 att
524 1348 61 19 kosta
595 1347 73 20 endast
679 1346 98 26 omkring
788 1346 95 27 115,000
893 1346 40 19 mk.

249 1374 48 20 Den
317 1375 111 27 tillökning
447 1377 7 19 i
474 1377 183 25 trafikinkomsten,
679 1383 45 14 som
743 1376 190 26 statsjernvägarne

176 1436 31 18 att
223 1434 84 27 erhälla,
323 1435 38 19 har
377 1436 111 20 beräknats
504 1436 94 20 sälunda:

245 1476 199 25 Jernvägsutskottets
461 1478 116 20 betänkande
593 1478 36 20 N:o
646 1479 18 19 3.
