1061 1717
312 92 240 23 Petitionsbetänkande
568 93 36 22 N:o
623 93 19 22 1.
798 94 27 21 31

96 160 89 25 jernväg
199 160 32 20 till
247 160 71 20 Kotka
333 160 81 20 komme
430 163 32 17 att
472 160 87 26 utföras,
570 167 43 13 som
623 160 75 26 bidrag
709 160 68 20 härtill
788 160 68 20 lemna

99 189 59 21 Fmk.
178 188 95 28 500,000
293 196 33 13 om
344 190 68 20 banan
428 190 82 20 komme
526 193 30 17 att
571 190 57 20 ledas
644 190 46 20 från
705 190 97 20 Kouvola
817 190 38 19 och

99 219 59 21 Fmk.
174 219 95 26 400,000
285 226 32 13 om
332 220 40 20 den
388 220 93 20 kommer
496 222 32 18 att
543 221 50 25 utgå
608 220 47 20 från
670 220 101 26 Kaipiais.

170 249 47 20 Med
240 249 85 26 ledning
345 249 23 20 af
386 250 38 20 allt
444 250 36 20 det
496 250 86 20 anförda
596 250 32 20 får
640 250 38 25 jag
694 250 37 20 hos
747 249 109 26 Vällofliga

99 279 175 26 Borgareständet
293 279 106 21 vördsamt
418 280 115 26 hemställa,
548 280 36 19 det
599 280 49 20 ville
664 280 84 20 ståndet
763 286 44 13 som
823 280 32 18 sin

99 312 92 24 upptaga
206 315 25 13 en
247 309 86 25 petition
349 309 71 20 derom
436 312 31 17 att
483 310 99 25 antingen

279 357 26 25 A)
328 363 23 13 en
367 357 100 24 jernbana
488 358 48 23 från
552 357 82 25 lämplig
647 357 64 25 punkt
727 357 12 19 ä
754 358 100 24 statsjern-

243 388 85 23 vägarne
351 387 32 19 till
406 387 67 20 Kotka
494 387 58 19 måtte
567 388 30 24 pä
614 387 124 20 statsverkets
754 387 102 20 bekostnad

242 416 77 25 utföras
342 418 48 18 emot
413 417 31 20 det
467 418 31 19 att
518 416 66 21 staden
603 417 71 24 Kotka,
693 417 9 20 i
717 417 82 25 enlighet
814 417 42 20 med

242 446 41 20 dess
298 447 68 19 härom
380 447 77 24 fattade
473 447 65 24 beslut,
554 453 40 14 som
610 447 70 25 bidrag
695 447 70 20 härtill
781 447 76 19 lemnar

242 476 56 20 Fmk.
318 477 174 23 femhundratusen
512 477 113 25 (500,000)
646 477 62 19 derest
724 477 64 19 banan
803 477 52 19 kom-

243 512 40 13 mer
306 508 30 18 att
355 507 47 24 utgå
417 507 49 24 från
482 507 89 19 Kouvola
586 507 46 19 eller
648 507 56 20 Fmk.
720 507 135 24 fyrahundra-

244 538 53 17 tusen
316 537 114 25 (400,000)
451 537 63 19 derest
531 537 112 19 densamma
659 537 84 19 kommer
759 538 29 18 att
804 536 52 20 ledas

242 566 49 23 från
306 566 106 25 Kaipiais;
428 567 48 19 eller
491 567 34 19 ock

279 602 27 25 B)
329 603 29 18 att
381 602 63 20 derest
462 609 23 13 en
497 603 84 24 jernväg
597 603 32 19 till
645 602 66 20 Kotka
727 603 84 19 kommer
827 604 29 17 att

243 637 66 20 genom
327 632 66 19 Kotka
412 632 60 24 stads,
489 632 64 25 bolags
569 633 46 18 eller
631 632 75 19 enskild
718 638 81 19 persons
814 632 41 24 för-

243 667 44 20 sorg
302 661 82 25 utföras,
400 662 117 20 statsverket
531 662 63 19 såsom
609 662 71 25 bidrag
695 662 71 19 härtill
781 662 76 24 utöfver

244 691 35 20 den
294 692 26 23 af
332 692 58 19 Hans
406 692 113 25 Kejserliga
535 692 93 24 Majestät
639 692 42 19 alla
692 692 60 19 redan
763 691 94 25 beviljade

243 721 133 20 subventionen
396 722 30 25 på
450 723 97 23 600,000
571 722 55 19 Fmk.
650 722 59 19 måtte
724 728 25 13 ur
765 722 26 23 af
803 723 54 18 stän-

243 751 61 20 derna
319 752 92 19 anvisade
426 752 61 19 medel
502 751 34 24 för
551 751 94 25 företaget
661 752 62 19 lemma
739 753 26 18 ett
775 751 81 20 amorti-

244 781 73 20 sations
335 782 33 19 lån
380 782 30 25 på
425 781 167 20 niohundratusen
607 782 113 24 (900,000)
736 781 55 20 Fmk.
807 781 26 24 på
849 781 8 19 i

242 811 110 24 hufvudsak
368 811 22 20 de
405 811 9 20 i
428 811 79 20 stadens
522 811 118 20 koncessions
655 811 108 25 ansökning
773 811 84 24 angifna

243 841 87 20 vilkoren
350 843 52 18 samt
422 843 30 18 att
473 841 62 20 denna
551 841 117 20 koncessions
684 841 86 20 ansökan
782 840 74 25 jemvål

243 871 8 19 i
267 871 61 25 öfrigt
343 871 9 20 i
368 871 30 20 det
414 871 151 25 väsendtligaste
581 871 59 24 blefve
656 871 87 24 bifallen.

171 907 42 20 Och
233 906 32 20 får
281 907 38 25 jag
334 907 82 20 anhålla
432 907 36 20 det
484 907 69 20 blefve
569 907 57 20 detta
641 907 98 26 petitions
754 906 105 21 memorial

100 937 31 20 till
147 937 139 25 vederbörligt
301 937 82 20 utskott
398 937 140 20 remitteradt.

170 972 138 27 Helsingfors,
323 973 41 20 den
381 973 28 20 14
426 973 90 20 Jannari
534 972 63 21 1885.

585 1018 70 23 Oskar
671 1019 112 22 Backman.

208 1073 94 26 Bilagor:

197 1109 20 26 IT)
233 1109 149 20 Generalkarta
398 1109 58 21 öfver
473 1110 27 20 de
511 1110 143 26 projekterade
662 1110 194 25 jernvägslinierna.

185 1139 32 26 II)
231 1139 53 20 Plan
300 1139 57 20 öfver
373 1146 26 13 en
415 1140 35 19 del
466 1140 22 19 af
503 1140 72 20 Kotka
590 1140 52 20 stad.

174 1169 42 26 111)
232 1169 33 20 En
272 1169 71 26 tryckt
351 1169 101 26 broschyr
460 1177 34 12 om
508 1165 94 35 Kotka—-
607 1165 86 35 Kouvola
704 1169 154 26 jernvägslinie.

177 1199 39 26 IV)
232 1199 172 26 Undersöknings
419 1200 106 25 protokoll
541 1200 37 19 och
593 1199 178 26 kostnadsförslag
786 1199 31 19 för
834 1199 22 19 li-

100 1229 47 20 nien
164 1224 117 34 Kaipiais—
291 1224 73 34 Kotka.

189 1258 27 26 V)
232 1258 91 20 Afskrift
341 1259 23 19 af
377 1259 86 20 stadens
480 1259 33 20 till
528 1259 132 26 Regeringen
675 1259 115 20 inlemnade
805 1258 52 20 kon-

100 1289 190 20 cessionsansökan.

177 1318 39 27 VI)
231 1318 82 26 Utdrag
333 1325 25 13 ur
378 1318 207 26 Stadsfullmäktiges
604 1319 3 20 i
622 1319 71 20 Kotka
708 1318 101 26 protokoll
825 1318 32 20 för

99 1348 39 20 den
156 1348 28 21 22
199 1348 114 20 December
331 1348 63 21 1884.

167 1491 194 25 Jernvägsutskottets
377 1491 121 20 betänkande
514 1492 38 19 N:o
571 1493 17 18 3.
