1061 1717
232 96 13 20 2
347 96 79 22 Ständ.
442 96 53 22 Pet.
510 108 29 4 —
554 96 167 22 Petitionsbet.
737 95 41 22 N:o
793 94 36 24 25.

204 157 162 23 missbrukadt
380 161 62 20 samt
457 162 34 20 att
506 158 38 24 det
559 159 25 23 af
596 158 75 24 sådan
687 157 130 28 anledning
831 156 125 23 förefinnes

203 191 55 23 skäl
281 194 34 20 att
332 192 58 24 söka
404 193 98 29 påfinna
517 195 106 28 utvägar,
638 194 154 26 hvarigenom
807 191 46 29 gift
867 192 90 28 qvinna

205 228 71 20 sattes
299 227 8 22 i
329 227 95 23 tillfälle
450 230 34 20 att
498 230 87 26 trygga
599 228 37 27 sig
652 229 61 21 emot
727 226 86 29 dylika
827 224 129 24 missbruk.

273 260 60 23 Utaf
347 261 27 23 de
389 262 95 30 förslag,
500 269 51 15 som
565 262 181 28 petitionärerne
761 261 6 22 i
779 260 59 23 slikt
848 259 108 23 afseende

203 294 123 30 framstält,
349 296 71 23 hafva
442 296 115 23 särskildt
579 296 140 29 yrkandena
738 302 38 16 om
791 294 166 28 utsträckning

205 328 25 22 af
243 328 186 25 vederbörandes
444 332 46 21 rätt
506 333 33 20 att
547 330 41 23 vid
596 328 235 31 äktenskapsförords
840 328 117 29 ingående

205 362 146 24 tillförsäkra
371 364 85 24 hustru
479 366 18 29 ej
514 365 93 23 mindre
622 366 49 22 viss
687 364 70 22 andel
773 363 24 23 af
810 362 65 24 hvad
890 370 66 15 man-

203 404 49 16 nen
267 398 60 22 inför
342 399 8 22 i
364 399 54 23 boet
433 401 31 21 än
479 400 44 22 och
539 402 34 20 att
587 399 55 31 sjelf
656 399 57 23 eller
727 406 86 20 genom
822 404 80 16 annan
912 397 45 23 för-

204 431 66 23 valta
291 432 65 23 hvad
377 433 79 24 henne
480 434 105 23 enskildt
606 434 113 29 tillhörer,
742 432 103 23 likasom
864 432 44 23 ock
924 435 33 19 att

203 467 144 27 rättigheten
363 470 33 20 att
410 469 75 22 vinna
500 468 128 23 boskilnad
643 467 158 24 mättesävidt
811 467 113 33 möjligt
919 474 38 15 un-

205 500 120 31 derlättas,
347 505 67 26 synts
437 503 132 23 Ständerna
583 509 57 16 vara
655 502 73 23 värda
743 501 140 23 beaktande.
914 495 42 28 Äf-

203 536 48 21 vän
274 535 110 29 förslaget
406 539 33 20 att
460 537 109 22 förbudet
590 538 34 21 uti
649 538 11 20 1
683 539 24 24 $$
724 538 22 20 11
765 536 54 29 kap.
836 535 28 23 G.
880 535 24 22 B.
922 535 34 22 för

204 576 105 16 mannen
323 573 35 20 att
372 573 57 20 utan
444 571 115 23 hustruns
575 571 122 29 samtycke
708 570 131 28 bortskifta,
849 569 107 30 förpanta

204 603 58 23 eller
284 604 95 30 försälja
408 605 115 23 hustruns
545 606 61 22 fasta
627 605 58 29 gods
702 606 13 22 å
730 605 81 22 landet
833 604 57 23 eller
903 603 53 31 jord

203 637 44 23 och
262 638 47 23 hus
324 639 8 22 i
347 639 89 30 staden,
454 640 80 23 skulle
549 640 131 23 utsträekas
696 639 89 23 derhän
801 641 34 20 att
843 639 113 22 hustruns

203 673 123 28 samtycke
342 673 143 24 erfordrades
500 675 34 22 för
551 675 144 28 föryttrande
711 674 24 23 af
748 674 44 22 allt
807 674 54 22 boet
875 673 82 23 tillhö-

204 707 47 28 rigt
273 707 46 22 fast
340 707 66 28 gods,
421 709 72 22 hafva
512 709 132 22 Ständerna
659 709 80 22 funnit
753 715 58 16 vara
825 708 94 29 förtjent
934 708 25 22 af

202 741 218 29 uppmärksamhet.

271 775 38 23 Då
331 776 91 24 således
445 777 181 29 lagstiftningen
645 777 98 23 rörande
763 777 95 22 makars
873 777 84 22 förmö-

201 809 269 28 genhetsförhållanden
485 813 8 21 i
508 812 119 22 särskilda
642 812 65 22 delar
722 819 71 21 synes
808 811 76 22 tarfva
899 810 58 23 änd-

202 845 55 27 ring
273 845 8 22 i
296 845 61 28 syfte
372 848 34 20 att
420 847 46 27 gift
477 847 90 28 qvinna
582 846 95 23 beredes
693 848 71 21 större
772 846 113 28 trygghet
896 847 62 20 emot

202 879 123 22 missbruk
341 880 25 22 af
378 887 116 16 mannens
510 881 217 28 mälsmannaskap,
743 880 72 23 hafva
825 879 133 24 Ständerna

202 913 84 23 förenat
311 915 37 27 sig
370 922 38 15 om
430 917 34 21 att
485 915 43 23 hos
551 915 91 23 Eders
664 914 176 31 Kejserliga
863 915 94 29 Maje.-

202 949 59 20 stät
276 948 128 23 framhålla
412 949 191 24 önskvärdheten
612 949 66 23 deraf
686 951 33 21 att
727 949 79 22 denna
815 949 67 28 fråga
891 951 66 26 tages

204 981 75 23 under
296 982 179 29 öfvervägande.

270 1016 57 23 Med
352 1017 108 24 afseende
483 1019 13 22 å
521 1018 39 23 det
575 1018 96 23 anförda
685 1018 24 23 få
724 1017 133 24 Ständerna
872 1017 85 22 under-

202 1049 97 30 dånigst
315 1051 108 23 anhålla:

410 1117 33 20 att
465 1115 69 22 Eders
556 1116 122 28 Kejserliga
698 1115 106 28 Mäjestät
819 1115 77 22 täcktes
912 1115 44 22 låta

339 1152 99 25 uppgöra
469 1150 37 21 och
534 1150 109 28 förelägga
672 1150 127 21 Ständerna
819 1149 81 28 förslag
925 1149 33 22 till

341 1183 85 22 sådana
446 1184 200 29 lagförändringar,
662 1192 45 13 som
721 1184 74 21 kunde
810 1184 98 27 befinnas
923 1191 33 20 eg-

341 1217 57 22 nade
422 1220 40 25 att,
485 1219 46 21 med
554 1219 147 22 bibehållande
716 1219 29 27 af
764 1219 192 27 egendomsgemen-

341 1252 83 27 skapen
446 1253 77 22 makar
538 1253 92 22 emellan
655 1253 37 22 och
716 1260 109 15 mannens
839 1253 118 22 mälsman-

342 1288 80 20 narätt
451 1287 35 28 för
515 1287 97 23 hustrun
641 1288 69 21 såsom
732 1287 61 29 regel,
817 1287 44 21 dels
883 1287 75 22 bereda

341 1322 68 20 större
430 1322 68 26 frihet
520 1325 31 19 än
571 1322 113 22 härintills
700 1324 33 20 att
746 1328 76 22 genom
837 1322 75 27 förord
927 1322 31 27 öf-

342 1355 160 39 verenskomma
527 1364 32 13 om
582 1356 60 22 såväl
671 1356 157 28 eganderätten
852 1356 38 26 till,
914 1363 45 14 som

538 1390 29 28 af
583 1391 57 27 gode,
663 1390 80 22 hvilket
765 1390 28 37 af
817 1390 77 22 makar
923 1390 35 19 m-
