1061 1717
223 95 14 21 2
405 93 239 24 Pétitionsbetänkande
659 93 37 23 N:o
713 92 33 23 10.

191 160 42 18 icke
246 160 54 24 ringa
313 161 45 23 grad
368 160 73 19 minska
455 160 114 24 dödlighets-
584 160 35 18 och
628 158 214 26 sjuklighets-siffrorna.
867 157 74 19 Sädana

191 191 150 22 uppmuntrande
361 191 83 23 exempel
463 190 59 19 hafva
541 192 63 16 manat
623 190 29 18 till
669 188 97 24 efterföljd
783 188 35 19 och
836 188 105 18 öfverallt
932 184 12 34 i

192 220 35 18 den
244 220 77 18 bildade
337 221 76 18 verlden
429 222 58 22 pägär
500 223 26 16 ett
539 220 55 24 lifligt
606 221 66 17 arbete
686 221 28 17 att
727 220 24 22 pä
764 219 36 18 den
813 218 83 24 antydda
909 219 31 17 vä-

191 256 35 17 gen
244 250 57 19 vinna
319 256 70 13 samma
406 253 51 16 stora
473 250 92 24 syftemäl.
590 250 28 18 Dä
634 250 67 18 främst
717 250 21 17 är
749 249 67 23 nödigt
828 250 28 16 att
869 254 21 12 en
904 250 38 16 rätt

191 280 57 23 insigt
267 286 30 12 om
314 281 116 18 helsolärans
448 281 82 23 grunder
546 281 65 17 vinner
630 280 97 23 spridning
739 280 48 17 bäde
800 279 34 18 hos
847 279 41 17 dem
901 284 40 12 som

190 310 55 18 skola
262 310 104 19 öfvervaka
384 311 54 18 deras
456 311 119 23 tillämpning
588 321 21 3 —
623 310 81 18 särskild
719 310 89 18 läkarene
821 320 21 2 —
855 309 35 18 och
906 308 34 19 hos

190 340 35 18 den
238 342 53 17 stora
307 341 130 22 allmänheten,
453 340 59 19 hafva
524 341 132 23 lärareplatser
669 340 6 18 i
688 340 68 24 hygien
769 339 64 19 blifvit
845 339 94 18 inrättade

190 371 31 18 vid
234 370 39 19 alla
285 371 102 23 högskolor
400 371 35 19 och
448 372 67 23 mänga
528 372 59 18 andra
600 370 137 22 läroanstalter,
749 370 42 18 med
799 369 64 19 hvilka
872 370 68 17 lärare-

190 400 72 23 platser
275 401 80 23 dyrbara
368 401 112 24 hygieniska
492 401 79 23 institut,
585 406 39 13 som
638 400 41 18 afse
688 400 138 22 vetenskapens
835 399 105 23 utbildning

191 436 67 19 genom
274 431 120 24 forskningar
411 431 35 19 och
463 430 71 24 försök,
547 431 88 24 vanligen
649 432 33 17 äro
695 430 95 19 förenade.
815 430 36 18 För
864 431 28 17 att
904 430 36 17 den

190 461 113 24 hygieniska
318 461 112 24 kunskapen
443 462 29 17 mä
484 461 87 24 intränga
584 461 34 18 hos
635 461 24 18 de
674 461 82 22 bildade,
770 462 32 17 äro
815 460 36 18 fria
864 459 76 19 föreläs-

190 491 67 23 ningar
274 491 35 19 och
325 491 57 19 äfven
395 492 5 17 i
414 497 23 12 en
450 492 31 18 del
493 491 64 19 skolor
569 491 108 18 lärokurser
689 491 114 19 anordnade.
827 486 62 22 Äfven
901 496 39 12 mu-

190 527 45 16 seer,
253 521 90 18 afseende
360 523 28 16 att
406 521 133 24 äskädliggöra
557 521 23 18 de
600 521 88 18 tekniska
700 521 125 22 inrättningar
837 520 102 24 hygienens

191 551 88 24 syftemäl
297 551 69 23 fordra,
384 553 32 17 äro
429 551 144 24 mängenstädes
587 551 99 18 inrättade.
712 551 75 18 Samma
800 550 85 19 ändamål
898 550 41 18 afse

190 581 23 18 de
226 582 107 18 storartade
351 581 112 24 hygieniska
481 581 138 24 utställningar,
637 587 40 13 som
695 581 22 18 de
731 583 74 16 senaste
818 582 43 17 ären
874 581 65 18 anord-

189 613 41 16 nats
243 611 6 18 i
263 611 44 19 flere
321 611 22 19 af
355 612 83 23 Europas
452 611 142 19 hufvudstäder.
619 612 28 18 De
660 611 59 24 ärliga
730 611 112 24 hygieniska
851 611 88 23 kongres-

188 647 55 12 serna
255 641 63 24 åsyfta
331 643 28 17 att
371 647 67 18 genom
451 642 126 23 äsigtsutbyte
591 641 67 18 mellan
672 636 123 23 fackmänner
807 641 88 18 befordra
908 646 30 13 ve-

188 671 115 23 tenskapens
314 672 109 23 ytterligare
436 671 104 19 förkofran.
567 672 71 18 Genom
652 677 22 12 en
688 671 120 24 omsorgsfull
821 671 119 23 lagstiftning

190 703 32 16 äro
241 702 23 17 de
281 701 87 24 åtgärder
386 702 104 22 bestämdääa,
510 707 39 13 som
563 701 40 18 från
617 703 78 21 statens,
708 701 145 18 kommunernas
867 701 34 18 och
915 701 23 18 de

190 731 95 19 enskildes
298 732 42 19 sida
353 733 46 17 böra
412 732 87 23 vigtagas
512 732 6 17 i
531 732 114 18 sundhetens
658 732 84 22 intresse,
751 731 36 18 och
796 731 30 18 för
835 731 103 19 desammas

189 761 144 24 verkställighet
346 762 35 18 och
394 761 141 19 öfvervakande
545 763 32 17 äro
587 762 129 24 myndigheter
725 762 42 18 med
777 761 41 19 ofta
826 761 112 24 vidtgäende

189 791 116 24 befogenhet
318 793 85 18 tillsatta.

261 817 63 23 Äfven
337 822 6 18 i
355 823 41 17 värt
408 823 50 22 land,
472 822 55 19 hvars
540 822 106 23 dödlighets
660 822 57 22 siffra,
731 822 5 17 i
747 821 109 25 jemförelse
865 822 41 18 med
915 822 23 18 de

189 853 62 16 vestra
264 852 166 23 grannländernas,
443 858 58 18 anger
513 851 188 19 otillfredsställande
713 851 225 23 sundhetsförhällanden,

188 881 34 19 har
233 882 104 23 ingalunda
349 883 167 23 uppmärksamhet
528 883 78 18 saknats
618 882 30 18 för
656 888 23 13 en
689 882 72 18 ordnad
770 882 108 19 helsovärds
886 884 52 17 stora

188 912 103 23 betydelse.
317 912 79 19 Oafsedt
412 913 44 18 flere
472 913 91 23 ätgärder,
580 918 39 13 som
632 912 81 19 hänföra
726 912 29 23 sig
768 912 28 18 till
809 912 89 23 speciella
910 912 28 18 hit

188 941 84 19 hörande
289 942 93 24 syftemäl,
395 944 61 17 såsom
470 945 12 16 t.
496 949 28 13 ex.
541 943 35 18 den
589 943 22 18 af
622 943 86 23 regering
721 942 35 19 och
769 943 77 18 ständer
858 942 80 23 kraftigt

188 971 113 19 omhuldade
313 973 149 22 vaccinationen,
475 973 69 18 vittnar
557 973 70 22 härom,
640 973 36 18 den
685 972 72 23 Nädiga
767 972 171 23 Helsovärstadgan

188 1001 21 18 af
221 1002 35 18 den
270 1003 23 17 22
305 1003 46 18 Dec.
365 1003 51 22 1879,
428 1003 76 18 hvilken
518 1003 51 18 afser
577 1005 29 16 att
619 1003 73 22 reglera
704 1003 23 17 de
736 1002 139 24 myndigheters
883 1003 54 18 verk-

188 1031 78 24 samhet,
284 1038 39 12 som
340 1033 24 22 på
379 1033 63 18 landet
460 1033 35 18 och
508 1033 5 18 i
526 1033 89 18 städerna
631 1033 55 18 skola
698 1032 105 19 öfvervaka
815 1033 122 18 helsovården

188 1063 47 16 samt
248 1062 63 18 lämna
324 1063 94 18 allmänna
431 1063 118 18 föreskrifter
557 1063 119 18 beträffande
685 1063 22 18 de
716 1063 92 22 åtgärder,
818 1068 39 13 som
866 1063 6 18 i
881 1063 55 18 sund-

186 1091 65 19 hetens
264 1092 79 19 intresse
356 1093 46 18 böra
415 1093 93 23 vidtagas.
532 1093 42 18 Men
587 1093 35 17 den
636 1092 96 24 synpunkt
744 1098 55 18 synes
812 1092 42 18 icke
863 1092 33 19 hos
906 1098 31 13 oss

186 1122 65 17 vunnit
264 1122 111 24 tillräckligt
386 1123 113 22 beaktande,
512 1124 29 17 att
553 1123 38 17 alla
600 1122 118 19 föreskrifter
726 1122 29 18 till
763 1122 132 19 helsovårdens
905 1123 31 18 be-

186 1151 106 24 främjande
305 1152 85 19 medföra
402 1153 53 23 ringa
468 1154 59 22 nytta,
540 1158 30 13 om
583 1153 17 23 ej
614 1152 102 23 tillräcklig
728 1152 89 23 kunskap
831 1158 29 12 om
873 1152 63 24 hygie-

187 1187 46 13 nens
246 1183 122 22 grundsatser
381 1182 101 19 förefinnas
495 1183 34 18 hos
542 1183 47 21 dem,
602 1187 40 13 som
656 1183 54 18 skola
722 1182 86 23 tillämpa
821 1183 56 18 dessa
888 1183 48 18 före-

187 1211 78 20 skrifter
278 1223 22 2 —
313 1212 79 19 sålunda
405 1213 23 18 de
440 1213 121 18 kommunala
574 1213 159 23 myndigheterna,
746 1213 24 18 de
778 1212 23 19 af
807 1213 42 18 dem
858 1213 79 18 tillsatta

187 1242 78 19 nämder
277 1242 98 19 äfvensom
388 1243 34 18 hos
435 1243 125 19 allmänheten
574 1243 49 24 sjelf.

260 1273 45 18 Icke
318 1279 33 13 ens
364 1273 82 23 läkarne,
460 1273 34 19 hos
507 1273 64 19 hvilka
585 1273 21 19 af
617 1273 95 23 naturliga
721 1273 42 18 skäl
771 1273 36 18 den
817 1274 68 17 största
894 1273 42 18 sak-

187 1302 113 24 kunskapen
316 1304 25 22 på
353 1304 52 18 detta
421 1304 75 18 område
509 1304 34 18 bör
557 1303 102 23 förväntas,
674 1303 69 18 erhålla
756 1303 59 18 under
827 1303 28 17 sin
868 1304 68 17 studie-

187 1332 45 18 kurs
245 1338 23 12 en
281 1333 134 23 undervisning
427 1334 5 17 i
446 1334 35 18 den
494 1333 112 24 hygieniska
614 1333 135 23 vetenskapen,
759 1338 39 13 som
807 1338 44 13 vore
860 1333 22 18 af
886 1334 51 17 näm-

187 1362 46 18 värd
249 1363 105 23 betydelse.
378 1363 134 19 Förhållandet
527 1365 20 17 är
560 1364 94 23 nämligen
667 1365 29 17 att
708 1363 32 18 vid
753 1363 138 19 universitetets
900 1369 36 12 me-

187 1392 18 18 di

247 1392 25 11 ka
287 1392 82 25 fakultot
381 1393 32 18 väl
425 1393 58 21 finnos
495 1399 23 13 on
526 1393 78 19 lärostol
613 1394 5 17 i
627 1393 110 24 patologisk
745 1393 84 20 anatomi
837 1393 36 19 och
881 1395 55 17 stats-

186 1422 81 18 medicin
286 1422 76 18 hvilken
375 1423 104 18 sistnämda
493 1424 60 24 jämte
566 1423 152 19 rättsmedicinen
732 1422 91 19 omfattar
836 1422 55 19 äfven
904 1422 32 24 hy-

186 1452 48 22 gien.
260 1452 42 18 Men
315 1453 24 18 de
352 1453 79 18 sålunda
444 1454 139 18 sammanförda
596 1453 152 23 vetenskaperna
761 1453 58 18 hafva
833 1452 29 19 för
874 1454 62 22 länge-

258 1496 106 20 Allmänna
381 1497 184 20 Besvärsutskottets
581 1497 118 21 betänkande
714 1498 39 20 N:o
769 1498 18 20 9.
