1061 1717
233 103 29 21 24
414 102 240 23 Petitionsbetänkande
669 101 37 23 N:o
723 100 19 22 1.

201 170 62 19 hamn
278 169 79 21 komme
373 172 31 18 att
418 169 66 21 blifva
498 170 32 20 för
545 169 100 21 Savolaks
661 176 26 13 en
700 168 96 21 hamnort
805 167 46 20 icke
861 167 53 20 blott
922 167 34 20 för

201 199 88 21 trafiken
304 200 27 26 på
346 199 94 21 utlandet
454 202 52 18 utan
521 200 44 25 ock,
579 200 33 20 till
626 200 70 25 någon
711 198 34 20 del
761 197 128 25 åtminstone,
900 196 56 21 hvad

201 229 142 25 godstrafiken
365 229 47 20 från
432 228 32 22 S:t
484 229 128 26 Petersburg
626 228 106 21 beträffar.
763 228 42 20 För
820 230 31 18 att
865 227 8 20 i
887 227 69 25 någon

201 260 47 19 mån
267 259 100 26 bestyrka
385 259 57 20 detta
461 259 113 27 påstående
589 259 41 20 kan
646 258 88 26 anföras,
751 260 32 18 att
797 257 83 21 frakten
895 256 61 20 emel-

201 289 34 19 lan
251 288 31 21 S:t
297 289 126 26 Petersburg
438 290 39 19 och
492 289 167 25 Fredrikshamn,
674 288 123 26 inbegripen
812 287 98 25 lossning,
921 286 34 20 be-

201 318 53 20 talas
269 318 47 21 med
331 318 43 28 31/,
391 319 62 26 penni
468 319 111 26 lispundet,
595 319 38 20 och
649 318 68 20 skulle
727 320 133 23 transporten
869 316 23 21 af
898 316 57 26 mjöl-

201 351 79 17 mattan
295 348 58 21 öfver
368 349 86 20 F:hamn
468 349 34 20 till
518 348 95 27 Kaipiais
628 348 89 20 sålunda
731 347 74 21 utfalla
820 347 95 25 omkring
930 352 26 14 en

200 378 59 20 mark
280 378 49 20 eller
349 382 51 16 nära
419 378 66 28 50%,
503 379 94 25 billigare
612 381 28 17 än
655 378 82 20 direkte
752 377 47 21 med
814 376 141 22 Riihimäki—

201 408 31 20 S:t
246 407 129 28 Petersburg
389 408 93 27 jernväg.
498 420 28 4 —
541 409 40 20 Att
594 408 214 27 Kaipiais—F:hamn
823 408 54 19 bana
890 406 66 21 under

201 438 62 20 dessa
285 438 142 21 förhållanden
449 439 81 20 komme
548 441 31 18 att
596 439 77 20 bereda
692 439 41 20 den
748 437 135 26 närliggande
898 437 57 20 skär-

201 468 217 26 gårds-befolkningen
442 471 31 18 ett
496 471 65 18 större
581 469 81 20 tilltälle
690 468 33 20 till
748 467 57 21 frakt
823 467 39 20 och
877 467 81 20 förvärf

201 501 54 17 samt
270 498 87 20 sålunda
372 499 86 26 bidraga
473 499 32 20 till
516 505 26 14 en
552 499 125 25 förbättring
688 498 23 20 af
719 498 49 21 dess
779 497 110 27 betryckta
899 497 55 20 ställ-

201 527 56 27 ning,
273 528 42 20 kan
331 531 85 23 antagas
431 530 67 19 såsom
513 529 62 26 högst
590 529 111 20 sannolikt.

276 558 160 21 Sammanfattar
458 566 48 13 man
529 559 37 20 allt
589 559 35 20 det
644 559 93 25 anförda,
758 557 54 20 skall
832 564 47 13 man
894 557 61 25 finna,

201 587 71 21 hvilka
287 588 90 20 fördelar
392 595 26 14 en
434 589 116 20 omedelbar
569 588 128 26 försättning
717 587 25 21 af
763 586 102 22 Savolaks
887 587 68 20 banan

200 617 47 20 från
268 617 94 27 Kaipiais
384 618 32 21 till
436 619 173 20 Fredrikshamns
630 618 52 21 redd
703 619 38 19 har
762 620 31 17 att
808 617 87 26 erbjuda
910 616 45 20 icke

200 647 54 20 blott
269 647 41 21 den
325 651 103 18 närmaste
444 649 107 25 omnejden
566 648 63 26 kring
644 648 69 21 denna
727 649 56 19 bana
797 650 51 17 utan
864 647 38 20 ock
920 646 36 21 Sa-

201 677 72 20 volaks
293 678 79 20 banans
391 678 129 21 vidsträckta
539 678 62 20 trafik
616 678 92 26 område;
725 678 36 20 det
775 677 91 26 framgår
881 683 25 14 ur
920 676 36 21 det

200 707 66 26 sagda
286 707 104 28 derjemte,
411 711 31 17 att
462 708 158 26 ifrågavarande
635 708 76 20 bandel
729 707 60 21 torde
804 707 65 21 blifva
884 713 26 14 en
925 706 31 21 uti

200 737 81 20 landets
294 737 136 26 jernvägsnät
444 739 8 19 i
467 738 129 21 ekonomiskt
610 738 120 20 hänseende
745 737 114 26 ingalunda
868 736 87 21 ofördel-

200 767 59 25 aktig
273 767 51 20 länk
339 770 53 18 samt
408 771 31 17 att
454 768 124 27 densamma,
593 767 80 27 tillfölje
690 768 23 20 af
726 774 122 20 gynsamma
863 769 92 23 terräng-

200 796 149 27 förhållanden,
364 797 79 21 komme
459 801 31 17 att
504 798 33 20 för
552 798 48 20 dess
616 798 129 26 anläggning
760 797 94 20 erfordra
869 799 30 18 ett
914 796 40 20 till-

200 827 58 19 skott
273 827 24 20 af
309 827 74 20 endast
398 827 44 28 21/,
458 828 70 25 miljon
543 828 63 27 mark,
622 828 117 25 utgörande
754 827 80 20 mindre
849 829 27 18 än
888 826 27 21 16
927 826 27 27 %

200 856 24 19 af
242 856 26 20 de
289 857 7 19 i
316 857 81 26 Nädiga
415 858 153 26 propositionen
583 858 119 20 beräknade
717 857 142 20 kostnaderna
873 856 32 20 för
920 857 34 19 ba-

200 893 41 13 nan
261 882 127 36 Kaipiais--
391 882 102 36 Kuopio.
496 899 28 4 —
544 887 49 21 Med
611 888 83 26 hänsyn
715 887 33 20 till
766 887 37 20 allt
818 887 58 20 detta
890 887 65 25 vågar

197 915 43 26 jag,
256 915 70 21 derom
341 917 102 20 anmodad
458 917 24 20 af
494 917 172 20 Fredrikshamns
682 917 54 26 stad,
752 917 107 20 vördsamt
874 916 82 20 anhälla

200 952 33 13 om
248 945 109 27 Vällofiiga
371 947 186 26 Borgareständets
572 948 96 25 benägna
683 946 116 21 understöd
813 947 39 20 och
862 946 94 21 medver-

199 975 42 20 kan
256 975 32 20 till
303 983 26 13 en
344 977 131 26 underdänig
489 977 87 26 petition
592 977 77 21 derom.

381 1032 30 18 att
433 1037 23 13 en
474 1031 83 25 jernväg
577 1031 10 20 i
606 1031 108 20 omedelbar
735 1031 128 24 fortsättning
884 1030 24 25 af
919 1029 36 26 den

343 1060 116 20 savolakska
475 1061 64 19 banan
559 1061 33 20 och
615 1061 8 19 i
646 1060 141 25 hufvudsaklig
810 1060 145 24 öfverensstäm-

343 1090 56 20 melse
414 1090 42 20 med
471 1090 31 20 det
508 1091 29 24 pä
547 1091 121 25 regeringens
678 1090 159 25 föranstaltande
847 1089 108 26 uppgjorda

339 1120 187 25 Jernvägsprojektet
545 1121 61 19 skulle
624 1121 83 19 emellan
722 1120 98 25 Kaipiais
835 1119 72 20 station
922 1119 34 20 och

343 1149 165 20 Fredrikshamns
530 1150 53 25 redd,
604 1151 43 19 med
669 1150 70 20 dertill
757 1150 27 24 af
795 1149 111 21 Ständerna
920 1156 35 13 an-

343 1179 66 20 visade
428 1179 66 25 medel,
513 1180 34 24 för
561 1181 72 19 statens
648 1180 87 25 räkning
751 1179 103 26 samtidigt
868 1179 42 20 med
924 1186 31 13 sa-

343 1209 132 20 volaksbanan
489 1209 79 25 utföres.

271 1262 162 26 Helsingfors,
450 1263 35 20 den
501 1264 30 19 27
546 1264 89 19 Januari
650 1264 65 20 1885.

677 1327 97 23 Frithiof
787 1327 96 23 Neovius.

273 1494 196 26 Jernvägsutskottets
484 1496 116 20 betänkande
616 1496 38 20 N:o
671 1497 18 19 3.
