1061 1717
811 118 26 21 15

113 174 43 29 den
178 173 67 27 angår
268 173 119 26 utgörande
403 172 25 22 af
440 172 81 22 allmän
536 173 213 28 inkomstbevillning
763 174 34 22 för
812 175 52 21 åren

113 208 64 28 1886,
193 207 54 21 1887
264 206 41 22 oah
322 208 61 25 1888,
399 207 34 21 till
448 207 133 22 fortfarande
603 208 143 22 efterrättelse
768 209 97 27 godkänt

114 242 76 21 endast
212 242 27 20 de
261 242 135 26 stadganden
419 242 8 20 i
449 249 30 13 nu
494 242 100 27 gällande
617 242 127 28 förordning
764 243 7 21 i
786 243 79 25 ämnet,

113 276 73 22 hvilka
208 276 57 27 angå
287 276 205 28 näringsbevillning
515 276 24 22 af
554 276 117 22 utländska
686 277 123 21 bandlande
825 277 40 21 och

113 311 67 21 andre
197 310 169 27 näringsidkare.

462 368 10 13 $
490 369 32 20 38.

462 381 32 13 KE

183 412 60 22 Efter
267 414 35 20 det
325 412 32 22 Wi
377 413 24 22 af
415 413 60 21 Hans
490 414 120 27 Kejserliga
626 414 101 28 Majestät
743 414 41 22 fätt
800 418 65 19 emot-

113 451 52 24 taga
180 448 65 27 nädig
261 448 139 27 proposition,
416 449 113 26 angäende
545 450 120 26 utgörande
681 449 24 22 af
716 451 63 20 extra
793 449 73 22 bevill-

115 483 52 26 ning
182 482 33 21 för
230 482 96 27 spelkort
333 482 82 27 jemväl
428 483 68 20 under
506 483 196 22 nästinstundande
712 483 153 28 finansperiod,

103 517 76 36 hafva
195 517 31 20 Wi
242 516 35 21 för
297 517 50 20 Wär
368 517 34 21 del
425 517 83 27 antagit
531 518 67 21 sådan
593 510 287 35 förordning
763 506 14 44 i
790 510 90 35 ämnet;

862 535 4 9 ;

116 559 44 13 som
176 551 68 21 finnes
259 551 71 21 införd
345 551 7 20 i
368 551 51 21 Wär
434 551 34 21 till
484 559 48 14 svar
548 553 13 20 ä
576 553 95 20 nämnda
682 552 133 27 proposition
825 553 41 21 den

117 587 27 20 22
158 586 146 21 innevarande
320 585 41 28 Maj
379 585 82 21 aflätna
476 586 150 27 underdäniga
641 586 117 22 skrifvelse.

462 644 11 25 s
488 644 34 21 39.

184 688 36 21 Uti
242 688 134 27 underdänig
398 688 111 22 skrifvelse
525 689 24 20 af
562 690 40 19 den
618 690 28 20 22
661 689 146 22 innevarande
824 689 42 27 Maj

115 723 66 22 hafva
197 723 33 20 Wi
244 723 39 20 hos
299 723 59 20 Hans
373 722 120 27 Kejserliga
508 723 100 27 Majestät
631 723 82 22 anmält
731 723 74 22 hvilka
820 730 47 21 per-

117 764 63 15 soner
196 757 32 21 Wi
243 759 68 19 utsett
321 757 33 20 till
366 757 64 21 Wära
440 757 199 28 Bankfullmäktige
650 758 40 21 och
700 757 168 22 Bankrevisorer

117 793 55 20 samt
187 791 32 21 till
235 791 139 28 suppleanter
389 791 33 22 för
438 792 55 21 dem.

462 850 11 25 $
488 850 34 21 40.

185 895 50 21 Med
250 895 159 27 godkännande
424 895 7 20 i
447 895 122 22 hufvudsak
585 895 23 22 af
615 896 81 27 nädiga
705 895 163 28 propositionen

117 937 34 14 om
167 929 75 27 anslag
258 929 33 21 till
303 929 227 28 jernvägsbyggnader
553 931 55 20 samt
623 930 58 21 vissa
696 929 151 28 förändringar
862 930 6 20 i

117 963 189 27 bestämningarne
315 970 34 14 om
359 963 286 27 kommunikationsfonden,
656 963 64 22 hafva
731 963 34 22 Wi
775 964 22 21 ät
808 964 61 21 Hans

118 998 118 27 Kejserliga
251 997 101 28 Majestät
367 997 141 22 öfverlemnat
520 1000 32 19 att
563 999 29 26 pä
602 998 89 27 lämplig
702 997 102 28 tidpunkt
814 1005 55 20 upp-

119 1035 51 24 taga
185 1034 30 19 ett
229 1033 15 20 4
260 1033 28 26 */,
304 1032 179 27 amorteringslän
499 1032 34 21 till
548 1032 104 21 nominelt
665 1032 78 27 belopp
755 1032 24 21 af
787 1032 81 28 sjutton

118 1067 106 21 millioner
239 1067 123 20 sexhundra
376 1069 63 18 tusen
454 1066 69 26 mark,
537 1066 81 22 hvilket
633 1067 43 26 län,
693 1067 63 21 hvars
771 1067 100 21 annuite-

118 1104 33 18 ter
165 1101 61 21 skola
241 1101 48 21 frän
305 1101 279 21 kommunikationsfonden
599 1101 58 28 utgä,
673 1101 65 21 borde
749 1101 75 21 främst
835 1107 37 15 an-

118 1136 81 20 vändas
221 1135 32 21 till
275 1135 108 27 gäldande
403 1135 24 21 af
440 1136 36 20 det
492 1135 33 21 för
540 1135 60 21 tiden
617 1136 136 21 äterstäende
769 1135 102 27 beloppet

118 1169 25 21 af
155 1170 23 20 är
196 1170 53 21 1862
265 1171 112 26 upptagna
392 1169 98 26 statslän,
506 1169 118 28 hvarjemte
641 1169 33 21 Wi
690 1169 24 21 af
726 1169 145 27 tillgängarne

118 1204 7 20 i
141 1204 92 20 nämnde
249 1203 52 21 fond
316 1204 69 20 under
400 1203 174 28 finansperioden
591 1204 140 21 1886—1888
743 1203 84 22 anvisat
838 1203 33 21 för

119 1237 133 21 slutförande
267 1237 25 21 af
305 1237 117 28 Uleäborgs
436 1238 98 27 jernväg,
549 1237 34 21 för
598 1237 90 22 arbeten
704 1239 12 20 ä
728 1244 27 15 en
764 1237 108 27 jernbana

118 1271 33 21 till
166 1271 91 28 Kuopio,
273 1271 34 21 för
321 1271 116 21 utförande
453 1271 24 21 af
490 1278 27 15 en
532 1271 80 22 bibana
628 1271 34 22 för
672 1271 140 23 statsverkets
823 1271 48 22 räk-

119 1306 52 26 ning
187 1305 32 21 till
235 1305 127 24 Jakobstad,
378 1306 32 20 till
426 1306 130 21 subvention
572 1306 24 21 af
605 1313 26 14 en
642 1306 70 27 privat
720 1306 93 28 jernväg
823 1306 49 21 frän

119 1340 71 26 någon
212 1340 70 26 punkt
305 1341 30 26 pä
353 1334 211 27 Äbo-Tavastehus
591 1330 144 42 Tammerfors
751 1340 72 22 banan
839 1340 33 21 till

119 1374 145 27 Björneborgs
280 1375 55 23 stad,
354 1374 34 21 för
407 1374 291 28 jernvägsundersökningar
713 1374 40 22 och
768 1374 34 21 till
817 1380 56 15 rese-

119 1408 116 21 understöd
251 1409 22 20 ät
289 1409 41 20 den
347 1408 35 21 vid
402 1408 238 28 jernvägsstationerna
656 1409 99 21 anstälda
771 1408 100 22 tekniska

946 482 58 33 a
