1061 1717
197 101 14 21 4
379 100 240 24 Petitionsbetänkande
634 101 37 24 N:o
688 100 33 24 13.

197 168 31 19 till
250 168 66 26 9,100
331 168 57 20 mark
404 169 38 20 och
458 170 45 19 åter
519 169 52 21 efter
587 169 41 21 fem
643 170 23 19 år
681 169 32 20 till
729 168 72 28 9,800.
832 169 117 20 Extraordi-

199 198 57 20 narie
271 198 154 26 professorerna
440 198 7 20 i
462 199 79 27 Upsala
556 198 62 21 hafva
628 198 66 28 5,600
705 199 37 20 och
753 198 66 26 6,300
829 198 63 28 mark,
904 205 46 14 men

197 227 78 26 förslag
297 228 38 20 har
357 228 115 21 framstälts
492 235 38 19 om,
551 231 32 18 att
602 228 61 21 lönen
686 228 7 20 i
709 228 70 26 början
796 228 67 21 skulle
878 231 73 23 utgöra

197 257 67 26 5,600
285 258 63 26 mark,
369 258 37 20 och
427 258 53 22 efter
496 258 40 21 fem
552 260 23 19 år
591 258 49 21 ökas
656 258 47 21 med
719 258 44 22 700
778 258 58 20 mark
852 258 37 20 och
906 259 45 19 åter

197 287 52 21 efter
264 287 42 21 fom
325 288 22 20 år
362 288 47 20 med
425 288 49 26 700,
496 289 24 20 så
535 291 31 18 att
581 288 40 21 den
637 276 97 43 slutligen
751 288 66 21 skulle
833 290 69 25 uppgå
918 288 30 20 till

199 316 65 28 7,000
280 318 64 20 mark.
367 318 80 20 Jemför
468 325 47 13 man
533 318 26 21 de
576 318 149 26 jemförelsevis
743 318 72 26 billiga
823 318 126 26 uppehälles-

197 347 171 21 omkostnaderna
391 348 7 20 i
421 348 79 27 Upsala
520 348 46 21 med
582 348 131 26 Helsingfors
729 348 146 26 förhållanden,
894 348 56 20 visar

197 376 32 26 sig
239 377 109 21 skilnaden
363 378 7 19 i
385 378 85 20 lönerna
486 378 97 26 temligen
598 380 50 19 stor.

272 407 122 21 Presternas
409 408 55 20 löner
482 408 7 20 i
505 408 89 20 Finland
610 411 34 17 äro
660 408 113 26 ingalunda
789 410 61 18 stora.
876 408 71 25 Enligt

197 437 25 20 de
239 437 112 27 uppgifter,
366 444 43 14 som
425 441 35 17 äro
476 441 106 24 upptagna
597 438 7 20 i
620 438 36 21 det
671 438 35 21 vid
721 438 168 27 synodalmötet
877 433 15 37 i
900 430 48 28 Åbo

197 467 22 19 år
236 466 59 23 1880
305 467 59 21 förda
374 468 38 20 och
423 468 84 27 tryckta
518 468 123 27 protokollet
652 468 62 21 hafva
725 467 96 27 omkring
831 468 29 21 30
870 470 79 25 prester

197 497 6 18 i
219 490 45 27 Åbo
281 496 46 22 stift
337 504 25 13 en
377 497 79 22 mindre
476 498 33 21 lön
525 501 26 17 än
568 497 64 28 1,500
648 498 66 21 mark.
743 497 75 21 Likväl
829 497 57 21 torde
897 497 53 21 det
939 493 15 36 i

196 525 89 22 Finland
300 526 66 21 finnas
382 527 58 21 cirka
456 527 29 22 70
500 530 85 25 prester,
603 528 82 20 hvilkas
701 528 33 20 lön
751 527 122 27 öfverstiger
884 527 64 28 8,000

198 557 64 26 mark,
279 557 37 22 och
332 557 23 20 af
368 557 60 21 dessa
444 557 60 21 torde
520 557 57 21 cirka
592 557 29 22 50
637 557 63 21 hafva
715 564 26 14 en
752 557 34 20 lön
797 557 153 26 öfverstigande

196 586 65 25 9,000
269 587 58 20 mark
336 587 37 20 och
382 587 24 20 af
410 587 62 21 dessa
480 589 44 19 åter
533 587 58 21 cirka
596 587 29 22 35
632 594 25 14 en
665 588 34 20 lön
705 587 154 26 öfverstigande
865 587 85 27 10,000.

198 627 26 4 —
249 616 45 21 Och
318 617 37 21 här
378 618 64 20 måste
466 624 47 14 man
534 620 49 23 taga
598 617 6 20 i
620 617 137 21 betraktande
773 617 177 27 uppehälleskost-

197 645 92 21 naderna
315 648 26 25 på
366 647 76 21 landet.
478 648 37 19 Ett
543 647 126 20 hofrättsråd
693 647 34 20 vid
751 647 99 27 Wiborgs
874 647 76 20 hofrätt

197 675 37 21 har
250 683 26 13 en
292 676 34 21 lön
341 676 23 20 af
379 676 79 28 10,600
474 677 63 27 mark,
548 677 36 20 vid
594 670 46 27 Åbo
651 677 38 20 och
701 677 64 20 Wasa
775 677 78 20 hofrätt
865 676 83 28 10,000.

197 705 289 22 Referendariesekreteraren
513 707 7 20 i
545 705 91 22 Senaten
659 707 39 20 har
720 713 25 14 en
769 707 33 20 lön
826 706 23 21 af
870 706 79 27 10,000

197 736 64 19 mark.

265 765 75 21 Derför
358 773 62 20 synas
436 767 42 26 mig
494 767 87 20 rättvisa
596 767 38 20 och
650 767 95 26 billighet
760 766 75 27 fordra,
852 769 29 17 att
897 766 50 20 Uni-

196 795 174 21 versitetslärares
386 796 38 21 och
440 796 136 26 tjenstemäns
592 796 114 21 lönevilkor
721 796 90 26 förhöjas
826 796 123 20 ätminstone

195 825 46 20 med
257 825 30 22 20
301 828 91 24 procent.
423 826 32 20 En
471 825 103 28 professor
590 826 66 21 skulle
672 826 27 20 dä
714 826 81 26 ätnjuta
810 826 6 20 i
833 826 33 20 lön
880 826 31 20 till
923 833 25 13 en

195 855 72 26 början
289 855 66 27 9,000
375 856 64 27 mark,
460 856 79 20 hvilket
561 856 72 26 belopp
655 855 52 22 efter
727 856 40 20 fem
787 857 24 19 år
826 855 66 21 skulle
907 855 41 50 %-

196 884 57 27 höjas
274 885 31 20 till
323 885 65 27 9,750
404 885 58 20 mark
478 886 37 20 och
531 887 44 19 äter
591 885 52 21 efter
658 886 42 20 fem
715 887 23 18 &r
753 885 32 21 till
802 885 83 26 10,500.
936 893 12 12 En

195 915 163 20 extraordinarie
374 915 103 27 professor
493 915 67 21 skulle
577 915 29 20 till
623 922 26 14 en
664 915 72 26 början
752 915 81 26 åtnjuta
849 922 25 13 en
884 915 34 20 lön
928 915 21 20 af

196 944 65 25 6,000
284 945 65 27 mark,
369 945 80 21 hvilket
470 945 73 27 belopp
564 945 52 21 efter
635 945 42 21 fem
693 946 22 19 år
731 945 67 20 skulle
813 945 89 26 förhöjas
918 945 30 20 till

196 974 65 26 6,750
277 974 59 21 mark
351 975 38 20 och
404 976 45 19 äter
465 976 53 19 etter
532 975 41 20 fem
589 976 23 19 &r
627 975 32 20 till
676 973 71 28 7,500.

269 1003 50 22 Med
334 1004 46 20 stöd
395 1004 24 20 af
431 1004 136 21 ofvannämda
583 1004 45 20 skäl
643 1005 39 20 och
698 1004 130 27 synpunkter
843 1004 61 21 beder
915 1004 34 25 jag

195 1033 118 26 ödmjukast
327 1033 22 20 få
363 1033 75 21 föreslå
453 1034 32 20 för
500 1034 35 20 det
551 1033 127 27 högvördiga
694 1033 153 28 presteständet
862 1040 24 14 en
898 1033 50 27 peti-

196 1063 43 20 tion
254 1063 25 21 af
291 1063 99 21 Finlands
406 1063 85 21 ständer
507 1063 23 20 af
542 1063 100 21 innehäll:

374 1113 30 18 att
426 1112 58 19 Hans
505 1111 110 26 Kejserliga
635 1111 94 25 Majestät
751 1111 8 19 i
777 1111 62 20 näder
854 1111 95 25 behagade

338 1141 79 26 vidtaga
432 1141 73 26 åtgärd
520 1147 30 14 om
565 1147 22 14 en
598 1141 80 25 behöflig
690 1140 153 26 löneförhöjning
854 1141 33 24 för
902 1141 45 20 Uni-

337 1171 105 20 versiteteis
458 1171 67 20 lärare
540 1171 33 20 och
590 1171 117 24 tjenstemän.

270 1218 11 20 I
297 1218 40 21 den
352 1218 144 27 förhoppning,
512 1221 31 18 att
559 1218 35 21 det
609 1217 128 27 högvördiga
747 1217 155 27 prestaständet
913 1218 33 19 be-

195 1251 62 22 näget
279 1248 136 21 understöder
436 1249 57 20 detta
516 1247 207 28 petitionsmemorial,
747 1247 93 20 anhäller
862 1247 34 26 jag
918 1254 32 13 om

195 1277 48 21 dess
259 1278 73 21 remiss
347 1278 31 20 till
394 1278 103 21 allmänna
512 1277 194 22 besvärsutskottet.

271 1326 189 26 Helsingfors,
476 1326 40 21 den
532 1326 13 21 2
562 1326 99 20 Februari
679 1324 63 23 1885.

654 1389 79 23 Gustaf
745 1388 126 24 Johansson.
892 1418 3 1 -

265 1516 106 20 Allmänna
386 1516 185 20 Besvärsutskottets
587 1515 117 21 betänkande
719 1515 37 20 N:o
783 1514 29 21 11.
