1061 1717
248 108 30 22 60
430 108 240 23 Petitionsbetänkande
685 108 36 22 N:o
739 108 19 22 1.

218 174 81 20 således
315 174 67 20 denna
396 174 90 21 folkrika
502 175 28 22 15
545 176 36 20 mil
596 176 61 25 långa
669 176 90 25 jernväg
775 176 68 19 såsom
853 174 121 21 förmedlare

220 203 23 20 af
261 204 161 21 verldsrörelsen
441 204 73 21 förena
531 206 83 26 Europa
630 206 38 20 och
683 206 48 20 hela
746 205 40 20 den
803 204 66 26 öfriga
883 204 91 27 verlden,

218 233 32 21 till
265 240 56 20 gagn
335 234 32 20 för
382 236 48 19 vårt
444 235 60 20 lands
516 235 118 26 jernvägar,
650 235 53 20 både
718 235 26 20 de
759 234 64 21 redan
839 234 82 27 byggde
936 234 39 20 och

219 263 46 21 dem
286 270 44 14 som
350 264 7 20 i
372 264 111 21 framtiden
498 266 86 25 byggas,
599 265 32 20 för
647 267 68 18 staten
731 264 39 20 och
786 266 37 19 vår
838 264 136 20 nationaleko-

219 294 72 20 nomie.
322 294 76 20 Derför
413 296 65 24 vågar
490 295 38 25 jag
543 295 81 23 anhålla
640 295 38 20 och
693 294 77 21 föreslå
786 294 122 20 ständernas
918 293 56 20 med-

219 323 79 20 verkan
318 323 32 20 för
370 324 64 20 saken
456 325 38 19 och
514 325 82 19 anhålla
612 332 32 13 om
659 324 74 21 remiss
749 324 32 20 till
794 323 179 27 jernvägsutskot-

219 355 36 25 tet,
278 353 7 19 i
309 354 38 19 och
366 353 32 21 för
413 355 89 25 förslags
517 355 134 26 uppgörande
666 357 32 17 att
714 355 7 19 i
736 354 87 20 främsta
838 355 93 24 rummet,
948 359 24 14 en

219 383 108 20 stambana
341 383 67 21 skulle
424 385 80 26 byggas
520 384 85 21 emellan
624 385 105 25 Uleåborg
745 384 38 20 och
800 384 81 20 Torneå
896 383 37 21 och
949 389 25 14 en

218 412 87 27 petition
321 413 87 26 afgifvas
424 417 39 18 att:

398 474 58 20 Hans
478 475 111 25 Kejserliga
611 475 94 24 Majestät
726 474 73 20 täcktes
819 474 8 19 i
845 473 60 20 nåder
919 473 52 24 före-

364 504 57 25 lägga
432 504 125 25 proposition
573 505 31 19 till
619 504 174 21 nästinstundande
804 503 93 26 tandtdag
907 503 9 20 i
925 503 50 24 syfte

363 535 29 18 att
411 533 61 26 nådig
494 534 141 25 undersökning
656 535 61 19 skulle
737 534 118 19 verkställas
869 533 33 20 och
917 533 61 24 deraf

361 563 88 20 beroende
463 564 173 24 sakförhållanden
654 564 80 20 utredas
749 564 9 19 i
773 564 34 19 och
822 564 34 24 för
871 563 101 20 stambana

360 593 82 20 emellan
460 594 94 25 Uleåborg
569 594 34 19 och
620 594 80 20 Torneå.

293 645 179 28 Helsingfors,
488 646 41 22 den
545 648 14 19 2
574 645 108 23 Februari
699 646 66 22 1885.

675 705 59 22 Iisak
750 705 92 22 Hoikka.

582 741 128 22 Representant
723 741 28 17 för
763 741 69 17 Torneä
846 741 88 21 domsaga.

574 877 37 22 20.

286 925 57 20 Frän
363 925 183 28 Borgareständet
562 931 26 16 en
604 925 93 27 petition
715 931 34 16 om
767 925 164 27 undersökning
946 925 23 21 af

216 966 27 15 en
266 960 194 28 kanalsträckning
482 961 79 21 mellan
585 961 88 27 Ladoga
694 961 33 27 sjö
749 961 40 21 och
808 961 81 21 Finska
903 961 65 21 viken

217 998 57 19 samt
298 1002 35 15 om
358 996 152 28 föreläggande
531 996 34 22 till
587 997 85 22 landets
688 997 92 21 ständer
795 996 24 22 af
832 996 136 27 proposition

217 1038 34 15 om
272 1032 161 22 kanalarbetets
454 1033 123 27 utförande,
598 1033 95 27 ingifven
715 1032 24 22 af
761 1033 56 21 Herr
836 1033 52 21 Karl
904 1033 63 21 Ferd.

215 1067 106 28 Ignatius,
337 1069 87 21 hvilken
442 1069 6 21 i
466 1069 91 27 original
573 1068 64 22 skrift
652 1071 25 19 är
693 1069 130 26 sälydande:

362 1140 54 20 Till
434 1140 140 26 Vällofliga
590 1140 233 26 Borgareständet.

289 1193 82 26 Frägan
386 1201 32 12 om
434 1194 94 26 Ladogas
544 1194 38 20 och
594 1194 79 20 Finska
683 1194 76 20 vikens
769 1193 114 20 förenande
897 1200 73 19 genom

215 1229 25 13 en
255 1223 190 26 kanalanläggning
464 1224 38 19 har
522 1223 43 20 ofta
585 1224 53 20 varit
658 1223 86 21 föremål
765 1223 32 20 för
813 1223 157 26 öfverläggning

215 1253 24 19 sä
258 1253 35 20 väl
313 1253 55 20 inom
388 1260 91 19 pressen,
500 1260 44 13 som
559 1255 12 18 &
587 1253 102 20 allmänna
705 1254 39 19 och
761 1253 94 20 enskilda
871 1259 97 14 samman-

213 1282 97 27 komster,
326 1285 50 18 utan
392 1285 31 18 att
438 1283 64 21 saken
517 1283 42 21 tills
575 1283 70 21 vidare
660 1283 72 21 blifvit
748 1283 61 25 bragt
823 1285 95 18 närmare
936 1283 32 20 sin

211 1312 88 26 lösning.
331 1312 38 20 Att
384 1313 58 20 detta
457 1313 227 26 kanaliseringsförslag
698 1316 56 17 ännu
765 1313 46 20 icke
822 1312 146 26 förverkligats

213 1344 62 23 utgör
289 1342 32 20 för
337 1342 96 26 sydöstra
448 1343 89 20 Finland
552 1350 25 13 en
593 1346 44 17 stor
651 1343 82 27 förlust,
749 1345 24 23 ty
789 1349 74 19 genom
879 1342 89 20 detsam-

212 1378 45 13 mas
277 1372 109 20 utförande
407 1373 67 19 skulle
494 1372 153 26 otvifvelaktigt
665 1380 44 19 nya
724 1372 47 20 rika
786 1375 89 23 utvägar
890 1375 78 23 öppnas

207 1396 38 38 för
259 1396 70 38 denna
349 1402 107 21 landsdels
470 1402 121 26 utveckling
605 1403 39 20 och
659 1402 198 21 framaiskridande.
887 1402 33 20 En
935 1402 33 20 så-

211 1430 41 20 dan
268 1431 62 20 kanal
345 1431 81 21 komme
441 1432 102 26 nämligen
554 1435 31 17 att
594 1435 94 17 närmare
706 1432 73 20 förena
789 1430 180 22 Vuoksenelfvens

210 1460 130 23 vidsträckta
354 1462 82 25 omnejd
452 1462 37 20 och
504 1462 95 26 Ladogas
616 1462 157 20 strandomräde
789 1462 47 20 med
853 1461 35 20 det
904 1460 65 26 öfriga

280 1502 196 26 Jernvägsutskottets
490 1503 117 20 betänkande
623 1504 39 20 N:o
678 1504 18 19 3.
