1061 1717
283 102 237 23 Petitionsbetänkande
534 103 39 23 N:o
589 102 36 23 53.
803 102 14 22 5

96 168 71 22 miska
190 168 157 28 laborationer;
369 168 87 23 kemisk
484 169 121 27 teknologi;
632 168 116 22 mekanisk
771 168 77 21 tekno-

96 204 54 28 logi;
166 204 83 22 allmän
263 204 140 28 maskinlära,
419 204 186 28 maskinbyggnad
622 204 40 22 och
678 204 109 22 teoretisk
801 209 46 16 ma-

97 240 97 22 skinlära
215 241 58 21 samt
292 240 277 28 konstruktionsöfningar;
591 239 81 29 grafisk
694 240 79 27 statik;
789 239 59 27 inge-

97 274 166 28 niörvetenskap
280 274 65 30 (bro-,
354 277 48 26 väg,
416 275 112 28 järnvägs-
544 276 39 21 och
592 274 188 29 vattenbyggnad)
791 276 58 20 samt

97 310 279 28 konstruktionsöfningar;
397 310 337 28 byggnadskonstruktionslära;
753 310 96 22 arkitek-

98 348 36 20 tur
154 346 113 29 (formlära
286 346 40 22 och
342 346 148 30 ornamentik)
506 348 58 20 samt
579 346 86 28 eskiss-,
681 346 117 28 projekts-,
815 351 33 16 or-

97 384 110 20 naments-
223 382 40 22 och
274 382 231 28 dekorationsritning,
517 382 110 22 äfvensom
638 380 211 29 perspektivritning

97 418 40 22 och
158 418 230 28 landskapsteckning;
412 418 202 27 frihandsteckning
630 418 41 22 och
686 416 163 28 linearritning;

96 453 180 28 maskinritning;
299 453 161 28 figurteckning
482 455 41 21 ock
542 453 153 28 modellering;
719 452 130 27 mineralogi

97 490 40 21 och
161 490 114 27 geognosi;
299 490 132 28 metallurgi,
446 491 85 26 järnets
547 491 40 21 och
603 490 121 27 kopparns;
740 488 108 23 national-

97 525 101 22 ekonomi
214 525 41 22 och
271 525 114 22 industriel
408 525 149 28 lagstiftning;
572 525 169 26 konsthistoria;
758 530 91 21 agrono-

99 561 30 22 mi
145 562 40 21 och
201 561 215 28 skogshushällning;
437 562 142 21 landtmäteri
594 561 166 27 författningar;
777 560 72 27 ryska,

99 597 71 27 tyska,
186 597 103 27 engelska
304 597 40 22 och
359 597 90 22 franska
472 597 103 28 språken;
590 598 54 26 sång
654 597 41 22 och
705 595 144 29 gymnastik".

167 632 187 27 Undervisningen
371 632 7 22 i
394 633 65 21 dessa
478 633 108 21 särskilda
601 635 79 19 ämnen
697 628 56 26 skall
768 631 81 22 bedrif-

99 673 38 16 vas
152 674 77 21 genom
247 667 34 30 ,a)
297 667 100 28 föredrag
413 667 23 22 af
451 667 99 23 lärarene
566 668 56 22 efter
638 668 122 27 uppgjorda
771 667 79 21 under-

98 703 207 28 visningsprogram,
329 703 90 22 hvarvid
442 705 82 26 ämnet,
539 704 39 21 der
593 705 25 20 så
634 703 117 27 erfordras,
767 703 83 27 förtyd-

98 738 55 27 ligas
178 745 77 21 genom
278 738 136 22 förevisande
434 739 24 21 af
477 739 112 28 modeller,
612 739 108 27 ritningar
742 739 41 21 och
802 737 51 28 prof

99 775 58 20 samt
171 781 77 20 genom
262 774 87 22 försöks
357 775 147 26 anställande;
512 774 24 29 b)
544 775 150 27 repetitioner,
704 773 94 23 medelst
808 773 43 22 frå-

99 815 46 22 gor,
161 815 47 16 som
225 809 75 22 ställas
316 809 35 22 till
366 809 106 28 eleverne,
489 810 41 21 och
545 810 87 27 lösning
646 809 24 22 af
679 810 48 21 dem
740 809 112 27 förelagda

99 845 120 28 uppgifter;
241 844 20 30 c)
282 845 100 28 öfningar
400 845 8 22 i
426 845 165 28 laboratorium,
607 845 190 28 tecknigssalarna
812 845 40 21 och

99 881 30 26 på
143 880 70 28 fältet,
229 881 69 22 under
313 881 161 22 vederbörande
490 881 82 22 lärares
587 881 99 27 ledning;
704 883 58 20 samt
777 880 24 29 d)
817 882 35 19 ut-

100 916 119 22 arbetande
235 916 23 21 af
271 916 113 28 ritningar,
400 916 93 27 åtföljda
508 917 23 21 af
543 916 136 28 beskrifning
690 917 33 21 till
734 916 118 27 bygnader,

100 951 118 28 maskiner,
234 953 115 26 apparater
364 953 40 20 och
420 952 69 21 andra
504 952 97 28 föremål,
610 959 36 15 om
656 952 75 21 hvilka
741 952 37 21 vid
788 951 65 22 Insti-

100 989 59 20 tutet
175 987 134 27 undervisas,
329 987 111 22 äfvensom
456 987 8 21 i
480 987 42 22 den
538 989 50 20 mån
604 988 38 21 det
656 988 44 21 kan
716 987 137 27 medhinnas,

100 1023 26 22 af
139 1024 76 27 planer
231 1024 35 21 till
282 1026 69 20 större
364 1024 198 28 byggnadsföretag
573 1025 40 22 och
624 1025 131 21 industriela
765 1024 88 27 anlägg-

101 1059 78 28 ningar
194 1060 51 21 med
261 1060 73 22 dertill
352 1060 96 22 hörande
463 1060 196 27 kostnadsförslag,
676 1060 31 21 alt
722 1060 71 21 under
807 1059 46 22 led-

100 1095 54 27 ning
169 1095 40 22 och
224 1095 75 28 tillsyn
315 1095 24 22 af
352 1095 27 22 de
394 1095 78 28 lärare,
488 1095 36 22 till
538 1095 86 22 hvilkas
639 1095 215 27 undervisningsäm-

101 1137 42 15 nen
160 1131 73 26 dylika
248 1130 90 22 arbeten
354 1131 52 21 eller
422 1131 157 27 anläggningar
593 1131 61 21 höra.
685 1131 106 22 Eleverna
801 1130 54 21 böra

103 1166 111 21 dessutom
236 1165 91 23 beredas
348 1165 87 22 tillfälle
456 1167 40 26 att,
514 1167 69 26 jämte
598 1166 163 22 vederbörande
776 1166 78 26 lärare,

101 1201 83 22 besöka
206 1201 133 27 verkstäder,
362 1201 197 28 byggnadsföretag
579 1201 46 29 och)
640 1201 154 27 inrättningar,
816 1201 39 21 der

101 1237 101 21 eleverna
221 1237 75 21 kunna
318 1237 66 21 vinna
404 1237 68 27 insigt
492 1237 8 21 i
521 1237 36 22 det
575 1237 102 22 tekniska
700 1237 97 21 arbetets
819 1238 36 19 art

101 1272 40 22 och
161 1272 168 22 beskaffenhet”.
360 1272 80 22 Vidare
461 1273 37 21 må
513 1275 97 25 nämnas,
626 1274 34 20 att
675 1272 178 26 undervisnings-

101 1308 89 27 språket
209 1308 124 27 egentligen
349 1310 24 20 är
388 1308 116 28 svenskan,
520 1315 57 21 men,
593 1308 91 22 emedan
700 1309 67 26 någre
783 1308 70 21 lärare

101 1343 48 22 icke
160 1345 38 19 äro
214 1344 97 26 mäktige
327 1344 60 21 detta
403 1344 73 27 språk,
492 1344 40 27 går
548 1343 183 28 undervisningen
747 1343 70 21 delvis
825 1344 29 26 på

101 1379 70 27 tyska.

171 1414 132 22 Läroverket
318 1414 120 22 innehåller
454 1414 96 27 följande
565 1414 134 22 fackskolor:
712 1420 27 16 en
750 1414 35 21 för
795 1413 58 22 arki-

102 1450 85 26 tektur;
211 1456 27 15 en
261 1449 34 21 för
315 1449 214 28 ingeniörsväsende;
552 1456 27 15 en
600 1449 34 22 för
655 1449 196 27 maskinbyggnad;

181 1491 107 20 Allmänna
303 1491 183 20 Besvärsutskottets
502 1491 116 20 betänkande
634 1491 38 20 N:o
688 1492 32 20 32.
