1061 1717
224 95 27 22 12
404 87 242 31 Petitionsbetänkande
662 90 37 26 N:o
713 91 22 25 7.

467 309 205 29 Reservation.

263 369 44 22 Det
317 371 24 19 är
351 370 141 27 obestridligt
502 371 33 20 att
545 371 49 20 vårt
604 370 52 21 land
666 370 123 22 tillsvidare
800 370 29 27 på
836 371 33 20 ett
876 369 70 27 långt-

194 404 56 22 ifrån
266 404 205 28 tillfyllestgörande
488 407 45 20 sätt
545 406 54 26 sörjt
610 405 34 22 för
654 406 27 21 de
693 405 183 22 sinnesrubbades
887 405 59 21 vård.

194 441 79 22 Medan
289 441 67 28 enligt
372 441 168 28 folkräkningen
560 442 60 21 1880
638 442 50 21 hela
708 441 85 22 antalet
809 440 139 23 sinnesrubb-

194 477 40 22 ade
258 479 65 25 utgör
345 477 65 28 4380,
426 478 76 21 kunna
518 478 27 21 de
561 477 111 28 offentlige
688 477 191 22 vårdanstalterna
893 483 54 21 upp-

193 514 52 25 taga
261 513 78 21 endast
354 513 43 22 399
413 513 53 22 eller
482 513 67 28 9,:9/,.
581 513 62 22 Huru
658 513 47 27 lågt
721 513 62 22 detta
798 513 110 27 procental
924 515 25 18 är

194 548 95 27 framgår
312 548 24 22 af
353 555 27 15 en
393 549 127 27 jämförelse
536 549 50 21 med
602 549 27 21 de
645 549 172 22 skandinaviska
832 549 116 21 ländernas

194 585 119 26 åtgörande
336 584 7 21 i
362 585 62 21 detta
443 585 132 21 hänseende.
606 585 76 27 Enligt
698 591 27 15 en
741 585 36 21 till
792 584 109 22 allmänna
916 584 32 21 lä-

193 620 186 27 karekongressen
390 620 8 21 i
408 621 143 26 Köpenhamn
562 621 58 22 1884
628 620 96 28 afgifven
733 621 138 27 redogörelse
878 619 69 22 finnes

194 655 6 22 i
222 655 88 28 Sverige
331 656 87 29 24,20/,,
441 656 3 21 i
463 656 72 27 Norge
557 657 81 28 32,99/,
658 657 41 21 och
715 657 7 21 i
738 657 112 21 Danmark
865 656 81 28 56,19/,

194 691 24 22 af
231 691 92 28 samlige
338 692 171 21 sinnesrubbade
525 692 58 27 plats
599 693 7 20 i
622 692 112 27 offentlige
749 693 113 21 anstalter.
884 691 64 22 Flere

194 727 24 21 af
231 727 99 27 Europas
346 728 74 27 längre
436 727 148 22 framskridna
599 729 76 21 länder
691 728 66 21 hafva
767 731 28 18 än
805 728 73 21 bättre
894 728 54 27 sörjt

194 762 34 22 för
251 763 72 22 denna
345 763 59 22 klass
424 763 24 22 af
462 763 113 28 olycklige.
600 764 97 21 Sålunda
717 764 118 27 inrymmer
849 763 100 28 England

194 799 57 26 plats
275 799 8 21 i
306 799 111 27 offentliga
440 799 148 28 inrättningar
611 799 34 22 för
668 800 90 28 61,5%,
780 799 115 22 Skottland
914 799 34 22 för

196 835 45 27 75,6
251 835 27 28 9/,
295 834 24 22 af
333 835 100 27 samtlige
449 836 70 21 dårar.
966 845 3 3 i

269 871 58 21 Frän
347 871 133 27 sakkunnigt
498 871 45 22 häll
562 872 39 21 har
616 878 50 15 man
682 872 115 27 beräknat,
820 873 33 19 att
871 871 77 21 ätmin-

194 907 62 20 stone
275 906 26 28 1/,
317 906 24 21 af
355 907 27 21 de
398 907 171 22 sinnesrubbade
581 907 144 27 ovilkorligen
737 906 72 22 tarfva
821 907 53 21 vård
884 907 7 21 i
902 909 46 19 sär-

194 941 73 22 skilda
282 942 106 21 anstalter
401 941 70 23 redan
486 943 34 21 för
535 945 34 19 att
585 943 26 22 de
628 945 57 20 mest
700 943 121 26 trängande
833 943 114 27 olägenhe-

194 979 34 20 ter
251 980 58 19 samt
331 979 66 20 vädor
420 978 34 21 för
475 979 26 21 de
520 979 73 27 sjukes
610 985 53 20 egen
680 979 41 21 och
738 979 62 21 deras
817 978 130 27 omgifnings

194 1013 103 22 säkerhet
312 1015 36 20 mä
362 1014 75 21 kunna
453 1015 90 26 undgäs.
567 1015 92 26 Följden
675 1014 70 27 deraf,
761 1016 34 19 att
810 1014 7 21 i
833 1015 48 20 värt
894 1014 53 21 land

195 1051 32 20 ett
248 1050 24 20 sä
288 1051 57 20 stort
359 1050 60 21 antal
435 1050 171 22 sinnesrubbade
623 1051 69 21 sakna
706 1050 91 27 lämplig
808 1050 138 27 omvärdnad,

194 1085 58 22 visar
276 1085 33 27 sig
327 1086 19 27 ej
362 1085 58 22 blott
435 1086 47 21 deri
498 1088 33 19 att
546 1087 85 26 mänga,
648 1093 48 15 som
712 1092 78 21 genom
807 1086 42 27 god
865 1086 82 21 skötsel

194 1121 85 21 kunnat
294 1121 129 26 äterställas,
439 1121 103 22 hemfalla
557 1122 35 21 till
608 1122 84 27 obotlig
707 1122 126 27 galenskap,
842 1128 49 15 men
908 1122 40 21 ock

195 1156 6 21 i
225 1156 116 22 allehanda
360 1158 138 26 upprörande
522 1157 154 28 tilldragelser,
700 1158 90 21 hvarom
813 1163 89 21 pressen
926 1157 20 27 ej

194 1191 70 22 sällan
280 1194 37 19 vet
331 1192 95 28 förtälja.
458 1193 53 21 Rätt
527 1193 45 22 ofta
587 1193 98 22 befinnas
703 1194 63 21 desse
783 1193 120 28 sjuklingar
914 1193 34 21 för

193 1227 163 28 omgifningens
369 1229 113 21 säkerhets
500 1229 63 21 skuld
579 1229 69 22 under
672 1229 72 21 åratal
768 1229 178 27 fjettradeijern

194 1263 53 22 eller
263 1263 115 28 instängde
394 1264 7 21 i
418 1264 101 28 eländiga
535 1265 81 21 kättor.

268 1299 43 21 För
331 1301 34 20 att
382 1300 66 22 vinna
464 1307 26 15 en
506 1300 130 28 förbättring
652 1301 6 21 i
676 1301 62 21 detta
753 1300 35 22 för
808 1300 74 22 landet
904 1300 43 22 för-

194 1334 146 27 ödmjukande
364 1338 57 19 samt
436 1336 82 22 talrika
533 1336 105 28 familjers
654 1336 54 28 lugn
725 1336 41 22 och
781 1336 87 22 trefnad
883 1336 63 27 djupt

194 1371 103 21 störande
321 1370 135 23 förhållande
479 1372 64 22 hafva
562 1373 117 21 ständerne
696 1372 37 21 vid
750 1372 57 22 1877
824 1373 35 20 års
875 1372 71 21 landt-

194 1406 43 27 dag
251 1406 86 27 antagit
352 1413 27 15 en
394 1407 52 27 plan
462 1407 34 22 för
510 1408 133 22 dårvårdens
660 1408 121 27 ordnande,
795 1408 87 22 hvilken
894 1407 57 23 biif-.

193 1441 32 21 vit
253 1442 111 21 såtillvida
392 1442 134 28 genomförd,
558 1446 33 19 att
618 1444 44 21 fem
692 1443 254 27 upptagningsanstalter

262 1484 107 20 Allmänna
385 1485 184 21 Besvärsutskottets
585 1486 119 20 betänkande
720 1486 38 19 N:o
775 1486 18 20 6.
