1061 1717
236 99 29 21 46
454 99 238 23 Petitionsbetänkande
707 99 39 22 N:o
763 98 34 22 31.

207 164 52 27 ning
275 166 24 20 åt
319 165 76 27 lärare,
411 168 33 19 att
460 166 63 21 desse
539 166 34 21 för
588 166 74 27 längre
678 166 33 21 tid
727 166 132 20 kvarstanna
874 165 36 21 vid
926 165 34 21 sin

208 200 74 26 tjenst.
314 200 39 22 Väl
379 201 118 27 medgifves
521 204 33 19 att
576 202 49 21 med
645 202 27 21 de
687 202 50 26 låga
753 200 210 28 terminsafgifterna

208 236 36 20 vid
268 238 33 19 ett
324 237 139 27 statslyceum
488 238 39 20 och
551 239 78 25 många
645 237 24 21 af
683 238 26 20 de
725 237 86 27 privata
827 236 69 22 finska
912 237 50 21 sko-

208 271 62 22 lorna
291 272 147 28 uppoffringar
462 272 48 22 från
532 273 41 21 den
591 273 113 21 enskildes
721 273 48 21 sida
784 272 68 22 blifva
868 273 95 21 nödvän-

209 307 56 27 diga,
290 308 33 21 för
346 310 32 20 att
401 308 158 22 vidmakthålla
577 310 33 20 ett
624 308 140 27 fullständigt
779 308 105 26 läroverk,
900 308 62 22 äfven

209 349 34 15 om
269 344 67 27 detta,
360 350 45 16 som
430 344 20 21 vi
475 344 83 27 hoppas
582 344 56 22 skall
662 344 67 22 blifva
753 344 61 21 fallet
837 344 49 22 med
903 344 60 21 det
952 340 14 36 i

208 379 141 27 Björneborg,
372 380 99 22 kommer
494 380 6 21 i
523 380 129 27 åtnjutande
673 379 24 22 af
714 380 79 26 högsta
808 380 89 26 möjliga
913 380 49 20 sub-

209 415 88 22 vention
313 415 24 22 af
351 416 109 21 allmänna
476 416 77 27 medel,
570 422 49 15 men
636 416 14 21 å
665 416 69 21 andra
750 415 63 22 sidan
830 416 35 21 må
881 415 82 22 erinras

208 452 33 19 att
259 451 163 27 ifrågavarande
438 452 62 21 skola
516 453 98 20 närmast
630 453 24 19 är
670 451 70 27 egnad
757 453 33 20 att
801 451 161 22 tillfredsställa

209 488 32 27 ett
265 486 69 21 lokalt
357 487 100 27 intresse,
474 487 214 27 bildningsbehofvet
710 487 6 21 i
733 489 32 20 ett
781 487 57 22 efter
853 489 51 19 våra
920 487 41 21 för-

209 522 117 22 hållanden
342 523 34 21 till
393 523 33 22 sin
442 523 153 27 utsträckning
612 523 121 27 obetydligt
749 523 143 21 skolområde.
924 518 38 25 Äf-

209 564 40 15 ven
266 565 35 14 om
318 559 60 22 detta
394 560 88 21 område
498 559 95 22 fördelas
608 560 28 26 på
652 559 49 21 dem
717 558 34 22 för
761 553 54 32 Åbo,
830 559 133 21 Tavastehus

209 594 40 21 och
273 595 146 22 Tammerfors
443 595 79 28 (under
546 595 148 27 organisation
719 594 104 27 varande)
839 595 77 26 lyceer,
932 601 32 14 er-

210 630 59 21 hålla
295 631 157 21 komumnerna
475 633 97 19 närmast
597 631 64 26 kring
677 630 135 27 Björneborg
828 630 47 22 icke
890 630 74 27 längre

209 665 88 22 afstånd
321 666 34 21 till
379 667 49 20 stad
445 667 50 21 med
511 666 139 27 fullständigt
665 667 83 26 lyceum
765 668 27 19 än
809 673 49 14 man
875 667 13 20 å
903 667 59 20 mån-

209 707 42 21 gen
267 708 72 15 annan
355 704 35 19 ort
405 702 7 21 i
428 703 48 20 vårt
492 702 50 21 land
559 704 51 19 vant
626 702 34 27 sig
674 702 43 21 vid.

282 738 39 21 Att
345 738 69 21 under
437 738 82 21 sådana
542 737 150 22 förhållanden
717 737 66 22 innan
807 737 73 22 försök
896 738 68 26 gjorts

209 775 34 19 att
266 774 28 26 på
309 773 96 22 enskildt
428 773 96 22 initiativ
540 773 150 28 upprätthålla
709 780 26 15 en
747 773 216 27 fortsättningsskola

209 809 34 21 till
267 811 86 20 statens
377 809 130 27 fyrklassiga
528 809 220 22 elementarläroverk
765 809 40 21 och
821 809 65 21 innan
902 809 61 21 detta

210 851 77 15 senare
303 845 79 21 hunnit
397 846 52 20 ernå
460 845 34 21 sin
510 845 142 27 fullständiga
667 844 132 27 utveckling,
811 844 86 22 förorda
908 845 55 26 peti-

209 881 102 21 tionerna
333 887 34 15 om
388 881 136 21 inrättandet
540 881 23 21 af
577 883 33 19 ett
625 880 140 27 fullständigt
781 881 83 26 lyceum
881 881 6 20 i
903 881 60 26 Björ-

210 916 94 27 neborgs
326 917 50 20 stad
400 923 62 20 synes
487 923 35 15 oss
545 917 47 21 icke
612 916 140 27 nödvändigt.
784 915 50 28 Det,
855 917 71 20 såsom
942 916 20 21 vi

210 952 99 27 uttryckt
332 958 42 21 oss,
398 954 49 19 rent
473 952 72 21 lokala
568 953 104 20 intresset
695 951 34 22 för
748 952 71 21 denna
835 951 129 22 läroanstalt

209 988 40 21 bör
273 988 74 21 kunna
371 988 123 21 frammana
516 988 66 27 nödig
601 987 153 27 offervillighet
769 987 34 21 för
819 987 48 22 dess
883 987 79 21 ekono-

209 1023 72 22 miska
316 1023 148 27 betryggande
498 1024 38 21 och
562 1025 54 25 våga
642 1023 21 21 vi
689 1023 135 21 fördenskull
850 1023 112 21 vördsamt

209 1059 81 22 föreslä

388 1094 34 21 det
455 1094 83 21 landets
563 1094 114 28 höglofliga
702 1093 90 22 ständer
819 1093 47 21 ville
892 1093 70 22 lemna

354 1129 102 28 samtliga
475 1129 116 28 petitioner
614 1137 33 14 om
671 1129 138 22 inrättandet
829 1128 28 25 af
870 1130 28 20 ett
908 1128 54 28 full-

354 1165 96 28 ständigt
482 1165 136 28 statslyceum
645 1166 9 21 i
679 1165 145 28 Björneborgs
846 1164 47 22 stad
908 1166 55 20 utan

353 1201 108 27 afseende.

279 1276 23 22 F.
318 1276 25 23 V.
360 1277 108 23 Sundvall.
698 1277 84 29 August
797 1277 96 28 Ramsay.

285 1498 105 19 Allmänna
407 1498 174 20 besvärsutskottets
597 1498 116 20 betänkande
730 1499 37 19 N:o
784 1498 33 20 21.
