1061 1717
313 98 238 23 Petitionsbetänkande
566 99 39 22 N:o
624 98 21 24 9.
813 98 14 22 5

105 166 24 20 är
143 164 22 22 af
179 166 44 19 stor
238 164 113 28 betydelse
366 164 33 21 för
414 164 121 27 samhället,
551 164 40 21 och
606 164 28 21 då
649 164 151 21 erfarenheten
811 165 46 26 tyc-

105 198 40 22 kes
165 198 71 22 utvisa
255 200 32 20 att
302 198 67 22 saken
386 198 76 21 endast
477 199 77 21 vinner
569 198 28 28 på
612 200 32 19 att
661 198 106 21 anförtros
783 198 22 21 åt
819 197 39 28 dy-

108 232 45 22 lika
168 232 132 28 föreningar,
316 232 23 22 så
355 239 63 15 anser
434 232 32 28 sig
482 234 105 20 utskottet
602 232 52 22 böra
668 232 116 22 framhålla
794 231 63 21 önsk-

106 267 97 27 ligheten
227 267 24 21 af
263 268 32 20 att
315 266 80 22 sådana
410 266 125 28 föreningar
550 266 64 22 äfven
630 266 39 22 hos
685 273 34 15 oss
734 266 55 28 finge
804 266 53 20 röna

107 300 116 22 understöd
239 300 48 22 från
310 300 118 28 styrelsens
444 300 54 28 sida,
514 300 8 22 i
536 300 42 22 den
593 301 50 21 mån
659 307 46 15 som
720 300 27 22 de
763 300 45 22 visa
823 300 34 27 sig

108 336 107 20 motsvara
237 335 38 21 sitt
297 334 108 22 ändamål.
439 334 106 22 Deremot
560 334 39 22 har
615 334 107 22 utskottet
736 334 49 22 icke
800 334 59 21 velat

106 369 74 21 förena
200 369 34 28 sig
257 376 34 14 om
313 369 157 27 petitionärens
485 369 90 28 förslag,
591 370 32 20 för
639 369 24 21 så
678 368 45 22 vidt
738 368 37 22 det
789 368 70 28 gäller

108 402 231 29 detaljbestämningar
356 402 112 28 angående
484 404 61 20 arten
561 403 24 21 af
598 402 61 22 detta
673 402 123 22 understöd.
825 402 32 27 Ty

108 437 77 22 liksom
200 437 76 28 frågan
293 437 6 21 i
315 437 33 21 sin
370 437 76 21 helhet
461 437 49 22 bäst
524 437 82 28 lämpar
622 437 34 28 sig
670 437 34 21 för
717 437 85 28 privata
817 437 42 20 för-

107 471 101 28 eningars
232 471 146 26 verksamhet,
404 471 23 21 så
449 471 75 22 kunna
545 471 64 22 dessa
631 471 139 22 tvifvelsutan
793 471 66 21 också

107 505 83 22 säkrast
204 505 91 22 bedöma
310 505 75 21 hvilka
400 505 102 28 åtgärder
517 506 37 21 äro
565 505 141 28 erforderliga
715 505 34 22 för
759 505 100 28 syftemå-

108 539 41 22 lets
165 539 156 28 befrämjande.
343 539 71 22 Dessa
428 539 126 28 föreningar
569 540 37 21 äro
622 539 6 21 i
645 539 86 22 tillfälle
745 539 56 25 att,
797 535 10 37 i
817 539 41 21 den

108 574 53 21 form
184 572 26 24 de
234 580 53 15 anse
303 574 69 21 såsom
388 573 208 29 ändamålsenligast
611 575 79 27 begära
706 573 117 22 understöd
838 573 24 21 af

108 608 113 29 styrelsen,
237 608 40 21 och
293 607 118 22 önskvärdt
425 609 31 24 är,
471 610 33 19 att
518 608 60 21 detta
593 608 6 21 i
615 608 119 29 tillräcklig
753 607 106 22 utsträck-

109 643 52 27 ning
175 642 120 27 medgifves
311 642 55 25 dem,
382 642 27 21 då
425 642 64 21 säkra
504 642 94 28 utsigter
613 643 69 20 finnas
692 644 32 19 att
734 641 125 29 derigenom

108 676 112 28 verkligen
235 676 67 28 något
316 676 78 21 vinnes
409 676 33 21 till
458 676 82 21 förmån
556 676 33 21 för
604 676 89 29 frigifna
707 676 82 28 fångar.

176 709 113 22 Utskottet
311 710 39 21 har
364 710 74 21 derför
452 711 52 20 äran
520 709 86 26 föreslå,

278 759 30 18 att
323 755 75 22 landets
414 756 115 28 Höglofliga
544 756 88 22 Ständer
647 756 43 21 ville
703 756 72 29 förena
786 757 30 27 sig
828 763 32 14 om

243 797 23 14 en
288 790 125 28 underdånig
431 790 86 28 petition
532 790 9 21 i
553 790 51 29 syfte
628 793 30 18 att
674 790 57 21 Hans
747 790 113 28 Kejserliga

241 825 103 27 Majestät,
368 824 35 21 der
426 824 120 29 föreningar
571 824 61 21 bildat
654 825 31 27 sig
703 825 34 26 för
751 826 31 19 att
796 824 64 21 lemna

244 858 53 29 hjelp
312 858 21 20 åt
346 858 85 28 frigifne
443 857 79 29 fångar
531 859 9 20 i
549 858 58 22 deras
617 858 132 21 bemödanden
759 861 30 18 att
799 858 62 29 ärligt

244 892 77 28 lifnära
336 893 39 28 sig,
396 892 36 21 och
446 892 28 21 då
488 892 57 21 dessa
557 892 120 29 föreningar
692 893 51 20 visat
757 892 58 21 såväl
828 893 33 28 lif-

241 927 86 28 aktighet
349 933 42 14 som
410 926 98 28 förmåga
530 929 30 18 att
581 927 59 20 verka
660 927 36 28 för
714 927 34 20 sitt
762 927 97 28 syftemål,

244 961 44 20 ville
307 967 71 22 genom
400 960 123 29 statsbidrag
543 960 86 29 kraftigt
643 961 120 21 understöda
783 961 78 20 sådana

243 995 119 28 föreningar
377 994 7 21 i
398 994 58 21 deras
471 994 182 29 menniskovänliga
668 995 126 21 verksamhet.

167 1034 187 29 Helsingfors,
374 1035 24 20 af
420 1034 118 22 Allmänna
559 1035 202 22 Besvärsutskottet
775 1036 42 21 den
833 1037 28 20 26

110 1071 58 21 Mars
181 1070 60 22 1885.

178 1110 11 21 I
211 1109 101 22 ärendets
335 1108 133 29 behandling
483 1109 65 21 hafva
563 1109 102 28 deltagit:
680 1110 116 22 utskottets
812 1110 48 21 ord-

110 1145 88 21 förande
213 1143 22 22 J.
250 1143 27 22 G.
292 1143 90 26 Geitlin,
397 1144 55 19 samt
467 1142 129 23 ledamöter:
620 1143 24 22 af
656 1144 108 26 Schultén,
780 1144 29 21 M.
824 1144 35 25 V.,

110 1179 101 28 Ramsay,
225 1178 34 27 A.,
274 1177 143 28 Gripenberg,
432 1176 34 27 A.,
480 1177 82 28 Lagus,
577 1178 33 25 V.,
626 1178 117 26 Perander,
757 1179 21 22 J.
793 1179 21 22 J.
829 1179 32 26 F.,

111 1212 142 26 Westerlund,
277 1212 28 21 A.
327 1211 33 26 G.,
384 1211 130 26 Calamnius,
536 1212 21 22 J.
581 1212 33 26 V.,
635 1212 134 29 Helsingius,
785 1214 26 21 A.
826 1213 34 28 V.,

111 1245 90 30 Öhberg,
217 1246 28 21 V.
260 1245 43 28 W.,
319 1246 107 26 Sundvall,
442 1245 24 22 F.
482 1246 36 26 V.,
533 1246 129 27 Chydenius,
681 1247 27 21 A.
723 1247 36 28 H.,
770 1247 91 26 Luoma,

111 1283 18 20 J.
144 1281 35 25 H.,
194 1280 91 27 Ojanen,
300 1279 35 27 K,.
351 1280 95 26 Summa,
461 1280 36 26 K.,
512 1280 146 29 Hasselgvist,
674 1281 21 22 8.

179 1472 106 21 Allmänna
300 1472 184 21 Besvärsutskottets
500 1472 117 21 betänkande
632 1472 37 20 N:o
686 1474 19 19 8.
