1061 1717
203 100 81 23 Ständ.
301 100 50 23 Pet.
366 113 28 3 —
410 101 272 24 Petitionsbetänkande
697 104 41 21 N:o
753 104 18 21 1.
823 106 12 19 3

111 163 34 21 del
167 164 86 22 beslutit
268 164 120 22 utförandet
402 164 24 22 af
439 173 25 13 en
480 166 53 21 bana
548 174 74 20 genom
639 166 108 27 Savolaks,
764 167 77 22 återstå
856 168 7 21 i

111 198 120 22 hufvudsak
247 199 73 21 endast
335 200 31 20 tre
382 200 260 29 stambanesträckningar,
658 201 73 22 hvilka
746 202 55 21 varit
815 202 47 22 ifrå-

110 235 81 26 gasatta
209 233 39 21 och
264 235 50 19 utan
329 233 75 22 tvifvel
418 233 44 22 förr
477 234 51 21 eller
543 242 72 14 senare
630 235 84 22 komma
730 238 30 20 att
776 236 84 22 utföras.

179 268 63 22 Utom
265 267 63 22 ofvan
351 268 129 22 behandlade
503 269 268 29 sammanbindningsbana,
787 273 74 19 väntar

110 302 105 28 nemligen
238 310 25 13 en
287 304 54 19 östra
363 303 109 21 stambana
486 310 75 20 genom
577 304 94 21 Karelen
687 304 108 22 äfvensom
811 304 50 22 fort-

109 336 119 28 sättningen
243 336 22 21 af
281 336 39 21 den
336 336 216 24 nordösterbottniska
567 338 68 22 banan
650 338 46 22 från
712 338 105 29 Uleåborg
828 339 32 22 till

110 370 82 22 Torneå
207 370 26 29 på
248 370 115 22 utförande.

178 405 135 22 Beträffande
328 406 276 29 sammanbindningsbanan
620 406 63 22 hafva
698 407 118 22 Ständerna
832 416 29 13 re-

109 440 40 21 dan
165 440 75 22 uttalat
255 440 32 27 sig
302 440 85 26 derhän,
404 443 30 19 att
450 441 40 20 den
504 441 47 21 icke
566 441 8 21 i
589 444 104 19 närmaste
702 441 85 23 framtid
798 443 62 21 borde

110 474 84 26 utföras,
211 474 126 22 åtminstone
352 474 47 22 icke
414 475 8 20 i
438 475 47 21 hela
500 475 46 22 dess
561 476 151 28 utsträckning.

177 509 196 28 Bansträckningen
396 509 106 28 Uleåborg
512 509 101 22 --Torneå
632 509 44 22 åter
692 510 38 21 blir
746 511 73 21 endast
835 511 26 21 dä

109 544 48 21 fullt
174 543 120 26 motiverad,
310 547 38 18 när
362 543 26 22 de
399 544 90 21 svenska
501 544 38 21 och
549 544 72 21 norska
632 544 135 28 jernvägarne
775 545 85 22 komma

110 579 120 21 densamma
252 578 33 21 till
307 581 67 19 mötes
388 578 36 22 vid
439 583 96 23 gränsen.
565 579 114 22 Huruvida
694 579 38 21 och
748 583 37 17 när
801 579 58 22 detta

110 613 54 26 sker,
180 617 22 17 är
217 613 114 21 tillsvidare
347 612 95 29 omöjligt
456 615 31 20 att
502 613 85 22 förutse.

178 647 83 28 Frågan
284 655 34 13 om
341 655 25 13 en
390 647 109 22 stambana
514 655 75 20 genom
604 647 94 22 Karelen
713 648 38 21 har
767 648 94 22 deremot

109 681 126 22 åtminstone
258 681 37 22 allt
310 681 63 22 sedan
390 682 56 21 1872
461 681 33 22 års
509 682 141 22 ständermöte
665 682 54 22 varit
734 683 27 28 på
776 683 84 28 dagord-

110 716 84 28 ningen.
224 716 50 21 Med
295 716 82 28 hänsyn
400 716 32 21 till
455 716 106 22 Karelens
576 716 46 22 rika
637 717 104 28 naturliga
756 725 104 14 ressurser

109 751 38 22 och
171 751 45 21 dess
239 750 108 29 möjlighet
362 750 24 21 af
400 751 122 28 utveckling
537 751 67 21 skulle
620 759 25 13 en
662 751 62 22 sådan
740 752 54 21 bana
809 754 50 19 utan

110 785 75 22 tvifvel
206 785 65 22 blifva
293 785 91 21 särdeles
403 785 239 28 välsignelsebringande
658 785 38 22 och
711 785 61 22 äfven
788 785 8 22 i
811 785 48 22 eko-

109 819 93 22 nomiskt
216 819 119 22 hänseende
350 819 84 22 relativt
449 827 94 20 gynsam.
566 819 137 29 Tidpunkten
718 819 32 22 för
765 820 46 21 dess
827 822 32 20 ut-

109 854 85 21 förande
218 854 38 21 har
279 853 62 22 också
364 853 128 29 uppskjutits
516 854 73 22 endast
609 854 87 21 emedan
718 854 73 22 landet
813 854 46 21 icke

110 887 80 23 mäktat
205 887 107 29 samtidigt
327 887 68 22 utföra
410 887 70 22 alltför
495 888 128 22 vidsträckta
632 888 225 28 jernvägsbyggnader.

178 923 12 21 I
213 922 112 28 anledning
348 922 22 21 af
391 925 31 18 tre
446 922 102 22 särskilda
565 923 33 21 till
613 925 82 26 preste-,
711 923 95 28 borgare-
821 923 40 21 och

109 957 156 22 bondeständen
281 957 119 22 inlemnade
415 957 177 28 petitionsförslag
606 957 63 22 hafva
684 957 118 22 Ständerna
815 957 46 21 der-

109 992 32 21 för
163 999 86 14 numera
272 993 68 20 ansett
355 991 98 28 önskligt,
470 994 31 19 att
518 991 74 28 frågan
608 999 33 14 om
657 991 78 22 banans
751 991 109 28 byggande

110 1029 57 24 toges
189 1025 66 22 under
278 1025 132 28 ompröfning
432 1027 55 20 samt
502 1028 31 19 att
547 1025 63 28 nädig
624 1025 127 29 proposition
767 1025 8 21 i
790 1027 71 20 ämnet

109 1060 114 28 förelägges
240 1060 116 21 Ständerna
372 1060 65 21 redan
453 1060 36 21 vid
504 1060 172 21 nästkommande
691 1060 105 27 landtdag.

178 1094 170 23 Vidkommande
363 1095 64 20 sedan
443 1095 148 28 sträckningen
606 1094 186 28 afifrägavarande
801 1094 60 26 banå,

110 1129 22 22 sä
155 1129 92 22 uttalade
269 1129 32 28 sig
315 1129 119 22 Ständerna
452 1129 36 22 vid
505 1130 54 21 1872
575 1129 32 21 års
622 1129 98 28 landtdag
735 1128 38 27 för,
789 1130 31 20 att
835 1136 26 13 en

110 1165 55 20 östra
187 1164 108 21 stambana
316 1163 64 22 borde
403 1163 49 28 utgå
474 1163 46 22 från
543 1163 73 21 staden
640 1163 87 27 Wiborg
748 1162 51 21 eller
815 1162 47 21 dess

109 1198 103 28 granskap
235 1201 54 19 samt
311 1198 57 21 ledas
393 1198 90 21 emellan
507 1197 72 22 Saima
601 1197 39 22 och
663 1197 86 28 Ladoga
770 1205 43 20 upp
829 1196 34 21 till

109 1233 98 21 Joensuu
229 1233 39 20 och
291 1231 100 29 möjligen
407 1231 92 22 derifrän
514 1232 7 21 i
536 1231 128 28 nordvestlig
679 1231 92 28 rigtning
786 1238 75 21 genom

110 1266 124 22 Tidensalmi
249 1267 33 21 till
296 1266 96 28 förening
408 1267 48 20 med
472 1267 40 20 den
528 1266 143 28 Uleäborgska
686 1266 68 21 banan
762 1265 32 22 uti
804 1265 58 29 Piip-

110 1302 48 27 pola
180 1301 81 26 socken,
278 1301 7 21 i
300 1300 51 29 följd
366 1300 76 22 hvaraf
456 1300 62 22 äfven
533 1300 102 29 uppgicks
650 1300 39 22 och
704 1299 157 22 instrumentalt

111 1336 137 21 undersöktes
271 1343 25 14 en
310 1335 150 29 jernvägslinie
476 1335 46 21 frän
539 1335 88 27 Wiborg
642 1334 33 22 till
689 1334 98 22 Joensuu
802 1333 60 22 öfver

110 1370 80 21 Imatra
212 1370 39 21 och
274 1369 90 22 derifrän
387 1370 60 28 längs
461 1369 110 22 landtäsen
586 1369 58 21 invid
660 1369 25 21 de
700 1368 162 22 vest-Karelska

111 1404 150 28 vattendragen
283 1412 74 20 genom
380 1403 119 29 Rautjärvi,
522 1404 120 25 Parikkala,
666 1402 131 23 Uukuniemi
820 1402 39 21 och
