<?xml version="1.0" encoding="UTF-8"?>
<alto xmlns="http://www.loc.gov/standards/alto/ns-v3#" xmlns:xlink="http://www.w3.org/1999/xlink" xmlns:xsi="http://www.w3.org/2001/XMLSchema-instance" xsi:schemaLocation="http://www.loc.gov/standards/alto/ns-v3# http://www.loc.gov/alto/v3/alto-3-0.xsd">
	<Description>
		<MeasurementUnit>pixel</MeasurementUnit>
		<sourceImageInformation>
			<fileName>/tmp/tess_miztx08v_input.PNG</fileName>
		</sourceImageInformation>
		<OCRProcessing ID="OCR_0">
			<ocrProcessingStep>
				<processingSoftware>
					<softwareName>tesseract 5.3.4</softwareName>
				</processingSoftware>
			</ocrProcessingStep>
		</OCRProcessing>
	</Description>
	<Layout>
		<Page WIDTH="1061" HEIGHT="1717" PHYSICAL_IMG_NR="0" ID="page_0">
			<PrintSpace HPOS="0" VPOS="0" WIDTH="1061" HEIGHT="1717">
				<GraphicalElement ID="cblock_0" HPOS="0" VPOS="375" WIDTH="3" HEIGHT="721"></GraphicalElement >
				<ComposedBlock ID="cblock_1" HPOS="239" VPOS="122" WIDTH="519" HEIGHT="20">
					<TextBlock ID="block_0" HPOS="239" VPOS="122" WIDTH="519" HEIGHT="20">
						<TextLine ID="line_0" HPOS="239" VPOS="122" WIDTH="519" HEIGHT="20">
							<String ID="string_0" HPOS="239" VPOS="122" WIDTH="21" HEIGHT="17" WC="0.96" CONTENT="12"/><SP WIDTH="166" VPOS="122" HPOS="260"/>
							<String ID="string_1" HPOS="426" VPOS="122" WIDTH="240" HEIGHT="20" WC="0.92" CONTENT="Petitionsbetänkande"/><SP WIDTH="11" VPOS="122" HPOS="666"/>
							<String ID="string_2" HPOS="677" VPOS="122" WIDTH="36" HEIGHT="19" WC="0.96" CONTENT="N:o"/><SP WIDTH="12" VPOS="122" HPOS="713"/>
							<String ID="string_3" HPOS="725" VPOS="122" WIDTH="33" HEIGHT="19" WC="0.96" CONTENT="34."/>
						</TextLine>
					</TextBlock>
				</ComposedBlock>
				<ComposedBlock ID="cblock_2" HPOS="214" VPOS="180" WIDTH="753" HEIGHT="993">
					<TextBlock ID="block_1" HPOS="215" VPOS="180" WIDTH="749" HEIGHT="227">
						<TextLine ID="line_1" HPOS="215" VPOS="180" WIDTH="748" HEIGHT="28">
							<String ID="string_4" HPOS="215" VPOS="180" WIDTH="157" HEIGHT="27" WC="0.91" CONTENT="uppbjelpande"/><SP WIDTH="19" VPOS="180" HPOS="372"/>
							<String ID="string_5" HPOS="391" VPOS="180" WIDTH="19" HEIGHT="27" WC="0.96" CONTENT="ej"/><SP WIDTH="16" VPOS="180" HPOS="410"/>
							<String ID="string_6" HPOS="426" VPOS="180" WIDTH="64" HEIGHT="22" WC="0.96" CONTENT="hittat"/><SP WIDTH="14" VPOS="180" HPOS="490"/>
							<String ID="string_7" HPOS="504" VPOS="180" WIDTH="27" HEIGHT="28" WC="0.96" CONTENT="på"/><SP WIDTH="15" VPOS="180" HPOS="531"/>
							<String ID="string_8" HPOS="546" VPOS="181" WIDTH="64" HEIGHT="27" WC="0.96" CONTENT="något"/><SP WIDTH="14" VPOS="181" HPOS="610"/>
							<String ID="string_9" HPOS="624" VPOS="181" WIDTH="70" HEIGHT="21" WC="0.96" CONTENT="bättre"/><SP WIDTH="15" VPOS="181" HPOS="694"/>
							<String ID="string_10" HPOS="709" VPOS="181" WIDTH="38" HEIGHT="21" WC="0.96" CONTENT="råd"/><SP WIDTH="15" VPOS="181" HPOS="747"/>
							<String ID="string_11" HPOS="762" VPOS="182" WIDTH="27" HEIGHT="20" WC="0.97" CONTENT="än"/><SP WIDTH="15" VPOS="182" HPOS="789"/>
							<String ID="string_12" HPOS="804" VPOS="182" WIDTH="32" HEIGHT="20" WC="0.96" CONTENT="att"/><SP WIDTH="14" VPOS="182" HPOS="836"/>
							<String ID="string_13" HPOS="850" VPOS="183" WIDTH="52" HEIGHT="25" WC="0.96" CONTENT="göra"/><SP WIDTH="14" VPOS="183" HPOS="902"/>
							<String ID="string_14" HPOS="916" VPOS="181" WIDTH="47" HEIGHT="21" WC="0.95" CONTENT="dem"/>
						</TextLine>
						<TextLine ID="line_2" HPOS="215" VPOS="214" WIDTH="748" HEIGHT="28">
							<String ID="string_15" HPOS="215" VPOS="214" WIDTH="33" HEIGHT="21" WC="0.96" CONTENT="till"/><SP WIDTH="16" VPOS="214" HPOS="248"/>
							<String ID="string_16" HPOS="264" VPOS="214" WIDTH="63" HEIGHT="21" WC="0.96" CONTENT="åkrar"/><SP WIDTH="15" VPOS="214" HPOS="327"/>
							<String ID="string_17" HPOS="342" VPOS="214" WIDTH="32" HEIGHT="21" WC="0.93" CONTENT="för"/><SP WIDTH="15" VPOS="214" HPOS="374"/>
							<String ID="string_18" HPOS="389" VPOS="215" WIDTH="91" HEIGHT="21" WC="0.91" CONTENT="idkande"/><SP WIDTH="11" VPOS="215" HPOS="480"/>
							<String ID="string_19" HPOS="491" VPOS="215" WIDTH="23" HEIGHT="21" WC="0.93" CONTENT="af"/><SP WIDTH="10" VPOS="215" HPOS="514"/>
							<String ID="string_20" HPOS="524" VPOS="215" WIDTH="106" HEIGHT="27" WC="0.90" CONTENT="höodling."/><SP WIDTH="30" VPOS="215" HPOS="630"/>
							<String ID="string_21" HPOS="660" VPOS="216" WIDTH="65" HEIGHT="20" WC="0.93" CONTENT="Detta"/><SP WIDTH="10" VPOS="216" HPOS="725"/>
							<String ID="string_22" HPOS="735" VPOS="215" WIDTH="96" HEIGHT="27" WC="0.96" CONTENT="göromål"/><SP WIDTH="12" VPOS="215" HPOS="831"/>
							<String ID="string_23" HPOS="843" VPOS="215" WIDTH="52" HEIGHT="21" WC="0.93" CONTENT="ökar"/><SP WIDTH="9" VPOS="215" HPOS="895"/>
							<String ID="string_24" HPOS="904" VPOS="215" WIDTH="59" HEIGHT="27" WC="0.92" CONTENT="jord-"/>
						</TextLine>
						<TextLine ID="line_3" HPOS="215" VPOS="248" WIDTH="749" HEIGHT="28">
							<String ID="string_25" HPOS="215" VPOS="248" WIDTH="118" HEIGHT="22" WC="0.91" CONTENT="brukarens"/><SP WIDTH="16" VPOS="248" HPOS="333"/>
							<String ID="string_26" HPOS="349" VPOS="249" WIDTH="141" HEIGHT="27" WC="0.91" CONTENT="höstarbeten,"/><SP WIDTH="16" VPOS="249" HPOS="490"/>
							<String ID="string_27" HPOS="506" VPOS="250" WIDTH="47" HEIGHT="20" WC="0.96" CONTENT="icke"/><SP WIDTH="15" VPOS="250" HPOS="553"/>
							<String ID="string_28" HPOS="568" VPOS="250" WIDTH="54" HEIGHT="20" WC="0.93" CONTENT="blott"/><SP WIDTH="16" VPOS="250" HPOS="622"/>
							<String ID="string_29" HPOS="638" VPOS="250" WIDTH="128" HEIGHT="26" WC="0.91" CONTENT="derigenom,"/><SP WIDTH="16" VPOS="250" HPOS="766"/>
							<String ID="string_30" HPOS="782" VPOS="251" WIDTH="32" HEIGHT="19" WC="0.96" CONTENT="att"/><SP WIDTH="11" VPOS="251" HPOS="814"/>
							<String ID="string_31" HPOS="825" VPOS="249" WIDTH="87" HEIGHT="27" WC="0.93" CONTENT="jordens"/><SP WIDTH="15" VPOS="249" HPOS="912"/>
							<String ID="string_32" HPOS="927" VPOS="249" WIDTH="37" HEIGHT="21" WC="0.92" CONTENT="be-"/>
						</TextLine>
						<TextLine ID="line_4" HPOS="215" VPOS="283" WIDTH="749" HEIGHT="27">
							<String ID="string_33" HPOS="215" VPOS="283" WIDTH="91" HEIGHT="26" WC="0.96" CONTENT="redning"/><SP WIDTH="19" VPOS="283" HPOS="306"/>
							<String ID="string_34" HPOS="325" VPOS="284" WIDTH="24" HEIGHT="20" WC="0.96" CONTENT="är"/><SP WIDTH="15" VPOS="284" HPOS="349"/>
							<String ID="string_35" HPOS="364" VPOS="289" WIDTH="24" HEIGHT="15" WC="0.93" CONTENT="en"/><SP WIDTH="17" VPOS="289" HPOS="388"/>
							<String ID="string_36" HPOS="405" VPOS="283" WIDTH="126" HEIGHT="27" WC="0.91" CONTENT="arbetsdryg"/><SP WIDTH="14" VPOS="283" HPOS="531"/>
							<String ID="string_37" HPOS="545" VPOS="284" WIDTH="89" HEIGHT="26" WC="0.96" CONTENT="uppgift,"/><SP WIDTH="16" VPOS="284" HPOS="634"/>
							<String ID="string_38" HPOS="650" VPOS="286" WIDTH="50" HEIGHT="19" WC="0.96" CONTENT="utan"/><SP WIDTH="15" VPOS="286" HPOS="700"/>
							<String ID="string_39" HPOS="715" VPOS="284" WIDTH="62" HEIGHT="21" WC="0.96" CONTENT="äfven"/><SP WIDTH="15" VPOS="284" HPOS="777"/>
							<String ID="string_40" HPOS="792" VPOS="284" WIDTH="27" HEIGHT="26" WC="0.97" CONTENT="på"/><SP WIDTH="15" VPOS="284" HPOS="819"/>
							<String ID="string_41" HPOS="834" VPOS="284" WIDTH="68" HEIGHT="26" WC="0.93" CONTENT="grund"/><SP WIDTH="15" VPOS="284" HPOS="902"/>
							<String ID="string_42" HPOS="917" VPOS="284" WIDTH="47" HEIGHT="20" WC="0.92" CONTENT="der-"/>
						</TextLine>
						<TextLine ID="line_5" HPOS="215" VPOS="317" WIDTH="749" HEIGHT="28">
							<String ID="string_43" HPOS="215" VPOS="317" WIDTH="24" HEIGHT="21" WC="0.96" CONTENT="af"/><SP WIDTH="17" VPOS="317" HPOS="239"/>
							<String ID="string_44" HPOS="256" VPOS="318" WIDTH="32" HEIGHT="20" WC="0.95" CONTENT="att"/><SP WIDTH="20" VPOS="318" HPOS="288"/>
							<String ID="string_45" HPOS="308" VPOS="317" WIDTH="39" HEIGHT="21" WC="0.93" CONTENT="den"/><SP WIDTH="16" VPOS="317" HPOS="347"/>
							<String ID="string_46" HPOS="363" VPOS="318" WIDTH="125" HEIGHT="26" WC="0.92" CONTENT="nyodlingar"/><SP WIDTH="16" VPOS="318" HPOS="488"/>
							<String ID="string_47" HPOS="504" VPOS="318" WIDTH="116" HEIGHT="27" WC="0.93" CONTENT="åtföljande"/><SP WIDTH="15" VPOS="318" HPOS="620"/>
							<String ID="string_48" HPOS="635" VPOS="318" WIDTH="160" HEIGHT="26" WC="0.91" CONTENT="hafreodlingen"/><SP WIDTH="16" VPOS="318" HPOS="795"/>
							<String ID="string_49" HPOS="811" VPOS="318" WIDTH="33" HEIGHT="21" WC="0.93" CONTENT="för"/><SP WIDTH="15" VPOS="318" HPOS="844"/>
							<String ID="string_50" HPOS="859" VPOS="317" WIDTH="105" HEIGHT="22" WC="0.91" CONTENT="trösknin-"/>
						</TextLine>
						<TextLine ID="line_6" HPOS="215" VPOS="351" WIDTH="749" HEIGHT="28">
							<String ID="string_51" HPOS="215" VPOS="358" WIDTH="40" HEIGHT="20" WC="0.95" CONTENT="gen"/><SP WIDTH="20" VPOS="358" HPOS="255"/>
							<String ID="string_52" HPOS="275" VPOS="351" WIDTH="108" HEIGHT="21" WC="0.96" CONTENT="erfordrar"/><SP WIDTH="19" VPOS="351" HPOS="383"/>
							<String ID="string_53" HPOS="402" VPOS="353" WIDTH="68" HEIGHT="20" WC="0.93" CONTENT="större"/><SP WIDTH="20" VPOS="353" HPOS="470"/>
							<String ID="string_54" HPOS="490" VPOS="352" WIDTH="153" HEIGHT="22" WC="0.91" CONTENT="arbetskrafter"/><SP WIDTH="15" VPOS="352" HPOS="643"/>
							<String ID="string_55" HPOS="658" VPOS="354" WIDTH="25" HEIGHT="20" WC="0.93" CONTENT="än"/><SP WIDTH="16" VPOS="354" HPOS="683"/>
							<String ID="string_56" HPOS="699" VPOS="352" WIDTH="146" HEIGHT="27" WC="0.91" CONTENT="rågodlingen,"/><SP WIDTH="16" VPOS="352" HPOS="845"/>
							<String ID="string_57" HPOS="861" VPOS="358" WIDTH="44" HEIGHT="16" WC="0.96" CONTENT="som"/><SP WIDTH="15" VPOS="358" HPOS="905"/>
							<String ID="string_58" HPOS="920" VPOS="352" WIDTH="44" HEIGHT="21" WC="0.96" CONTENT="förr"/>
						</TextLine>
						<TextLine ID="line_7" HPOS="215" VPOS="385" WIDTH="326" HEIGHT="22">
							<String ID="string_59" HPOS="215" VPOS="386" WIDTH="7" HEIGHT="20" WC="0.96" CONTENT="i"/><SP WIDTH="16" VPOS="386" HPOS="222"/>
							<String ID="string_60" HPOS="238" VPOS="385" WIDTH="89" HEIGHT="21" WC="0.96" CONTENT="främsta"/><SP WIDTH="14" VPOS="385" HPOS="327"/>
							<String ID="string_61" HPOS="341" VPOS="387" WIDTH="91" HEIGHT="20" WC="0.93" CONTENT="rummet"/><SP WIDTH="14" VPOS="387" HPOS="432"/>
							<String ID="string_62" HPOS="446" VPOS="386" WIDTH="95" HEIGHT="21" WC="0.92" CONTENT="idkades."/>
						</TextLine>
					</TextBlock>
					<TextBlock ID="block_2" HPOS="214" VPOS="420" WIDTH="750" HEIGHT="158">
						<TextLine ID="line_8" HPOS="284" VPOS="420" WIDTH="680" HEIGHT="28">
							<String ID="string_63" HPOS="284" VPOS="420" WIDTH="31" HEIGHT="21" WC="0.93" CONTENT="På"/><SP WIDTH="22" VPOS="420" HPOS="315"/>
							<String ID="string_64" HPOS="337" VPOS="420" WIDTH="156" HEIGHT="27" WC="0.90" CONTENT="ofvanantydda"/><SP WIDTH="23" VPOS="420" HPOS="493"/>
							<String ID="string_65" HPOS="516" VPOS="420" WIDTH="44" HEIGHT="21" WC="0.93" CONTENT="skäl"/><SP WIDTH="21" VPOS="420" HPOS="560"/>
							<String ID="string_66" HPOS="581" VPOS="420" WIDTH="125" HEIGHT="28" WC="0.92" CONTENT="uppskjutas"/><SP WIDTH="16" VPOS="420" HPOS="706"/>
							<String ID="string_67" HPOS="722" VPOS="420" WIDTH="167" HEIGHT="27" WC="0.92" CONTENT="jordbrukarens"/><SP WIDTH="15" VPOS="420" HPOS="889"/>
							<String ID="string_68" HPOS="904" VPOS="420" WIDTH="60" HEIGHT="21" WC="0.92" CONTENT="arbe-"/>
						</TextLine>
						<TextLine ID="line_9" HPOS="215" VPOS="455" WIDTH="747" HEIGHT="27">
							<String ID="string_69" HPOS="215" VPOS="456" WIDTH="35" HEIGHT="20" WC="0.96" CONTENT="ten"/><SP WIDTH="16" VPOS="456" HPOS="250"/>
							<String ID="string_70" HPOS="266" VPOS="455" WIDTH="33" HEIGHT="20" WC="0.96" CONTENT="till"/><SP WIDTH="15" VPOS="455" HPOS="299"/>
							<String ID="string_71" HPOS="314" VPOS="455" WIDTH="86" HEIGHT="25" WC="0.95" CONTENT="hösten;"/><SP WIDTH="16" VPOS="455" HPOS="400"/>
							<String ID="string_72" HPOS="416" VPOS="455" WIDTH="39" HEIGHT="20" WC="0.96" CONTENT="och"/><SP WIDTH="15" VPOS="455" HPOS="455"/>
							<String ID="string_73" HPOS="470" VPOS="455" WIDTH="41" HEIGHT="21" WC="0.96" CONTENT="den"/><SP WIDTH="17" VPOS="455" HPOS="511"/>
							<String ID="string_74" HPOS="528" VPOS="456" WIDTH="7" HEIGHT="19" WC="0.95" CONTENT="1"/><SP WIDTH="18" VPOS="456" HPOS="535"/>
							<String ID="string_75" HPOS="553" VPOS="455" WIDTH="125" HEIGHT="26" WC="0.96" CONTENT="November,"/><SP WIDTH="13" VPOS="455" HPOS="678"/>
							<String ID="string_76" HPOS="691" VPOS="455" WIDTH="27" HEIGHT="21" WC="0.93" CONTENT="då"/><SP WIDTH="10" VPOS="455" HPOS="718"/>
							<String ID="string_77" HPOS="728" VPOS="455" WIDTH="156" HEIGHT="27" WC="0.90" CONTENT="tjenstehjonen"/><SP WIDTH="11" VPOS="455" HPOS="884"/>
							<String ID="string_78" HPOS="895" VPOS="455" WIDTH="67" HEIGHT="20" WC="0.96" CONTENT="lemna"/>
						</TextLine>
						<TextLine ID="line_10" HPOS="215" VPOS="489" WIDTH="749" HEIGHT="27">
							<String ID="string_79" HPOS="215" VPOS="489" WIDTH="34" HEIGHT="20" WC="0.92" CONTENT="sin"/><SP WIDTH="16" VPOS="489" HPOS="249"/>
							<String ID="string_80" HPOS="265" VPOS="489" WIDTH="71" HEIGHT="26" WC="0.92" CONTENT="tjenst,"/><SP WIDTH="16" VPOS="489" HPOS="336"/>
							<String ID="string_81" HPOS="352" VPOS="489" WIDTH="88" HEIGHT="27" WC="0.96" CONTENT="uppstår"/><SP WIDTH="14" VPOS="489" HPOS="440"/>
							<String ID="string_82" HPOS="454" VPOS="489" WIDTH="7" HEIGHT="21" WC="0.96" CONTENT="i"/><SP WIDTH="15" VPOS="489" HPOS="461"/>
							<String ID="string_83" HPOS="476" VPOS="490" WIDTH="27" HEIGHT="21" WC="0.93" CONTENT="de"/><SP WIDTH="15" VPOS="490" HPOS="503"/>
							<String ID="string_84" HPOS="518" VPOS="490" WIDTH="80" HEIGHT="26" WC="0.93" CONTENT="vigtiga"/><SP WIDTH="10" VPOS="490" HPOS="598"/>
							<String ID="string_85" HPOS="608" VPOS="489" WIDTH="101" HEIGHT="22" WC="0.96" CONTENT="arbetena"/><SP WIDTH="12" VPOS="489" HPOS="709"/>
							<String ID="string_86" HPOS="721" VPOS="495" WIDTH="26" HEIGHT="15" WC="0.96" CONTENT="en"/><SP WIDTH="11" VPOS="495" HPOS="747"/>
							<String ID="string_87" HPOS="758" VPOS="495" WIDTH="39" HEIGHT="21" WC="0.96" CONTENT="par"/><SP WIDTH="12" VPOS="495" HPOS="797"/>
							<String ID="string_88" HPOS="809" VPOS="489" WIDTH="87" HEIGHT="21" WC="0.93" CONTENT="veckors"/><SP WIDTH="12" VPOS="489" HPOS="896"/>
							<String ID="string_89" HPOS="908" VPOS="490" WIDTH="56" HEIGHT="25" WC="0.91" CONTENT="stag-"/>
						</TextLine>
						<TextLine ID="line_11" HPOS="215" VPOS="523" WIDTH="749" HEIGHT="28">
							<String ID="string_90" HPOS="215" VPOS="523" WIDTH="80" HEIGHT="26" WC="0.93" CONTENT="nation,"/><SP WIDTH="23" VPOS="523" HPOS="295"/>
							<String ID="string_91" HPOS="318" VPOS="523" WIDTH="88" HEIGHT="21" WC="0.93" CONTENT="oaktadt"/><SP WIDTH="21" VPOS="523" HPOS="406"/>
							<String ID="string_92" HPOS="427" VPOS="523" WIDTH="26" HEIGHT="22" WC="0.96" CONTENT="de"/><SP WIDTH="19" VPOS="523" HPOS="453"/>
							<String ID="string_93" HPOS="472" VPOS="530" WIDTH="76" HEIGHT="15" WC="0.96" CONTENT="annars"/><SP WIDTH="19" VPOS="530" HPOS="548"/>
							<String ID="string_94" HPOS="567" VPOS="524" WIDTH="47" HEIGHT="21" WC="0.96" CONTENT="med"/><SP WIDTH="19" VPOS="524" HPOS="614"/>
							<String ID="string_95" HPOS="633" VPOS="524" WIDTH="41" HEIGHT="27" WC="0.95" CONTENT="god"/><SP WIDTH="16" VPOS="524" HPOS="674"/>
							<String ID="string_96" HPOS="690" VPOS="523" WIDTH="111" HEIGHT="27" WC="0.96" CONTENT="framgång"/><SP WIDTH="15" VPOS="523" HPOS="801"/>
							<String ID="string_97" HPOS="816" VPOS="523" WIDTH="55" HEIGHT="22" WC="0.96" CONTENT="hade"/><SP WIDTH="14" VPOS="523" HPOS="871"/>
							<String ID="string_98" HPOS="885" VPOS="523" WIDTH="79" HEIGHT="21" WC="0.96" CONTENT="kunnat"/>
						</TextLine>
						<TextLine ID="line_12" HPOS="214" VPOS="557" WIDTH="117" HEIGHT="21">
							<String ID="string_99" HPOS="214" VPOS="557" WIDTH="117" HEIGHT="21" WC="0.92" CONTENT="fortsättas."/>
						</TextLine>
					</TextBlock>
					<TextBlock ID="block_3" HPOS="214" VPOS="591" WIDTH="750" HEIGHT="165">
						<TextLine ID="line_13" HPOS="283" VPOS="591" WIDTH="679" HEIGHT="28">
							<String ID="string_100" HPOS="283" VPOS="591" WIDTH="50" HEIGHT="22" WC="0.94" CONTENT="Men"/><SP WIDTH="22" VPOS="591" HPOS="333"/>
							<String ID="string_101" HPOS="355" VPOS="591" WIDTH="55" HEIGHT="22" WC="0.94" CONTENT="efter"/><SP WIDTH="19" VPOS="591" HPOS="410"/>
							<String ID="string_102" HPOS="429" VPOS="593" WIDTH="40" HEIGHT="21" WC="0.96" CONTENT="den"/><SP WIDTH="19" VPOS="593" HPOS="469"/>
							<String ID="string_103" HPOS="488" VPOS="593" WIDTH="38" HEIGHT="25" WC="0.96" CONTENT="tid,"/><SP WIDTH="16" VPOS="593" HPOS="526"/>
							<String ID="string_104" HPOS="542" VPOS="592" WIDTH="27" HEIGHT="21" WC="0.93" CONTENT="då"/><SP WIDTH="15" VPOS="592" HPOS="569"/>
							<String ID="string_105" HPOS="584" VPOS="592" WIDTH="145" HEIGHT="27" WC="0.92" CONTENT="tjenstefolket"/><SP WIDTH="15" VPOS="592" HPOS="729"/>
							<String ID="string_106" HPOS="744" VPOS="591" WIDTH="46" HEIGHT="22" WC="0.93" CONTENT="åter"/><SP WIDTH="15" VPOS="591" HPOS="790"/>
							<String ID="string_107" HPOS="805" VPOS="592" WIDTH="97" HEIGHT="27" WC="0.91" CONTENT="vidtager"/><SP WIDTH="14" VPOS="592" HPOS="902"/>
							<String ID="string_108" HPOS="916" VPOS="592" WIDTH="46" HEIGHT="21" WC="0.96" CONTENT="med"/>
						</TextLine>
						<TextLine ID="line_14" HPOS="215" VPOS="626" WIDTH="749" HEIGHT="27">
							<String ID="string_109" HPOS="215" VPOS="626" WIDTH="38" HEIGHT="21" WC="0.96" CONTENT="sitt"/><SP WIDTH="22" VPOS="626" HPOS="253"/>
							<String ID="string_110" HPOS="275" VPOS="626" WIDTH="78" HEIGHT="26" WC="0.96" CONTENT="arbete,"/><SP WIDTH="24" VPOS="626" HPOS="353"/>
							<String ID="string_111" HPOS="377" VPOS="626" WIDTH="99" HEIGHT="27" WC="0.96" CONTENT="erbjuder"/><SP WIDTH="21" VPOS="626" HPOS="476"/>
							<String ID="string_112" HPOS="497" VPOS="627" WIDTH="128" HEIGHT="21" WC="0.96" CONTENT="väderleken"/><SP WIDTH="23" VPOS="627" HPOS="625"/>
							<String ID="string_113" HPOS="648" VPOS="627" WIDTH="18" HEIGHT="26" WC="0.96" CONTENT="ej"/><SP WIDTH="19" VPOS="627" HPOS="666"/>
							<String ID="string_114" HPOS="685" VPOS="633" WIDTH="59" HEIGHT="14" WC="0.96" CONTENT="mera"/><SP WIDTH="18" VPOS="633" HPOS="744"/>
							<String ID="string_115" HPOS="762" VPOS="632" WIDTH="81" HEIGHT="15" WC="0.93" CONTENT="samma"/><SP WIDTH="15" VPOS="632" HPOS="843"/>
							<String ID="string_116" HPOS="858" VPOS="626" WIDTH="106" HEIGHT="21" WC="0.91" CONTENT="förmoner"/>
						</TextLine>
						<TextLine ID="line_15" HPOS="215" VPOS="659" WIDTH="749" HEIGHT="28">
							<String ID="string_117" HPOS="215" VPOS="659" WIDTH="34" HEIGHT="21" WC="0.96" CONTENT="för"/><SP WIDTH="21" VPOS="659" HPOS="249"/>
							<String ID="string_118" HPOS="270" VPOS="660" WIDTH="132" HEIGHT="27" WC="0.96" CONTENT="jordbruket,"/><SP WIDTH="16" VPOS="660" HPOS="402"/>
							<String ID="string_119" HPOS="418" VPOS="661" WIDTH="39" HEIGHT="20" WC="0.96" CONTENT="och"/><SP WIDTH="19" VPOS="661" HPOS="457"/>
							<String ID="string_120" HPOS="476" VPOS="667" WIDTH="33" HEIGHT="15" WC="0.96" CONTENT="om"/><SP WIDTH="20" VPOS="667" HPOS="509"/>
							<String ID="string_121" HPOS="529" VPOS="661" WIDTH="64" HEIGHT="21" WC="0.96" CONTENT="också"/><SP WIDTH="14" VPOS="661" HPOS="593"/>
							<String ID="string_122" HPOS="607" VPOS="660" WIDTH="126" HEIGHT="22" WC="0.96" CONTENT="väderleken"/><SP WIDTH="17" VPOS="660" HPOS="733"/>
							<String ID="string_123" HPOS="750" VPOS="662" WIDTH="56" HEIGHT="19" WC="0.93" CONTENT="ännu"/><SP WIDTH="15" VPOS="662" HPOS="806"/>
							<String ID="string_124" HPOS="821" VPOS="660" WIDTH="86" HEIGHT="27" WC="0.91" CONTENT="erbjöde"/><SP WIDTH="15" VPOS="660" HPOS="907"/>
							<String ID="string_125" HPOS="922" VPOS="660" WIDTH="42" HEIGHT="21" WC="0.92" CONTENT="till-"/>
						</TextLine>
						<TextLine ID="line_16" HPOS="214" VPOS="693" WIDTH="750" HEIGHT="29">
							<String ID="string_126" HPOS="214" VPOS="693" WIDTH="51" HEIGHT="22" WC="0.92" CONTENT="fälle"/><SP WIDTH="16" VPOS="693" HPOS="265"/>
							<String ID="string_127" HPOS="281" VPOS="694" WIDTH="34" HEIGHT="21" WC="0.93" CONTENT="för"/><SP WIDTH="18" VPOS="694" HPOS="315"/>
							<String ID="string_128" HPOS="333" VPOS="694" WIDTH="111" HEIGHT="22" WC="0.92" CONTENT="arbetenas"/><SP WIDTH="16" VPOS="694" HPOS="444"/>
							<String ID="string_129" HPOS="460" VPOS="695" WIDTH="148" HEIGHT="26" WC="0.96" CONTENT="fortsättande,"/><SP WIDTH="16" VPOS="695" HPOS="608"/>
							<String ID="string_130" HPOS="624" VPOS="695" WIDTH="82" HEIGHT="21" WC="0.96" CONTENT="medför"/><SP WIDTH="15" VPOS="695" HPOS="706"/>
							<String ID="string_131" HPOS="721" VPOS="695" WIDTH="63" HEIGHT="21" WC="0.93" CONTENT="deras"/><SP WIDTH="15" VPOS="695" HPOS="784"/>
							<String ID="string_132" HPOS="799" VPOS="695" WIDTH="165" HEIGHT="27" WC="0.90" CONTENT="påbegynnande"/>
						</TextLine>
						<TextLine ID="line_17" HPOS="215" VPOS="729" WIDTH="383" HEIGHT="27">
							<String ID="string_133" HPOS="215" VPOS="729" WIDTH="48" HEIGHT="20" WC="0.96" CONTENT="med"/><SP WIDTH="16" VPOS="729" HPOS="263"/>
							<String ID="string_134" HPOS="279" VPOS="730" WIDTH="46" HEIGHT="25" WC="0.93" CONTENT="nytt"/><SP WIDTH="15" VPOS="730" HPOS="325"/>
							<String ID="string_135" HPOS="340" VPOS="729" WIDTH="117" HEIGHT="21" WC="0.92" CONTENT="arbetsfolk"/><SP WIDTH="15" VPOS="729" HPOS="457"/>
							<String ID="string_136" HPOS="472" VPOS="729" WIDTH="126" HEIGHT="27" WC="0.91" CONTENT="tidsspillan."/>
						</TextLine>
					</TextBlock>
					<TextBlock ID="block_4" HPOS="214" VPOS="762" WIDTH="752" HEIGHT="193">
						<TextLine ID="line_18" HPOS="283" VPOS="762" WIDTH="681" HEIGHT="28">
							<String ID="string_137" HPOS="283" VPOS="762" WIDTH="34" HEIGHT="21" WC="0.96" CONTENT="Då"/><SP WIDTH="19" VPOS="762" HPOS="317"/>
							<String ID="string_138" HPOS="336" VPOS="763" WIDTH="37" HEIGHT="26" WC="0.96" CONTENT="jag"/><SP WIDTH="23" VPOS="763" HPOS="373"/>
							<String ID="string_139" HPOS="396" VPOS="765" WIDTH="45" HEIGHT="19" WC="0.96" CONTENT="tror"/><SP WIDTH="19" VPOS="765" HPOS="441"/>
							<String ID="string_140" HPOS="460" VPOS="765" WIDTH="31" HEIGHT="19" WC="0.96" CONTENT="att"/><SP WIDTH="15" VPOS="765" HPOS="491"/>
							<String ID="string_141" HPOS="506" VPOS="763" WIDTH="63" HEIGHT="27" WC="0.92" CONTENT="ingen"/><SP WIDTH="16" VPOS="763" HPOS="569"/>
							<String ID="string_142" HPOS="585" VPOS="764" WIDTH="121" HEIGHT="26" WC="0.91" CONTENT="derigenom"/><SP WIDTH="15" VPOS="764" HPOS="706"/>
							<String ID="string_143" HPOS="721" VPOS="763" WIDTH="96" HEIGHT="21" WC="0.96" CONTENT="kommer"/><SP WIDTH="15" VPOS="763" HPOS="817"/>
							<String ID="string_144" HPOS="832" VPOS="764" WIDTH="32" HEIGHT="20" WC="0.92" CONTENT="att"/><SP WIDTH="14" VPOS="764" HPOS="864"/>
							<String ID="string_145" HPOS="878" VPOS="763" WIDTH="86" HEIGHT="21" WC="0.92" CONTENT="vidkän-"/>
						</TextLine>
						<TextLine ID="line_19" HPOS="216" VPOS="797" WIDTH="748" HEIGHT="26">
							<String ID="string_146" HPOS="216" VPOS="803" WIDTH="39" HEIGHT="15" WC="0.96" CONTENT="nas"/><SP WIDTH="16" VPOS="803" HPOS="255"/>
							<String ID="string_147" HPOS="271" VPOS="797" WIDTH="107" HEIGHT="26" WC="0.96" CONTENT="förluster,"/><SP WIDTH="17" VPOS="797" HPOS="378"/>
							<String ID="string_148" HPOS="395" VPOS="800" WIDTH="49" HEIGHT="19" WC="0.96" CONTENT="utan"/><SP WIDTH="16" VPOS="800" HPOS="444"/>
							<String ID="string_149" HPOS="460" VPOS="800" WIDTH="32" HEIGHT="19" WC="0.96" CONTENT="att"/><SP WIDTH="15" VPOS="800" HPOS="492"/>
							<String ID="string_150" HPOS="507" VPOS="799" WIDTH="36" HEIGHT="20" WC="0.93" CONTENT="det"/><SP WIDTH="14" VPOS="799" HPOS="543"/>
							<String ID="string_151" HPOS="557" VPOS="799" WIDTH="89" HEIGHT="20" WC="0.92" CONTENT="tvertom"/><SP WIDTH="17" VPOS="799" HPOS="646"/>
							<String ID="string_152" HPOS="663" VPOS="798" WIDTH="54" HEIGHT="21" WC="0.96" CONTENT="skall"/><SP WIDTH="20" VPOS="798" HPOS="717"/>
							<String ID="string_153" HPOS="737" VPOS="793" WIDTH="97" HEIGHT="35" WC="0.74" CONTENT="medföra."/><SP WIDTH="1" VPOS="793" HPOS="834"/>
							<String ID="string_154" HPOS="835" VPOS="797" WIDTH="129" HEIGHT="26" WC="0.74" CONTENT=".jordbruka-"/>
						</TextLine>
						<TextLine ID="line_20" HPOS="217" VPOS="831" WIDTH="748" HEIGHT="28">
							<String ID="string_155" HPOS="217" VPOS="837" WIDTH="37" HEIGHT="15" WC="0.96" CONTENT="ren"/><SP WIDTH="24" VPOS="837" HPOS="254"/>
							<String ID="string_156" HPOS="278" VPOS="831" WIDTH="62" HEIGHT="21" WC="0.96" CONTENT="äfven"/><SP WIDTH="23" VPOS="831" HPOS="340"/>
							<String ID="string_157" HPOS="363" VPOS="832" WIDTH="39" HEIGHT="21" WC="0.96" CONTENT="den"/><SP WIDTH="20" VPOS="832" HPOS="402"/>
							<String ID="string_158" HPOS="422" VPOS="832" WIDTH="75" HEIGHT="27" WC="0.96" CONTENT="fördel,"/><SP WIDTH="20" VPOS="832" HPOS="497"/>
							<String ID="string_159" HPOS="517" VPOS="834" WIDTH="31" HEIGHT="19" WC="0.96" CONTENT="att"/><SP WIDTH="14" VPOS="834" HPOS="548"/>
							<String ID="string_160" HPOS="562" VPOS="833" WIDTH="41" HEIGHT="20" WC="0.96" CONTENT="han"/><SP WIDTH="15" VPOS="833" HPOS="603"/>
							<String ID="string_161" HPOS="618" VPOS="832" WIDTH="34" HEIGHT="21" WC="0.96" CONTENT="får"/><SP WIDTH="14" VPOS="832" HPOS="652"/>
							<String ID="string_162" HPOS="666" VPOS="838" WIDTH="59" HEIGHT="15" WC="0.96" CONTENT="mera"/><SP WIDTH="15" VPOS="838" HPOS="725"/>
							<String ID="string_163" HPOS="740" VPOS="832" WIDTH="31" HEIGHT="21" WC="0.96" CONTENT="tid"/><SP WIDTH="15" VPOS="832" HPOS="771"/>
							<String ID="string_164" HPOS="786" VPOS="831" WIDTH="33" HEIGHT="22" WC="0.93" CONTENT="för"/><SP WIDTH="14" VPOS="831" HPOS="819"/>
							<String ID="string_165" HPOS="833" VPOS="831" WIDTH="132" HEIGHT="22" WC="0.91" CONTENT="omsättande"/>
						</TextLine>
						<TextLine ID="line_21" HPOS="216" VPOS="865" WIDTH="749" HEIGHT="28">
							<String ID="string_166" HPOS="216" VPOS="865" WIDTH="24" HEIGHT="21" WC="0.96" CONTENT="af"/><SP WIDTH="15" VPOS="865" HPOS="240"/>
							<String ID="string_167" HPOS="255" VPOS="865" WIDTH="46" HEIGHT="21" WC="0.93" CONTENT="sina"/><SP WIDTH="16" VPOS="865" HPOS="301"/>
							<String ID="string_168" HPOS="317" VPOS="865" WIDTH="182" HEIGHT="27" WC="0.91" CONTENT="jordbruksalster"/><SP WIDTH="15" VPOS="865" HPOS="499"/>
							<String ID="string_169" HPOS="514" VPOS="867" WIDTH="7" HEIGHT="20" WC="0.96" CONTENT="i"/><SP WIDTH="14" VPOS="867" HPOS="521"/>
							<String ID="string_170" HPOS="535" VPOS="867" WIDTH="123" HEIGHT="26" WC="0.96" CONTENT="penningar,"/><SP WIDTH="16" VPOS="867" HPOS="658"/>
							<String ID="string_171" HPOS="674" VPOS="866" WIDTH="72" HEIGHT="21" WC="0.95" CONTENT="hvilka"/><SP WIDTH="14" VPOS="866" HPOS="746"/>
							<String ID="string_172" HPOS="760" VPOS="866" WIDTH="41" HEIGHT="21" WC="0.93" CONTENT="han"/><SP WIDTH="16" VPOS="866" HPOS="801"/>
							<String ID="string_173" HPOS="817" VPOS="866" WIDTH="101" HEIGHT="21" WC="0.90" CONTENT="behöfver"/><SP WIDTH="14" VPOS="866" HPOS="918"/>
							<String ID="string_174" HPOS="932" VPOS="865" WIDTH="33" HEIGHT="21" WC="0.96" CONTENT="för"/>
						</TextLine>
						<TextLine ID="line_22" HPOS="216" VPOS="899" WIDTH="750" HEIGHT="28">
							<String ID="string_175" HPOS="216" VPOS="899" WIDTH="111" HEIGHT="28" WC="0.93" CONTENT="betalning"/><SP WIDTH="25" VPOS="899" HPOS="327"/>
							<String ID="string_176" HPOS="352" VPOS="900" WIDTH="24" HEIGHT="21" WC="0.88" CONTENT="&#39;af"/><SP WIDTH="24" VPOS="900" HPOS="376"/>
							<String ID="string_177" HPOS="400" VPOS="900" WIDTH="155" HEIGHT="27" WC="0.88" CONTENT="tjenstefolkets"/><SP WIDTH="25" VPOS="900" HPOS="555"/>
							<String ID="string_178" HPOS="580" VPOS="901" WIDTH="66" HEIGHT="26" WC="0.96" CONTENT="löner,"/><SP WIDTH="22" VPOS="901" HPOS="646"/>
							<String ID="string_179" HPOS="668" VPOS="901" WIDTH="24" HEIGHT="21" WC="0.96" CONTENT="så"/><SP WIDTH="21" VPOS="901" HPOS="692"/>
							<String ID="string_180" HPOS="713" VPOS="899" WIDTH="68" HEIGHT="28" WC="0.96" CONTENT="vågar"/><SP WIDTH="19" VPOS="899" HPOS="781"/>
							<String ID="string_181" HPOS="800" VPOS="900" WIDTH="37" HEIGHT="27" WC="0.93" CONTENT="jag"/><SP WIDTH="22" VPOS="900" HPOS="837"/>
							<String ID="string_182" HPOS="859" VPOS="900" WIDTH="107" HEIGHT="21" WC="0.91" CONTENT="vördsamt"/>
						</TextLine>
						<TextLine ID="line_23" HPOS="214" VPOS="933" WIDTH="81" HEIGHT="22">
							<String ID="string_183" HPOS="214" VPOS="933" WIDTH="81" HEIGHT="22" WC="0.96" CONTENT="föreslå"/>
						</TextLine>
					</TextBlock>
					<TextBlock ID="block_5" HPOS="420" VPOS="968" WIDTH="547" HEIGHT="164">
						<TextLine ID="line_24" HPOS="454" VPOS="968" WIDTH="512" HEIGHT="27">
							<String ID="string_184" HPOS="454" VPOS="970" WIDTH="30" HEIGHT="19" WC="0.90" CONTENT="att"/><SP WIDTH="22" VPOS="970" HPOS="484"/>
							<String ID="string_185" HPOS="506" VPOS="969" WIDTH="119" HEIGHT="21" WC="0.90" CONTENT="Ständerna"/><SP WIDTH="18" VPOS="969" HPOS="625"/>
							<String ID="string_186" HPOS="643" VPOS="969" WIDTH="64" HEIGHT="20" WC="0.96" CONTENT="måtte"/><SP WIDTH="18" VPOS="969" HPOS="707"/>
							<String ID="string_187" HPOS="725" VPOS="968" WIDTH="33" HEIGHT="21" WC="0.91" CONTENT="till"/><SP WIDTH="17" VPOS="968" HPOS="758"/>
							<String ID="string_188" HPOS="775" VPOS="968" WIDTH="61" HEIGHT="21" WC="0.95" CONTENT="Hans"/><SP WIDTH="15" VPOS="968" HPOS="836"/>
							<String ID="string_189" HPOS="851" VPOS="968" WIDTH="115" HEIGHT="27" WC="0.96" CONTENT="Kejserliga"/>
						</TextLine>
						<TextLine ID="line_25" HPOS="421" VPOS="1002" WIDTH="546" HEIGHT="28">
							<String ID="string_190" HPOS="421" VPOS="1002" WIDTH="103" HEIGHT="27" WC="0.71" CONTENT="Majestät"/><SP WIDTH="15" VPOS="1002" HPOS="524"/>
							<String ID="string_191" HPOS="539" VPOS="1003" WIDTH="50" HEIGHT="27" WC="0.95" CONTENT="ingå"/><SP WIDTH="15" VPOS="1003" HPOS="589"/>
							<String ID="string_192" HPOS="604" VPOS="1003" WIDTH="48" HEIGHT="21" WC="0.96" CONTENT="med"/><SP WIDTH="9" VPOS="1003" HPOS="652"/>
							<String ID="string_193" HPOS="661" VPOS="1003" WIDTH="91" HEIGHT="26" WC="0.95" CONTENT="petition"/><SP WIDTH="15" VPOS="1003" HPOS="752"/>
							<String ID="string_194" HPOS="767" VPOS="1003" WIDTH="76" HEIGHT="26" WC="0.96" CONTENT="derom,"/><SP WIDTH="16" VPOS="1003" HPOS="843"/>
							<String ID="string_195" HPOS="859" VPOS="1004" WIDTH="29" HEIGHT="19" WC="0.96" CONTENT="att"/><SP WIDTH="14" VPOS="1004" HPOS="888"/>
							<String ID="string_196" HPOS="902" VPOS="1002" WIDTH="65" HEIGHT="27" WC="0.95" CONTENT="nådig"/>
						</TextLine>
						<TextLine ID="line_26" HPOS="420" VPOS="1037" WIDTH="545" HEIGHT="26">
							<String ID="string_197" HPOS="420" VPOS="1037" WIDTH="129" HEIGHT="26" WC="0.94" CONTENT="proposition"/><SP WIDTH="18" VPOS="1037" HPOS="549"/>
							<String ID="string_198" HPOS="567" VPOS="1044" WIDTH="33" HEIGHT="14" WC="0.96" CONTENT="om"/><SP WIDTH="18" VPOS="1044" HPOS="600"/>
							<String ID="string_199" HPOS="618" VPOS="1037" WIDTH="119" HEIGHT="21" WC="0.95" CONTENT="utsättande"/><SP WIDTH="18" VPOS="1037" HPOS="737"/>
							<String ID="string_200" HPOS="755" VPOS="1037" WIDTH="24" HEIGHT="26" WC="0.92" CONTENT="af"/><SP WIDTH="14" VPOS="1037" HPOS="779"/>
							<String ID="string_201" HPOS="793" VPOS="1037" WIDTH="103" HEIGHT="26" WC="0.88" CONTENT="legohjons"/><SP WIDTH="14" VPOS="1037" HPOS="896"/>
							<String ID="string_202" HPOS="910" VPOS="1037" WIDTH="55" HEIGHT="26" WC="0.91" CONTENT="flytt-"/>
						</TextLine>
						<TextLine ID="line_27" HPOS="421" VPOS="1071" WIDTH="545" HEIGHT="27">
							<String ID="string_203" HPOS="421" VPOS="1071" WIDTH="96" HEIGHT="27" WC="0.92" CONTENT="ningstid"/><SP WIDTH="14" VPOS="1071" HPOS="517"/>
							<String ID="string_204" HPOS="531" VPOS="1071" WIDTH="32" HEIGHT="21" WC="0.95" CONTENT="till"/><SP WIDTH="14" VPOS="1071" HPOS="563"/>
							<String ID="string_205" HPOS="577" VPOS="1071" WIDTH="39" HEIGHT="22" WC="0.95" CONTENT="den"/><SP WIDTH="17" VPOS="1071" HPOS="616"/>
							<String ID="string_206" HPOS="633" VPOS="1073" WIDTH="6" HEIGHT="19" WC="0.95" CONTENT="1"/><SP WIDTH="11" VPOS="1073" HPOS="639"/>
							<String ID="string_207" HPOS="650" VPOS="1071" WIDTH="113" HEIGHT="22" WC="0.96" CONTENT="December"/><SP WIDTH="10" VPOS="1071" HPOS="763"/>
							<String ID="string_208" HPOS="773" VPOS="1071" WIDTH="64" HEIGHT="21" WC="0.96" CONTENT="måtte"/><SP WIDTH="11" VPOS="1071" HPOS="837"/>
							<String ID="string_209" HPOS="848" VPOS="1071" WIDTH="55" HEIGHT="26" WC="0.93" CONTENT="först"/><SP WIDTH="9" VPOS="1071" HPOS="903"/>
							<String ID="string_210" HPOS="912" VPOS="1077" WIDTH="54" HEIGHT="15" WC="0.92" CONTENT="sam-"/>
						</TextLine>
						<TextLine ID="line_28" HPOS="421" VPOS="1105" WIDTH="399" HEIGHT="27">
							<String ID="string_211" HPOS="421" VPOS="1106" WIDTH="154" HEIGHT="21" WC="0.92" CONTENT="manträdande"/><SP WIDTH="14" VPOS="1106" HPOS="575"/>
							<String ID="string_212" HPOS="589" VPOS="1105" WIDTH="91" HEIGHT="22" WC="0.91" CONTENT="Ständer"/><SP WIDTH="14" VPOS="1105" HPOS="680"/>
							<String ID="string_213" HPOS="694" VPOS="1105" WIDTH="126" HEIGHT="27" WC="0.91" CONTENT="föreläggas."/>
						</TextLine>
					</TextBlock>
					<TextBlock ID="block_6" HPOS="287" VPOS="1145" WIDTH="369" HEIGHT="28">
						<TextLine ID="line_29" HPOS="287" VPOS="1145" WIDTH="369" HEIGHT="28">
							<String ID="string_214" HPOS="287" VPOS="1145" WIDTH="135" HEIGHT="28" WC="0.96" CONTENT="Helsingfors"/><SP WIDTH="15" VPOS="1145" HPOS="422"/>
							<String ID="string_215" HPOS="437" VPOS="1146" WIDTH="41" HEIGHT="21" WC="0.96" CONTENT="den"/><SP WIDTH="17" VPOS="1146" HPOS="478"/>
							<String ID="string_216" HPOS="495" VPOS="1147" WIDTH="25" HEIGHT="20" WC="0.96" CONTENT="11"/><SP WIDTH="15" VPOS="1147" HPOS="520"/>
							<String ID="string_217" HPOS="535" VPOS="1145" WIDTH="44" HEIGHT="28" WC="0.96" CONTENT="Maj"/><SP WIDTH="17" VPOS="1145" HPOS="579"/>
							<String ID="string_218" HPOS="596" VPOS="1146" WIDTH="60" HEIGHT="22" WC="0.96" CONTENT="1885."/>
						</TextLine>
					</TextBlock>
				</ComposedBlock>
				<ComposedBlock ID="cblock_3" HPOS="671" VPOS="1190" WIDTH="194" HEIGHT="29">
					<TextBlock ID="block_7" HPOS="671" VPOS="1190" WIDTH="194" HEIGHT="29">
						<TextLine ID="line_30" HPOS="671" VPOS="1190" WIDTH="194" HEIGHT="29">
							<String ID="string_219" HPOS="671" VPOS="1191" WIDTH="21" HEIGHT="22" WC="0.96" CONTENT="J."/><SP WIDTH="15" VPOS="1191" HPOS="692"/>
							<String ID="string_220" HPOS="707" VPOS="1191" WIDTH="26" HEIGHT="22" WC="0.95" CONTENT="R."/><SP WIDTH="16" VPOS="1191" HPOS="733"/>
							<String ID="string_221" HPOS="749" VPOS="1190" WIDTH="116" HEIGHT="29" WC="0.94" CONTENT="Vuolijoki."/>
						</TextLine>
					</TextBlock>
				</ComposedBlock>
				<ComposedBlock ID="cblock_4" HPOS="287" VPOS="1243" WIDTH="467" HEIGHT="26">
					<TextBlock ID="block_8" HPOS="287" VPOS="1243" WIDTH="467" HEIGHT="26">
						<TextLine ID="line_31" HPOS="287" VPOS="1243" WIDTH="467" HEIGHT="26">
							<String ID="string_222" HPOS="287" VPOS="1243" WIDTH="10" HEIGHT="21" WC="0.93" CONTENT="I"/><SP WIDTH="16" VPOS="1243" HPOS="297"/>
							<String ID="string_223" HPOS="313" VPOS="1243" WIDTH="151" HEIGHT="21" WC="0.92" CONTENT="ofvanstäende"/><SP WIDTH="16" VPOS="1243" HPOS="464"/>
							<String ID="string_224" HPOS="480" VPOS="1243" WIDTH="129" HEIGHT="21" WC="0.93" CONTENT="reservation"/><SP WIDTH="15" VPOS="1243" HPOS="609"/>
							<String ID="string_225" HPOS="624" VPOS="1243" WIDTH="74" HEIGHT="22" WC="0.92" CONTENT="förena"/><SP WIDTH="16" VPOS="1243" HPOS="698"/>
							<String ID="string_226" HPOS="714" VPOS="1243" WIDTH="40" HEIGHT="26" WC="0.96" CONTENT="sig."/>
						</TextLine>
					</TextBlock>
				</ComposedBlock>
				<ComposedBlock ID="cblock_5" HPOS="286" VPOS="1299" WIDTH="612" HEIGHT="23">
					<TextBlock ID="block_9" HPOS="286" VPOS="1299" WIDTH="612" HEIGHT="23">
						<TextLine ID="line_32" HPOS="286" VPOS="1299" WIDTH="612" HEIGHT="23">
							<String ID="string_227" HPOS="286" VPOS="1299" WIDTH="88" HEIGHT="23" WC="0.87" CONTENT="Gabriel"/><SP WIDTH="14" VPOS="1299" HPOS="374"/>
							<String ID="string_228" HPOS="388" VPOS="1299" WIDTH="91" HEIGHT="22" WC="0.96" CONTENT="Anttila."/><SP WIDTH="242" VPOS="1299" HPOS="479"/>
							<String ID="string_229" HPOS="721" VPOS="1299" WIDTH="71" HEIGHT="23" WC="0.91" CONTENT="Jikka"/><SP WIDTH="14" VPOS="1299" HPOS="792"/>
							<String ID="string_230" HPOS="806" VPOS="1299" WIDTH="92" HEIGHT="23" WC="0.96" CONTENT="Hoikka."/>
						</TextLine>
					</TextBlock>
				</ComposedBlock>
				<ComposedBlock ID="cblock_6" HPOS="815" VPOS="1411" WIDTH="97" HEIGHT="12">
					<TextBlock ID="block_10" HPOS="815" VPOS="1411" WIDTH="97" HEIGHT="12">
						<TextLine ID="line_33" HPOS="815" VPOS="1411" WIDTH="97" HEIGHT="12">
							<String ID="string_231" HPOS="815" VPOS="1413" WIDTH="23" HEIGHT="10" WC="0.8" CONTENT="ed"/><SP WIDTH="18" VPOS="1413" HPOS="838"/>
							<String ID="string_232" HPOS="856" VPOS="1411" WIDTH="56" HEIGHT="12" WC="0.26" CONTENT="UL"/>
						</TextLine>
					</TextBlock>
				</ComposedBlock>
				<GraphicalElement ID="cblock_7" HPOS="320" VPOS="1443" WIDTH="500" HEIGHT="4"></GraphicalElement >
				<ComposedBlock ID="cblock_8" HPOS="419" VPOS="1445" WIDTH="343" HEIGHT="25">
					<TextBlock ID="block_11" HPOS="419" VPOS="1445" WIDTH="343" HEIGHT="25">
						<TextLine ID="line_34" HPOS="419" VPOS="1445" WIDTH="343" HEIGHT="25">
							<String ID="string_233" HPOS="419" VPOS="1454" WIDTH="96" HEIGHT="16" WC="0.95" CONTENT="Helsingfors,"/><SP WIDTH="10" VPOS="1454" HPOS="515"/>
							<String ID="string_234" HPOS="525" VPOS="1454" WIDTH="13" HEIGHT="13" WC="0.93" CONTENT="J."/><SP WIDTH="11" VPOS="1454" HPOS="538"/>
							<String ID="string_235" HPOS="549" VPOS="1454" WIDTH="15" HEIGHT="13" WC="0.90" CONTENT="C."/><SP WIDTH="9" VPOS="1454" HPOS="564"/>
							<String ID="string_236" HPOS="573" VPOS="1445" WIDTH="76" HEIGHT="23" WC="0.92" CONTENT="Frenckell"/><SP WIDTH="10" VPOS="1445" HPOS="649"/>
							<String ID="string_237" HPOS="659" VPOS="1445" WIDTH="11" HEIGHT="22" WC="0.93" CONTENT="&amp;"/><SP WIDTH="9" VPOS="1445" HPOS="670"/>
							<String ID="string_238" HPOS="679" VPOS="1454" WIDTH="34" HEIGHT="15" WC="0.94" CONTENT="Son,"/><SP WIDTH="11" VPOS="1454" HPOS="713"/>
							<String ID="string_239" HPOS="724" VPOS="1445" WIDTH="38" HEIGHT="22" WC="0.96" CONTENT="1885."/>
						</TextLine>
					</TextBlock>
				</ComposedBlock>
			</PrintSpace>
		</Page>
	</Layout>
</alto>
