1061 1717
329 94 240 24 Petitionsbetänkande
583 95 39 23 N:o
639 94 20 23 7.
812 96 27 21 13

119 162 34 22 för
170 161 76 21 inalles
265 161 28 22 92
310 161 64 27 sjuka
390 162 57 20 samt
463 168 27 14 en
508 161 125 22 kuranstalt
648 161 61 22 invid
724 161 86 27 Kuopio
825 160 44 22 för-

121 198 44 22 120
182 197 63 27 sjuka
259 203 91 15 numera
365 199 38 19 äro
420 196 115 23 inrättade.
567 198 98 21 Härmed
680 200 25 19 är
721 198 55 21 dock
792 197 78 22 endast

119 234 38 21 det
179 232 158 22 ofvannämnde
359 232 85 22 antalet
464 233 24 21 af
505 234 43 21 399
564 233 84 27 platser
663 234 99 26 uppnådt
777 233 40 21 och
833 233 38 21 det

119 269 119 27 trängande
253 268 102 22 behofvet
370 270 59 20 ännu
444 268 119 28 långtifrån
579 269 63 27 fyldt.

192 304 43 22 Det
249 304 68 28 gäller
333 305 33 21 att
382 304 62 22 raskt
459 304 120 22 fortskrida
594 305 49 21 med
660 304 179 28 genomförandet
849 304 24 22 af

120 342 42 20 den
178 340 56 22 1877
251 342 95 25 antagna
360 340 58 27 plan.
442 340 84 22 Härvid
541 343 25 19 är
582 341 106 21 särskildt
703 343 34 19 att
747 342 73 21 erinra
830 342 41 25 att,

120 377 78 22 medan
217 383 77 21 genom
315 376 27 22 de
362 376 140 28 nyinrättade
518 377 136 21 anstalterna
670 377 7 21 i
693 378 72 26 någon
780 383 51 15 mon
847 378 25 20 är

120 413 70 27 sörjdt
212 412 33 23 för
268 412 27 22 de
317 418 51 21 nyss
389 412 142 28 insjuknades
547 413 141 27 upptagande
707 413 40 21 och
762 414 111 20 närmaste

121 449 138 27 behandling,
282 449 84 21 bristen
385 449 28 26 på
431 449 85 27 platser
531 451 25 19 är
571 449 87 27 mycket
674 451 46 19 stor
737 449 33 21 för
785 449 27 21 de
828 449 44 21 sin-

120 485 109 27 nessjuka,
251 484 85 22 hvilkas
360 485 113 21 åkommor
497 485 85 27 antagit
597 491 27 16 en
637 485 119 27 långvarig,
771 484 102 27 vanligen

121 521 88 27 lugnare
225 520 63 28 form,
304 527 50 15 men
370 527 46 15 som
433 521 57 21 dock
506 521 73 22 fordra
595 527 27 16 en
639 522 70 20 större
724 521 53 21 eller
787 520 85 21 mindre

121 556 74 27 tillsyn
218 558 57 20 samt
296 557 111 20 dessutom
424 556 46 22 ofta
485 556 102 22 återfalla
603 557 7 21 i
626 556 108 27 häftigare
751 556 122 27 sjukdoms-

121 592 55 22 skof.
206 592 11 21 I
238 593 41 21 den
298 592 24 21 af
341 592 117 21 ständerna
477 593 117 26 godkända
614 593 52 26 plan
682 592 127 22 förutsättes
833 592 41 21 ock

122 630 34 19 att
171 627 134 22 anstalterna
319 628 8 20 i
342 627 86 28 Kuopio
445 628 40 21 och
496 628 148 22 Tammerfors
656 628 70 22 skulle
738 628 7 21 i
756 628 118 21 framtiden

121 663 100 28 utvidgas
242 665 33 20 att
291 663 91 22 omfatta
398 663 107 22 hvardera
520 664 59 21 ända
595 664 35 21 till
645 664 45 21 400
705 664 71 27 sjuka,
793 664 26 21 de
835 663 39 22 der

122 699 68 22 delvis
215 699 73 22 kunde
316 699 110 21 användas
450 699 35 21 till
506 699 214 27 jordbruksarbeten
744 700 40 21 och
807 699 69 22 andra

122 735 83 27 nyttiga
228 735 87 27 sysslor.
347 735 83 21 Genom
455 735 43 22 den
521 735 24 22 af
563 735 136 28 regeringen,
717 737 29 26 på
761 735 63 22 sidan
840 741 35 16 om

123 771 127 22 ständernas
266 771 58 27 plan,
339 771 103 21 beslutna
458 771 131 27 omändring
605 771 24 22 af
642 771 117 22 Kexholms
774 771 99 27 fängelse

123 807 34 21 till
178 813 26 15 en
225 807 46 26 asyl
286 806 34 22 för
336 807 44 21 100
395 807 102 21 kroniskt
513 807 141 28 sinnessjuka
670 807 56 22 skall
742 808 38 21 det
794 807 83 21 nämda

123 842 101 23 behofvet
240 843 7 21 i
258 844 70 26 någon
339 849 58 21 mon,
408 849 50 15 men
469 842 120 28 långtifrån
600 843 129 27 tillräckligt
740 843 135 27 tillgodoses,

124 878 112 22 allrahelst
251 878 217 22 kommunikationen
482 879 51 21 med
545 879 71 21 denna
632 881 34 19 ort
682 881 38 20 äro
731 879 84 27 ganska
825 878 50 22 obe-

123 917 69 24 qväm.
223 914 82 22 Genom
321 916 34 20 att
370 914 8 21 i
394 914 97 27 enlighet
507 915 50 21 med
569 915 41 21 den
623 915 57 22 1877
692 916 94 26 antagna
796 914 80 27 planen

123 952 96 20 närmast
237 950 74 21 skrida
329 950 35 21 till
380 952 34 19 att
428 950 37 21 vid
482 950 148 22 Tammerfors
646 950 92 27 uppföra
753 957 27 15 en
796 950 80 21 kuran-

124 986 53 21 stalt
194 985 101 22 liknande
316 987 41 20 den
375 986 37 21 vid
429 986 88 27 Kuopio
533 988 58 20 samt
608 986 135 22 omfattande
761 986 43 22 100
819 985 57 28 plat-

124 1028 35 15 ser
181 1021 70 22 skulle
275 1022 18 27 ej
310 1021 69 22 heller
396 1021 103 22 behofvet
518 1021 24 22 af
560 1023 53 21 vård
628 1022 34 22 för
677 1022 102 21 kroniskt
793 1021 84 22 sinnes-

123 1057 96 22 rubbade
235 1057 69 28 fyllas,
319 1060 23 25 ty
358 1057 164 28 otvifvelaktigt
532 1059 69 20 måste
610 1058 7 21 i
628 1057 91 22 främsta
730 1059 94 20 rummet
835 1057 42 21 den

123 1093 35 22 för
180 1093 161 28 upptagningen
364 1093 24 22 af
409 1099 52 21 nyss
486 1093 131 28 insjuknade
643 1096 57 19 samt
725 1093 105 27 isolering
855 1092 24 21 af

124 1129 134 21 våldsamma
266 1129 63 27 sjuka
339 1129 93 22 ämnade
443 1129 114 28 afdelning
568 1129 110 28 uppföras,
688 1131 71 20 såsom
770 1129 63 21 äfven
841 1128 37 22 vid

125 1164 85 27 Kuopio
226 1165 65 21 skett.
322 1165 118 21 Dessutom
455 1171 53 16 vore
525 1165 196 28 oändamålsenligt
736 1167 34 20 att
790 1164 89 27 vidtaga

125 1200 49 21 med
197 1200 70 21 denna
289 1207 42 20 nya
354 1200 89 27 anstalt,
463 1200 69 22 innan
553 1201 124 22 erfarenhet
694 1201 85 21 kunnat
794 1199 84 28 vinnas,

125 1242 35 15 om
177 1235 148 28 inrättningen
340 1235 24 22 af
377 1236 87 27 Kuopio
480 1237 84 21 anstalt
580 1238 121 20 motsvarar
714 1235 125 23 ändamålet
849 1248 30 2 —

125 1278 28 16 en
169 1272 167 28 omständighet,
352 1278 48 15 som
416 1271 64 23 äfven
496 1272 26 22 af
536 1273 57 22 1877
604 1273 36 21 års
651 1273 88 21 ständer
750 1271 130 29 uttryckligt

127 1308 106 22 betonats.

194 1343 105 22 Deremot
313 1343 48 28 låge
377 1346 53 19 nära
446 1344 35 21 till
491 1344 72 22 hands
572 1346 33 20 att
616 1344 134 22 omedelbart
760 1344 75 22 skrida
845 1343 35 21 till

126 1386 28 15 en
169 1379 128 27 utvidgning
311 1379 24 22 af
349 1380 109 21 anstalten
474 1380 38 21 vid
523 1380 94 28 Kuopio,
626 1381 72 21 såsom
708 1380 172 27 petitionärerne

127 1414 118 28 föreslagit.
277 1414 83 22 Genom
376 1421 28 15 en
420 1415 68 21 sådan
505 1416 130 27 utvidgning
650 1416 73 22 kunde
739 1416 44 22 200
798 1415 83 27 platser

127 1450 76 22 vinnas
224 1450 34 22 för
277 1457 27 15 en
322 1450 96 22 kostnad
432 1450 25 22 af
470 1451 144 28 4—500,000
630 1452 69 27 mark,
715 1452 79 21 medan
809 1457 28 16 en
852 1456 29 21 ny

194 1492 107 20 Allmänna
317 1492 178 21 besvärsutskottets
512 1493 118 20 betänkande
645 1493 40 21 N:o
702 1494 17 20 6.
