1061 1717
242 77 28 22 12
418 86 11 1 —
433 80 252 24 Petitionsbetänkande
697 81 51 22 N:o
755 80 35 22 53.

208 144 93 28 görning
317 146 94 22 varande
427 146 173 23 industriskolan
616 147 7 22 i
639 142 45 27 Äbo
701 148 142 27 vidkommer,
859 147 42 21 kan
915 146 44 28 jag,

207 181 50 21 med
281 181 82 22 fästadt
386 182 102 22 afseende
512 183 37 21 vid
573 184 27 21 de
623 190 42 21 nya
686 183 208 22 industriskolornas
911 184 49 20 rent

207 217 115 27 praktiska
337 218 62 28 syfte,
411 218 47 22 icke
470 218 99 23 förmoda
580 221 66 20 annat
657 222 27 19 än
696 221 33 19 att
740 219 135 27 regeringen,
886 219 73 26 hvarje

207 252 94 27 petition
317 253 94 28 förutan,
428 255 55 21 skall
496 256 85 22 skänka
590 256 63 21 dessa
661 255 194 27 läroinrättningar
866 255 34 21 för
910 254 48 22 fack

204 288 100 28 bildning
319 296 27 15 en
361 290 24 21 af
399 290 37 22 det
459 291 114 27 praktiska
589 291 100 22 behofvet
704 291 104 27 betingad
824 290 130 27 utveckling.

206 324 42 28 Jag
271 325 42 22 kan
336 326 84 22 säledes
440 326 48 22 icke
504 327 69 22 heller
589 326 59 22 finna
663 328 42 21 den
721 327 24 21 af
759 327 108 21 utskottet
882 327 76 27 gjorda

207 360 178 24 modifikationen
406 362 25 22 af
450 363 184 27 petitionärernes
655 363 102 22 anhällan
779 363 93 21 rörande
888 362 70 22 tekni-

206 397 40 21 ska
262 397 123 23 realskolan
402 398 6 22 i
425 393 47 27 Äbo
488 399 91 27 lämplig
594 399 54 22 eller
662 399 131 27 nödvändig.

281 433 10 22 I
307 433 53 28 följd
382 434 24 22 af
424 435 57 22 hvad
500 435 39 28 jag
553 435 47 22 haft
616 437 51 20 äran
684 435 77 22 anföra
777 436 66 27 vågar
855 435 38 27 jag
908 435 49 21 där-

206 469 33 22 för
254 470 112 22 vördsamt
382 470 81 23 föreslä

379 506 34 21 det
432 506 81 23 landets
531 507 114 28 höglofliga
666 507 90 22 ständer
770 507 51 21 ville
837 507 71 22 lämna
918 506 38 27 fö-

394 542 126 29 religgamde
532 543 93 27 petition
640 544 56 21 utan
712 542 109 28 afseende.

484 591 83 28 August
583 590 95 29 Ramsay.

280 638 10 21 I
306 637 136 23 förestående
458 639 134 22 reservation
609 639 93 27 deltaga.

265 678 32 29 Hj.
313 679 89 22 Schildt.
472 680 26 22 A.
514 680 126 28 Helsingius.
709 679 79 22 Viktor
803 674 93 33 Öhberg.

275 1480 116 31 Helsingfors,
405 1477 65 25 Weilin
484 1485 14 17 &
511 1485 50 17 Göös'
573 1484 237 22 Boktryckeri-aktieholag,
824 1485 52 17 1885.
