1061 1717
310 109 106 22 Petitions
432 109 141 23 betänkande
588 110 37 22 N:o
644 109 34 23 25.
819 112 23 19 11

120 172 36 19 den
168 173 46 23 gifta
227 174 89 22 qvinnans
329 174 230 23 egendomsförhållanden
573 175 34 18 och
622 175 162 23 förvaltningsrätt
796 174 29 19 till
838 175 35 17 den

119 202 91 23 egendom
223 202 35 23 gift
270 203 67 22 qvinna
349 208 45 18 eger
406 209 40 13 som
458 204 33 18 vår
503 204 117 23 lagstiftning
632 204 133 23 beklagligtvis
778 204 39 18 står
825 209 49 18 myc-

118 231 34 18 ket
169 231 48 18 efter
235 232 28 17 sin
275 232 36 22 tid;
328 232 34 18 och
374 238 43 12 man
430 233 34 18 har
478 232 72 18 derföre
563 234 38 16 rätt
614 235 28 15 att
654 232 20 18 af
685 232 140 24 lagstiftningen
837 232 36 18 for-

119 259 34 19 dra
165 262 28 16 att
209 260 36 18 den
261 261 60 21 söker,
334 261 60 18 såvidt
406 262 73 22 möjligt
490 263 26 21 är,
529 262 84 22 afhjelpa
625 262 23 17 de
660 262 7 17 i
680 261 51 19 detta
744 260 89 19 afseende
845 260 29 18 för

118 289 117 17 närvarande
248 289 81 18 rädande
343 290 180 18 missförhällanden.

188 318 35 17 Väl
241 318 37 18 kan
297 319 84 22 gvinnan,
400 319 27 17 dä
442 319 37 18 hon
497 319 83 18 inträder
592 320 6 16 i
610 319 110 23 äktenskap,
739 325 67 17 genom
825 324 14 13 s.
856 319 18 17 k.

119 345 186 24 äktenskapsförord,
325 349 84 16 närmare
429 348 102 18 bestämma
547 354 29 12 om
589 348 29 18 sin
630 348 91 22 egendom
734 349 35 17 och
782 348 42 18 dess
836 348 37 18 för-

119 374 93 24 valtning;
224 381 43 12 men
279 376 130 18 erfarenheten
422 377 34 17 har
469 376 49 18 visat
529 379 28 16 att
569 377 61 18 denna
642 378 63 22 utväg,
718 377 20 18 af
748 377 37 17 lätt
796 376 79 18 insedda

121 402 46 23 skäl,
186 404 60 18 sällan
265 404 97 23 tillgripes.
386 406 38 17 Det
442 408 21 15 är
479 405 73 18 derföre
565 406 114 22 nödvändigt
692 408 28 16 att
732 405 142 23 lagstiftningen

119 432 35 18 här
165 432 89 24 ingriper,
266 434 61 18 sävidt
338 434 32 18 det
382 437 53 15 rörer
447 435 161 23 förvaltningsrätt
620 435 29 18 till
662 435 97 22 egendom,
771 440 40 13 som
824 434 49 23 gvin-

120 466 37 13 nan
175 467 49 17 eger,
243 463 35 17 och
297 465 20 15 är
336 463 32 18 det
386 466 27 15 ett
429 463 144 24 önskningsmäl,
586 469 39 12 som
638 464 20 18 af
670 464 35 17 den
718 464 47 23 gifta
777 463 80 23 gvinnan
869 463 6 17 i

121 489 41 18 värt
178 490 45 19 land
241 491 40 18 ofta
298 492 84 23 uttalats,
400 494 29 16 att
447 492 37 18 den
501 492 109 23 förändring
622 493 6 16 i
641 492 32 18 vär
685 493 117 22 lagstiftning
818 492 56 17 mätte

121 518 89 24 vidtagas,
229 521 28 16 att
273 520 41 23 gift
331 521 71 22 gvinna
419 521 103 23 berättigas
537 523 29 16 att
577 521 49 22 sjelf
632 521 88 22 förvalta
732 521 37 18 den
779 521 94 23 egendom,

120 551 41 13 som
173 549 22 16 är
207 548 59 19 henne
278 549 81 19 enskildt
371 550 91 23 tillhörig.

190 578 65 24 Enligt
274 585 24 12 nu
311 580 88 23 gällande
411 580 55 23 lagar
478 585 45 18 eger
535 586 77 13 mannen
625 580 42 19 icke
680 582 37 17 rätt
729 582 29 16 att
769 579 106 20 bortskifta,

121 605 87 25 förpanta
227 608 47 18 eller
292 609 47 23 sälja
356 610 89 18 hustruns
458 610 86 18 enskilda
555 610 49 18 fasta
617 610 47 23 gods
677 610 11 17 å
700 609 64 18 landet
776 609 47 18 eller
832 607 43 24 jord

121 635 36 18 och
175 636 34 19 hus
222 637 6 17 i
241 637 66 18 staden
325 641 44 16 utan
388 639 88 18 hustruns
494 638 89 23 frivilliga
598 639 22 22 ja
638 639 35 18 och
692 637 123 23 underskrift;
833 641 42 13 men

123 663 84 20 deremot
219 671 44 18 eger
275 672 78 13 mannen
366 667 58 18 sådan
437 669 44 20 rätt,
494 667 59 18 såvidt
566 667 31 18 det
609 668 60 23 gäller
681 667 89 23 fastighet
779 670 39 15 som
830 671 45 13 sam-

122 693 48 19 fäldt
186 695 63 18 tillhör
262 695 59 24 begge
333 697 94 17 makarne.
451 696 30 18 Då
493 696 32 18 det
537 697 40 17 icke
591 699 20 15 är
623 701 39 13 mer
675 698 23 15 än
711 698 37 16 rätt
761 696 34 17 och
809 695 66 22 billigt,

123 724 28 16 att
162 723 78 18 hustrun
252 724 29 19 får
293 725 56 18 hafva
361 725 33 18 sitt
406 725 34 18 ord
452 725 48 22 med,
514 725 23 18 då
549 725 32 18 det
593 725 60 23 gäller
666 727 28 16 att
707 725 51 22 sälja,
771 724 68 18 belåna
851 723 24 18 el-

122 751 29 18 ler
168 752 88 24 bortbyta
275 753 36 18 den
329 754 92 23 egendom
439 754 40 18 deri
497 755 38 17 hon
552 755 35 17 har
599 754 90 23 giftorätt,
702 754 35 17 och
749 753 24 18 då
785 759 42 12 man
839 753 37 17 kan

122 779 71 20 förutse
206 784 28 15 att
247 787 22 12 en
281 782 97 19 föreskrift
389 783 7 17 i
408 783 55 23 lagen
476 789 29 12 om
518 785 28 16 att
558 783 88 18 hustruns
659 783 114 18 underskrift
785 782 35 18 och
829 787 46 12 sam-

123 809 54 22 tycke
195 815 44 13 vore
258 811 123 24 erforderliga
398 812 30 17 vid
446 812 111 23 försäljning
573 811 68 23 jemväl
658 811 20 18 af
689 811 99 18 makarnes
801 815 74 18 gemen-

123 842 71 14 samma
210 838 96 24 fastighet,
325 841 137 22 otvifvelaktigt
479 841 78 22 mången
576 841 48 22 gång
641 840 60 18 skulle
713 840 116 18 förekomma
842 839 34 18 och

124 865 67 20 hindra
208 868 109 24 lättsinniga
334 870 62 23 köpe-,
414 870 137 23 förpantnings-
564 869 46 18 eller
622 869 101 24 bytesaftal
737 875 29 12 om
778 869 98 18 makarnes

123 900 137 17 gemensamma
277 899 49 18 fasta
344 899 96 23 egendom,
459 899 35 18 och
512 901 28 16 att
558 905 41 12 man
618 898 106 23 derigenom
742 897 63 18 kunde
817 896 60 19 rädda

125 923 61 20 denna
200 927 91 22 egendom
303 927 19 18 åt
334 928 45 18 boet
391 929 35 17 och
439 928 77 22 barnen,
528 928 21 18 så
561 933 42 12 vore
616 927 99 23 högeligen
729 926 107 22 önskvärdt,
849 928 28 15 att

123 952 20 19 få
160 960 23 13 en
201 956 58 18 sådan
277 957 117 23 lagstiftning
412 957 29 18 till
460 956 60 23 stånd,
539 959 28 16 att
584 961 82 13 mannen
678 956 39 17 icke
729 956 36 17 har
777 955 52 18 makt
841 956 34 18 att,

122 985 48 17 utan
190 984 90 19 hustruns
301 986 99 23 samtycke,
420 985 109 22 bortskifta,
547 985 95 23 förpanta
660 985 44 18 eller
720 984 87 23 försälja
828 984 49 17 boets

120 1012 56 22 fasta
188 1013 89 22 egendom
289 1014 12 18 å
314 1015 63 18 landet
390 1015 55 18 eller
460 1015 56 22 jord
535 1015 39 18 och
594 1015 40 17 hus
653 1015 8 16 i
679 1014 86 17 staden.

191 1043 30 18 Då
239 1043 21 18 så
277 1043 67 24 många
356 1044 85 23 exempel
453 1044 6 17 i
472 1044 75 23 dagliga
559 1043 53 18 lifvet
624 1043 39 18 visa
676 1043 45 17 huru
735 1048 23 12 en
771 1041 107 23 oordentlig

123 1072 45 19 äkta
180 1077 41 13 man
234 1073 37 18 kan
284 1073 76 18 åsamka
372 1073 46 18 boet
430 1073 82 22 skulder,
525 1073 29 17 till
566 1073 72 17 hvilkas
650 1073 97 22 betalning
756 1072 70 23 jemväl
843 1071 32 17 hu-

123 1104 62 15 struns
198 1101 86 19 enskilda
296 1101 90 23 egendom
398 1102 38 17 kan
448 1101 99 23 tillgripas,
564 1104 44 15 utan
623 1104 28 15 att
664 1101 36 18 hon
712 1101 42 18 haft
766 1101 32 18 det
810 1101 68 17 minsta

123 1132 28 16 att
164 1130 59 18 skaffa
235 1131 42 18 med
291 1131 169 22 skuldsättningen,
472 1136 40 12 som
525 1130 39 18 ofta
576 1130 88 18 härleder
676 1130 29 23 sig
716 1131 42 17 från
766 1129 112 22 lättsinnigt,

124 1161 50 16 emot
185 1159 88 18 hustruns
286 1159 43 23 vilja
342 1160 34 17 och
389 1161 101 16 tvertemot
501 1160 71 17 hennes
585 1159 106 22 afrådande,
700 1159 93 23 ingångna
801 1159 77 22 borges-

124 1187 129 23 förbindelser,
267 1189 118 22 spelskulder
398 1194 15 12 o.
427 1188 43 23 dyl.,
483 1193 55 18 synes
551 1190 28 16 ett
587 1188 134 23 lagstadgande
730 1188 29 18 för
769 1186 109 24 skyddande

124 1217 21 18 af
156 1217 36 18 den
204 1217 47 23 gifta
264 1217 89 22 gvinnans
365 1219 38 16 rätt
415 1217 6 17 i
434 1217 52 18 detta
498 1217 34 18 fall
545 1222 44 13 vara
600 1217 20 18 af
631 1217 66 22 högsta
709 1216 59 18 behof
776 1215 103 24 päkalladt,

123 1245 7 18 i
143 1245 33 18 det
193 1245 54 23 syfte,
266 1247 29 16 att
311 1245 81 18 hustrun
404 1245 18 22 ej
434 1247 23 16 är
468 1245 75 23 skyldig
556 1247 28 16 att
595 1245 42 18 med
648 1245 32 18 sin
692 1245 86 17 enskilda
791 1243 89 24 egendom

123 1279 59 13 svara
194 1273 35 23 för
243 1274 52 23 gäld,
309 1279 40 13 som
360 1279 84 13 mannen
454 1274 62 18 under
528 1274 122 23 äktenskapet
661 1273 87 19 äsamkat
760 1273 46 21 boet,
820 1273 60 17 derest

124 1303 38 18 hon
174 1303 39 17 icke
225 1302 64 19 dertill
301 1304 30 22 sig
343 1304 127 22 uttryckligen
478 1303 109 22 förbundit.

194 1332 26 18 Pä
237 1332 61 23 grund
315 1332 20 18 af
352 1333 31 17 det
402 1332 78 18 anförda
494 1332 29 18 fär
533 1333 33 22 jag
581 1332 29 18 för
625 1332 32 18 det
672 1331 121 19 Hedervärda
805 1330 74 18 Bonde-

125 1361 76 19 ständet
212 1361 71 19 föreslä
294 1363 29 16 att
335 1361 105 18 Ständerna
452 1361 44 18 ville
508 1362 34 17 hos
551 1362 61 17 Hans
625 1361 134 23 Kejserliga
771 1360 110 22 Majestät

125 1390 6 18 i
144 1390 148 22 underdänighet
310 1390 76 18 anhälla
404 1390 32 18 det
454 1390 74 18 täcktes
546 1390 52 18 Hans
616 1389 104 23 Kejserliga
738 1388 89 23 Majestät
842 1387 39 18 läta

125 1419 92 21 utarbeta,
235 1418 29 18 för
283 1421 28 15 att
328 1418 29 18 vid
376 1418 154 18 nästkommande
549 1418 89 23 landtdag
650 1418 105 20 Ständerna
766 1417 115 22 föreläggas,

194 1452 140 24 Laguitskottets
346 1453 117 17 betänkande
476 1454 36 17 N:o
525 1454 27 17 10.
