1061 1717
230 104 27 18 VI

208 163 31 17 för
257 163 159 24 ordningsrätten
429 164 6 18 i
448 164 121 18 Mariehamn
586 166 28 16 att
626 166 86 22 upptaga
724 162 167 25 sjöförklaringar,

208 191 48 18 eller
269 192 113 18 alternativt
394 192 79 19 dermed
486 198 32 13 om
526 193 110 19 inrättande
644 193 22 18 af
672 190 158 20 rädstufvurätti
837 196 54 17 nyss-

207 221 84 18 nämnde
303 222 44 17 stad
363 231 2 4 <
385 232 2 3 <
408 232 2 4 <
429 232 4 4 +
463 232 15 4 k
498 232 26 4 k
543 228 348 8 Ken

344 250 95 18 Finlands
452 251 94 18 Ständers
557 250 135 24 underdäniga
703 249 85 24 petition
800 248 83 18 rörande

310 278 118 24 befogenhet
440 279 33 18 för
486 279 159 23 ordningsrätten
658 279 3 18 i
670 278 126 19 Mariehamn
807 278 29 17 att
844 282 47 18 upp-

310 308 46 22 taga
368 308 162 24 sjöförklaringar

276 336 105 18 Allmänna
400 336 187 19 besvärsutskottets
605 336 128 22 betänkande,
754 336 37 17 N:o
807 336 27 22 26,
847 335 43 17 med

207 364 107 24 anledning
332 364 22 18 af
370 366 29 16 ett
415 365 54 18 inom
487 365 147 18 Bondeständet
650 365 58 18 väckt
720 363 171 24 petitionsförslag

207 398 31 12 om
251 392 109 19 inrättande
372 394 22 18 af
404 399 24 13 en
438 394 163 24 jordbruksskola
612 394 25 23 pä
649 388 65 23 Äland
729 403 1 3 -
749 403 4 3 +
773 402 4 4 +
797 402 3 4 +
819 402 4 4 +
842 402 4 4 +
865 402 4 4 +
888 402 3 4 >

343 422 94 19 Finlands
450 423 93 18 Ständers
555 422 135 24 underdåniga
702 422 90 23 petition.

275 451 105 18 Allmänna
397 451 185 19 besvärsutskottets
600 451 127 23 betänkande,
746 451 37 18 N:o
802 451 28 22 27,
847 451 43 17 med

206 479 108 24 anledning
331 480 22 17 af
369 482 28 16 ett
415 480 52 19 inom
479 481 146 18 Bondeståndet
642 481 60 18 väckt
720 479 170 24 petitionsförslag

206 509 101 22 angående
322 509 58 18 fisket
395 509 3 18 i
411 509 137 24 Lappmarken
564 519 3 4 +
586 519 4 4 »
608 519 27 4 «+
655 519 26 4 ss
724 505 12 33 «<
747 519 27 4 ss
796 518 26 4 sr
841 518 49 4 rer

341 538 89 18 Rättelse
442 538 31 18 till
486 539 112 17 detsamma.

274 566 105 18 Allmänna
398 567 185 18 besvärsutskottets
600 567 129 22 betänkande,
747 567 37 18 N:o
799 566 28 21 28,
846 565 44 18 med

205 595 108 24 anledning
324 595 23 18 af
356 597 28 16 ett
396 595 52 18 inom
460 595 148 18 Bondeståndet
613 595 59 18 väckt
678 595 173 24 petitionsförslag
858 601 32 11 an-

204 624 75 23 gående
287 624 89 23 eftergift
382 625 32 17 för
420 625 11 17 ä
438 625 85 17 kronans
528 625 55 17 mark
590 625 83 22 anlagda
684 623 205 24 nybyggeshemman.

273 653 203 18 Ekonomiutskottets
487 653 126 21 betänkande,
625 653 36 18 N:o
674 652 146 23 8,ianledning
828 651 23 18 af
857 651 33 18 två

204 682 54 17 inom
270 681 95 24 Borgare-
378 682 36 18 och
427 682 151 18 Bondestånden
593 682 70 18 väckta
674 681 173 25 petitionsförslag
859 686 31 13 om

205 710 134 24 upprensning
351 710 22 18 af
383 710 127 18 Taivalkoski
522 710 41 18 fors
579 710 3 18 i
594 711 59 18 Kemi
666 710 29 18 elf-
726 706 11 32 «<
747 719 4 4 -
771 719 3 4 +
795 719 3 4 =
817 719 4 4 +
841 719 3 4 >
863 719 4 4 +
885 719 4 4 +

341 739 94 18 Finlands
448 739 93 18 Ständers
553 739 135 24 underdåniga
700 738 91 24 petition.

273 768 49 23 Lag-
335 768 37 18 och
384 768 203 18 Ekonomiutskottets
595 768 129 21 betänkande,
733 767 37 18 N:o
783 767 17 22 8,
809 768 6 16 i
824 767 64 17 anled-

204 797 48 23 ning
264 797 23 17 af
297 798 28 16 ett
336 796 31 18 till
378 797 147 18 Bondeståndet
541 797 85 23 ingifvet
645 795 170 25 petitionsförslag
831 795 57 24 angå-

204 825 49 18 ende
272 825 140 23 medgifvande
430 825 22 18 af
462 827 38 16 rätt
512 825 30 18 till
555 825 76 18 ökande
643 825 22 18 af
675 824 149 24 ängsskiftenas
837 823 52 18 antal

204 854 33 17 vid
249 853 121 24 anläggning
382 854 23 17 af
415 854 194 23 nybyggeshemman
628 864 4 4 +
653 864 2 3 -
675 864 3 3 +
699 862 189 6 «<<<
794 849 11 33 <
816 849 11 33 <
838 849 11 33 <
860 849 31 33 +

272 883 51 22 Lag-
341 882 37 18 och
395 882 203 19 Ekonomiutskottets
617 882 130 21 betänkande,
760 881 37 18 N:o
809 882 16 22 9,
838 881 7 18 i
857 887 32 12 an-

205 911 80 23 ledning
297 911 22 18 af
330 913 70 16 tvenne
408 911 32 18 till
448 911 147 18 Bondeständet
602 911 111 18 inlemnade
721 910 169 24 petitionsförslag

205 939 102 24 angäende
320 939 149 24 skattläggning
481 939 37 18 och
529 940 172 23 mantalssättning
713 940 23 17 af
747 940 96 23 krontorp
864 949 3 3 -
887 949 3 3 -

273 968 105 18 Allmänna
395 968 185 19 besvärsutskottets
599 968 128 23 betänkande,
747 968 36 17 N:o
801 968 28 22 29,
846 967 43 18 med

203 997 107 23 anledning
322 997 23 18 af
360 998 34 17 tvä
412 997 53 18 inom
478 997 146 18 Bondeständet
635 997 71 18 väckta
718 997 170 23 petitionsförslag

203 1026 101 23 angående
316 1025 88 24 uppbörd
413 1026 22 17 af
445 1026 124 18 kronorester
581 1026 6 17 i
599 1027 63 17 Norra
674 1026 38 18 och
725 1021 59 22 Östra
796 1025 90 18 Finland.

338 1054 96 18 Finlands
446 1055 93 18 Ständers
551 1055 135 24 underdäniga
698 1054 92 24 petition.

271 1083 50 23 Lag-
336 1083 36 18 och
384 1083 203 18 Ekonomiutskottets
604 1083 129 23 betänkande,
744 1083 37 18 N:o
795 1083 27 22 10,
835 1083 6 17 i
853 1089 32 11 an-

202 1111 82 24 ledning
296 1111 22 18 af
329 1113 27 16 ett
367 1111 30 19 till
413 1112 147 18 Bondeständet
575 1112 84 24 ingifvet
671 1111 173 25 petitionsförslag
856 1117 31 12 an-

202 1141 77 23 gäende
290 1140 127 23 afhjelpande
429 1141 23 17 af
462 1141 95 18 särskilda
568 1141 31 18 för
609 1141 118 24 jordbruket
739 1140 38 19 och
785 1140 85 18 äboarne
877 1141 12 16 ä

203 1169 106 23 kronojord
321 1169 86 23 menliga
418 1169 137 18 förhållanden
566 1179 3 4 +
589 1179 3 4 +
611 1179 3 4 +
682 1179 96 4 <<<
798 1179 94 3 <<<

270 1197 106 19 Allmänna
396 1198 185 18 besvärsutskottets
600 1198 129 21 betänkande,
742 1198 37 17 Nio
798 1198 27 22 31,
843 1198 43 17 med

202 1227 107 23 anledning
321 1228 20 16 at
349 1228 28 16 ett
388 1226 54 19 inom
454 1227 148 18 Bondeständet
609 1227 59 18 väckt
675 1227 174 24 petitionsförslag
857 1233 31 12 om

201 1256 92 18 förökadt
305 1255 117 24 statsanslag
433 1256 33 17 för
475 1256 155 18 döfstumskolan
642 1256 6 17 i
660 1255 82 24 Kuopio
769 1266 4 3 +
793 1265 95 4 --
838 1251 11 33 +
859 1251 11 33 +
881 1251 12 33 +

338 1283 94 19 Finlands
445 1285 92 18 Ständers
549 1285 132 24 underdäniga
693 1285 91 24 petition.

270 1313 106 17 Allmänna
394 1313 187 19 besvärsutskottets
599 1314 128 22 betänkande,
746 1314 37 17 N:o
801 1313 27 22 30,
845 1313 43 17 med

201 1342 108 22 anledning
321 1341 22 18 af
353 1342 72 17 tvenne
437 1342 53 17 inom
502 1342 94 23 Borgare-
608 1342 37 18 och
654 1342 156 18 Bondeständen
819 1342 69 17 väckta

201 1370 171 23 petitionsförslag
380 1375 32 12 om
424 1370 119 18 inrättandet
555 1371 22 17 af
581 1377 24 12 en
613 1370 136 24 finskspräkig
757 1370 135 18 handelskola.

269 1399 105 17 Allmänna
391 1399 186 18 besvärsutskottets
593 1399 130 21 betänkande,
742 1399 37 18 N:o
797 1399 28 22 32,
843 1399 45 18 med

199 1427 107 23 anledning
317 1427 22 17 af
349 1428 28 16 ett
388 1427 54 18 inom
454 1428 146 18 Bondeständet
608 1428 59 18 väckt
674 1427 175 25 petitionsförslag
856 1433 32 12 an-

199 1456 75 24 gående
287 1456 89 18 tekniska
388 1451 173 23 realskolani
525 1447 39 38 Åbo
574 1459 50 16 samt
635 1456 142 24 polytekniska
784 1456 104 19 institutet.

926 218 32 18 42.

926 391 32 19 43.

925 851 31 19 47.

925 938 32 19 48.

924 1024 30 19 49.
