1061 1717
216 74 28 22 70
396 74 238 23 Petitionsbetänkande
650 75 41 22 N:o
707 74 20 23 1.

254 139 32 22 På
302 140 69 27 grund
387 140 24 22 af
424 141 38 21 det
478 141 67 27 sagda
560 140 34 22 får
604 142 111 21 utskottet
726 140 113 23 vördsamt
849 140 89 22 föreslå:

365 183 33 21 att
421 182 172 28 ifrågavarande
613 182 95 28 petition
730 189 34 15 om
780 182 161 28 föreläggande

329 217 31 28 af
366 218 137 28 proposition
519 218 33 22 till
566 220 51 20 näst
626 218 209 23 sammanträdande
847 218 95 27 ständer,

330 255 33 21 att
378 261 26 15 en
417 254 176 29 föreningsbana
615 254 69 22 skulle
706 254 80 28 byggas
799 253 60 28 från
878 253 62 23 Wasa

324 289 96 29 jernväg
436 290 34 22 till
486 290 42 22 den
537 290 133 29 föreslagna
684 290 105 22 Savolaks
807 289 74 23 banan
896 289 45 23 icke

329 326 65 22 måtte
403 325 123 28 föranleda
541 326 39 28 till.
591 333 78 15 annan
685 326 78 28 åtgärd
772 325 60 28 från
842 326 98 22 ständer-

329 368 43 15 nas
387 361 55 26 sida,
458 364 31 20 än
504 363 33 21 att
553 362 122 22 ständerna
689 361 50 23 ville
755 361 37 23 hos
809 361 65 23 Hans
889 360 52 30 Kej-

329 396 80 29 serliga
433 397 106 29 Majestät
561 398 10 21 i
593 397 175 29 underdåmighet
793 397 90 22 anhålla
908 404 33 15 om

328 432 190 29 åvägabringande
533 433 30 28 af
576 433 84 23 teknisk
675 434 36 22 och
733 433 122 23 ekonomisk
869 433 71 23 utred-

330 469 58 28 ning
404 469 133 28 beträfande
553 469 134 29 lämpligaste
704 469 155 29 sträckningen
874 471 26 26 af
914 477 26 14 en

331 505 275 28 sammanbindningsbana
614 505 62 28 från
698 505 63 22 Wasa
771 505 95 29 jernväg
881 505 59 28 öfver

327 539 121 30 Jyväskylä
464 541 34 22 till.
512 541 104 22 Savolaks
631 541 74 23 banan
715 541 37 22 och
763 540 100 28 derifrän
877 549 61 15 even-

328 576 54 22 tuelt
396 577 75 22 vidare
486 577 36 22 till
536 579 60 20 östra
610 577 136 23 stambanan.

490 702 19 28 6,
526 703 12 22 7
555 704 40 22 och
611 703 20 22 8.

258 749 71 22 Dessa
353 752 34 20 tre
403 751 230 28 petitionsmemorial,
650 758 46 16 som
713 751 113 28 framlagts
843 752 6 21 i
868 751 71 22 skilda

184 785 71 27 ständ,
278 787 77 26 utgöra
376 789 32 19 ett
427 789 49 26 nytt
492 787 135 22 vittnesbörd
642 788 35 21 till
693 789 79 26 mänga
788 787 99 28 tidigare,
904 789 33 20 att

186 820 94 23 Karelen
296 822 40 21 har
352 824 32 20 ett
399 823 94 28 verkligt
508 823 67 22 behof
589 823 23 22 af
626 831 27 15 en
666 824 97 27 jernväg.

256 857 117 22 Alltsedan
390 859 57 22 1872
465 860 36 21 &rs
518 860 148 21 ständermöte
682 860 40 21 har
738 859 37 22 det
791 861 83 20 ansetts
885 866 51 15 vara

181 893 45 20 satt
246 895 61 20 utom
329 893 40 22 allt
389 894 81 28 tvifvel,
487 897 33 20 att
535 902 77 21 genom
628 895 95 22 Karelen
739 895 56 22 skall
811 895 80 28 byggas
907 902 27 15 en

182 928 121 23 stambana.
335 929 139 28 Tidpunkten
494 931 33 22 för
547 931 71 22 denna
639 932 80 21 tankes
736 931 146 22 realiserande
898 932 39 21 har

180 964 134 27 uppskjutits
338 966 84 27 endast,
439 968 91 21 emedan
551 967 75 22 landet
646 967 48 22 icke
715 967 86 22 mäktat
821 967 113 28 samtidigt

182 999 98 28 företaga
296 1001 74 22 alltför
386 1002 133 23 vidsträckta
532 1003 234 28 jernvägsbyggnader.

247 1036 154 33 Undantages
421 1038 198 29 bansträckningen
640 1039 223 28 Kaipiais-Kuopio,
879 1041 56 21 äter-

183 1073 34 20 stä
241 1072 7 21 i
269 1073 124 22 hufvudsak
414 1075 78 22 endast
512 1077 33 20 tre
567 1075 274 28 stambanesträckningar,
861 1076 73 21 hvilka

181 1107 57 22 varit
258 1108 130 28 ifrägasatta
410 1111 40 21 och
466 1113 53 19 utan
534 1111 74 22 tvifvel
624 1111 46 22 förr
685 1111 54 22 eller
755 1117 75 16 senare
846 1112 88 22 komma

178 1144 34 21 att
227 1143 92 24 utföras.

251 1179 67 23 Utom
336 1188 30 15 nu
381 1182 93 23 berörda
489 1183 56 21 bana
561 1189 79 21 genom
657 1183 95 22 Karelen
767 1183 40 22 och
823 1183 63 22 ofvan
897 1183 37 22 be-

180 1216 108 23 handlade
315 1219 281 28 sammanbindningsbana,
616 1221 78 20 väntar
719 1219 169 27 fortsättningen
912 1219 23 22 af

181 1252 42 21 den
239 1253 229 23 nordösterbottniska
484 1255 71 21 banan
570 1254 48 22 frän
635 1254 110 28 Uleäborg
760 1255 34 21 till
810 1255 84 22 Torneä
905 1256 28 27 pä

177 1287 122 23 utförande.

251 1324 139 24 Beträffande
409 1326 289 28 sammanbindningsbanan
714 1327 40 21 har
772 1327 109 21 utskottet
898 1333 33 15 re-

178 1360 43 21 dan
242 1360 81 22 uttalat
343 1361 35 27 sig
398 1362 89 28 derhän,
508 1364 33 20 att
561 1362 42 22 den
625 1362 47 22 icke
695 1362 7 21 i
718 1364 110 20 närmaste
843 1362 90 22 framtid

179 1395 44 24 kan
239 1396 154 28 ifrågasättas,
408 1397 134 27 ätmminsipue
554 1398 50 25 icky
619 1398 13 23 i.
640 1398 54 22 hela
709 1398 50 23 dess
770 1397 162 30 utsträckning.

245 1431 204 29 Bansträckningen
471 1432 203 28 Uleäborg-Torneä
691 1434 48 21 äter
753 1433 44 21 blir
812 1428 79 27 endast
905 1433 27 22 dä

251 1474 196 26 Jernvägsutskottets
464 1475 115 21 betänkande
595 1474 41 22 N:o
652 1477 18 19 3.
