1034 1659
218 119 27 20 14

185 183 35 21 vill
236 184 103 27 uppdraga
355 184 66 20 denna
437 185 20 19 åt
473 184 67 26 någon
556 184 61 20 redan
634 184 110 26 förefintlig
759 187 49 17 stats
824 184 47 21 eller
884 184 53 20 kom-

184 214 187 26 munalmyndighet
386 214 48 20 eller
449 214 64 27 skapa
528 221 25 13 en
569 222 29 19 ny
614 214 69 24 sådan,
703 214 97 20 liknande
816 214 33 20 det
864 214 74 21 norska

185 244 144 26 vaergeraadet.
353 244 34 20 Då
402 244 33 20 det
451 244 64 20 tillika
531 245 22 19 är
568 244 22 20 af
606 248 40 16 stor
662 245 41 26 vigt
719 247 29 17 att
763 244 16 27 ej
796 244 51 20 blott
862 244 75 27 möjlig-

185 276 48 24 göra
249 274 31 20 för
291 274 39 20 den
345 274 92 20 enskilda
453 274 155 26 välgörenheten
624 278 30 16 att
668 274 125 26 grundlägga
804 274 76 20 sådana
890 282 48 19 upp-

184 304 196 26 fostringsanstalter,
403 307 48 17 utan
471 304 54 20 detta
540 304 60 20 äfven
617 304 36 20 bör
668 304 65 20 såvidt
748 304 76 26 möjligt
839 312 98 19 uppmun-

184 337 47 21 tras,
251 334 63 20 måste
333 334 80 26 engång
433 334 32 20 för
479 334 41 20 alla
536 334 110 20 fastställas
662 334 64 20 under
741 334 70 20 hvilka
828 334 65 20 vilkor
908 335 29 19 så-

183 364 50 20 dant
249 364 32 20 får
296 364 34 20 ske
345 364 37 20 och
398 364 77 20 hvilket
485 364 108 20 understöd
604 364 22 20 af
636 364 115 20 statsmedel
764 364 57 20 dessa
833 364 104 20 inrättnin-

184 400 35 20 gar
235 394 71 20 kunna
326 394 96 26 påräkna,
438 395 27 26 på
480 394 33 20 det
529 398 29 16 att
574 394 92 20 enskilda
681 401 93 20 personer
789 394 47 20 eller
851 394 84 20 förenin-

183 430 40 20 gar,
247 431 41 13 som
309 424 44 20 med
374 424 66 20 denna
462 424 74 27 vigtiga
558 432 47 19 gren
628 424 22 20 af
667 424 116 26 filantropin
805 424 64 20 önska
892 427 46 24 taga

183 454 120 26 befattning,
319 454 27 27 på
361 454 86 20 förhand
462 454 33 20 må
510 454 72 20 kunna
594 456 48 25 göra
654 455 44 19 sina
707 454 139 26 beräkningar.
870 454 67 20 Fram-

184 484 32 19 för
231 483 38 21 allt
284 484 35 20 bör
334 487 64 17 staten
417 484 112 20 förbehålla
545 485 29 26 sig
590 488 29 16 att
634 484 56 21 öfver
705 484 41 20 alla
761 484 58 20 dessa
834 484 103 20 inrättnin-

184 520 41 20 gar,
247 520 46 14 vare
317 514 29 26 sig
367 517 30 17 att
419 514 24 20 de
465 516 111 25 upprättats
600 514 22 20 af
644 514 117 20 kommuner
778 514 48 20 eller
841 514 96 24 enskilda,

184 544 71 20 utöfva
271 551 24 13 en
311 551 89 19 noggran
415 544 120 27 inspektion,
552 551 40 13 som
609 544 41 20 kan
666 544 65 20 blifva
741 544 93 26 allvarlig
843 544 37 20 och
894 544 43 20 sak-

184 573 80 27 kunnig
286 574 70 20 endast
379 574 34 20 der
433 574 39 20 den
487 574 68 27 lägges
570 575 6 19 i
592 574 55 20 hand
662 575 27 26 på
705 574 30 20 för
751 574 114 20 ändamålet
880 574 57 20 utbil-

184 604 52 20 dade
252 604 174 27 statstjenstemän.

257 634 48 20 Men
327 634 40 20 alla
389 634 58 20 dessa
462 635 133 26 inrättningar
610 642 67 20 gagna
692 634 53 27 föga,
761 634 34 20 der
809 634 128 26 oförnuftiga,

184 664 129 26 egennyttiga
328 664 48 20 eller
392 664 99 21 sedeslösa
501 664 98 21 föräldrar
609 666 33 19 äro
654 664 139 21 oförhindrade
804 667 29 17 att
843 664 94 20 använda

184 694 45 20 sina
247 694 50 20 barn
313 694 30 20 till
359 694 68 26 tiggeri
442 695 37 20 och
495 695 63 20 andra
573 695 88 26 osedliga
677 694 100 24 ändamål,
793 694 61 20 hellre
867 696 26 18 än
909 697 29 17 att

184 724 105 26 uppfostra
305 724 43 20 dem
365 724 30 20 till
411 725 78 26 nyttiga
504 725 133 26 medborgare.
669 725 10 19 I
696 724 77 20 sådana
788 723 37 21 fall
836 724 35 20 bör
882 727 56 17 stats-

184 754 83 20 makten
288 754 61 20 hafva
363 756 40 18 rätt
418 757 29 17 att
462 755 83 20 beröfva
560 754 125 21 föräldrarna
700 754 191 20 mälsmannarätten
908 754 31 20 för

184 784 45 20 sina
250 784 51 20 barn
321 784 37 20 och
379 784 50 27 sörja
448 784 31 20 för
494 788 30 17 att
539 785 58 20 dessa
612 785 26 26 pä
654 787 63 17 annat
733 786 40 18 sätt
787 784 76 20 erhälla
878 784 61 26 nödig

184 813 125 27 uppfostran.
339 814 85 27 Förslag
443 814 31 20 till
489 814 162 27 lagbestämning
665 814 68 20 härom
752 814 57 26 ingår
824 814 113 26 visserligen

184 844 28 19 uti
228 850 26 13 en
270 844 6 19 i
291 844 57 20 dessa
369 844 61 26 dagar
445 844 30 20 till
491 844 113 21 Ständerna
624 844 137 21 öfverlemnad
777 844 61 26 nådig
852 844 86 26 proposi-

183 873 42 20 tion
241 873 38 21 och
294 873 101 21 föreskrift
410 874 68 20 härom
494 874 55 20 torde
565 874 76 20 således
657 875 17 26 ej
691 874 31 20 för
737 874 105 20 framtiden
859 873 79 20 komma

184 906 29 17 att
229 903 75 20 saknas
319 904 6 19 i
341 904 36 20 vår
392 904 132 27 lagstiftning,
540 912 45 12 men
602 904 153 26 bestämningen
765 910 32 13 om
808 903 50 20 huru
869 903 69 27 dylika

183 933 52 20 barn
259 933 104 20 framdeles
385 933 58 21 skola
465 934 71 20 vårdas
559 934 55 20 torde
636 936 57 18 ännu
714 934 49 20 böra
782 933 95 20 utfärdas.
908 932 30 20 Af

184 963 103 26 synnerlig
307 963 42 27 vigt
369 964 22 19 är
411 964 109 20 emellertid
535 967 29 17 att
580 964 40 20 alla
636 964 24 20 de
676 963 97 27 åtgärder,
789 970 42 13 som
847 963 90 26 vidtagas

183 992 31 20 för
230 992 40 20 den
285 993 128 20 vanvårdade
429 994 124 26 ungdomens
566 994 118 26 uppfostran
701 993 100 20 anordnas
812 993 22 19 så
845 996 28 16 att
885 992 53 26 skyl-

183 1022 94 26 digheten
293 1026 29 16 att
337 1023 52 26 sörja
405 1023 30 20 för
451 1024 87 20 barnens
553 1024 119 26 uppfostran
684 1023 44 20 icke
744 1022 83 27 aflyftes
842 1022 45 20 från
901 1022 37 20 för-

182 1052 99 24 äldrarne,
303 1056 28 16 att
352 1052 25 20 de
398 1053 43 20 icke
462 1053 72 21 befrias
555 1053 45 20 från
620 1054 39 19 den
675 1053 44 20 dem
735 1053 6 19 i
757 1052 73 20 sådant
845 1052 93 20 afseende

182 1082 108 26 åliggande
305 1082 100 27 naturliga
419 1083 81 27 pligten.
532 1083 49 20 Man
598 1083 35 20 bör
648 1082 125 21 förekomma
783 1085 30 17 att
823 1081 115 21 samhällets

182 1112 144 26 öfvertagande
346 1112 22 20 af
389 1112 24 20 de
434 1113 108 20 vanartade
558 1113 37 20 och
610 1112 129 21 vanvårdade
762 1112 86 20 barnens
868 1111 70 27 uppfo-

183 1144 56 18 stran
255 1142 38 20 blir
308 1149 25 13 en
349 1143 118 26 premiering
481 1143 22 20 af
518 1143 103 20 uselheten
637 1143 36 20 hos
689 1142 84 26 håglösa
788 1141 48 21 eller
845 1142 27 26 på
883 1142 55 26 dryc-

182 1171 95 27 kenskap
289 1172 81 26 begifna
385 1172 103 21 föräldrar.

255 1202 33 19 De
310 1202 125 26 synpunkter
450 1202 33 27 jag
498 1202 36 20 har
550 1202 61 20 ofvan
627 1202 110 20 framhållit
753 1203 34 18 äro
803 1201 84 20 anförda
902 1208 36 23 en-

182 1231 47 20 dast
249 1232 31 19 för
298 1235 29 17 att
345 1232 113 26 tydliggöra
478 1232 50 20 huru
548 1232 34 27 jag
597 1232 72 20 förstår
684 1232 39 20 den
739 1233 61 18 större
815 1230 122 21 omvårdnad

182 1261 34 26 jag
237 1268 60 13 anser
315 1261 46 21 från
382 1262 33 20 det
435 1262 113 20 allmännas
570 1262 43 20 sida
632 1262 49 20 böra
697 1261 64 27 gifvas
777 1260 108 21 vanartade
901 1260 37 20 och

182 1290 105 20 moraliskt
307 1292 127 20 vanvårdade
456 1292 55 20 barn.
543 1292 40 20 Det
598 1293 23 19 är
636 1291 105 27 själffallet
757 1294 29 17 att
801 1290 39 20 den
856 1290 83 26 flyktigt

182 1320 108 21 utkastade
305 1321 75 26 planen
395 1322 34 20 vid
445 1323 89 19 närmare
550 1322 131 26 bearbetning
697 1320 52 21 skall
765 1320 89 26 undergå
867 1320 72 20 talrika

182 1350 140 27 förändringar
343 1351 37 20 och
403 1351 180 27 kompletteringar.
616 1351 155 26 Hufvudvigten
796 1350 61 26 ligger
878 1350 61 26 derpå

182 1383 30 17 att
233 1380 131 21 statsmakten
387 1381 101 27 allvarligt
511 1385 82 23 antager
612 1382 30 25 sig
656 1381 59 19 dessa
730 1380 115 20 samhällets
861 1379 77 27 olycks-

182 1409 56 21 barn.
