1020 1653
810 124 12 18 3

89 181 71 18 nerhet
178 187 33 12 om
229 181 63 18 ofvan
310 181 120 20 framstälda
443 181 77 23 förslag
532 180 104 24 angående
649 181 92 24 stigning
753 181 12 19 å
776 181 68 18 lands-

90 212 39 21 väg
142 210 66 18 blefve
221 210 24 18 af
255 210 103 23 Regering
370 210 38 18 och
420 210 86 19 Ständer
518 210 109 24 godkändt.

158 238 106 24 Sjelffallet
280 238 65 19 skulle
361 238 59 19 dessa
432 239 147 24 vägbyggnads
590 238 117 24 ingeniörer
719 238 67 24 åligga
796 238 50 24 jem-

90 268 34 20 väl
136 267 168 24 öfveruppsigten
317 267 59 19 öfver
388 267 64 19 andra
464 268 88 23 arbeten,
565 273 44 13 som
622 267 32 19 stä
665 267 8 18 i
681 267 103 19 närmaste
794 272 52 13 sam-

91 296 54 18 band
156 296 46 18 med
214 296 39 18 den
266 296 101 24 egentliga
379 296 168 24 vägbyggnaden,
561 296 86 18 framför
659 296 37 18 allt
705 296 25 18 de
738 296 38 18 hos
785 301 33 13 oss
828 296 17 23 ej

91 325 65 18 sällan
165 324 94 24 felaktigt
267 324 147 19 konstruerade
422 325 183 24 brobygguaderna
614 325 38 18 och
661 324 96 24 färjorna.
773 324 75 19 Likasä

90 353 58 18 torde
160 353 60 18 dessa
232 353 104 18 fackmäns
349 353 124 18 medverkan
485 353 49 18 böra
543 359 49 12 vara
601 353 132 24 obligatorisk
742 353 62 19 äfven
813 353 35 18 vid

90 381 141 24 tilläfventyrs
249 381 136 24 uppkommen
398 381 58 24 fråga
473 387 33 13 om
522 381 121 24 förändring
655 381 49 19 eller
716 381 98 25 flyttniing
826 381 23 18 af

92 411 62 18 redan
172 409 109 20 bestäende
299 414 68 20 vägar.
392 410 36 19 Ett
440 410 75 24 vigtigt
527 410 107 24 äliggande
647 411 32 18 för
693 411 59 18 dessa
763 410 85 24 tjenste-

92 443 48 14 män
157 445 49 13 vore
224 439 33 19 väl
274 439 37 18 ock
324 441 30 16 att
366 445 73 18 genom
451 439 149 19 instruktioner
612 439 49 19 eller
672 439 27 24 pä
711 441 63 16 annat
785 439 64 24 lämp-

91 469 39 23 ligt
145 470 42 17 sätt
198 467 94 24 bibringa
304 467 203 23 landtbefolkningen
519 468 93 23 kunskap
626 474 33 12 om
671 468 34 19 det
717 470 54 16 rätta
783 469 62 17 sättet

93 497 32 18 för
137 497 161 23 landsvägarnas
311 496 112 19 underhäll.
448 497 25 23 Ej
492 497 65 18 sällan
574 497 66 18 finner
659 503 48 12 man
719 496 129 24 exempelvis,

93 526 98 18 hurusom
204 524 253 25 vägabygenadsskyldige
470 525 98 23 antingen
581 524 23 19 af
610 525 128 23 okunnighet
748 525 48 19 eller
804 524 44 19 der-

93 554 32 19 till
133 556 94 22 tvungna
235 554 24 18 af
265 560 25 12 en
299 554 42 18 lika
351 554 92 23 okunnig
452 554 185 23 förrättningsman
645 554 36 18 vid
690 554 159 23 landsvägarnas

94 583 102 24 afsyning,
213 582 113 19 försumma
341 584 31 16 att
384 582 95 19 använda
490 582 95 24 begvämt
597 582 98 24 ätkomlig
707 583 46 22 lera,
766 582 83 19 hvilken

94 612 25 24 pä
137 612 24 18 de
177 612 38 18 hos
233 617 32 13 oss
279 611 145 19 företrädesvis
437 610 165 20 förekommande
614 614 140 20 grusvägarna
766 617 48 13 vore
827 611 23 18 af

94 640 92 25 ypperlig
204 640 83 23 verkan,
304 640 73 18 medan
396 640 7 18 i
420 640 67 18 stället
505 640 46 18 med
569 642 55 16 stora
643 640 143 18 omkostnader
803 639 47 19 frän

95 669 48 18 vida
160 669 71 23 längre
250 667 82 20 afständ
344 669 68 23 släpas
431 674 48 17 grus
496 668 49 19 eller
561 670 13 16 t.
592 675 16 11 o.
622 675 25 11 m.
664 668 29 18 fin
709 668 51 19 sand
772 668 26 24 pä
812 668 39 18 den

97 697 59 19 deraf
167 697 57 18 förut
237 697 123 24 öfverfyllda
371 700 71 20 vägen.
455 707 22 2 —
489 697 159 24 Otvifvelaktigt
661 700 22 15 är
695 699 31 16 att
738 697 62 18 äfven
811 697 37 18 hos

95 732 34 13 oss
150 726 125 23 konstvägar
298 725 67 19 säsom
384 726 109 18 chausseer
514 726 48 18 eller
582 725 186 19 makadamiserade
788 729 63 20 vägar

96 755 108 18 framdeles
217 755 65 18 blifva
294 755 23 18 af
328 755 97 18 behofvet
437 754 105 24 päkallade
554 754 124 19 ätminstone
689 754 6 19 i
705 754 56 19 vissa
769 754 82 19 trakter.

96 785 31 18 De
144 784 59 18 korta
221 783 92 18 sträckor
331 783 23 18 af
370 783 56 18 detta
443 783 50 24 slag,
510 783 71 19 hvilka
592 783 63 18 redan
668 789 29 13 nu
709 783 73 23 finnas,
794 783 58 18 torde

95 813 63 18 hafva
176 813 77 18 lemnat
271 818 25 13 en
309 812 121 23 erfarenhet,
443 817 44 13 som
499 818 72 12 manar
583 814 31 16 att
626 812 97 18 fortsätta
735 812 46 18 med
792 812 58 19 deras

96 841 112 25 byggande.
228 841 170 24 Oundgängligen
410 841 72 23 nödigt
494 844 23 15 är
529 843 31 16 att
572 841 78 18 arbetet
661 841 74 18 härvid
744 841 54 18 ledes
808 841 45 18 med

96 871 122 18 fackmanna
236 869 64 24 insigt
319 870 38 18 och
376 871 31 17 att
419 869 98 19 särskildt
533 869 158 24 användningen
704 869 23 18 af
740 869 114 19 förhanden

96 899 90 19 varande
198 898 142 19 rudimaterier
352 899 89 23 grundar
453 899 32 23 sig
497 899 26 23 pä
535 898 125 19 omfattande
672 898 121 19 erfarenhet.

165 928 38 18 Om
221 927 63 19 ofvan
302 927 90 24 antydda
409 926 122 24 åligganden
545 927 50 18 böra
607 927 103 18 anförtros
724 927 21 18 ät
758 926 97 19 särskildt

97 956 94 19 anstälda
208 956 39 18 och
266 955 23 18 af
306 956 72 18 Staten
398 955 93 19 aflönade
508 955 222 24 byggnadsingeniörer
753 955 49 19 eller
823 961 33 12 om

98 985 59 18 dessa
174 984 123 23 åligganden
315 984 44 18 icke
379 984 67 17 kunde
465 984 133 18 öfverlemnas
612 983 21 18 åt
645 983 211 24 distriktsingeniörer

98 1013 35 19 vid
150 1013 54 23 Väg-
221 1013 38 18 och
275 1012 228 24 Vattenbyggnaderna,
520 1012 94 19 deröfver
626 1012 75 19 tilltror
711 1012 37 24 jag
759 1012 42 23 mig
813 1011 43 19 icke

99 1044 30 17 ett
146 1042 68 18 säkert
233 1041 97 18 omdöme.
354 1041 124 18 Hufvudsak
498 1044 23 15 är
538 1041 52 18 blott
608 1041 72 23 denna,
699 1043 31 16 att
746 1040 110 23 ledningen

98 1071 77 18 lemnas
192 1069 23 19 åt
231 1069 81 19 erfarna
330 1069 99 18 fackmän.
453 1069 144 24 Stadgandena
610 1069 104 24 angående
726 1075 130 18 personerna,

99 1099 21 18 åt
137 1099 70 18 hvilka
225 1098 109 23 ledningen
346 1098 109 23 anförtros,
471 1098 38 18 och
522 1104 33 12 om
568 1098 58 19 dessa
639 1103 107 19 personers
760 1097 97 24 aflöning,

99 1129 70 17 kunna
181 1127 133 24 naturligtvis
327 1126 25 25 på
364 1126 152 19 administrativ
529 1130 40 20 väg
581 1127 99 18 utfärdas.

168 1155 30 19 På
215 1156 67 23 grund
300 1155 24 18 af
339 1155 55 18 hvad
410 1155 37 24 jag
458 1155 47 18 haft
517 1158 49 15 äran
579 1155 71 18 anföra
664 1155 31 18 får
706 1155 36 24 jag
754 1155 105 18 vördsamt

100 1185 88 23 anhålla,
207 1187 31 16 att
254 1184 127 23 högvördiga
393 1183 154 20 Presteståndet
559 1184 47 19 ville
618 1184 109 19 medverka
739 1183 32 19 till
784 1189 24 13 en
821 1189 38 13 un-

101 1213 97 24 derdånig
210 1212 91 19 Petition
314 1213 74 23 derom,

307 1283 28 17 1:0
366 1284 34 20 att,
413 1283 61 18 sedan
486 1288 65 17 genom
563 1283 122 22 sakkunnige
696 1287 90 18 personer
795 1283 64 22 inför-

239 1311 87 22 skaffats
344 1311 103 22 utredning
464 1316 29 12 om
506 1311 22 18 de
538 1312 36 22 för
586 1309 50 20 våra
646 1309 141 25 förhållanden
800 1311 59 22 lämp-

241 1340 70 22 ligaste
328 1339 92 18 maximal
438 1340 112 22 stigningar
566 1340 36 22 för
620 1340 101 22 landsväg,
738 1340 122 22 Proposition

240 1366 59 20 måtte
309 1368 115 22 föreläggas
434 1368 230 18 nästsammanträdande
673 1368 89 22 Ständer,
771 1365 88 20 innehäl-

241 1396 57 18 lande
310 1398 26 16 ett
348 1396 70 22 tillägg
431 1396 31 18 till
475 1398 12 16 6
498 1396 15 23 $
525 1398 7 16 i
546 1397 145 22 Förordningen
703 1397 27 22 af
741 1396 35 18 den
789 1397 23 17 15
825 1396 36 18 Ja-

240 1425 60 18 muari
321 1425 55 21 1883,
394 1424 57 18 hvari
466 1425 120 22 faststäldes
607 1425 52 20 hvad
679 1430 40 15 som
740 1424 122 23 beträffande
