1034 1653
219 139 28 19 28

263 198 58 26 22:0)
345 199 34 19 att
400 197 64 21 Hans
488 197 131 29 Kejserliga
643 197 109 28 Majestät
774 199 70 19 måtte
861 204 81 21 genom

189 232 81 28 bidrag
293 240 26 14 ur
342 233 114 21 allmänna
479 234 74 21 medel
577 233 106 22 befordra
707 233 142 21 tillkomsten
872 232 26 22 af
911 240 31 20 ny

189 267 110 29 tidsenlig
316 268 108 28 byggnad
440 268 36 22 för
492 269 74 21 finska
581 271 89 19 teatern
685 268 8 21 i
709 268 151 28 Helsingfors.

262 305 58 26 23:0)
337 306 34 19 att
387 304 35 21 till
438 304 265 22 nästsammanträdande
720 304 96 21 Ständer
831 306 70 19 måtte
911 304 31 21 af-

189 338 58 21 låtas
263 339 69 28 nådig
348 340 142 27 proposition
514 347 37 14 om
572 340 70 21 sådan
658 340 97 27 ändring
770 339 7 21 i
794 339 147 28 legostadgan

190 373 26 21 af
229 374 44 21 den
293 376 27 19 30
344 375 94 21 Januari
467 377 56 19 1865
541 378 59 18 samt
615 375 7 20 i
639 375 163 28 förordningen
818 382 36 14 om
870 375 72 20 närin-

189 416 70 21 garne
276 409 25 21 af
315 410 43 21 den
375 413 25 18 31
419 410 61 21 Mars
498 413 65 23 1879,
579 413 35 18 att
629 410 147 21 innehafvare
793 410 26 21 af
831 411 110 20 värdshus

189 445 43 20 ock
255 445 258 29 utskänkningsställen,
538 447 40 20 där
601 446 148 28 rusgifvande
779 446 96 27 drycker
900 453 42 14 ser-

189 487 72 19 veras,
278 481 49 21 icke
343 481 61 29 finge
420 482 7 21 i
444 482 35 21 sin
502 482 84 21 rörelse
609 482 104 21 använda
734 483 74 20 såsom
824 481 117 28 betjening

189 516 123 28 ynglingar
327 517 55 21 eller
397 517 87 25 flickor,
500 517 79 21 hvilka
596 517 49 21 icke
662 517 46 28 fylt
724 519 26 19 21
769 519 31 23 år,
816 517 58 21 dock
890 517 50 21 med

188 552 81 20 sådant
299 552 123 29 undantag,
454 555 33 19 att
521 553 40 21 där
587 552 121 22 föräldrars
734 552 55 22 eller
815 552 126 22 målsmäns

189 586 116 29 skriftliga
321 589 117 27 samtycke
462 588 77 22 härtill
563 589 125 25 utverkats,
707 588 137 28 minderårig
861 595 80 21 person

189 622 52 21 från
263 623 42 21 och
320 624 53 20 med
389 623 65 29 fylda
472 626 26 18 18
515 626 24 19 år
555 624 60 28 finge
631 624 9 20 i
658 624 64 28 dylik
737 623 71 29 tjenst
824 623 116 25 anställas;

263 660 58 26 24:0)
346 661 35 18 att
404 660 44 20 den
472 660 135 27 treklassiga
631 659 89 28 privata
744 658 80 21 skolan
839 659 6 20 i
863 658 78 21 Marie-

189 693 69 21 hamn
274 695 70 20 måtte
361 694 131 29 öfvertagas
515 694 26 21 af
562 697 75 18 staten
661 695 41 20 och
727 694 147 21 sammanslås
890 694 50 20 med

189 729 44 20 den
257 729 69 22 redan
350 730 142 21 existerande
515 730 139 28 tvåklassiga
678 729 204 22 elementarskolan
906 729 35 21 till

190 766 33 19 ett
245 764 143 29 femklassigt
410 765 105 22 läroverk
539 766 51 21 med
614 766 62 21 såväl
700 765 55 22 real-
779 773 48 13 som
844 765 95 21 klassisk

189 799 53 22 linie
259 801 42 20 och
317 800 112 22 afslutade
454 801 89 26 kurser;
568 804 59 18 samt
650 803 34 19 att
708 801 80 21 skolan
810 801 60 28 finge
887 803 55 18 mot-

189 837 54 26 taga
259 837 74 20 såsom
349 836 74 21 elever
439 837 57 21 både
512 844 79 21 gossar
607 837 42 21 och
668 837 90 25 flickor;
775 836 117 21 äfvensom
908 838 33 19 att

190 870 125 22 Sordavala
330 871 167 29 privatlyceum
513 874 71 19 måtte
608 872 130 28 öfvertagas
754 872 22 21 af
793 874 74 19 staten
883 874 58 19 samt

189 906 109 28 utvidgas
314 907 35 21 till
366 909 33 19 ett
415 907 148 28 fullständigt
578 907 165 29 finskspråkigt
759 907 116 21 klassiskt-
886 907 53 20 eller

189 941 150 28 reallyceum
326 937 17 37 ;

262 978 58 26 25:0)
345 980 34 18 att
402 978 26 20 af
449 978 213 28 bevillningsmedel
686 978 124 21 understöd
834 978 26 20 af
876 980 64 22 3,000

188 1012 65 20 mark
270 1012 87 28 ärligen
372 1015 71 18 mätte
460 1013 96 28 beviljas
573 1013 27 21 de
617 1013 26 21 af
655 1013 89 21 landets
760 1013 181 28 folkhögskolor,

189 1054 48 13 som
254 1048 72 20 under
349 1055 29 14 en
401 1048 110 21 arbetstid
535 1049 26 21 af
582 1051 39 18 tvä
644 1051 24 18 är
689 1056 82 21 genom
788 1051 64 18 arten
867 1049 23 20 af
906 1049 34 20 sin

187 1083 164 28 undervisning
361 1083 59 22 visat
431 1084 35 28 sig
477 1084 105 21 befordra
593 1084 103 28 praktisk
703 1084 168 28 medborgerlig
882 1084 57 21 bild-

188 1117 65 28 ning;
278 1119 126 28 hvarjämte
431 1119 30 21 Vi
485 1120 86 21 anmält
591 1122 34 19 att
648 1122 33 19 ett
706 1119 84 28 belopp
815 1119 25 21 af
862 1121 78 24 24,000

188 1153 65 21 mark
269 1153 36 22 för
321 1156 30 23 är,
369 1155 55 20 eller
440 1155 81 20 inalles
547 1157 79 22 72,000
645 1155 72 25 mark,
734 1155 35 20 för
785 1156 52 19 ären
856 1157 83 18 1898—

189 1190 57 19 1900
265 1189 75 21 blifvit
356 1189 26 22 af
395 1190 43 21 Oss
462 1190 35 21 för
520 1190 172 29 ifrågavarande
710 1190 104 21 ändamål
831 1190 108 28 anslaget.

260 1225 59 27 26:0)
336 1227 35 19 att
386 1233 28 13 en
430 1226 86 21 komit6
541 1225 23 22 af
588 1225 143 28 sakkunniga
746 1232 108 21 personer
870 1227 70 19 mätte

187 1259 108 22 tillsättas
316 1259 3 21 i
335 1261 105 20 ändamål
464 1263 34 18 att
521 1261 128 21 undersöka
673 1261 43 21 och
735 1260 73 21 uttala
824 1261 34 28 sig
875 1261 66 20 huru-

187 1295 62 20 ledes
276 1296 45 20 åt
312 1291 15 37 i
345 1296 85 28 sedligt
453 1296 106 21 afseende
583 1297 145 21 vanvårdade
752 1297 43 20 och
818 1296 123 21 vanartade

187 1330 56 21 barn
259 1332 37 20 mä
312 1330 51 22 från
384 1332 39 20 det
447 1332 124 21 allmännas
595 1332 48 21 sida
665 1332 94 21 beredas
776 1331 94 29 lämplig
886 1338 55 21 upp-

186 1365 95 27 fostran,
308 1366 118 22 äfvensom
451 1369 34 19 att
511 1367 119 28 Styrelsen
656 1368 51 20 med
734 1366 93 29 ledning
851 1366 25 22 af
898 1366 43 21 den

185 1408 79 14 vunna
288 1402 150 28 utredningen
463 1404 70 19 mätte
556 1403 92 27 vidtaga
672 1402 65 22 däraf
760 1402 119 28 päkallade
896 1402 45 27 lag-

186 1436 127 28 stiftnings-
330 1437 42 21 och
388 1438 71 21 andra
475 1438 114 27 ätgärder;
