1009 1656
206 101 13 22 4

176 176 46 13 men
237 169 19 26 ej
273 169 81 21 erhållit
369 170 32 20 sin
417 170 55 21 förra
488 170 112 27 betydelse.
616 165 7 37 :
624 171 55 20 Frän
696 170 114 27 styrelsens
821 170 45 20 sida
878 170 50 20 skri-

177 199 36 20 der
229 206 47 14 man
292 200 31 19 till
339 200 96 21 reformer
451 204 49 16 utan
517 203 31 17 att
563 200 54 20 fästa
633 201 96 19 afseende
745 200 35 20 vid
795 200 26 20 de
832 200 32 20 till
874 201 53 19 skol-

177 229 121 20 läraremöte
321 230 90 20 samlade
434 231 94 20 lärarnes
551 231 60 20 åsikt.
643 231 38 19 Att
697 231 59 19 döma
772 230 22 20 af
807 230 67 20 denna
890 231 37 19 och

177 259 65 20 andra
259 260 173 25 omständigheter
448 267 63 19 synes
527 261 35 20 det
577 267 43 13 som
637 260 66 20 skulle
719 261 101 25 styrelsen
838 260 18 26 ej
867 260 61 20 hafva

177 289 118 20 förtroende
318 289 31 20 till
372 290 25 20 de
420 291 103 19 allmänna
546 290 199 25 skolläraremötena,
762 291 37 19 och
823 290 19 25 ej
865 290 63 20 heller

178 319 59 20 torde
253 319 60 20 deras
329 320 185 26 sammansättning
529 320 57 26 gifva
602 320 49 20 fulla
667 320 105 26 garantier
782 320 32 20 för
824 323 31 16 att
865 320 63 19 lärar-

179 356 36 13 nes
237 349 96 26 värkliga
352 350 103 26 majoritet
470 351 81 25 uppbär
566 350 25 20 de
608 351 22 19 af
643 353 82 17 mötena
739 350 92 20 uttalade
846 350 82 20 åsikter.

178 380 47 19 Men
247 387 32 12 om
298 381 23 18 sä
337 382 22 17 är
374 379 143 25 förhållandet,
535 383 23 17 är
573 380 36 20 det
624 380 60 20 äfven
700 380 46 20 med
762 380 80 26 hänsyn
859 380 69 19 därtill

178 412 31 17 att
231 409 123 20 samvärkan
377 411 73 20 mellan
474 411 102 25 styrelsen
600 411 38 19 och
660 410 26 20 de
705 411 26 25 på
747 410 83 20 skolans
846 410 82 19 område

178 439 156 26 tjänstgörande
349 447 125 19 personerna
489 443 62 23 utgör
567 443 28 17 ett
607 440 150 26 oundgängligt
769 440 66 20 vilkor
846 440 32 19 för
888 439 39 20 den

178 469 58 20 lärda
259 469 84 20 skolans
359 470 94 26 värkliga
470 470 86 25 välfärd,
573 470 166 26 oundgängligen
755 469 127 26 nödvändigt
898 472 30 17 att

179 506 24 13 en
219 499 66 21 sådan
300 499 139 21 förmedlande
454 500 49 20 länk
519 501 38 19 och
573 500 50 26 liflig
640 500 123 20 samvärkan
779 501 27 25 pä
821 500 57 20 detta
888 507 40 12 om-

178 529 50 20 räde
243 529 91 20 kommer
349 530 32 19 till
396 530 68 20 ständ.

250 559 83 26 Frågan
356 563 23 16 är
401 560 61 20 altför
486 560 66 26 viktig
571 561 37 19 och
623 560 103 20 beroende
742 560 23 19 åf
778 560 61 19 altför
854 561 74 24 många

179 589 174 26 omständigheter
368 589 32 20 för
415 592 31 18 att
462 590 21 19 vi
498 590 39 19 här
552 590 67 20 skulle
634 590 71 19 knona
720 593 50 22 göra
786 593 28 16 ett
826 589 102 20 bestämdt

178 619 78 26 förslag
280 619 31 20 till
335 619 214 21 missförhällandenas
573 620 139 25 aflägsnande.
743 620 26 20 Vi
791 619 49 26 vilja
855 619 73 20 endast

179 649 108 20 framhålla
307 652 30 17 att
352 657 47 13 man
415 650 59 20 äfven
491 650 79 20 utrikes
586 650 159 26 mängenstädes
761 650 75 20 skridit
852 650 30 19 till
898 651 28 18 ät-

178 679 81 26 gärder,
276 680 70 19 hvilka
362 680 60 26 bragt
436 680 88 20 sakerna
535 682 26 24 pä
572 687 24 13 en
608 681 67 19 bättre
686 680 35 20 fot.
738 680 40 20 Till
790 686 30 14 ex.
836 680 2 19 i
848 680 78 20 Frank-

179 709 50 25 rike,
246 710 85 19 hvarest
345 717 46 12 man
407 710 53 20 dock
476 710 47 20 sökt
539 710 132 20 centralisera
687 711 23 19 sä
725 710 82 26 mycket
823 716 42 14 som
881 710 47 25 möj-

178 739 39 25 ligt
240 739 7 20 i
273 740 113 25 styrelsens
409 740 84 25 händer,
509 743 23 17 är
558 740 35 20 det
618 740 73 26 högsta
715 740 212 26 skolstyrelsevärket,

180 769 77 21 conseil
268 769 106 27 superieur
384 769 25 21 de
419 770 137 20 Vinstruction
567 770 102 26 publigue,
682 769 144 26 organiseradt
837 769 90 25 sålunda,

180 802 31 18 att
226 800 95 20 lärarena
336 799 25 25 fä,
377 806 73 23 genom
466 800 40 26 val,
523 801 26 25 pä
565 800 46 26 fyra
626 801 34 19 ärs
676 800 30 19 tid
723 800 86 19 tillsätta
825 806 25 13 en
866 799 66 20 delaf

180 830 47 20 dess
246 830 135 20 medlemmar.
402 829 68 21 Äfven
486 830 46 20 med
547 830 80 20 mindre
642 829 174 26 genomgripande
832 829 96 25 ätgärder

180 860 37 19 har
235 867 48 13 man
298 860 82 26 lyckats
395 860 75 26 bringa
484 860 155 20 förhällandena
655 860 6 19 i
678 860 57 19 detta
750 859 96 20 afseende
861 860 26 25 pä
903 866 25 12 en

179 890 68 20 bättre
263 890 133 26 ständpunkt.
422 890 11 19 I
449 890 69 25 Norge
534 890 37 19 har
587 897 52 18 man,
655 889 80 21 oafsedt
745 889 65 20 andra
826 888 102 26 ätgärder,

179 919 80 20 förfarit
283 919 86 20 sålunda
392 922 31 17 att
445 920 101 26 styrelsen
563 919 75 20 tillsatt
653 926 25 13 en
694 919 76 20 komit6
786 918 31 20 för
832 921 31 17 att
878 926 50 18 upp-

178 952 51 23 göra
244 949 78 26 förslag
337 950 7 19 i
360 949 120 26 skolfrågor.
507 950 96 19 Komiten
619 950 38 19 har
673 949 62 20 sändt
750 949 35 19 det
800 949 24 19 af
836 948 92 20 densam-

178 986 33 13 ma
226 979 116 27 uppgjorda
362 980 99 25 törslaget
476 979 30 21 till
523 979 25 20 de
564 979 68 20 skilda
643 979 122 20 lärovärken
776 978 46 20 med
832 978 95 20 anhållan

178 1016 31 13 om
229 1009 62 20 deras
305 1009 106 20 utlätande
427 1009 102 20 däröfver.
561 1009 47 20 Med
624 1009 134 25 iakttagande
774 1008 23 20 af
810 1008 35 20 det
860 1008 67 20 berät-

177 1038 76 26 tigade,
277 1046 42 13 som
343 1039 67 25 ingått
431 1039 7 19 i
453 1039 62 20 dessa
530 1039 126 25 utlåtanden,
673 1039 38 19 har
726 1038 89 20 komiten
831 1038 97 26 uppgjort

177 1071 30 17 ett
230 1071 48 24 nytt
293 1068 82 26 förslag,
391 1069 79 19 hvilket
486 1068 116 20 sedermera
618 1069 144 19 öfverlemnats
779 1068 30 20 till
826 1068 101 25 styrelsen

177 1098 37 20 och
229 1098 195 26 representationen.

248 1129 37 19 Ett
308 1128 74 20 sädant
404 1128 153 26 förfaringssätt
573 1128 37 20 har
626 1128 60 20 äfven
702 1128 7 20 i
726 1129 46 19 värt
787 1127 49 20 land
852 1128 74 24 begag-

176 1160 46 18 nats
246 1160 27 24 pä
295 1158 65 21 andra
383 1158 164 20 administrativa
563 1158 101 20 omräden.
696 1158 41 20 Det
753 1158 37 19 har
806 1160 13 16 t.
836 1164 30 13 ex.
882 1157 44 19 blif-

175 1188 32 20 vit
222 1188 37 21 sed
275 1191 30 17 att
321 1188 101 27 styrelsen
433 1188 104 21 infordrar
548 1188 138 20 hofrätternas
697 1187 111 26 yttranden
820 1186 107 27 angäende

175 1218 23 19 af
218 1218 175 26 lagberedningen
415 1219 38 19 och
470 1219 69 25 andra
550 1218 98 20 komitöer
665 1218 77 25 afgifna
757 1217 84 26 förslag,
857 1217 70 19 hvilka

174 1251 47 17 röra
237 1248 134 20 rättsvärden
386 1249 7 19 i
409 1248 76 27 landet,
502 1248 62 20 innan
582 1248 88 20 Senaten
687 1247 50 26 själf
750 1254 32 13 om
798 1247 46 19 dem
860 1247 66 20 beslu-

174 1280 32 17 ter
222 1278 51 20 eller
289 1281 80 23 uppgör
384 1278 126 26 proposition
527 1278 29 19 till
570 1278 122 20 Ständerna.
716 1277 77 20 Likasä
802 1277 38 19 har
850 1276 77 20 Landt-

173 1308 177 26 mäteristyrelsen
366 1307 102 21 infordrat
483 1308 222 19 länelandtmätarenas
721 1307 107 20 utlåtande
844 1313 30 13 om
891 1306 42 20 ko-:

173 1337 127 26 miteförslag
315 1338 37 19 och
368 1338 215 25 Fängvärdstyrelsen
599 1344 36 19 ger
649 1337 42 20 ofta
703 1337 7 20 i
721 1337 95 26 uppdrag
826 1337 22 19 åt
858 1337 67 24 någon

172 1367 187 26 fängelsedirektör
374 1370 31 19 att
421 1370 94 23 uppgöra
530 1367 77 26 förslag
622 1367 31 20 till
665 1368 69 24 nägon
745 1367 74 19 reform
831 1367 26 25 pä
868 1366 57 25 fäng-

172 1397 91 20 värdens
278 1397 63 26 gebit,
357 1397 79 20 hvilket
452 1397 78 26 förslag
545 1397 116 20 sedermera
677 1397 117 20 diskuteras
810 1397 26 25 pä
844 1402 81 19 gemen-

172 1434 77 14 samma
265 1430 67 17 möten
349 1427 22 21 af
384 1427 209 26 fängvärdsmännen,
609 1433 16 13 0.
643 1434 15 13 s.
675 1433 19 14 v.
