1045 1656
327 107 239 24 Petitionsbetänkande
583 106 36 23 N:o
635 106 30 23 61.

375 422 288 23 Ekonomiutskottets
699 421 180 24 betänkande

339 458 44 23 N:o
392 459 27 22 26
431 459 9 22 i
448 458 126 28 anledning
587 458 26 23 af
621 458 116 23 särskilda
747 458 39 23 till
797 457 81 24 Bonde-

340 493 90 24 ständet
439 494 92 29 ingifna
544 494 198 29 petitionsförslag
758 500 35 17 om
809 493 70 24 inrät-

339 530 68 23 tande
421 530 25 23 af
460 530 135 29 jordbruks-
610 530 41 23 och
665 530 210 23 kreatursskötare-

340 566 78 23 skolor
433 565 28 31 pä
478 566 76 23 skilda
570 567 61 22 orter
651 566 10 23 i
676 566 88 23 landet.

199 627 209 28 Petitionsförslagen
423 627 64 20 hafva
502 627 129 28 hänskjutits
647 627 32 20 till
689 625 189 22 Ekonomiutskot-

127 664 40 20 tets
183 663 164 28 handläggning.

199 764 36 21 Uti
251 764 160 28 ifrågavarande
422 764 180 28 petitionsförslag
617 764 89 22 föreslås
717 764 128 22 inrättandet
853 764 26 28 pä

127 800 69 20 skilda
218 802 56 19 orter
297 800 7 21 i
324 800 73 22 landet
416 800 21 21 af
452 800 94 28 följande
562 800 73 22 skolor
650 800 33 22 för
698 800 145 28 befrämjande
860 800 20 20 af

127 835 228 29 landthushällningen,
370 836 120 27 nemligen
480 831 13 37 :

201 872 33 20 1:o
251 878 26 14 en
292 872 58 27 lägre
369 871 177 28 jordbruksskola
562 872 6 20 i
584 872 103 27 Impilaks
703 872 78 21 socken
798 872 21 20 af
835 871 44 21 Sal-

128 907 39 21 mis
183 907 78 26 härad;

200 943 33 20 2:o
250 943 110 21 enahanda
383 943 73 21 skolor
476 943 7 21 i
504 943 125 27 Pudasjärvi
646 943 41 21 och
703 943 62 21 Kemi
781 943 98 21 kommu-

128 984 38 15 ner
182 978 21 21 af
218 978 118 28 Uleäborgs
351 978 47 27 län;

200 1015 33 20 3:0
251 1020 26 15 en
288 1014 256 22 kreatursskötareskolai
555 1016 56 20 östra
622 1014 62 22 delen
696 1015 20 21 af
727 1014 97 28 Nylands
835 1014 43 27 län;

199 1053 34 19 4:0
250 1056 27 15 en
292 1050 176 28 jordbruksskola
483 1050 49 22 med
548 1050 87 22 svenskt
651 1050 228 28 undervisningsspräk

127 1086 7 20 i
150 1092 81 15 samma
247 1086 67 27 trakt;

200 1123 33 19 5:o
251 1128 26 15 en
293 1122 57 28 lägre
365 1122 126 28 jordbruks-
508 1123 40 20 och
559 1122 244 21 kreatursskötareskola
815 1122 7 20 i
835 1121 44 21 Kit-

127 1158 37 20 tilä
179 1157 103 21 kommun
298 1158 52 21 eller
360 1158 70 27 nägon
442 1164 71 14 annan
525 1159 34 20 ort
568 1158 60 21 inom
639 1158 159 28 Lappmarkens
809 1157 70 21 härad.

199 1193 42 21 Vid
257 1193 185 28 handläggningen
458 1194 21 20 af
494 1194 209 27 petitionsförslagen
717 1194 39 20 har
771 1194 60 20 inom
847 1194 32 20 ut-

127 1229 78 21 skottet
228 1229 89 21 erinrats
338 1236 36 14 om
396 1229 129 21 Ständernas
548 1230 37 20 vid
600 1230 83 20 senaste
699 1229 102 27 landtdag
817 1229 63 20 fram-

127 1265 68 21 stälda
210 1265 88 27 petition
314 1265 78 27 derom,
408 1266 43 20 »att
461 1266 58 27 lägre
529 1265 195 28 jordbruksskolor,
735 1264 108 22 fördelade
853 1264 27 28 pä

126 1300 100 28 lämpliga
244 1302 56 20 orter
312 1302 7 20 i
333 1301 73 27 hvarje
419 1301 35 21 län
474 1302 40 20 och
530 1302 158 27 organiserade;
700 1302 52 20 efter
767 1300 26 22 de
808 1300 70 20 lokala

126 1336 113 28 behofven,
253 1337 40 21 och
308 1337 48 21 med
367 1337 99 21 särskildt
474 1337 120 22 beaktande
609 1338 20 20 af
640 1336 235 27 landthushällningens

126 1372 129 21 räntabilitet
270 1373 64 21 måtte
350 1373 22 21 sä
388 1375 59 19 snart
463 1373 33 28 sig
511 1375 52 26 göra
573 1373 52 22 låter
638 1374 108 26 inrättas»,
757 1373 55 20 samt
822 1373 53 19 utta-

126 1407 47 28 lats,
188 1409 30 20 att
234 1408 35 21 det
284 1409 49 20 med
348 1409 84 26 hänsyn
447 1409 33 20 till
502 1409 70 21 denna
595 1409 23 21 sä
641 1415 52 20 nyss
715 1409 22 20 af
760 1407 117 22 Ständerna

198 1448 206 19 Ekonomiutskottets
418 1449 128 19 betänkande
559 1449 38 19 N:o
611 1450 30 17 26.
