1031 1656
353 124 220 23 Petitionsmemorial.

87 181 125 36 Borgarest.
755 182 35 23 N:o
806 181 32 23 41.

595 514 197 28 (Öfversättning.)

249 567 49 20 Till
315 567 138 27 Vällofliga
469 567 212 28 Borgareståndet.

158 627 72 22 Kändt
249 629 27 23 är,
300 630 29 18 att
349 627 119 21 arbetstiden
488 628 82 21 rörande
586 628 173 27 bestämningarna
779 627 6 21 i
801 627 39 21 den

88 658 32 21 del
140 658 21 21 af
182 658 36 21 vär
236 657 93 28 gällande
343 657 39 28 lag,
398 664 41 14 som
460 657 42 22 afse
522 657 66 28 skydd
608 658 31 21 för
654 657 38 22 den
712 657 129 28 kroppsarbe-

88 688 59 21 tande
169 687 86 25 klassen,
274 687 51 21 blott
343 687 78 21 sträcka
436 688 30 27 sig
481 687 30 21 till
527 687 169 28 kvinnspersoner,
712 687 129 27 minderåriga

88 718 37 22 och
146 717 49 22 barn
217 718 6 20 i
248 717 86 22 fabriker
361 717 37 22 och
423 717 158 28 fabriksmässigt
607 717 89 22 bedrifna
721 717 120 22 handtvärk.

88 748 128 28 Stadganden
232 748 125 21 beträffande
372 748 125 27 arbetstiden,
511 748 70 21 hvilka
596 748 65 21 skulle
676 748 77 28 grunda
768 748 30 27 sig
813 747 28 27 pä

88 779 91 23 sanitära,
194 777 106 22 moraliska
315 778 47 21 eller
377 778 124 21 humanitära
513 778 50 24 skäl,
574 778 47 27 ingå
631 777 44 22 icke
686 779 6 19 I
701 778 59 28 lagen
771 778 22 21 af
803 777 38 21 den

90 810 26 19 25
133 807 58 28 April
208 808 63 24 1889,
286 808 66 21 såvidt
367 808 62 28 angår
444 808 106 22 fullvuxne
565 809 53 20 män.

159 837 75 22 Likväl
253 837 41 21 kan
309 844 47 15 man
372 838 16 27 ej
405 838 88 25 förneka,
509 841 29 18 att
553 844 46 15 man
614 837 74 28 jämväl
703 838 6 20 i
724 838 45 21 vårt
785 837 56 21 indu-

88 868 66 21 striela
178 867 24 21 lif
227 867 41 21 kan
294 867 93 28 lakttaga,
412 868 43 21 icke
481 868 71 21 tecken
578 874 45 14 men
643 867 62 25 fakta,
727 866 70 23 hvilka
807 867 33 21 be-

88 897 72 27 kräfta,
182 900 29 18 att
234 898 33 20 det
282 897 30 21 till
333 898 38 21 och
386 898 45 20 med
446 898 6 20 i
467 898 76 21 mindre
557 897 113 28 betydande
689 898 152 26 industrigrenar

88 928 38 21 och
146 927 63 21 under
232 928 74 20 mindre
329 928 118 21 utvecklade
471 928 139 21 förhållanden
626 927 107 21 förefinnes
749 927 21 21 af
785 926 56 22 indu-

88 957 90 21 strilifvet
202 957 131 21 framkallade
353 958 58 21 svåra
427 957 190 22 missförhållanden.
649 957 69 21 Säsom
734 960 27 18 ett
777 956 65 28 dylikt

89 987 35 21 bör
136 986 27 22 bl.
174 994 17 14 a.
207 988 83 20 nämnas
306 987 59 21 allför
380 987 49 27 lång
443 988 100 24 arbetstid,
559 987 94 21 särskildt
672 988 52 20 inom
741 987 53 21 vissa
809 993 34 21 yr-

89 1016 44 26 ken,
149 1016 37 22 och
201 1017 58 21 däraf
274 1017 127 27 härflytande
416 1018 79 27 förtidig
505 1018 120 26 utmattning
636 1017 21 21 af
667 1017 111 21 arbetarens
789 1016 53 21 kraf-

88 1050 34 18 ter.
137 1047 36 21 Ett
180 1047 22 21 af
210 1047 24 20 de
239 1046 68 28 yrken,
316 1047 35 21 där
360 1047 139 27 mängahanda
504 1047 186 21 missförhållanden
698 1047 45 21 med
749 1046 93 22 afseende

89 1077 12 21 å
114 1076 124 22 arbetssättet
248 1077 94 27 tydligast
351 1078 44 20 visa
407 1078 34 26 sig,
452 1078 22 20 är
485 1076 193 28 bageriarbetarenes.
694 1077 71 21 Såsom
778 1076 65 20 kändt

89 1108 22 19 är
126 1106 74 22 arbetet
212 1107 6 20 I
233 1106 54 22 detta
301 1106 50 28 yrke
366 1108 6 19 i
387 1107 66 27 regeln
467 1107 109 21 nattarbete
587 1106 90 22 hvarföre
687 1106 155 22 missförhällan-

89 1136 45 25 den,
144 1136 69 22 hvilka
223 1137 7 20 i
240 1136 109 22 allmänhet
359 1137 69 27 åtfölja
438 1137 65 27 dylikt
513 1137 71 25 arbete,
595 1137 60 21 äfven
663 1137 52 21 inom
724 1136 53 21 detta
784 1136 59 20 fram-

89 1166 61 21 träda.
181 1166 27 21 Så
229 1166 43 22 vidt
294 1167 33 27 jag
348 1170 33 18 vet
395 1167 93 21 existerar
503 1166 128 28 regelbundet
650 1166 105 28 dagarbete
770 1165 51 22 blott
836 1166 7 20 i

89 1196 62 27 några
172 1196 159 25 landsortstäder,
354 1200 13 18 t.
389 1204 30 13 ex.
437 1197 130 24 Tavastehus,
583 1196 37 22 och
636 1196 61 22 hafva
712 1196 131 26 arbetsgifva-

90 1232 47 15 rene
152 1226 26 27 på
192 1226 78 27 platsen
289 1226 73 28 jemväl
377 1226 168 22 rekommenderat
561 1226 65 21 denna
641 1226 84 28 ordning
740 1226 31 20 till
786 1226 57 20 efter-

89 1255 55 28 följd.
169 1255 108 22 Dessutom
288 1256 67 21 kunde
369 1256 64 21 säsom
443 1256 129 22 försvårande
582 1256 166 27 omständigheter
758 1256 85 20 nämnas

90 1289 13 17 t.
113 1292 31 14 ex.
154 1285 68 21 hettan
232 1286 37 20 och
274 1286 39 21 den
318 1286 76 21 kvafva
398 1286 64 22 luften
467 1286 28 28 på
503 1286 155 24 arbetsställena,
667 1286 74 21 arbetet
750 1286 6 20 i
761 1285 82 21 stående

90 1315 101 27 ställning,
206 1316 32 20 för
252 1316 50 26 lång
313 1316 99 25 arbetstid,
425 1316 72 22 hvaraf
507 1316 56 27 följer
573 1316 31 21 för
613 1315 46 21 kort
668 1315 55 23 hvila
733 1322 32 14 om
778 1314 65 28 dagen

90 1352 25 15 m.
131 1353 25 14 m.
174 1345 40 21 Till
225 1345 39 21 den
276 1346 116 21 nuvarande
402 1346 174 27 arbetsordningen
587 1346 35 21 hör
629 1345 72 28 jemväl
711 1349 30 18 att
751 1346 44 21 sön-
805 1344 38 22 och

90 1375 148 28 heldagsarbete
253 1377 22 19 är
290 1375 82 28 vanligt.

161 1405 40 21 Om
227 1405 61 22 äfven
313 1405 110 22 statistiken
449 1405 44 22 icke
514 1405 120 22 omedelbart
649 1406 79 24 utvisar,
744 1408 29 18 att
789 1403 53 29 sjuk-

90 1435 64 21 doms-
169 1435 38 21 och
222 1435 265 27 dödligheteförhällandena
502 1436 29 21 uti
545 1435 58 28 yrket
617 1436 7 20 i
642 1435 55 28 fråga
712 1435 67 21 skulle
794 1441 49 15 vara

90 1464 102 22 märkbart
215 1464 149 28 ofördelaktiga,
380 1465 23 21 sä
417 1465 42 22 kan
474 1472 47 15 man
537 1465 13 21 &
565 1465 62 22 andra
642 1465 62 25 sidan,
719 1465 62 27 enligt
797 1463 46 22 sak-
