1014 1653
259 140 297 28 Petitionsmemorial.

99 204 116 37 Bondest.
607 210 42 23 N:o
664 210 55 22 106.

566 337 151 27 (Öfversättning).

170 502 54 20 Till
239 503 179 19 Hedervärda
432 503 218 20 Bondeståndet.

98 566 90 20 Allmänt
209 566 66 19 kända
297 568 34 17 äro
346 566 25 19 de
392 566 189 20 missförhållanden
597 566 37 20 och
653 566 132 26 olägenheter,

29 595 68 20 hvilka
119 597 34 17 äro
175 594 70 26 följder
264 594 21 19 af
305 594 38 20 den
364 594 116 26 förordning
500 594 104 26 angående
619 595 167 25 skattebetalning

30 624 32 20 till
83 625 71 22 staten,
177 629 42 13 som
242 622 79 26 ålägger
342 623 117 25 jordegaren
480 625 29 17 att
532 623 80 25 erlägga
626 623 111 25 personella
752 625 33 18 ut-

31 652 81 25 skylder
126 652 29 19 för
169 652 25 19 de
209 651 118 25 inhysingar
339 652 37 18 och
391 652 187 24 backstugusittare,
593 652 68 19 hvilka
677 652 22 19 bo
712 652 12 19 &
733 652 52 19 hans

31 681 54 19 mark
107 680 48 19 eller
179 680 6 19 i
201 680 51 19 hans
271 679 45 20 hus.
345 679 57 20 Först
415 680 37 19 och
467 680 70 19 främst
551 680 64 25 gifver
630 680 65 19 denna
710 680 75 19 förord-

30 710 49 24 ning
101 709 39 19 ofta
161 708 108 25 anledning
291 708 30 19 till
342 708 135 25 kringgående
499 709 20 18 af
533 709 64 24 lagen,
612 709 19 24 ja
646 709 30 19 till
688 709 37 19 och
740 709 45 19 med

30 738 30 19 till
75 737 64 20 direkt
153 737 53 19 brott
221 739 41 17 mot
277 737 116 19 densamma
407 737 120 24 därigenom,
542 739 29 17 att
585 737 116 25 jordegaren
712 737 72 19 under-

29 766 52 20 låter
102 767 29 18 att
153 765 30 20 till
198 765 185 25 mantalsskrifning
398 765 5 19 i
419 765 90 25 förening
524 767 45 18 med
585 765 24 20 de
624 765 31 20 till
670 766 50 19 hans
735 766 48 19 hus-

30 795 40 19 håll
85 794 88 20 hörande
187 800 96 19 personer
297 793 78 20 anmäla
389 800 25 13 en
429 794 31 19 del
475 794 20 19 af
509 794 25 19 de
549 794 12 19 å
576 794 49 20 hans
639 795 54 18 mark
707 795 79 18 bosatta

30 823 115 26 familjerna,
171 823 30 19 för
227 824 30 17 att
278 822 85 19 sålunda
385 822 59 19 blifva
464 823 75 18 befriad
561 822 44 19 från
626 823 118 25 erläggande
765 823 20 19 af

30 853 57 18 deras
107 851 111 26 personella
239 851 112 24 utskylder.
381 851 62 19 Häraf
461 850 44 20 åter
519 851 63 25 följer,
597 853 29 17 att
641 851 38 20 den
694 851 42 20 lösa
751 851 33 20 be-

29 881 117 24 folkningen
169 880 7 19 i
199 879 44 20 vårt
264 879 46 20 land
333 879 47 20 ökas
395 879 6 20 i
417 879 101 25 betänklig
533 880 48 25 grad
597 880 36 19 och
648 880 31 19 för
693 879 92 20 kommu-

29 915 62 14 nerna
114 908 74 20 medför
208 907 73 26 många
304 908 109 19 ledsamma
428 908 126 25 olägenheter
568 909 38 18 och
620 909 78 19 besvär.
728 908 58 19 Stora

30 937 124 26 svårigheter
176 937 37 19 och
235 937 98 24 störingar
353 937 148 19 åstadkommer
522 937 39 19 den
584 937 41 19 lösa
644 937 141 24 befolkningen

29 966 118 24 isynnerhet
167 965 34 19 vid
221 965 215 25 mantalsskrifningen,
456 965 187 25 skatteuppbörden,
663 966 39 18 den
723 965 61 25 kyrk-

28 994 41 25 liga
87 993 168 25 folkskrifningen,
271 993 123 19 läsförhören
411 995 50 18 samt
476 993 39 19 alla
529 993 128 19 kommunala
672 993 36 20 och
723 993 62 24 kyrk-

28 1023 41 24 liga
90 1022 146 24 förrättningar.
267 1021 37 20 Om
325 1021 89 20 däremot
428 1021 129 26 jordegarene
573 1021 65 20 skulle
653 1022 72 19 befrias
741 1021 44 20 frän

29 1051 142 25 skyldigheten
186 1052 30 17 att
230 1050 81 25 erlägga
326 1050 197 25 mantalspeuningar
538 1051 29 18 för
583 1050 11 19 &
609 1051 58 18 deras
683 1050 55 19 mark
750 1050 33 19 bo-

29 1081 52 18 satta
102 1079 119 24 inhysingar
236 1079 38 19 och
289 1079 186 24 backstugusittare,
491 1079 30 19 för
537 1078 66 20 sävidt
618 1079 24 19 de
657 1079 43 19 icke
716 1078 69 25 själfva

29 1108 66 19 mäkta
117 1107 64 20 betala
203 1107 106 24 desamma,
332 1107 66 20 skulle
422 1107 59 20 dessa
496 1113 69 14 senare
580 1107 127 25 naturligtvis
724 1107 61 19 blifva

28 1142 137 19 noggrannare
187 1135 163 20 mantalsskrifna
368 1136 37 19 och
421 1135 84 20 sälunda
520 1136 64 19 skulle
599 1136 39 19 den
653 1136 42 19 lösa
710 1135 74 20 befolk-

28 1165 73 25 ningen
125 1165 88 19 minskas
239 1166 52 17 samt
313 1164 134 19 ofvannämda
469 1164 186 20 missförhällanden
681 1164 38 19 och
742 1164 42 19 led-

28 1199 75 14 samma
124 1193 127 24 olägenheter
272 1193 31 18 till
325 1195 73 17 största
413 1193 58 19 delen
486 1193 105 24 aflägsnas.
621 1192 36 20 Om
673 1193 44 19 åter
731 1192 53 25 jord-

27 1228 90 19 egarene,
140 1221 66 20 säsom
227 1221 144 25 författningen
386 1221 132 24 föreskrifver,
542 1222 59 19 äfven
615 1221 120 20 fortfarande
750 1223 34 17 äro

27 1250 118 25 förpliktade
161 1250 56 19 såväl
232 1252 30 17 att
277 1249 42 20 låta
328 1249 160 20 mantalsskrifva
498 1250 39 19 alla
547 1249 12 20 &
570 1250 57 19 deras
640 1250 55 19 mark
706 1250 79 19 bosatta

26 1279 85 24 familjer
133 1278 66 20 såsom
214 1278 86 19 hörande
316 1278 31 19 till
363 1278 58 19 deras
436 1280 46 23 eget
496 1278 88 25 hushåll,
600 1284 42 14 som
658 1279 37 18 ock
710 1279 29 18 att
754 1278 31 19 för

27 1307 44 19 dem
81 1307 66 19 betala
157 1307 201 24 mantalspenningar,
369 1307 64 19 ehuru
444 1307 24 19 de
478 1307 43 19 icke
533 1307 38 19 alla
581 1313 36 13 ens
627 1307 66 19 mäkta
703 1306 21 19 åt
730 1306 52 24 jord-

26 1341 84 19 egarene
129 1335 101 25 ätergälda
249 1334 107 24 desamma,
371 1334 57 26 följer
443 1334 56 20 däraf
514 1335 154 25 nödvändigtvis
683 1337 31 17 att
723 1334 61 25 ingen

27 1365 108 23 emottager
157 1364 24 18 de
204 1363 101 25 fattigaste
327 1363 111 25 familjerna
460 1363 30 19 till
511 1363 60 19 äboar
585 1363 12 19 &
613 1364 31 18 sin
659 1363 60 24 mark,
735 1365 49 17 utan

26 1392 24 19 de
73 1394 72 18 stanna
167 1392 120 19 kommunen
307 1391 31 19 till
353 1392 45 19 last.
429 1391 34 25 Dä,
485 1392 77 19 oafsedt
577 1392 60 19 dessa
651 1392 132 24 olägenheter,

26 1422 65 17 staten
106 1420 43 19 icke
164 1420 62 19 heller
240 1420 7 19 i
262 1420 60 24 öfrigt
331 1420 37 19 har
380 1425 72 20 genom
465 1420 66 19 denna
543 1420 117 25 förordning
670 1420 37 19 alls
719 1421 64 18 större
