1028 1653
305 135 257 24 Petitionsbetänkande
577 135 39 24 N:o
632 135 35 24 63.
827 137 12 20 5

119 202 57 21 inom
200 202 88 28 Kuopio
314 201 35 21 län
368 201 68 21 under
452 201 50 21 åren
520 202 64 26 1894,
601 202 56 20 1895
674 201 40 22 och
732 202 57 21 1896
805 202 7 20 i
827 208 43 14 me-

123 237 66 22 deltal
211 237 81 29 årligen
312 236 117 22 nedflötats
454 238 113 26 1,937,375
589 237 86 21 stockar
695 237 32 21 till
745 236 126 29 vattendrag

121 273 94 21 hörande
241 273 32 21 till
304 272 71 22 Saima
401 275 162 26 vattensystem.
598 272 54 22 Häri
683 274 37 20 äro
742 272 49 22 icke
813 272 59 22 med-

123 308 94 22 räknade
233 308 26 22 de
275 309 92 25 stockar,
383 316 45 14 som
444 308 111 22 afverkats
571 309 57 21 inom
644 308 89 29 Kuopio
748 308 124 22 kronoläns-

123 344 136 22 mandistrikt
280 344 40 21 och
339 343 117 22 nedflötats
475 344 32 21 till
525 344 113 22 Kallavesi
658 347 95 24 vattnen,
768 351 35 14 om
818 343 54 22 hvil-

123 380 39 21 kas
185 380 57 21 antal
265 381 98 20 närmare
378 379 111 29 uppgifter
505 380 48 21 icke
571 379 82 22 kunnat
674 379 95 22 erhållas.
799 374 73 27 Äfven

124 419 103 26 exporten
243 415 22 22 af
281 415 200 29 sågtillverkningar
497 416 62 21 öfver
573 415 102 29 Wiborgs
692 415 48 22 stad
753 415 62 29 tyder
824 415 49 22 icke

123 453 57 20 ännu
196 451 33 29 pä,
245 454 31 19 att
291 452 71 21 timret
378 451 69 22 skulle
464 451 59 29 börja
533 454 56 26 tryta
608 452 7 21 i
631 451 62 22 dessa
709 451 87 22 trakter.
830 451 43 22 Un-

125 487 39 22 der
181 487 50 22 åren
253 489 56 20 1892
327 501 27 2 —
372 489 58 20 1894
446 488 95 28 uppgick
560 491 103 25 exporten
679 487 23 22 af
717 487 96 29 plankor,
827 487 46 22 bat-

125 526 47 19 tens
196 523 40 22 och
256 523 78 22 bräder
358 523 62 22 öfver
443 523 86 29 Viborg
547 524 7 21 i
573 523 100 22 medeltal
689 525 94 25 234,794
799 523 37 27 m?,
850 523 24 22 år

128 560 56 21 1895
201 567 38 14 var
254 559 41 22 den
309 560 92 25 261,432
414 561 31 19 m?
461 559 40 22 och
517 559 24 22 år
557 561 57 20 1896
631 561 93 24 268,377
741 559 38 28 m?,

193 595 45 22 Väl
260 595 61 21 torde
341 595 38 22 det
400 603 51 14 vara
467 598 48 18 sant
530 598 31 19 att
577 595 38 22 allt
630 595 86 22 klenare
732 595 142 22 dimensioner

127 631 80 29 begynt
229 631 106 26 afverkae,
359 638 48 14 men
426 631 37 21 det
479 631 132 22 vidsträckta
627 631 86 22 område
729 631 47 22 från
792 631 82 22 hvilket

127 666 71 22 virket
213 666 64 22 flötas
294 666 41 22 ned
349 666 32 22 till
393 666 90 27 Saimen,
494 666 127 22 sträckande
632 668 33 27 sig
675 667 63 22 öfver
748 674 27 14 en
785 670 45 18 stor
840 666 35 22 del

128 702 24 22 af
168 702 101 28 Wiborgs
289 702 39 22 och
345 702 32 22 S:t
393 702 92 22 Michels
501 702 42 27 län,
558 703 7 20 i
581 702 37 22 det
633 704 106 20 närmaste
751 702 48 22 hela
814 702 60 22 Kuo-

128 738 38 28 pio
186 738 40 26 län,
242 745 26 14 en
291 738 51 21 liten
365 738 36 21 del
416 738 23 21 af
465 738 119 28 Uleåborgs
608 738 40 26 län,
663 738 86 22 hvartill
765 740 57 19 ännu
837 738 38 21 bör

130 774 72 27 läggas
218 781 26 14 en
260 773 35 21 del
305 774 22 20 af
338 774 119 21 Olonetska
469 776 178 26 guvernementet
657 775 7 20 i
675 774 114 29 Ryssland,
799 774 76 28 borgar

127 809 41 27 för,
183 812 31 18 att
230 817 25 14 en
270 809 59 29 dylik
345 810 143 28 transportled
505 810 72 22 hlefve
593 810 68 22 starkt
676 809 86 23 anlitad.

197 845 51 22 Med
261 845 50 21 stöd
323 845 24 22 af
357 846 37 21 det
407 846 89 21 anförda
506 846 34 21 får
551 846 105 21 utskottet
667 845 109 22 vördsamt
786 844 88 22 föreslå:

410 884 33 19 att
469 882 126 21 Ständerna
617 882 50 21 ville
687 882 38 21 hos
745 882 64 21 Hans
824 881 51 28 Ko-

339 918 80 27 serliga
438 918 105 28 Majestät
557 918 10 20 i
587 918 173 28 underdänighet
779 917 95 27 anhälla,

343 955 34 19 att
391 960 27 14 en
435 954 146 27 transportled
599 954 36 27 för
654 954 57 21 stock
728 953 55 28 från
799 952 77 22 Saima

342 990 127 26 vattendrag
486 989 34 21 till
534 989 122 28 Kymmene
671 989 41 28 elfs
722 990 154 27 vattensystem

342 1025 67 27 blefve
418 1025 51 20 med
478 1025 116 21 allmänna
603 1025 123 21 statsmedel
732 1025 100 20 inrättad
838 1024 38 21 och

340 1060 150 27 underhållen,
508 1062 59 19 samt
583 1061 33 20 till
631 1061 95 20 allmänt
741 1060 135 28 begagnande

344 1098 45 19 mot
403 1096 112 27 fastställd
529 1096 68 28 afgift
611 1096 111 28 upplåten.

197 1131 136 28 Helsingfors
349 1132 41 20 den
408 1132 27 20 18
451 1132 42 26 maj
511 1133 64 20 1897.

198 1196 11 21 I
224 1196 99 22 ärendets
345 1196 131 28 behandling
501 1197 64 21 hafva
575 1198 87 27 deltagit
672 1197 148 21 Ordföranden
835 1196 41 21 Rä-

127 1232 73 28 bergh,
222 1232 167 22 medlemmarna
410 1232 158 28 Björkenheim,
591 1240 20 14 v.
630 1233 66 27 Julin,
712 1233 20 21 J.
743 1232 133 27 Johansson,

129 1268 103 28 Tallgren,
252 1268 116 28 Wegelius,
388 1268 114 28 Forselius,
522 1269 102 27 Brofeldt,
650 1269 95 27 Pentzin,
770 1268 106 26 Hollmön,

129 1304 94 27 Bremer,
245 1303 124 28 Lagerstedt
387 1304 40 21 och
446 1304 109 27 Haanpää,
577 1306 53 19 samt
653 1305 164 27 suppleanterna
832 1304 44 20 Fri-

127 1339 100 22 herrarne
243 1346 19 14 v.
279 1339 88 22 Alfthan
381 1339 41 22 och
430 1339 28 22 M.
474 1339 117 28 Molander,
607 1341 54 20 samt
676 1340 35 28 Hj.
727 1340 78 21 Grahn.

198 1445 207 20 Ekonomiutskottets
419 1447 127 18 betänkande
559 1447 39 18 N:o
611 1448 30 17 28.
