1009 1659
214 98 13 20 6

184 164 31 20 De
237 164 7 21 i
266 164 46 20 dem
328 164 156 27 tjänstgörande
499 165 82 20 lärarne
596 165 78 21 erhålla
690 165 101 25 nämligen
808 164 61 26 ingen
886 171 48 20 pen-

184 194 44 20 sion
255 195 27 26 på
304 194 67 26 gamla
394 195 64 25 dagar
482 195 37 20 och
535 194 82 20 befinna
633 195 32 25 sig
680 195 7 19 i
704 195 56 20 detta
776 194 95 20 afseende
886 194 7 20 i
909 201 24 13 en

184 224 159 26 fördelaktigare
362 224 98 26 ställning
476 228 24 16 än
518 224 66 26 öfriga
599 225 67 20 lärare
682 224 34 20 vid
732 224 38 20 den
788 224 58 20 lärda
862 224 71 20 skolan

184 254 37 20 och
244 254 157 20 kommunernas
425 254 162 20 folkskollärare.
618 254 68 26 Sagde
709 255 67 19 lärare
799 254 21 20 få
836 254 18 26 ej
870 254 64 20 häller

183 284 63 20 räkna
272 284 32 26 sig
327 285 30 19 till
380 284 53 26 godo
456 284 31 20 sin
504 284 108 26 tjässtetid
628 284 35 20 vid
679 284 159 26 borgareskolan
855 284 37 20 och
909 284 25 20 de

184 314 50 20 höra
257 314 31 20 till
314 317 29 17 ett
366 317 62 17 annat
450 314 62 20 stånd
536 318 25 16 än
586 314 60 20 deras
662 314 186 26 tjänstekamrater,
864 314 70 20 hvilka

183 343 116 27 tjänstgöra
322 344 36 20 vid
381 344 22 20 af
416 347 68 17 staten
505 346 26 24 på
547 352 77 12 samma
640 347 41 17 sätt
697 344 118 20 anordnade
831 344 103 20 fem-klas-

184 373 44 26 siga
244 374 145 20 bottenskolor.

254 404 83 26 Frågan
354 411 31 13 om
400 404 126 21 folkskolans
542 404 121 26 förändring
678 404 32 20 till
726 411 25 13 en
766 404 130 20 bottenskola
903 403 31 20 för

184 433 39 20 den
239 434 65 26 högre
320 434 72 20 skolan
408 434 38 20 har
462 434 59 20 äfven
538 434 107 26 upptagits
661 436 32 24 på.
703 434 161 26 dagordningen.

254 464 33 20 En
302 464 34 20 del
352 464 22 20 af
387 464 64 20 dessa
463 464 69 26 frågor
552 465 37 19 har
605 464 23 20 af
641 464 102 26 styrelsen
759 464 122 26 visserligen
892 463 42 20 ofta

183 494 123 20 behandlats
329 494 37 20 och
389 494 147 20 underkastats
560 497 93 17 närmare
676 494 134 26 granskning,
833 500 45 13 men
902 493 32 20 till

184 524 62 25 något
262 524 190 20 tillfredsställande
468 524 86 20 resultat
570 524 38 20 har
623 532 47 13 man
681 524 45 20 icke
736 524 90 20 kommit.
846 524 46 25 Nya
902 524 30 19 sä-

183 553 53 20 dana
260 554 63 20 hafva
346 555 93 25 uppstått
459 561 73 19 genom
555 554 171 26 bristfälligheter
746 554 7 20 i
769 556 69 18 senast
854 552 79 27 utgifna

183 583 149 27 förordningar.
364 584 40 20 Det
419 587 23 17 är
457 584 31 20 för
505 584 61 26 öfrigt
583 584 54 20 klart
653 587 31 17 att
699 584 93 20 hvarken
808 584 61 19 dessa
884 583 50 19 eller

183 613 65 20 andra
269 614 120 26 skolfrågor,
408 614 70 20 hvilka
494 614 165 20 förhållandenas
676 614 119 26 utveckling
810 612 123 25 framkallar,

183 643 70 21 kunna
274 645 27 25 på
320 647 29 17 ett
364 644 179 20 tillfredställande
559 646 41 18 sätt
616 644 60 23 lösas,
692 644 72 20 såvida
779 644 46 19 icke
840 643 93 20 lärarena

183 673 79 20 erhålla
278 676 41 17 rätt
335 677 30 17 att
380 681 55 13 mera
451 674 80 20 direkte
547 677 25 17 än
589 674 66 20 hittils
671 674 87 20 invärka
774 674 26 25 på
810 672 122 26 skolfrågor-

183 710 37 12 nas
235 703 113 25 afgörande
364 704 37 20 och
416 704 71 20 därest
501 704 46 20 icke
563 704 96 20 afseende
675 704 64 19 fästes
755 703 35 20 vid
806 703 60 20 deras
882 702 50 20 erfa-

184 733 78 25 renhet,
279 733 26 20 då
320 740 48 13 man
384 734 81 20 skrider
480 734 31 20 till
527 734 148 25 förbättringar
691 734 37 19 och
744 733 98 20 reformer
857 732 75 20 beträf-

182 762 62 21 fande
261 763 101 21 skolorna.

254 793 112 26 Stödjande
382 799 33 14 oss
431 795 26 25 på
473 794 61 20 dessa
550 794 50 25 skäl,
617 794 54 25 våga
687 794 20 19 vi
724 793 78 26 hoppas
818 796 30 16 att
859 792 73 26 styrel-

182 829 35 13 sen
234 823 89 26 benäget
339 823 53 20 skall
407 823 55 20 fästa
476 823 32 20 sin
524 823 182 27 uppmärksamhet
721 823 26 26 på
763 823 25 20 de
798 823 24 19 af
829 829 33 13 oss
873 822 59 20 fram-

181 852 70 20 hållna
276 853 204 21 missförhållandena
504 854 38 19 och
566 853 96 20 nedsätta
686 860 24 13 en
735 853 75 20 komite
826 852 31 20 för
872 852 60 20 deras

181 882 144 20 behandlande
349 886 57 22 samt,
432 883 44 20 med
500 883 100 20 särskildt
614 882 118 21 beaktande
747 882 23 20 af
782 882 150 20 ofvannämnda

181 912 63 20 behof
266 913 20 20 af
309 913 128 25 samvärkan,
453 913 66 20 tilläta
542 913 126 26 kollegierna
692 912 36 20 vid
751 912 79 20 landets
847 912 85 20 elemen-

181 942 129 20 tarlärovärk
326 946 32 16 att
374 946 46 17 utse
436 950 23 13 en
477 943 32 20 del
526 943 22 20 af
562 943 39 20 den
617 942 88 20 sålunda
723 942 96 20 nedsatta
837 942 95 25 komiten,

181 972 105 20 äfvensom
309 973 121 26 ytterligare
454 973 111 20 bestämma
591 976 31 16 att
646 972 90 21 komitön
752 972 53 20 skall
821 972 23 20 af
856 979 76 13 samma

180 1002 100 26 kollegier
300 1002 92 20 infordra
415 1002 119 21 utlätanden
558 1002 88 20 rörande
662 1002 26 20 de
703 1002 105 20 blifvande
823 1002 108 25 förslagen.

180 1032 30 19 På
226 1032 69 26 grund
310 1032 62 20 häraf
384 1034 54 25 våga
454 1033 21 19 vi
490 1033 74 19 föreslå
581 1039 24 13 en
620 1032 130 26 underdänig
760 1031 85 27 petition
856 1031 75 20 därom.

467 1100 36 18 att
522 1104 22 14 en
562 1098 77 24 komité,
660 1098 32 19 till
711 1098 77 19 hvilken
808 1097 60 19 skulle
883 1097 49 19 höra

396 1128 79 24 erfarne
499 1128 93 24 skolmän,
614 1128 61 24 blefve
694 1127 76 20 nedsatt
789 1125 35 27 för
839 1128 29 18 att
883 1133 48 18 upp-

394 1160 48 23 göra
454 1158 79 25 förslag
548 1158 84 20 rörande
646 1156 89 26 följande
746 1156 85 26 frågor:

466 1188 49 19 1:mo
530 1188 68 19 hvilka
613 1187 94 25 åtgärder
723 1186 56 20 borde
794 1186 89 25 vidtagas
899 1186 33 24 för

394 1217 169 20 åstadkommande
586 1216 27 26 af
631 1224 21 12 en
676 1215 114 27 kraftigare
813 1216 118 20 samvärkan

394 1248 71 19 mellan
488 1248 93 24 styrelsen
601 1248 51 18 samt
668 1246 22 20 de
706 1246 66 20 lärda-
794 1246 33 20 och
840 1246 91 23 flicksko-

395 1278 57 19 lorna
466 1278 9 19 i
490 1277 78 26 landet;

466 1307 45 20 2:do
534 1307 67 20 hvilka
623 1306 147 26 förändringar
790 1306 9 19 i
818 1306 58 19 1872
897 1306 34 18 ärs

394 1337 44 19 nåd.
455 1336 124 26 skolordning
594 1343 44 13 vore
654 1336 109 25 behöfliga;

466 1367 48 19 3:tio
536 1366 69 20 hvilka
619 1366 95 26 ätgärder
729 1366 48 19 böra
792 1365 90 25 vidtagas
897 1365 33 19 till

388 1396 140 24 förbättrande
543 1396 25 24 af
584 1396 21 20 de
622 1396 9 20 i
650 1396 172 25 borgareskolorna
839 1395 91 26 tjänstgö-

394 1426 61 20 rande
470 1426 99 20 lärarenes
584 1426 106 26 ställning;
