1034 1650
802 129 27 19 25

110 189 70 19 måtte
197 186 90 21 förenas
303 187 42 20 och
362 186 118 26 ombildas,
504 187 40 21 vid
567 187 27 21 de
618 186 61 22 förra
704 187 35 20 till
762 186 98 28 kollega-

110 222 96 28 tjenster
222 223 43 20 och
280 222 39 21 vid
335 223 28 20 de
379 229 79 14 senare
475 223 35 20 till
527 222 184 28 lektorstjenster
721 222 8 21 i
740 222 68 28 tyska
819 222 42 21 och

110 257 93 22 franska
227 258 103 28 språken,
354 258 97 21 hvarvid
474 258 7 21 i
505 258 107 21 afseende
636 260 13 19 å
668 258 135 28 kompetens
819 257 41 21 och

110 293 128 22 lönevilkor
262 293 73 21 skulle
359 293 61 28 gälla
436 294 60 21 hvad
513 294 117 28 angående
646 294 79 27 dylika
741 293 98 28 tjenster
853 293 7 20 i

111 329 38 28 lag
164 332 25 17 är
205 329 116 28 stadgadt;

184 366 43 26 7:0)
245 367 40 24 att,
301 365 51 21 med
369 365 98 28 ändring
482 365 26 21 af
522 365 43 21 den
581 365 7 21 i
605 365 83 28 nådiga
699 364 162 28 förordningen

112 400 26 21 af
151 401 44 20 den
211 402 26 19 27
255 400 129 22 November
402 403 57 18 1885
475 401 36 21 för
527 400 264 22 fruntimmersskolorna
809 400 52 21 fast-

112 436 73 21 stälda
201 435 193 29 aflöningsstaten,
411 436 184 28 arvodestillägg,
612 443 49 14 som
677 435 58 22 efter
751 435 60 22 vissa
827 438 34 19 års

112 471 118 28 oförvitlig
253 471 72 28 tjenst
347 471 150 22 tillerkännas
522 471 209 22 föreståndarinnor
748 472 41 21 och
807 471 55 21 ordi-

112 506 62 21 narie
190 507 125 21 lärarinnor
330 507 39 21 vid
386 507 240 26 fruntimmersskolor,
643 509 70 20 måtte
733 509 56 26 utgå
812 507 50 21 med

113 544 43 20 400
172 543 65 21 mark
253 542 58 22 efter
327 545 20 23 5,
366 545 26 19 10
409 543 42 21 och
470 545 25 19 15
513 545 35 19 års
565 543 81 28 tjenst;

185 579 44 27 8:0)
253 580 34 19 att
303 578 35 21 till
353 579 169 27 hushållnings-
538 579 42 21 och
596 578 267 28 landtbrukssällskapen

112 614 8 20 1
136 614 78 20 landet
229 616 78 23 måtte,
323 614 7 21 i
347 614 112 21 anseende
483 614 35 21 till
542 614 321 28 skogshushållningsfrågans

114 649 142 21 brådskande
279 649 158 22 beskaffenhet
461 652 59 19 samt
544 649 127 22 oberoende
687 649 26 21 af
734 649 129 28 Styrelsens

114 685 48 21 däri
185 687 70 26 tagna
277 685 105 26 initiativ,
406 685 102 28 utgifvas
528 685 136 28 tillräckliga
681 685 80 28 anslag
777 685 35 21 för
827 684 37 21 be-

114 720 127 28 främjande
257 720 26 21 af
296 728 28 13 en
339 720 128 22 förbättrad
484 720 229 29 skogshushållning;

186 757 44 26 9:0)
247 758 34 19 att
296 756 63 21 Hans
375 756 132 29 Kejserliga
522 756 109 28 Majestät
647 756 95 25 täcktes,
759 755 58 22 efter
833 756 31 20 in-

114 792 92 21 hemtad
227 795 102 18 närmare
352 792 123 28 utredning
499 793 7 20 i
530 792 77 25 saken,
626 792 35 21 till
677 791 188 22 nästkommande

114 827 110 28 landtdag
240 827 67 21 aflåta
323 827 70 28 nådig
408 828 144 28 proposition
568 828 116 27 angående
703 827 162 28 upphäfvande

114 863 27 21 af
154 864 20 25 4,
191 865 12 18 5
220 863 43 20 och
280 865 12 18 6
309 863 29 28 $$
355 865 28 18 24
400 863 51 28 kap.
468 863 27 21 B.
512 863 27 21 B.
557 865 58 19 samt
635 863 164 28 förordningen
823 863 42 20 den

115 900 13 19 4
145 898 66 29 April
229 901 63 24 1864,
309 899 116 28 angående
441 899 98 28 ändring
555 899 24 20 af
594 899 127 28 åberopade
737 899 98 27 lagrum;

188 935 57 27 10:0)
270 937 34 18 att
325 935 63 20 Hans
412 934 131 29 Kejserliga
566 934 108 28 Majestät
697 934 54 21 ville
775 933 90 22 utöfver

114 970 62 21 hvad
191 969 36 22 för
242 970 140 21 närvarande
399 972 67 26 utgår
482 978 27 13 ur
525 970 113 21 allmänna
658 969 132 22 statsmedel
805 969 8 20 i
829 971 37 18 nå-

116 1005 39 21 der
179 1005 63 21 anslå
262 1013 27 13 en
307 1013 86 14 summa
409 1005 26 22 af
449 1006 70 21 minst
536 1008 94 23 120,000
647 1006 64 20 mark
729 1005 86 28 årligen
831 1004 35 21 till

115 1040 130 28 fördelning
260 1041 73 28 enligt
348 1041 131 27 Styrelsens
495 1040 155 29 bepröfvande
665 1040 97 22 emellan
777 1040 88 21 landets

114 1076 168 29 hushållnings-
305 1076 41 21 och
371 1076 245 29 landtbrukssällskap,
632 1076 7 21 i
655 1076 105 21 ändamål
777 1077 34 19 att
826 1082 39 14 un-

116 1112 105 21 derstöda
253 1112 64 21 deras
347 1112 147 21 verksamhet
523 1111 35 22 för
582 1112 148 28 jordbrukets
760 1111 106 28 höjande,

116 1147 117 21 äfvensom
257 1155 28 13 en
309 1155 88 13 summa
420 1147 26 21 af
465 1148 71 20 minst
552 1149 79 24 80,000
647 1147 65 21 mark
728 1147 87 28 årligen
831 1145 35 22 för

116 1185 34 18 att
173 1182 160 22 företrädesvis
357 1190 82 21 genom
463 1183 168 28 hushållnings-
657 1183 42 21 och
723 1182 144 21 landtbruks-

116 1218 130 28 sällskapen
267 1219 115 20 användas
405 1218 20 28 ej
450 1219 88 20 mindre
563 1218 35 21 för
621 1219 138 28 premiering
775 1217 26 21 af
819 1219 48 19 nöt-

115 1253 93 21 kreatur
223 1257 29 18 än
268 1253 35 22 för
319 1254 70 21 andra
405 1255 106 27 åtgärder
528 1254 35 21 till
582 1253 231 29 nötboskapsafvelns
824 1252 43 21 för-

116 1289 131 25 hättrande;

189 1325 58 27 11:0)
273 1327 34 18 att
323 1324 140 28 Geologiska
479 1325 177 20 kommissionen
673 1326 70 19 måtte
759 1323 107 22 försättas

115 1359 8 21 i
139 1359 90 21 tillfälle
246 1362 34 19 att
296 1360 35 21 för
354 1360 140 28 uppletande
519 1360 26 21 af
565 1359 127 22 värdefulla
715 1359 152 21 malmarter
857 1355 13 37 i

116 1395 119 28 Lappland
267 1395 134 22 föranstalta
433 1395 134 28 geologiska
597 1395 196 28 undersökningar
820 1395 47 20 där-

116 1431 86 24 städes;
