1023 1656
458 412 33 22 II.

169 479 169 27 Lagutskottets
354 478 73 22 flertal
443 479 40 21 har
499 481 91 20 stannat
605 479 38 22 vid
659 479 97 22 beslutet
768 480 32 20 att
811 478 39 22 hos

98 515 119 21 ständerna
233 514 88 22 förorda
337 521 26 15 en
381 515 92 26 petition
489 515 83 27 därom,
590 518 32 18 att
638 515 133 27 regeringen
783 514 67 22 mätte

98 550 112 28 upphäfva
233 551 170 21 bestämmelsen
427 551 6 21 i
459 551 248 27 Kansliexpeditionens
731 550 119 22 skrifvelse

97 586 25 22 af
136 587 42 21 den
194 588 28 20 29
238 593 58 15 mars
315 588 62 26 1889,
394 588 33 20 att
442 589 74 19 rätten
534 586 36 22 för
585 587 55 21 barn
656 587 34 21 till
706 587 42 21 här
764 586 87 22 bosatta

98 623 111 21 mosaiska
229 623 174 21 trosbekännare
419 625 33 19 att
468 623 70 21 vistas
554 623 7 21 i
578 623 75 21 landet
670 623 59 21 skall
745 622 105 27 upphöra,

98 658 29 22 dä
148 658 64 22 dessa
231 658 64 22 träda
310 658 7 21 i
334 658 130 27 äktenskap.
496 658 78 22 Ehuru
590 659 133 27 visserligen
740 664 27 16 en
783 658 68 22 sädan

98 694 80 27 ätgärd
198 694 72 22 skulle
292 694 97 22 medföra
411 694 86 22 lättnad
514 694 7 22 i
538 695 41 21 här
600 694 101 22 vistande
721 694 77 27 judars
814 694 36 21 be-

99 730 77 27 trykta
192 730 112 27 ställning,
326 736 53 15 vore
401 730 127 21 densamma
549 730 55 22 dock
627 730 63 28 längt
705 730 59 22 ifrän
781 729 70 28 egnad

99 768 33 19 att
148 766 150 21 ästadkomma
313 772 27 15 en
358 766 110 26 väsentlig
484 766 136 27 förbättring
636 766 24 21 af
674 766 65 22 deras
750 766 51 26 läge
812 765 40 21 och

101 804 58 19 ännu
176 802 84 21 mindre
276 804 29 19 att
323 802 28 26 pä
368 805 31 18 ett
415 802 121 21 bestäende
551 804 45 19 sätt
609 802 35 21 för
655 801 118 22 framtiden
784 801 68 21 ordna

98 837 106 29 judarnes
220 837 104 27 rättsliga
339 837 108 27 ställning
462 837 7 21 i
486 838 51 21 värt
553 838 58 21 land.

174 872 71 22 Sedan
266 875 86 19 senaste
374 873 111 27 landtdag,
507 873 28 21 dä
555 874 149 26 petitionerna
724 873 74 21 härom
816 873 36 21 be-

101 909 121 21 handlades
238 909 24 21 af
276 909 125 27 ständerna,
419 909 40 21 har
475 909 57 21 intet
548 908 105 28 inträffat,
672 916 44 14 som
734 908 75 28 gjorde
822 908 30 28 ju-

102 944 107 28 defrägan
231 945 39 21 hos
291 951 35 15 oss
348 944 34 22 för
398 944 38 22 det
455 945 139 21 närvarande
611 945 86 22 mindre
713 944 85 22 aktuell
814 944 38 21 och

102 981 113 21 ömmande
231 983 27 19 än
275 980 34 22 för
326 984 76 18 trenne
418 981 25 21 är
459 980 101 22 tillbaka.
592 981 77 27 Enligt
684 980 168 27 Kansliexpedi-

101 1017 87 21 tionens
205 1017 145 21 ofvannämda
366 1016 121 22 skrifvelse
503 1018 86 25 upphör
604 1018 76 20 rätten
697 1016 35 22 för
747 1017 55 20 barn
819 1016 35 21 till

103 1053 41 20 här
162 1053 86 21 bosatta
264 1052 65 27 judar
345 1055 33 18 att
393 1053 70 21 vistas
480 1053 7 20 i
503 1053 77 21 landet
595 1053 49 21 icke
660 1053 57 21 blott
733 1053 28 20 dä
777 1052 27 21 de
820 1052 33 21 sä-

103 1094 45 15 som
164 1087 115 22 fullvuxna
295 1088 72 21 lämna
383 1087 196 22 föräldrahemmet
596 1089 54 21 eller
666 1088 96 21 inkallas
778 1088 7 21 i
801 1088 53 21 mili-

102 1124 112 27 tärtjänst.
253 1124 44 22 Till
321 1124 122 21 sistnämda
466 1125 169 21 bestämmelser
659 1128 63 23 tager
747 1124 107 21 utskottet

102 1160 67 27 ingen
188 1160 92 27 hänsyn,
296 1161 46 20 lika
358 1160 49 21 litet
424 1167 44 15 som
486 1160 82 28 därtill,
586 1163 32 18 att
632 1160 105 27 judarnes
753 1160 101 27 närings-

103 1197 47 20 rätt
165 1197 25 20 är
206 1196 35 21 till
257 1196 37 21 det
308 1198 96 25 yttersta
421 1196 161 27 kringskuren;
600 1199 33 18 att
649 1197 65 21 dessa
729 1195 23 22 få
768 1196 87 21 bosätta

104 1231 34 28 sig
157 1232 6 20 i
183 1232 75 21 landet
277 1232 56 21 blott
351 1232 7 21 i
377 1234 79 19 trenne
477 1232 76 21 städer
574 1235 56 18 samt
646 1235 32 18 att
694 1232 28 22 de
737 1231 117 22 härstädes

104 1267 118 27 uppehälla
241 1268 35 27 sig
295 1267 77 22 endast
391 1268 28 26 pä
435 1268 72 27 grund
524 1268 26 21 af
563 1268 198 27 vistelsebiljetter,
779 1267 76 22 hvilka

104 1302 100 23 utfärdas
220 1304 28 25 pä
264 1304 51 21 kort
330 1303 39 26 tid,
386 1303 39 22 och
442 1304 89 21 hvilkas
542 1303 122 28 förnyande
676 1304 48 21 helt
735 1303 39 22 och
785 1303 71 22 hället

104 1339 72 27 ligger
192 1339 7 21 i
215 1339 194 28 myndigheternas
425 1340 62 21 skön.

177 1375 55 21 Värt
250 1375 52 21 land
320 1375 40 21 har
379 1375 68 22 redan
464 1376 95 26 uppnätt
576 1376 41 21 den
634 1375 220 27 kulturständpunkt,

104 1413 34 18 att
158 1411 38 21 det
216 1411 48 22 icke
286 1411 43 21 kan
351 1417 53 16 vara
423 1411 49 22 med
491 1411 51 22 dess
559 1411 119 28 värdighet
694 1411 112 27 förenligt,
823 1413 33 19 att

773 1459 11 16 2
