1023 1653
95 134 117 26 föreslagna
234 134 304 26 undantagsbestämningarna.
569 134 67 20 Dessa
650 134 121 26 godkändes
786 133 60 21 äfven

97 164 23 20 af
132 164 95 25 samtliga
243 163 67 25 stånd,
325 164 53 19 dock
393 165 29 24 så,
437 166 32 18 att
483 164 155 26 Ridderskapet
651 164 37 20 och
699 164 68 20 Adeln
778 163 68 20 äfven-

96 200 43 14 som
160 193 174 26 Borgareståndet
349 194 78 19 beslöto
442 196 31 18 att
487 194 47 19 från
549 193 109 26 meningen
676 193 104 26 ,lagstadt
795 193 51 25 tjen-

97 223 85 26 stehjon,
198 230 44 13 som
257 226 23 17 är
290 223 7 19 i
307 223 132 20 husbondens
449 224 60 20 kost"
523 223 63 21 orden
599 230 56 18 ,,som
666 226 22 17 är
698 224 7 19 i
715 223 131 20 husbondens

96 254 60 19 kost"
169 253 67 20 skulle
246 253 107 20 uteslutas.
365 253 48 20 Men
423 253 27 20 dä
459 253 116 21 Ständerna
585 253 45 20 icke
641 253 69 20 kunde
722 260 49 13 enas
782 260 31 12 om
822 252 24 20 de

98 283 65 20 andra
178 283 144 25 förändringar
338 283 7 19 i
363 284 25 18 12
405 284 13 25 $
433 284 24 19 L.
473 283 29 25 O.,
518 283 70 20 hvilka
604 283 6 19 i
626 290 76 13 samma
718 283 46 19 nåd.
776 289 70 19 propo-

98 313 60 20 sition
180 313 119 25 föreslogos,
315 312 68 20 förföll
398 313 60 20 äfven
474 313 68 20 denna
556 314 56 24 gäng
627 312 99 27 förslaget
742 312 105 26 angäende

98 342 191 26 omformuleringen
305 342 23 20 af
340 343 299 25 undantagsbestämningarna
654 343 7 18 i
677 342 47 20 dess
742 343 6 19 3
760 344 88 17 moment

98 373 37 19 och
157 372 86 20 sälunda
259 372 98 25 gvarstod
372 372 127 20 fortfarande
514 372 134 20 oförändradt
663 372 35 20 det
714 373 61 19 svära
790 372 58 19 miss-

98 402 132 27 förhållande,
248 409 31 13 om
294 402 64 20 hvars
373 402 145 26 upphäfvande
534 402 39 20 alla
589 402 61 20 stånd
667 402 53 20 varit
736 408 53 14 ense.

170 432 66 20 Sedan
260 432 67 19 denna
350 432 30 19 tid
398 432 61 20 hafva
473 439 44 13 mer
532 435 25 16 än
574 432 28 19 tio
618 433 23 18 är
657 431 85 20 förflutit
758 431 38 20 och
812 431 36 20 allt

98 462 103 26 tydligare
222 462 37 19 har
280 461 141 20 erfarenheten
436 462 59 25 visat,
511 463 54 18 huru
581 462 128 25 nödvändigt
724 461 35 20 det
774 465 28 21 är,
818 463 30 18 att

99 492 25 20 de
140 492 152 20 bestämmelser
307 492 7 19 i
330 491 241 26 Landtdagsordningen,
587 491 71 20 hvilka
673 493 53 24 angä
738 494 110 17 rösträtten

99 522 35 19 vid
150 522 34 19 val
199 522 32 19 till
246 521 181 25 Borgareständet,
443 522 63 19 blifva
522 523 23 18 sä
560 522 55 19 klart
630 521 141 25 formulerade,
782 523 31 17 att
824 521 25 19 de

100 552 18 25 ej
134 553 26 25 pä
176 554 30 17 ett
220 551 134 25 motsägande
370 552 37 19 och
423 551 130 26 godtyckligt
568 554 42 17 sätt
620 552 70 19 kunna
700 551 108 25 tillämpas,
819 553 30 17 att

100 584 87 17 rösträtt
210 582 46 18 med
280 581 46 20 stöd
349 581 20 19 af
389 581 46 19 dem
450 581 45 20 icke
511 582 41 19 kan
568 581 126 20 fränkännas
710 581 138 25 medborgare,

101 611 70 20 hvilka
186 611 65 25 enligt
266 611 71 25 lagens
353 611 53 19 anda
422 611 37 19 och
475 611 83 26 mening
573 611 67 20 denna
650 613 42 17 rätt
703 618 43 18 ega,
758 613 30 17 att
799 613 50 17 röst-

101 644 42 16 rätt
167 641 45 19 icke
233 641 7 19 i
261 647 25 13 en
302 640 46 20 stad
364 641 41 19 kan
421 641 126 20 fränkännas
563 641 77 19 sädana
655 648 90 18 grupper
760 640 23 20 af
796 640 53 20 med-

101 671 92 25 borgare,
216 670 70 20 hvilka
310 677 76 13 samma
401 673 42 17 rätt
458 671 7 18 i
481 677 25 13 en
522 677 68 13 annan
605 671 139 24 tillerkännes,
760 672 31 17 att
806 669 44 20 icke

102 707 24 13 en
148 700 139 20 rättskänslan
310 700 87 20 särande
413 701 141 19 obestämdhet
569 701 37 19 och
622 707 25 13 en
664 700 120 25 fullständig
799 699 52 20 brist

102 731 26 25 pä
152 731 128 24 konsegvens
303 729 21 20 få
344 730 95 20 förblifva
459 730 96 25 gällande
570 731 7 18 i
593 737 25 13 en
634 731 43 24 sak,
693 737 43 13 som
751 730 60 19 berör
826 735 25 14 en

102 760 24 19 af
138 760 158 25 medborgarnes
312 760 121 25 dyrbaraste
449 760 127 25 rättigheter.

174 790 10 19 I
200 791 46 18 värt
260 789 50 20 land
325 790 58 19 torde
398 790 103 26 knappast
511 790 66 19 finnas
592 793 77 17 tvänne
680 789 74 25 städer,
764 789 7 19 i
782 788 70 21 hvilka

103 819 157 26 röstlängderna
275 819 31 20 för
317 819 246 26 landtdagsmannavalen
574 823 34 16 äro
620 820 51 19 efter
682 819 84 20 alldeles
777 825 75 13 samma

103 849 103 26 principer
230 849 119 26 uppgjorda,
373 850 37 19 och
433 850 66 19 likasä
522 850 102 25 knappast
639 856 25 13 en
680 849 52 20 enda
748 849 52 24 stad,
816 848 36 20 der

104 887 47 12 man
168 879 34 20 vid
218 879 142 26 uppgörandet
376 879 22 20 af
411 879 60 20 dessa
487 879 86 26 längder
589 879 65 20 under
665 879 67 20 skilda
743 879 53 19 tider
805 885 47 18 nog-

103 912 76 23 grannt
202 909 66 20 skulle
291 909 97 26 iakttagit
411 916 76 13 samma
510 909 108 26 principer.
648 910 63 19 Detta
726 908 127 20 förhällande

104 939 38 19 har
158 939 54 20 varit
226 939 102 20 beroende
344 939 23 19 af
380 939 25 20 de
421 946 104 19 personer,
541 946 43 13 som
599 939 31 20 för
646 939 71 26 hvarje
732 940 56 24 gäng
802 945 52 18 upp-

104 969 55 24 gjort
182 969 139 24 röstlängden,
345 969 38 19 och
406 969 23 19 af
445 969 39 19 den
501 969 95 24 tolkning
610 969 61 19 dessa
686 969 60 24 gifvit
762 968 25 19 de
802 970 52 16 röst-

104 1001 67 16 rätten
187 997 113 20 berörande
316 998 82 25 mycket
414 998 92 25 otydliga
522 998 147 25 stadgandena.
692 998 44 20 Och
746 999 26 24 pä
784 1003 70 14 senare

106 1027 53 20 tider
174 1028 37 19 har
227 1034 25 13 en
269 1028 37 19 allt
321 1034 43 13 mer
375 1028 106 19 restriktiv
491 1028 93 25 riktning
595 1028 73 19 vunnit
678 1027 69 26 insteg
758 1027 34 20 vid
804 1027 50 19 tolk-

106 1057 75 26 ningen
198 1058 22 19 af
234 1057 61 20 dessa
310 1057 134 26 stadganden.

177 1087 57 20 Intill
257 1089 82 18 senaste
360 1087 53 20 tider
429 1088 37 19 har
482 1095 46 12 man
544 1090 69 17 ansett
628 1087 35 20 det
679 1094 50 13 vara
746 1093 24 13 en
786 1086 71 26 gifven

106 1117 44 25 sak,
170 1120 30 17 att
220 1117 125 25 gärdsegare
360 1117 8 20 i
383 1117 69 20 städer
468 1121 35 16 äro
519 1117 35 20 vid
570 1117 220 25 landtdagsmannaval
804 1118 52 17 röst-

106 1147 127 25 berättigade
256 1146 46 20 med
320 1147 107 26 undantag
442 1147 23 20 af
479 1147 51 26 dem,
546 1147 70 20 hvilka
632 1150 35 16 äro
683 1147 109 19 frälsemän
808 1146 48 19 eller

106 1176 84 19 tillhöra
205 1177 163 20 Presteständet.
399 1177 47 19 Men
463 1180 14 16 t.
493 1183 30 13 ox.
539 1177 35 19 vid
590 1177 55 20 valet
660 1177 7 18 i
683 1176 136 20 Tammerfors
834 1177 24 18 är

110 1207 56 18 1893
189 1207 100 19 uteslötos
313 1213 24 13 ur
360 1207 132 25 röstlängden
518 1207 22 19 af
560 1213 25 13 en
604 1207 49 19 eller
669 1213 67 13 annan
753 1205 60 20 orsak
830 1206 27 19 34

107 1235 131 26 gärdsegare,
261 1236 63 19 bland
344 1236 60 20 dessa
419 1237 31 18 till
466 1237 38 19 och
520 1236 46 20 med
582 1236 82 25 sådana,
680 1243 43 13 som
738 1236 7 19 i
762 1235 25 20 de
802 1235 53 20 kom

107 1266 81 19 munala
200 1266 59 19 valen
276 1266 51 25 egde
341 1266 77 20 enhvar
436 1267 26 18 19
474 1269 72 22 röster,
558 1269 51 16 samt
620 1265 35 20 vid
665 1265 193 26 landtdagsmanna-

107 1295 56 20 valet
185 1295 7 20 i
214 1295 128 26 Björneborg
365 1295 57 20 detta
445 1299 23 16 är
486 1296 46 19 icke
548 1295 78 20 mindre
641 1298 26 17 än
684 1296 28 19 70
728 1295 130 26 gärdsegare.

108 1324 41 20 Till
172 1324 25 20 de
222 1325 19 25 ,i
264 1332 69 12 annan
357 1325 62 25 tjenst
435 1325 106 19 anstälde*
559 1325 61 20 hafva
635 1325 85 19 räknats
736 1324 61 20 äfven
813 1325 45 24 säg-

108 1354 116 26 förvaltare,
234 1354 87 20 fabriks-
332 1355 38 19 och
381 1354 209 26 affärsföreständare,
599 1354 22 26 ja
632 1354 31 20 till
671 1355 37 19 och
717 1354 46 20 med
771 1354 87 20 hufvud-

108 1384 122 20 redaktören
254 1384 32 20 för
309 1391 25 13 en
357 1384 87 26 tidning.
476 1384 41 20 Till
537 1384 107 26 kategorin
662 1384 37 25 ,de
715 1391 42 13 som
773 1383 87 26 försörja
