1003 1656
252 122 277 23 Petitionsbetänkande
545 123 44 23 N:o
609 124 39 22 49.
821 126 12 18 9

81 196 36 14 om
138 191 26 19 de
180 192 6 19 i
201 190 107 22 samband
329 191 50 20 med
400 192 176 22 guvernörernas
599 192 111 23 rapporter
731 191 39 19 och
793 191 40 19 del-

82 224 34 19 vis
137 224 65 20 äfven
224 226 63 19 deras
306 224 128 21 utlåtanden
457 222 92 22 stående
572 224 83 23 viktiga
676 223 101 25 frågorna
798 229 35 15 an-

82 256 82 25 gående
179 258 137 24 reglerandet
331 258 22 19 af
367 258 25 19 de
407 257 6 19 i
423 257 139 19 främmande
575 256 51 20 land
636 256 112 24 ingångna
757 257 75 19 äkten-

81 290 95 24 skapens
192 291 107 25 giltighet,
316 290 118 20 ställandet
446 290 24 19 af
477 290 80 19 ombud
565 290 34 19 för
606 290 227 24 emigrant
723 286 13 34 i
748 290 85 24 hemlan-

81 323 42 25 det,
132 323 171 25 emigrationens
312 323 92 20 konflikt
414 322 50 20 med
476 323 149 24 värneplikten
637 328 29 14 m.
676 328 29 14 m.
727 323 37 19 Alt
773 323 61 19 detta

82 356 56 19 skall
160 357 35 19 väl
210 357 7 19 i
232 357 72 19 sinom
320 357 37 24 tid,
372 356 7 19 i
394 356 98 24 enlighet
507 356 48 19 med
571 356 133 19 Ständernas
719 356 113 24 uttryckta

83 388 93 25 önskan,
198 390 23 19 af
241 389 136 24 Regeringen
397 389 77 23 läggas
501 388 32 20 till
555 388 69 24 grund
639 388 33 20 för
686 388 103 20 framtida
804 387 29 21 åt-

82 421 82 24 gärder.
194 422 59 19 Dock
275 423 45 18 tror
341 422 34 23 sig
389 421 122 24 Utskottet,
527 427 48 14 som
591 421 33 19 vid
640 421 192 24 handläggningen

81 454 24 19 af
125 459 29 15 nu
175 455 148 24 föreliggande
345 454 61 24 fråga
420 455 6 18 i
441 455 44 23 hög
507 455 52 23 grad
577 454 70 19 skulle
669 454 48 19 haft
731 454 66 19 behof
810 454 24 19 af

82 487 135 25 fullständig,
233 488 124 24 tillförlitlig
372 487 99 20 statistik
486 487 91 20 rörande
593 487 238 24 emigrationsrörelsen

81 520 41 19 och
136 521 58 19 hvad
208 521 88 19 därmed
312 521 193 24 sammanhänger,
521 521 39 19 och
575 520 74 19 funnit
664 520 36 19 det
714 520 23 19 af
747 520 86 19 landets

81 555 135 22 guvernörer
235 554 179 23 sammanbragta
429 553 125 20 materialet
569 552 61 25 långt
646 552 55 20 ifrån
717 553 117 24 tillfyllest-

83 587 95 22 görande
203 585 135 21 åtminstone
362 587 56 18 hvad
442 586 198 24 fullständigheten
665 585 107 24 beträffar,
791 587 42 22 äga

82 619 48 19 skäl
151 619 33 19 till
208 619 113 20 uttalande
345 620 25 19 af
391 619 40 20 den
456 619 145 24 förhoppning
626 620 38 23 att,
689 618 24 20 så
737 619 45 19 vidt
802 617 31 21 så-

82 651 54 20 dant
156 652 49 19 med
221 652 33 19 till
269 652 54 19 buds
339 651 89 20 stående
444 652 82 19 krafter
541 652 42 19 kan
599 651 170 24 åstadkommas,
785 657 49 18 nog-

85 689 107 20 grannare
215 685 110 20 statistisk
344 685 115 24 utredning
483 685 22 19 af
525 685 252 24 emigrationsrörelsens
792 685 43 19 alla

82 717 96 25 detaljer.
194 719 27 18 än
237 718 40 19 den
294 718 78 19 hittills
387 718 130 24 förebragta,
532 717 69 20 måtte
615 718 146 19 införskaffas.

155 780 72 19 Ehuru
235 781 116 19 Utskottet
358 781 47 19 icke
415 781 48 19 haft
471 781 86 20 tillfälle
565 782 34 18 att
606 786 25 14 ur
638 781 32 19 till
680 781 53 19 buds
742 780 90 21 stående

81 813 101 20 material
198 814 75 19 hämta
288 814 29 19 all
333 814 41 19 den
389 814 118 24 bevisning
521 818 49 16 som
585 814 32 19 till
628 814 48 19 stöd
687 814 34 19 för
731 814 103 20 behofvet

81 846 23 19 af
118 846 41 19 den
176 846 6 19 i
197 847 142 20 förevarande
349 846 38 21 två
397 847 221 24 petitionsmemorial
628 846 101 25 åsyftade
740 847 94 24 lagstift-

83 878 171 25 ningsåtgärden
276 880 85 20 kunnat
382 885 52 14 vara
456 880 132 25 erforderlig,
612 881 44 19 tror
670 881 35 24 sig
719 880 115 20 Utskottet

82 911 134 20 emellertid
209 907 12 34 i
227 912 36 20 det
273 913 96 24 anförda,
380 913 173 19 sammanstäldt
563 913 49 19 med
623 913 57 19 hvad
688 913 146 24 förslagsstäl-

82 944 60 19 larne
158 943 13 20 å
181 944 34 20 sin
227 945 46 19 sida
283 944 110 26 åberopat,
404 946 66 19 hafva
480 946 111 24 förebragt
601 946 127 24 tillräckligt
736 946 98 24 vägande

82 977 48 19 skäl
144 977 34 19 för
192 982 27 14 en
236 978 129 24 fullständig
380 979 131 24 anslutning
525 979 33 19 till
573 979 262 25 petitionsmemorialens

83 1009 64 25 syfte,
158 1010 41 19 och
213 1009 34 21 får
261 1010 114 20 Utskottet
389 1011 59 25 förty
464 1012 40 19 hos
519 1012 86 20 landets
616 1012 117 24 höglofliga
743 1012 92 20 Ständer

82 1042 114 20 vördsamt
209 1042 81 21 föreslå
300 1049 27 14 en
338 1043 135 25 underdånig
489 1045 92 24 petition
597 1045 74 20 därom

371 1126 32 20 alt
428 1125 136 27 Regeringen
589 1126 48 22 ville
662 1125 47 23 låta
734 1127 102 21 utarbeta

294 1160 87 26 förslag
406 1160 32 22 till
462 1161 138 27 stadganden
618 1161 114 27 angående
752 1162 59 22 hvad
826 1163 9 21 i

296 1196 101 26 afseende
421 1196 15 21 å
462 1198 147 26 emigranters
632 1198 147 26 befordrande
802 1199 34 21 till

293 1231 146 27 främmande
461 1233 113 21 världsdel
597 1234 110 27 iakttagas
722 1234 39 22 bör
776 1236 59 20 samt

294 1267 115 27 förelägga
440 1270 267 22 nästsammanträdande
738 1270 96 22 Ständer

296 1302 69 28 nädig
384 1305 141 25 proposition
540 1306 9 20 i
563 1306 79 21 ämnet.

153 1384 145 25 Helsingfors,
335 1386 118 20 Allmänna
491 1388 221 25 €petitionsutskottet,
746 1390 41 19 den
820 1390 13 18 6

96 1416 40 24 Maj
153 1417 58 20 1897.

154 1465 89 15 Allmänna
249 1466 157 18 petitionsutskottets
416 1468 100 15 betänkande
526 1469 29 14 N:o
563 1470 24 14 2.
