<?xml version="1.0" encoding="UTF-8"?>
<alto xmlns="http://www.loc.gov/standards/alto/ns-v3#" xmlns:xlink="http://www.w3.org/1999/xlink" xmlns:xsi="http://www.w3.org/2001/XMLSchema-instance" xsi:schemaLocation="http://www.loc.gov/standards/alto/ns-v3# http://www.loc.gov/alto/v3/alto-3-0.xsd">
	<Description>
		<MeasurementUnit>pixel</MeasurementUnit>
		<sourceImageInformation>
			<fileName>/tmp/tess_u0043elv_input.PNG</fileName>
		</sourceImageInformation>
		<OCRProcessing ID="OCR_0">
			<ocrProcessingStep>
				<processingSoftware>
					<softwareName>tesseract 5.3.4</softwareName>
				</processingSoftware>
			</ocrProcessingStep>
		</OCRProcessing>
	</Description>
	<Layout>
		<Page WIDTH="1025" HEIGHT="1656" PHYSICAL_IMG_NR="0" ID="page_0">
			<PrintSpace HPOS="0" VPOS="0" WIDTH="1025" HEIGHT="1656">
				<ComposedBlock ID="cblock_0" HPOS="211" VPOS="78" WIDTH="521" HEIGHT="24">
					<TextBlock ID="block_0" HPOS="211" VPOS="78" WIDTH="521" HEIGHT="24">
						<TextLine ID="line_0" HPOS="211" VPOS="78" WIDTH="521" HEIGHT="24">
							<String ID="string_0" HPOS="211" VPOS="80" WIDTH="12" HEIGHT="18" WC="0.96" CONTENT="2"/><SP WIDTH="161" VPOS="80" HPOS="223"/>
							<String ID="string_1" HPOS="384" VPOS="78" WIDTH="239" HEIGHT="23" WC="0.91" CONTENT="Petitionsbetänkande"/><SP WIDTH="16" VPOS="78" HPOS="623"/>
							<String ID="string_2" HPOS="639" VPOS="79" WIDTH="38" HEIGHT="23" WC="0.96" CONTENT="N:o"/><SP WIDTH="16" VPOS="79" HPOS="677"/>
							<String ID="string_3" HPOS="693" VPOS="78" WIDTH="39" HEIGHT="22" WC="0.96" CONTENT="66."/>
						</TextLine>
					</TextBlock>
				</ComposedBlock>
				<ComposedBlock ID="cblock_1" HPOS="179" VPOS="149" WIDTH="758" HEIGHT="1285">
					<TextBlock ID="block_1" HPOS="179" VPOS="149" WIDTH="756" HEIGHT="281">
						<TextLine ID="line_1" HPOS="253" VPOS="149" WIDTH="680" HEIGHT="29">
							<String ID="string_4" HPOS="253" VPOS="149" WIDTH="166" HEIGHT="22" WC="0.92" CONTENT="Minuthandeln"/><SP WIDTH="23" VPOS="149" HPOS="419"/>
							<String ID="string_5" HPOS="442" VPOS="149" WIDTH="39" HEIGHT="22" WC="0.95" CONTENT="hos"/><SP WIDTH="17" VPOS="149" HPOS="481"/>
							<String ID="string_6" HPOS="498" VPOS="156" WIDTH="36" HEIGHT="15" WC="0.92" CONTENT="oss"/><SP WIDTH="27" VPOS="156" HPOS="534"/>
							<String ID="string_7" HPOS="561" VPOS="149" WIDTH="93" HEIGHT="22" WC="0.90" CONTENT="sträfvar"/><SP WIDTH="22" VPOS="149" HPOS="654"/>
							<String ID="string_8" HPOS="676" VPOS="151" WIDTH="31" HEIGHT="19" WC="0.96" CONTENT="att"/><SP WIDTH="23" VPOS="151" HPOS="707"/>
							<String ID="string_9" HPOS="730" VPOS="149" WIDTH="24" HEIGHT="21" WC="0.96" CONTENT="så"/><SP WIDTH="21" VPOS="149" HPOS="754"/>
							<String ID="string_10" HPOS="775" VPOS="149" WIDTH="88" HEIGHT="29" WC="0.96" CONTENT="mycket"/><SP WIDTH="24" VPOS="149" HPOS="863"/>
							<String ID="string_11" HPOS="887" VPOS="156" WIDTH="46" HEIGHT="15" WC="0.96" CONTENT="som"/>
						</TextLine>
						<TextLine ID="line_2" HPOS="180" VPOS="184" WIDTH="754" HEIGHT="30">
							<String ID="string_12" HPOS="180" VPOS="185" WIDTH="85" HEIGHT="29" WC="0.93" CONTENT="möjligt"/><SP WIDTH="15" VPOS="185" HPOS="265"/>
							<String ID="string_13" HPOS="280" VPOS="185" WIDTH="138" HEIGHT="29" WC="0.92" CONTENT="specialicera"/><SP WIDTH="16" VPOS="185" HPOS="418"/>
							<String ID="string_14" HPOS="434" VPOS="185" WIDTH="27" HEIGHT="22" WC="0.97" CONTENT="de"/><SP WIDTH="15" VPOS="185" HPOS="461"/>
							<String ID="string_15" HPOS="476" VPOS="192" WIDTH="71" HEIGHT="20" WC="0.96" CONTENT="varor,"/><SP WIDTH="15" VPOS="192" HPOS="547"/>
							<String ID="string_16" HPOS="562" VPOS="185" WIDTH="75" HEIGHT="22" WC="0.96" CONTENT="hvilka"/><SP WIDTH="15" VPOS="185" HPOS="637"/>
							<String ID="string_17" HPOS="652" VPOS="186" WIDTH="76" HEIGHT="28" WC="0.96" CONTENT="utgöra"/><SP WIDTH="10" VPOS="186" HPOS="728"/>
							<String ID="string_18" HPOS="738" VPOS="184" WIDTH="89" HEIGHT="22" WC="0.96" CONTENT="föremål"/><SP WIDTH="9" VPOS="184" HPOS="827"/>
							<String ID="string_19" HPOS="836" VPOS="185" WIDTH="35" HEIGHT="22" WC="0.93" CONTENT="för"/><SP WIDTH="11" VPOS="185" HPOS="871"/>
							<String ID="string_20" HPOS="882" VPOS="185" WIDTH="52" HEIGHT="22" WC="0.92" CONTENT="den-"/>
						</TextLine>
						<TextLine ID="line_3" HPOS="180" VPOS="220" WIDTH="754" HEIGHT="30">
							<String ID="string_21" HPOS="180" VPOS="228" WIDTH="90" HEIGHT="16" WC="0.95" CONTENT="samma."/><SP WIDTH="30" VPOS="228" HPOS="270"/>
							<String ID="string_22" HPOS="300" VPOS="221" WIDTH="12" HEIGHT="21" WC="0.95" CONTENT="I"/><SP WIDTH="16" VPOS="221" HPOS="312"/>
							<String ID="string_23" HPOS="328" VPOS="222" WIDTH="68" HEIGHT="20" WC="0.96" CONTENT="större"/><SP WIDTH="17" VPOS="222" HPOS="396"/>
							<String ID="string_24" HPOS="413" VPOS="221" WIDTH="72" HEIGHT="22" WC="0.96" CONTENT="städer"/><SP WIDTH="15" VPOS="221" HPOS="485"/>
							<String ID="string_25" HPOS="500" VPOS="223" WIDTH="25" HEIGHT="19" WC="0.96" CONTENT="är"/><SP WIDTH="15" VPOS="223" HPOS="525"/>
							<String ID="string_26" HPOS="540" VPOS="220" WIDTH="70" HEIGHT="22" WC="0.96" CONTENT="denna"/><SP WIDTH="16" VPOS="220" HPOS="610"/>
							<String ID="string_27" HPOS="626" VPOS="222" WIDTH="84" HEIGHT="28" WC="0.96" CONTENT="nyttiga"/><SP WIDTH="15" VPOS="222" HPOS="710"/>
							<String ID="string_28" HPOS="725" VPOS="221" WIDTH="79" HEIGHT="21" WC="0.96" CONTENT="reform"/><SP WIDTH="16" VPOS="221" HPOS="804"/>
							<String ID="string_29" HPOS="820" VPOS="220" WIDTH="67" HEIGHT="23" WC="0.93" CONTENT="redan"/><SP WIDTH="10" VPOS="220" HPOS="887"/>
							<String ID="string_30" HPOS="897" VPOS="228" WIDTH="37" HEIGHT="22" WC="0.93" CONTENT="ge-"/>
						</TextLine>
						<TextLine ID="line_4" HPOS="179" VPOS="256" WIDTH="756" HEIGHT="30">
							<String ID="string_31" HPOS="179" VPOS="257" WIDTH="101" HEIGHT="22" WC="0.92" CONTENT="nomförd"/><SP WIDTH="17" VPOS="257" HPOS="280"/>
							<String ID="string_32" HPOS="297" VPOS="257" WIDTH="40" HEIGHT="21" WC="0.97" CONTENT="och"/><SP WIDTH="16" VPOS="257" HPOS="337"/>
							<String ID="string_33" HPOS="353" VPOS="258" WIDTH="76" HEIGHT="21" WC="0.96" CONTENT="vinner"/><SP WIDTH="15" VPOS="258" HPOS="429"/>
							<String ID="string_34" HPOS="444" VPOS="257" WIDTH="42" HEIGHT="22" WC="0.96" CONTENT="den"/><SP WIDTH="16" VPOS="257" HPOS="486"/>
							<String ID="string_35" HPOS="502" VPOS="256" WIDTH="50" HEIGHT="23" WC="0.96" CONTENT="med"/><SP WIDTH="15" VPOS="256" HPOS="552"/>
							<String ID="string_36" HPOS="567" VPOS="256" WIDTH="59" HEIGHT="23" WC="0.96" CONTENT="tiden"/><SP WIDTH="17" VPOS="256" HPOS="626"/>
							<String ID="string_37" HPOS="643" VPOS="258" WIDTH="39" HEIGHT="21" WC="0.95" CONTENT="allt"/><SP WIDTH="10" VPOS="258" HPOS="682"/>
							<String ID="string_38" HPOS="692" VPOS="264" WIDTH="46" HEIGHT="15" WC="0.96" CONTENT="mer"/><SP WIDTH="10" VPOS="264" HPOS="738"/>
							<String ID="string_39" HPOS="748" VPOS="259" WIDTH="86" HEIGHT="27" WC="0.96" CONTENT="terräng"/><SP WIDTH="10" VPOS="259" HPOS="834"/>
							<String ID="string_40" HPOS="844" VPOS="258" WIDTH="33" HEIGHT="21" WC="0.96" CONTENT="till"/><SP WIDTH="12" VPOS="258" HPOS="877"/>
							<String ID="string_41" HPOS="889" VPOS="260" WIDTH="46" HEIGHT="19" WC="0.96" CONTENT="stor"/>
						</TextLine>
						<TextLine ID="line_5" HPOS="179" VPOS="293" WIDTH="755" HEIGHT="29">
							<String ID="string_42" HPOS="179" VPOS="293" WIDTH="85" HEIGHT="22" WC="0.96" CONTENT="förmån"/><SP WIDTH="18" VPOS="293" HPOS="264"/>
							<String ID="string_43" HPOS="282" VPOS="293" WIDTH="34" HEIGHT="21" WC="0.96" CONTENT="för"/><SP WIDTH="15" VPOS="293" HPOS="316"/>
							<String ID="string_44" HPOS="331" VPOS="293" WIDTH="101" HEIGHT="29" WC="0.96" CONTENT="köparen,"/><SP WIDTH="17" VPOS="293" HPOS="432"/>
							<String ID="string_45" HPOS="449" VPOS="301" WIDTH="46" HEIGHT="14" WC="0.93" CONTENT="som"/><SP WIDTH="15" VPOS="301" HPOS="495"/>
							<String ID="string_46" HPOS="510" VPOS="293" WIDTH="125" HEIGHT="29" WC="0.92" CONTENT="derigenom"/><SP WIDTH="15" VPOS="293" HPOS="635"/>
							<String ID="string_47" HPOS="650" VPOS="293" WIDTH="35" HEIGHT="21" WC="0.96" CONTENT="får"/><SP WIDTH="15" VPOS="293" HPOS="685"/>
							<String ID="string_48" HPOS="700" VPOS="301" WIDTH="66" HEIGHT="14" WC="0.95" CONTENT="varan"/><SP WIDTH="15" VPOS="301" HPOS="766"/>
							<String ID="string_49" HPOS="781" VPOS="294" WIDTH="34" HEIGHT="21" WC="0.95" CONTENT="till"/><SP WIDTH="16" VPOS="294" HPOS="815"/>
							<String ID="string_50" HPOS="831" VPOS="294" WIDTH="56" HEIGHT="21" WC="0.93" CONTENT="efter"/><SP WIDTH="10" VPOS="294" HPOS="887"/>
							<String ID="string_51" HPOS="897" VPOS="294" WIDTH="37" HEIGHT="21" WC="0.92" CONTENT="be-"/>
						</TextLine>
						<TextLine ID="line_6" HPOS="179" VPOS="329" WIDTH="754" HEIGHT="29">
							<String ID="string_52" HPOS="179" VPOS="329" WIDTH="78" HEIGHT="22" WC="0.90" CONTENT="hofvet"/><SP WIDTH="19" VPOS="329" HPOS="257"/>
							<String ID="string_53" HPOS="276" VPOS="329" WIDTH="112" HEIGHT="29" WC="0.90" CONTENT="afpassadt"/><SP WIDTH="15" VPOS="329" HPOS="388"/>
							<String ID="string_54" HPOS="403" VPOS="329" WIDTH="70" HEIGHT="29" WC="0.96" CONTENT="billigt"/><SP WIDTH="21" VPOS="329" HPOS="473"/>
							<String ID="string_55" HPOS="494" VPOS="330" WIDTH="51" HEIGHT="28" WC="0.95" CONTENT="pris,"/><SP WIDTH="16" VPOS="330" HPOS="545"/>
							<String ID="string_56" HPOS="561" VPOS="329" WIDTH="41" HEIGHT="22" WC="0.96" CONTENT="och"/><SP WIDTH="15" VPOS="329" HPOS="602"/>
							<String ID="string_57" HPOS="617" VPOS="329" WIDTH="35" HEIGHT="22" WC="0.96" CONTENT="för"/><SP WIDTH="15" VPOS="329" HPOS="652"/>
							<String ID="string_58" HPOS="667" VPOS="329" WIDTH="97" HEIGHT="29" WC="0.96" CONTENT="säljaren,"/><SP WIDTH="17" VPOS="329" HPOS="764"/>
							<String ID="string_59" HPOS="781" VPOS="337" WIDTH="45" HEIGHT="14" WC="0.96" CONTENT="som"/><SP WIDTH="17" VPOS="337" HPOS="826"/>
							<String ID="string_60" HPOS="843" VPOS="329" WIDTH="90" HEIGHT="22" WC="0.96" CONTENT="sålunda"/>
						</TextLine>
						<TextLine ID="line_7" HPOS="180" VPOS="365" WIDTH="752" HEIGHT="30">
							<String ID="string_61" HPOS="180" VPOS="365" WIDTH="28" HEIGHT="22" WC="0.96" CONTENT="då"/><SP WIDTH="15" VPOS="365" HPOS="208"/>
							<String ID="string_62" HPOS="223" VPOS="365" WIDTH="43" HEIGHT="22" WC="0.96" CONTENT="han"/><SP WIDTH="16" VPOS="365" HPOS="266"/>
							<String ID="string_63" HPOS="282" VPOS="365" WIDTH="80" HEIGHT="29" WC="0.96" CONTENT="sysslar"/><SP WIDTH="15" VPOS="365" HPOS="362"/>
							<String ID="string_64" HPOS="377" VPOS="365" WIDTH="50" HEIGHT="22" WC="0.96" CONTENT="med"/><SP WIDTH="15" VPOS="365" HPOS="427"/>
							<String ID="string_65" HPOS="442" VPOS="365" WIDTH="56" HEIGHT="23" WC="0.96" CONTENT="blott"/><SP WIDTH="15" VPOS="365" HPOS="498"/>
							<String ID="string_66" HPOS="513" VPOS="365" WIDTH="24" HEIGHT="22" WC="0.93" CONTENT="få"/><SP WIDTH="16" VPOS="365" HPOS="537"/>
							<String ID="string_67" HPOS="553" VPOS="365" WIDTH="105" HEIGHT="29" WC="0.92" CONTENT="varuslag,"/><SP WIDTH="16" VPOS="365" HPOS="658"/>
							<String ID="string_68" HPOS="674" VPOS="365" WIDTH="42" HEIGHT="22" WC="0.96" CONTENT="kan"/><SP WIDTH="17" VPOS="365" HPOS="716"/>
							<String ID="string_69" HPOS="733" VPOS="365" WIDTH="56" HEIGHT="30" WC="0.96" CONTENT="köpa"/><SP WIDTH="16" VPOS="365" HPOS="789"/>
							<String ID="string_70" HPOS="805" VPOS="373" WIDTH="66" HEIGHT="15" WC="0.95" CONTENT="varan"/><SP WIDTH="11" VPOS="373" HPOS="871"/>
							<String ID="string_71" HPOS="882" VPOS="365" WIDTH="50" HEIGHT="23" WC="0.96" CONTENT="med"/>
						</TextLine>
						<TextLine ID="line_8" HPOS="180" VPOS="401" WIDTH="499" HEIGHT="29">
							<String ID="string_72" HPOS="180" VPOS="403" WIDTH="69" HEIGHT="20" WC="0.93" CONTENT="större"/><SP WIDTH="17" VPOS="403" HPOS="249"/>
							<String ID="string_73" HPOS="266" VPOS="401" WIDTH="128" HEIGHT="29" WC="0.92" CONTENT="urskiljning"/><SP WIDTH="16" VPOS="401" HPOS="394"/>
							<String ID="string_74" HPOS="410" VPOS="401" WIDTH="41" HEIGHT="22" WC="0.96" CONTENT="och"/><SP WIDTH="15" VPOS="401" HPOS="451"/>
							<String ID="string_75" HPOS="466" VPOS="401" WIDTH="34" HEIGHT="22" WC="0.96" CONTENT="till"/><SP WIDTH="15" VPOS="401" HPOS="500"/>
							<String ID="string_76" HPOS="515" VPOS="401" WIDTH="97" HEIGHT="29" WC="0.96" CONTENT="billigare"/><SP WIDTH="16" VPOS="401" HPOS="612"/>
							<String ID="string_77" HPOS="628" VPOS="402" WIDTH="51" HEIGHT="28" WC="0.95" CONTENT="pris."/>
						</TextLine>
					</TextBlock>
					<TextBlock ID="block_2" HPOS="180" VPOS="437" WIDTH="755" HEIGHT="102">
						<TextLine ID="line_9" HPOS="249" VPOS="437" WIDTH="686" HEIGHT="30">
							<String ID="string_78" HPOS="249" VPOS="438" WIDTH="45" HEIGHT="21" WC="0.96" CONTENT="Det"/><SP WIDTH="15" VPOS="438" HPOS="294"/>
							<String ID="string_79" HPOS="309" VPOS="445" WIDTH="63" HEIGHT="21" WC="0.96" CONTENT="synes"/><SP WIDTH="18" VPOS="445" HPOS="372"/>
							<String ID="string_80" HPOS="390" VPOS="445" WIDTH="44" HEIGHT="14" WC="0.96" CONTENT="som"/><SP WIDTH="15" VPOS="445" HPOS="434"/>
							<String ID="string_81" HPOS="449" VPOS="446" WIDTH="27" HEIGHT="14" WC="0.95" CONTENT="om"/><SP WIDTH="11" VPOS="446" HPOS="476"/>
							<String ID="string_82" HPOS="487" VPOS="437" WIDTH="77" HEIGHT="30" WC="0.93" CONTENT="denna"/><SP WIDTH="11" VPOS="437" HPOS="564"/>
							<String ID="string_83" HPOS="575" VPOS="438" WIDTH="215" HEIGHT="28" WC="0.92" CONTENT="varuspecialisering"/><SP WIDTH="10" VPOS="438" HPOS="790"/>
							<String ID="string_84" HPOS="800" VPOS="437" WIDTH="135" HEIGHT="23" WC="0.91" CONTENT="föresväfvat"/>
						</TextLine>
						<TextLine ID="line_10" HPOS="180" VPOS="474" WIDTH="755" HEIGHT="28">
							<String ID="string_85" HPOS="180" VPOS="474" WIDTH="149" HEIGHT="28" WC="0.92" CONTENT="petitionären,"/><SP WIDTH="17" VPOS="474" HPOS="329"/>
							<String ID="string_86" HPOS="346" VPOS="482" WIDTH="48" HEIGHT="14" WC="0.97" CONTENT="men"/><SP WIDTH="16" VPOS="482" HPOS="394"/>
							<String ID="string_87" HPOS="410" VPOS="474" WIDTH="39" HEIGHT="22" WC="0.96" CONTENT="har"/><SP WIDTH="15" VPOS="474" HPOS="449"/>
							<String ID="string_88" HPOS="464" VPOS="474" WIDTH="42" HEIGHT="22" WC="0.92" CONTENT="han"/><SP WIDTH="16" VPOS="474" HPOS="506"/>
							<String ID="string_89" HPOS="522" VPOS="474" WIDTH="77" HEIGHT="22" WC="0.92" CONTENT="dervid"/><SP WIDTH="15" VPOS="474" HPOS="599"/>
							<String ID="string_90" HPOS="614" VPOS="474" WIDTH="107" HEIGHT="27" WC="0.91" CONTENT="förbisett,"/><SP WIDTH="16" VPOS="474" HPOS="721"/>
							<String ID="string_91" HPOS="737" VPOS="476" WIDTH="32" HEIGHT="20" WC="0.96" CONTENT="att"/><SP WIDTH="9" VPOS="476" HPOS="769"/>
							<String ID="string_92" HPOS="778" VPOS="481" WIDTH="35" HEIGHT="14" WC="0.96" CONTENT="om"/><SP WIDTH="15" VPOS="481" HPOS="813"/>
							<String ID="string_93" HPOS="828" VPOS="474" WIDTH="107" HEIGHT="22" WC="0.96" CONTENT="reformen"/>
						</TextLine>
						<TextLine ID="line_11" HPOS="180" VPOS="509" WIDTH="754" HEIGHT="30">
							<String ID="string_94" HPOS="180" VPOS="509" WIDTH="142" HEIGHT="29" WC="0.96" CONTENT="tillämpades,"/><SP WIDTH="11" VPOS="509" HPOS="322"/>
							<String ID="string_95" HPOS="333" VPOS="509" WIDTH="60" HEIGHT="23" WC="0.96" CONTENT="detta"/><SP WIDTH="15" VPOS="509" HPOS="393"/>
							<String ID="string_96" HPOS="408" VPOS="510" WIDTH="85" HEIGHT="22" WC="0.96" CONTENT="komme"/><SP WIDTH="16" VPOS="510" HPOS="493"/>
							<String ID="string_97" HPOS="509" VPOS="512" WIDTH="33" HEIGHT="20" WC="0.93" CONTENT="att"/><SP WIDTH="10" VPOS="512" HPOS="542"/>
							<String ID="string_98" HPOS="552" VPOS="510" WIDTH="71" HEIGHT="22" WC="0.92" CONTENT="ledera"/><SP WIDTH="9" VPOS="510" HPOS="623"/>
							<String ID="string_99" HPOS="632" VPOS="510" WIDTH="68" HEIGHT="22" WC="0.93" CONTENT="andra"/><SP WIDTH="10" VPOS="510" HPOS="700"/>
							<String ID="string_100" HPOS="710" VPOS="510" WIDTH="104" HEIGHT="29" WC="0.92" CONTENT="vigtigare"/><SP WIDTH="8" VPOS="510" HPOS="814"/>
							<String ID="string_101" HPOS="822" VPOS="510" WIDTH="112" HEIGHT="22" WC="0.96" CONTENT="intressen."/>
						</TextLine>
					</TextBlock>
					<TextBlock ID="block_3" HPOS="179" VPOS="546" WIDTH="757" HEIGHT="605">
						<TextLine ID="line_12" HPOS="252" VPOS="546" WIDTH="682" HEIGHT="29">
							<String ID="string_102" HPOS="252" VPOS="546" WIDTH="67" HEIGHT="22" WC="0.96" CONTENT="Hvad"/><SP WIDTH="15" VPOS="546" HPOS="319"/>
							<String ID="string_103" HPOS="334" VPOS="546" WIDTH="46" HEIGHT="22" WC="0.93" CONTENT="åter"/><SP WIDTH="16" VPOS="546" HPOS="380"/>
							<String ID="string_104" HPOS="396" VPOS="546" WIDTH="135" HEIGHT="22" WC="0.91" CONTENT="vidkommer"/><SP WIDTH="14" VPOS="546" HPOS="531"/>
							<String ID="string_105" HPOS="545" VPOS="546" WIDTH="28" HEIGHT="22" WC="0.96" CONTENT="de"/><SP WIDTH="15" VPOS="546" HPOS="573"/>
							<String ID="string_106" HPOS="588" VPOS="547" WIDTH="8" HEIGHT="21" WC="0.96" CONTENT="i"/><SP WIDTH="15" VPOS="547" HPOS="596"/>
							<String ID="string_107" HPOS="611" VPOS="554" WIDTH="75" HEIGHT="14" WC="0.95" CONTENT="senare"/><SP WIDTH="12" VPOS="554" HPOS="686"/>
							<String ID="string_108" HPOS="698" VPOS="546" WIDTH="62" HEIGHT="22" WC="0.96" CONTENT="delen"/><SP WIDTH="12" VPOS="546" HPOS="760"/>
							<String ID="string_109" HPOS="772" VPOS="546" WIDTH="23" HEIGHT="22" WC="0.93" CONTENT="af"/><SP WIDTH="9" VPOS="546" HPOS="795"/>
							<String ID="string_110" HPOS="804" VPOS="546" WIDTH="130" HEIGHT="29" WC="0.92" CONTENT="petitionens"/>
						</TextLine>
						<TextLine ID="line_13" HPOS="180" VPOS="581" WIDTH="755" HEIGHT="30">
							<String ID="string_111" HPOS="180" VPOS="582" WIDTH="57" HEIGHT="21" WC="0.96" CONTENT="kläm"/><SP WIDTH="17" VPOS="582" HPOS="237"/>
							<String ID="string_112" HPOS="254" VPOS="581" WIDTH="95" HEIGHT="23" WC="0.92" CONTENT="uttalade"/><SP WIDTH="17" VPOS="581" HPOS="349"/>
							<String ID="string_113" HPOS="366" VPOS="582" WIDTH="161" HEIGHT="29" WC="0.91" CONTENT="önskningsmål"/><SP WIDTH="18" VPOS="582" HPOS="527"/>
							<String ID="string_114" HPOS="545" VPOS="582" WIDTH="80" HEIGHT="28" WC="0.96" CONTENT="derom,"/><SP WIDTH="16" VPOS="582" HPOS="625"/>
							<String ID="string_115" HPOS="641" VPOS="585" WIDTH="32" HEIGHT="19" WC="0.96" CONTENT="att"/><SP WIDTH="15" VPOS="585" HPOS="673"/>
							<String ID="string_116" HPOS="688" VPOS="582" WIDTH="93" HEIGHT="22" WC="0.96" CONTENT="handeln"/><SP WIDTH="18" VPOS="582" HPOS="781"/>
							<String ID="string_117" HPOS="799" VPOS="582" WIDTH="48" HEIGHT="22" WC="0.95" CONTENT="med"/><SP WIDTH="16" VPOS="582" HPOS="847"/>
							<String ID="string_118" HPOS="863" VPOS="582" WIDTH="72" HEIGHT="22" WC="0.96" CONTENT="hästar"/>
						</TextLine>
						<TextLine ID="line_14" HPOS="180" VPOS="617" WIDTH="754" HEIGHT="30">
							<String ID="string_119" HPOS="180" VPOS="617" WIDTH="13" HEIGHT="22" WC="0.93" CONTENT="å"/><SP WIDTH="15" VPOS="617" HPOS="193"/>
							<String ID="string_120" HPOS="208" VPOS="618" WIDTH="128" HEIGHT="21" WC="0.96" CONTENT="marknader"/><SP WIDTH="16" VPOS="618" HPOS="336"/>
							<String ID="string_121" HPOS="352" VPOS="618" WIDTH="69" HEIGHT="22" WC="0.96" CONTENT="skulle"/><SP WIDTH="16" VPOS="618" HPOS="421"/>
							<String ID="string_122" HPOS="437" VPOS="618" WIDTH="78" HEIGHT="22" WC="0.96" CONTENT="ordnas"/><SP WIDTH="17" VPOS="618" HPOS="515"/>
							<String ID="string_123" HPOS="532" VPOS="618" WIDTH="95" HEIGHT="28" WC="0.96" CONTENT="sålunda,"/><SP WIDTH="17" VPOS="618" HPOS="627"/>
							<String ID="string_124" HPOS="644" VPOS="621" WIDTH="32" HEIGHT="19" WC="0.96" CONTENT="att"/><SP WIDTH="16" VPOS="621" HPOS="676"/>
							<String ID="string_125" HPOS="692" VPOS="618" WIDTH="152" HEIGHT="29" WC="0.93" CONTENT="djurplågeriet"/><SP WIDTH="18" VPOS="618" HPOS="844"/>
							<String ID="string_126" HPOS="862" VPOS="618" WIDTH="72" HEIGHT="22" WC="0.91" CONTENT="blefve"/>
						</TextLine>
						<TextLine ID="line_15" HPOS="180" VPOS="654" WIDTH="755" HEIGHT="29">
							<String ID="string_127" HPOS="180" VPOS="654" WIDTH="165" HEIGHT="28" WC="0.90" CONTENT="omöjliggjordt,"/><SP WIDTH="21" VPOS="654" HPOS="345"/>
							<String ID="string_128" HPOS="366" VPOS="654" WIDTH="39" HEIGHT="21" WC="0.96" CONTENT="har"/><SP WIDTH="22" VPOS="654" HPOS="405"/>
							<String ID="string_129" HPOS="427" VPOS="654" WIDTH="107" HEIGHT="22" WC="0.96" CONTENT="utskottet"/><SP WIDTH="21" VPOS="654" HPOS="534"/>
							<String ID="string_130" HPOS="555" VPOS="657" WIDTH="77" HEIGHT="24" WC="0.95" CONTENT="ansett,"/><SP WIDTH="15" VPOS="657" HPOS="632"/>
							<String ID="string_131" HPOS="647" VPOS="656" WIDTH="33" HEIGHT="20" WC="0.96" CONTENT="att"/><SP WIDTH="20" VPOS="656" HPOS="680"/>
							<String ID="string_132" HPOS="700" VPOS="662" WIDTH="26" HEIGHT="13" WC="0.96" CONTENT="en"/><SP WIDTH="16" VPOS="662" HPOS="726"/>
							<String ID="string_133" HPOS="742" VPOS="654" WIDTH="169" HEIGHT="29" WC="0.96" CONTENT="reorganisation"/><SP WIDTH="16" VPOS="654" HPOS="911"/>
							<String ID="string_134" HPOS="927" VPOS="654" WIDTH="8" HEIGHT="21" WC="0.96" CONTENT="i"/>
						</TextLine>
						<TextLine ID="line_16" HPOS="180" VPOS="689" WIDTH="753" HEIGHT="30">
							<String ID="string_135" HPOS="180" VPOS="690" WIDTH="60" HEIGHT="22" WC="0.96" CONTENT="detta"/><SP WIDTH="17" VPOS="690" HPOS="240"/>
							<String ID="string_136" HPOS="257" VPOS="689" WIDTH="101" HEIGHT="23" WC="0.96" CONTENT="afseende"/><SP WIDTH="16" VPOS="689" HPOS="358"/>
							<String ID="string_137" HPOS="374" VPOS="698" WIDTH="43" HEIGHT="21" WC="0.96" CONTENT="nog"/><SP WIDTH="17" VPOS="698" HPOS="417"/>
							<String ID="string_138" HPOS="434" VPOS="698" WIDTH="50" HEIGHT="14" WC="0.96" CONTENT="vore"/><SP WIDTH="16" VPOS="698" HPOS="484"/>
							<String ID="string_139" HPOS="500" VPOS="690" WIDTH="110" HEIGHT="22" WC="0.96" CONTENT="önskvärd"/><SP WIDTH="15" VPOS="690" HPOS="610"/>
							<String ID="string_140" HPOS="625" VPOS="690" WIDTH="42" HEIGHT="22" WC="0.96" CONTENT="och"/><SP WIDTH="10" VPOS="690" HPOS="667"/>
							<String ID="string_141" HPOS="677" VPOS="690" WIDTH="71" HEIGHT="29" WC="0.95" CONTENT="nödig."/><SP WIDTH="24" VPOS="690" HPOS="748"/>
							<String ID="string_142" HPOS="772" VPOS="690" WIDTH="62" HEIGHT="22" WC="0.92" CONTENT="Inom"/><SP WIDTH="16" VPOS="690" HPOS="834"/>
							<String ID="string_143" HPOS="850" VPOS="690" WIDTH="83" HEIGHT="22" WC="0.90" CONTENT="utskot-"/>
						</TextLine>
						<TextLine ID="line_17" HPOS="179" VPOS="726" WIDTH="756" HEIGHT="29">
							<String ID="string_144" HPOS="179" VPOS="728" WIDTH="32" HEIGHT="20" WC="0.94" CONTENT="tet"/><SP WIDTH="23" VPOS="728" HPOS="211"/>
							<String ID="string_145" HPOS="234" VPOS="726" WIDTH="40" HEIGHT="21" WC="0.96" CONTENT="har"/><SP WIDTH="17" VPOS="726" HPOS="274"/>
							<String ID="string_146" HPOS="291" VPOS="726" WIDTH="66" HEIGHT="22" WC="0.96" CONTENT="bland"/><SP WIDTH="15" VPOS="726" HPOS="357"/>
							<String ID="string_147" HPOS="372" VPOS="729" WIDTH="66" HEIGHT="19" WC="0.96" CONTENT="annat"/><SP WIDTH="15" VPOS="729" HPOS="438"/>
							<String ID="string_148" HPOS="453" VPOS="726" WIDTH="61" HEIGHT="29" WC="0.96" CONTENT="fråga"/><SP WIDTH="16" VPOS="726" HPOS="514"/>
							<String ID="string_149" HPOS="530" VPOS="726" WIDTH="75" HEIGHT="22" WC="0.96" CONTENT="väckts"/><SP WIDTH="17" VPOS="726" HPOS="605"/>
							<String ID="string_150" HPOS="622" VPOS="726" WIDTH="80" HEIGHT="27" WC="0.96" CONTENT="derom,"/><SP WIDTH="15" VPOS="726" HPOS="702"/>
							<String ID="string_151" HPOS="717" VPOS="726" WIDTH="107" HEIGHT="22" WC="0.96" CONTENT="huruvida"/><SP WIDTH="14" VPOS="726" HPOS="824"/>
							<String ID="string_152" HPOS="838" VPOS="726" WIDTH="49" HEIGHT="22" WC="0.92" CONTENT="icke"/><SP WIDTH="20" VPOS="726" HPOS="887"/>
							<String ID="string_153" HPOS="907" VPOS="727" WIDTH="28" HEIGHT="21" WC="0.92" CONTENT="ti-"/>
						</TextLine>
						<TextLine ID="line_18" HPOS="180" VPOS="761" WIDTH="755" HEIGHT="30">
							<String ID="string_154" HPOS="180" VPOS="762" WIDTH="42" HEIGHT="22" WC="0.96" CONTENT="den"/><SP WIDTH="16" VPOS="762" HPOS="222"/>
							<String ID="string_155" HPOS="238" VPOS="762" WIDTH="35" HEIGHT="21" WC="0.93" CONTENT="för"/><SP WIDTH="23" VPOS="762" HPOS="273"/>
							<String ID="string_156" HPOS="296" VPOS="762" WIDTH="181" HEIGHT="22" WC="0.91" CONTENT="hästmarknaden"/><SP WIDTH="21" VPOS="762" HPOS="477"/>
							<String ID="string_157" HPOS="498" VPOS="762" WIDTH="67" HEIGHT="22" WC="0.92" CONTENT="borde"/><SP WIDTH="24" VPOS="762" HPOS="565"/>
							<String ID="string_158" HPOS="589" VPOS="762" WIDTH="127" HEIGHT="22" WC="0.91" CONTENT="inskränkas"/><SP WIDTH="16" VPOS="762" HPOS="716"/>
							<String ID="string_159" HPOS="732" VPOS="762" WIDTH="33" HEIGHT="22" WC="0.96" CONTENT="till"/><SP WIDTH="16" VPOS="762" HPOS="765"/>
							<String ID="string_160" HPOS="781" VPOS="762" WIDTH="55" HEIGHT="22" WC="0.96" CONTENT="blott"/><SP WIDTH="14" VPOS="762" HPOS="836"/>
							<String ID="string_161" HPOS="850" VPOS="770" WIDTH="27" HEIGHT="14" WC="0.96" CONTENT="en"/><SP WIDTH="16" VPOS="770" HPOS="877"/>
							<String ID="string_162" HPOS="893" VPOS="761" WIDTH="42" HEIGHT="30" WC="0.96" CONTENT="dag"/>
						</TextLine>
						<TextLine ID="line_19" HPOS="181" VPOS="798" WIDTH="754" HEIGHT="29">
							<String ID="string_163" HPOS="181" VPOS="799" WIDTH="52" HEIGHT="20" WC="0.96" CONTENT="enär"/><SP WIDTH="12" VPOS="799" HPOS="233"/>
							<String ID="string_164" HPOS="245" VPOS="798" WIDTH="153" HEIGHT="29" WC="0.93" CONTENT="djurplågeriet"/><SP WIDTH="15" VPOS="798" HPOS="398"/>
							<String ID="string_165" HPOS="413" VPOS="798" WIDTH="124" HEIGHT="29" WC="0.92" CONTENT="derigenom"/><SP WIDTH="16" VPOS="798" HPOS="537"/>
							<String ID="string_166" HPOS="553" VPOS="798" WIDTH="129" HEIGHT="22" WC="0.96" CONTENT="åtminstone"/><SP WIDTH="15" VPOS="798" HPOS="682"/>
							<String ID="string_167" HPOS="697" VPOS="799" WIDTH="8" HEIGHT="21" WC="0.96" CONTENT="i"/><SP WIDTH="15" VPOS="799" HPOS="705"/>
							<String ID="string_168" HPOS="720" VPOS="798" WIDTH="70" HEIGHT="29" WC="0.96" CONTENT="någon"/><SP WIDTH="16" VPOS="798" HPOS="790"/>
							<String ID="string_169" HPOS="806" VPOS="798" WIDTH="48" HEIGHT="22" WC="0.96" CONTENT="mån"/><SP WIDTH="12" VPOS="798" HPOS="854"/>
							<String ID="string_170" HPOS="866" VPOS="798" WIDTH="69" HEIGHT="22" WC="0.96" CONTENT="skulle"/>
						</TextLine>
						<TextLine ID="line_20" HPOS="180" VPOS="834" WIDTH="755" HEIGHT="29">
							<String ID="string_171" HPOS="180" VPOS="834" WIDTH="136" HEIGHT="21" WC="0.85" CONTENT="förminskas."/><SP WIDTH="31" VPOS="834" HPOS="316"/>
							<String ID="string_172" HPOS="347" VPOS="834" WIDTH="45" HEIGHT="22" WC="0.96" CONTENT="Det"/><SP WIDTH="16" VPOS="834" HPOS="392"/>
							<String ID="string_173" HPOS="408" VPOS="836" WIDTH="23" HEIGHT="20" WC="0.96" CONTENT="är"/><SP WIDTH="15" VPOS="836" HPOS="431"/>
							<String ID="string_174" HPOS="446" VPOS="835" WIDTH="107" HEIGHT="28" WC="0.96" CONTENT="nämligen"/><SP WIDTH="15" VPOS="835" HPOS="553"/>
							<String ID="string_175" HPOS="568" VPOS="835" WIDTH="43" HEIGHT="28" WC="0.96" CONTENT="just"/><SP WIDTH="17" VPOS="835" HPOS="611"/>
							<String ID="string_176" HPOS="628" VPOS="834" WIDTH="69" HEIGHT="22" WC="0.96" CONTENT="under"/><SP WIDTH="19" VPOS="834" HPOS="697"/>
							<String ID="string_177" HPOS="716" VPOS="834" WIDTH="66" HEIGHT="22" WC="0.96" CONTENT="andra"/><SP WIDTH="23" VPOS="834" HPOS="782"/>
							<String ID="string_178" HPOS="805" VPOS="834" WIDTH="40" HEIGHT="22" WC="0.96" CONTENT="och"/><SP WIDTH="21" VPOS="834" HPOS="845"/>
							<String ID="string_179" HPOS="866" VPOS="834" WIDTH="69" HEIGHT="27" WC="0.96" CONTENT="tredje"/>
						</TextLine>
						<TextLine ID="line_21" HPOS="180" VPOS="870" WIDTH="755" HEIGHT="29">
							<String ID="string_180" HPOS="180" VPOS="870" WIDTH="70" HEIGHT="28" WC="0.96" CONTENT="dagen"/><SP WIDTH="16" VPOS="870" HPOS="250"/>
							<String ID="string_181" HPOS="266" VPOS="870" WIDTH="22" HEIGHT="21" WC="0.96" CONTENT="af"/><SP WIDTH="19" VPOS="870" HPOS="288"/>
							<String ID="string_182" HPOS="307" VPOS="878" WIDTH="26" HEIGHT="13" WC="0.97" CONTENT="en"/><SP WIDTH="16" VPOS="878" HPOS="333"/>
							<String ID="string_183" HPOS="349" VPOS="870" WIDTH="159" HEIGHT="27" WC="0.96" CONTENT="hästmarknad,"/><SP WIDTH="17" VPOS="870" HPOS="508"/>
							<String ID="string_184" HPOS="525" VPOS="878" WIDTH="46" HEIGHT="14" WC="0.96" CONTENT="som"/><SP WIDTH="15" VPOS="878" HPOS="571"/>
							<String ID="string_185" HPOS="586" VPOS="870" WIDTH="37" HEIGHT="22" WC="0.96" CONTENT="det"/><SP WIDTH="19" VPOS="870" HPOS="623"/>
							<String ID="string_186" HPOS="642" VPOS="872" WIDTH="73" HEIGHT="21" WC="0.96" CONTENT="värsta"/><SP WIDTH="19" VPOS="872" HPOS="715"/>
							<String ID="string_187" HPOS="734" VPOS="870" WIDTH="153" HEIGHT="29" WC="0.93" CONTENT="djurplågeriet"/><SP WIDTH="14" VPOS="870" HPOS="887"/>
							<String ID="string_188" HPOS="901" VPOS="872" WIDTH="34" HEIGHT="20" WC="0.93" CONTENT="ut-"/>
						</TextLine>
						<TextLine ID="line_22" HPOS="180" VPOS="906" WIDTH="755" HEIGHT="29">
							<String ID="string_189" HPOS="180" VPOS="906" WIDTH="63" HEIGHT="22" WC="0.91" CONTENT="öfvas"/><SP WIDTH="17" VPOS="906" HPOS="243"/>
							<String ID="string_190" HPOS="260" VPOS="906" WIDTH="76" HEIGHT="21" WC="0.96" CONTENT="medan"/><SP WIDTH="11" VPOS="906" HPOS="336"/>
							<String ID="string_191" HPOS="347" VPOS="906" WIDTH="154" HEIGHT="29" WC="0.96" CONTENT="försäljningen"/><SP WIDTH="17" VPOS="906" HPOS="501"/>
							<String ID="string_192" HPOS="518" VPOS="906" WIDTH="23" HEIGHT="22" WC="0.96" CONTENT="af"/><SP WIDTH="15" VPOS="906" HPOS="541"/>
							<String ID="string_193" HPOS="556" VPOS="906" WIDTH="27" HEIGHT="22" WC="0.96" CONTENT="de"/><SP WIDTH="16" VPOS="906" HPOS="583"/>
							<String ID="string_194" HPOS="599" VPOS="908" WIDTH="68" HEIGHT="20" WC="0.93" CONTENT="sämre"/><SP WIDTH="11" VPOS="908" HPOS="667"/>
							<String ID="string_195" HPOS="678" VPOS="906" WIDTH="100" HEIGHT="22" WC="0.92" CONTENT="hästarne"/><SP WIDTH="11" VPOS="906" HPOS="778"/>
							<String ID="string_196" HPOS="789" VPOS="906" WIDTH="71" HEIGHT="29" WC="0.93" CONTENT="pågår."/><SP WIDTH="20" VPOS="906" HPOS="860"/>
							<String ID="string_197" HPOS="880" VPOS="906" WIDTH="55" HEIGHT="22" WC="0.92" CONTENT="Här-"/>
						</TextLine>
						<TextLine ID="line_23" HPOS="181" VPOS="942" WIDTH="754" HEIGHT="27">
							<String ID="string_198" HPOS="181" VPOS="944" WIDTH="57" HEIGHT="20" WC="0.96" CONTENT="emot"/><SP WIDTH="24" VPOS="944" HPOS="238"/>
							<String ID="string_199" HPOS="262" VPOS="942" WIDTH="38" HEIGHT="21" WC="0.96" CONTENT="har"/><SP WIDTH="23" VPOS="942" HPOS="300"/>
							<String ID="string_200" HPOS="323" VPOS="942" WIDTH="137" HEIGHT="27" WC="0.77" CONTENT="framhållits,"/><SP WIDTH="16" VPOS="942" HPOS="460"/>
							<String ID="string_201" HPOS="476" VPOS="945" WIDTH="33" HEIGHT="19" WC="0.96" CONTENT="att"/><SP WIDTH="15" VPOS="945" HPOS="509"/>
							<String ID="string_202" HPOS="524" VPOS="942" WIDTH="65" HEIGHT="22" WC="0.96" CONTENT="äfven"/><SP WIDTH="16" VPOS="942" HPOS="589"/>
							<String ID="string_203" HPOS="605" VPOS="950" WIDTH="35" HEIGHT="14" WC="0.96" CONTENT="om"/><SP WIDTH="15" VPOS="950" HPOS="640"/>
							<String ID="string_204" HPOS="655" VPOS="942" WIDTH="60" HEIGHT="22" WC="0.96" CONTENT="tiden"/><SP WIDTH="16" VPOS="942" HPOS="715"/>
							<String ID="string_205" HPOS="731" VPOS="942" WIDTH="34" HEIGHT="22" WC="0.96" CONTENT="för"/><SP WIDTH="15" VPOS="942" HPOS="765"/>
							<String ID="string_206" HPOS="780" VPOS="942" WIDTH="155" HEIGHT="22" WC="0.96" CONTENT="marknaderna"/>
						</TextLine>
						<TextLine ID="line_24" HPOS="179" VPOS="978" WIDTH="754" HEIGHT="30">
							<String ID="string_207" HPOS="179" VPOS="978" WIDTH="138" HEIGHT="22" WC="0.96" CONTENT="inskränktes"/><SP WIDTH="9" VPOS="978" HPOS="317"/>
							<String ID="string_208" HPOS="326" VPOS="978" WIDTH="32" HEIGHT="21" WC="0.96" CONTENT="till"/><SP WIDTH="12" VPOS="978" HPOS="358"/>
							<String ID="string_209" HPOS="370" VPOS="986" WIDTH="26" HEIGHT="14" WC="0.96" CONTENT="en"/><SP WIDTH="12" VPOS="986" HPOS="396"/>
							<String ID="string_210" HPOS="408" VPOS="978" WIDTH="48" HEIGHT="29" WC="0.93" CONTENT="dag,"/><SP WIDTH="8" VPOS="978" HPOS="456"/>
							<String ID="string_211" HPOS="464" VPOS="978" WIDTH="215" HEIGHT="30" WC="0.91" CONTENT="landtbefolkningen"/><SP WIDTH="8" VPOS="978" HPOS="679"/>
							<String ID="string_212" HPOS="687" VPOS="978" WIDTH="68" HEIGHT="22" WC="0.96" CONTENT="likväl"/><SP WIDTH="11" VPOS="978" HPOS="755"/>
							<String ID="string_213" HPOS="766" VPOS="979" WIDTH="18" HEIGHT="28" WC="0.96" CONTENT="ej"/><SP WIDTH="10" VPOS="979" HPOS="784"/>
							<String ID="string_214" HPOS="794" VPOS="978" WIDTH="72" HEIGHT="22" WC="0.93" CONTENT="kunde"/><SP WIDTH="8" VPOS="978" HPOS="866"/>
							<String ID="string_215" HPOS="874" VPOS="978" WIDTH="59" HEIGHT="22" WC="0.91" CONTENT="tvin-"/>
						</TextLine>
						<TextLine ID="line_25" HPOS="179" VPOS="1014" WIDTH="751" HEIGHT="29">
							<String ID="string_216" HPOS="179" VPOS="1022" WIDTH="38" HEIGHT="20" WC="0.95" CONTENT="gas"/><SP WIDTH="15" VPOS="1022" HPOS="217"/>
							<String ID="string_217" HPOS="232" VPOS="1016" WIDTH="33" HEIGHT="19" WC="0.93" CONTENT="att"/><SP WIDTH="14" VPOS="1016" HPOS="265"/>
							<String ID="string_218" HPOS="279" VPOS="1014" WIDTH="70" HEIGHT="21" WC="0.91" CONTENT="afresa"/><SP WIDTH="13" VPOS="1014" HPOS="349"/>
							<String ID="string_219" HPOS="362" VPOS="1014" WIDTH="47" HEIGHT="21" WC="0.96" CONTENT="från"/><SP WIDTH="13" VPOS="1014" HPOS="409"/>
							<String ID="string_220" HPOS="422" VPOS="1014" WIDTH="82" HEIGHT="27" WC="0.93" CONTENT="staden,"/><SP WIDTH="16" VPOS="1014" HPOS="504"/>
							<String ID="string_221" HPOS="520" VPOS="1014" WIDTH="85" HEIGHT="23" WC="0.92" CONTENT="hvadan"/><SP WIDTH="16" VPOS="1014" HPOS="605"/>
							<String ID="string_222" HPOS="621" VPOS="1022" WIDTH="82" HEIGHT="14" WC="0.96" CONTENT="samma"/><SP WIDTH="16" VPOS="1022" HPOS="703"/>
							<String ID="string_223" HPOS="719" VPOS="1014" WIDTH="130" HEIGHT="29" WC="0.96" CONTENT="djurplågeri"/><SP WIDTH="12" VPOS="1014" HPOS="849"/>
							<String ID="string_224" HPOS="861" VPOS="1014" WIDTH="69" HEIGHT="21" WC="0.96" CONTENT="skulle"/>
						</TextLine>
						<TextLine ID="line_26" HPOS="180" VPOS="1049" WIDTH="755" HEIGHT="30">
							<String ID="string_225" HPOS="180" VPOS="1049" WIDTH="73" HEIGHT="29" WC="0.95" CONTENT="fortgå"/><SP WIDTH="16" VPOS="1049" HPOS="253"/>
							<String ID="string_226" HPOS="269" VPOS="1049" WIDTH="64" HEIGHT="22" WC="0.96" CONTENT="äfven"/><SP WIDTH="12" VPOS="1049" HPOS="333"/>
							<String ID="string_227" HPOS="345" VPOS="1050" WIDTH="56" HEIGHT="22" WC="0.96" CONTENT="efter"/><SP WIDTH="12" VPOS="1050" HPOS="401"/>
							<String ID="string_228" HPOS="413" VPOS="1050" WIDTH="42" HEIGHT="22" WC="0.96" CONTENT="den"/><SP WIDTH="11" VPOS="1050" HPOS="455"/>
							<String ID="string_229" HPOS="466" VPOS="1051" WIDTH="107" HEIGHT="28" WC="0.96" CONTENT="egentliga"/><SP WIDTH="10" VPOS="1051" HPOS="573"/>
							<String ID="string_230" HPOS="583" VPOS="1050" WIDTH="143" HEIGHT="22" WC="0.96" CONTENT="marknadens"/><SP WIDTH="11" VPOS="1050" HPOS="726"/>
							<String ID="string_231" HPOS="737" VPOS="1050" WIDTH="49" HEIGHT="27" WC="0.93" CONTENT="slut,"/><SP WIDTH="10" VPOS="1050" HPOS="786"/>
							<String ID="string_232" HPOS="796" VPOS="1049" WIDTH="139" HEIGHT="29" WC="0.92" CONTENT="hvilketdjur-"/>
						</TextLine>
						<TextLine ID="line_27" HPOS="181" VPOS="1085" WIDTH="755" HEIGHT="30">
							<String ID="string_233" HPOS="181" VPOS="1085" WIDTH="82" HEIGHT="29" WC="0.92" CONTENT="plågeri"/><SP WIDTH="26" VPOS="1085" HPOS="263"/>
							<String ID="string_234" HPOS="289" VPOS="1085" WIDTH="71" HEIGHT="22" WC="0.96" CONTENT="kunde"/><SP WIDTH="20" VPOS="1085" HPOS="360"/>
							<String ID="string_235" HPOS="380" VPOS="1086" WIDTH="70" HEIGHT="22" WC="0.96" CONTENT="blifva"/><SP WIDTH="18" VPOS="1086" HPOS="450"/>
							<String ID="string_236" HPOS="468" VPOS="1088" WIDTH="27" HEIGHT="19" WC="0.96" CONTENT="än"/><SP WIDTH="17" VPOS="1088" HPOS="495"/>
							<String ID="string_237" HPOS="512" VPOS="1086" WIDTH="86" HEIGHT="22" WC="0.96" CONTENT="svårare"/><SP WIDTH="18" VPOS="1086" HPOS="598"/>
							<String ID="string_238" HPOS="616" VPOS="1086" WIDTH="28" HEIGHT="29" WC="0.96" CONTENT="på"/><SP WIDTH="15" VPOS="1086" HPOS="644"/>
							<String ID="string_239" HPOS="659" VPOS="1086" WIDTH="28" HEIGHT="22" WC="0.96" CONTENT="de"/><SP WIDTH="16" VPOS="1086" HPOS="687"/>
							<String ID="string_240" HPOS="703" VPOS="1089" WIDTH="57" HEIGHT="19" WC="0.96" CONTENT="orter"/><SP WIDTH="16" VPOS="1089" HPOS="760"/>
							<String ID="string_241" HPOS="776" VPOS="1086" WIDTH="39" HEIGHT="22" WC="0.93" CONTENT="der"/><SP WIDTH="15" VPOS="1086" HPOS="815"/>
							<String ID="string_242" HPOS="830" VPOS="1088" WIDTH="106" HEIGHT="19" WC="0.91" CONTENT="restaura-"/>
						</TextLine>
						<TextLine ID="line_28" HPOS="179" VPOS="1121" WIDTH="757" HEIGHT="30">
							<String ID="string_243" HPOS="179" VPOS="1122" WIDTH="71" HEIGHT="21" WC="0.96" CONTENT="tioner"/><SP WIDTH="11" VPOS="1122" HPOS="250"/>
							<String ID="string_244" HPOS="261" VPOS="1122" WIDTH="40" HEIGHT="21" WC="0.93" CONTENT="och"/><SP WIDTH="8" VPOS="1122" HPOS="301"/>
							<String ID="string_245" HPOS="309" VPOS="1121" WIDTH="235" HEIGHT="30" WC="0.91" CONTENT="utskänkningsställen"/><SP WIDTH="13" VPOS="1121" HPOS="544"/>
							<String ID="string_246" HPOS="557" VPOS="1122" WIDTH="67" HEIGHT="22" WC="0.96" CONTENT="under"/><SP WIDTH="8" VPOS="1122" HPOS="624"/>
							<String ID="string_247" HPOS="632" VPOS="1122" WIDTH="64" HEIGHT="22" WC="0.96" CONTENT="dessa"/><SP WIDTH="8" VPOS="1122" HPOS="696"/>
							<String ID="string_248" HPOS="704" VPOS="1122" WIDTH="65" HEIGHT="29" WC="0.93" CONTENT="dagar"/><SP WIDTH="11" VPOS="1122" HPOS="769"/>
							<String ID="string_249" HPOS="780" VPOS="1122" WIDTH="68" HEIGHT="21" WC="0.92" CONTENT="hölles"/><SP WIDTH="11" VPOS="1122" HPOS="848"/>
							<String ID="string_250" HPOS="859" VPOS="1123" WIDTH="77" HEIGHT="28" WC="0.96" CONTENT="öppna."/>
						</TextLine>
					</TextBlock>
					<TextBlock ID="block_4" HPOS="179" VPOS="1157" WIDTH="758" HEIGHT="246">
						<TextLine ID="line_29" HPOS="252" VPOS="1157" WIDTH="683" HEIGHT="23">
							<String ID="string_251" HPOS="252" VPOS="1157" WIDTH="201" HEIGHT="23" WC="0.90" CONTENT="Hästmarknadens"/><SP WIDTH="25" VPOS="1157" HPOS="453"/>
							<String ID="string_252" HPOS="478" VPOS="1158" WIDTH="138" HEIGHT="22" WC="0.91" CONTENT="afskaffande"/><SP WIDTH="22" VPOS="1158" HPOS="616"/>
							<String ID="string_253" HPOS="638" VPOS="1158" WIDTH="46" HEIGHT="22" WC="0.96" CONTENT="helt"/><SP WIDTH="24" VPOS="1158" HPOS="684"/>
							<String ID="string_254" HPOS="708" VPOS="1158" WIDTH="41" HEIGHT="22" WC="0.96" CONTENT="och"/><SP WIDTH="15" VPOS="1158" HPOS="749"/>
							<String ID="string_255" HPOS="764" VPOS="1157" WIDTH="66" HEIGHT="22" WC="0.86" CONTENT="hållet"/><SP WIDTH="15" VPOS="1157" HPOS="830"/>
							<String ID="string_256" HPOS="845" VPOS="1157" WIDTH="39" HEIGHT="22" WC="0.95" CONTENT="har"/><SP WIDTH="15" VPOS="1157" HPOS="884"/>
							<String ID="string_257" HPOS="899" VPOS="1157" WIDTH="36" HEIGHT="22" WC="0.95" CONTENT="väl"/>
						</TextLine>
						<TextLine ID="line_30" HPOS="180" VPOS="1193" WIDTH="755" HEIGHT="29">
							<String ID="string_258" HPOS="180" VPOS="1195" WIDTH="18" HEIGHT="27" WC="0.96" CONTENT="ej"/><SP WIDTH="23" VPOS="1195" HPOS="198"/>
							<String ID="string_259" HPOS="221" VPOS="1194" WIDTH="59" HEIGHT="21" WC="0.96" CONTENT="inom"/><SP WIDTH="23" VPOS="1194" HPOS="280"/>
							<String ID="string_260" HPOS="303" VPOS="1193" WIDTH="107" HEIGHT="22" WC="0.93" CONTENT="utskottet"/><SP WIDTH="21" VPOS="1193" HPOS="410"/>
							<String ID="string_261" HPOS="431" VPOS="1194" WIDTH="114" HEIGHT="22" WC="0.89" CONTENT="förordats."/><SP WIDTH="31" VPOS="1194" HPOS="545"/>
							<String ID="string_262" HPOS="576" VPOS="1194" WIDTH="105" HEIGHT="22" WC="0.90" CONTENT="Deremot"/><SP WIDTH="23" VPOS="1194" HPOS="681"/>
							<String ID="string_263" HPOS="704" VPOS="1194" WIDTH="38" HEIGHT="21" WC="0.95" CONTENT="har"/><SP WIDTH="22" VPOS="1194" HPOS="742"/>
							<String ID="string_264" HPOS="764" VPOS="1193" WIDTH="42" HEIGHT="22" WC="0.96" CONTENT="den"/><SP WIDTH="16" VPOS="1193" HPOS="806"/>
							<String ID="string_265" HPOS="822" VPOS="1193" WIDTH="113" HEIGHT="22" WC="0.96" CONTENT="förmodan"/>
						</TextLine>
						<TextLine ID="line_31" HPOS="179" VPOS="1229" WIDTH="758" HEIGHT="27">
							<String ID="string_266" HPOS="179" VPOS="1229" WIDTH="95" HEIGHT="26" WC="0.96" CONTENT="uttalats,"/><SP WIDTH="17" VPOS="1229" HPOS="274"/>
							<String ID="string_267" HPOS="291" VPOS="1232" WIDTH="36" HEIGHT="24" WC="0.96" CONTENT="att,"/><SP WIDTH="21" VPOS="1232" HPOS="327"/>
							<String ID="string_268" HPOS="348" VPOS="1230" WIDTH="3" HEIGHT="21" WC="0.96" CONTENT="i"/><SP WIDTH="15" VPOS="1230" HPOS="351"/>
							<String ID="string_269" HPOS="366" VPOS="1230" WIDTH="103" HEIGHT="22" WC="0.93" CONTENT="händelse"/><SP WIDTH="16" VPOS="1230" HPOS="469"/>
							<String ID="string_270" HPOS="485" VPOS="1230" WIDTH="146" HEIGHT="22" WC="0.92" CONTENT="hästskötseln"/><SP WIDTH="15" VPOS="1230" HPOS="631"/>
							<String ID="string_271" HPOS="646" VPOS="1230" WIDTH="40" HEIGHT="22" WC="0.96" CONTENT="hos"/><SP WIDTH="17" VPOS="1230" HPOS="686"/>
							<String ID="string_272" HPOS="703" VPOS="1237" WIDTH="35" HEIGHT="14" WC="0.96" CONTENT="oss"/><SP WIDTH="16" VPOS="1237" HPOS="738"/>
							<String ID="string_273" HPOS="754" VPOS="1229" WIDTH="72" HEIGHT="22" WC="0.96" CONTENT="kunde"/><SP WIDTH="8" VPOS="1229" HPOS="826"/>
							<String ID="string_274" HPOS="834" VPOS="1229" WIDTH="103" HEIGHT="22" WC="0.96" CONTENT="utveckla"/>
						</TextLine>
						<TextLine ID="line_32" HPOS="180" VPOS="1265" WIDTH="755" HEIGHT="30">
							<String ID="string_275" HPOS="180" VPOS="1266" WIDTH="33" HEIGHT="28" WC="0.96" CONTENT="sig"/><SP WIDTH="22" VPOS="1266" HPOS="213"/>
							<String ID="string_276" HPOS="235" VPOS="1266" WIDTH="8" HEIGHT="21" WC="0.96" CONTENT="i"/><SP WIDTH="25" VPOS="1266" HPOS="243"/>
							<String ID="string_277" HPOS="268" VPOS="1273" WIDTH="80" HEIGHT="14" WC="0.96" CONTENT="samma"/><SP WIDTH="15" VPOS="1273" HPOS="348"/>
							<String ID="string_278" HPOS="363" VPOS="1266" WIDTH="96" HEIGHT="29" WC="0.96" CONTENT="riktning"/><SP WIDTH="23" VPOS="1266" HPOS="459"/>
							<String ID="string_279" HPOS="482" VPOS="1274" WIDTH="46" HEIGHT="13" WC="0.96" CONTENT="som"/><SP WIDTH="22" VPOS="1274" HPOS="528"/>
							<String ID="string_280" HPOS="550" VPOS="1266" WIDTH="128" HEIGHT="29" WC="0.96" CONTENT="utomlands,"/><SP WIDTH="16" VPOS="1266" HPOS="678"/>
							<String ID="string_281" HPOS="694" VPOS="1265" WIDTH="88" HEIGHT="23" WC="0.96" CONTENT="hvarest"/><SP WIDTH="16" VPOS="1265" HPOS="782"/>
							<String ID="string_282" HPOS="798" VPOS="1268" WIDTH="58" HEIGHT="19" WC="0.96" CONTENT="stora"/><SP WIDTH="15" VPOS="1268" HPOS="856"/>
							<String ID="string_283" HPOS="871" VPOS="1265" WIDTH="64" HEIGHT="28" WC="0.96" CONTENT="bolag"/>
						</TextLine>
						<TextLine ID="line_33" HPOS="179" VPOS="1301" WIDTH="756" HEIGHT="30">
							<String ID="string_284" HPOS="179" VPOS="1301" WIDTH="56" HEIGHT="22" WC="0.91" CONTENT="hålla"/><SP WIDTH="16" VPOS="1301" HPOS="235"/>
							<String ID="string_285" HPOS="251" VPOS="1301" WIDTH="33" HEIGHT="22" WC="0.96" CONTENT="till"/><SP WIDTH="17" VPOS="1301" HPOS="284"/>
							<String ID="string_286" HPOS="301" VPOS="1302" WIDTH="45" HEIGHT="21" WC="0.93" CONTENT="salu"/><SP WIDTH="16" VPOS="1302" HPOS="346"/>
							<String ID="string_287" HPOS="362" VPOS="1309" WIDTH="27" HEIGHT="14" WC="0.96" CONTENT="en"/><SP WIDTH="15" VPOS="1309" HPOS="389"/>
							<String ID="string_288" HPOS="404" VPOS="1302" WIDTH="66" HEIGHT="21" WC="0.96" CONTENT="talrik"/><SP WIDTH="15" VPOS="1302" HPOS="470"/>
							<String ID="string_289" HPOS="485" VPOS="1302" WIDTH="79" HEIGHT="29" WC="0.96" CONTENT="mängd"/><SP WIDTH="15" VPOS="1302" HPOS="564"/>
							<String ID="string_290" HPOS="579" VPOS="1302" WIDTH="78" HEIGHT="27" WC="0.95" CONTENT="hästar,"/><SP WIDTH="16" VPOS="1302" HPOS="657"/>
							<String ID="string_291" HPOS="673" VPOS="1301" WIDTH="42" HEIGHT="23" WC="0.95" CONTENT="den"/><SP WIDTH="17" VPOS="1301" HPOS="715"/>
							<String ID="string_292" HPOS="732" VPOS="1301" WIDTH="38" HEIGHT="22" WC="0.96" CONTENT="hos"/><SP WIDTH="12" VPOS="1301" HPOS="770"/>
							<String ID="string_293" HPOS="782" VPOS="1301" WIDTH="153" HEIGHT="28" WC="0.96" CONTENT="befolkningen"/>
						</TextLine>
						<TextLine ID="line_34" HPOS="179" VPOS="1337" WIDTH="757" HEIGHT="30">
							<String ID="string_294" HPOS="179" VPOS="1337" WIDTH="34" HEIGHT="22" WC="0.96" CONTENT="för"/><SP WIDTH="15" VPOS="1337" HPOS="213"/>
							<String ID="string_295" HPOS="228" VPOS="1337" WIDTH="133" HEIGHT="23" WC="0.95" CONTENT="närvarande"/><SP WIDTH="16" VPOS="1337" HPOS="361"/>
							<String ID="string_296" HPOS="377" VPOS="1337" WIDTH="95" HEIGHT="23" WC="0.96" CONTENT="rådande"/><SP WIDTH="16" VPOS="1337" HPOS="472"/>
							<String ID="string_297" HPOS="488" VPOS="1338" WIDTH="161" HEIGHT="29" WC="0.96" CONTENT="benägenheten"/><SP WIDTH="16" VPOS="1338" HPOS="649"/>
							<String ID="string_298" HPOS="665" VPOS="1340" WIDTH="33" HEIGHT="19" WC="0.92" CONTENT="att"/><SP WIDTH="15" VPOS="1340" HPOS="698"/>
							<String ID="string_299" HPOS="713" VPOS="1337" WIDTH="13" HEIGHT="22" WC="0.90" CONTENT="å"/><SP WIDTH="15" VPOS="1337" HPOS="726"/>
							<String ID="string_300" HPOS="741" VPOS="1337" WIDTH="128" HEIGHT="22" WC="0.93" CONTENT="marknader"/><SP WIDTH="12" VPOS="1337" HPOS="869"/>
							<String ID="string_301" HPOS="881" VPOS="1345" WIDTH="55" HEIGHT="20" WC="0.92" CONTENT="upp-"/>
						</TextLine>
						<TextLine ID="line_35" HPOS="179" VPOS="1372" WIDTH="758" HEIGHT="31">
							<String ID="string_302" HPOS="179" VPOS="1375" WIDTH="52" HEIGHT="27" WC="0.93" CONTENT="göra"/><SP WIDTH="16" VPOS="1375" HPOS="231"/>
							<String ID="string_303" HPOS="247" VPOS="1373" WIDTH="92" HEIGHT="29" WC="0.92" CONTENT="hästköp"/><SP WIDTH="17" VPOS="1373" HPOS="339"/>
							<String ID="string_304" HPOS="356" VPOS="1373" WIDTH="107" HEIGHT="23" WC="0.96" CONTENT="måhända"/><SP WIDTH="15" VPOS="1373" HPOS="463"/>
							<String ID="string_305" HPOS="478" VPOS="1374" WIDTH="70" HEIGHT="21" WC="0.96" CONTENT="skulle"/><SP WIDTH="17" VPOS="1374" HPOS="548"/>
							<String ID="string_306" HPOS="565" VPOS="1374" WIDTH="101" HEIGHT="29" WC="0.93" CONTENT="upphöra."/><SP WIDTH="22" VPOS="1374" HPOS="666"/>
							<String ID="string_307" HPOS="688" VPOS="1373" WIDTH="116" HEIGHT="22" WC="0.96" CONTENT="Huruvida"/><SP WIDTH="16" VPOS="1373" HPOS="804"/>
							<String ID="string_308" HPOS="820" VPOS="1375" WIDTH="31" HEIGHT="20" WC="0.96" CONTENT="ett"/><SP WIDTH="16" VPOS="1375" HPOS="851"/>
							<String ID="string_309" HPOS="867" VPOS="1372" WIDTH="70" HEIGHT="30" WC="0.96" CONTENT="dylikt"/>
						</TextLine>
					</TextBlock>
					<TextBlock ID="block_5" HPOS="253" VPOS="1415" WIDTH="445" HEIGHT="19">
						<TextLine ID="line_36" HPOS="253" VPOS="1415" WIDTH="445" HEIGHT="19">
							<String ID="string_310" HPOS="253" VPOS="1415" WIDTH="209" HEIGHT="19" WC="0.90" CONTENT="Ekonomiutskottets"/><SP WIDTH="14" VPOS="1415" HPOS="462"/>
							<String ID="string_311" HPOS="476" VPOS="1415" WIDTH="126" HEIGHT="19" WC="0.96" CONTENT="betänkande"/><SP WIDTH="14" VPOS="1415" HPOS="602"/>
							<String ID="string_312" HPOS="616" VPOS="1415" WIDTH="37" HEIGHT="18" WC="0.96" CONTENT="N:o"/><SP WIDTH="14" VPOS="1415" HPOS="653"/>
							<String ID="string_313" HPOS="667" VPOS="1417" WIDTH="31" HEIGHT="16" WC="0.96" CONTENT="29."/>
						</TextLine>
					</TextBlock>
				</ComposedBlock>
			</PrintSpace>
		</Page>
	</Layout>
</alto>
