1028 1653
297 101 236 30 Petitionsbetänkandet
548 103 33 21 N:o
596 102 35 22 40.
806 104 11 19 7

91 164 69 22 sådan
186 164 117 29 möjlighet
329 165 42 22 och
394 164 134 22 efterstäfva
552 165 136 21 densamma.
725 164 121 22 Dessutom

91 199 70 22 måste
184 199 38 21 det
245 205 66 16 anses
333 199 99 28 önskligt
455 199 36 22 för
513 200 125 26 samhället,
658 200 34 21 att
714 205 28 15 en
761 198 24 22 så
800 200 47 20 stor

91 240 72 22 grupp
179 233 25 22 af
217 234 110 26 arbetare,
343 240 48 15 som
406 234 43 21 den
463 234 179 28 ifrågavarande,
652 234 95 21 beredes
757 233 90 22 tillfälle

91 270 33 19 att
146 268 61 22 lefva
224 268 7 22 i
247 268 98 22 ordnade
369 268 155 22 förhållanden
547 268 42 22 och
611 268 61 22 bilda
694 268 77 27 familj.
802 267 45 22 Det

92 302 100 22 säkraste
208 303 68 21 sättet
291 304 33 20 att
339 302 48 22 lösa
404 302 79 28 frågan
499 309 36 15 om
550 302 137 22 nattarbetet
703 302 99 26 sålunda,
814 303 33 21 att

93 337 27 21 de
135 337 72 21 större
226 337 133 28 bagerierna
378 337 49 21 icke
447 337 76 22 blefve
542 336 178 27 allenarådande,
739 342 55 16 vore
809 342 37 15 en-

92 371 41 28 ligt
151 371 132 28 yrkesmäns
299 371 58 28 åsigt
376 371 128 22 införandet
519 371 25 22 af
557 371 143 28 bestämning
715 371 83 26 derom,
813 371 34 21 att

91 406 133 28 bagerierna
247 406 69 21 borde
338 405 73 22 hållas
434 406 96 28 stängda
549 406 58 21 ända
622 406 34 21 till
671 405 29 22 kl.
718 408 12 19 5
745 405 29 28 på
788 411 58 16 mor-

91 446 82 22 gonen.
198 441 10 21 I
223 440 81 28 sjelfva
320 441 79 21 verket
414 441 61 21 afser
490 440 68 23 också
573 440 61 22 2:dra
649 441 123 21 momentet
786 440 7 21 i
808 439 38 22 det

91 475 26 21 af
129 475 273 28 bagarefackföreningen
417 475 133 22 utarbetade
561 475 109 28 förslaget
681 474 166 22 fastställandet

91 509 26 21 af
130 515 28 16 en
174 509 69 22 sådan
258 509 101 28 ordning.

159 544 33 22 På
206 544 153 28 afsättningen
375 544 25 21 af
412 543 80 23 brödet
507 544 72 22 skulle
596 543 104 22 förbudet
716 544 59 21 emot
789 543 56 26 natt-

92 578 76 22 arbete
178 578 49 22 icke
238 579 72 21 heller
321 578 78 22 utöfva
410 578 74 29 någon
495 579 84 28 menlig
589 578 115 22 inverkan.
728 578 34 27 Ty
773 577 74 22 detär

92 619 28 15 en
139 613 59 21 känd
213 613 48 26 sak,
277 614 32 20 att
325 613 79 22 endast
419 613 28 22 de
464 613 143 28 förmögnare
622 612 224 23 samhällsklasserna

91 648 81 26 genast
187 653 36 15 om
238 653 123 22 morgonen
377 647 53 28 vilja
444 647 70 21 hafva
524 647 74 21 färskt
608 647 62 26 bröd,
681 647 117 21 hvaremot
808 645 39 22 det

92 682 60 20 stora
161 681 98 21 flertalet
267 681 24 21 af
301 681 140 28 brödköpare
452 682 50 21 icke
513 682 69 21 sätter
592 681 70 21 värde
672 680 28 29 på
710 680 72 22 färskt
790 679 55 23 bröd

91 716 54 21 utan
156 715 45 22 lika
211 722 71 22 gerna
296 715 71 22 förtär
377 716 125 22 detsamma
512 716 73 22 såsom
596 716 68 21 äldre.
687 715 63 22 Inom
760 714 85 22 utskot-

91 751 33 20 tet
133 750 42 21 har
185 750 108 28 derjemte
303 750 109 28 påpekats
423 752 33 20 att
467 750 79 22 brödet
558 750 56 22 först
624 750 54 21 flere
689 750 89 21 timmar
788 748 59 22 efter

92 784 155 28 gräddningen
262 784 25 22 är
302 785 123 21 helsosamt
440 785 42 21 och
498 786 33 20 att
546 785 73 21 denna
630 784 166 28 omständighet
806 783 41 21 allt

92 824 47 16 mer
157 818 100 23 beaktas.
287 819 35 21 Då
341 819 122 27 dessutom,
479 819 71 28 enligt
565 819 95 28 uppgift,
675 818 80 22 brödet
769 817 77 23 blefve

91 852 85 29 färdigt
186 853 33 21 till
229 854 29 21 kl.
271 854 43 21 10f.
325 860 29 15 m.
366 860 36 16 om
414 854 68 22 också
491 853 137 22 nattarbetet
642 853 119 28 förbjödes,
773 852 73 22 skulle

91 887 152 29 afsättningen
258 888 131 28 antagligen
403 888 51 21 icke
468 888 90 22 komma
573 889 33 20 att
620 887 45 22 lida
675 887 69 28 derpå
754 888 32 20 att
796 886 50 22 brö-

91 922 38 21 det
144 922 70 28 några
229 922 88 22 timmar
333 922 138 22 försenades.

159 956 123 29 Angående
299 957 149 22 förevarande
465 957 64 28 fråga
544 957 41 21 har
601 956 48 22 från
664 956 116 28 principiel
795 962 51 21 syn-

91 990 71 28 punkt
177 991 92 22 uttalats
285 991 68 22 äfven
364 992 43 21 den
418 991 65 28 åsigt,
493 993 33 20 att
537 992 38 21 det
586 992 19 27 ej
616 997 54 16 vore
681 991 49 21 skäl
740 991 33 20 att
784 989 63 22 stifta

90 1025 173 28 undantagslag,
272 1025 51 22 med
335 1025 107 22 afseende
452 1025 12 22 å
472 1025 151 29 bageriyrket.
630 1025 60 22 Men
699 1025 27 22 då
735 1025 38 21 det
780 1025 8 21 i
796 1024 50 22 vårt

90 1059 53 22 land
149 1055 102 38 tidigare
263 1061 92 20 -ansetts
370 1060 104 28 lämpligt
488 1062 34 19 att
537 1060 51 21 med
604 1060 123 27 skyddslag
740 1059 105 28 ingripa
834 1055 15 38 i

90 1093 169 22 förhällandena
282 1094 96 22 emellan
401 1094 165 28 arbetsgifvare
589 1094 41 22 och
652 1094 110 26 arbetare,
781 1093 65 22 torde

90 1129 33 20 ett
137 1128 105 22 liknande
253 1128 128 22 förfarande
392 1128 8 22 i
409 1128 149 22 förevarande
569 1128 63 28 fräga
642 1129 50 21 icke
703 1130 55 20 utan
768 1127 78 22 vidare

89 1162 55 22 böra
154 1168 66 16 anses
231 1162 135 29 förkastligt.
390 1162 180 22 Förhällandena
579 1163 61 21 inom
651 1162 145 28 bageriyrket
806 1162 39 21 äro

90 1196 119 28 onekligen
221 1197 99 28 sorgliga
331 1197 291 29 undantagsförhällanden,
631 1197 89 21 hvilkas
731 1196 114 22 ordnande

90 1231 19 27 ej
125 1230 70 22 borde
210 1231 75 21 kunna
296 1231 86 22 lemnas
398 1232 92 26 derhän,
501 1233 55 21 utan
572 1233 32 20 att
619 1231 133 22 ätminstone
763 1236 82 22 genom

90 1271 28 15 en
132 1265 169 29 undersökning
315 1266 89 22 utrönts
418 1266 113 22 huruvida
541 1266 176 28 olägenheterna
726 1264 119 28 verkligen

89 1299 38 22 äro
151 1299 24 22 sä
193 1301 66 25 stora,
275 1301 34 20 att
327 1300 28 21 de
371 1300 20 27 ej
407 1300 77 22 kunna
502 1300 114 27 afhjelpas
632 1299 27 28 pä
674 1301 68 20 annat
757 1299 45 21 sätt
816 1298 29 22 än

89 1339 82 22 genom
182 1339 27 16 en
220 1333 95 22 särskild
327 1333 145 22 arbetarenes
483 1334 73 27 skydd
567 1333 118 28 äsyftande
686 1329 158 52 Joestiftning.

89 1367 59 22 Utan
166 1369 33 20 att
218 1367 44 22 den
277 1367 48 22 vidt
341 1367 141 22 omfattande
504 1367 184 29 arbetarefrägan'
707 1368 70 27 jemte
794 1367 51 24 dess

89 1401 96 28 anspråk
204 1401 27 28 pä
250 1402 210 28 normalarbetsdag
474 1409 29 15 m.
520 1409 28 14 m.
564 1402 109 22 behöfver
691 1402 98 26 beröras,
805 1401 41 22 bör

157 1443 203 19 Ekonomieutskottets
375 1443 116 20 betänkande
506 1443 38 20 N:o
559 1444 30 19 19.
