1009 1656
76 103 176 29 (Öfversättning.)

302 175 313 28 Petitionsmemorlal.

186 255 115 36 Bondest.
641 258 42 23 N:o
700 258 22 22 2.

215 617 57 21 Till
288 617 177 22 Hedervärda
480 617 217 22 Bondeständet.

152 685 31 19 En
201 685 38 19 hos
255 690 34 14 oss
305 685 83 19 allmänt
403 685 38 19 och
457 685 98 24 enhälligt
571 684 76 20 erkänd
663 684 87 25 sanning
766 685 23 18 är
804 685 29 18 att

80 716 28 18 ett
130 714 145 26 själfständigt,
293 714 84 26 kraftigt
392 714 222 26 bildningssträfvande
629 715 23 19 är
668 714 33 20 det
717 713 64 21 första
795 713 37 21 vil-

80 745 58 19 koret
153 744 32 20 för
204 745 37 19 vär
257 744 109 20 nationella
381 745 97 23 existens,
495 745 27 25 på
538 750 79 14 samma
633 744 55 26 gång
703 744 34 20 det
753 744 22 19 är
786 744 46 19 vårt

80 774 53 20 folks
156 774 113 20 förnämsta
289 774 160 20 bundsförvandt
467 774 7 20 i
495 774 89 26 kampen
602 776 43 18 mot
665 780 25 14 en
705 774 53 25 karg
773 775 60 19 natur

82 804 37 20 och
140 804 32 20 för
193 810 25 14 en
238 804 109 25 nödtorftig
367 804 107 25 bärgning.
507 804 73 20 Därför
596 804 37 19 har
648 804 63 20 ocksä
726 804 41 19 alla
782 804 51 19 folk-

81 834 91 20 klassers
193 834 38 20 och
250 834 119 25 isynnerhet
389 834 121 20 ständernas
531 834 101 20 särskildä
653 834 180 25 uppmärksamhet

81 864 71 20 riktats
167 864 28 25 pä
211 864 57 20 såväl
284 864 73 25 hvarje
371 864 174 25 bildningsarbete
560 864 7 19 i
583 864 110 20 allmänhet
708 869 44 15 som
768 864 7 18 i
786 864 47 24 syn-

81 894 71 19 nerhet
167 894 127 25 ungdomens
310 894 119 25 uppfostran
445 894 37 19 och
497 894 154 25 undervisning.

152 924 31 19 På
199 924 65 24 grund
281 923 22 20 af
318 924 54 19 detta
387 924 88 19 intresse
490 924 37 19 ber
540 924 38 25 jag
594 925 27 18 att
632 924 22 19 få
663 923 54 20 rikta
727 923 34 19 det
771 923 63 19 ärade

82 954 90 19 ständets
195 954 180 24 uppmärksamhet
390 954 27 24 pä
433 959 26 14 en
475 954 156 24 omständighet,
647 959 50 18 som,
715 953 67 19 sävidt
795 953 38 25 jag

81 985 41 21 vet,
144 983 54 19 förut
206 983 18 25 ej
234 984 53 19 varit
295 983 85 20 föremål
388 984 32 19 för
428 984 121 19 ständernas
558 981 221 27 öfverläggning,"men
788 988 44 14 som

83 1013 63 19 likväl
167 1013 27 25 pä
215 1018 73 15 senare
304 1013 51 19 tider
371 1013 68 25 dragit
454 1014 39 19 den
509 1014 103 19 allmänna
627 1013 206 25 uppmärksamheten

81 1044 29 18 till
126 1043 32 25 sig
175 1043 37 19 och
227 1048 44 14 som
287 1044 6 18 i
310 1043 37 20 och
362 1043 31 20 för
409 1044 33 24 sig
458 1043 64 25 enligt
537 1043 42 20 min
594 1043 61 19 tanke
670 1043 7 19 i
692 1043 42 25 hög
749 1042 52 26 grad
811 1043 24 19 är

83 1072 61 20 däraf
156 1072 89 26 förtjänt.

153 1102 29 20 Af
203 1103 96 19 eleverna
322 1102 34 20 vid
377 1103 51 19 våra
449 1103 65 25 högre
533 1103 96 19 lärovärk
645 1102 92 20 kommer
752 1108 25 13 en
793 1103 42 19 stor

78 1133 42 23 del,
140 1132 7 20 i
168 1132 76 26 många
264 1132 36 20 fall
321 1133 64 19 större
401 1132 65 24 delen,
483 1132 46 20 från
543 1130 116 28 folkskolan.
690 1132 47 20 Med
751 1132 84 24 ledning

82 1162 24 20 af
124 1162 27 26 pä
180 1162 78 20 enskild
283 1163 42 25 väg
348 1162 113 20 insamlade
486 1162 103 26 uppgifter
614 1162 46 20 utaf
680 1162 92 20 rektorer
797 1162 38 19 och

82 1192 187 20 föreständarinnor
292 1192 68 20 kunna
383 1192 28 24 vi,
434 1192 55 20 hvad
512 1192 96 20 beträffar
627 1192 29 20 till
671 1192 65 20 första
751 1191 83 20 klassen

82 1222 84 25 intagna
185 1228 40 19 nya
244 1222 75 24 elever,
337 1222 21 19 få
373 1222 90 25 följande
479 1222 56 20 tablå
550 1222 23 20 af
587 1222 153 20 förhållandena
755 1221 35 20 vid
807 1222 27 18 13

83 1252 102 19 klassiska
200 1252 75 25 lyceer,
293 1252 12 19 9
321 1252 52 19 real-
389 1252 38 19 och
443 1252 12 19 8
473 1252 202 20 fruntimmerskolor.

353 1316 105 20 Klassiska
474 1317 94 25 lyceerna.

154 1365 49 25 Året
220 1371 117 20 1895—96
353 1377 38 14 var
406 1371 136 20 förhållandet
557 1372 76 19 mellan
649 1372 70 19 elever
729 1371 46 20 från
786 1371 50 20 folk-

84 1401 71 19 skolan
171 1401 37 19 och
225 1401 46 19 hela
287 1401 76 20 antalet
378 1407 41 20 nya
435 1402 69 19 elever
521 1401 12 20 &
548 1401 9 20 I
573 1401 84 20 klassen
673 1401 101 25 följande:
