1003 1656
774 106 10 17 7

51 167 7 17 i
71 166 58 23 fråga,
147 171 44 12 vore
209 165 67 18 sådana
294 167 46 16 utan
354 165 65 18 tvifvel
434 165 98 24 betingade
544 166 21 17 af
575 166 91 18 särskilda
678 165 129 23 förhällanden,

52 195 105 22 fattigdom,
170 195 53 22 ringa
235 194 107 23 folkmängd
354 199 23 13 m.
389 200 23 13 m.

121 223 28 18 En
160 223 106 23 jämförelse
278 223 41 18 med
332 223 189 24 själfförvaltningens
533 223 124 23 organisation
665 223 7 18 i
680 223 58 18 andra
746 223 62 18 länder

52 252 69 18 lämnar
139 252 41 17 icke
195 252 57 17 häller
266 252 41 17 med
322 252 84 18 afseende
421 251 11 18 å
447 252 181 22 häradsförvaltning
640 254 28 16 ett
680 252 20 18 så
712 254 96 21 ogynsamt

54 281 63 22 utslag
129 285 38 13 som
180 286 42 12 man
234 280 31 18 vid
277 281 59 17 första
348 280 94 18 anblicken
455 286 42 13 vore
509 281 70 18 frestad
591 283 28 15 att
631 283 73 20 antaga.
722 281 10 17 I
739 281 69 17 Frank-

51 309 40 18 rike
109 309 59 18 finnas
185 309 109 22 visserligen
312 311 26 16 ett
358 311 46 16 stort
421 309 51 18 antal
486 309 71 23 mycket
570 309 38 18 små
620 309 112 22 kommuner,
744 309 64 18 medan

52 338 156 23 departementens
223 338 116 17 kommunala
355 338 115 23 förvaltning
485 338 66 18 hänför
569 338 29 23 sig
610 338 27 18 till
649 338 86 18 områden
747 339 21 17 af
778 337 30 18 be-

53 367 66 22 tydligt
138 366 143 19 invånareantal.
306 367 66 18 Mellan
391 367 53 18 dessa
462 367 33 18 har
509 367 46 18 dock
571 367 54 18 äfven
637 367 172 18 arrondissementet

53 398 27 15 ett
98 395 142 23 representativt
254 395 34 18 råd
304 395 41 18 med
357 395 131 23 befogenheter
500 395 77 18 rörande
589 396 104 17 skatternas
705 395 103 22 fördelning

53 425 24 22 på
88 424 134 23 underlydande
234 425 112 17 kommuner.
370 425 99 20 Danmark,
481 425 41 17 med
534 430 21 12 en
568 424 63 23 ytvidd
643 424 70 18 mindre
722 425 22 16 än
753 423 55 18 Wasa

53 453 36 22 län,
109 455 20 16 är
146 453 7 18 i
171 452 146 19 administrativt
334 453 102 18 hänseende
454 453 82 18 indeladt
550 453 7 18 i
573 453 21 18 19
606 456 43 18 amt,
662 453 63 17 hvilka
736 452 28 18 till
776 451 33 19 sitt

54 482 74 23 omfång
140 482 7 18 i
159 482 100 18 allmänhet
276 483 93 16 motsvara
387 482 21 17 de
426 481 69 19 minsta
512 482 102 17 häraderna
631 481 7 18 i
650 482 41 17 vårt
703 481 48 22 land,
764 481 45 18 eller

53 512 59 20 (utom
125 511 107 18 Bornholms
244 512 39 17 amt
295 511 40 17 med
347 511 34 18 585
392 511 29 18 kv.
434 511 70 23 kilom.)
517 511 79 22 ungefär
608 511 40 18 från
661 511 51 20 1,200
720 510 30 18 till
758 510 51 21 4,000

53 540 30 18 kv.
95 540 61 18 kilom.
169 539 68 23 hvarje,
249 540 58 17 under
319 539 31 18 det
361 539 131 24 befolkningen
504 540 63 17 växlar
579 539 40 18 från
628 540 62 22 12,000
698 539 29 18 till
736 539 73 21 140,000

53 569 23 23 på
88 569 63 23 hvarje
163 571 38 16 amt
212 569 33 17 och
258 568 6 18 i
276 569 86 17 medeltal
378 568 71 23 uppgår
461 569 28 18 till
501 569 69 22 90,000.
593 569 139 22 Konungariket
744 568 64 22 Norge,

53 598 27 18 till
99 597 103 23 ytinnehåll
222 597 31 18 och
270 597 105 22 befolkning
388 597 71 18 mindre
475 599 24 16 än
513 597 84 22 Finland,
609 599 21 16 är
641 597 57 18 likväl
709 596 82 18 indeladt
802 595 7 18 i

56 627 23 18 20
91 629 42 19 amt,
147 627 57 17 ehuru
216 627 41 22 fyra
268 626 107 18 femtedelar
386 627 21 17 af
417 626 131 23 befolkningen
560 626 33 17 bor
605 625 69 18 samlad
686 625 55 23 kring
749 625 60 20 floder,

55 655 48 24 sjöar
122 655 33 18 och
171 655 71 23 fjordar
256 655 23 22 på
292 660 22 13 en
327 655 50 18 areal
389 656 127 17 motsvarande
528 649 41 24 Åbo
582 655 33 18 och
627 655 50 18 Vasa
689 655 31 18 län
732 654 77 18 tillsam-

56 690 46 12 man.
127 684 70 23 Hvarje
208 686 39 15 amt
258 684 87 18 omfattar
357 684 41 18 från
409 685 121 21 20—115,000
541 689 91 18 personer.

121 713 28 18 De
162 713 74 23 statligt
248 713 128 23 organiserade
388 713 22 18 22
423 713 113 19 kantonerna
548 713 7 18 i
567 713 89 19 Schweitz
664 711 60 20 hafva
732 717 22 14 en
763 717 46 18 myc-

57 742 32 18 ket
100 742 89 18 vexlande
200 742 126 22 utsträckning
339 742 42 18 från
393 743 32 17 178
438 742 29 18 kv.
480 742 62 18 kilom.
555 742 28 18 till
596 742 50 22 7,100
658 742 30 18 kv.
699 742 67 21 kilom.,
774 747 35 12 me-

59 771 36 18 dan
110 771 156 18 invånareantalet
280 771 6 18 i
302 772 34 17 den
351 771 67 19 minsta
433 773 20 16 är
466 772 62 21 13,000
540 772 33 17 och
585 771 6 18 i
604 772 35 17 den
651 773 68 16 största
730 771 79 21 340,000.

123 799 93 19 Särskildt
234 800 111 23 upplysande
363 802 20 16 är
398 800 31 18 det
443 800 118 23 följdriktiga
576 802 68 20 system
658 800 21 18 af
689 800 121 22 själftyrselse

59 834 39 12 som
115 830 20 16 är
152 828 116 23 genomfördt
285 828 6 18 i
310 829 89 17 Preussen
414 829 32 18 och
461 831 56 21 utgör
529 830 59 17 denna
600 831 47 16 stats
659 829 79 20 stolthet,
752 828 58 18 såsom

58 862 74 13 numera
144 858 27 16 ett
183 857 142 23 fallständigare
337 858 72 22 uttryck
422 858 21 18 af
453 858 31 18 det
496 858 89 22 engelska
596 858 162 22 selfgovernement
770 859 23 16 än
804 857 7 18 i

57 886 40 18 dess
110 888 42 20 eget
163 886 90 18 hemland.

126 914 141 23 Konungariket
278 915 89 18 Preussen
380 917 20 16 är
411 916 30 17 för
452 915 119 21 närvarande,
582 915 112 18 oberäknadt
702 916 31 17 det
740 915 71 18 Hohen-

59 943 102 18 zollernska
178 943 67 22 landet,
264 943 82 19 indeladt
363 944 6 18 i
388 944 20 18 12
426 944 100 23 provinser,
541 944 21 18 af
572 946 27 16 ett
610 944 101 22 ytinnehåll
723 944 88 18 växlande

60 972 67 17 mellan
145 972 148 22 16,000—40,000
311 973 29 17 kv.
358 972 96 19 kilometer
471 974 33 16 och
523 978 21 13 en
562 973 106 23 befolkning
682 973 20 18 år
715 973 45 17 1895
771 972 40 18 från

60 1000 126 22 1,300,000—5
203 1001 84 22 miljoner
304 1001 24 23 på
346 1002 68 22 hvarje.
438 1001 80 19 Sålunda
534 1004 31 15 äro
581 1002 124 22 Ostpreussen,
718 1002 93 17 Branden-

61 1028 52 24 burg,
128 1029 98 18 Hannover
242 1030 32 18 och
288 1030 93 18 Schlesien
395 1030 46 18 både
456 1030 29 18 till
497 1030 102 22 ytinnehåll
611 1031 32 17 och
655 1030 106 23 befolkning
773 1032 39 16 när-

61 1061 48 14 mast
126 1058 38 18 lika
183 1061 49 15 stora
247 1058 43 18 eller
305 1060 59 17 större
376 1060 23 17 än
411 1059 38 18 hela
463 1060 99 17 Danmark.
587 1059 98 19 Provinsen
697 1061 55 21 utgör
764 1059 48 18 inom

61 1086 34 18 den
107 1086 105 22 preussiska
224 1089 60 16 staten
297 1087 30 18 det
342 1088 65 22 högsta
419 1088 117 18 kommunala
548 1088 103 18 samhället.
674 1088 46 18 Dess
733 1088 79 22 själfsty-

58 1114 46 18 relse
121 1115 74 18 utöfvas
213 1116 21 17 af
250 1116 185 23 provinslandtdagen
450 1117 33 17 och
499 1117 30 17 det
541 1117 21 18 af
573 1117 58 18 denna
642 1117 78 18 utsedda
732 1116 80 23 provins-

60 1144 97 22 utskottet,
169 1144 53 18 hvars
235 1145 109 17 ordförande
357 1147 20 16 är
386 1146 33 17 den
427 1146 20 17 af
454 1146 97 22 konungen
558 1146 76 18 utsedde
642 1145 171 23 öfverpresidenten.

59 1172 38 18 Hos
115 1172 56 18 denne
187 1173 31 17 och
234 1174 92 18 utskottet
338 1174 129 18 koncentrerar
480 1174 30 23 sig
521 1174 107 23 provinsens
641 1174 41 18 hela
694 1170 119 35 förvaltning,

56 1201 64 17 medan
131 1201 187 24 provinslandtdagen
327 1202 40 18 icke
375 1203 119 23 regelbundet
503 1203 144 18 sammanträder
655 1204 58 17 oftare
722 1205 23 16 än
753 1203 60 18 hvart-

55 1232 57 16 annat
124 1230 25 18 år.
176 1230 34 18 Ett
225 1232 21 16 af
257 1231 175 23 öfverpresidenten,
445 1237 22 13 en
480 1232 56 22 högre
549 1232 110 18 embetsman
672 1233 32 17 och
717 1233 36 17 fem
765 1232 48 18 med-

56 1258 76 18 lemmar
145 1259 20 17 af
175 1259 167 22 provinsutskottet
355 1262 119 16 sammansatt
486 1260 107 23 provinsråd
604 1263 55 21 utgör
671 1261 55 23 högre
738 1261 76 18 förvalt-

56 1287 140 23 ningsdomstol.
205 1298 22 4 —
240 1289 96 18 Närmaste
348 1289 206 23 förvaltningsområdet
566 1290 57 18 under
630 1290 97 22 provinsen
736 1292 20 16 är
764 1294 50 18 rege-

55 1316 151 23 ringsdistriktet,
226 1317 68 18 hvaraf
310 1318 31 18 det
359 1318 68 18 minsta
445 1320 55 21 utgör
515 1319 52 20 3,100
583 1318 33 18 och
628 1319 32 17 det
671 1320 69 16 största
752 1318 63 21 21,109

54 1344 29 19 kv.
97 1345 100 18 kilometer.
222 1346 191 23 Landtbefolkningen
425 1347 6 18 i
443 1347 55 18 dessa
511 1347 75 18 distrikt
598 1347 64 19 växlar
673 1348 67 17 mellan
752 1348 63 21 59,000

55 1373 32 18 och
105 1375 84 22 858,000;
208 1375 6 17 i
233 1377 67 16 tvänne
318 1375 58 23 stiger
394 1376 34 18 den
446 1376 29 18 till
491 1376 106 23 respektive
613 1377 9 16 1
637 1378 47 16 samt
695 1377 39 22 I!/,
746 1376 69 23 miljon.

57 1403 54 18 Flera
125 1403 21 18 af
158 1403 52 18 dessa
222 1404 151 18 administrativa
385 1404 85 19 omräden
483 1407 92 16 motsvara
587 1405 77 18 sälunda
672 1405 56 23 nägra
736 1405 20 18 af
764 1405 51 18 länen

55 1431 6 18 i
73 1431 84 18 Finland.
182 1432 9 17 I
207 1434 73 21 spetsen
296 1433 28 17 för
343 1433 103 18 distriktets
462 1433 114 24 förvaltning
592 1433 38 18 står
642 1439 22 12 en
676 1434 139 23 regerinspresi-
