1023 1653
98 115 88 21 tillåtna
203 116 116 20 röstetalet
339 116 71 19 skulle
429 116 141 24 naturligtvis
589 114 71 26 nedgå
679 116 6 18 i
705 120 86 15 samma
804 120 45 20 pro-

98 143 86 25 portion
203 148 49 14 som
273 141 114 21 afståndet
407 142 94 20 emellan
523 142 121 20 röstetalen
668 141 93 21 sålunda
781 142 68 20 utvid-

98 170 74 24 gades.

170 196 100 20 Allmänt
291 196 60 20 torde
370 196 124 24 medgifvas
513 196 33 20 att
565 196 67 20 ofvan
653 196 129 20 framstälda
800 200 49 20 syn-

98 223 94 25 punkter
202 222 134 21 beträffande
346 223 154 25 särskiljandet
508 223 24 20 af
540 228 81 15 census
631 223 41 20 och
681 222 111 20 röstskala
800 222 48 20 från

99 250 197 24 skattöregrunden
311 252 37 18 äro
364 250 114 24 betingade
494 250 24 20 af
531 250 94 20 rättvisa
635 250 40 20 och
684 248 165 22 förhållandena

98 277 8 19 i
127 277 72 24 öfrigt.
235 276 102 20 Deremot
354 277 61 19 möta
430 277 60 19 stora
514 276 137 25 svårigheter
670 276 138 25 uppnåendet
826 276 24 19 af

99 304 90 24 enighet
203 303 134 20 beträffande
351 302 77 26 frågan
443 309 35 14 om
494 304 37 19 det
545 304 80 24 högsta
639 302 88 21 tillåtna
741 303 108 20 rösttalet.

98 329 69 21 Bland
187 330 56 24 dem,
261 335 48 14 som
324 330 54 24 yrka
392 330 27 25 på
433 330 105 20 reformer
552 330 7 20 i
574 330 98 25 antydda
685 330 111 23 afseende,
810 330 39 19 har

99 357 130 24 visserligen
244 357 41 19 den
301 357 140 24 uppfattning
457 357 83 24 begynt
554 357 68 20 vinna
636 357 79 24 insteg,
731 357 33 19 att
778 361 27 15 en
822 355 27 26 på

99 384 154 24 förmögenhet
267 384 97 23 grundad
379 384 109 19 röstskala
503 384 65 19 äfven
583 384 40 19 hos
639 389 43 19 oss,
697 383 75 20 såsom
782 383 67 20 öfver-

100 410 40 21 allt
157 411 145 19 annorstädes
320 411 103 24 inträffat,
438 411 46 20 helt
498 411 41 20 och
553 410 69 20 hållet
636 411 39 19 bör
688 410 106 20 afskaffas
808 411 40 19 och

100 438 78 19 endast
199 443 27 14 en
248 438 47 19 röst
313 437 123 24 medgifvas
451 438 74 25 hvarje
539 437 177 25 röstberättigad.
744 437 48 20 Men
807 437 42 20 oaf-

100 465 49 19 sedt
167 465 57 24 dem,
239 464 75 19 hvilka
328 464 52 25 vilja
393 464 108 20 bibehålla
516 465 68 19 saken
599 463 28 26 på
641 465 50 19 dess
706 465 58 19 förra
778 463 71 20 stånd-

100 491 70 25 punkt
186 491 53 20 eller
253 491 40 20 ock
308 491 35 20 vid
359 491 177 24 begränsningen
551 491 23 20 af
587 492 80 23 högsta
681 491 115 20 röstetalet
809 491 39 19 för-

100 518 64 24 lägga
181 518 118 20 valcensus
313 517 26 20 så
353 519 53 23 högt
421 519 39 19 och
476 521 53 21 göra
542 519 126 19 röstskalan
683 517 26 20 så
723 517 126 23 vidsträckt,

100 546 34 18 att
152 545 80 24 högsta
249 545 116 19 röstetalet
381 545 72 19 kunde
468 544 85 26 uppnås
567 545 57 19 först
638 545 35 19 vid
688 545 45 19 lika
747 545 46 19 stor
807 543 43 21 års-

100 572 99 20 inkomst
220 576 49 15 som
290 572 33 19 för
344 572 141 24 närvarande,
510 572 143 24 hvarigenom
676 572 27 19 de
723 572 127 23 förmögnes

101 598 124 22 öfvervälde
240 603 50 15 vore
305 599 104 24 tryggadt
424 599 39 19 och
474 598 73 25 någon
557 599 132 23 förbättring
699 597 93 21 sålunda
802 598 48 20 icke

101 624 143 26 åvägabragd,
259 630 66 15 anses
341 624 12 20 å
367 626 68 19 andra
454 626 62 19 sidan
535 626 47 20 icke
596 631 41 14 ens
651 626 64 19 bland
731 625 55 23 dem,
801 630 48 14 som

100 651 83 25 påyrka
197 652 111 24 reformer,
319 657 26 14 en
361 651 25 20 så
401 653 184 24 genomgripande
595 652 127 24 förändring
732 652 7 19 i
749 652 25 19 de
785 656 64 15 nuva-

100 679 67 19 rande
188 677 171 26 förhållandena,
381 684 48 15 som
453 684 27 15 en
500 680 47 19 röst
561 679 34 20 för
609 679 74 24 hvarje
697 684 86 19 person,
798 683 53 14 vara

101 705 74 25 möjlig
197 706 34 19 att
252 705 159 20 åstadkomma.
447 706 118 19 Dessutom
587 706 71 24 borde,
677 706 7 19 i
704 705 104 20 händelse
822 710 28 14 en

100 731 59 25 gång
173 737 27 15 en
217 733 100 23 grundlig
331 733 80 19 reform
426 733 23 19 af
462 732 38 20 vår
514 733 220 24 folkrepresentation
745 732 105 24 vidtages,

102 759 154 24 ovifvelaktigt
270 758 83 21 sådana
367 759 187 24 omständigheter
569 765 49 14 som
633 759 104 25 bildning,
752 764 26 15 en
793 763 57 20 mog-

102 791 52 14 nare
174 785 65 25 ålder,
255 786 106 24 ställning
380 787 49 19 med
449 787 87 24 hänsyn
552 787 33 19 till
599 787 76 24 familj,
690 786 32 20 uti
737 786 113 19 samhälle-

101 813 44 24 liga
159 813 50 19 värf
222 812 120 25 ådagalagd
357 813 124 20 erfarenhet
496 814 40 19 och
551 813 113 24 duglighet
677 819 30 14 m.
722 818 29 15 m.
765 814 64 23 tagas
844 812 6 19 i

102 839 142 20 betraktande
259 840 36 19 vid
309 839 178 20 bestämmandet
506 840 23 20 af
545 840 38 19 det
601 840 103 24 politiska
721 839 131 24 inflytandet

102 866 52 20 eller
168 867 126 19 rösträtten.

173 893 45 20 Den
235 893 160 24 betänkligaste
410 894 62 19 sidan
488 894 24 19 af
524 894 37 19 det
575 893 166 25 ifrågavarande
755 893 96 20 missför-

102 919 111 20 hållandet
232 922 23 17 är
274 920 37 20 det
325 921 60 19 stora
400 921 84 19 antalet
498 921 170 19 minioritetsval
683 921 32 19 uti
729 919 49 20 vårt
791 919 58 20 land.

102 942 111 29 Öfverallt,
232 947 37 20 der
287 947 110 20 röstskala
411 947 154 24 förekommer,
580 948 41 19 kan
637 947 41 20 den
694 947 113 24 möjlighet
821 947 29 19 in-

102 973 69 24 träffa,
191 974 34 18 att
243 974 140 19 minoriteten
403 975 104 18 stundom
522 975 36 18 vid
573 975 36 18 val
623 979 74 18 segrar
712 974 60 19 öfver
786 974 64 23 majo-

102 999 85 20 riteten.
212 999 48 20 Men
275 1000 41 19 hos
331 1005 37 14 oss
383 1002 36 18 äro
434 1001 74 24 dylika
522 1001 39 19 fall
573 1001 42 19 alls
625 1001 47 19 icke
682 1001 115 23 sällsynta.
821 998 30 21 På

102 1027 46 19 sätt
161 1027 66 19 redan
243 1027 114 19 anmärkts
372 1027 39 20 har
425 1028 155 19 minoritetens
595 1033 62 18 seger
667 1027 35 20 vid
713 1027 25 20 de
749 1027 103 24 politiska

102 1053 64 20 valen
185 1053 7 19 i
210 1053 51 20 våra
276 1054 73 19 städer
364 1054 73 19 blifvit
451 1059 27 15 en
493 1055 99 23 ständigt
606 1053 180 21 återkommande
800 1054 51 19 hän-

102 1080 65 19 delse.
197 1080 40 19 Vid
259 1081 148 19 innevarande
431 1081 104 24 landtdag
555 1081 54 20 sitta
623 1080 93 21 sålunda
730 1081 7 20 i
752 1081 100 23 Borgare-

102 1105 89 21 ståndet
205 1112 47 14 mer
266 1109 28 18 än
309 1108 33 19 ett
357 1108 62 19 tiotal
435 1108 24 19 af
472 1113 27 14 en
514 1108 113 19 minoritet
641 1108 64 19 bland
719 1109 132 18 valmännen

102 1133 91 20 utsedde
212 1135 181 23 representanter.
431 1135 38 19 Ett
489 1135 71 24 dylikt
581 1135 106 19 sakernas
707 1133 99 22 tillstånd
828 1136 24 17 är

102 1161 53 18 utan
177 1161 78 19 tvifvel
276 1161 6 19 i
304 1161 114 24 skarpaste
434 1162 101 19 kontrast
549 1162 48 19 mot
611 1162 76 19 nutida
701 1161 151 24 rättsuppfatt-

103 1187 58 24 ning.
190 1187 44 20 Min
249 1186 58 25 åsigt
317 1190 24 17 är
350 1188 49 25 den,
409 1189 39 22 att,
460 1189 55 19 huru
525 1190 28 18 än
563 1188 125 20 röstskalan
699 1188 74 20 såsom
784 1187 68 20 sådan

102 1214 111 25 bedömes,
229 1219 26 14 en
271 1215 59 24 hvar,
346 1220 49 14 som
409 1215 85 20 fruktar
508 1215 87 24 hastiga
606 1214 145 25 öfvergångar
760 1215 33 19 uti
804 1213 49 21 vårt

102 1240 104 25 politiska
229 1241 26 19 lif
277 1241 40 20 och
339 1241 33 20 för
392 1242 87 19 hvilken
498 1243 47 23 just
564 1241 38 20 vår
620 1241 232 25 folkrepresentations

100 1267 75 24 jemna
192 1268 126 23 utveckling
340 1270 24 17 är
383 1269 84 24 dyrbar,
483 1269 64 19 borde
570 1269 75 24 önska,
658 1270 23 23 ja
699 1269 34 19 till
748 1269 39 19 och
802 1267 50 20 med

102 1293 72 20 fordra
186 1295 33 18 att
233 1295 172 19 röstmaximum
419 1300 80 19 genom
514 1295 239 24 grundlagsstadgande
768 1295 84 20 nedsat-

102 1321 34 19 tes
151 1319 26 21 så
191 1320 46 24 lågt
254 1322 33 18 att
304 1321 26 19 de
341 1321 27 24 på
377 1322 155 24 förmögenhet
542 1322 109 24 grundade
662 1321 190 21 minoritetsvalen

102 1347 72 19 kunde
191 1347 154 20 förekommas.
373 1348 63 20 Huru
452 1348 47 24 lågt
519 1350 94 22 gränsen
635 1349 33 19 för
689 1348 127 25 uppnående
831 1348 24 19 af

102 1373 61 20 detta
177 1373 101 20 ändamål
293 1374 65 20 borde
373 1375 78 24 sättas,
466 1377 24 17 är
504 1375 47 20 icke
567 1375 88 20 alldeles
670 1374 25 20 så
709 1376 42 19 lätt
761 1376 33 18 att
803 1374 49 20 med
