1023 1653
274 114 277 22 Petitionsbetänkande
568 113 41 23 N:o
625 113 39 22 45.
820 115 24 18 13

93 188 48 19 icke
157 188 85 19 berörts
258 187 7 19 i
280 187 154 25 petitionerna,
451 187 40 19 har
507 187 111 19 Utskottet
634 187 19 24 ej
671 187 59 19 velat
747 187 53 25 göra
808 187 38 19 nå-

92 224 40 24 got
147 223 110 20 bestämdt
273 222 82 26 förslag
371 222 7 20 i
394 222 73 20 denna
483 222 104 26 riktning.

166 258 65 20 Hvad
256 258 104 25 slutligen
385 258 138 20 vidkommer
546 258 148 24 petitionerna
718 263 35 14 om
777 256 69 20 sådan

93 294 130 25 förändring
246 294 24 20 af
287 296 22 17 17
329 294 11 24 8
357 294 6 18 i
379 293 127 20 oftanämda
530 293 135 25 förordning,
686 295 33 18 att
741 292 105 26 fotografs

94 330 93 19 arbeten
209 330 113 19 likstäldes
343 329 50 20 med
409 329 69 19 andra
494 330 96 24 grafiska
606 329 98 22 arbeten,
722 330 24 18 så
762 329 39 19 har
816 328 31 19 in-

94 371 38 14 om
155 365 110 20 Utskottet
288 367 14 17 å
322 370 43 15 ena
381 365 63 19 sidan
459 364 132 20 framhållits
607 366 32 18 att
655 364 37 20 det
707 369 52 15 vore
775 364 7 19 i
798 364 50 19 eko-

95 401 98 20 nomiskt
215 400 104 21 afseende
343 400 96 20 särdeles
458 400 112 19 kännbart
588 399 34 20 för
639 405 27 15 en
682 399 101 26 fotograf,
800 404 48 15 som

96 437 91 25 nedlagt
210 438 45 18 stor
279 436 66 19 möda
362 437 41 18 och
420 436 125 20 merendels
560 436 113 25 betydliga
686 435 119 21 kostnader
821 437 27 23 på

96 472 209 20 åstadkommandet
327 471 25 20 af
373 471 156 25 förtjänstfulla
553 472 76 23 bilder,
653 474 32 17 att
705 471 55 21 efter
780 473 10 18 5
814 473 34 18 års

97 508 84 25 förlopp
202 509 62 18 finna
285 513 28 14 en
335 507 159 25 efterkopierad
511 508 96 24 upplaga
622 507 104 25 utbjudas
741 507 32 19 till
788 507 60 25 lägre

97 544 44 24 pris
157 544 29 19 än
203 544 42 22 det,
262 544 89 19 hvartill
367 544 45 18 han
429 543 51 25 själf
494 544 44 19 kan
555 543 92 25 föryttra
659 543 48 20 sina
716 543 132 25 fotografier.

97 580 43 19 För
161 579 177 20 framställandet
357 578 24 20 af
401 584 28 14 en
445 579 43 25 god
504 579 94 25 original
614 579 44 19 bild
673 578 85 21 fordras
772 579 78 19 nämli-

96 620 52 20 gen,
172 617 61 17 utom
258 615 62 19 smak
345 615 41 19 och
410 614 95 20 artistisk
524 614 57 20 blick
597 615 40 19 hos
653 614 124 26 fotografen
793 614 56 24 själf,

97 651 107 24 skickliga
227 650 106 23 biträden,
358 650 27 19 de
408 650 62 20 bästa
494 650 133 20 instrument
647 656 18 14 o.
686 656 17 14 s.
725 656 27 17 v.,
769 650 81 19 medan

98 686 101 20 däremot
218 691 28 14 en
263 686 81 24 säljbar
360 685 160 25 efterkopierad
536 686 45 19 bild
596 686 74 20 kunde
686 686 164 20 åstadkommas

98 721 52 20 med
166 721 26 20 de
209 721 100 20 enklaste
325 721 78 20 medel.
435 722 43 19 Det
492 722 42 19 har
550 722 66 19 ocksä
632 722 129 20 betecknats
778 723 72 18 säsom

99 763 29 14 en
143 757 54 20 brist
217 757 6 19 i
239 759 40 18 vär
294 757 138 26 lagstiftning
447 759 32 18 att
494 757 129 26 fotografisk
639 757 133 26 afbildnings
789 757 63 20 efter-

99 793 98 25 görande
222 793 24 20 af
267 798 76 15 annan
362 799 81 19 person
459 793 78 20 endast
555 795 41 23 ,pä
611 793 128 26 fotografisk
756 793 55 25 väg*
828 793 24 19 är

99 829 71 20 under
191 829 58 19 vissa
269 829 72 19 vilkor
360 828 122 25 förbjuden,
503 829 82 20 medan
604 827 127 27 fotografen
747 830 46 18 mot
809 829 43 19 alla

98 864 71 20 andra
193 864 211 25 efterbildningssätt
430 865 45 19 stär
496 865 98 22 rättslös;
619 865 6 18 i
650 865 83 19 hvilket
749 863 103 21 afseende

99 900 39 20 det
152 900 103 20 särskildt
271 901 24 18 är
311 902 32 18 att
359 901 88 20 märkas
463 902 32 18 att
512 900 119 25 fotografin
646 900 7 19 i
668 899 138 21 närvarande
822 899 31 20 tid

99 936 66 25 utgör
193 936 196 25 utgångspunkten
415 936 36 19 vid
474 936 27 20 de
525 937 63 19 flesta
612 936 101 25 brukliga
736 935 117 25 reproduk-

99 971 164 20 tionsmetoder.
297 965 19 26 Ä
335 972 70 19 andra
430 972 63 20 sidan
515 973 41 18 har
573 972 37 20 det
625 972 101 20 däremot
741 971 113 20 anmärkts

101 1008 32 18 att
151 1006 120 26 fotografer
295 1007 50 20 med
369 1007 105 20 afseende
498 1009 13 18 &
535 1007 42 20 den
601 1007 38 23 tid,
661 1007 126 20 hvarunder
802 1012 52 19 upp-

101 1042 149 21 hofsmannen
275 1043 144 20 tillerkännes
449 1043 140 20 uteslutande
615 1043 43 19 rätt
681 1044 32 19 att
745 1041 110 26 eftergöra

100 1078 135 26 fotografier,
251 1079 8 19 i
274 1079 146 20 betraktande
442 1079 24 20 af
480 1079 43 20 den
539 1079 85 20 snabba
639 1078 133 25 utveckling,
793 1077 63 20 hvari

101 1114 197 25 fotografikonsten
322 1114 34 20 för
379 1115 139 20 närvarande
548 1115 24 19 är
600 1115 70 22 stadd,
695 1115 41 19 och
760 1113 26 20 de
811 1119 45 19 nya

102 1150 163 25 uppfinningar,
289 1155 48 15 som
357 1152 28 23 pä
409 1150 60 20 detta
485 1150 91 20 område
600 1150 97 25 ständigt
713 1150 71 25 göras,
808 1149 48 19 icke

103 1185 51 20 med
183 1186 48 19 skäl
259 1186 74 20 kunde
364 1186 106 20 likställas
493 1186 53 20 med
569 1187 136 19 konstnärer.
739 1185 47 20 Och
816 1185 40 19 har

104 1221 36 20 det
163 1221 77 20 härvid
264 1222 113 25 påpekats,
402 1224 31 18 att
449 1227 87 15 samma
553 1222 190 25 tidsbestämning,
760 1226 47 15 som
823 1220 34 19 för

103 1257 138 20 närvarande
266 1258 69 25 gäller
359 1258 40 20 hos
423 1263 41 18 oss,
485 1258 19 19 d.
522 1264 20 13 v.
560 1263 15 14 s.
595 1259 10 18 5
626 1259 30 22 år,
681 1257 66 20 äfven
768 1257 30 19 uti
814 1256 44 20 den

103 1293 8 19 i
134 1292 90 27 Sverige
248 1298 53 21 nyss
323 1295 99 24 antagna
437 1293 67 26 lagen
520 1299 36 14 om
573 1294 43 19 rätt
631 1295 32 18 att
679 1292 109 27 återgifva
804 1291 54 20 foto-

104 1329 81 25 grafisk
208 1328 45 20 bild
276 1330 84 19 ansetts
383 1328 50 20 fullt
452 1328 203 26 tillfyllesgörande.
690 1329 33 19 Då
749 1328 109 20 Utskottet

104 1370 31 13 nu
157 1364 48 20 haft
228 1366 32 18 att
283 1364 71 20 uttala
373 1364 34 26 sig
422 1370 37 14 om
476 1364 107 26 möjligen
599 1365 110 25 behöfliga
725 1364 77 25 tillägg
818 1363 41 19 och

104 1400 120 25 ändringar
239 1400 32 20 uti
289 1402 56 18 1880
362 1402 35 18 års
409 1400 130 26 förordning
549 1406 37 14 om
597 1400 124 20 författares
733 1400 41 20 och
785 1400 75 19 konst-

176 1445 108 19 Allmänna
295 1446 183 23 petitionsutskottets
491 1447 118 18 betänkande
622 1447 37 17 N:o
670 1447 25 18 25
