1017 1653
284 116 279 23 Petitionsbetänkande
579 116 42 23 N:o
637 117 37 21 75.
846 121 11 16 5

106 189 122 23 lärarinnor,
246 190 43 19 dels
307 191 30 18 att
352 190 79 19 bereda
447 190 48 19 dem
511 190 81 19 tillfälle
601 190 31 19 till
643 190 161 25 vetenskapliga
815 192 43 17 stu-

107 225 50 20 dier.
185 225 70 20 Dessa
270 225 109 20 läroverks
395 226 76 19 kurser
487 226 36 19 äro
539 225 104 25 tvååriga,
661 226 88 19 hvarvid
768 226 54 19 dock
838 225 21 20 åt

106 261 107 19 blifvande
230 261 115 20 lärarinnor
361 261 98 26 erbjudes
477 261 81 20 tillfälle
575 262 30 19 att
616 261 125 25 ytterligare
752 262 66 19 under
830 263 29 18 ett

107 297 67 26 tredje
191 297 23 20 år
230 297 137 25 komplettera
384 297 46 20 sina
445 297 89 20 insikter
549 297 7 19 i
572 297 122 25 pedagogik
711 297 39 20 och
764 298 95 19 bedrifva

108 333 104 25 praktiskt
232 333 146 25 pedagogiska
399 333 104 25 öfningar.
537 333 182 25 Organiseringen
735 334 6 18 i
758 333 62 25 detalj
838 333 24 19 af

108 369 64 19 dessa
194 369 96 19 läroverk
313 368 169 20 öfverlemnades
507 368 22 20 åt
553 368 100 23 Senaten,
671 375 45 13 som
737 375 77 19 genom
830 370 30 18 ett

108 404 49 20 bref
178 404 23 20 af
223 404 23 20 år
271 406 54 18 1886
350 404 124 20 meddelade
497 405 97 19 närmare
611 404 133 20 föreskritter
760 405 5 19 i
782 406 75 18 ämnet.

108 439 70 21 Dessa
197 440 104 19 innehöllo
323 441 30 19 att
373 440 276 25 fortsättningsläroverken
666 440 67 20 skulle
750 440 64 20 blifva
830 440 30 20 till

110 476 78 20 antalet
203 476 42 23 två,
263 476 34 20 det
313 482 40 14 ena
370 476 97 20 förenadt
483 476 48 20 med
547 476 188 25 svenskspråkiga,
748 476 36 20 det
796 477 64 19 andra

108 512 49 19 med
182 512 155 24 finskspråkiga
364 512 219 20 fruntimmersskolan
609 512 6 19 i
642 512 139 24 Helsingfors.
821 512 39 19 Vid

109 547 104 20 hvardera
228 548 119 19 läroverket
367 548 67 19 skulle
452 554 25 13 en
494 548 132 24 pedagogisk
643 548 103 19 direktion
762 548 98 20 tillsättas

110 583 48 20 med
180 584 85 24 uppgift
287 584 62 19 bland
375 584 64 19 annat
463 584 30 19 att
515 584 73 24 hvarje
605 583 24 20 år
645 584 30 19 till
692 578 168 30 Öfverstyrelsen

110 619 82 25 afgifva
207 619 81 25 förslag
299 619 29 19 till
339 619 242 25 undervisningskurser
592 619 33 19 för
636 625 55 19 resp.
704 619 156 25 fortbildnings-

111 654 101 23 läroverk,
230 655 54 19 ända
307 655 42 19 tills
373 656 64 18 dessa
456 655 76 18 kurser
547 654 28 25 pä
591 655 131 24 grundvalen
741 655 23 18 af
777 660 84 14 vunnen

111 690 121 20 erfarenhet
247 691 68 19 kunde
332 691 97 19 närmare
447 690 123 19 fastställas.

181 726 71 19 Redan
274 726 23 19 af
315 727 34 18 det
371 726 89 19 anförda
481 725 97 25 framgär
598 727 30 18 att
645 726 40 19 den
702 726 23 19 af
739 727 70 18 staten
825 731 36 14 un-

110 761 109 20 derhällna
230 761 350 21 fruntimmersskoleinstitutionen
591 761 104 25 betydligt
705 761 107 20 utvecklat
821 762 39 24 sig.

111 797 31 20 En
159 799 55 18 ännu
230 803 57 14 mera
303 797 116 26 detaljerad
436 797 112 24 belysning
562 797 64 19 häraf
640 798 75 19 vinner
725 803 48 13 man
785 803 77 18 genom

110 834 42 19 den
175 833 137 20 förevarande
332 833 133 20 betänkande
482 833 115 25 ätföljande
614 833 93 20 tabellen
728 839 33 14 n:o
787 836 17 16 1.
836 833 28 19 Af

110 870 70 19 denna
204 869 62 20 tabell
289 869 104 20 inhemtas
414 870 30 19 att
463 869 28 25 pä
507 869 68 24 grund
592 869 23 19 af
630 869 152 24 förordningen
800 869 24 19 af
839 869 23 20 är

113 907 55 18 1885
192 905 60 20 säväl
275 905 79 20 antalet
378 905 215 19 fruntimmersskolor
617 911 45 13 som
687 905 74 19 dessas
778 905 84 19 elevnu-

110 942 70 19 merär
202 941 103 24 betydligt
327 941 86 20 tillväxt.
453 941 32 19 De
509 946 78 19 genom
609 941 252 19 fruntimmersskolornas

110 976 183 25 upprätthållande
317 977 136 19 förorsakade
477 976 172 24 statsutgifterna
673 976 28 19 ha
723 976 99 19 likaledes
840 976 22 19 är

111 1012 33 19 för
160 1012 23 20 år
199 1012 66 19 ökats.
292 1012 46 19 Den
354 1012 125 24 härigenom
495 1011 113 25 betingade
625 1012 158 24 staisutgiftens
795 1012 67 19 netto-

110 1048 76 24 belopp
210 1048 93 24 framgär
327 1048 23 19 af
366 1048 40 19 den
430 1048 53 19 sista
502 1047 122 23 kolumnen;
642 1048 25 18 de
686 1047 174 24 utgiftssummor,

111 1089 46 13 som
173 1084 104 24 upptagas
288 1084 7 18 i
306 1083 53 20 sista
369 1084 120 22 kolumnen,
501 1084 78 23 utgöra
590 1083 63 19 äfven
665 1083 68 24 grund
745 1083 33 19 för
789 1083 73 19 beräk-

110 1119 80 25 ningen
202 1119 23 19 af
234 1120 39 19 den
284 1120 95 22 kostnad,
393 1125 46 13 som
450 1119 75 25 hvarje
535 1119 56 19 elevs
601 1118 106 25 skolgäng
716 1118 97 20 äsamkar
821 1120 41 18 sta-

111 1156 41 18 ten.
165 1155 29 19 Af
208 1155 90 19 tabellen
314 1161 33 13 n:o
367 1158 8 16 1
394 1155 95 25 framgär
502 1156 26 18 än
544 1154 72 20 vidare
633 1155 30 19 att
675 1155 81 19 statens
768 1154 94 20 fruntim-

111 1191 127 19 mersskolor
255 1191 62 19 äfven
328 1191 48 19 med
387 1191 102 19 afseende
500 1190 29 25 pä
539 1191 90 18 kursens
641 1190 128 24 omfattning
780 1190 82 24 ganska

111 1226 103 24 betydligt
230 1226 124 23 uivecklats,
372 1226 79 20 hvilket
468 1226 95 24 framgär
579 1226 63 18 deraf
657 1226 30 19 att
704 1226 25 18 de
741 1226 121 19 nuvarande

110 1262 111 19 klasserna
236 1262 56 19 1—V
307 1263 108 18 motsvara
429 1262 25 19 de
467 1261 130 26 sjuklassiga
609 1261 253 19 fruntimmersskolornas

111 1297 83 19 klasser
209 1298 87 19 1[—-VII.
328 1298 67 19 Häraf
410 1298 39 19 och
466 1304 25 13 ur
507 1298 36 19 det
559 1298 64 18 ofvan
639 1298 68 24 sagda
723 1296 95 25 framgår
834 1298 29 18 att

111 1332 242 20 fruntimmersskolorna
362 1333 54 19 hvad
426 1333 135 19 lärokursens
573 1333 128 24 omfattning
708 1332 40 19 och
754 1332 108 19 skolornas

111 1368 144 24 organisation
271 1369 60 18 öfver
341 1369 81 18 hufvud
434 1368 100 19 beträffar
545 1369 36 18 äro
593 1368 76 19 stadda
679 1368 6 19 i
697 1367 127 25 utveckling,
837 1373 26 14 en

111 1404 157 24 omständighet
283 1410 46 13 som
345 1404 63 19 äfven
426 1404 58 19 torde
497 1403 84 20 bevisas
593 1403 62 20 deraf
665 1404 30 19 att
706 1403 156 24 fortbildnings-

183 1449 106 18 Allmänna
301 1450 181 22 petitionsutskottets
496 1449 117 18 betänkande
626 1448 36 19 N:o
675 1449 30 18 35.
