1017 1656
203 128 13 20 2

174 192 46 19 Men
242 192 84 20 emedan
348 192 81 25 kronan,
451 192 26 20 då
498 192 70 25 frågan
590 192 44 20 icke
653 192 63 25 gäller
731 192 69 25 odling
815 192 20 20 af
850 198 82 18 mossar,

174 220 26 26 på
222 220 50 20 intet
294 220 69 25 vilkor,
385 227 32 13 om
439 221 37 19 ock
495 221 7 19 i
522 220 97 26 parkerna
641 221 73 19 funnes
737 221 29 19 för
788 220 69 26 odling
878 221 53 19 huru

174 249 94 25 lämpliga
291 249 94 20 områden
407 255 43 14 som
468 249 61 24 hälst,
551 249 74 20 tillåter
648 251 30 18 att
697 249 12 19 å
729 250 102 19 desamma
854 250 76 24 byggas

174 278 95 19 bostäder
298 278 29 19 för
357 280 29 18 att
409 278 84 20 sålunda
515 278 20 19 få
557 278 44 20 dem
625 278 76 24 odlade,
722 278 37 19 har
776 278 38 19 den
832 278 100 25 naturliga

174 306 74 25 följden
271 306 54 20 däraf
347 306 57 25 varit,
427 308 30 18 att
479 306 38 20 alla
538 306 62 20 andra
617 307 114 24 arbetsföra,
746 308 87 18 förutom
848 307 24 19 de
888 312 42 14 som

174 336 82 18 stannat
271 341 49 19 qvar
334 335 6 19 i
355 336 118 24 hemtorpet,
488 336 60 18 hafva
562 335 30 19 för
607 337 28 17 att
651 335 70 20 lifnära
735 335 31 25 sig
781 335 49 19 varit
841 337 90 23 tvungna

174 365 29 17 att
224 363 67 20 lämna
310 364 103 19 hemorten
429 364 37 19 och
481 364 79 24 begifva
575 364 31 24 sig
620 364 96 25 antingen
731 364 30 19 till
776 364 92 19 Amerika
883 364 49 18 eller

174 392 30 19 till
226 392 62 19 andra
311 392 54 20 delar
387 393 20 19 af
427 394 46 23 eget
496 392 53 24 land,
575 392 36 20 där
631 398 141 20 gynsammare
794 392 136 20 förhållanden

174 420 50 20 stått
244 420 32 20 till
295 421 56 19 buds.
381 420 38 20 Om
433 422 60 18 dessa
508 421 128 25 bortflyttade
651 421 74 19 hunnit
741 421 61 19 skaffa
817 421 31 25 sig
863 420 67 26 familj,

174 451 82 17 stannar
278 450 65 19 denna
365 450 93 25 vanligen
478 450 122 19 kommunen
620 450 31 19 till
666 450 44 24 last,
726 450 41 19 tills
783 450 74 19 barnen
872 450 59 18 vuxit

174 477 23 20 så
217 480 60 22 stora,
295 480 30 18 att
339 478 25 19 de
379 478 68 20 kunna
461 478 88 20 anskaffa
564 478 21 20 åt
601 478 32 25 sig
648 478 113 20 vistelseort
775 478 134 24 annorstädes,
924 478 7 19 i

174 506 48 25 följd
242 506 70 20 hvaraf
331 507 121 20 kommunen
471 507 130 19 öfverhöfvan
617 507 98 25 betungas
731 506 45 20 med
790 506 141 20 omkostnader

176 535 30 19 för
227 535 58 20 deras
307 536 80 24 skötsel,
408 536 25 19 då
453 536 38 19 den
504 536 38 19 blir
557 537 90 23 tvungen
662 538 30 17 att
706 536 105 24 uppfostra
825 536 106 18 arbetsfört

176 563 41 20 folk
240 564 29 19 för
288 564 62 19 andra
369 566 58 22 orter,
449 564 30 20 till
499 570 52 19 gagn
569 564 31 20 för
616 564 127 25 medborgare
759 564 36 19 och
810 564 121 19 främmande

175 592 77 24 länder,
273 592 78 20 hvilkas
371 593 96 25 ställning
487 595 22 17 är
529 592 143 26 förmånligare,
692 595 49 17 utan
757 594 29 18 att
801 593 5 19 i
822 592 110 25 ersättning

176 621 31 19 för
228 621 45 19 sina
293 621 108 20 kostnader
422 621 75 20 erhålla
517 622 50 19 ökad
585 622 126 19 arbetskraft.
741 621 39 19 Det
794 627 61 19 synes
870 620 61 20 likväl

176 655 44 13 som
236 656 32 13 om
283 650 42 19 skäl
341 650 119 20 förefunnits
475 652 29 18 att
515 650 114 25 bestämma,
642 650 33 19 det
686 650 77 20 tillfälle
776 650 30 19 till
816 650 116 24 nybygges-

176 678 122 25 anläggning
319 679 36 19 bör
377 679 110 25 medgifvas
509 679 7 19 i
537 679 24 19 de
583 678 55 20 delar
656 679 21 19 af
691 678 102 26 parkerna,
808 678 66 20 hvilka
889 678 42 19 icke

176 706 70 20 kunna
260 713 59 13 anses
335 707 30 19 för
379 708 91 19 absoluta
485 707 146 25 skogsmarker.

246 748 38 18 2:o.
314 747 30 19 Då
359 748 34 19 det
407 748 6 19 i
429 748 89 19 Parkano
533 748 96 19 kommun
645 754 44 13 som
704 748 49 24 park
767 747 109 19 förklarade
890 752 42 14 om-

176 775 67 20 rådets
258 776 112 24 ytinnehåll
385 778 22 18 är
422 778 47 18 nära
485 776 75 24 71,000
576 776 71 19 hektar
662 776 37 20 och
714 776 90 19 enskilda
819 776 112 19 hemmans-

175 810 69 19 egares
259 804 78 20 marker
352 804 131 20 tillsammans
499 807 70 23 utgöra
584 804 73 20 endast
673 804 74 24 18,600
762 804 75 24 hektar,
852 806 22 17 är
887 810 45 19 par-

175 832 50 20 kens
244 832 81 20 område
343 835 47 17 nära
405 834 44 24 fyra
464 833 75 25 gånger
554 833 23 19 så
593 833 117 24 vidsträckt,
725 839 43 13 som
783 833 144 24 hemmansega-

175 866 59 14 renas
250 861 78 20 marker
340 862 89 24 tillhopa,
439 862 37 19 och
487 862 25 19 då
523 862 19 19 af
552 862 65 19 denna
628 862 107 24 vidlyftiga
745 861 51 20 areal
806 868 25 13 en
844 860 88 26 betydlig

175 889 32 20 del
230 891 23 18 är
275 890 30 19 för
326 890 112 25 skogsbruk
457 890 43 20 helt
520 890 38 20 och
576 890 63 20 hållet
653 890 88 25 oduglig,
756 896 46 14 men
817 891 80 23 utgöres
912 889 20 19 af

175 918 31 19 för
224 918 96 25 jordbruk
339 919 129 25 synnerligen
490 919 99 26 lämpligaj
604 919 55 19 kärr-
681 918 37 20 och
734 918 136 24 mossmarker,
886 918 44 19 dem

176 952 51 18 man,
243 946 67 20 såsom
332 947 29 19 för
383 948 122 19 närvarande
521 953 66 19 synes,
603 947 44 20 icke
662 953 36 13 ens
713 947 88 19 försöker
815 949 29 17 att
859 952 72 20 genom

176 976 89 18 vattnets
279 975 103 20 afledande
397 976 105 25 torrlägga,
517 978 55 17 ännu
588 976 77 20 mindre
679 976 71 24 bringa
763 976 7 18 i
786 975 68 19 odladt
868 975 63 24 skick,

175 1003 132 25 omintetgöra
328 1004 59 20 dessa
409 1004 78 20 marker
508 1005 60 19 äfven
583 1004 200 25 hemmansegarenas
798 1004 134 24 förhoppning

175 1038 32 13 om
222 1033 31 18 att
268 1031 19 20 få
303 1032 30 19 sin
350 1033 55 18 mark
419 1033 7 19 i
441 1033 120 24 tillförlitligt
577 1033 124 24 odlingsbart
716 1032 61 19 skick.
792 1032 83 19 emedan
886 1031 45 20 kro-

175 1066 51 13 nans
249 1061 78 18 marker
349 1061 92 25 vanligen
464 1061 87 25 omgifva
573 1061 25 20 de
619 1061 92 20 enskilda
732 1061 198 24 hemmansegarenas

172 1088 141 25 jordområden
332 1089 42 25 och,
389 1096 73 18 genom
477 1092 29 17 att
521 1090 5 19 i
543 1090 30 25 sig
589 1089 102 26 qvarhålla
706 1089 76 24 kölden,
798 1089 30 19 för
842 1089 31 19 sin
888 1094 42 14 om-

174 1117 55 19 krets
253 1117 86 20 medföra
361 1118 56 24 frost,
440 1124 43 13 som
502 1119 29 19 för
545 1118 143 25 jordbrukaren
703 1117 115 25 tillintetgör
833 1117 57 20 äfven
906 1117 24 19 de

174 1145 57 20 bästa
255 1146 156 25 förhoppningar
435 1146 26 26 på
485 1146 90 20 årsväxt.
612 1147 71 19 Därför
707 1147 89 18 befinner
818 1146 30 25 sig
870 1145 61 20 också

172 1173 119 26 jordbruket
309 1175 7 18 i
338 1175 67 19 denna
423 1175 96 19 kommun
539 1175 26 25 på
582 1181 25 14 en
623 1175 87 19 särdeles
726 1174 119 20 outvecklad
860 1173 70 20 stånd-

173 1203 71 24 punkt,
267 1203 37 19 och
326 1203 34 19 vid
383 1203 72 20 sådant
477 1203 125 20 förhållande
624 1203 39 20 kan
685 1203 22 25 ju
722 1203 43 19 icke
780 1209 36 13 ens
832 1204 42 18 stor
889 1200 48 21 lust”

174 1231 76 25 uppstå
271 1233 29 18 att
321 1232 122 19 härutinnan
465 1232 78 19 försöka
563 1232 140 19 åstadkomma
717 1231 94 25 bättring.
840 1231 39 19 Väl
894 1231 36 19 har

173 1265 46 13 man
242 1260 75 25 begynt
339 1266 73 19 genom
435 1261 98 19 särskilda
553 1261 94 19 kontrakt
666 1259 83 26 upplåta
763 1260 59 19 dessa
837 1260 6 19 i
858 1260 71 19 krono-

173 1288 98 25 parkerna
285 1289 102 24 befintliga
402 1295 78 14 mossar
495 1289 58 20 äfven
567 1289 22 19 åt
603 1289 92 20 enskilda
710 1289 30 19 till
755 1289 73 24 odling,
844 1294 45 13 men
904 1287 26 20 då

173 1316 119 20 kontrakten
307 1319 102 23 uppgöras
424 1317 71 20 endast
509 1318 31 19 för
557 1318 25 19 15
598 1317 27 25 år,
641 1317 82 20 hvilken
739 1317 27 19 tid
782 1317 58 19 dessa
850 1318 79 17 vatten-

174 1344 85 21 dränkta
280 1351 77 14 mossar
379 1346 84 19 behöfva
485 1346 30 19 för
537 1348 29 17 att
588 1346 20 19 få
631 1345 107 25 växtkraft,
756 1345 36 20 har
806 1345 39 19 den
860 1345 70 24 fattiga

172 1373 228 26 inhysesbefolkningen
421 1375 44 19 icke
487 1380 37 14 ens
546 1375 78 19 kunnat
642 1374 77 20 försöka
738 1374 44 19 odla
794 1374 44 19 dem
853 1373 38 20 och
905 1373 25 19 de

173 1401 124 26 förmögnare
319 1402 49 23 åter,
391 1409 44 13 som
458 1403 59 25 slagit
539 1403 32 25 sig
593 1403 26 25 på
639 1403 56 19 detta
713 1402 122 25 hasardspel,
850 1402 80 19 komma

173 1429 42 20 helt
237 1431 67 19 säkert
321 1433 30 18 att
371 1431 20 20 få
409 1431 71 20 endast
497 1431 72 20 förlust
585 1431 30 20 till
630 1431 33 20 lön
679 1431 71 19 därför.
779 1431 39 19 Det
833 1430 97 20 förefaller
