1034 1656
371 112 311 28 Petitionsmemorial.

258 172 115 36 Prestest.
733 182 23 17 :0
772 176 22 22 6.

301 501 53 20 Till
369 501 164 26 Högvördiga
548 501 202 21 Presteståndet.

219 568 38 20 Att
279 567 96 26 gällande
397 567 76 26 nådiga
495 568 122 25 förordning
637 568 107 25 angående
764 566 138 26 fattigvården

152 598 8 19 i
176 598 77 24 landet,
275 597 69 26 gifven
369 597 39 20 den
435 598 26 19 17
485 598 57 20 Mars
561 598 62 24 1879,
641 598 55 20 varit
712 597 68 27 egnad
796 599 31 17 att
842 596 62 20 ställa

149 627 140 26 fattigvården
312 627 54 20 inom
388 628 147 20 kommunerna
556 629 26 25 på
598 634 24 13 en
638 628 68 19 bättre
721 627 30 20 fot
766 630 26 16 än
807 626 55 20 hvad
877 626 26 20 ti-

150 657 72 26 digare
245 657 55 20 varit
323 657 62 25 fallet,
401 657 59 20 torde
475 664 50 13 vara
541 658 86 19 allmänt
642 658 93 20 erkändt.
766 657 61 19 Flera
842 656 23 20 af
878 656 26 20 de

151 687 71 20 mörka
237 687 84 20 sidorna
336 687 7 19 i
359 687 39 20 den
415 687 57 20 äldre
487 687 68 21 tidens
571 690 42 17 sätt
627 690 30 18 att
667 686 127 21 understöda
804 686 26 20 de
840 686 63 26 hjelp-

149 717 136 25 behöfvande,
301 720 14 17 t.
331 724 30 13 ex.
377 717 253 26 rotehjonsinrättningen,
646 717 84 26 fattiges
741 716 126 26 utbjudande
877 717 27 25 på

151 746 108 21 auktioner
275 748 21 18 &t
311 747 26 19 de
353 747 62 19 minst
430 747 111 20 fordrande
556 754 25 13 m.
597 754 31 18 m.,
643 748 27 19 ha
685 746 108 21 efterhand
804 746 52 20 vikit
866 746 37 20 och

151 776 47 26 laga
220 779 62 24 näpst
306 776 73 21 träffat
400 777 52 24 dem,
471 784 43 13 som
530 777 46 20 lätit
591 777 79 20 komma
686 777 33 26 sig
734 777 31 19 till
780 776 40 20 last
835 776 69 26 gröfre

151 806 140 20 försummelse
306 806 6 20 i
329 806 25 20 de
376 806 83 26 fattiges
480 806 57 22 värd.
569 807 110 26 Synnerlig
694 807 45 25 vigt
753 807 73 25 lägger
840 806 64 20 redan

151 836 90 20 nämnda
255 836 77 26 nädiga
353 836 120 26 förordning
489 837 70 26 derpä,
575 840 30 16 att
620 837 58 25 barn,
694 844 43 13 som
752 836 81 26 ätnjuta
848 836 55 20 kom-

151 873 86 13 munens
259 866 58 26 vård,
341 866 109 26 kristligen
475 867 118 25 uppfostras
617 867 38 19 och
676 869 65 18 sättes
756 866 8 20 i
779 866 79 20 tillfälle
874 868 30 18 att

151 896 78 20 erhälla
253 896 138 26 regelbunden
413 896 201 26 skolundervisning.
645 897 44 20 Och
704 899 32 17 att
750 895 154 21 vederbörande

151 926 144 26 myndigheter
311 926 50 20 söka
376 930 117 22 noggrannt
509 926 54 20 vaka
571 926 100 26 deröfver,
680 929 31 17 att
722 926 56 20 detta
789 925 115 26 stadgand>

151 956 45 20 icke
212 956 32 20 får
259 963 50 13 vara
325 963 25 13 en
366 956 41 20 död
422 956 88 26 bokstaf,
527 959 23 17 är
566 963 24 13 en
607 956 55 20 känd
673 957 42 19 sak.
740 956 164 20 Föreskrifterna

151 992 32 14 om
199 986 132 20 kommunens
352 986 75 26 pligter
442 989 42 17 mot
500 986 75 20 allmän
591 986 52 20 värd
658 986 129 20 behöfvande
802 986 52 19 barn
869 988 35 17 äro

151 1015 7 20 i
173 1015 39 20 den
229 1016 114 25 åberopade
358 1016 146 25 förordningen
520 1016 81 26 tydliga
617 1016 37 20 och
665 1016 111 24 bestämda,
787 1022 45 13 men
844 1015 60 20 deras

151 1045 130 26 tillämpning
297 1048 64 17 stöter
375 1045 45 20 icke
436 1045 65 20 sällan
518 1047 26 24 pä
560 1049 56 16 stora
632 1046 134 25 svårigheter,
775 1045 23 26 ja
808 1045 96 20 stundom

151 1076 23 19 så
190 1078 61 22 stora,
275 1078 30 17 att
328 1075 25 20 de
375 1079 35 16 äro
425 1081 47 14 rent
488 1076 22 19 af
523 1075 180 26 oöfvervinneliga.
734 1075 27 21 Vi
777 1075 68 26 åsyfta
860 1081 44 20 spe-

152 1105 47 20 cielt
221 1105 26 20 de
271 1105 40 25 fall,
333 1105 26 20 då
382 1105 102 20 föräldrar
506 1106 50 19 eller
579 1112 103 13 ensamma
698 1105 81 20 mödrar
794 1108 66 22 vägra
874 1107 31 17 att

151 1135 60 20 ställa
235 1135 32 26 sig
287 1135 223 26 fattigvårdsstyrelses
526 1135 105 20 föreskrift
646 1135 88 20 rörande
749 1136 89 19 barnens
854 1134 51 20 vård

151 1165 31 19 till
205 1165 137 20 efterrättelse
365 1165 49 20 eller
438 1165 26 20 då
480 1165 26 20 de
522 1168 51 23 göra
588 1165 31 20 sin
635 1165 213 26 föräldramyndighet
862 1165 42 25 gäl-

150 1195 62 19 lande
235 1195 47 20 med
297 1195 96 20 afseende
408 1196 27 25 på
450 1195 79 20 sådana
545 1195 60 20 deras
620 1195 57 24 barn,
694 1195 71 20 hvilka
781 1195 23 20 af
816 1201 24 13 en
857 1195 48 19 eller

151 1231 67 13 annan
242 1225 61 20 orsak
329 1228 35 17 äro
383 1225 37 20 hos
437 1225 65 20 andra
517 1225 161 20 inackorderade
694 1225 49 20 eller
758 1225 23 20 af
794 1225 46 19 dem
855 1231 49 19 upp-

151 1257 62 23 tagna
237 1255 31 19 till
288 1255 120 20 fosterbarn.
440 1255 133 20 Beträffande
596 1262 25 13 en
643 1255 125 20 tredskande
783 1254 59 20 fader
857 1254 48 20 eller

151 1284 69 20 moder
244 1285 85 25 stadgar
352 1285 121 25 visserligen
496 1285 132 20 oftanämnda
643 1285 76 26 nådiga
734 1284 125 26 förordning,
875 1286 30 17 att

151 1314 213 26 fattigvårdsstyrelse
380 1315 6 18 i
402 1315 56 19 vissa
481 1315 104 19 särskilda
608 1315 36 20 fall
667 1321 48 20 eger
738 1317 42 17 rätt
796 1317 31 17 att
843 1314 62 19 anlita

151 1344 154 20 vederbörande
320 1347 113 22 guvernörs
449 1344 164 27 handräckning,
629 1345 37 19 och
682 1347 23 17 är
720 1347 104 23 guvernör
839 1344 66 19 berät-

152 1374 57 25 tigad
225 1377 31 16 att
272 1374 73 19 ådöma
363 1374 39 19 den
418 1374 127 20 tredskande
561 1374 62 20 straff
635 1374 25 25 af,
677 1374 31 20 till
724 1374 44 25 sist,
784 1376 42 17 rätt
841 1373 63 20 känn-

150 1404 38 20 bar
203 1406 66 18 natur,
301 1404 47 21 Men
371 1404 84 20 härmed
476 1407 24 16 är
516 1404 46 20 icke
577 1404 131 27 synnerligen
724 1404 83 28 mycket
823 1406 81 18 vunnet,
