1017 1656
170 145 38 19 och
231 145 96 19 abnorma
350 144 127 20 förhållande
500 145 118 19 fortbestätt
642 148 35 22 att,
694 145 64 19 ehuru
774 144 146 20 innehafvaren

170 175 38 19 har
231 174 148 26 äganderätten
402 174 31 20 till
456 175 128 25 lägenheten,
609 175 81 19 skatten
715 174 46 20 icke
784 177 83 23 utgöres
891 174 30 20 till

170 204 86 25 kronan,
279 208 49 16 utan
352 204 32 20 till
407 204 206 26 förläningstagaren,
637 205 49 19 eller
709 204 30 20 uti
763 204 57 20 detta
838 204 36 20 fall
890 204 31 19 till

170 234 75 20 Jokkis
261 234 52 26 gods
329 234 37 20 och
385 234 158 26 Kartanonkylä
566 234 105 26 egendom.
702 230 67 24 Äfven
793 234 64 20 andra
880 234 41 20 olä-

170 264 100 26 genheter
293 264 62 20 hafva
378 265 93 25 uppstått
495 264 62 20 häraf.
589 264 62 20 Först
675 264 37 20 och
728 264 73 20 främst
816 264 38 20 har
870 267 51 17 stor-

171 294 61 20 skifte
249 294 18 25 ej
283 294 68 20 blifvit
368 294 120 24 värkstäldt,
505 296 26 24 på
551 294 35 20 det
609 297 31 17 att
663 294 25 20 de
712 294 67 20 skilda
803 294 119 20 hemmanen

171 324 66 20 skulle
260 324 40 19 fått
323 324 31 25 sig
378 324 110 20 tillskiftad
507 324 33 20 del
555 324 30 20 uti
601 324 84 25 skogen,
701 326 50 18 utan
767 327 23 16 är
806 324 115 25 lägenhets-

170 354 159 20 innehafvarens
346 357 42 16 rätt
403 354 110 19 inskränkt
528 354 30 19 till
575 354 25 20 de
619 354 99 25 odlingar,
742 354 70 19 hvilka
836 354 31 19 för
890 355 32 18 år-

171 384 122 20 hundraden
319 384 63 19 sedan
409 384 97 20 bestämts
532 385 67 19 såsom
622 384 91 20 hörande
739 384 30 19 till
795 384 126 19 hemmanen.

170 414 137 25 Lagligheten
330 414 61 19 häraf
412 414 39 19 kan
477 414 74 25 dragas
567 414 6 19 i
590 414 129 24 tvifvelsmål,
737 421 30 12 om
784 414 38 19 ock
838 413 83 25 godsets

170 443 134 20 innehafvare
319 444 76 25 intagit
410 444 66 19 denna
495 444 128 25 ståndpunkt
646 444 65 19 under
735 443 133 20 förebärande
892 446 30 16 att

171 473 268 25 lägenhetsinnehafvarene
462 474 45 19 icke
530 480 37 19 ega
591 476 42 17 rätt
650 477 30 16 att
695 474 94 25 begagna
806 474 32 24 sig
854 473 22 19 af
889 476 31 16 ut-

168 503 86 25 jordens
271 504 51 24 skog
337 504 50 19 eller
402 504 46 19 bete
464 504 80 19 utöfver
560 504 25 19 de
601 504 70 25 hagar,
683 504 70 19 hvilka
764 504 52 19 efter
826 503 94 25 gammal,

171 532 31 20 för
228 533 113 20 trehundra
366 535 23 17 år
415 534 62 19 sedan
501 534 106 19 värkstäld
631 534 157 25 skattläggning
811 532 111 26 underlydt

171 563 128 25 lägenheten.
325 564 30 18 En
373 570 66 13 annan
456 564 107 24 olägenhet
579 563 110 20 förefinnes
705 563 123 19 därutinnan
841 566 30 16 att
882 562 39 20 den

171 592 132 26 förvandling
325 593 23 19 af
368 594 197 25 räntepersedlarna,
589 600 43 13 som
655 594 86 19 öfveralt
763 592 159 21 annorstädes
911 588 15 36 i

171 623 89 19 Finland
281 623 142 19 åstadkommit
439 623 91 25 lindring
545 624 7 18 i
568 623 152 25 skattebördan,
737 623 131 25 synbarligen
885 623 37 19 här

171 653 45 19 icke
232 656 36 22 egt
284 660 49 17 rum,
348 653 31 25 ity
395 656 30 16 att
449 656 54 16 ännu
526 654 7 18 i
551 653 39 19 den
609 654 42 24 dag
674 660 41 12 som
739 656 28 22 är,
792 653 129 25 dagsvärken

169 683 63 25 jämte
257 683 64 19 andra
346 683 84 25 skatter,
446 686 84 22 utgöras
546 683 39 19 till.
598 683 73 25 godset,
688 684 25 24 på
730 690 76 12 samma
822 685 40 17 sätt
879 689 42 13 som

171 712 78 20 fordom
266 713 128 25 dagsvärken
412 713 129 19 värkstäldes
557 713 30 19 till
603 714 91 18 kronans
711 713 53 19 slott.

241 743 30 19 På
287 745 40 17 sätt
343 743 23 19 af
379 743 36 19 allt
431 743 56 19 detta
503 743 95 25 framgår,
622 746 23 17 är
668 743 61 19 dessa
753 742 169 20 bördsrättshem-

171 779 57 13 mans
253 773 98 25 ställning
374 772 44 20 icke
440 773 86 19 allenast
542 772 106 20 föråldrad
664 773 37 19 och
718 772 106 20 stridande
839 775 42 16 mot
897 771 25 19 de

172 802 119 20 nuvarande
307 802 253 20 samhällsförhållandena
577 803 6 19 i
599 803 76 25 landet,
692 804 50 18 utan
754 802 99 25 därjämte
864 802 6 18 i
881 802 41 24 hög

172 832 51 25 grad
248 832 54 20 oviss
326 832 37 20 och
387 832 92 24 outredd,
496 833 79 19 hvilket
590 832 45 20 haft
651 833 30 19 till
697 832 77 26 påföljd
790 832 76 24 otaliga
882 831 40 19 tvi-

172 864 42 17 ster
240 862 84 20 emellan
351 862 73 25 godset
450 862 37 20 och
514 862 273 26 lägenhetsinnehafvarene.
819 862 59 19 Flere
902 860 22 20 af

171 892 61 19 dessa
248 892 73 19 tvister
336 892 61 19 hafva
413 892 79 25 dragits
508 892 31 20 till
562 893 74 24 högsta
659 893 86 23 instans,
768 892 37 19 och
824 890 98 20 särskildt

172 922 58 19 torde
254 922 73 19 härvid
351 921 87 25 förtjäna
457 924 30 17 att
505 925 117 17 omnämnas
638 922 75 25 Kongl.
731 921 67 25 Maj:ts
815 922 7 18 i.
838 921 84 25 Sverige

171 951 39 19 den
227 952 15 18 4
258 952 89 19 februari
365 952 56 19 1782
438 952 5 19 i
460 955 67 17 ämnet
542 952 57 25 gifna
614 952 75 25 utslag,
705 952 59 19 hvari
781 954 92 16 närmare
890 951 32 19 be-

172 981 96 26 stämdes,
285 982 70 19 hvilka
371 982 93 19 hemman
481 989 48 12 voro
545 981 216 25 bördsrättshemman,
786 981 69 19 hvilka
879 981 43 18 åter

171 1010 23 20 af
208 1011 64 19 sådan
289 1011 128 25 frälsenatur,
434 1014 30 17 att
480 1012 147 24 eganderätten
644 1012 31 18 till
690 1011 61 19 dessa
767 1010 96 20 tillhörde
874 1010 48 25 god-

171 1043 37 17 set.
240 1041 65 19 Dessa
331 1041 169 25 domstolsutslag
525 1041 62 19 hafva
613 1041 52 20 dock
691 1041 45 19 icke
768 1041 60 24 bragt
858 1039 64 20 sådan

171 1070 82 19 klarhet
269 1071 6 18 i
291 1071 68 24 saken,
376 1073 30 17 att
422 1071 204 19 missförhållandena
643 1071 37 19 och
696 1070 157 25 tvistigheterna
877 1069 45 19 där-

171 1099 81 26 igenom
269 1101 66 18 skulle
351 1101 94 25 upphört.

243 1130 56 19 Enär
315 1130 70 25 dylika
401 1130 259 25 undantagsförhållanden
678 1130 6 19 i
695 1130 58 25 fråga
766 1137 30 12 om
806 1129 116 26 jordlägen-

171 1159 92 26 heterna,
279 1160 63 25 enligt
358 1161 37 18 vår
411 1161 67 24 tanke,
496 1160 62 19 borde
574 1160 103 25 aflägsnas
694 1159 49 20 eller
754 1159 122 20 åtminstone
887 1158 37 19 full

170 1189 112 25 utredning
297 1189 7 20 i
320 1190 62 19 saken.
401 1190 132 25 förebringas,
550 1191 53 24 våga
614 1190 20 19 vi
650 1190 37 19 hos
703 1189 128 25 högvördiga
842 1189 81 18 Preste-

171 1219 84 19 ståndet
271 1219 110 25 hemställa,
399 1223 30 16 att
445 1220 154 19 Presteståndet
617 1219 54 24 ville,
687 1219 97 25 antingen
798 1218 66 20 allena
875 1218 49 19 eller

168 1249 65 24 jämte
257 1249 64 25 öfriga
345 1249 66 25 stånd,
437 1250 48 25 ingå
508 1249 30 20 till
557 1250 58 19 Hans
632 1249 117 25 Kejserliga
766 1248 96 25 Majestät
878 1247 45 20 med

171 1278 130 26 underdånig
315 1279 86 25 petition
419 1279 70 20 därom

459 1339 28 18 att
510 1339 61 18 Hans
597 1338 115 25 Kejserliga
735 1337 94 25 Majestät
852 1337 72 19 täcktes

387 1370 42 21 låta
444 1371 81 20 tillsätta
539 1377 24 13 en
577 1371 133 19 kommission
725 1371 47 18 med
786 1370 96 24 uppdrag
896 1370 30 19 alt

388 1404 121 25 införskaffa
532 1405 110 24 utredning
665 1404 89 19 rörande
776 1403 22 19 de
820 1401 104 21 såkallade
