1020 1659
152 125 13 20 6
341 123 277 23 Petitionsbetänkande
634 122 45 24 N:o
695 123 37 22 79.

151 190 63 27 lagas
235 190 7 21 i
264 189 169 29 öfvervägande.
465 190 119 27 Förslaget
604 195 35 16 om
659 189 83 28 ökning
758 189 25 21 af
796 188 109 23 universi-

151 227 69 21 tetets
244 227 179 25 representanter
445 226 71 22 finner
532 225 117 23 Utskottet
664 225 98 22 deremot
785 231 61 16 mera
868 225 35 21 be-

152 261 82 28 fogadt.
274 262 170 21 Vidkommande
473 261 130 28 yrkandena
626 261 8 21 i
657 261 75 27 öfrigt,
762 261 24 22 så
809 261 44 21 kan
877 266 28 16 en

152 297 106 27 pröfning
278 296 65 23 deraf
358 297 108 22 huruvida
488 297 60 22 vissa
567 297 133 27 tjenstemän
716 297 28 27 på
760 296 76 22 landet
852 297 53 21 böra

152 333 87 21 erhålla
254 333 236 27 representationsrätt
505 332 7 22 i
528 332 166 27 presteståndet
711 332 49 22 icke
770 332 134 27 undanskju-

152 368 65 28 tas,
215 364 12 37 i
242 368 107 23 händelse
377 368 111 22 valrätten
512 368 6 22 i
543 368 166 22 Bondeståndet
737 368 70 28 enligt
831 368 73 22 derom

152 404 78 28 gjorda
250 405 190 27 petitionsförslag
462 405 127 21 utsträckes
605 405 7 21 i
628 405 85 27 princip
730 404 35 22 till
780 404 123 22 landskom-

152 447 119 15 munernas
295 441 139 22 medlemmar
458 440 62 22 öfver
537 440 90 22 hufvud.
657 440 116 22 Utskottet
789 447 66 15 anser
870 440 35 28 sig

151 476 128 22 emellertid
294 477 7 21 i
317 476 78 28 antydt
418 476 126 22 hänseende
565 483 29 15 nu
612 476 50 22 icke
678 476 74 22 kunna
768 479 54 25 göra
838 476 67 28 något

151 515 69 19 annat
236 512 113 22 uttalande
365 514 28 20 än
409 515 32 19 att
457 512 178 27 presteståndets
649 512 138 22 närvarande
798 518 105 16 samman-

151 548 102 27 sättning
277 548 18 28 ej
320 554 66 22 synes
417 548 96 22 utesluta
543 548 143 28 möjligheten
709 550 33 20 att
765 548 50 23 med
836 548 68 28 sagda

151 584 68 21 stånd
240 584 132 28 ytterligare
388 583 114 23 införlifva
518 590 27 16 en
562 584 55 22 eller
632 590 73 16 annan
721 590 70 22 grupp
808 583 25 22 af
846 584 57 22 med-

152 620 97 27 borgare
265 620 49 22 med
329 620 129 22 akademisk
473 620 107 27 bildning.

224 656 11 21 I
259 656 64 27 fråga
346 662 34 16 om
398 656 195 28 Borgareståndets
609 656 198 27 sammansättning
822 658 39 20 äro
877 656 27 21 de

151 690 129 29 föreslagna
303 692 135 22 reformerna
461 692 19 27 ej
504 691 25 22 af
542 692 43 21 den
601 692 138 26 principiella
755 693 36 20 art
807 698 45 15 som
869 692 34 22 be-

152 727 110 22 träffande
285 728 172 22 Presteståndet.
496 728 11 21 I
532 728 80 27 sjelfva
635 728 80 22 verket
741 728 70 22 måste
837 728 67 22 också

151 763 119 26 erkännas,
293 767 33 19 att
349 764 187 27 Borgareståndet
560 764 35 21 till
616 764 34 21 sin
666 764 198 27 sammansättning
879 766 25 19 är

151 798 39 22 det
203 799 68 22 minst
282 800 115 21 exklusiva
412 799 24 22 af
450 800 53 22 våra
519 800 71 27 stånd,
607 800 28 21 då
651 800 83 21 valrätt
749 798 155 23 öfverhufvud-

151 837 63 25 taget
222 835 135 23 tillkommer
364 836 116 22 städernas
488 836 7 22 i
504 836 138 22 kommunala
651 836 187 27 angelägenheter
848 838 56 20 röst-

151 871 142 27 berättigade
316 872 95 27 manlige
434 872 114 27 invånare,
564 872 73 22 såvidt
653 872 27 22 de
697 872 19 27 ej
733 872 89 22 tillhöra
838 874 67 20 annat

152 907 72 21 stånd.
240 907 219 28 Reformyrkandena
475 908 123 22 inskränka
614 908 35 27 sig
664 908 41 22 här
720 908 35 21 till
770 910 134 20 rösträttens

151 942 158 28 utsträckning
331 943 36 22 till
390 943 112 22 särskilda
523 943 25 22 af
569 944 27 22 de
611 944 133 27 kategorier,
760 950 46 16 som
821 950 31 15 nu
866 946 38 20 äro

152 977 50 22 från
228 978 44 22 den
295 978 96 28 antydda
410 979 110 22 allmänna
535 980 78 27 regeln
630 980 146 26 undantagna.
808 980 34 21 De
857 979 47 23 afse

151 1013 79 23 härvid
248 1014 73 22 tillika
337 1017 32 19 att
385 1021 79 21 genom
479 1017 33 20 ett
528 1014 164 28 förtydligande
707 1014 24 22 af
746 1017 12 20 3
775 1022 61 15 mom.
855 1015 49 29 128

151 1049 26 21 L.
203 1049 25 22 O.
253 1050 48 22 lösa
324 1056 28 16 en
375 1050 186 28 tolkningsfråga,
585 1057 46 15 som
655 1050 65 28 gifvit
742 1050 122 28 anledning
879 1051 26 21 til

152 1084 173 29 förvecklingar.

224 1120 71 22 Bland
319 1121 49 22 dem
384 1121 25 21 af
423 1122 117 22 städernas
556 1122 141 27 innevånare,
715 1128 45 16 som
776 1121 35 23 för
826 1124 79 20 närva-

150 1156 71 22 rande
245 1157 70 21 sakna
337 1159 101 25 rösträtt,
463 1160 91 19 nämnes
578 1158 7 21 i
608 1158 95 22 berörda
725 1158 86 27 lagrum
826 1157 79 23 främst

152 1192 88 26 qvinna.
272 1193 38 21 Uti
334 1195 32 20 ett
389 1193 25 21 af
435 1193 217 28 petitionsförslagen
676 1194 67 21 äskas
772 1194 133 21 härutinnan

152 1228 69 21 sådan
245 1228 101 28 ändring,
370 1231 34 19 att
427 1230 24 21 åt
474 1229 88 28 qvinna,
578 1230 92 21 hvilken
686 1229 8 21 i
710 1229 68 27 öfrigt
793 1229 113 27 uppfyller

152 1263 28 22 de
196 1264 32 21 uti
245 1264 110 28 grundlag
370 1264 35 22 för
421 1265 129 27 åtnjutande
566 1265 25 21 af
603 1266 84 21 valrätt
703 1265 106 27 stadgade
825 1265 79 27 vilkor,

152 1298 76 23 blefve
248 1300 127 27 medgifven
391 1300 115 22 enahanda
521 1303 100 25 rösträtt,
638 1307 46 15 som
700 1300 134 22 tillkommer
850 1307 55 15 man.

225 1335 45 22 Till
293 1335 86 23 förmån
403 1336 35 22 för
454 1336 92 27 qvinnas
562 1337 83 21 valrätt
661 1337 41 21 har
717 1336 57 22 inom
790 1336 116 22 Utskottet

152 1370 87 22 anförts
256 1372 179 22 beaktansvärda
450 1372 194 28 omständigheter.
678 1372 35 22 Uti
729 1372 81 28 nådiga
820 1372 85 22 förord-

152 1406 83 28 ningen
260 1407 41 22 den
318 1409 13 19 8
347 1408 121 22 December
486 1410 56 20 1873
559 1408 113 28 angående
689 1407 216 23 kommunalförvalt-

226 1454 138 24 Lagutskottets
377 1456 116 18 betänkande
506 1456 36 18 N:o
554 1456 28 18 16.
