1009 1659
212 108 13 22 2

181 175 83 25 förslag,
281 175 111 26 uppgjordt
408 171 52 24 efter
476 175 39 26 val,
531 175 60 20 hvari
607 175 66 21 skulle
689 175 83 25 deltaga
783 181 25 14 en
819 174 33 21 del
862 175 24 20 af
894 174 38 21 ele-

182 205 212 20 mentarläroverkens
415 205 37 20 och
470 205 260 21 folkskoleseminariernas
745 205 68 20 lärare
828 205 104 20 äfvensom

183 234 272 27 distriktsinspektörerne.*
485 236 48 19 Men
555 236 89 20 Senaten
660 235 109 20 förordade
785 235 45 20 icke
846 235 57 20 detta
913 234 23 21 af

183 265 164 23 skollärarmötet
367 266 74 20 väckta
458 266 38 20 och
513 265 22 21 af
549 265 47 21 dess
613 265 123 21 ordförande
752 268 53 17 samt
820 265 113 26 domkapit-

182 295 32 19 len
231 294 66 21 delvis
312 295 108 21 förordade
435 295 84 26 förslag.
542 296 119 20 Emellertid
676 295 59 20 torde
751 302 84 14 numera
851 298 81 17 tämme-

182 324 55 26 ligen
253 325 84 19 allmänt
352 325 115 26 medgifvas
483 328 31 17 att
530 325 25 20 de
571 325 32 25 fel,
619 325 32 20 för
665 325 72 20 hvilka
752 328 14 16 t.
784 332 29 13 ex.
832 325 55 20 1872
898 326 34 19 års

182 354 89 20 Ständer
287 356 22 18 så
325 358 81 23 strängt
421 355 115 20 klandrade
552 355 216 26 Skolöfverstyrelsen,
780 355 101 26 nämligen
892 354 39 20 den

183 384 158 26 egensinnighet
363 385 38 20 och
416 385 203 27 hemlighetsfullhet,
636 384 99 21 hvarmed
751 385 181 26 Skolöfverstyrel-

183 421 36 13 sen
235 414 130 26 genomförde
381 415 26 20 de
423 415 70 20 dåtida
509 415 130 27 reformerna,
657 415 66 20 skulle
733 415 81 20 kunnat
824 414 108 25 undvikas,

182 444 7 20 i
212 444 98 20 händelse
333 445 80 20 lärarne
436 448 36 23 egt
494 445 118 21 förenämda
636 445 124 26 befogenhet
784 445 7 19 i
809 444 95 21 afseende
920 446 12 18 &

182 474 144 26 vppgörandet
342 475 20 20 af
377 475 83 26 förslag.

253 504 67 20 Dessa
335 504 46 21 från
397 506 46 19 vårt
458 508 48 23 eget
520 505 49 21 land
580 505 95 20 hämtade
685 506 91 26 exempel
786 505 72 20 bevisa
868 504 63 20 redan

181 534 54 20 huru
251 534 67 26 viktig
333 535 91 20 lärarnes
440 536 126 20 medvärkan
580 539 28 22 är,
619 535 28 20 då
657 535 145 26 förändringar
812 536 26 25 på
849 535 83 20 skolans

182 564 83 20 område
283 564 58 20 skola
357 566 156 25 åvägabringas.
539 565 90 20 Sålunda
645 565 80 20 utvisar
741 565 141 20 erfarenheten
894 564 38 20 och

182 594 74 26 själfva
271 594 123 21 karaktären
411 595 23 20 af
447 596 35 20 det
497 595 142 27 pedagogiska
653 595 82 20 arbetet
745 598 31 17 att
786 594 146 26 utvecklingen

181 625 27 25 på
231 624 89 20 skolans:
338 625 82 20 område
441 626 18 25 ej
476 626 40 20 kan
533 625 64 20 blifva
612 625 82 26 värklig
709 626 38 19 och
763 628 69 23 trygg,
848 624 84 21 såframt

181 654 45 20 icke
247 654 111 26 tillräcklig
381 655 122 20 samvärkan
519 655 110 20 förefinnes
645 655 73 20 mellan
735 655 102 26 styrelsen
853 654 37 20 och
906 654 26 20 de

181 684 119 20 densamma
323 685 155 26 underlydande
501 686 98 20 lärarene.
631 686 30 19 På
684 685 41 20 alla
745 685 97 20 områden
858 688 23 16 är
896 684 36 20 det

181 714 31 20 för
228 714 101 26 styrelsen
346 722 43 12 mer
404 715 49 20 eller
469 715 79 20 mindre
564 715 129 26 nödvändigt
703 718 31 17 att
745 715 36 20 vid
791 714 138 26 genomföran-

181 744 35 20 det
231 744 24 19 af
268 744 98 20 reformer
381 745 73 20 basera
470 745 32 20 sin
518 745 132 20 värksamhet
665 746 27 25 på
703 745 39 20 den
753 744 123 24 erfarenhet,
888 750 44 14 som

182 774 85 20 vunnits
282 774 23 20 af
317 774 163 25 tjänstemännen
496 776 27 25 på
539 775 60 20 deras
614 782 53 19 resp.
684 774 102 21 områden.
813 775 48 19 Men
876 774 54 26 isyn-

181 804 72 19 nerhet
270 807 23 16 är
307 803 58 20 detta
380 804 129 27 nödvändigt
524 806 26 25 på
566 805 83 20 skolans
664 804 63 26 gebit.
753 805 102 19 Lärarens
871 804 60 19 värk-

181 830 80 23 samhet
277 833 71 26 skiljer
363 834 33 26 sig
411 835 104 25 nämligen
530 835 7 19 i
552 835 42 26 hög
609 834 52 26 grad
677 834 45 20 från
739 834 81 20 andras.
843 834 11 20 I
865 834 25 20 de
898 833 33 20 fle-

180 866 33 17 sta
228 870 76 19 grenar
320 864 23 20 af
355 864 75 20 allmän
446 865 133 20 värksamhet
594 868 23 16 är
633 865 40 19 den
683 864 168 26 underlydandes
862 864 70 20 arbete

181 900 42 13 mer
239 893 50 20 eller
305 894 78 20 mindre
399 894 122 24 mekaniskt,
539 902 24 12 en
579 894 50 26 följd
645 894 63 20 däraf
721 897 31 17 att
770 894 41 20 han
829 896 103 23 noggrant

180 923 53 20 skall
254 922 49 26 följa
323 924 55 20 hvad
394 924 34 26 lag
444 924 38 20 oah
498 924 146 26 författningar
659 924 129 20 föreskrifva.
820 923 111 21 Undervis-

182 953 88 25 ningens
290 952 109 27 framgång
419 955 45 19 åter
479 955 65 26 beror,
560 955 87 19 förutom
663 954 24 20 af
698 954 94 20 lärarens
807 953 124 26 kunskaper,

181 982 125 26 skicklighet
321 984 38 19 och
375 983 103 26 fallenhet,
494 984 6 20 i
517 984 132 26 synnerligen
665 987 44 17 stor
724 985 48 19 mån
788 983 61 21 däraf
861 983 7 19 i
878 983 53 20 huru

179 1013 42 25 hög
239 1012 53 30 grad
307 1013 40 20 han
362 1013 113 27 inspireras
490 1014 24 20 af
526 1014 36 20 sitt
572 1014 75 20 arbete.
674 1013 210 27 Skolöfverstyrelsen
894 1014 38 20 har

179 1042 60 20 äfven
270 1042 44 20 med
338 1043 29 20 alt
389 1044 46 20 skäl
450 1044 8 20 i
473 1046 29 18 ett
518 1044 89 20 cirkulär
622 1045 23 19 år
663 1044 58 20 1870
735 1046 67 24 yttrat
817 1050 32 13 om
864 1042 26 20 de
905 1043 27 20 då

179 1072 68 20 tillern
255 1072 38 20 ade
308 1073 125 21 reformerna
447 1075 27 25 på
490 1074 40 20 den
545 1074 57 20 lärda
617 1074 84 20 skolans
717 1074 83 20 område
816 1075 30 18 att
856 1072 26 20 de
891 1073 39 21 för-

178 1102 65 20 blifva
269 1102 86 25 endast
378 1110 25 13 en
427 1103 41 21 död
483 1104 84 20 bokstaf
580 1105 26 25 på
621 1106 94 24 pappret,
731 1104 85 20 såframt
831 1103 45 20 icke
891 1104 41 20 alla

178 1132 66 20 andra
267 1132 34 20 vid
319 1132 72 20 skolan
407 1133 81 21 fästade
503 1140 98 20 personer
618 1134 37 20 och
671 1133 72 21 främst
759 1133 81 20 landets
856 1133 86 20 lärare-
934 1128 12 36 -

179 1161 39 20 kår
233 1168 74 19 genom
323 1169 25 13 en
364 1162 48 26 ifrig
428 1163 38 20 och
482 1164 94 25 allvarlig
591 1163 125 21 samvärkan
731 1163 58 26 gifva
804 1162 46 21 dem
860 1163 26 19 lif
893 1163 37 20 och

177 1192 138 25 värklighet.*
349 1192 47 20 Men
418 1200 31 13 om
466 1194 146 26 skolsystemet
627 1196 23 17 är
667 1193 80 26 sådant,
764 1196 31 17 att
810 1193 18 26 ej
844 1193 88 20 allenast

177 1220 40 21 den
233 1222 95 20 enskilda
343 1222 88 28 läraren,
448 1226 50 17 utan
514 1223 46 21 hela
574 1223 132 20 lärarekåren
723 1223 44 19 däri
778 1223 66 19 finner
855 1223 76 20 brister

177 1251 50 20 eller
251 1251 32 25 fel,
306 1252 71 20 hvilka
392 1252 107 21 förorsaka
515 1256 30 17 att
560 1253 105 20 lärarenes
681 1253 70 20 arbete
768 1253 18 25 ej
802 1253 36 19 bär
854 1252 77 20 sådana

177 1280 88 27 frukter,
281 1288 43 14 som
345 1282 35 20 det
395 1282 51 20 bure
463 1282 6 20 i
484 1283 98 20 händelse
598 1283 73 20 skolan
683 1289 50 14 vore
749 1282 129 20 annorlunda
893 1282 38 20 och

177 1310 68 20 bättre
269 1311 84 26 ordnad,
377 1313 23 19 så
423 1312 84 26 slappas
530 1312 60 21 deras
610 1313 90 20 intresse
716 1312 38 20 och
770 1312 26 20 de
811 1312 69 20 utföra
894 1312 37 20 sitt

179 1340 71 20 arbete
266 1341 73 20 endast
355 1341 23 20 af
390 1342 133 26 pliktkänsla.
549 1342 37 20 Om
602 1342 139 20 förhållandet
756 1342 40 20 blir
812 1342 79 25 sådant,
908 1343 23 19 så

177 1372 23 17 är
216 1370 72 20 skolan
304 1371 18 25 ej
339 1378 56 13 mera
410 1372 56 20 hvad
482 1372 39 20 den
537 1372 37 20 bör
589 1380 50 12 vara
655 1372 40 20 och
709 1372 7 20 i
732 1372 117 20 densamma
860 1372 40 20 kan
911 1372 19 26 ej

176 1406 55 14 mera
248 1400 104 21 meddelas
369 1401 64 20 sådan
449 1402 128 26 uppfostran,
593 1409 43 13 som
651 1402 93 20 Herbart
760 1402 82 20 fordrar
857 1401 23 21 af
892 1402 38 23 vår

175 1429 42 20 tids
233 1430 75 20 skolor.
339 1431 44 20 Och
399 1438 32 13 om
446 1432 60 20 Jules
521 1432 69 20 Simon
606 1432 38 20 har
660 1434 49 24 rätt,
725 1431 26 21 då
767 1432 41 20 han
824 1434 60 23 säger
899 1434 31 18 att
