1023 1656
100 125 42 19 alla
157 125 26 19 de
198 124 160 25 invändningar,
376 129 45 14 som
437 125 56 18 emot
509 124 40 19 den
565 123 28 26 på
604 123 176 25 förmögenheten
790 123 60 20 base-

100 155 51 19 rade
166 154 119 20 röstskalan
300 154 8 19 i
324 154 100 19 städerna
439 153 69 20 blifvit
524 153 81 26 gjorda,
617 153 42 20 kan
669 153 113 25 nemligen,
794 153 56 20 hvad

100 184 121 19 landsorten
244 184 106 23 beträffar,
375 183 108 20 dessutom
506 183 49 20 med
579 183 45 20 skäl
647 183 101 24 påpekas,
774 183 30 20 att
824 189 26 13 en

100 214 106 19 röstskala
221 214 37 19 der
274 215 23 18 är
310 213 157 26 jemförelsevis
484 214 57 19 ännu
555 219 59 13 mera
630 213 73 24 obillig
719 213 40 20 och
772 213 78 24 olämp-

100 244 36 24 lig,
162 244 89 19 emedan
266 244 7 18 i
289 243 265 24 bildningsståndpunkten
578 243 38 19 hos
640 243 158 24 landsbygdens
815 243 35 19 be-

102 273 95 25 folkning
219 273 47 20 icke
290 279 37 14 ens
351 273 139 20 närmelsevis
507 273 25 19 så
548 273 58 19 stora
622 272 129 20 åtskilnader
767 272 83 20 förefin-

100 309 40 14 nas
164 309 45 14 som
224 304 7 18 i
247 303 105 23 städerna,
378 303 39 19 och
441 309 26 13 en
488 303 106 19 röstskala
617 302 84 20 således
722 303 82 19 komme
820 303 31 18 att

102 333 59 25 gifva
184 334 66 19 större
274 333 84 24 politisk
381 333 60 24 magt
463 333 135 19 uteslutande
618 332 22 19 åt
655 333 128 24 penningen,
800 333 51 19 utan

102 364 30 19 att
148 369 38 14 ens
201 363 7 19 i
224 363 140 19 förskönande
381 363 56 24 syfte
454 362 66 25 något
535 363 29 18 tal
580 368 34 14 om
630 363 68 19 större
709 363 85 24 politisk
810 362 40 19 för-

101 393 64 24 måga
191 393 50 19 eller
267 394 67 18 större
361 393 90 18 intresse
479 392 32 19 för
538 392 105 19 allmänna
670 392 181 25 angelägenheter

102 423 69 19 kunde
187 422 159 25 ifrägakomma.
380 422 119 19 Unskvärdt
518 428 50 13 vore
585 422 71 19 derför
673 423 35 22 att,
726 421 26 20 dä
769 422 81 19 ändrin-

102 458 39 19 gar
164 452 86 25 engång
274 453 104 24 vidtagas,
395 453 72 24 steget
488 452 64 19 äfven
568 453 7 18 i
591 453 57 18 detta
665 452 101 19 afseende
782 452 68 19 kunde

102 484 62 23 tagas
188 482 46 19 fullt
257 483 23 18 ut
299 482 39 19 och
354 482 33 19 för
402 482 74 25 hvarje
492 482 166 25 röstberättigad
675 482 75 19 endast
766 487 26 14 en
807 483 45 18 röst

102 513 133 19 bestämmas.

174 538 59 23 Ännu
250 547 23 14 se
289 542 20 19 vi
326 547 35 14 oss
379 541 118 20 föranlåtna
514 542 30 19 att
554 542 76 19 beröra
641 547 27 14 en
678 542 66 24 punkt
755 541 6 19 i
771 541 81 19 Bonde-

103 571 95 20 ståndets
214 571 130 25 valordning,
362 571 85 20 hvilken
463 571 157 25 otvifvelaktigt
630 572 64 24 utgör
706 577 26 14 en
743 571 23 20 af
775 571 76 24 grund-

104 602 114 19 orsakerna
235 601 74 23 dertill,
328 602 30 19 att
373 601 149 24 lifaktigheten
538 601 40 20 och
589 602 101 19 intresset
706 601 32 20 för
754 601 98 24 politiska

103 631 73 25 frågor
194 632 46 19 icke
256 632 6 18 i
278 631 41 20 den
335 631 52 24 grad
409 631 92 24 önskligt
520 637 57 17 vore,
594 632 80 19 kunnat
690 633 52 23 göra
758 631 34 24 sig
808 631 44 24 gäl-

102 661 62 20 lande
180 662 7 19 i
202 661 126 22 landsorten,
353 667 50 13 vare
427 661 35 24 sig
486 661 38 19 hos
541 661 54 23 dem,
613 667 45 13 som
674 667 42 18 ega
732 661 50 19 eller
798 661 52 22 dem,

104 697 46 14 som
173 692 67 19 sakna
259 691 92 19 rösträtt.
384 690 40 20 Det
441 692 22 18 är
480 691 41 19 den
537 691 190 24 omständigheten,
746 692 30 18 att
792 690 60 19 valen

104 721 101 20 förrättas
228 721 116 19 medelbart
368 726 77 19 genom
461 721 110 19 elektorer.
604 721 110 25 Sjelfklart
730 721 29 22 är,
777 721 30 19 att
824 721 29 19 ett

103 750 76 20 sådant
203 751 78 19 valsätt
304 751 76 19 verkar
395 751 131 19 förlamande
543 750 31 26 på
586 751 36 19 det
636 751 98 23 intresse,
752 750 100 20 hvarmed

102 781 27 19 de
154 781 128 19 omedelbart
304 780 97 26 väljande
426 781 86 24 deltaga
528 781 6 19 i
550 781 61 19 valen
628 781 40 19 och
684 780 88 20 sålunda
789 780 62 19 äfven

102 811 7 19 i
126 810 113 20 allmänhet
254 810 28 25 på
298 811 34 19 det
347 810 99 25 politiska
462 810 60 20 lifvet
538 811 6 18 i
560 810 127 20 landsorten.
720 810 76 20 Likaså
810 810 40 19 kan

102 840 47 20 icke
166 840 104 23 förnekas,
288 842 30 18 att
334 840 34 20 det
385 840 86 24 slutliga
486 840 112 20 resultatet
614 840 24 20 af
652 840 70 25 dylika
732 840 119 19 medelbara

103 870 35 19 val
161 870 44 20 ofta
220 871 6 19 i
242 871 61 24 ringa
326 870 53 24 grad
402 870 164 20 tillfredsställer
590 870 25 20 de
638 870 152 25 ursprungliga
808 870 42 18 val-

102 901 98 22 männen,
218 906 33 14 om
268 900 38 19 ock
322 900 56 19 valet
394 900 24 19 af
432 900 104 20 elektorer
552 900 77 20 utfallit
648 901 3 18 i
667 906 27 14 en
709 900 33 19 för
758 900 47 19 dem
816 900 35 19 be-

104 930 74 24 haglig
194 930 98 24 riktning.
325 930 70 19 Dessa
410 930 40 19 och
467 930 66 19 andra
548 930 48 19 med
612 930 26 19 de
654 930 120 19 medelbara
791 929 60 19 valen

104 960 100 19 förenade
221 960 137 24 olägenheter
374 960 65 19 hafva
455 960 44 19 ofta
515 960 109 24 påpekats,
642 966 48 13 men
706 960 42 19 lika
759 960 43 18 ofta
813 959 39 19 har

103 995 49 13 man
176 991 84 18 stannat
282 990 35 18 vid
337 990 41 18 den
400 990 93 24 mening,
519 990 30 19 att
565 990 57 19 detta
638 991 23 18 är
677 990 30 19 ett
722 988 129 20 missförhål-

103 1019 69 23 lande,
198 1025 45 14 som
258 1020 6 18 i
281 1019 46 20 vårt
350 1019 57 25 glest
430 1020 111 19 befolkade
564 1020 50 19 land
636 1020 106 24 knappast
764 1020 41 18 kan
822 1019 29 19 af-

103 1049 89 25 hjelpas.

175 1078 29 20 På
228 1079 68 24 grund
320 1079 22 19 af
362 1079 32 19 sin
418 1080 58 18 stora
492 1079 108 24 betydelse
617 1079 64 19 borde
697 1079 63 19 likväl
776 1078 76 25 frågan

104 1114 34 14 om
160 1108 120 20 införandet
303 1109 23 19 af
348 1109 134 19 omedelbara
506 1109 35 19 val
563 1110 83 18 komma
669 1109 67 19 under
757 1108 95 24 allvarlig

104 1138 125 20 diskussion.
262 1138 38 20 Om
323 1139 38 19 ock
385 1138 81 20 sådana
489 1139 46 19 vals
559 1139 129 19 förrättande
713 1138 66 20 skulle
796 1139 56 18 möta

103 1168 79 24 många
205 1168 139 24 svårigheter,
368 1168 65 20 borde
457 1169 26 19 de
502 1168 64 20 likväl
581 1169 46 19 icke
643 1168 65 20 blifva
724 1168 126 20 outförbara.

103 1198 131 20 Atminstone
250 1198 66 19 hafva
331 1198 6 19 i
354 1198 95 24 Sverige,
467 1198 38 20 der
522 1198 159 20 förhållandena
691 1199 95 18 närmast
796 1197 56 20 likna

103 1227 57 23 våra,
186 1228 132 19 omedelbara
341 1228 34 19 val
399 1228 51 19 fåtts
467 1228 32 19 till
514 1228 64 20 stånd
594 1228 63 19 äfven
673 1228 7 19 i
696 1228 98 24 politiska
810 1227 42 19 val-

104 1257 89 23 distrikt,
210 1257 82 19 bildade
315 1258 23 18 af
352 1258 50 18 flere
418 1258 130 19 kommuner.
581 1258 71 24 Enligt
670 1259 55 18 1866
744 1257 33 20 års
794 1257 58 19 Riks-

101 1287 147 25 dagsordning
265 1287 64 19 hafva
344 1287 108 25 nemligen
468 1288 26 19 de
510 1288 124 22 valdistrikt,
652 1288 6 18 i
672 1288 71 19 hvilka
754 1288 100 19 intresset

104 1317 23 19 är
143 1322 43 19 nog
202 1318 52 18 stort
270 1318 30 18 att
316 1317 125 19 öfvervinna
456 1319 56 23 yttre
528 1318 133 24 motigheter,
678 1317 117 19 tillerkänts
812 1317 42 19 rätt

104 1347 36 22 att,
165 1346 71 20 derest
258 1346 133 25 pluraliteten
415 1347 24 19 af
460 1347 26 20 de
502 1347 168 25 valberättigade
685 1347 6 19 i
708 1347 106 20 distriktet
829 1346 25 20 så

103 1376 99 23 besluter,
220 1377 98 24 begagna
334 1377 131 19 omedelbart
480 1377 84 20 valsätt.
598 1377 28 20 Så
641 1377 44 19 vidt
700 1377 21 19 vi
737 1377 65 19 hafva
818 1382 35 13 oss
