<?xml version="1.0" encoding="UTF-8"?>
<alto xmlns="http://www.loc.gov/standards/alto/ns-v3#" xmlns:xlink="http://www.w3.org/1999/xlink" xmlns:xsi="http://www.w3.org/2001/XMLSchema-instance" xsi:schemaLocation="http://www.loc.gov/standards/alto/ns-v3# http://www.loc.gov/alto/v3/alto-3-0.xsd">
	<Description>
		<MeasurementUnit>pixel</MeasurementUnit>
		<sourceImageInformation>
			<fileName>/tmp/tess_8hjsck5__input.PNG</fileName>
		</sourceImageInformation>
		<OCRProcessing ID="OCR_0">
			<ocrProcessingStep>
				<processingSoftware>
					<softwareName>tesseract 5.3.4</softwareName>
				</processingSoftware>
			</ocrProcessingStep>
		</OCRProcessing>
	</Description>
	<Layout>
		<Page WIDTH="1017" HEIGHT="1656" PHYSICAL_IMG_NR="0" ID="page_0">
			<PrintSpace HPOS="0" VPOS="0" WIDTH="1017" HEIGHT="1656">
				<ComposedBlock ID="cblock_0" HPOS="295" VPOS="122" WIDTH="571" HEIGHT="23">
					<TextBlock ID="block_0" HPOS="295" VPOS="122" WIDTH="571" HEIGHT="23">
						<TextLine ID="line_0" HPOS="295" VPOS="122" WIDTH="571" HEIGHT="23">
							<String ID="string_0" HPOS="295" VPOS="122" WIDTH="276" HEIGHT="23" WC="0.90" CONTENT="Petitionsbetänkande"/><SP WIDTH="15" VPOS="122" HPOS="571"/>
							<String ID="string_1" HPOS="586" VPOS="122" WIDTH="45" HEIGHT="23" WC="0.96" CONTENT="N:o"/><SP WIDTH="16" VPOS="122" HPOS="631"/>
							<String ID="string_2" HPOS="647" VPOS="122" WIDTH="37" HEIGHT="22" WC="0.95" CONTENT="79."/><SP WIDTH="169" VPOS="122" HPOS="684"/>
							<String ID="string_3" HPOS="853" VPOS="124" WIDTH="13" HEIGHT="19" WC="0.96" CONTENT="5"/>
						</TextLine>
					</TextBlock>
				</ComposedBlock>
				<ComposedBlock ID="cblock_1" HPOS="113" VPOS="194" WIDTH="760" HEIGHT="1249">
					<TextBlock ID="block_1" HPOS="114" VPOS="194" WIDTH="753" HEIGHT="314">
						<TextLine ID="line_1" HPOS="115" VPOS="194" WIDTH="752" HEIGHT="30">
							<String ID="string_4" HPOS="115" VPOS="196" WIDTH="78" HEIGHT="21" WC="0.96" CONTENT="verket"/><SP WIDTH="18" VPOS="196" HPOS="193"/>
							<String ID="string_5" HPOS="211" VPOS="195" WIDTH="18" HEIGHT="27" WC="0.96" CONTENT="ej"/><SP WIDTH="18" VPOS="195" HPOS="229"/>
							<String ID="string_6" HPOS="247" VPOS="202" WIDTH="52" HEIGHT="15" WC="0.96" CONTENT="vore"/><SP WIDTH="17" VPOS="202" HPOS="299"/>
							<String ID="string_7" HPOS="316" VPOS="196" WIDTH="25" HEIGHT="21" WC="0.96" CONTENT="så"/><SP WIDTH="16" VPOS="196" HPOS="341"/>
							<String ID="string_8" HPOS="357" VPOS="198" WIDTH="63" HEIGHT="26" WC="0.96" CONTENT="stort,"/><SP WIDTH="20" VPOS="198" HPOS="420"/>
							<String ID="string_9" HPOS="440" VPOS="198" WIDTH="54" HEIGHT="19" WC="0.93" CONTENT="enär"/><SP WIDTH="15" VPOS="198" HPOS="494"/>
							<String ID="string_10" HPOS="509" VPOS="195" WIDTH="170" HEIGHT="27" WC="0.92" CONTENT="presterskapet"/><SP WIDTH="15" VPOS="195" HPOS="679"/>
							<String ID="string_11" HPOS="694" VPOS="194" WIDTH="80" HEIGHT="22" WC="0.93" CONTENT="hittills"/><SP WIDTH="17" VPOS="194" HPOS="774"/>
							<String ID="string_12" HPOS="791" VPOS="194" WIDTH="76" HEIGHT="28" WC="0.90" CONTENT="plägat"/>
						</TextLine>
						<TextLine ID="line_2" HPOS="114" VPOS="230" WIDTH="752" HEIGHT="28">
							<String ID="string_13" HPOS="114" VPOS="230" WIDTH="35" HEIGHT="23" WC="0.96" CONTENT="för"/><SP WIDTH="17" VPOS="230" HPOS="149"/>
							<String ID="string_14" HPOS="166" VPOS="232" WIDTH="33" HEIGHT="21" WC="0.96" CONTENT="sin"/><SP WIDTH="17" VPOS="232" HPOS="199"/>
							<String ID="string_15" HPOS="216" VPOS="231" WIDTH="36" HEIGHT="22" WC="0.96" CONTENT="del"/><SP WIDTH="16" VPOS="231" HPOS="252"/>
							<String ID="string_16" HPOS="268" VPOS="231" WIDTH="35" HEIGHT="21" WC="0.93" CONTENT="till"/><SP WIDTH="16" VPOS="231" HPOS="303"/>
							<String ID="string_17" HPOS="319" VPOS="231" WIDTH="169" HEIGHT="27" WC="0.91" CONTENT="landtdagsmän"/><SP WIDTH="15" VPOS="231" HPOS="488"/>
							<String ID="string_18" HPOS="503" VPOS="231" WIDTH="60" HEIGHT="27" WC="0.96" CONTENT="välja"/><SP WIDTH="16" VPOS="231" HPOS="563"/>
							<String ID="string_19" HPOS="579" VPOS="231" WIDTH="72" HEIGHT="27" WC="0.96" CONTENT="någon"/><SP WIDTH="16" VPOS="231" HPOS="651"/>
							<String ID="string_20" HPOS="667" VPOS="230" WIDTH="56" HEIGHT="22" WC="0.96" CONTENT="eller"/><SP WIDTH="16" VPOS="230" HPOS="723"/>
							<String ID="string_21" HPOS="739" VPOS="230" WIDTH="69" HEIGHT="27" WC="0.93" CONTENT="några"/><SP WIDTH="11" VPOS="230" HPOS="808"/>
							<String ID="string_22" HPOS="819" VPOS="230" WIDTH="47" HEIGHT="22" WC="0.92" CONTENT="uni-"/>
						</TextLine>
						<TextLine ID="line_3" HPOS="115" VPOS="266" WIDTH="752" HEIGHT="28">
							<String ID="string_23" HPOS="115" VPOS="267" WIDTH="244" HEIGHT="27" WC="0.91" CONTENT="versitetsprofessorer"/><SP WIDTH="23" VPOS="267" HPOS="359"/>
							<String ID="string_24" HPOS="382" VPOS="267" WIDTH="40" HEIGHT="21" WC="0.96" CONTENT="och"/><SP WIDTH="21" VPOS="267" HPOS="422"/>
							<String ID="string_25" HPOS="443" VPOS="266" WIDTH="65" HEIGHT="22" WC="0.95" CONTENT="äfven"/><SP WIDTH="22" VPOS="266" HPOS="508"/>
							<String ID="string_26" HPOS="530" VPOS="266" WIDTH="130" HEIGHT="28" WC="0.95" CONTENT="skollärare,"/><SP WIDTH="23" VPOS="266" HPOS="660"/>
							<String ID="string_27" HPOS="683" VPOS="266" WIDTH="72" HEIGHT="22" WC="0.96" CONTENT="såsom"/><SP WIDTH="22" VPOS="266" HPOS="755"/>
							<String ID="string_28" HPOS="777" VPOS="266" WIDTH="39" HEIGHT="21" WC="0.96" CONTENT="ock"/><SP WIDTH="17" VPOS="266" HPOS="816"/>
							<String ID="string_29" HPOS="833" VPOS="267" WIDTH="34" HEIGHT="20" WC="0.96" CONTENT="att"/>
						</TextLine>
						<TextLine ID="line_4" HPOS="116" VPOS="301" WIDTH="751" HEIGHT="28">
							<String ID="string_30" HPOS="116" VPOS="302" WIDTH="83" HEIGHT="22" WC="0.96" CONTENT="antalet"/><SP WIDTH="16" VPOS="302" HPOS="199"/>
							<String ID="string_31" HPOS="215" VPOS="302" WIDTH="24" HEIGHT="22" WC="0.93" CONTENT="af"/><SP WIDTH="14" VPOS="302" HPOS="239"/>
							<String ID="string_32" HPOS="253" VPOS="302" WIDTH="163" HEIGHT="22" WC="0.91" CONTENT="skollärarenes"/><SP WIDTH="22" VPOS="302" HPOS="416"/>
							<String ID="string_33" HPOS="438" VPOS="304" WIDTH="182" HEIGHT="25" WC="0.94" CONTENT="representanter"/><SP WIDTH="17" VPOS="304" HPOS="620"/>
							<String ID="string_34" HPOS="637" VPOS="302" WIDTH="70" HEIGHT="26" WC="0.96" CONTENT="enligt"/><SP WIDTH="16" VPOS="302" HPOS="707"/>
							<String ID="string_35" HPOS="723" VPOS="302" WIDTH="41" HEIGHT="21" WC="0.96" CONTENT="den"/><SP WIDTH="16" VPOS="302" HPOS="764"/>
							<String ID="string_36" HPOS="780" VPOS="301" WIDTH="87" HEIGHT="27" WC="0.96" CONTENT="lydelse"/>
						</TextLine>
						<TextLine ID="line_5" HPOS="118" VPOS="336" WIDTH="748" HEIGHT="31">
							<String ID="string_37" HPOS="118" VPOS="340" WIDTH="24" HEIGHT="19" WC="0.95" CONTENT="11"/><SP WIDTH="22" VPOS="340" HPOS="142"/>
							<String ID="string_38" HPOS="164" VPOS="338" WIDTH="12" HEIGHT="29" WC="0.76" CONTENT="8"/><SP WIDTH="16" VPOS="338" HPOS="176"/>
							<String ID="string_39" HPOS="192" VPOS="338" WIDTH="24" HEIGHT="21" WC="0.96" CONTENT="L."/><SP WIDTH="17" VPOS="338" HPOS="216"/>
							<String ID="string_40" HPOS="233" VPOS="338" WIDTH="24" HEIGHT="22" WC="0.96" CONTENT="O."/><SP WIDTH="16" VPOS="338" HPOS="257"/>
							<String ID="string_41" HPOS="273" VPOS="338" WIDTH="38" HEIGHT="22" WC="0.96" CONTENT="vid"/><SP WIDTH="16" VPOS="338" HPOS="311"/>
							<String ID="string_42" HPOS="327" VPOS="338" WIDTH="71" HEIGHT="22" WC="0.93" CONTENT="denna"/><SP WIDTH="16" VPOS="338" HPOS="398"/>
							<String ID="string_43" HPOS="414" VPOS="338" WIDTH="106" HEIGHT="27" WC="0.92" CONTENT="landtdag"/><SP WIDTH="16" VPOS="338" HPOS="520"/>
							<String ID="string_44" HPOS="536" VPOS="338" WIDTH="90" HEIGHT="22" WC="0.96" CONTENT="erhållit"/><SP WIDTH="16" VPOS="338" HPOS="626"/>
							<String ID="string_45" HPOS="642" VPOS="338" WIDTH="75" HEIGHT="22" WC="0.93" CONTENT="blifvit"/><SP WIDTH="16" VPOS="338" HPOS="717"/>
							<String ID="string_46" HPOS="733" VPOS="337" WIDTH="66" HEIGHT="22" WC="0.91" CONTENT="ökadt"/><SP WIDTH="16" VPOS="337" HPOS="799"/>
							<String ID="string_47" HPOS="815" VPOS="336" WIDTH="51" HEIGHT="22" WC="0.95" CONTENT="från"/>
						</TextLine>
						<TextLine ID="line_6" HPOS="116" VPOS="373" WIDTH="750" HEIGHT="28">
							<String ID="string_48" HPOS="116" VPOS="380" WIDTH="39" HEIGHT="16" WC="0.95" CONTENT="sex"/><SP WIDTH="23" VPOS="380" HPOS="155"/>
							<String ID="string_49" HPOS="178" VPOS="374" WIDTH="35" HEIGHT="22" WC="0.95" CONTENT="till"/><SP WIDTH="23" VPOS="374" HPOS="213"/>
							<String ID="string_50" HPOS="236" VPOS="374" WIDTH="53" HEIGHT="27" WC="0.93" CONTENT="åtta,"/><SP WIDTH="24" VPOS="374" HPOS="289"/>
							<String ID="string_51" HPOS="313" VPOS="374" WIDTH="114" HEIGHT="22" WC="0.92" CONTENT="hvarutom"/><SP WIDTH="22" VPOS="374" HPOS="427"/>
							<String ID="string_52" HPOS="449" VPOS="373" WIDTH="66" HEIGHT="23" WC="0.96" CONTENT="äfven"/><SP WIDTH="19" VPOS="373" HPOS="515"/>
							<String ID="string_53" HPOS="534" VPOS="374" WIDTH="92" HEIGHT="21" WC="0.96" CONTENT="uttalats"/><SP WIDTH="17" VPOS="374" HPOS="626"/>
							<String ID="string_54" HPOS="643" VPOS="376" WIDTH="33" HEIGHT="19" WC="0.93" CONTENT="att"/><SP WIDTH="16" VPOS="376" HPOS="676"/>
							<String ID="string_55" HPOS="692" VPOS="373" WIDTH="174" HEIGHT="27" WC="0.92" CONTENT="presterskapet,"/>
						</TextLine>
						<TextLine ID="line_7" HPOS="116" VPOS="408" WIDTH="750" HEIGHT="29">
							<String ID="string_56" HPOS="116" VPOS="416" WIDTH="45" HEIGHT="15" WC="0.96" CONTENT="som"/><SP WIDTH="23" VPOS="416" HPOS="161"/>
							<String ID="string_57" HPOS="184" VPOS="410" WIDTH="173" HEIGHT="27" WC="0.96" CONTENT="ursprungligen"/><SP WIDTH="24" VPOS="410" HPOS="357"/>
							<String ID="string_58" HPOS="381" VPOS="412" WIDTH="85" HEIGHT="20" WC="0.96" CONTENT="ensamt"/><SP WIDTH="23" VPOS="412" HPOS="466"/>
							<String ID="string_59" HPOS="489" VPOS="410" WIDTH="103" HEIGHT="27" WC="0.93" CONTENT="utgjorde"/><SP WIDTH="23" VPOS="410" HPOS="592"/>
							<String ID="string_60" HPOS="615" VPOS="409" WIDTH="175" HEIGHT="27" WC="0.92" CONTENT="Presteståndet,"/><SP WIDTH="27" VPOS="409" HPOS="790"/>
							<String ID="string_61" HPOS="817" VPOS="408" WIDTH="49" HEIGHT="22" WC="0.96" CONTENT="med"/>
						</TextLine>
						<TextLine ID="line_8" HPOS="115" VPOS="445" WIDTH="750" HEIGHT="28">
							<String ID="string_62" HPOS="115" VPOS="448" WIDTH="59" HEIGHT="19" WC="0.92" CONTENT="rätta"/><SP WIDTH="24" VPOS="448" HPOS="174"/>
							<String ID="string_63" HPOS="198" VPOS="446" WIDTH="121" HEIGHT="21" WC="0.92" CONTENT="tillkomme"/><SP WIDTH="24" VPOS="446" HPOS="319"/>
							<String ID="string_64" HPOS="343" VPOS="448" WIDTH="32" HEIGHT="20" WC="0.93" CONTENT="ett"/><SP WIDTH="21" VPOS="448" HPOS="375"/>
							<String ID="string_65" HPOS="396" VPOS="445" WIDTH="164" HEIGHT="28" WC="0.91" CONTENT="jemförelsevis"/><SP WIDTH="21" VPOS="445" HPOS="560"/>
							<String ID="string_66" HPOS="581" VPOS="448" WIDTH="73" HEIGHT="19" WC="0.96" CONTENT="större"/><SP WIDTH="21" VPOS="448" HPOS="654"/>
							<String ID="string_67" HPOS="675" VPOS="446" WIDTH="60" HEIGHT="21" WC="0.93" CONTENT="antal"/><SP WIDTH="16" VPOS="446" HPOS="735"/>
							<String ID="string_68" HPOS="751" VPOS="451" WIDTH="114" HEIGHT="21" WC="0.91" CONTENT="represen-"/>
						</TextLine>
						<TextLine ID="line_9" HPOS="116" VPOS="482" WIDTH="138" HEIGHT="26">
							<String ID="string_69" HPOS="116" VPOS="482" WIDTH="138" HEIGHT="26" WC="0.91" CONTENT="tantplatser."/>
						</TextLine>
					</TextBlock>
					<TextBlock ID="block_2" HPOS="115" VPOS="517" WIDTH="758" HEIGHT="675">
						<TextLine ID="line_10" HPOS="187" VPOS="517" WIDTH="679" HEIGHT="28">
							<String ID="string_70" HPOS="187" VPOS="517" WIDTH="66" HEIGHT="22" WC="0.96" CONTENT="Hvad"/><SP WIDTH="20" VPOS="517" HPOS="253"/>
							<String ID="string_71" HPOS="273" VPOS="517" WIDTH="106" HEIGHT="22" WC="0.96" CONTENT="beträffar"/><SP WIDTH="20" VPOS="517" HPOS="379"/>
							<String ID="string_72" HPOS="399" VPOS="518" WIDTH="41" HEIGHT="22" WC="0.93" CONTENT="den"/><SP WIDTH="17" VPOS="518" HPOS="440"/>
							<String ID="string_73" HPOS="457" VPOS="517" WIDTH="171" HEIGHT="28" WC="0.92" CONTENT="fullständigare"/><SP WIDTH="16" VPOS="517" HPOS="628"/>
							<String ID="string_74" HPOS="644" VPOS="517" WIDTH="81" HEIGHT="22" WC="0.96" CONTENT="reform"/><SP WIDTH="16" VPOS="517" HPOS="725"/>
							<String ID="string_75" HPOS="741" VPOS="518" WIDTH="25" HEIGHT="20" WC="0.93" CONTENT="af"/><SP WIDTH="15" VPOS="518" HPOS="766"/>
							<String ID="string_76" HPOS="781" VPOS="517" WIDTH="85" HEIGHT="21" WC="0.89" CONTENT="Preste-"/>
						</TextLine>
						<TextLine ID="line_11" HPOS="116" VPOS="553" WIDTH="751" HEIGHT="28">
							<String ID="string_77" HPOS="116" VPOS="553" WIDTH="95" HEIGHT="28" WC="0.96" CONTENT="ståndet,"/><SP WIDTH="23" VPOS="553" HPOS="211"/>
							<String ID="string_78" HPOS="234" VPOS="560" WIDTH="45" HEIGHT="14" WC="0.93" CONTENT="som"/><SP WIDTH="19" VPOS="560" HPOS="279"/>
							<String ID="string_79" HPOS="298" VPOS="553" WIDTH="83" HEIGHT="27" WC="0.91" CONTENT="jemväl"/><SP WIDTH="21" VPOS="553" HPOS="381"/>
							<String ID="string_80" HPOS="402" VPOS="553" WIDTH="134" HEIGHT="28" WC="0.96" CONTENT="föreslagits,"/><SP WIDTH="21" VPOS="553" HPOS="536"/>
							<String ID="string_81" HPOS="557" VPOS="554" WIDTH="24" HEIGHT="21" WC="0.96" CONTENT="så"/><SP WIDTH="22" VPOS="554" HPOS="581"/>
							<String ID="string_82" HPOS="603" VPOS="554" WIDTH="40" HEIGHT="21" WC="0.96" CONTENT="har"/><SP WIDTH="20" VPOS="554" HPOS="643"/>
							<String ID="string_83" HPOS="663" VPOS="556" WIDTH="58" HEIGHT="19" WC="0.96" CONTENT="emot"/><SP WIDTH="20" VPOS="556" HPOS="721"/>
							<String ID="string_84" HPOS="741" VPOS="554" WIDTH="126" HEIGHT="21" WC="0.96" CONTENT="densamma"/>
						</TextLine>
						<TextLine ID="line_12" HPOS="115" VPOS="589" WIDTH="752" HEIGHT="28">
							<String ID="string_85" HPOS="115" VPOS="589" WIDTH="57" HEIGHT="21" WC="0.96" CONTENT="inom"/><SP WIDTH="22" VPOS="589" HPOS="172"/>
							<String ID="string_86" HPOS="194" VPOS="589" WIDTH="116" HEIGHT="22" WC="0.96" CONTENT="Utskottet"/><SP WIDTH="20" VPOS="589" HPOS="310"/>
							<String ID="string_87" HPOS="330" VPOS="589" WIDTH="70" HEIGHT="27" WC="0.96" CONTENT="gjorts"/><SP WIDTH="21" VPOS="589" HPOS="400"/>
							<String ID="string_88" HPOS="421" VPOS="590" WIDTH="140" HEIGHT="26" WC="0.96" CONTENT="principiella"/><SP WIDTH="19" VPOS="590" HPOS="561"/>
							<String ID="string_89" HPOS="580" VPOS="590" WIDTH="167" HEIGHT="27" WC="0.93" CONTENT="invändningar."/><SP WIDTH="31" VPOS="590" HPOS="747"/>
							<String ID="string_90" HPOS="778" VPOS="589" WIDTH="89" HEIGHT="22" WC="0.91" CONTENT="Preste-"/>
						</TextLine>
						<TextLine ID="line_13" HPOS="116" VPOS="625" WIDTH="750" HEIGHT="28">
							<String ID="string_91" HPOS="116" VPOS="625" WIDTH="89" HEIGHT="22" WC="0.96" CONTENT="ståndet"/><SP WIDTH="19" VPOS="625" HPOS="205"/>
							<String ID="string_92" HPOS="224" VPOS="625" WIDTH="75" HEIGHT="27" WC="0.96" CONTENT="borde,"/><SP WIDTH="22" VPOS="625" HPOS="299"/>
							<String ID="string_93" HPOS="321" VPOS="626" WIDTH="25" HEIGHT="21" WC="0.96" CONTENT="så"/><SP WIDTH="16" VPOS="626" HPOS="346"/>
							<String ID="string_94" HPOS="362" VPOS="626" WIDTH="40" HEIGHT="21" WC="0.95" CONTENT="har"/><SP WIDTH="15" VPOS="626" HPOS="402"/>
							<String ID="string_95" HPOS="417" VPOS="632" WIDTH="49" HEIGHT="14" WC="0.95" CONTENT="man"/><SP WIDTH="17" VPOS="632" HPOS="466"/>
							<String ID="string_96" HPOS="483" VPOS="628" WIDTH="80" HEIGHT="25" WC="0.96" CONTENT="ansett,"/><SP WIDTH="18" VPOS="628" HPOS="563"/>
							<String ID="string_97" HPOS="581" VPOS="626" WIDTH="49" HEIGHT="22" WC="0.96" CONTENT="icke"/><SP WIDTH="16" VPOS="626" HPOS="630"/>
							<String ID="string_98" HPOS="646" VPOS="626" WIDTH="7" HEIGHT="21" WC="0.96" CONTENT="i"/><SP WIDTH="17" VPOS="626" HPOS="653"/>
							<String ID="string_99" HPOS="670" VPOS="626" WIDTH="35" HEIGHT="27" WC="0.93" CONTENT="sig"/><SP WIDTH="14" VPOS="626" HPOS="705"/>
							<String ID="string_100" HPOS="719" VPOS="627" WIDTH="96" HEIGHT="25" WC="0.91" CONTENT="upptaga"/><SP WIDTH="17" VPOS="627" HPOS="815"/>
							<String ID="string_101" HPOS="832" VPOS="625" WIDTH="34" HEIGHT="21" WC="0.92" CONTENT="så-"/>
						</TextLine>
						<TextLine ID="line_14" HPOS="116" VPOS="661" WIDTH="751" HEIGHT="27">
							<String ID="string_102" HPOS="116" VPOS="661" WIDTH="56" HEIGHT="22" WC="0.96" CONTENT="dana"/><SP WIDTH="21" VPOS="661" HPOS="172"/>
							<String ID="string_103" HPOS="193" VPOS="661" WIDTH="100" HEIGHT="27" WC="0.96" CONTENT="element,"/><SP WIDTH="20" VPOS="661" HPOS="293"/>
							<String ID="string_104" HPOS="313" VPOS="661" WIDTH="77" HEIGHT="22" WC="0.93" CONTENT="hvilka"/><SP WIDTH="16" VPOS="661" HPOS="390"/>
							<String ID="string_105" HPOS="406" VPOS="662" WIDTH="62" HEIGHT="21" WC="0.93" CONTENT="stode"/><SP WIDTH="17" VPOS="662" HPOS="468"/>
							<String ID="string_106" HPOS="485" VPOS="662" WIDTH="136" HEIGHT="21" WC="0.96" CONTENT="främmande"/><SP WIDTH="16" VPOS="662" HPOS="621"/>
							<String ID="string_107" HPOS="637" VPOS="662" WIDTH="34" HEIGHT="21" WC="0.93" CONTENT="för"/><SP WIDTH="16" VPOS="662" HPOS="671"/>
							<String ID="string_108" HPOS="687" VPOS="662" WIDTH="180" HEIGHT="26" WC="0.90" CONTENT="presterskapets"/>
						</TextLine>
						<TextLine ID="line_15" HPOS="116" VPOS="696" WIDTH="750" HEIGHT="29">
							<String ID="string_109" HPOS="116" VPOS="696" WIDTH="86" HEIGHT="28" WC="0.96" CONTENT="uppgift"/><SP WIDTH="21" VPOS="696" HPOS="202"/>
							<String ID="string_110" HPOS="223" VPOS="698" WIDTH="33" HEIGHT="20" WC="0.96" CONTENT="att"/><SP WIDTH="21" VPOS="698" HPOS="256"/>
							<String ID="string_111" HPOS="277" VPOS="703" WIDTH="52" HEIGHT="15" WC="0.96" CONTENT="vara"/><SP WIDTH="22" VPOS="703" HPOS="329"/>
							<String ID="string_112" HPOS="351" VPOS="696" WIDTH="81" HEIGHT="23" WC="0.96" CONTENT="folkets"/><SP WIDTH="16" VPOS="696" HPOS="432"/>
							<String ID="string_113" HPOS="448" VPOS="698" WIDTH="80" HEIGHT="26" WC="0.96" CONTENT="lärare,"/><SP WIDTH="17" VPOS="698" HPOS="528"/>
							<String ID="string_114" HPOS="545" VPOS="698" WIDTH="39" HEIGHT="21" WC="0.96" CONTENT="och"/><SP WIDTH="17" VPOS="698" HPOS="584"/>
							<String ID="string_115" HPOS="601" VPOS="704" WIDTH="76" HEIGHT="21" WC="0.96" CONTENT="genom"/><SP WIDTH="17" VPOS="704" HPOS="677"/>
							<String ID="string_116" HPOS="694" VPOS="698" WIDTH="88" HEIGHT="21" WC="0.93" CONTENT="hvilkas"/><SP WIDTH="16" VPOS="698" HPOS="782"/>
							<String ID="string_117" HPOS="798" VPOS="696" WIDTH="68" HEIGHT="22" WC="0.90" CONTENT="inför-"/>
						</TextLine>
						<TextLine ID="line_16" HPOS="116" VPOS="732" WIDTH="757" HEIGHT="32">
							<String ID="string_118" HPOS="116" VPOS="732" WIDTH="97" HEIGHT="22" WC="0.92" CONTENT="lifvande"/><SP WIDTH="17" VPOS="732" HPOS="213"/>
							<String ID="string_119" HPOS="230" VPOS="733" WIDTH="89" HEIGHT="22" WC="0.96" CONTENT="ståndet"/><SP WIDTH="16" VPOS="733" HPOS="319"/>
							<String ID="string_120" HPOS="335" VPOS="734" WIDTH="72" HEIGHT="22" WC="0.96" CONTENT="skulle"/><SP WIDTH="15" VPOS="734" HPOS="407"/>
							<String ID="string_121" HPOS="422" VPOS="734" WIDTH="52" HEIGHT="26" WC="0.96" CONTENT="löpa"/><SP WIDTH="14" VPOS="734" HPOS="474"/>
							<String ID="string_122" HPOS="488" VPOS="734" WIDTH="49" HEIGHT="21" WC="0.96" CONTENT="fara"/><SP WIDTH="16" VPOS="734" HPOS="537"/>
							<String ID="string_123" HPOS="553" VPOS="736" WIDTH="33" HEIGHT="19" WC="0.96" CONTENT="att"/><SP WIDTH="16" VPOS="736" HPOS="586"/>
							<String ID="string_124" HPOS="602" VPOS="734" WIDTH="83" HEIGHT="22" WC="0.96" CONTENT="förlora"/><SP WIDTH="16" VPOS="734" HPOS="685"/>
							<String ID="string_125" HPOS="701" VPOS="734" WIDTH="33" HEIGHT="21" WC="0.93" CONTENT="sin"/><SP WIDTH="12" VPOS="734" HPOS="734"/>
							<String ID="string_126" HPOS="746" VPOS="739" WIDTH="127" HEIGHT="25" WC="0.77" CONTENT="ursprung-"/>
						</TextLine>
						<TextLine ID="line_17" HPOS="116" VPOS="762" WIDTH="749" HEIGHT="34">
							<String ID="string_127" HPOS="116" VPOS="768" WIDTH="45" HEIGHT="28" WC="0.96" CONTENT="liga"/><SP WIDTH="22" VPOS="768" HPOS="161"/>
							<String ID="string_128" HPOS="183" VPOS="769" WIDTH="113" HEIGHT="22" WC="0.96" CONTENT="karaktär."/><SP WIDTH="31" VPOS="769" HPOS="296"/>
							<String ID="string_129" HPOS="327" VPOS="762" WIDTH="20" HEIGHT="29" WC="0.93" CONTENT="Å"/><SP WIDTH="24" VPOS="762" HPOS="347"/>
							<String ID="string_130" HPOS="371" VPOS="770" WIDTH="68" HEIGHT="21" WC="0.96" CONTENT="andra"/><SP WIDTH="24" VPOS="770" HPOS="439"/>
							<String ID="string_131" HPOS="463" VPOS="770" WIDTH="63" HEIGHT="21" WC="0.96" CONTENT="sidan"/><SP WIDTH="20" VPOS="770" HPOS="526"/>
							<String ID="string_132" HPOS="546" VPOS="770" WIDTH="40" HEIGHT="21" WC="0.93" CONTENT="har"/><SP WIDTH="22" VPOS="770" HPOS="586"/>
							<String ID="string_133" HPOS="608" VPOS="770" WIDTH="99" HEIGHT="22" WC="0.92" CONTENT="häremot"/><SP WIDTH="18" VPOS="770" HPOS="707"/>
							<String ID="string_134" HPOS="725" VPOS="769" WIDTH="140" HEIGHT="27" WC="0.95" CONTENT="framhållits,"/>
						</TextLine>
						<TextLine ID="line_18" HPOS="116" VPOS="804" WIDTH="749" HEIGHT="23">
							<String ID="string_135" HPOS="116" VPOS="806" WIDTH="33" HEIGHT="20" WC="0.93" CONTENT="att"/><SP WIDTH="20" VPOS="806" HPOS="149"/>
							<String ID="string_136" HPOS="169" VPOS="805" WIDTH="101" HEIGHT="21" WC="0.91" CONTENT="lärarene"/><SP WIDTH="21" VPOS="805" HPOS="270"/>
							<String ID="string_137" HPOS="291" VPOS="805" WIDTH="38" HEIGHT="22" WC="0.96" CONTENT="vid"/><SP WIDTH="21" VPOS="805" HPOS="329"/>
							<String ID="string_138" HPOS="350" VPOS="806" WIDTH="158" HEIGHT="21" WC="0.96" CONTENT="seminarierna"/><SP WIDTH="21" VPOS="806" HPOS="508"/>
							<String ID="string_139" HPOS="529" VPOS="809" WIDTH="56" HEIGHT="18" WC="0.95" CONTENT="samt"/><SP WIDTH="19" VPOS="809" HPOS="585"/>
							<String ID="string_140" HPOS="604" VPOS="806" WIDTH="107" HEIGHT="21" WC="0.96" CONTENT="måhända"/><SP WIDTH="16" VPOS="806" HPOS="711"/>
							<String ID="string_141" HPOS="727" VPOS="805" WIDTH="65" HEIGHT="22" WC="0.92" CONTENT="äfven"/><SP WIDTH="16" VPOS="805" HPOS="792"/>
							<String ID="string_142" HPOS="808" VPOS="804" WIDTH="57" HEIGHT="22" WC="0.92" CONTENT="folk-"/>
						</TextLine>
						<TextLine ID="line_19" HPOS="116" VPOS="840" WIDTH="749" HEIGHT="29">
							<String ID="string_143" HPOS="116" VPOS="840" WIDTH="157" HEIGHT="29" WC="0.92" CONTENT="skollärarene,"/><SP WIDTH="16" VPOS="840" HPOS="273"/>
							<String ID="string_144" HPOS="289" VPOS="841" WIDTH="78" HEIGHT="22" WC="0.96" CONTENT="hvilka"/><SP WIDTH="15" VPOS="841" HPOS="367"/>
							<String ID="string_145" HPOS="382" VPOS="842" WIDTH="6" HEIGHT="21" WC="0.96" CONTENT="i"/><SP WIDTH="17" VPOS="842" HPOS="388"/>
							<String ID="string_146" HPOS="405" VPOS="842" WIDTH="72" HEIGHT="22" WC="0.96" CONTENT="likhet"/><SP WIDTH="15" VPOS="842" HPOS="477"/>
							<String ID="string_147" HPOS="492" VPOS="842" WIDTH="50" HEIGHT="22" WC="0.93" CONTENT="med"/><SP WIDTH="16" VPOS="842" HPOS="542"/>
							<String ID="string_148" HPOS="558" VPOS="844" WIDTH="115" HEIGHT="25" WC="0.90" CONTENT="presterna"/><SP WIDTH="15" VPOS="844" HPOS="673"/>
							<String ID="string_149" HPOS="688" VPOS="841" WIDTH="67" HEIGHT="22" WC="0.96" CONTENT="hafva"/><SP WIDTH="11" VPOS="841" HPOS="755"/>
							<String ID="string_150" HPOS="766" VPOS="841" WIDTH="34" HEIGHT="22" WC="0.93" CONTENT="till"/><SP WIDTH="12" VPOS="841" HPOS="800"/>
							<String ID="string_151" HPOS="812" VPOS="847" WIDTH="53" HEIGHT="20" WC="0.92" CONTENT="upp-"/>
						</TextLine>
						<TextLine ID="line_20" HPOS="116" VPOS="876" WIDTH="749" HEIGHT="29">
							<String ID="string_152" HPOS="116" VPOS="876" WIDTH="43" HEIGHT="27" WC="0.96" CONTENT="gift"/><SP WIDTH="20" VPOS="876" HPOS="159"/>
							<String ID="string_153" HPOS="179" VPOS="877" WIDTH="129" HEIGHT="26" WC="0.96" CONTENT="spridandet"/><SP WIDTH="20" VPOS="877" HPOS="308"/>
							<String ID="string_154" HPOS="328" VPOS="877" WIDTH="25" HEIGHT="21" WC="0.96" CONTENT="af"/><SP WIDTH="13" VPOS="877" HPOS="353"/>
							<String ID="string_155" HPOS="366" VPOS="877" WIDTH="101" HEIGHT="28" WC="0.96" CONTENT="bildning"/><SP WIDTH="18" VPOS="877" HPOS="467"/>
							<String ID="string_156" HPOS="485" VPOS="878" WIDTH="40" HEIGHT="21" WC="0.96" CONTENT="och"/><SP WIDTH="17" VPOS="878" HPOS="525"/>
							<String ID="string_157" HPOS="542" VPOS="878" WIDTH="87" HEIGHT="22" WC="0.96" CONTENT="således"/><SP WIDTH="16" VPOS="878" HPOS="629"/>
							<String ID="string_158" HPOS="645" VPOS="878" WIDTH="49" HEIGHT="22" WC="0.93" CONTENT="icke"/><SP WIDTH="16" VPOS="878" HPOS="694"/>
							<String ID="string_159" HPOS="710" VPOS="878" WIDTH="74" HEIGHT="21" WC="0.96" CONTENT="kunna"/><SP WIDTH="16" VPOS="878" HPOS="784"/>
							<String ID="string_160" HPOS="800" VPOS="879" WIDTH="65" HEIGHT="25" WC="0.96" CONTENT="sägas"/>
						</TextLine>
						<TextLine ID="line_21" HPOS="116" VPOS="911" WIDTH="749" HEIGHT="29">
							<String ID="string_161" HPOS="116" VPOS="911" WIDTH="95" HEIGHT="29" WC="0.90" CONTENT="fullfölja"/><SP WIDTH="20" VPOS="911" HPOS="211"/>
							<String ID="string_162" HPOS="231" VPOS="912" WIDTH="35" HEIGHT="23" WC="0.93" CONTENT="för"/><SP WIDTH="20" VPOS="912" HPOS="266"/>
							<String ID="string_163" HPOS="286" VPOS="914" WIDTH="167" HEIGHT="26" WC="0.92" CONTENT="presterskapet"/><SP WIDTH="22" VPOS="914" HPOS="453"/>
							<String ID="string_164" HPOS="475" VPOS="913" WIDTH="136" HEIGHT="23" WC="0.93" CONTENT="främmande"/><SP WIDTH="19" VPOS="913" HPOS="611"/>
							<String ID="string_165" HPOS="630" VPOS="914" WIDTH="150" HEIGHT="26" WC="0.92" CONTENT="sträfvanden,"/><SP WIDTH="17" VPOS="914" HPOS="780"/>
							<String ID="string_166" HPOS="797" VPOS="913" WIDTH="68" HEIGHT="26" WC="0.92" CONTENT="lämp-"/>
						</TextLine>
						<TextLine ID="line_22" HPOS="116" VPOS="948" WIDTH="749" HEIGHT="28">
							<String ID="string_167" HPOS="116" VPOS="948" WIDTH="58" HEIGHT="27" WC="0.92" CONTENT="ligen"/><SP WIDTH="17" VPOS="948" HPOS="174"/>
							<String ID="string_168" HPOS="191" VPOS="948" WIDTH="74" HEIGHT="23" WC="0.93" CONTENT="kunde"/><SP WIDTH="18" VPOS="948" HPOS="265"/>
							<String ID="string_169" HPOS="283" VPOS="949" WIDTH="122" HEIGHT="27" WC="0.92" CONTENT="berättigas"/><SP WIDTH="17" VPOS="949" HPOS="405"/>
							<String ID="string_170" HPOS="422" VPOS="952" WIDTH="33" HEIGHT="19" WC="0.93" CONTENT="att"/><SP WIDTH="15" VPOS="952" HPOS="455"/>
							<String ID="string_171" HPOS="470" VPOS="949" WIDTH="70" HEIGHT="22" WC="0.92" CONTENT="blifva"/><SP WIDTH="16" VPOS="949" HPOS="540"/>
							<String ID="string_172" HPOS="556" VPOS="950" WIDTH="183" HEIGHT="26" WC="0.92" CONTENT="represonterade"/><SP WIDTH="16" VPOS="950" HPOS="739"/>
							<String ID="string_173" HPOS="755" VPOS="950" WIDTH="7" HEIGHT="21" WC="0.93" CONTENT="i"/><SP WIDTH="16" VPOS="950" HPOS="762"/>
							<String ID="string_174" HPOS="778" VPOS="949" WIDTH="87" HEIGHT="21" WC="0.93" CONTENT="Preste-"/>
						</TextLine>
						<TextLine ID="line_23" HPOS="116" VPOS="984" WIDTH="749" HEIGHT="29">
							<String ID="string_175" HPOS="116" VPOS="984" WIDTH="94" HEIGHT="22" WC="0.96" CONTENT="ståndet."/><SP WIDTH="33" VPOS="984" HPOS="210"/>
							<String ID="string_176" HPOS="243" VPOS="985" WIDTH="122" HEIGHT="27" WC="0.86" CONTENT="Ifrågasatt"/><SP WIDTH="20" VPOS="985" HPOS="365"/>
							<String ID="string_177" HPOS="385" VPOS="986" WIDTH="40" HEIGHT="21" WC="0.93" CONTENT="har"/><SP WIDTH="16" VPOS="986" HPOS="425"/>
							<String ID="string_178" HPOS="441" VPOS="985" WIDTH="67" HEIGHT="28" WC="0.96" CONTENT="äfven"/><SP WIDTH="16" VPOS="985" HPOS="508"/>
							<String ID="string_179" HPOS="524" VPOS="985" WIDTH="81" HEIGHT="28" WC="0.96" CONTENT="blifvit,"/><SP WIDTH="18" VPOS="985" HPOS="605"/>
							<String ID="string_180" HPOS="623" VPOS="992" WIDTH="33" HEIGHT="16" WC="0.93" CONTENT="om"/><SP WIDTH="17" VPOS="992" HPOS="656"/>
							<String ID="string_181" HPOS="673" VPOS="986" WIDTH="19" HEIGHT="27" WC="0.96" CONTENT="ej"/><SP WIDTH="17" VPOS="986" HPOS="692"/>
							<String ID="string_182" HPOS="709" VPOS="986" WIDTH="28" HEIGHT="27" WC="0.96" CONTENT="pä"/><SP WIDTH="16" VPOS="986" HPOS="737"/>
							<String ID="string_183" HPOS="753" VPOS="987" WIDTH="45" HEIGHT="20" WC="0.91" CONTENT="sätt"/><SP WIDTH="17" VPOS="987" HPOS="798"/>
							<String ID="string_184" HPOS="815" VPOS="985" WIDTH="6" HEIGHT="21" WC="0.91" CONTENT="i"/><SP WIDTH="17" VPOS="985" HPOS="821"/>
							<String ID="string_185" HPOS="838" VPOS="990" WIDTH="27" HEIGHT="16" WC="0.95" CONTENT="en"/>
						</TextLine>
						<TextLine ID="line_24" HPOS="116" VPOS="1019" WIDTH="750" HEIGHT="30">
							<String ID="string_186" HPOS="116" VPOS="1019" WIDTH="35" HEIGHT="22" WC="0.93" CONTENT="del"/><SP WIDTH="15" VPOS="1019" HPOS="151"/>
							<String ID="string_187" HPOS="166" VPOS="1020" WIDTH="119" HEIGHT="26" WC="0.92" CONTENT="petitioner"/><SP WIDTH="15" VPOS="1020" HPOS="285"/>
							<String ID="string_188" HPOS="300" VPOS="1022" WIDTH="79" HEIGHT="26" WC="0.92" CONTENT="yrkats"/><SP WIDTH="15" VPOS="1022" HPOS="379"/>
							<String ID="string_189" HPOS="394" VPOS="1022" WIDTH="61" HEIGHT="21" WC="0.93" CONTENT="vissa"/><SP WIDTH="18" VPOS="1022" HPOS="455"/>
							<String ID="string_190" HPOS="473" VPOS="1022" WIDTH="260" HEIGHT="27" WC="0.73" CONTENT="tjenstemannagrupper"/><SP WIDTH="10" VPOS="1022" HPOS="733"/>
							<String ID="string_191" HPOS="743" VPOS="1022" WIDTH="28" HEIGHT="26" WC="0.96" CONTENT="pä"/><SP WIDTH="14" VPOS="1022" HPOS="771"/>
							<String ID="string_192" HPOS="785" VPOS="1020" WIDTH="81" HEIGHT="25" WC="0.96" CONTENT="landet,"/>
						</TextLine>
						<TextLine ID="line_25" HPOS="116" VPOS="1055" WIDTH="748" HEIGHT="30">
							<String ID="string_193" HPOS="116" VPOS="1061" WIDTH="43" HEIGHT="15" WC="0.96" CONTENT="som"/><SP WIDTH="23" VPOS="1061" HPOS="159"/>
							<String ID="string_194" HPOS="182" VPOS="1062" WIDTH="29" HEIGHT="15" WC="0.93" CONTENT="nu"/><SP WIDTH="19" VPOS="1062" HPOS="211"/>
							<String ID="string_195" HPOS="230" VPOS="1058" WIDTH="38" HEIGHT="19" WC="0.92" CONTENT="äro"/><SP WIDTH="16" VPOS="1058" HPOS="268"/>
							<String ID="string_196" HPOS="284" VPOS="1056" WIDTH="93" HEIGHT="23" WC="0.93" CONTENT="alldeles"/><SP WIDTH="15" VPOS="1056" HPOS="377"/>
							<String ID="string_197" HPOS="392" VPOS="1057" WIDTH="203" HEIGHT="28" WC="0.92" CONTENT="orepresenterade,"/><SP WIDTH="18" VPOS="1057" HPOS="595"/>
							<String ID="string_198" HPOS="613" VPOS="1057" WIDTH="107" HEIGHT="22" WC="0.91" CONTENT="särskildt"/><SP WIDTH="17" VPOS="1057" HPOS="720"/>
							<String ID="string_199" HPOS="737" VPOS="1055" WIDTH="127" HEIGHT="23" WC="0.91" CONTENT="häradshöf-"/>
						</TextLine>
						<TextLine ID="line_26" HPOS="116" VPOS="1091" WIDTH="748" HEIGHT="29">
							<String ID="string_200" HPOS="116" VPOS="1091" WIDTH="77" HEIGHT="27" WC="0.92" CONTENT="dingar"/><SP WIDTH="24" VPOS="1091" HPOS="193"/>
							<String ID="string_201" HPOS="217" VPOS="1095" WIDTH="57" HEIGHT="18" WC="0.93" CONTENT="samt"/><SP WIDTH="22" VPOS="1095" HPOS="274"/>
							<String ID="string_202" HPOS="296" VPOS="1093" WIDTH="130" HEIGHT="26" WC="0.84" CONTENT="provincial-"/><SP WIDTH="24" VPOS="1093" HPOS="426"/>
							<String ID="string_203" HPOS="450" VPOS="1093" WIDTH="41" HEIGHT="21" WC="0.92" CONTENT="och"/><SP WIDTH="22" VPOS="1093" HPOS="491"/>
							<String ID="string_204" HPOS="513" VPOS="1093" WIDTH="210" HEIGHT="27" WC="0.92" CONTENT="kommunalläkare,"/><SP WIDTH="22" VPOS="1093" HPOS="723"/>
							<String ID="string_205" HPOS="745" VPOS="1093" WIDTH="48" HEIGHT="21" WC="0.96" CONTENT="med"/><SP WIDTH="22" VPOS="1093" HPOS="793"/>
							<String ID="string_206" HPOS="815" VPOS="1091" WIDTH="49" HEIGHT="22" WC="0.96" CONTENT="skäl"/>
						</TextLine>
						<TextLine ID="line_27" HPOS="115" VPOS="1127" WIDTH="750" HEIGHT="29">
							<String ID="string_207" HPOS="115" VPOS="1127" WIDTH="73" HEIGHT="22" WC="0.93" CONTENT="kunde"/><SP WIDTH="15" VPOS="1127" HPOS="188"/>
							<String ID="string_208" HPOS="203" VPOS="1127" WIDTH="120" HEIGHT="28" WC="0.91" CONTENT="inrymmas"/><SP WIDTH="16" VPOS="1127" HPOS="323"/>
							<String ID="string_209" HPOS="339" VPOS="1129" WIDTH="84" HEIGHT="26" WC="0.93" CONTENT="platser"/><SP WIDTH="16" VPOS="1129" HPOS="423"/>
							<String ID="string_210" HPOS="439" VPOS="1129" WIDTH="31" HEIGHT="21" WC="0.93" CONTENT="uti"/><SP WIDTH="12" VPOS="1129" HPOS="470"/>
							<String ID="string_211" HPOS="482" VPOS="1129" WIDTH="68" HEIGHT="27" WC="0.93" CONTENT="sagda"/><SP WIDTH="11" VPOS="1129" HPOS="550"/>
							<String ID="string_212" HPOS="561" VPOS="1129" WIDTH="72" HEIGHT="27" WC="0.90" CONTENT="ständ,"/><SP WIDTH="12" VPOS="1129" HPOS="633"/>
							<String ID="string_213" HPOS="645" VPOS="1129" WIDTH="142" HEIGHT="27" WC="0.92" CONTENT="hvarigenom"/><SP WIDTH="11" VPOS="1129" HPOS="787"/>
							<String ID="string_214" HPOS="798" VPOS="1128" WIDTH="67" HEIGHT="22" WC="0.93" CONTENT="äfven"/>
						</TextLine>
						<TextLine ID="line_28" HPOS="116" VPOS="1163" WIDTH="750" HEIGHT="29">
							<String ID="string_215" HPOS="116" VPOS="1163" WIDTH="69" HEIGHT="22" WC="0.88" CONTENT="ökade"/><SP WIDTH="11" VPOS="1163" HPOS="185"/>
							<String ID="string_216" HPOS="196" VPOS="1163" WIDTH="146" HEIGHT="28" WC="0.92" CONTENT="fackinsigter"/><SP WIDTH="11" VPOS="1163" HPOS="342"/>
							<String ID="string_217" HPOS="353" VPOS="1164" WIDTH="7" HEIGHT="21" WC="0.96" CONTENT="i"/><SP WIDTH="11" VPOS="1164" HPOS="360"/>
							<String ID="string_218" HPOS="371" VPOS="1164" WIDTH="59" HEIGHT="21" WC="0.93" CONTENT="olika"/><SP WIDTH="10" VPOS="1164" HPOS="430"/>
							<String ID="string_219" HPOS="440" VPOS="1165" WIDTH="128" HEIGHT="27" WC="0.92" CONTENT="riktningar"/><SP WIDTH="10" VPOS="1165" HPOS="568"/>
							<String ID="string_220" HPOS="578" VPOS="1164" WIDTH="73" HEIGHT="23" WC="0.92" CONTENT="blefve"/><SP WIDTH="12" VPOS="1164" HPOS="651"/>
							<String ID="string_221" HPOS="663" VPOS="1165" WIDTH="90" HEIGHT="21" WC="0.92" CONTENT="ständet"/><SP WIDTH="7" VPOS="1165" HPOS="753"/>
							<String ID="string_222" HPOS="760" VPOS="1163" WIDTH="106" HEIGHT="23" WC="0.92" CONTENT="tillförda."/>
						</TextLine>
					</TextBlock>
					<TextBlock ID="block_3" HPOS="113" VPOS="1199" WIDTH="754" HEIGHT="244">
						<TextLine ID="line_29" HPOS="185" VPOS="1199" WIDTH="680" HEIGHT="28">
							<String ID="string_223" HPOS="185" VPOS="1199" WIDTH="35" HEIGHT="22" WC="0.92" CONTENT="Dä"/><SP WIDTH="16" VPOS="1199" HPOS="220"/>
							<String ID="string_224" HPOS="236" VPOS="1199" WIDTH="71" HEIGHT="22" WC="0.92" CONTENT="säsom"/><SP WIDTH="17" VPOS="1199" HPOS="307"/>
							<String ID="string_225" HPOS="324" VPOS="1200" WIDTH="65" HEIGHT="22" WC="0.92" CONTENT="ofvan"/><SP WIDTH="16" VPOS="1200" HPOS="389"/>
							<String ID="string_226" HPOS="405" VPOS="1201" WIDTH="91" HEIGHT="26" WC="0.92" CONTENT="antydts"/><SP WIDTH="17" VPOS="1201" HPOS="496"/>
							<String ID="string_227" HPOS="513" VPOS="1201" WIDTH="84" HEIGHT="22" WC="0.96" CONTENT="antalet"/><SP WIDTH="19" VPOS="1201" HPOS="597"/>
							<String ID="string_228" HPOS="616" VPOS="1200" WIDTH="24" HEIGHT="22" WC="0.93" CONTENT="af"/><SP WIDTH="16" VPOS="1200" HPOS="640"/>
							<String ID="string_229" HPOS="656" VPOS="1201" WIDTH="163" HEIGHT="21" WC="0.92" CONTENT="skollärarenes"/><SP WIDTH="11" VPOS="1201" HPOS="819"/>
							<String ID="string_230" HPOS="830" VPOS="1206" WIDTH="35" HEIGHT="15" WC="0.93" CONTENT="re-"/>
						</TextLine>
						<TextLine ID="line_30" HPOS="114" VPOS="1235" WIDTH="750" HEIGHT="28">
							<String ID="string_231" HPOS="114" VPOS="1235" WIDTH="170" HEIGHT="26" WC="0.91" CONTENT="presentanter"/><SP WIDTH="-9" VPOS="1235" HPOS="284"/>
							<String ID="string_232" HPOS="275" VPOS="1231" WIDTH="9" HEIGHT="36" WC="0.93" CONTENT="i"/><SP WIDTH="10" VPOS="1231" HPOS="284"/>
							<String ID="string_233" HPOS="294" VPOS="1236" WIDTH="164" HEIGHT="27" WC="0.92" CONTENT="presteständet"/><SP WIDTH="11" VPOS="1236" HPOS="458"/>
							<String ID="string_234" HPOS="469" VPOS="1237" WIDTH="37" HEIGHT="21" WC="0.93" CONTENT="vid"/><SP WIDTH="8" VPOS="1237" HPOS="506"/>
							<String ID="string_235" HPOS="514" VPOS="1237" WIDTH="149" HEIGHT="22" WC="0.92" CONTENT="innevarande"/><SP WIDTH="12" VPOS="1237" HPOS="663"/>
							<String ID="string_236" HPOS="675" VPOS="1237" WIDTH="105" HEIGHT="26" WC="0.91" CONTENT="landtdag"/><SP WIDTH="13" VPOS="1237" HPOS="780"/>
							<String ID="string_237" HPOS="793" VPOS="1236" WIDTH="71" HEIGHT="27" WC="0.92" CONTENT="ökats,"/>
						</TextLine>
						<TextLine ID="line_31" HPOS="114" VPOS="1270" WIDTH="752" HEIGHT="30">
							<String ID="string_238" HPOS="114" VPOS="1271" WIDTH="26" HEIGHT="20" WC="0.96" CONTENT="är"/><SP WIDTH="15" VPOS="1271" HPOS="140"/>
							<String ID="string_239" HPOS="155" VPOS="1270" WIDTH="38" HEIGHT="22" WC="0.96" CONTENT="det"/><SP WIDTH="15" VPOS="1270" HPOS="193"/>
							<String ID="string_240" HPOS="208" VPOS="1277" WIDTH="29" HEIGHT="15" WC="0.93" CONTENT="nu"/><SP WIDTH="16" VPOS="1277" HPOS="237"/>
							<String ID="string_241" HPOS="253" VPOS="1271" WIDTH="7" HEIGHT="21" WC="0.93" CONTENT="i"/><SP WIDTH="17" VPOS="1271" HPOS="260"/>
							<String ID="string_242" HPOS="277" VPOS="1271" WIDTH="114" HEIGHT="22" WC="0.92" CONTENT="enahanda"/><SP WIDTH="15" VPOS="1271" HPOS="391"/>
							<String ID="string_243" HPOS="406" VPOS="1272" WIDTH="102" HEIGHT="28" WC="0.93" CONTENT="riktning"/><SP WIDTH="16" VPOS="1272" HPOS="508"/>
							<String ID="string_244" HPOS="524" VPOS="1273" WIDTH="82" HEIGHT="27" WC="0.92" CONTENT="gjorda,"/><SP WIDTH="14" VPOS="1273" HPOS="606"/>
							<String ID="string_245" HPOS="620" VPOS="1279" WIDTH="33" HEIGHT="15" WC="0.97" CONTENT="om"/><SP WIDTH="17" VPOS="1279" HPOS="653"/>
							<String ID="string_246" HPOS="670" VPOS="1275" WIDTH="28" HEIGHT="19" WC="0.93" CONTENT="än"/><SP WIDTH="10" VPOS="1275" HPOS="698"/>
							<String ID="string_247" HPOS="708" VPOS="1273" WIDTH="68" HEIGHT="26" WC="0.92" CONTENT="nägot"/><SP WIDTH="11" VPOS="1273" HPOS="776"/>
							<String ID="string_248" HPOS="787" VPOS="1272" WIDTH="79" HEIGHT="27" WC="0.97" CONTENT="längre"/>
						</TextLine>
						<TextLine ID="line_32" HPOS="114" VPOS="1305" WIDTH="751" HEIGHT="31">
							<String ID="string_249" HPOS="114" VPOS="1305" WIDTH="85" HEIGHT="28" WC="0.96" CONTENT="gående"/><SP WIDTH="14" VPOS="1305" HPOS="199"/>
							<String ID="string_250" HPOS="213" VPOS="1306" WIDTH="118" HEIGHT="29" WC="0.96" CONTENT="yrkandet,"/><SP WIDTH="17" VPOS="1306" HPOS="331"/>
							<String ID="string_251" HPOS="348" VPOS="1307" WIDTH="70" HEIGHT="28" WC="0.93" CONTENT="enligt"/><SP WIDTH="16" VPOS="1307" HPOS="418"/>
							<String ID="string_252" HPOS="434" VPOS="1308" WIDTH="127" HEIGHT="22" WC="0.96" CONTENT="Utskottets"/><SP WIDTH="17" VPOS="1308" HPOS="561"/>
							<String ID="string_253" HPOS="578" VPOS="1309" WIDTH="93" HEIGHT="27" WC="0.93" CONTENT="mening,"/><SP WIDTH="18" VPOS="1309" HPOS="671"/>
							<String ID="string_254" HPOS="689" VPOS="1309" WIDTH="49" HEIGHT="21" WC="0.96" CONTENT="icke"/><SP WIDTH="9" VPOS="1309" HPOS="738"/>
							<String ID="string_255" HPOS="747" VPOS="1308" WIDTH="24" HEIGHT="21" WC="0.93" CONTENT="af"/><SP WIDTH="6" VPOS="1308" HPOS="771"/>
							<String ID="string_256" HPOS="777" VPOS="1307" WIDTH="88" HEIGHT="22" WC="0.72" CONTENT="beskaf-"/>
						</TextLine>
						<TextLine ID="line_33" HPOS="113" VPOS="1340" WIDTH="750" HEIGHT="31">
							<String ID="string_257" HPOS="113" VPOS="1340" WIDTH="77" HEIGHT="23" WC="0.92" CONTENT="fenhet"/><SP WIDTH="15" VPOS="1340" HPOS="190"/>
							<String ID="string_258" HPOS="205" VPOS="1344" WIDTH="34" HEIGHT="19" WC="0.96" CONTENT="att"/><SP WIDTH="16" VPOS="1344" HPOS="239"/>
							<String ID="string_259" HPOS="255" VPOS="1342" WIDTH="73" HEIGHT="22" WC="0.96" CONTENT="allena"/><SP WIDTH="15" VPOS="1342" HPOS="328"/>
							<String ID="string_260" HPOS="343" VPOS="1342" WIDTH="36" HEIGHT="22" WC="0.96" CONTENT="för"/><SP WIDTH="15" VPOS="1342" HPOS="379"/>
							<String ID="string_261" HPOS="394" VPOS="1343" WIDTH="35" HEIGHT="27" WC="0.96" CONTENT="sig"/><SP WIDTH="16" VPOS="1343" HPOS="429"/>
							<String ID="string_262" HPOS="445" VPOS="1343" WIDTH="115" HEIGHT="22" WC="0.96" CONTENT="föranleda"/><SP WIDTH="11" VPOS="1343" HPOS="560"/>
							<String ID="string_263" HPOS="571" VPOS="1344" WIDTH="35" HEIGHT="22" WC="0.96" CONTENT="till"/><SP WIDTH="11" VPOS="1344" HPOS="606"/>
							<String ID="string_264" HPOS="617" VPOS="1344" WIDTH="71" HEIGHT="27" WC="0.96" CONTENT="någon"/><SP WIDTH="12" VPOS="1344" HPOS="688"/>
							<String ID="string_265" HPOS="700" VPOS="1344" WIDTH="86" HEIGHT="27" WC="0.93" CONTENT="åtgärd,"/><SP WIDTH="11" VPOS="1344" HPOS="786"/>
							<String ID="string_266" HPOS="797" VPOS="1344" WIDTH="66" HEIGHT="21" WC="0.92" CONTENT="hvar-"/>
						</TextLine>
						<TextLine ID="line_34" HPOS="114" VPOS="1377" WIDTH="753" HEIGHT="30">
							<String ID="string_267" HPOS="114" VPOS="1379" WIDTH="63" HEIGHT="25" WC="0.95" CONTENT="emot,"/><SP WIDTH="19" VPOS="1379" HPOS="177"/>
							<String ID="string_268" HPOS="196" VPOS="1383" WIDTH="35" HEIGHT="16" WC="0.96" CONTENT="om"/><SP WIDTH="18" VPOS="1383" HPOS="231"/>
							<String ID="string_269" HPOS="249" VPOS="1377" WIDTH="82" HEIGHT="22" WC="0.96" CONTENT="reform"/><SP WIDTH="20" VPOS="1377" HPOS="331"/>
							<String ID="string_270" HPOS="351" VPOS="1379" WIDTH="24" HEIGHT="21" WC="0.93" CONTENT="af"/><SP WIDTH="12" VPOS="1379" HPOS="375"/>
							<String ID="string_271" HPOS="387" VPOS="1379" WIDTH="177" HEIGHT="26" WC="0.91" CONTENT="presteståndets"/><SP WIDTH="24" VPOS="1379" HPOS="564"/>
							<String ID="string_272" HPOS="588" VPOS="1380" WIDTH="198" HEIGHT="27" WC="0.96" CONTENT="sammansättning"/><SP WIDTH="15" VPOS="1380" HPOS="786"/>
							<String ID="string_273" HPOS="801" VPOS="1379" WIDTH="66" HEIGHT="28" WC="0.96" CONTENT="eljest"/>
						</TextLine>
						<TextLine ID="line_35" HPOS="113" VPOS="1414" WIDTH="753" HEIGHT="29">
							<String ID="string_274" HPOS="113" VPOS="1419" WIDTH="53" HEIGHT="21" WC="0.96" CONTENT="eger"/><SP WIDTH="23" VPOS="1419" HPOS="166"/>
							<String ID="string_275" HPOS="189" VPOS="1419" WIDTH="54" HEIGHT="22" WC="0.96" CONTENT="rum,"/><SP WIDTH="25" VPOS="1419" HPOS="243"/>
							<String ID="string_276" HPOS="268" VPOS="1414" WIDTH="68" HEIGHT="27" WC="0.96" CONTENT="sagda"/><SP WIDTH="23" VPOS="1414" HPOS="336"/>
							<String ID="string_277" HPOS="359" VPOS="1415" WIDTH="100" HEIGHT="26" WC="0.96" CONTENT="yrkande"/><SP WIDTH="26" VPOS="1415" HPOS="459"/>
							<String ID="string_278" HPOS="485" VPOS="1415" WIDTH="28" HEIGHT="22" WC="0.96" CONTENT="då"/><SP WIDTH="20" VPOS="1415" HPOS="513"/>
							<String ID="string_279" HPOS="533" VPOS="1415" WIDTH="7" HEIGHT="22" WC="0.96" CONTENT="i"/><SP WIDTH="17" VPOS="1415" HPOS="540"/>
							<String ID="string_280" HPOS="557" VPOS="1418" WIDTH="32" HEIGHT="19" WC="0.96" CONTENT="ett"/><SP WIDTH="24" VPOS="1418" HPOS="589"/>
							<String ID="string_281" HPOS="613" VPOS="1416" WIDTH="156" HEIGHT="27" WC="0.96" CONTENT="sammanhang"/><SP WIDTH="23" VPOS="1416" HPOS="769"/>
							<String ID="string_282" HPOS="792" VPOS="1415" WIDTH="74" HEIGHT="22" WC="0.96" CONTENT="kunde"/>
						</TextLine>
					</TextBlock>
				</ComposedBlock>
				<ComposedBlock ID="cblock_2" HPOS="183" VPOS="1460" WIDTH="359" HEIGHT="23">
					<TextBlock ID="block_4" HPOS="183" VPOS="1460" WIDTH="359" HEIGHT="23">
						<TextLine ID="line_36" HPOS="183" VPOS="1460" WIDTH="359" HEIGHT="23">
							<String ID="string_283" HPOS="183" VPOS="1460" WIDTH="138" HEIGHT="23" WC="0.91" CONTENT="Lagutskottets"/><SP WIDTH="14" VPOS="1460" HPOS="321"/>
							<String ID="string_284" HPOS="335" VPOS="1461" WIDTH="115" HEIGHT="18" WC="0.96" CONTENT="betänkande"/><SP WIDTH="13" VPOS="1461" HPOS="450"/>
							<String ID="string_285" HPOS="463" VPOS="1462" WIDTH="38" HEIGHT="18" WC="0.96" CONTENT="N:o"/><SP WIDTH="12" VPOS="1462" HPOS="501"/>
							<String ID="string_286" HPOS="513" VPOS="1462" WIDTH="29" HEIGHT="19" WC="0.96" CONTENT="16."/>
						</TextLine>
					</TextBlock>
				</ComposedBlock>
			</PrintSpace>
		</Page>
	</Layout>
</alto>
