1025 1656
173 128 98 24 flyttades
288 129 41 19 den
345 129 133 19 kommunala
493 130 116 18 rösträtten
619 129 28 25 på
657 129 73 19 landet
744 128 48 20 från
802 129 123 25 fastighets-

173 163 80 20 egarne
269 158 31 20 till
316 158 41 20 alla
372 159 138 19 kommunens
527 159 57 19 skatt
600 159 131 25 erläggande
747 158 142 20 medlemmar.

245 188 40 20 Till
300 189 25 19 de
342 194 98 19 grupper,
458 188 71 20 hvilka
545 189 185 25 fortsättningsvis
746 189 64 19 borde
827 189 98 19 förblifva

173 218 6 18 i
196 218 104 20 afsaknad
323 218 24 20 af
367 218 85 25 politisk
468 220 93 21 rösträtt,
579 219 58 19 torde
653 219 50 19 med
719 219 46 19 skäl
781 218 51 20 böra
847 219 77 19 räknas

173 247 111 25 lagstadde
309 248 129 26 tjenstehjon
454 249 7 19 i
478 248 136 20 husbondens
631 249 48 19 kost
696 249 55 19 samt
767 249 158 24 gemenskapen

173 278 35 18 vid
231 278 26 19 de
281 278 71 20 aktiva
374 279 121 24 trupperna.
528 279 49 19 Men
597 279 64 19 dessa
679 279 171 24 begränsningar
866 279 59 19 torde

173 308 39 18 ock
235 314 52 13 vara
311 308 25 19 de
362 308 54 20 enda
439 308 84 25 nödiga.
556 308 59 20 Dock
638 309 41 19 kan
696 314 49 14 man
762 309 56 19 sätta
833 309 7 18 i
856 308 67 25 fråga,

173 337 104 20 huruvida
292 338 45 19 icke
354 339 13 19 t.
386 344 30 14 ex.
434 338 24 20 af
472 338 26 20 de
514 338 28 25 på
557 338 72 20 landet
644 339 86 19 bosatta
745 338 128 26 tjenstemän
888 344 35 19 po-

173 367 203 25 lismyndigheterna
399 368 63 19 borde
484 368 48 19 från
551 369 86 19 rösträtt
652 368 105 20 uteslutas
774 369 55 19 samt
844 368 80 20 sådana

173 397 127 25 tjenstemän
317 404 45 13 som
378 398 86 20 domare
481 398 40 19 och
537 398 71 20 läkare
624 398 67 20 hellre
708 398 77 20 räknas
802 398 30 19 till
843 398 80 24 preste-

173 426 90 24 ståndet,
288 433 48 14 men
360 428 69 19 denna
453 428 62 24 fråga
533 428 36 19 må
584 428 39 19 här
638 428 82 20 lemnas
737 428 13 19 å
765 428 51 19 sido.
847 427 77 20 Likaså

172 456 35 20 må
221 458 105 24 yrkandet
341 464 34 12 om
390 458 85 24 politisk
496 458 88 19 rösträtt
599 458 33 19 för
648 458 102 24 myndiga
766 458 95 24 qvinnor,
878 463 45 14 som

172 487 7 19 i
194 487 134 20 kommunala
352 488 181 24 angelägenheter
557 494 41 18 ega
614 489 93 22 rösträtt,
725 488 38 19 här
778 488 81 19 lemnas
875 488 48 19 obe-

172 517 54 23 rörd,
244 517 53 19 dock
314 518 66 18 under
396 518 153 19 framhållande
566 518 23 19 af
604 518 49 19 dess
670 517 147 25 rättmätighet
831 517 40 19 och
886 517 37 19 bil-

172 546 73 25 lighet.
277 547 32 19 En
332 547 56 25 dylik
404 548 90 24 ändring
510 548 24 18 af
549 548 25 19 de
591 548 105 19 allmänna
712 548 94 18 vilkoren
822 547 33 19 för
871 548 52 18 röst-

172 576 69 20 rätten
256 577 65 19 borde
345 577 99 25 gifvetvis
468 577 91 19 hänföra
582 578 34 24 sig
631 578 31 19 till
678 578 54 19 både
749 578 35 18 det
800 577 67 25 tredje
883 577 39 19 och

172 606 35 20 det
223 606 67 26 fjerde
307 606 89 20 ståndet.

244 636 75 20 Såsom
335 637 69 24 grund
420 637 32 19 för
468 637 181 25 uppskattningen
666 637 24 19 af
699 638 40 18 den
751 637 62 19 säkra
823 637 98 22 utkomst,

172 666 85 20 hvilken
281 666 38 20 bör
341 668 77 23 utgöra
442 667 67 19 vilkor
525 667 33 19 för
574 667 40 19 den
629 667 100 25 politiska
745 667 120 22 rösträtten,
881 666 42 19 kan

171 695 28 25 på
223 696 72 20 landet
317 697 46 19 icke
380 697 108 19 användas
504 697 41 19 den
561 697 135 19 kommunala
711 697 169 23 beskattningen,
898 696 25 19 så

171 725 63 25 länge
251 726 41 20 den
308 726 44 20 står
367 726 28 25 på
412 727 32 19 sin
461 727 122 19 nuvarande
600 727 35 19 fot.
669 726 75 20 Dertill
755 727 23 19 är
790 727 34 19 det
835 727 6 18 i
852 726 71 19 lands-

170 756 61 19 orten
255 756 97 24 gällande
376 756 253 25 beskattningssystemet
652 756 72 20 alltför
746 756 90 24 brokigt.
874 756 48 19 Men

170 785 58 20 detta
252 786 75 19 hinder
351 786 32 19 för
407 786 196 24 åvägabringandet
619 786 24 20 af
657 787 26 19 de
701 786 122 24 föreslagna
840 786 81 19 ändrin-

170 820 68 19 garna
254 816 126 23 försvinner,
398 822 33 13 om
448 816 40 19 den
504 816 31 20 till
551 816 120 20 Ständerna
687 816 78 20 aflåtna
781 815 78 25 nådiga
875 821 46 19 pro-

169 845 120 24 positionen
313 846 110 24 angående
445 846 90 24 ändring
552 846 23 19 af
589 846 282 24 kommunalförfattningen,
888 845 32 19 så-

170 880 45 14 som
231 875 37 19 det
284 876 23 19 är
323 876 31 19 att
369 876 88 24 hoppas,
474 876 75 18 vinner
565 876 127 19 ständernas
709 876 65 19 bifall.
807 875 32 19 Då
855 875 66 24 enligt

169 904 70 20 denna
258 906 130 24 proposition
410 906 63 19 äfven
489 906 6 18 i
511 906 214 19 landskommunerna
742 905 75 19 endast
832 905 41 19 den
889 904 31 20 år-

169 934 44 24 liga
235 935 120 19 inkomsten
375 936 81 18 komme
474 936 30 19 att
519 936 77 24 läggas
613 936 30 19 till
659 936 70 24 grund
745 936 33 18 för
793 934 127 20 kommunal-

168 964 164 25 beskattningen
356 966 55 18 samt
434 966 33 18 för
483 966 58 18 detta
557 965 97 19 ändamål
670 965 132 25 uppskattas,
819 970 51 14 vore
886 965 36 19 det

168 994 39 19 lätt
231 995 30 19 att
285 994 106 20 fastställa
412 1000 26 14 en
462 995 24 19 så
506 995 70 19 kallad
593 1001 76 13 census
688 995 51 19 eller
754 995 36 19 det
805 994 70 24 lägsta
890 995 30 18 in-

168 1024 154 25 komstbelopp,
346 1030 45 13 som
414 1025 117 24 berättigar
553 1025 29 18 till
598 1025 85 24 politisk
699 1021 92 22 rösträtt.
825 1024 95 19 Gränsen

168 1053 33 19 för
222 1053 105 20 valrätten
350 1054 65 19 borde
439 1054 27 19 då
488 1055 122 24 lämpligast
631 1054 66 20 blifva
713 1054 118 19 oberoende
848 1053 23 19 af
885 1054 36 18 det

167 1083 125 20 varierande
315 1084 135 19 kommunala
472 1084 103 19 skattöret
591 1084 40 19 och
647 1084 69 24 sagda
732 1084 65 24 gräns
812 1083 108 24 uttryckli-

167 1117 43 20 gen
225 1113 129 20 bestämmas
371 1114 34 19 vid
422 1114 106 24 landtdag.
562 1114 71 24 Enligt
649 1113 39 20 vår
704 1113 57 25 åsigt
775 1113 64 20 borde
851 1113 69 19 denna

167 1143 66 23 gräns
257 1143 46 19 icke
327 1143 119 25 öfverstiga
470 1145 41 18 200
535 1144 65 19 mark.
633 1143 44 20 Och
702 1143 27 20 då
745 1143 71 19 såsom
832 1143 87 24 gräns
907 1139 15 33 i

167 1172 101 19 städerna
292 1173 23 18 är
338 1173 99 19 faststäld
461 1179 26 13 en
504 1173 54 24 årlig
573 1174 92 19 inkomst
681 1173 25 20 af
720 1174 116 18 400--800
852 1173 66 22 mark,

166 1202 60 19 torde
250 1202 27 25 på
300 1203 146 24 landsbygden
471 1209 26 13 en
518 1203 66 24 högre
601 1209 78 13 census
696 1204 27 18 än
740 1205 42 17 400
798 1203 59 18 mark
873 1203 46 18 icke

165 1231 72 20 kunna
253 1232 134 19 bestämmas.

237 1261 38 20 Om
291 1261 89 20 sålunda
396 1263 41 18 den
452 1263 135 19 kommunala
603 1263 117 19 rösträtten
736 1261 63 20 äfven
810 1261 28 25 på
848 1261 72 20 landet

166 1291 67 19 skulle
255 1292 93 24 grundas
372 1291 28 26 på
423 1292 41 19 den
479 1292 134 20 kommunala
628 1292 172 24 beskattningen,
818 1291 49 19 fölle
883 1292 37 19 det

165 1320 35 25 sig
224 1321 64 20 äfven
310 1321 39 20 lätt
373 1323 30 18 att
425 1321 28 25 på
476 1322 69 24 grund
561 1322 24 19 af
599 1322 123 19 skattörena
737 1321 27 25 på
780 1327 81 13 samma
877 1321 42 19 sätt

166 1355 45 14 som
227 1351 7 18 i
251 1351 101 20 städerna
368 1352 94 19 anordna
478 1357 26 14 en
520 1352 106 19 röstskala
641 1352 7 19 i
664 1352 37 19 det
717 1351 43 23 fall,
779 1351 30 19 att
825 1357 25 13 en
862 1351 57 24 dylik

166 1380 56 19 ännu
239 1381 92 24 ansåges
347 1381 35 19 vid
398 1381 62 20 valen
476 1381 30 20 till
517 1381 159 20 Bondeständet
687 1381 99 24 behöflig.
819 1381 100 18 Förutom
