1017 1656
112 121 185 31 (Öfversättning).

337 189 312 28 Petitionsmemorial.

256 249 114 36 Bondest.
622 253 44 23 N:o
683 254 38 22 62.

246 575 57 22 Till
319 576 179 21 Hedervärda
514 576 217 21 Bondeståndet.

184 637 41 19 Vid
247 637 51 20 flere
317 636 131 25 föregående
467 637 129 24 landtdagar
611 638 39 19 har
665 637 60 20 inom
741 637 37 19 det
793 637 71 19 heder-

113 664 67 19 värda
199 663 93 20 Ståndet
306 664 76 19 väckts
398 664 116 24 petitioner
530 669 36 14 om
580 664 165 25 upphäfvandet
760 663 23 20 af
796 664 68 19 betes-

113 691 89 19 skatten
213 690 13 19 å
240 691 97 19 kronans
352 691 162 24 skogsmarker,
528 696 52 15 men
596 691 90 20 oaktadt
700 691 66 19 dessa
780 691 83 24 petitio-

113 723 37 14 ner
173 717 33 20 vid
226 718 185 20 remissdebatten
431 718 23 19 af
467 717 92 21 Ståndet
574 718 72 20 blifvit
660 717 27 25 på
702 718 37 20 det
754 718 110 19 varmaste

113 744 152 25 understödda,
284 745 39 19 har
343 745 159 20 vederbörande
522 746 87 18 utskott
627 745 67 20 likväl
710 745 47 19 icke
772 745 92 19 behand-

112 772 31 19 lat
162 772 120 19 desamma.
311 772 29 19 Af
358 772 108 19 särskilda
485 772 141 24 medborgare
641 772 72 19 dertill
728 772 136 24 uppfordrad,

112 799 38 19 har
168 799 37 23 jag
226 799 45 19 sett
290 799 46 23 mig
351 800 97 22 tvungen
463 800 34 18 att
511 798 57 25 ånyo
584 800 95 23 upptaga
693 798 85 25 frågan,
793 798 71 20 denna

113 825 57 24 gång
186 826 6 18 i
207 826 55 24 hopp
278 831 36 14 om
329 826 70 19 bättre
414 824 117 26 framgång
545 826 33 19 för
592 826 138 19 densamma.

183 852 79 24 Hvarje
282 852 146 25 jordbrukare,
450 853 66 19 hvars
538 858 52 18 egor
611 854 80 22 gränsa
713 852 33 20 till
768 852 96 20 kronans

112 879 92 24 marker,
220 879 75 24 klagar
310 880 60 19 öfver
384 880 42 18 den
441 880 123 24 olägenhet,
580 885 48 14 som
643 878 97 26 uppstår,
756 879 62 19 deraf
831 880 33 18 att

111 906 56 19 hans
182 906 88 24 boskap,
286 906 90 20 oaktadt
390 906 42 20 han
448 906 40 20 har
501 906 131 24 tillräckliga
646 906 156 24 betesmarker,
817 906 47 20 icke

111 933 48 19 fritt
187 933 43 19 kan
252 932 27 25 gå
300 932 27 25 på
349 933 55 24 bete,
426 934 92 18 emedan
540 934 97 19 kronans
658 934 87 19 marker
766 932 98 24 omgifva

111 964 81 19 egorna
200 960 40 19 och
248 960 46 19 ofta
302 960 88 20 sträcka
398 960 34 24 sig
440 961 14 18 t.
464 966 19 14 o.
492 966 28 14 m.
529 960 57 20 ända
593 961 22 19 in
625 959 24 25 på
654 960 170 24 jordbrukarens
830 959 33 20 od-

112 987 47 19 lade
174 987 92 19 marker.
294 987 159 19 Jordbrukaren
470 988 38 18 har
522 986 94 21 sälunda
630 987 92 19 försatts
737 987 7 19 i
758 987 37 19 det
810 987 53 24 läge,

112 1014 32 19 att
160 1014 42 19 han
218 1014 47 19 icke
280 1016 23 17 är
318 1014 5 19 i
340 1014 84 19 tillfälle
440 1014 34 19 att
487 1014 48 19 fritt
549 1014 100 24 begagna
664 1014 49 19 sina
728 1018 57 20 egna
795 1014 68 19 betes-

111 1040 92 25 marker,
218 1041 32 23 ity
266 1041 33 19 att
317 1046 26 14 en
354 1041 115 24 möjlighet
479 1041 115 23 föreligger
604 1042 32 18 att
647 1042 55 18 hans
714 1040 82 24 boskap
807 1040 56 20 skall

113 1068 88 18 beträda
220 1068 95 19 kronans
330 1068 68 19 mark.
427 1067 135 25 Visserligen
578 1068 72 19 kunde
665 1068 61 19 detta
740 1067 124 20 förhindras

112 1100 79 18 genom
206 1094 148 20 anställandet
368 1094 24 20 af
405 1094 96 25 vallhjon
516 1095 52 19 eller
583 1095 149 23 anbringande
748 1094 23 20 af
784 1094 79 24 hägna-

112 1122 42 23 der,
175 1126 51 15 men
246 1120 12 20 ä
273 1126 41 15 ena
329 1122 62 19 sidan
406 1121 72 20 skulle
493 1122 148 19 kostnaderna
655 1122 73 19 härför
744 1121 67 19 blifva
826 1121 37 19 alt-

110 1148 33 19 för
165 1148 138 24 betungande
326 1148 6 19 i
347 1147 61 25 fråga
423 1154 36 14 om
480 1148 136 20 vidsträckta
628 1147 153 25 jordomräden
797 1148 39 19 och
851 1147 13 20 ä

111 1175 67 19 andra
197 1175 61 19 sidan
274 1177 37 17 äro
326 1176 132 19 hemmanen
474 1174 27 26 pä
516 1175 25 19 de
557 1176 63 24 orter,
636 1180 48 15 som
700 1176 39 18 här
754 1174 65 25 afses,
834 1175 30 19 in-

111 1202 75 19 delade
201 1202 7 19 i
223 1201 25 20 sä
262 1201 49 20 smä
326 1202 88 24 skiften,
430 1202 33 19 att
478 1201 103 25 vallgäng
595 1202 47 20 icke
657 1204 24 18 är
696 1202 82 24 möjlig.

183 1229 45 19 Den
243 1229 63 23 ringa
320 1229 99 19 inkomst
429 1229 152 19 betesskatten
592 1229 112 24 inbringar
715 1229 83 19 kronan
810 1228 54 20 mot-

111 1260 76 14 svarar
201 1256 47 19 icke
263 1256 41 19 den
320 1256 68 24 tunga
403 1256 40 19 och
458 1256 26 19 de
500 1256 141 24 olägenheter
656 1256 89 19 skatten
762 1254 102 20 äsamkar

110 1282 25 20 de
151 1282 105 24 enskilda,
272 1283 39 19 och
327 1283 113 19 dessutom
456 1282 70 24 gifver
540 1283 130 19 densamma
683 1282 83 25 upphof
775 1282 33 19 till
820 1282 44 21 ota-

111 1309 43 24 liga
168 1308 147 25 rättegängar,
326 1310 74 18 hvilka
410 1310 48 18 icke
467 1310 65 19 hafva
540 1310 34 18 sin
585 1310 69 23 grund
664 1310 31 19 uti
704 1310 32 18 ett
744 1308 120 25 uppsätligt

111 1336 165 20 ofverträdande
292 1336 23 20 af
328 1336 106 23 förbudet,
449 1337 53 19 utan
518 1336 92 20 fastmer
620 1336 32 20 uti
662 1336 157 25 omöjligheten
831 1336 33 19 att

110 1363 66 19 ställa
190 1363 34 24 sig
238 1363 125 20 detsamma
378 1363 33 19 till
426 1363 154 25 efterrättelse,
595 1363 140 20 alidenstund
751 1363 111 24 boskapen

111 1390 23 19 af
148 1395 26 14 en
190 1390 96 24 tillfällig
301 1390 119 24 anledning
435 1390 100 19 beträder
549 1391 83 18 kronan
643 1390 97 23 tillhörig
751 1389 61 20 mark
823 1389 39 20 och

112 1417 74 19 därvid
202 1417 127 19 observeras
344 1417 24 19 af
381 1417 252 24 kronoskogvaktarene.
