1042 1656
230 132 83 22 Ständ.
328 132 52 22 Pet.
395 144 28 3 —
439 131 170 23 Petitionsbet.
624 132 43 22 N:o
682 131 37 22 60.
838 132 12 18 3

95 201 33 19 att
152 201 72 19 staten
246 198 129 28 lämpligast
398 198 76 21 kunde
496 198 140 21 understöda
658 197 85 22 sådana
764 196 88 28 företag

94 240 83 21 genom
192 235 33 19 att
239 233 36 21 för
291 232 113 22 desamma
419 232 83 28 bevilja
514 232 136 28 tilläggslån,
661 232 91 22 utöfver
764 231 28 21 de
802 230 50 22 från

95 267 75 29 privat
184 267 45 21 håll
240 267 106 25 erhållna,
358 267 96 21 sålunda
465 269 32 19 att
508 266 50 22 hela
569 266 161 26 lånesumman,
742 264 110 23 inclusive

96 302 121 25 statslånet,
224 301 143 22 motsvarade
375 302 68 28 högst
450 304 34 18 tre
493 301 135 29 fjärdedelar
637 301 23 21 af
667 300 185 30 uppskattnings-

96 336 84 22 värdet.
211 336 126 28 Angående
354 336 173 28 ifrågavarande
545 336 37 21 lån
598 344 26 13 ur
640 335 130 23 statsmedel
784 335 69 22 hafva

97 371 126 21 Ständerna
238 371 60 21 velat
314 372 74 21 såsom
403 370 36 22 sin
453 370 60 22 åsikt
526 371 71 21 uttala
612 373 33 19 att
660 370 114 22 desamma
783 370 70 22 borde

96 405 100 28 utgifvas
215 405 80 22 endast
315 405 35 21 för
365 406 144 28 uppförande
524 406 25 21 af
562 405 208 22 arbetarebostäder
785 404 8 21 i
807 405 45 21 lan-

96 440 50 21 dets
170 440 83 25 städer;
276 442 26 26 ty
325 440 36 21 för
383 440 118 21 arbetaren
520 442 30 27 på
568 440 77 21 landet
660 440 65 21 torde
740 440 38 21 det
792 439 8 22 i
816 439 36 21 all-

96 475 91 21 mänhet
206 475 19 28 ej
249 482 55 14 vara
325 475 52 21 med
396 475 130 29 synnerliga
546 475 140 28 svårigheter
701 474 105 22 förenadt
821 476 33 19 att

99 509 109 22 förskaffa
223 509 35 29 sig
273 509 93 28 lämplig
381 509 87 22 bostad.

165 545 32 20 På
213 544 75 29 grund
304 544 25 21 af
342 544 38 22 det
395 545 96 21 anförda
509 545 23 21 få
547 544 127 22 Ständerna
689 543 165 29 underdånigst

97 579 99 22 anhålla:

371 633 32 20 att
418 632 23 21 åt
456 631 60 29 bolag
529 631 50 22 eller
588 631 135 28 föreningar,
734 638 44 15 som
788 631 66 28 hafvu

303 666 33 21 till
357 666 88 29 uppgift
467 666 145 28 uppförandet
630 667 27 27 af
671 666 72 22 sunda
758 666 96 21 bostäder

302 701 35 28 för
362 701 247 28 arbetarebefolkningen
634 701 8 22 i
664 701 85 22 landets
775 701 78 26 städer,

303 737 70 26 måtte,
391 736 82 27 utöfver
496 736 26 21 de
536 735 38 22 län
589 735 88 29 bolagen
692 735 50 22 eller
756 735 97 28 förenin-

302 777 71 21 garna
395 770 87 22 kunnat
501 777 25 15 ur
539 770 87 28 privata
640 770 69 23 källor
724 770 88 27 erhälla,
826 777 28 14 ur

303 805 113 22 allmänna
431 805 119 22 statsmedel
565 806 43 21 mot
620 805 235 28 inteckningssäkerhet

303 839 96 28 utgifvas
415 839 129 29 tilläggslän,
560 840 149 22 motsvarande
724 839 94 29 ungefär
828 847 26 14 en

304 873 101 28 tredjedel
420 874 27 28 af
458 874 140 29 fastighetens
613 874 241 29 uppskattningsvärde,

303 909 25 21 sä
343 910 32 20 att
390 909 35 21 det
439 909 164 28 sammanlagda
618 909 142 28 länebeloppet
769 909 85 27 uppgår

304 943 32 21 till
351 943 62 28 högst
428 943 28 21 75
464 944 27 27 /,
507 944 26 27 af
544 944 69 28 sagda
628 944 71 22 värde.

167 1006 109 22 Finlands
293 1006 96 22 Ständer
405 1006 129 22 framhärda
549 1010 41 18 etc.

168 1070 152 28 Helsingfors,
337 1070 44 22 den
396 1073 27 19 29
439 1071 46 28 Maj
504 1073 60 19 1897.
