1028 1656
272 94 279 45 Petitionsbetänkande
566 98 41 23 N:o
623 99 39 22 59.

382 415 153 22 Allmänna
545 413 302 30 petitionsutskottets

311 451 185 22 betänkande
521 451 46 23 N:o
587 451 29 22 27
632 451 55 22 med
712 449 136 28 anledning

312 487 28 22 af
353 487 91 22 tvenne
459 487 41 22 till
515 487 117 28 Borgare-
643 487 46 22 och
700 485 148 24 Bondestån-

313 523 48 22 den
380 523 141 22 inlemnade
537 522 256 30 petitionsmemorial,
809 521 40 22 det

314 565 46 16 ena
376 559 125 28 angående
517 559 218 23 folkskolelärares
751 558 49 23 rätt
815 557 32 23 att

313 595 10 22 i
338 595 65 22 vissa
418 595 46 22 fall
479 595 80 22 räkna
576 595 119 28 tjänsteår
711 595 10 22 i
736 594 114 23 afseende

313 631 14 23 å
335 631 216 29 löneförhöjning,
559 631 41 23 det
610 631 78 23 andra
698 630 152 24 beträffande

314 667 217 23 folkskolelärares
547 667 118 28 rättighet
680 667 36 23 att
726 666 124 28 samtidigt

314 703 92 23 ansöka
421 703 60 23 flere
495 703 195 29 läraretjänster.

172 763 166 23 (Borgareståndet
350 774 23 2 —
384 763 42 19 Pet.
438 768 53 14 mem.
504 763 35 18 N:o
552 764 29 17 48.
606 763 140 19 Bondeståndet
758 773 22 3 —

374 793 41 19 Pet.
428 798 53 14 mem.
493 793 34 18 N:o
540 794 38 22 74.)

173 853 98 29 Bilagda
296 853 225 29 petitionsmemorial
548 853 70 22 hafva
638 853 28 22 af
680 853 109 27 Borgare-
809 852 43 22 och

103 888 175 23 Bondestånden
293 889 138 22 remitterats
441 889 36 22 till
487 889 124 22 Allmänna
620 889 232 29 petitionsutskottets

103 924 145 30 behandling.

174 1034 34 21 De
229 1033 27 22 af
272 1033 152 29 petitionären
444 1033 8 22 i
469 1034 173 22 Bondeståndet
656 1033 137 22 framhållna
809 1032 45 22 olä-

105 1069 144 29 genheterna,
266 1069 80 23 hvilka
360 1071 85 27 uppstå
460 1069 36 22 till
511 1069 58 29 följd
585 1069 26 22 af
624 1072 34 19 att
670 1068 184 23 folkskolelärare

106 1107 56 27 göra
181 1104 59 22 bruk
256 1104 26 22 af
294 1104 36 22 sin
345 1105 110 27 rättighet
471 1107 34 19 att
520 1105 119 29 samtidigt
654 1105 86 22 ansöka
755 1104 53 22 flere
822 1104 33 22 lä-

104 1140 150 30 raretjenster,
270 1141 72 23 hafva
364 1141 70 22 redan
454 1141 73 22 under
545 1149 28 14 en
591 1141 79 29 längre
688 1140 34 22 tid
743 1140 62 29 gjort
820 1140 36 28 sig

105 1178 115 21 kännbara
235 1177 8 22 i
258 1179 34 20 ett
308 1177 62 22 antal
385 1177 200 22 landskommuner
599 1177 36 22 till
650 1177 92 30 förfång
752 1176 36 22 för
797 1176 59 22 folk-

106 1213 116 22 skolornas
237 1213 156 29 regelbundna
408 1213 151 23 verksamhet.

175 1249 200 29 Förordningarna
389 1249 96 22 rörande
495 1249 233 23 folkskoleväsendets
742 1248 115 23 ordnande

107 1285 114 22 innehöllo
237 1285 98 29 tidigare
353 1285 55 29 inga
423 1285 174 28 bestämningar,
614 1292 48 15 som
678 1285 73 22 skulle
766 1284 92 22 hindrat

107 1321 185 22 folkskolelärare
315 1323 35 20 att
372 1321 95 22 hvilken
489 1321 35 22 tid
542 1321 27 22 af
581 1323 49 20 året
645 1328 49 15 som
709 1321 60 22 helst
783 1320 75 22 lemna

108 1356 35 22 sin
167 1357 59 29 plats
252 1356 36 23 för
312 1359 36 19 att
363 1357 102 22 tillträda
480 1364 29 15 en
524 1357 72 29 tjänst
611 1357 39 22 vid
665 1364 29 15 en
709 1364 75 15 annan
799 1356 59 22 folk-

107 1392 70 22 skola.
215 1393 82 22 Denna
323 1393 112 28 rättighet
459 1392 146 30 begagnades
628 1393 43 22 ock
694 1393 27 22 af
740 1393 87 21 lärarne
850 1391 8 22 i

177 1440 109 19 Allmänna
296 1441 185 23 petitionsutskottels
493 1441 118 18 betänkande
622 1441 38 18 N:o
671 1441 31 18 27.
