<?xml version="1.0" encoding="UTF-8"?>
<alto xmlns="http://www.loc.gov/standards/alto/ns-v3#" xmlns:xlink="http://www.w3.org/1999/xlink" xmlns:xsi="http://www.w3.org/2001/XMLSchema-instance" xsi:schemaLocation="http://www.loc.gov/standards/alto/ns-v3# http://www.loc.gov/alto/v3/alto-3-0.xsd">
	<Description>
		<MeasurementUnit>pixel</MeasurementUnit>
		<sourceImageInformation>
			<fileName>/tmp/tess__j6hi0a3_input.PNG</fileName>
		</sourceImageInformation>
		<OCRProcessing ID="OCR_0">
			<ocrProcessingStep>
				<processingSoftware>
					<softwareName>tesseract 5.3.4</softwareName>
				</processingSoftware>
			</ocrProcessingStep>
		</OCRProcessing>
	</Description>
	<Layout>
		<Page WIDTH="1003" HEIGHT="1656" PHYSICAL_IMG_NR="0" ID="page_0">
			<PrintSpace HPOS="0" VPOS="0" WIDTH="1003" HEIGHT="1656">
				<ComposedBlock ID="cblock_0" HPOS="298" VPOS="165" WIDTH="312" HEIGHT="28">
					<TextBlock ID="block_0" HPOS="298" VPOS="165" WIDTH="312" HEIGHT="28">
						<TextLine ID="line_0" HPOS="298" VPOS="165" WIDTH="312" HEIGHT="28">
							<String ID="string_0" HPOS="298" VPOS="165" WIDTH="312" HEIGHT="28" WC="0.91" CONTENT="Petitionsmemorial."/>
						</TextLine>
					</TextBlock>
				</ComposedBlock>
				<ComposedBlock ID="cblock_1" HPOS="184" VPOS="236" WIDTH="537" HEIGHT="23">
					<TextBlock ID="block_1" HPOS="184" VPOS="236" WIDTH="537" HEIGHT="23">
						<TextLine ID="line_1" HPOS="184" VPOS="236" WIDTH="537" HEIGHT="23">
							<String ID="string_1" HPOS="184" VPOS="236" WIDTH="72" HEIGHT="22" WC="0.92" CONTENT="Ridd."/><SP WIDTH="17" VPOS="236" HPOS="256"/>
							<String ID="string_2" HPOS="273" VPOS="242" WIDTH="22" HEIGHT="17" WC="0.93" CONTENT="o."/><SP WIDTH="17" VPOS="242" HPOS="295"/>
							<String ID="string_3" HPOS="312" VPOS="236" WIDTH="85" HEIGHT="23" WC="0.92" CONTENT="Adeln."/><SP WIDTH="225" VPOS="236" HPOS="397"/>
							<String ID="string_4" HPOS="622" VPOS="236" WIDTH="45" HEIGHT="23" WC="0.95" CONTENT="N:o"/><SP WIDTH="16" VPOS="236" HPOS="667"/>
							<String ID="string_5" HPOS="683" VPOS="237" WIDTH="38" HEIGHT="22" WC="0.76" CONTENT="24."/>
						</TextLine>
					</TextBlock>
				</ComposedBlock>
				<ComposedBlock ID="cblock_2" HPOS="136" VPOS="589" WIDTH="632" HEIGHT="29">
					<TextBlock ID="block_2" HPOS="136" VPOS="589" WIDTH="632" HEIGHT="29">
						<TextLine ID="line_2" HPOS="136" VPOS="589" WIDTH="632" HEIGHT="29">
							<String ID="string_6" HPOS="136" VPOS="589" WIDTH="53" HEIGHT="21" WC="0.93" CONTENT="Till"/><SP WIDTH="18" VPOS="589" HPOS="189"/>
							<String ID="string_7" HPOS="207" VPOS="589" WIDTH="159" HEIGHT="29" WC="0.92" CONTENT="Höglofliga"/><SP WIDTH="15" VPOS="589" HPOS="366"/>
							<String ID="string_8" HPOS="381" VPOS="589" WIDTH="216" HEIGHT="29" WC="0.92" CONTENT="Ridderskapet"/><SP WIDTH="15" VPOS="589" HPOS="597"/>
							<String ID="string_9" HPOS="612" VPOS="589" WIDTH="48" HEIGHT="21" WC="0.92" CONTENT="och"/><SP WIDTH="15" VPOS="589" HPOS="660"/>
							<String ID="string_10" HPOS="675" VPOS="589" WIDTH="93" HEIGHT="21" WC="0.92" CONTENT="Adeln."/>
						</TextLine>
					</TextBlock>
				</ComposedBlock>
				<ComposedBlock ID="cblock_3" HPOS="67" VPOS="683" WIDTH="768" HEIGHT="772">
					<TextBlock ID="block_3" HPOS="76" VPOS="683" WIDTH="754" HEIGHT="176">
						<TextLine ID="line_3" HPOS="148" VPOS="683" WIDTH="682" HEIGHT="26">
							<String ID="string_11" HPOS="148" VPOS="684" WIDTH="39" HEIGHT="18" WC="0.96" CONTENT="Vid"/><SP WIDTH="13" VPOS="684" HPOS="187"/>
							<String ID="string_12" HPOS="200" VPOS="684" WIDTH="45" HEIGHT="19" WC="0.93" CONTENT="1891"/><SP WIDTH="14" VPOS="684" HPOS="245"/>
							<String ID="string_13" HPOS="259" VPOS="685" WIDTH="32" HEIGHT="18" WC="0.92" CONTENT="års"/><SP WIDTH="13" VPOS="685" HPOS="291"/>
							<String ID="string_14" HPOS="304" VPOS="684" WIDTH="98" HEIGHT="25" WC="0.91" CONTENT="landtdag"/><SP WIDTH="12" VPOS="684" HPOS="402"/>
							<String ID="string_15" HPOS="414" VPOS="684" WIDTH="84" HEIGHT="25" WC="0.92" CONTENT="ingäfvo"/><SP WIDTH="13" VPOS="684" HPOS="498"/>
							<String ID="string_16" HPOS="511" VPOS="685" WIDTH="117" HEIGHT="20" WC="0.92" CONTENT="Ständerna,"/><SP WIDTH="10" VPOS="685" HPOS="628"/>
							<String ID="string_17" HPOS="638" VPOS="685" WIDTH="6" HEIGHT="17" WC="0.93" CONTENT="i"/><SP WIDTH="10" VPOS="685" HPOS="644"/>
							<String ID="string_18" HPOS="654" VPOS="685" WIDTH="108" HEIGHT="23" WC="0.96" CONTENT="anledning"/><SP WIDTH="8" VPOS="685" HPOS="762"/>
							<String ID="string_19" HPOS="770" VPOS="683" WIDTH="22" HEIGHT="19" WC="0.96" CONTENT="af"/><SP WIDTH="7" VPOS="683" HPOS="792"/>
							<String ID="string_20" HPOS="799" VPOS="684" WIDTH="31" HEIGHT="17" WC="0.96" CONTENT="ett"/>
						</TextLine>
						<TextLine ID="line_4" HPOS="77" VPOS="713" WIDTH="753" HEIGHT="25">
							<String ID="string_21" HPOS="77" VPOS="714" WIDTH="23" HEIGHT="18" WC="0.93" CONTENT="af"/><SP WIDTH="15" VPOS="714" HPOS="100"/>
							<String ID="string_22" HPOS="115" VPOS="714" WIDTH="76" HEIGHT="24" WC="0.92" CONTENT="Biskop"/><SP WIDTH="17" VPOS="714" HPOS="191"/>
							<String ID="string_23" HPOS="208" VPOS="714" WIDTH="23" HEIGHT="18" WC="0.96" CONTENT="G."/><SP WIDTH="12" VPOS="714" HPOS="231"/>
							<String ID="string_24" HPOS="243" VPOS="714" WIDTH="116" HEIGHT="19" WC="0.96" CONTENT="Johansson"/><SP WIDTH="13" VPOS="714" HPOS="359"/>
							<String ID="string_25" HPOS="372" VPOS="714" WIDTH="7" HEIGHT="18" WC="0.93" CONTENT="i"/><SP WIDTH="13" VPOS="714" HPOS="379"/>
							<String ID="string_26" HPOS="392" VPOS="715" WIDTH="156" HEIGHT="18" WC="0.92" CONTENT="Prästeständet"/><SP WIDTH="13" VPOS="715" HPOS="548"/>
							<String ID="string_27" HPOS="561" VPOS="715" WIDTH="60" HEIGHT="18" WC="0.96" CONTENT="väckt"/><SP WIDTH="13" VPOS="715" HPOS="621"/>
							<String ID="string_28" HPOS="634" VPOS="715" WIDTH="82" HEIGHT="23" WC="0.96" CONTENT="förslag,"/><SP WIDTH="13" VPOS="715" HPOS="716"/>
							<String ID="string_29" HPOS="729" VPOS="714" WIDTH="32" HEIGHT="18" WC="0.96" CONTENT="till"/><SP WIDTH="11" VPOS="714" HPOS="761"/>
							<String ID="string_30" HPOS="772" VPOS="713" WIDTH="58" HEIGHT="18" WC="0.94" CONTENT="Hans"/>
						</TextLine>
						<TextLine ID="line_5" HPOS="77" VPOS="743" WIDTH="752" HEIGHT="26">
							<String ID="string_31" HPOS="77" VPOS="744" WIDTH="115" HEIGHT="24" WC="0.95" CONTENT="Kejserliga"/><SP WIDTH="17" VPOS="744" HPOS="192"/>
							<String ID="string_32" HPOS="209" VPOS="744" WIDTH="97" HEIGHT="24" WC="0.96" CONTENT="Majestät"/><SP WIDTH="19" VPOS="744" HPOS="306"/>
							<String ID="string_33" HPOS="325" VPOS="750" WIDTH="24" HEIGHT="12" WC="0.93" CONTENT="en"/><SP WIDTH="19" VPOS="750" HPOS="349"/>
							<String ID="string_34" HPOS="368" VPOS="744" WIDTH="127" HEIGHT="25" WC="0.91" CONTENT="underdänig"/><SP WIDTH="19" VPOS="744" HPOS="495"/>
							<String ID="string_35" HPOS="514" VPOS="745" WIDTH="86" HEIGHT="23" WC="0.93" CONTENT="petition"/><SP WIDTH="18" VPOS="745" HPOS="600"/>
							<String ID="string_36" HPOS="618" VPOS="745" WIDTH="46" HEIGHT="22" WC="0.91" CONTENT=",det"/><SP WIDTH="17" VPOS="745" HPOS="664"/>
							<String ID="string_37" HPOS="681" VPOS="745" WIDTH="79" HEIGHT="18" WC="0.96" CONTENT="täcktes"/><SP WIDTH="12" VPOS="745" HPOS="760"/>
							<String ID="string_38" HPOS="772" VPOS="743" WIDTH="57" HEIGHT="18" WC="0.96" CONTENT="Hans"/>
						</TextLine>
						<TextLine ID="line_6" HPOS="77" VPOS="773" WIDTH="752" HEIGHT="26">
							<String ID="string_39" HPOS="77" VPOS="773" WIDTH="115" HEIGHT="25" WC="0.94" CONTENT="Kejserliga"/><SP WIDTH="11" VPOS="773" HPOS="192"/>
							<String ID="string_40" HPOS="203" VPOS="774" WIDTH="97" HEIGHT="24" WC="0.96" CONTENT="Majestät"/><SP WIDTH="12" VPOS="774" HPOS="300"/>
							<String ID="string_41" HPOS="312" VPOS="775" WIDTH="7" HEIGHT="17" WC="0.93" CONTENT="i"/><SP WIDTH="12" VPOS="775" HPOS="319"/>
							<String ID="string_42" HPOS="331" VPOS="774" WIDTH="62" HEIGHT="19" WC="0.96" CONTENT="nåder"/><SP WIDTH="13" VPOS="774" HPOS="393"/>
							<String ID="string_43" HPOS="406" VPOS="774" WIDTH="84" HEIGHT="25" WC="0.96" CONTENT="vidtaga"/><SP WIDTH="14" VPOS="774" HPOS="490"/>
							<String ID="string_44" HPOS="504" VPOS="775" WIDTH="73" HEIGHT="24" WC="0.96" CONTENT="åtgärd"/><SP WIDTH="13" VPOS="775" HPOS="577"/>
							<String ID="string_45" HPOS="590" VPOS="775" WIDTH="75" HEIGHT="18" WC="0.96" CONTENT="därhän"/><SP WIDTH="13" VPOS="775" HPOS="665"/>
							<String ID="string_46" HPOS="678" VPOS="776" WIDTH="31" HEIGHT="17" WC="0.93" CONTENT="att"/><SP WIDTH="11" VPOS="776" HPOS="709"/>
							<String ID="string_47" HPOS="720" VPOS="773" WIDTH="109" HEIGHT="19" WC="0.93" CONTENT="undersök-"/>
						</TextLine>
						<TextLine ID="line_7" HPOS="76" VPOS="803" WIDTH="753" HEIGHT="25">
							<String ID="string_48" HPOS="76" VPOS="804" WIDTH="49" HEIGHT="23" WC="0.96" CONTENT="ning"/><SP WIDTH="13" VPOS="804" HPOS="125"/>
							<String ID="string_49" HPOS="138" VPOS="803" WIDTH="103" HEIGHT="24" WC="0.96" CONTENT="angående"/><SP WIDTH="13" VPOS="803" HPOS="241"/>
							<String ID="string_50" HPOS="254" VPOS="803" WIDTH="25" HEIGHT="18" WC="0.96" CONTENT="de"/><SP WIDTH="12" VPOS="803" HPOS="279"/>
							<String ID="string_51" HPOS="291" VPOS="804" WIDTH="197" HEIGHT="21" WC="0.95" CONTENT="missförhållanden,"/><SP WIDTH="14" VPOS="804" HPOS="488"/>
							<String ID="string_52" HPOS="502" VPOS="810" WIDTH="44" HEIGHT="13" WC="0.93" CONTENT="som"/><SP WIDTH="13" VPOS="810" HPOS="546"/>
							<String ID="string_53" HPOS="559" VPOS="804" WIDTH="87" HEIGHT="24" WC="0.91" CONTENT="härflyta"/><SP WIDTH="10" VPOS="804" HPOS="646"/>
							<String ID="string_54" HPOS="656" VPOS="804" WIDTH="22" HEIGHT="18" WC="0.96" CONTENT="af"/><SP WIDTH="6" VPOS="804" HPOS="678"/>
							<String ID="string_55" HPOS="684" VPOS="803" WIDTH="145" HEIGHT="24" WC="0.96" CONTENT="emigrationen"/>
						</TextLine>
						<TextLine ID="line_8" HPOS="76" VPOS="833" WIDTH="729" HEIGHT="26">
							<String ID="string_56" HPOS="76" VPOS="833" WIDTH="67" HEIGHT="18" WC="0.92" CONTENT="blefve"/><SP WIDTH="13" VPOS="833" HPOS="143"/>
							<String ID="string_57" HPOS="156" VPOS="833" WIDTH="103" HEIGHT="19" WC="0.92" CONTENT="värkstäld"/><SP WIDTH="13" VPOS="833" HPOS="259"/>
							<String ID="string_58" HPOS="272" VPOS="834" WIDTH="37" HEIGHT="18" WC="0.97" CONTENT="och"/><SP WIDTH="14" VPOS="834" HPOS="309"/>
							<String ID="string_59" HPOS="323" VPOS="834" WIDTH="77" HEIGHT="25" WC="0.96" CONTENT="förslag"/><SP WIDTH="11" VPOS="834" HPOS="400"/>
							<String ID="string_60" HPOS="411" VPOS="833" WIDTH="33" HEIGHT="19" WC="0.97" CONTENT="till"/><SP WIDTH="14" VPOS="833" HPOS="444"/>
							<String ID="string_61" HPOS="458" VPOS="834" WIDTH="58" HEIGHT="18" WC="0.93" CONTENT="deras"/><SP WIDTH="14" VPOS="834" HPOS="516"/>
							<String ID="string_62" HPOS="530" VPOS="834" WIDTH="129" HEIGHT="24" WC="0.92" CONTENT="afhjälpande"/><SP WIDTH="12" VPOS="834" HPOS="659"/>
							<String ID="string_63" HPOS="671" VPOS="833" WIDTH="134" HEIGHT="19" WC="0.91" CONTENT="utarbetadt*."/>
						</TextLine>
					</TextBlock>
					<TextBlock ID="block_4" HPOS="67" VPOS="863" WIDTH="764" HEIGHT="294">
						<TextLine ID="line_9" HPOS="148" VPOS="863" WIDTH="681" HEIGHT="25">
							<String ID="string_64" HPOS="148" VPOS="863" WIDTH="70" HEIGHT="19" WC="0.92" CONTENT="Sävidt"/><SP WIDTH="16" VPOS="863" HPOS="218"/>
							<String ID="string_65" HPOS="234" VPOS="864" WIDTH="36" HEIGHT="24" WC="0.61" CONTENT="tilli"/><SP WIDTH="12" VPOS="864" HPOS="270"/>
							<String ID="string_66" HPOS="282" VPOS="864" WIDTH="276" HEIGHT="23" WC="0.95" CONTENT="allmänhetens"/><SP WIDTH="-122" VPOS="864" HPOS="558"/>
							<String ID="string_67" HPOS="436" VPOS="859" WIDTH="10" HEIGHT="33" WC="0.39" CONTENT="I"/><SP WIDTH="11" VPOS="859" HPOS="446"/>
							<String ID="string_68" HPOS="457" VPOS="864" WIDTH="101" HEIGHT="23" WC="0.92" CONTENT="kännedom"/><SP WIDTH="19" VPOS="864" HPOS="558"/>
							<String ID="string_69" HPOS="577" VPOS="865" WIDTH="88" HEIGHT="20" WC="0.96" CONTENT="kommit,"/><SP WIDTH="13" VPOS="865" HPOS="665"/>
							<String ID="string_70" HPOS="678" VPOS="863" WIDTH="59" HEIGHT="19" WC="0.93" CONTENT="torde"/><SP WIDTH="12" VPOS="863" HPOS="737"/>
							<String ID="string_71" HPOS="749" VPOS="863" WIDTH="80" HEIGHT="24" WC="0.92" CONTENT="Kejser-"/>
						</TextLine>
						<TextLine ID="line_10" HPOS="67" VPOS="893" WIDTH="762" HEIGHT="26">
							<String ID="string_72" HPOS="67" VPOS="893" WIDTH="54" HEIGHT="26" WC="0.85" CONTENT="liga"/><SP WIDTH="12" VPOS="893" HPOS="121"/>
							<String ID="string_73" HPOS="133" VPOS="893" WIDTH="86" HEIGHT="19" WC="0.96" CONTENT="Senaten"/><SP WIDTH="17" VPOS="893" HPOS="219"/>
							<String ID="string_74" HPOS="236" VPOS="894" WIDTH="7" HEIGHT="17" WC="0.93" CONTENT="i"/><SP WIDTH="16" VPOS="894" HPOS="243"/>
							<String ID="string_75" HPOS="259" VPOS="893" WIDTH="107" HEIGHT="25" WC="0.96" CONTENT="anledning"/><SP WIDTH="17" VPOS="893" HPOS="366"/>
							<String ID="string_76" HPOS="383" VPOS="894" WIDTH="61" HEIGHT="18" WC="0.96" CONTENT="häraf"/><SP WIDTH="16" VPOS="894" HPOS="444"/>
							<String ID="string_77" HPOS="460" VPOS="894" WIDTH="62" HEIGHT="19" WC="0.93" CONTENT="hafva"/><SP WIDTH="18" VPOS="894" HPOS="522"/>
							<String ID="string_78" HPOS="540" VPOS="894" WIDTH="97" HEIGHT="18" WC="0.92" CONTENT="affordrat"/><SP WIDTH="16" VPOS="894" HPOS="637"/>
							<String ID="string_79" HPOS="653" VPOS="894" WIDTH="57" HEIGHT="18" WC="0.93" CONTENT="Hans"/><SP WIDTH="13" VPOS="894" HPOS="710"/>
							<String ID="string_80" HPOS="723" VPOS="893" WIDTH="106" HEIGHT="24" WC="0.96" CONTENT="Majestäts"/>
						</TextLine>
						<TextLine ID="line_11" HPOS="75" VPOS="921" WIDTH="755" HEIGHT="27">
							<String ID="string_81" HPOS="75" VPOS="923" WIDTH="223" HEIGHT="24" WC="0.91" CONTENT="befallningshafvande"/><SP WIDTH="17" VPOS="923" HPOS="298"/>
							<String ID="string_82" HPOS="315" VPOS="924" WIDTH="6" HEIGHT="17" WC="0.96" CONTENT="i"/><SP WIDTH="17" VPOS="924" HPOS="321"/>
							<String ID="string_83" HPOS="338" VPOS="924" WIDTH="25" HEIGHT="18" WC="0.96" CONTENT="de"/><SP WIDTH="18" VPOS="924" HPOS="363"/>
							<String ID="string_84" HPOS="381" VPOS="924" WIDTH="117" HEIGHT="24" WC="0.96" CONTENT="respektive"/><SP WIDTH="18" VPOS="924" HPOS="498"/>
							<String ID="string_85" HPOS="516" VPOS="925" WIDTH="60" HEIGHT="17" WC="0.96" CONTENT="länen"/><SP WIDTH="17" VPOS="925" HPOS="576"/>
							<String ID="string_86" HPOS="593" VPOS="924" WIDTH="99" HEIGHT="19" WC="0.96" CONTENT="särskilda"/><SP WIDTH="15" VPOS="924" HPOS="692"/>
							<String ID="string_87" HPOS="707" VPOS="921" WIDTH="123" HEIGHT="26" WC="0.96" CONTENT="uppgifter"/><SP WIDTH="-11" VPOS="921" HPOS="830"/>
							<String ID="string_88" HPOS="819" VPOS="917" WIDTH="14" HEIGHT="35" WC="0.96" CONTENT="i"/>
						</TextLine>
						<TextLine ID="line_12" HPOS="76" VPOS="952" WIDTH="755" HEIGHT="20">
							<String ID="string_89" HPOS="76" VPOS="955" WIDTH="68" HEIGHT="16" WC="0.96" CONTENT="ämnet"/><SP WIDTH="17" VPOS="955" HPOS="144"/>
							<String ID="string_90" HPOS="161" VPOS="953" WIDTH="37" HEIGHT="18" WC="0.96" CONTENT="och"/><SP WIDTH="17" VPOS="953" HPOS="198"/>
							<String ID="string_91" HPOS="215" VPOS="954" WIDTH="53" HEIGHT="17" WC="0.96" CONTENT="lärer"/><SP WIDTH="17" VPOS="954" HPOS="268"/>
							<String ID="string_92" HPOS="285" VPOS="954" WIDTH="56" HEIGHT="18" WC="0.95" CONTENT="detta"/><SP WIDTH="12" VPOS="954" HPOS="341"/>
							<String ID="string_93" HPOS="353" VPOS="954" WIDTH="92" HEIGHT="18" WC="0.96" CONTENT="material"/><SP WIDTH="13" VPOS="954" HPOS="445"/>
							<String ID="string_94" HPOS="458" VPOS="954" WIDTH="32" HEIGHT="18" WC="0.96" CONTENT="för"/><SP WIDTH="13" VPOS="954" HPOS="490"/>
							<String ID="string_95" HPOS="503" VPOS="954" WIDTH="125" HEIGHT="18" WC="0.96" CONTENT="närvarande"/><SP WIDTH="13" VPOS="954" HPOS="628"/>
							<String ID="string_96" HPOS="641" VPOS="960" WIDTH="48" HEIGHT="12" WC="0.96" CONTENT="vara"/><SP WIDTH="13" VPOS="960" HPOS="689"/>
							<String ID="string_97" HPOS="702" VPOS="953" WIDTH="84" HEIGHT="18" WC="0.96" CONTENT="föremål"/><SP WIDTH="13" VPOS="953" HPOS="786"/>
							<String ID="string_98" HPOS="799" VPOS="952" WIDTH="32" HEIGHT="18" WC="0.96" CONTENT="för"/>
						</TextLine>
						<TextLine ID="line_13" HPOS="75" VPOS="983" WIDTH="756" HEIGHT="25">
							<String ID="string_99" HPOS="75" VPOS="983" WIDTH="138" HEIGHT="24" WC="0.95" CONTENT="bearbetning."/><SP WIDTH="22" VPOS="983" HPOS="213"/>
							<String ID="string_100" HPOS="235" VPOS="983" WIDTH="106" HEIGHT="19" WC="0.96" CONTENT="Huruvida"/><SP WIDTH="12" VPOS="983" HPOS="341"/>
							<String ID="string_101" HPOS="353" VPOS="983" WIDTH="60" HEIGHT="19" WC="0.96" CONTENT="dessa"/><SP WIDTH="17" VPOS="983" HPOS="413"/>
							<String ID="string_102" HPOS="430" VPOS="984" WIDTH="106" HEIGHT="24" WC="0.93" CONTENT="uppgifter"/><SP WIDTH="12" VPOS="984" HPOS="536"/>
							<String ID="string_103" HPOS="548" VPOS="983" WIDTH="62" HEIGHT="25" WC="0.91" CONTENT="gifvit"/><SP WIDTH="12" VPOS="983" HPOS="610"/>
							<String ID="string_104" HPOS="622" VPOS="983" WIDTH="34" HEIGHT="19" WC="0.96" CONTENT="vid"/><SP WIDTH="12" VPOS="983" HPOS="656"/>
							<String ID="string_105" HPOS="668" VPOS="983" WIDTH="80" HEIGHT="19" WC="0.95" CONTENT="handen"/><SP WIDTH="12" VPOS="983" HPOS="748"/>
							<String ID="string_106" HPOS="760" VPOS="984" WIDTH="36" HEIGHT="19" WC="0.95" CONTENT="att,"/><SP WIDTH="9" VPOS="984" HPOS="796"/>
							<String ID="string_107" HPOS="805" VPOS="983" WIDTH="26" HEIGHT="23" WC="0.96" CONTENT="på"/>
						</TextLine>
						<TextLine ID="line_14" HPOS="76" VPOS="1013" WIDTH="755" HEIGHT="24">
							<String ID="string_108" HPOS="76" VPOS="1015" WIDTH="42" HEIGHT="17" WC="0.93" CONTENT="sätt"/><SP WIDTH="17" VPOS="1015" HPOS="118"/>
							<String ID="string_109" HPOS="135" VPOS="1013" WIDTH="112" HEIGHT="19" WC="0.91" CONTENT="Ständerna"/><SP WIDTH="11" VPOS="1013" HPOS="247"/>
							<String ID="string_110" HPOS="258" VPOS="1014" WIDTH="7" HEIGHT="17" WC="0.96" CONTENT="i"/><SP WIDTH="13" VPOS="1014" HPOS="265"/>
							<String ID="string_111" HPOS="278" VPOS="1014" WIDTH="31" HEIGHT="18" WC="0.96" CONTENT="sin"/><SP WIDTH="17" VPOS="1014" HPOS="309"/>
							<String ID="string_112" HPOS="326" VPOS="1014" WIDTH="86" HEIGHT="23" WC="0.96" CONTENT="petition"/><SP WIDTH="17" VPOS="1014" HPOS="412"/>
							<String ID="string_113" HPOS="429" VPOS="1013" WIDTH="104" HEIGHT="19" WC="0.92" CONTENT="förutsatt,"/><SP WIDTH="19" VPOS="1013" HPOS="533"/>
							<String ID="string_114" HPOS="552" VPOS="1013" WIDTH="191" HEIGHT="19" WC="0.95" CONTENT="missförhållanden"/><SP WIDTH="12" VPOS="1013" HPOS="743"/>
							<String ID="string_115" HPOS="755" VPOS="1013" WIDTH="7" HEIGHT="18" WC="0.96" CONTENT="i"/><SP WIDTH="13" VPOS="1013" HPOS="762"/>
							<String ID="string_116" HPOS="775" VPOS="1013" WIDTH="56" HEIGHT="18" WC="0.96" CONTENT="detta"/>
						</TextLine>
						<TextLine ID="line_15" HPOS="77" VPOS="1042" WIDTH="754" HEIGHT="26">
							<String ID="string_117" HPOS="77" VPOS="1043" WIDTH="94" HEIGHT="19" WC="0.95" CONTENT="afseende"/><SP WIDTH="16" VPOS="1043" HPOS="171"/>
							<String ID="string_118" HPOS="187" VPOS="1044" WIDTH="104" HEIGHT="24" WC="0.96" CONTENT="värkligen"/><SP WIDTH="18" VPOS="1044" HPOS="291"/>
							<String ID="string_119" HPOS="309" VPOS="1043" WIDTH="92" HEIGHT="21" WC="0.95" CONTENT="existera,"/><SP WIDTH="17" VPOS="1043" HPOS="401"/>
							<String ID="string_120" HPOS="418" VPOS="1046" WIDTH="23" HEIGHT="15" WC="0.96" CONTENT="är"/><SP WIDTH="17" VPOS="1046" HPOS="441"/>
							<String ID="string_121" HPOS="458" VPOS="1044" WIDTH="42" HEIGHT="24" WC="0.96" CONTENT="mig"/><SP WIDTH="17" VPOS="1044" HPOS="500"/>
							<String ID="string_122" HPOS="517" VPOS="1044" WIDTH="43" HEIGHT="17" WC="0.96" CONTENT="icke"/><SP WIDTH="18" VPOS="1044" HPOS="560"/>
							<String ID="string_123" HPOS="578" VPOS="1043" WIDTH="79" HEIGHT="19" WC="0.96" CONTENT="bekant."/><SP WIDTH="26" VPOS="1043" HPOS="657"/>
							<String ID="string_124" HPOS="683" VPOS="1043" WIDTH="11" HEIGHT="18" WC="0.95" CONTENT="I"/><SP WIDTH="18" VPOS="1043" HPOS="694"/>
							<String ID="string_125" HPOS="712" VPOS="1042" WIDTH="70" HEIGHT="24" WC="0.96" CONTENT="hvarje"/><SP WIDTH="14" VPOS="1042" HPOS="782"/>
							<String ID="string_126" HPOS="796" VPOS="1042" WIDTH="35" HEIGHT="18" WC="0.96" CONTENT="fall"/>
						</TextLine>
						<TextLine ID="line_16" HPOS="79" VPOS="1068" WIDTH="752" HEIGHT="29">
							<String ID="string_127" HPOS="79" VPOS="1074" WIDTH="37" HEIGHT="17" WC="0.96" CONTENT="har"/><SP WIDTH="11" VPOS="1074" HPOS="116"/>
							<String ID="string_128" HPOS="127" VPOS="1073" WIDTH="23" HEIGHT="24" WC="0.96" CONTENT="ju"/><SP WIDTH="13" VPOS="1073" HPOS="150"/>
							<String ID="string_129" HPOS="163" VPOS="1073" WIDTH="78" HEIGHT="24" WC="0.96" CONTENT="förslag"/><SP WIDTH="11" VPOS="1073" HPOS="241"/>
							<String ID="string_130" HPOS="252" VPOS="1073" WIDTH="32" HEIGHT="18" WC="0.96" CONTENT="till"/><SP WIDTH="13" VPOS="1073" HPOS="284"/>
							<String ID="string_131" HPOS="297" VPOS="1073" WIDTH="72" HEIGHT="24" WC="0.96" CONTENT="åtgärd"/><SP WIDTH="12" VPOS="1073" HPOS="369"/>
							<String ID="string_132" HPOS="381" VPOS="1073" WIDTH="32" HEIGHT="19" WC="0.93" CONTENT="för"/><SP WIDTH="13" VPOS="1073" HPOS="413"/>
							<String ID="string_133" HPOS="426" VPOS="1074" WIDTH="51" HEIGHT="18" WC="0.93" CONTENT="slika"/><SP WIDTH="13" VPOS="1074" HPOS="477"/>
							<String ID="string_134" HPOS="490" VPOS="1073" WIDTH="200" HEIGHT="19" WC="0.92" CONTENT="missförhällandens"/><SP WIDTH="14" VPOS="1073" HPOS="690"/>
							<String ID="string_135" HPOS="704" VPOS="1068" WIDTH="127" HEIGHT="29" WC="0.93" CONTENT="afhjälpande"/>
						</TextLine>
						<TextLine ID="line_17" HPOS="76" VPOS="1098" WIDTH="755" HEIGHT="29">
							<String ID="string_136" HPOS="76" VPOS="1103" WIDTH="43" HEIGHT="18" WC="0.96" CONTENT="icke"/><SP WIDTH="12" VPOS="1103" HPOS="119"/>
							<String ID="string_137" HPOS="131" VPOS="1103" WIDTH="69" HEIGHT="19" WC="0.93" CONTENT="blifvit"/><SP WIDTH="12" VPOS="1103" HPOS="200"/>
							<String ID="string_138" HPOS="212" VPOS="1103" WIDTH="111" HEIGHT="18" WC="0.92" CONTENT="Ständerna"/><SP WIDTH="12" VPOS="1103" HPOS="323"/>
							<String ID="string_139" HPOS="335" VPOS="1103" WIDTH="102" HEIGHT="24" WC="0.48" CONTENT="förelagdt"/><SP WIDTH="14" VPOS="1103" HPOS="437"/>
							<String ID="string_140" HPOS="451" VPOS="1103" WIDTH="50" HEIGHT="18" WC="0.96" CONTENT="eller"/><SP WIDTH="13" VPOS="1103" HPOS="501"/>
							<String ID="string_141" HPOS="514" VPOS="1110" WIDTH="65" HEIGHT="11" WC="0.93" CONTENT="annan"/><SP WIDTH="14" VPOS="1110" HPOS="579"/>
							<String ID="string_142" HPOS="593" VPOS="1103" WIDTH="71" HEIGHT="24" WC="0.96" CONTENT="åtgärd"/><SP WIDTH="12" VPOS="1103" HPOS="664"/>
							<String ID="string_143" HPOS="676" VPOS="1103" WIDTH="8" HEIGHT="18" WC="0.93" CONTENT="i"/><SP WIDTH="12" VPOS="1103" HPOS="684"/>
							<String ID="string_144" HPOS="696" VPOS="1098" WIDTH="73" HEIGHT="23" WC="0.96" CONTENT="sådant"/><SP WIDTH="8" VPOS="1098" HPOS="769"/>
							<String ID="string_145" HPOS="777" VPOS="1101" WIDTH="54" HEIGHT="24" WC="0.96" CONTENT="syfte"/>
						</TextLine>
						<TextLine ID="line_18" HPOS="75" VPOS="1133" WIDTH="271" HEIGHT="24">
							<String ID="string_146" HPOS="75" VPOS="1133" WIDTH="147" HEIGHT="24" WC="0.0" CONTENT="ofverhetligen"/><SP WIDTH="15" VPOS="1133" HPOS="222"/>
							<String ID="string_147" HPOS="237" VPOS="1133" WIDTH="109" HEIGHT="18" WC="0.92" CONTENT="värkstäld."/>
						</TextLine>
					</TextBlock>
					<TextBlock ID="block_5" HPOS="71" VPOS="1162" WIDTH="764" HEIGHT="293">
						<TextLine ID="line_19" HPOS="147" VPOS="1162" WIDTH="686" HEIGHT="25">
							<String ID="string_148" HPOS="147" VPOS="1163" WIDTH="116" HEIGHT="18" WC="0.96" CONTENT="Emellertid"/><SP WIDTH="13" VPOS="1163" HPOS="263"/>
							<String ID="string_149" HPOS="276" VPOS="1163" WIDTH="79" HEIGHT="24" WC="0.96" CONTENT="fortgår"/><SP WIDTH="12" VPOS="1163" HPOS="355"/>
							<String ID="string_150" HPOS="367" VPOS="1163" WIDTH="154" HEIGHT="24" WC="0.95" CONTENT="emigrationen"/><SP WIDTH="13" VPOS="1163" HPOS="521"/>
							<String ID="string_151" HPOS="534" VPOS="1163" WIDTH="93" HEIGHT="24" WC="0.95" CONTENT="alltjämt,"/><SP WIDTH="13" VPOS="1163" HPOS="627"/>
							<String ID="string_152" HPOS="640" VPOS="1163" WIDTH="121" HEIGHT="24" WC="0.96" CONTENT="visserligen"/><SP WIDTH="8" VPOS="1163" HPOS="761"/>
							<String ID="string_153" HPOS="769" VPOS="1162" WIDTH="64" HEIGHT="18" WC="0.96" CONTENT="under"/>
						</TextLine>
						<TextLine ID="line_20" HPOS="75" VPOS="1192" WIDTH="749" HEIGHT="25">
							<String ID="string_154" HPOS="75" VPOS="1192" WIDTH="99" HEIGHT="19" WC="0.96" CONTENT="växlande"/><SP WIDTH="13" VPOS="1192" HPOS="174"/>
							<String ID="string_155" HPOS="187" VPOS="1193" WIDTH="99" HEIGHT="20" WC="0.95" CONTENT="frekvens,"/><SP WIDTH="13" VPOS="1193" HPOS="286"/>
							<String ID="string_156" HPOS="299" VPOS="1193" WIDTH="100" HEIGHT="18" WC="0.96" CONTENT="beroende"/><SP WIDTH="17" VPOS="1193" HPOS="399"/>
							<String ID="string_157" HPOS="416" VPOS="1194" WIDTH="27" HEIGHT="23" WC="0.96" CONTENT="på"/><SP WIDTH="12" VPOS="1194" HPOS="443"/>
							<String ID="string_158" HPOS="455" VPOS="1193" WIDTH="177" HEIGHT="24" WC="0.96" CONTENT="konjunkturerna,"/><SP WIDTH="13" VPOS="1193" HPOS="632"/>
							<String ID="string_159" HPOS="645" VPOS="1199" WIDTH="46" HEIGHT="12" WC="0.93" CONTENT="men"/><SP WIDTH="13" VPOS="1199" HPOS="691"/>
							<String ID="string_160" HPOS="704" VPOS="1192" WIDTH="120" HEIGHT="25" WC="0.85" CONTENT="afgjordtrö"/>
						</TextLine>
						<TextLine ID="line_21" HPOS="71" VPOS="1221" WIDTH="761" HEIGHT="26">
							<String ID="string_161" HPOS="71" VPOS="1221" WIDTH="62" HEIGHT="25" WC="0.92" CONTENT="jande"/><SP WIDTH="12" VPOS="1221" HPOS="133"/>
							<String ID="string_162" HPOS="145" VPOS="1222" WIDTH="127" HEIGHT="25" WC="0.95" CONTENT="benägenhet"/><SP WIDTH="9" VPOS="1222" HPOS="272"/>
							<String ID="string_163" HPOS="281" VPOS="1224" WIDTH="31" HEIGHT="17" WC="0.96" CONTENT="att"/><SP WIDTH="9" VPOS="1224" HPOS="312"/>
							<String ID="string_164" HPOS="321" VPOS="1228" WIDTH="81" HEIGHT="13" WC="0.90" CONTENT="snarare"/><SP WIDTH="15" VPOS="1228" HPOS="402"/>
							<String ID="string_165" HPOS="417" VPOS="1223" WIDTH="41" HEIGHT="18" WC="0.91" CONTENT="till-"/><SP WIDTH="9" VPOS="1223" HPOS="458"/>
							<String ID="string_166" HPOS="467" VPOS="1225" WIDTH="26" HEIGHT="15" WC="0.93" CONTENT="än"/><SP WIDTH="10" VPOS="1225" HPOS="493"/>
							<String ID="string_167" HPOS="503" VPOS="1223" WIDTH="75" HEIGHT="24" WC="0.92" CONTENT="aftaga."/><SP WIDTH="23" VPOS="1223" HPOS="578"/>
							<String ID="string_168" HPOS="601" VPOS="1223" WIDTH="161" HEIGHT="24" WC="0.91" CONTENT="Olägenheterna"/><SP WIDTH="8" VPOS="1223" HPOS="762"/>
							<String ID="string_169" HPOS="770" VPOS="1221" WIDTH="62" HEIGHT="20" WC="0.93" CONTENT="däraf,"/>
						</TextLine>
						<TextLine ID="line_22" HPOS="75" VPOS="1251" WIDTH="758" HEIGHT="22">
							<String ID="string_170" HPOS="75" VPOS="1252" WIDTH="32" HEIGHT="18" WC="0.96" CONTENT="för"/><SP WIDTH="16" VPOS="1252" HPOS="107"/>
							<String ID="string_171" HPOS="123" VPOS="1253" WIDTH="23" HEIGHT="17" WC="0.96" CONTENT="så"/><SP WIDTH="12" VPOS="1253" HPOS="146"/>
							<String ID="string_172" HPOS="158" VPOS="1252" WIDTH="44" HEIGHT="18" WC="0.96" CONTENT="vidt"/><SP WIDTH="13" VPOS="1252" HPOS="202"/>
							<String ID="string_173" HPOS="215" VPOS="1252" WIDTH="24" HEIGHT="18" WC="0.96" CONTENT="de"/><SP WIDTH="13" VPOS="1252" HPOS="239"/>
							<String ID="string_174" HPOS="252" VPOS="1254" WIDTH="49" HEIGHT="16" WC="0.96" CONTENT="utan"/><SP WIDTH="13" VPOS="1254" HPOS="301"/>
							<String ID="string_175" HPOS="314" VPOS="1252" WIDTH="111" HEIGHT="19" WC="0.95" CONTENT="statistiskt"/><SP WIDTH="18" VPOS="1252" HPOS="425"/>
							<String ID="string_176" HPOS="443" VPOS="1252" WIDTH="152" HEIGHT="19" WC="0.96" CONTENT="bevismaterial"/><SP WIDTH="13" VPOS="1252" HPOS="595"/>
							<String ID="string_177" HPOS="608" VPOS="1253" WIDTH="67" HEIGHT="18" WC="0.96" CONTENT="kunna"/><SP WIDTH="12" VPOS="1253" HPOS="675"/>
							<String ID="string_178" HPOS="687" VPOS="1252" WIDTH="101" HEIGHT="21" WC="0.92" CONTENT="bedömas,"/><SP WIDTH="12" VPOS="1252" HPOS="788"/>
							<String ID="string_179" HPOS="800" VPOS="1251" WIDTH="33" HEIGHT="18" WC="0.90" CONTENT="be-"/>
						</TextLine>
						<TextLine ID="line_23" HPOS="74" VPOS="1281" WIDTH="751" HEIGHT="25">
							<String ID="string_180" HPOS="74" VPOS="1281" WIDTH="72" HEIGHT="19" WC="0.91" CONTENT="höfver"/><SP WIDTH="15" VPOS="1281" HPOS="146"/>
							<String ID="string_181" HPOS="161" VPOS="1281" WIDTH="36" HEIGHT="25" WC="0.96" CONTENT="jag"/><SP WIDTH="12" VPOS="1281" HPOS="197"/>
							<String ID="string_182" HPOS="209" VPOS="1282" WIDTH="17" HEIGHT="23" WC="0.96" CONTENT="ej"/><SP WIDTH="15" VPOS="1282" HPOS="226"/>
							<String ID="string_183" HPOS="241" VPOS="1282" WIDTH="37" HEIGHT="18" WC="0.96" CONTENT="här"/><SP WIDTH="13" VPOS="1282" HPOS="278"/>
							<String ID="string_184" HPOS="291" VPOS="1281" WIDTH="56" HEIGHT="24" WC="0.96" CONTENT="dröja"/><SP WIDTH="13" VPOS="1281" HPOS="347"/>
							<String ID="string_185" HPOS="360" VPOS="1281" WIDTH="39" HEIGHT="24" WC="0.96" CONTENT="vid,"/><SP WIDTH="14" VPOS="1281" HPOS="399"/>
							<String ID="string_186" HPOS="413" VPOS="1281" WIDTH="25" HEIGHT="19" WC="0.96" CONTENT="då"/><SP WIDTH="19" VPOS="1281" HPOS="438"/>
							<String ID="string_187" HPOS="457" VPOS="1283" WIDTH="63" HEIGHT="17" WC="0.96" CONTENT="saken"/><SP WIDTH="12" VPOS="1283" HPOS="520"/>
							<String ID="string_188" HPOS="532" VPOS="1288" WIDTH="73" HEIGHT="18" WC="0.96" CONTENT="genom"/><SP WIDTH="15" VPOS="1288" HPOS="605"/>
							<String ID="string_189" HPOS="620" VPOS="1283" WIDTH="106" HEIGHT="18" WC="0.93" CONTENT="Allmänna"/><SP WIDTH="12" VPOS="1283" HPOS="726"/>
							<String ID="string_190" HPOS="738" VPOS="1282" WIDTH="87" HEIGHT="18" WC="0.90" CONTENT="Besvärs"/>
						</TextLine>
						<TextLine ID="line_24" HPOS="75" VPOS="1311" WIDTH="759" HEIGHT="24">
							<String ID="string_191" HPOS="75" VPOS="1311" WIDTH="112" HEIGHT="18" WC="0.96" CONTENT="utskottets"/><SP WIDTH="16" VPOS="1311" HPOS="187"/>
							<String ID="string_192" HPOS="203" VPOS="1311" WIDTH="126" HEIGHT="18" WC="0.96" CONTENT="betänkande"/><SP WIDTH="12" VPOS="1311" HPOS="329"/>
							<String ID="string_193" HPOS="341" VPOS="1312" WIDTH="6" HEIGHT="17" WC="0.96" CONTENT="i"/><SP WIDTH="13" VPOS="1312" HPOS="347"/>
							<String ID="string_194" HPOS="360" VPOS="1313" WIDTH="68" HEIGHT="17" WC="0.96" CONTENT="ämnet"/><SP WIDTH="20" VPOS="1313" HPOS="428"/>
							<String ID="string_195" HPOS="448" VPOS="1312" WIDTH="23" HEIGHT="18" WC="0.96" CONTENT="af"/><SP WIDTH="17" VPOS="1312" HPOS="471"/>
							<String ID="string_196" HPOS="488" VPOS="1313" WIDTH="21" HEIGHT="17" WC="0.95" CONTENT="år"/><SP WIDTH="21" VPOS="1313" HPOS="509"/>
							<String ID="string_197" HPOS="530" VPOS="1312" WIDTH="45" HEIGHT="18" WC="0.95" CONTENT="1891"/><SP WIDTH="16" VPOS="1312" HPOS="575"/>
							<String ID="string_198" HPOS="591" VPOS="1314" WIDTH="52" HEIGHT="17" WC="0.96" CONTENT="samt"/><SP WIDTH="13" VPOS="1314" HPOS="643"/>
							<String ID="string_199" HPOS="656" VPOS="1312" WIDTH="38" HEIGHT="18" WC="0.97" CONTENT="den"/><SP WIDTH="12" VPOS="1312" HPOS="694"/>
							<String ID="string_200" HPOS="706" VPOS="1312" WIDTH="8" HEIGHT="18" WC="0.96" CONTENT="i"/><SP WIDTH="13" VPOS="1312" HPOS="714"/>
							<String ID="string_201" HPOS="727" VPOS="1311" WIDTH="107" HEIGHT="24" WC="0.95" CONTENT="anledning"/>
						</TextLine>
						<TextLine ID="line_25" HPOS="75" VPOS="1341" WIDTH="759" HEIGHT="25">
							<String ID="string_202" HPOS="75" VPOS="1341" WIDTH="59" HEIGHT="18" WC="0.95" CONTENT="däraf"/><SP WIDTH="16" VPOS="1341" HPOS="134"/>
							<String ID="string_203" HPOS="150" VPOS="1341" WIDTH="59" HEIGHT="18" WC="0.95" CONTENT="förda"/><SP WIDTH="16" VPOS="1341" HPOS="209"/>
							<String ID="string_204" HPOS="225" VPOS="1341" WIDTH="141" HEIGHT="18" WC="0.96" CONTENT="diskussionen"/><SP WIDTH="17" VPOS="1341" HPOS="366"/>
							<String ID="string_205" HPOS="383" VPOS="1341" WIDTH="7" HEIGHT="18" WC="0.95" CONTENT="i"/><SP WIDTH="13" VPOS="1341" HPOS="390"/>
							<String ID="string_206" HPOS="403" VPOS="1341" WIDTH="92" HEIGHT="22" WC="0.95" CONTENT="stånden,"/><SP WIDTH="19" VPOS="1341" HPOS="495"/>
							<String ID="string_207" HPOS="514" VPOS="1341" WIDTH="44" HEIGHT="19" WC="0.96" CONTENT="blef"/><SP WIDTH="11" VPOS="1341" HPOS="558"/>
							<String ID="string_208" HPOS="569" VPOS="1341" WIDTH="113" HEIGHT="25" WC="0.89" CONTENT="behörigen"/><SP WIDTH="9" VPOS="1341" HPOS="682"/>
							<String ID="string_209" HPOS="691" VPOS="1341" WIDTH="88" HEIGHT="24" WC="0.90" CONTENT="dryftad."/><SP WIDTH="24" VPOS="1341" HPOS="779"/>
							<String ID="string_210" HPOS="803" VPOS="1341" WIDTH="31" HEIGHT="17" WC="0.95" CONTENT="Då"/>
						</TextLine>
						<TextLine ID="line_26" HPOS="72" VPOS="1370" WIDTH="762" HEIGHT="25">
							<String ID="string_211" HPOS="72" VPOS="1371" WIDTH="24" HEIGHT="23" WC="0.93" CONTENT="ju"/><SP WIDTH="12" VPOS="1371" HPOS="96"/>
							<String ID="string_212" HPOS="108" VPOS="1370" WIDTH="118" HEIGHT="25" WC="0.92" CONTENT="afflyttning"/><SP WIDTH="13" VPOS="1370" HPOS="226"/>
							<String ID="string_213" HPOS="239" VPOS="1371" WIDTH="31" HEIGHT="18" WC="0.96" CONTENT="till"/><SP WIDTH="13" VPOS="1371" HPOS="270"/>
							<String ID="string_214" HPOS="283" VPOS="1373" WIDTH="60" HEIGHT="16" WC="0.96" CONTENT="annat"/><SP WIDTH="12" VPOS="1373" HPOS="343"/>
							<String ID="string_215" HPOS="355" VPOS="1371" WIDTH="47" HEIGHT="18" WC="0.96" CONTENT="land"/><SP WIDTH="17" VPOS="1371" HPOS="402"/>
							<String ID="string_216" HPOS="419" VPOS="1373" WIDTH="79" HEIGHT="22" WC="0.96" CONTENT="ytterst"/><SP WIDTH="11" VPOS="1373" HPOS="498"/>
							<String ID="string_217" HPOS="509" VPOS="1374" WIDTH="23" HEIGHT="15" WC="0.96" CONTENT="är"/><SP WIDTH="7" VPOS="1374" HPOS="532"/>
							<String ID="string_218" HPOS="539" VPOS="1371" WIDTH="101" HEIGHT="18" WC="0.96" CONTENT="beroende"/><SP WIDTH="8" VPOS="1371" HPOS="640"/>
							<String ID="string_219" HPOS="648" VPOS="1371" WIDTH="23" HEIGHT="19" WC="0.96" CONTENT="af"/><SP WIDTH="6" VPOS="1371" HPOS="671"/>
							<String ID="string_220" HPOS="677" VPOS="1371" WIDTH="157" HEIGHT="22" WC="0.95" CONTENT="medborgarens"/>
						</TextLine>
						<TextLine ID="line_27" HPOS="73" VPOS="1400" WIDTH="762" HEIGHT="25">
							<String ID="string_221" HPOS="73" VPOS="1400" WIDTH="143" HEIGHT="24" WC="0.91" CONTENT="oförytterliga"/><SP WIDTH="19" VPOS="1400" HPOS="216"/>
							<String ID="string_222" HPOS="235" VPOS="1401" WIDTH="237" HEIGHT="24" WC="0.76" CONTENT="själtbestämningsrätt,"/><SP WIDTH="26" VPOS="1401" HPOS="472"/>
							<String ID="string_223" HPOS="498" VPOS="1401" WIDTH="62" HEIGHT="24" WC="0.85" CONTENT="gäfve"/><SP WIDTH="17" VPOS="1401" HPOS="560"/>
							<String ID="string_224" HPOS="577" VPOS="1401" WIDTH="57" HEIGHT="18" WC="0.96" CONTENT="detta"/><SP WIDTH="16" VPOS="1401" HPOS="634"/>
							<String ID="string_225" HPOS="650" VPOS="1400" WIDTH="161" HEIGHT="19" WC="0.95" CONTENT="sakförhållande"/><SP WIDTH="17" VPOS="1400" HPOS="811"/>
							<String ID="string_226" HPOS="828" VPOS="1400" WIDTH="7" HEIGHT="17" WC="0.96" CONTENT="i"/>
						</TextLine>
						<TextLine ID="line_28" HPOS="74" VPOS="1429" WIDTH="761" HEIGHT="26">
							<String ID="string_227" HPOS="74" VPOS="1429" WIDTH="37" HEIGHT="18" WC="0.96" CONTENT="och"/><SP WIDTH="17" VPOS="1429" HPOS="111"/>
							<String ID="string_228" HPOS="128" VPOS="1429" WIDTH="32" HEIGHT="18" WC="0.96" CONTENT="för"/><SP WIDTH="17" VPOS="1429" HPOS="160"/>
							<String ID="string_229" HPOS="177" VPOS="1430" WIDTH="32" HEIGHT="23" WC="0.96" CONTENT="sig"/><SP WIDTH="16" VPOS="1430" HPOS="209"/>
							<String ID="string_230" HPOS="225" VPOS="1436" WIDTH="26" HEIGHT="12" WC="0.97" CONTENT="nu"/><SP WIDTH="17" VPOS="1436" HPOS="251"/>
							<String ID="string_231" HPOS="268" VPOS="1430" WIDTH="43" HEIGHT="18" WC="0.96" CONTENT="icke"/><SP WIDTH="18" VPOS="1430" HPOS="311"/>
							<String ID="string_232" HPOS="329" VPOS="1431" WIDTH="108" HEIGHT="24" WC="0.96" CONTENT="anledning"/><SP WIDTH="20" VPOS="1431" HPOS="437"/>
							<String ID="string_233" HPOS="457" VPOS="1431" WIDTH="33" HEIGHT="18" WC="0.95" CONTENT="till"/><SP WIDTH="21" VPOS="1431" HPOS="490"/>
							<String ID="string_234" HPOS="511" VPOS="1432" WIDTH="63" HEIGHT="23" WC="0.93" CONTENT="något"/><SP WIDTH="17" VPOS="1432" HPOS="574"/>
							<String ID="string_235" HPOS="591" VPOS="1431" WIDTH="151" HEIGHT="24" WC="0.90" CONTENT="önskningsmål"/><SP WIDTH="12" VPOS="1431" HPOS="742"/>
							<String ID="string_236" HPOS="754" VPOS="1429" WIDTH="81" HEIGHT="19" WC="0.89" CONTENT="utöfver"/>
						</TextLine>
					</TextBlock>
				</ComposedBlock>
			</PrintSpace>
		</Page>
	</Layout>
</alto>
