1023 1656
173 118 139 26 nöggranhet
333 118 129 24 bestämma,
484 122 51 15 men
555 118 37 19 det
613 122 68 20 synes
702 117 58 20 dock
778 117 57 20 klart
856 117 39 25 att,
917 117 8 19 i

173 140 106 24 händelse
293 149 51 15 man
360 144 85 24 åsyftar
464 145 33 19 att
516 144 132 24 stadgandet
669 143 92 21 erhåller
775 149 27 15 en
817 143 69 25 något
898 142 27 22 så

173 173 40 17 när
227 170 119 20 bestående
366 171 118 25 betydelse,
506 172 79 23 högsta
605 171 115 20 röstetalet
734 172 7 18 i
755 171 25 20 de
796 171 70 20 skilda
881 172 44 20 stä-

172 198 79 19 derna
248 193 8 34 '
262 198 37 19 bör
321 198 65 19 hafva
407 197 106 25 uppnåtts
532 198 36 19 vid
590 203 27 15 en
636 198 135 20 årsinkomst
784 198 25 39 af
822 198 101 23 omkring

172 220 61 42 2,000
247 225 14 19 a
275 225 60 24 4,000
349 226 68 18 mark.

180 254 2 3 ;
243 258 11 18 I
269 258 42 19 den
325 257 130 25 föregäende
470 258 193 24 framställningen
679 258 38 19 har
734 258 102 19 afseende
852 257 71 19 blifvit

172 284 84 26 fästadt
278 284 35 20 vid
332 285 151 24 majoritetens
504 285 136 24 rättigheter,
655 285 26 19 de
695 285 38 19 der
747 284 26 25 pä
788 285 89 19 senaste
891 284 31 20 tid

173 311 40 21 vid.
227 311 264 25 landtdagsmannavalen
511 312 7 19 i
537 311 52 20 vära
609 312 72 19 städer
698 312 147 24 förtrampats.
874 311 48 19 Men

172 338 65 20 äfven
260 339 141 19 minoriteten
422 344 51 19 eger
493 339 130 23 rättigheter
645 339 39 19 och
700 339 103 19 särskildt
818 338 6 20 i
839 337 38 21 vär
891 338 30 19 tid

172 365 64 24 göres
259 366 60 19 stora
337 366 186 24 ansträngningar
537 366 34 19 för
585 367 33 18 att
633 366 84 24 skydda
731 366 65 19 dessa
810 366 34 18 för
857 365 64 24 majo-

171 392 94 20 ritetens
280 392 103 24 förtryck.
411 393 49 19 Men
474 393 37 19 det
526 393 41 19 kan
584 392 47 20 icke
646 392 104 20 förnekas
765 393 32 19 att
807 392 65 20 dessa
881 392 41 19 rät:

171 418 96 24 tigheter
281 418 146 26 äsittosättas,
442 425 36 15 om
493 420 33 19 uti
541 425 27 14 en
579 420 55 24 stad,
645 425 48 14 som
705 420 78 19 sänder
792 419 52 19 flere
854 424 67 19 repre-

172 446 115 20 sentanter
302 446 33 20 till
349 446 139 25 landtdagen,
503 452 27 14 en
546 446 65 20 talrik
625 446 114 20 minoritet
749 446 45 20 helt
804 446 40 20 och
855 445 67 20 hället

171 472 115 24 förvägras
305 473 58 24 plats
377 474 7 18 i
399 474 208 24 representationen.
641 474 65 19 Detta
724 473 99 20 inträffar
841 473 80 19 nästan

171 499 69 25 alltid,
263 499 26 20 dä
311 506 24 14 en
359 500 49 20 stad
429 501 49 19 med
501 501 87 23 hänsyn
610 500 33 20 till
664 500 173 25 representation
858 500 64 24 utgör

171 531 28 15 en
215 526 96 20 valkrets
327 528 39 19 och
381 528 74 24 hvarje
470 528 87 19 valman
575 532 37 19 ger
627 528 48 19 sina
689 528 71 19 röster
774 526 22 20 ät
807 526 25 20 sä
841 526 81 24 mänga

171 553 135 25 kandidater,
326 560 49 14 som
392 555 77 19 staden
491 560 51 18 eger
564 556 49 18 utse
631 555 181 24 representanter.
840 552 82 21 Sädant

171 582 24 17 är
216 580 147 20 förhällandet
377 581 6 19 i
399 580 48 20 värt
461 582 57 19 land.
547 581 10 19 I
572 582 67 19 andra
661 581 149 20 kulturländer
824 581 98 19 deremot

171 608 37 18 äro
223 607 26 19 de
265 608 68 19 större
348 608 103 20 städerna
465 608 75 20 delade
554 609 6 19 i
569 608 52 20 flere
632 608 152 25 sjelfständiga
794 608 126 23 valkretsar,

171 633 6 19 i
192 634 52 24 följd
264 635 77 19 hvaraf
359 636 32 18 ett
409 636 63 24 parti,
487 640 49 14 som
551 636 32 19 uti
598 641 27 14 en
640 636 60 19 krets
715 637 24 17 är
753 635 6 19 i
773 634 147 24 minoriteten,

170 661 32 19 uti
218 666 27 14 en
261 666 73 15 annan
349 662 43 19 kan
414 667 41 19 ega
473 662 116 24 majoritet,
605 663 40 19 och
660 662 202 24 representationen
881 661 41 19 blir

170 687 139 25 följaktligen
323 689 123 19 rättvisare.
475 689 31 19 En
522 689 61 24 dylik
597 689 126 24 förändring
738 689 63 19 borde
812 687 109 21 måhända

170 715 141 23 genomföras
333 716 6 18 i
359 716 43 19 alla
420 716 26 19 de
466 716 79 24 städer,
565 722 49 14 som
633 716 57 24 välja
705 717 32 18 tre
751 716 169 23 landtdagsmän

170 740 52 20 eller
237 742 130 20 derutöfver.

242 774 41 20 Det
304 775 71 23 gifves
393 776 121 19 emellertid
533 781 27 15 en
580 776 127 24 anordning,
727 776 65 18 hvars
811 774 109 25 genomfö-

170 801 67 19 rande
253 802 71 24 gjorde
340 807 27 15 en
376 802 88 24 delning
474 803 23 19 af
507 803 104 19 städerna
621 803 6 19 i
638 802 151 25 sjelfständiga
799 802 121 19 valkretsar

170 828 109 24 obehöflig
294 829 39 19 och
348 829 89 19 hvilken
453 831 58 18 ännu
527 830 88 19 säkrare
630 830 71 19 skulle
716 829 84 24 skydda
811 828 109 20 minorite-

170 854 51 20 tens
235 855 136 31 rättigheter.
399 856 40 24 Jag
455 856 84 24 åsyftar
553 862 17 14 s.
586 857 19 19 k.
616 856 168 26 proportionella
794 856 41 24 val,
846 855 74 19 hvilka

169 880 173 25 mångenstädes
362 883 6 19 i
388 870 100 32 utlandet
502 884 83 23 begynt
599 884 117 24 tillämpas.
745 867 117 45 Åtskilliga
876 887 43 19 per:

170 913 71 19 soner,
264 909 74 19 hvilka
359 910 53 24 eljes
434 910 60 24 hylla
513 910 46 20 vidt
575 910 70 20 skilda
660 910 103 24 politiska
777 909 87 25 åsigter,
880 909 40 19 ifra

169 937 74 24 varmt
260 936 33 19 för
307 936 60 20 detta
382 936 88 25 valsätt,
485 937 40 19 och
539 938 37 23 jag
591 942 64 15 anser
669 936 165 20 förhållandena
848 936 72 20 fordra

169 961 34 20 att
221 962 34 20 ett
274 962 70 24 dylikt
363 964 95 18 valsätts
476 964 172 24 genomförande
663 964 35 19 vid
714 964 205 23 landtdagsmanna-

169 988 65 20 valen
255 989 6 19 i
280 988 51 20 våra
352 990 73 19 städer
447 990 37 20 bör
506 996 79 18 genom
606 991 202 23 lagbestämningar
826 994 92 20 gynnas.

169 1013 108 27 Måhända
291 1016 71 19 kunde
377 1017 26 19 de
418 1018 69 18 större
507 1018 103 19 städerna
623 1018 116 23 förpliktas
754 1018 32 18 att
801 1017 55 19 efter
870 1017 50 23 eget

167 1036 148 30 bepröfvande
329 1043 106 24 antingen
450 1044 48 19 dela
513 1044 34 23 sig
557 1044 6 19 i
574 1044 152 24 sjelfständiga
736 1044 122 19 valkretsar
868 1043 51 20 eller

167 1068 41 20 ock
223 1069 102 20 använda
338 1071 169 23 proportionella
521 1071 42 19 val.

239 1101 42 24 Jag
296 1101 67 25 vågar
377 1103 71 19 derför
462 1103 165 20 vördsammast
636 1103 81 20 föreslå
729 1103 134 24 högvördiga
872 1103 46 19 Pre-

169 1127 127 32 steståndet
310 1134 26 14 en
357 1129 134 25 underdånig
510 1131 92 23 petition
617 1131 80 23 derom,
713 1131 33 18 att
760 1129 61 20 Hans
836 1129 82 25 Kejser-

169 1154 45 24 liga
236 1155 103 24 Majestät
359 1157 93 24 täcktes,
469 1157 50 19 med
535 1157 141 24 begagnande
693 1157 23 19 af
732 1157 36 19 det
782 1157 81 19 honom
878 1156 40 20 till-

167 1181 134 20 kommande
323 1183 101 25 initiativ,
444 1184 111 23 förelägga
579 1183 259 20 nästsammanträdande
858 1183 60 22 Stän-

167 1207 39 20 der
224 1208 67 25 nådig
312 1210 134 24 proposition
468 1216 35 14 om
524 1211 92 24 ändring
637 1211 23 19 af
677 1211 12 22 $
705 1211 25 18 12
745 1210 31 19 uti
796 1210 122 24 landtdags-

167 1235 123 25 ordningen
305 1237 6 18 i
326 1237 37 19 det
377 1237 58 24 syfte

183 1328 29 7 sir
454 1316 29 19 att
496 1321 25 13 en
535 1315 104 20 valcensus
655 1315 62 20 mätte
731 1315 131 24 bestämmas,
874 1319 44 15 som

381 1346 44 15 vore
447 1341 54 20 olika
522 1342 45 25 hög,
588 1343 97 19 beroende
705 1342 26 25 af
739 1340 179 27 förhållandena
905 1336 15 36 i

382 1368 23 19 de
419 1368 54 19 olika
486 1369 110 23 städerna;
