1034 1653
198 141 26 18 18

164 198 74 28 jämte
261 198 36 21 till
321 199 65 21 dessa
408 199 124 27 räkningar
550 199 100 21 hörande
665 198 144 29 jämförande
825 199 93 25 tablåer,

167 233 80 29 kalkyl
268 233 64 22 öfver
348 234 153 28 tillgångarna
516 234 7 21 i
540 234 114 21 allmänna
671 234 143 22 statsfonden
831 234 35 22 för
881 234 37 21 be-

167 269 115 21 stridande
306 269 26 21 af
352 272 64 18 extra
439 269 97 29 utgifter
559 272 64 19 utom
647 272 45 19 stat
715 270 72 21 under
809 272 24 19 år
851 272 66 23 1896,

166 304 122 29 räkningar
312 304 63 22 öfver
398 305 114 21 allmänna
535 305 171 21 militiemedlen
727 305 36 21 för
783 307 53 19 åren
853 308 64 20 1893,

168 342 57 19 1894
250 341 42 20 och
318 343 55 18 1895
398 341 70 28 jämte
487 341 111 21 särskilda
615 341 75 21 därtill
707 341 100 21 hörande
823 341 93 26 tablåer,

166 376 123 28 räkningar
300 376 64 21 öfver
375 376 264 29 krigsmanshusmedlen
650 377 35 20 för
697 378 53 19 åren
763 378 154 23 1893—1895,

167 411 144 28 statsförslag
334 411 35 22 för
385 413 24 20 år
427 414 63 23 1896,
508 411 211 28 kapitalräkningar
735 411 65 22 öfver
816 412 101 21 kommu-

166 446 201 22 nikationsfonden
383 447 35 21 för
434 449 54 19 åren
505 449 64 24 1893,
588 449 57 19 1894
661 447 42 21 och
721 449 56 19 1895
793 450 59 18 samt
862 447 55 21 rela-

166 482 74 21 tioner
263 483 35 21 för
322 490 84 14 samma
425 485 24 19 år
465 483 117 28 angående
599 482 223 27 brännvinsskatten,
840 483 77 21 bevill-

165 518 248 28 ningsmedelsfonden,
430 518 85 22 fonden
532 518 35 21 för
583 518 161 28 pensionering
760 518 26 21 af
799 519 117 20 städernas

166 553 172 22 folkskollärare
362 555 42 20 och
420 555 140 24 -lärarinnor,
581 553 334 29 lagmanstingsgästningsfon-

166 589 51 26 den,
241 590 149 21 statsverkets
413 589 181 29 utlåningsfond,
610 589 247 28 undsättningsfonden
874 590 41 21 och

166 625 149 21 statsverkets
331 625 139 26 reservfond,
486 625 97 22 relation
599 626 117 27 angående
733 625 76 28 fattig-
826 625 41 21 och
883 633 33 13 ar-

165 661 181 20 betshusfonden
362 661 36 21 för
414 663 53 19 åren
484 662 155 24 1892—1894,
652 661 97 21 relation
760 661 116 27 angående
888 661 27 20 de

165 696 23 20 af
212 696 137 21 statsverket
372 696 82 22 inlösta
478 696 178 28 donationsgods
680 696 7 21 i
707 696 99 28 Viborgs
823 696 42 21 och
881 696 34 20 S:t

165 731 95 21 Michels
276 732 38 20 län
327 731 35 22 för
373 734 53 18 åren
439 734 154 24 1893—1895,
604 732 96 21 relation
711 739 37 13 om
760 731 154 21 statsskulden

164 766 120 22 äfvensom
300 767 228 28 generalhufvudbok
545 767 64 21 öfver
625 768 150 20 statsverkets
789 767 80 21 fonder
880 767 35 21 för

166 804 53 19 åren
237 804 65 24 1892,
320 804 56 20 1893
393 804 41 20 och
453 805 63 23 1894,
528 803 96 21 relation
635 803 64 21 öfver
711 803 84 21 sådana
806 803 38 21 vid
856 803 59 21 läne-

165 838 139 28 styrelserna
326 838 7 21 i
357 838 77 21 landet
455 838 127 22 förvaltade
604 838 87 26 fonder,
708 838 35 22 för
759 838 82 21 hvilka
853 838 61 21 redo-

164 874 90 27 görelse
276 874 48 21 icke
343 874 65 28 ingår
423 874 8 21 i
448 874 26 21 de
492 874 114 21 allmänna
622 874 242 28 statsräkenskaperna
880 873 35 22 för

164 910 54 20 åren
236 911 153 24 1892—1895,
400 910 122 20 berättelse
534 916 36 14 om
582 909 48 21 Elis
641 909 82 21 Holms
734 909 180 28 nödhjälpsfond

164 946 60 19 samt
247 944 107 29 slutligen
379 944 96 22 relation
499 952 36 14 om
555 945 60 21 hvad
631 944 116 28 tillgjordt
763 944 77 22 blifvit
855 944 7 21 i
879 952 36 13 an-

163 980 95 27 ledning
281 980 25 21 af
327 980 188 21 Statsutskottets
539 980 38 21 vid
596 983 88 18 senaste
701 980 110 28 landtdag
827 980 86 27 afgifna

164 1015 143 22 betänkande
333 1016 117 27 angående
474 1016 139 21 berättelsen
637 1023 36 14 om
697 1016 150 21 statsverkets
871 1015 44 21 till-

163 1051 74 25 stånd,
254 1053 25 19 så
295 1051 39 21 har
349 1051 57 21 Vårt
423 1051 160 26 Statsutskott,
601 1058 48 14 som
664 1051 7 21 i
683 1051 102 28 enlighet
798 1051 51 21 med
861 1051 52 28 36
897 1047 18 36 S

162 1086 7 20 i
186 1086 260 29 Landtdagsordningen
464 1087 88 28 jämväl
567 1089 39 26 egt
622 1087 98 28 tillgång
736 1086 35 21 till
788 1086 44 21 alla
849 1089 65 18 stats-

162 1121 92 21 verkets
278 1122 152 28 räkenskaper
454 1123 41 20 och
519 1122 142 28 handlingar,
679 1122 108 21 särskildt
806 1122 108 27 granskat

162 1158 30 26 på
213 1157 61 21 hvad
290 1159 45 19 sätt
352 1157 27 21 de
394 1157 38 21 vid
450 1160 90 18 senaste
556 1158 110 27 landtdag
682 1156 35 22 för
733 1157 60 21 vissa
809 1157 104 21 ändamål

161 1191 115 28 beviljade
293 1192 79 28 anslag
387 1192 77 21 blifvit
480 1192 115 26 använda;
609 1192 116 21 hvarefter
736 1192 177 21 Statsutskottet

162 1226 64 22 öfver
242 1227 42 21 allt
299 1228 63 20 detta
377 1228 35 20 till
429 1228 41 21 Oss
487 1227 92 29 afgifvit
594 1228 151 25 betänkande,
757 1226 156 22 innefattande

158 1262 89 28 jämväl
271 1265 69 26 några
363 1264 125 27 erinringar
504 1264 42 20 och
562 1263 86 28 förslag
664 1262 141 22 beträffande
821 1262 92 22 förvalt-

160 1298 86 28 ningen
270 1299 42 21 och
335 1299 250 28 räkenskapsväsendet
610 1302 58 18 samt
690 1298 92 22 därmed
805 1305 108 14 samman-

160 1333 121 28 hängande
304 1334 86 28 frågor;
415 1335 42 20 och
479 1334 69 21 hafva
567 1334 29 21 Vi
612 1335 7 20 i
635 1334 143 27 underdånig
794 1333 119 21 skrifvelse

160 1368 27 21 af
207 1369 44 21 den
276 1371 25 19 21
323 1370 103 21 sistlidne
443 1369 66 29 April
526 1369 35 21 till
577 1369 64 22 Hans
657 1369 132 28 Kejserliga
805 1368 108 29 Majestät

159 1404 94 21 insändt
277 1405 69 28 sagda
369 1405 144 21 betänkande
530 1405 51 21 med
598 1405 143 27 underdånig
757 1404 105 21 anhållan
879 1406 34 18 att

160 1440 126 21 detsamma
310 1440 76 21 blefve
402 1440 168 22 öfverlemnadt
586 1441 35 20 till
638 1440 100 21 Senaten
754 1440 6 21 i
777 1439 106 22 afseende
899 1441 14 18 å
