1020 1659
173 141 14 20 4
354 135 278 23 Petitionsbetänkande
649 136 42 22 N:o
707 135 39 22 68.

173 198 102 21 befordra
290 198 126 27 kronojords
432 199 133 27 upplåtande
581 199 31 21 till
626 199 75 27 odling
717 199 42 20 och
769 199 131 27 anläggning
910 199 24 21 af

174 232 221 27 nybyggeshemman,
418 234 71 20 hvilka
508 234 100 20 hemman
624 234 54 20 efter
693 234 111 26 utgången
819 234 25 20 af
856 234 27 20 de
899 234 32 20 för

174 267 110 21 desamma
308 267 100 28 möjligen
433 268 113 21 faststälda
570 268 127 21 frihetsåren
719 268 71 20 kunna
812 268 25 20 af
856 268 74 20 veder-

174 300 97 22 börande
287 302 65 20 åboar
368 302 149 27 skatteköpas.
542 302 126 21 Emellertid
683 302 42 20 kan
740 302 38 21 det
794 302 136 27 ifrågasättas

173 335 105 22 huruvida
293 336 60 22 detta
368 336 170 22 tillerkännande
554 337 22 21 åt
591 337 157 27 nybyggarene
758 336 25 21 af
790 336 36 21 full
837 337 93 27 egande-

173 370 43 21 rätt
237 370 32 21 till
287 370 243 28 nybyggeshemmanen
550 372 23 20 är
596 372 81 26 egnadt
700 374 32 18 att
752 372 28 26 på
804 374 30 18 ett
850 370 79 27 stadig-

172 405 97 20 varande
290 405 42 21 sätt
356 405 107 27 betrygga
487 406 105 20 åboarnas
615 405 107 27 ställning.
752 405 9 20 I
780 405 96 27 Sverige,
892 405 38 20 der

172 438 70 22 denna
266 439 58 27 fråga
346 440 67 20 under
434 447 75 13 senare
531 440 55 20 tider
607 440 79 26 jemväl
709 441 55 19 varit
786 439 88 21 föremål
897 439 32 21 för

171 473 171 28 öfverläggning,
366 474 38 20 har
428 474 74 21 dervid
525 474 24 21 af
562 474 42 21 den
619 482 17 12 s.
652 474 20 20 k.
688 474 241 27 Jordbrukslägenhets-

171 508 96 21 komitén
290 508 130 26 framhållits,
444 509 65 20 bland
531 512 71 22 annat,
627 512 45 24 ,att
687 508 242 28 nybyggesväsendet
918 504 14 36 i

171 543 85 26 många,
280 543 80 21 kanske
382 545 6 19 i
412 544 27 20 de
461 543 62 21 flesta
546 543 35 21 fall
604 543 44 21 ledt
671 543 87 25 derhän,
780 546 31 18 att
827 550 102 20 personer

170 576 67 22 under
257 577 155 27 förevändning
433 578 24 20 af
477 578 248 26 nybyggesanläggning
740 577 39 21 fått
794 576 86 28 tillegna
896 578 33 26 sig

170 611 83 26 ganska
269 612 111 26 betydliga
395 612 102 20 områden
509 612 24 20 af
540 612 246 27 öfverloppsmarkerna,
799 618 47 14 men
857 611 71 21 seder-

170 652 59 14 mera
245 646 109 21 inskränkt
369 648 45 18 sina
430 646 171 27 odlingsföretag
616 646 31 21 till
663 647 37 20 det
715 647 84 23 minsta,
815 652 47 14 som
877 645 51 27 möj-

170 679 56 27 ligen
242 680 47 21 låtit
304 682 33 25 sig
352 680 74 21 förena
442 681 50 20 med
505 680 88 27 jordens
608 680 123 27 besittning,
748 680 42 20 och
805 680 65 21 riktat
883 682 44 18 sina

170 713 164 28 hufvudsakliga
357 714 139 21 sträfvanden
520 715 28 27 på
569 714 149 28 skogshygge,
742 718 50 17 utan
812 714 65 21 tanke
899 715 29 27 på

170 748 85 20 landets
278 748 111 27 varaktiga
410 748 127 28 uppodling.
568 748 104 28 Slutligen
694 748 64 21 hafva
778 748 148 27 nybyggarne,

169 782 55 21 efter
239 790 28 13 en
282 782 72 27 längre
370 782 50 21 eller
435 783 87 21 kortare
537 783 43 21 tids
596 783 103 21 fruktlösa
713 782 73 21 försök
801 786 32 18 att
849 782 78 21 bevara

168 817 32 20 sin
222 817 43 21 och
288 817 102 27 familjens
412 817 149 28 sjelfständiga
579 819 102 23 existens,
701 816 68 22 blifvit
784 820 94 24 tvungna
893 820 32 18 att

167 851 64 21 kasta
253 853 34 26 sig
308 853 6 19 i
337 859 96 14 armarna
449 853 29 27 på
493 852 207 27 skogsspekulanter
715 852 50 20 med
780 852 42 20 den
838 851 85 27 påföljd,

168 888 32 18 att
223 886 28 20 de
275 887 54 20 måst
344 887 28 26 gå
388 886 44 21 från
449 887 53 27 gård
518 886 42 21 och
575 887 69 27 grund
660 886 51 21 eller
726 888 6 19 i
747 886 127 26 lyckligaste
889 886 36 20 fall

168 919 40 21 fått
232 921 35 26 sig
287 920 105 21 tilldeladt
416 921 66 27 något
505 921 81 20 mindre
602 920 112 21 födoråd".
745 920 48 21 Och
810 920 36 21 det
862 920 62 21 torde

167 953 47 21 icke
237 954 70 21 kunna
330 954 100 21 förnekas
453 958 32 18 att
508 954 160 21 förhållandena
692 955 130 20 åtminstone
844 956 5 19 i
867 955 57 19 vissa

166 988 83 20 trakter
265 988 24 21 af
300 989 47 20 vårt
362 992 51 24 eget
429 989 48 21 land
489 988 109 22 utvecklat
610 990 34 26 sig
654 990 7 20 i
671 989 43 20 den
725 990 30 19 uti
769 988 155 21 ofvanstående

166 1022 112 21 uttalande
289 1023 95 26 antydda
394 1023 99 27 riktning.
501 1023 43 21 Vid
555 1023 77 21 sådant
643 1022 133 22 förhållande
787 1022 38 21 har
833 1022 90 21 Utskot-

165 1059 39 22 tet,
223 1056 52 21 med
299 1056 122 22 beaktande
439 1057 25 21 af
476 1058 57 20 hvad
543 1058 13 23 i
572 1056 239 28 petitionsmemorialet
827 1056 41 21 N:o
884 1060 37 22 115

168 1090 130 26 framhålles,
321 1094 71 18 ansett
424 1095 31 17 att
480 1092 35 20 vid
535 1090 210 22 ofvanomförmälda
765 1090 158 27 undersökning

166 1124 103 22 särskildt
284 1125 68 21 borde
368 1126 87 20 utredas
470 1125 103 21 huruvida
589 1125 173 21 kolonisationen
778 1126 57 19 inom
845 1124 78 21 krono-

162 1158 103 26 jordarna
281 1158 53 22 efter
349 1160 222 27 nybyggessystemet
586 1159 45 21 ledt
646 1159 32 21 till
693 1159 155 27 öfverklagade
863 1160 60 19 miss-

165 1192 53 21 bruk
234 1193 24 20 af
271 1193 27 21 de
310 1193 244 27 nybyggeshemmanen
566 1193 162 27 underlydande
740 1193 108 27 skogarna
860 1196 61 22 samt,

164 1228 6 19 i
189 1227 24 20 så
235 1227 42 25 fall,
294 1234 34 14 om
352 1231 157 24 torpsystemet
525 1228 49 20 med
590 1228 89 20 dermed
695 1228 103 20 förenade
813 1226 109 22 inskränk-

164 1262 76 25 ningar
265 1262 6 20 i
294 1262 212 26 dispositionsrätten
528 1262 31 21 till
581 1262 90 27 skogen,
693 1268 48 14 men
764 1262 50 20 med
836 1263 4 19 i
853 1261 69 27 öfrigt

163 1294 124 28 betryggad
309 1296 173 28 besittningsrätt
505 1297 31 20 till
559 1300 83 24 torpen,
665 1304 52 13 vore
736 1299 31 18 att
783 1296 86 20 framför
884 1302 38 20 ny-

164 1328 193 28 byggessystemet
372 1331 132 27 föredragas.

233 1364 9 20 I
259 1364 85 27 bilagda
360 1366 215 26 petitionsmemorial
588 1365 42 21 N:o
649 1371 26 21 19
687 1365 65 27 yrkas
766 1368 31 18 att
810 1364 111 21 enahanda

163 1398 168 28 bestämningar,
355 1406 47 14 som
427 1400 37 20 äro
480 1400 100 26 gällande
595 1400 114 26 angående
724 1399 127 27 kronojords
867 1406 54 20 upp-

162 1432 88 21 låtande
265 1433 30 20 till
306 1434 73 26 odling
388 1434 42 20 och
440 1434 131 27 anläggning
582 1434 24 20 af
614 1434 224 26 nybyggeshemman,
850 1432 70 22 blefve

231 1479 44 21 Lag-
289 1480 26 15 och
328 1479 168 16 Ekonomiutskottets
509 1480 103 16 betänkande
626 1480 34 16 N:o
674 1484 27 15 14.
