1025 1656
167 124 145 20 valmännens
334 124 59 20 krets
413 124 112 24 utvidgats
540 124 108 24 betydligt
663 124 86 20 utöfver
763 124 51 19 dess
829 123 91 24 tidigare

168 152 96 23 gränser.
293 151 108 24 Derjemte
422 152 39 18 har
479 156 27 15 en
522 151 135 19 tillväxande
672 151 99 23 bildning
786 150 69 25 spridt
869 150 50 24 poli-

168 178 54 19 tiskt
241 178 93 19 intresse
352 178 40 19 och
407 178 69 24 insigt
490 178 33 19 till
539 178 91 24 kretsar,
645 178 89 19 hvarest
749 178 64 18 dessa
828 178 92 23 tidigare

167 205 89 23 mycket
272 205 68 19 sällan
357 205 62 19 stodo
435 206 34 18 att
482 204 67 20 finna.
574 204 96 20 Sälunda
684 204 130 20 framträder
830 204 31 20 till
877 204 43 20 val-

167 236 69 15 urnan
253 237 28 14 nu
297 232 33 19 för
340 232 59 19 tiden
409 232 69 24 jemte
489 232 24 19 de
525 232 139 23 förmögnare
676 232 133 19 valmännen
820 232 32 18 ett
862 232 57 18 stort

166 258 61 20 antal
243 258 147 25 medborgare,
405 259 26 19 de
446 258 37 20 der
497 259 50 19 med
563 259 86 23 hänsyn
665 258 33 20 till
711 258 97 24 bildning
819 259 38 19 och
868 258 50 24 poli-

166 285 45 19 tisk
220 284 100 25 förmäga
330 287 37 17 äro
375 286 119 24 jemngoda
504 286 48 19 med
564 286 26 18 de
600 285 154 20 förstnämnda
764 286 40 18 och
815 285 103 19 stundom

168 312 125 20 ofverträffa
308 312 55 24 dem,
379 312 69 20 ehuru
463 312 26 19 de
504 312 50 20 med
570 312 102 20 afseende
688 311 12 20 ä
714 312 153 24 förmögenhet
882 314 38 17 äro

166 339 49 19 dem
230 339 152 24 underlägsna.
407 339 40 19 Att
461 339 36 19 det
513 339 91 19 oaktadt
618 339 26 19 de
660 338 143 25 stadganden,
819 344 48 14 som
878 339 39 19 till-

166 366 75 19 delade
252 366 26 19 de
288 366 113 24 förmögne
412 366 118 24 afgörande
541 366 91 19 makten
643 366 35 19 vid
689 366 116 19 städernas
815 365 102 25 politiska

166 393 41 24 val,
218 392 32 20 uti
266 393 238 23 landtdagsordningen
518 393 106 19 förblifvit
639 392 149 25 oförändrade,
803 394 24 18 är
837 398 27 14 en
875 398 42 14 om-

166 420 132 24 ständighet,
314 420 65 19 hvars
394 420 98 24 skadliga
507 420 76 24 följder
597 419 49 20 från
657 420 104 23 landtdag
771 419 33 20 till
814 419 104 24 landtdag

165 447 117 19 framträdt
296 447 39 19 allt
349 447 114 24 tydligare.

237 474 31 19 De
283 474 62 19 häraf
357 474 128 19 föranledda
499 473 223 20 missförhällandena
738 479 50 14 voro
804 473 25 20 sä
840 479 77 18 uppen-

165 500 52 20 bara
238 501 40 19 och
300 501 79 19 oredan
402 501 6 19 i
428 501 66 24 öfrigt
509 499 25 21 sä
548 501 52 23 stor,
616 501 33 18 att
664 501 122 19 Ständerna
801 501 65 18 redan
882 500 35 19 vid

166 527 52 20 1882
233 527 37 20 ärs
284 528 104 23 landtdag
403 528 134 23 ianledning
552 527 23 19 af
588 527 195 24 petitionsförslag,
795 533 48 14 som
853 527 64 19 fram-

164 554 66 19 stälts
250 555 24 19 af
291 555 183 24 representanter,
493 554 96 19 hörande
609 554 33 19 till
660 554 71 19 skilda
749 555 86 23 partier,
851 554 66 19 afläto

165 586 26 14 en
217 580 134 25 underdänig
373 581 99 24 petition,
497 581 88 20 hvilken
610 580 101 25 äsyftade
733 581 120 23 förklaring
876 581 40 19 och

165 608 92 24 ändring
276 609 23 18 af
317 608 237 24 landtdagsordningen
574 608 89 24 derhän,
681 609 34 18 att
731 608 47 24 ,vid
793 608 122 23 landtdags-

164 635 120 20 mannaval
299 635 6 19 i
320 635 104 20 Finlands
439 635 74 20 städer
528 640 26 14 en
565 640 128 19 gemensam
706 635 129 24 valordning
846 634 69 20 blefve

164 662 120 24 tillämpad,
295 662 88 19 hvilken
395 662 63 19 bland
470 663 68 18 annat
548 662 70 19 skulle
628 661 113 20 innehälla
751 661 166 24 bestämningar

164 688 113 24 angäende
297 689 41 19 den
357 689 83 19 minsta
460 688 68 25 ärliga
548 689 104 24 inkomst,
668 694 48 14 som
736 689 35 19 vid
787 687 79 20 sädant
880 688 35 19 val

163 715 112 20 medförde
289 717 98 23 rösträtt,
403 717 60 18 samt
477 715 113 24 angående
605 715 37 20 det
656 716 80 23 högsta
749 715 114 24 röstantal,
874 715 40 19 den

165 742 171 24 valherättigade
346 742 58 25 finge
413 741 119 21 använda."
549 742 46 19 Med
606 743 119 23 anledning
736 742 62 19 häraf
807 742 106 19 förelades

163 769 35 19 vid
215 769 52 19 1885
282 768 34 21 ärs
327 769 104 24 landtdag
441 775 27 14 en
479 769 65 24 nädig
554 769 141 24 proposition,
708 769 32 19 uti
751 769 88 19 hvilken
851 769 64 19 bland

163 797 69 18 annat
256 796 113 24 föreslogs,
391 797 34 18 att
446 797 73 24 hvarje
542 796 87 19 valman
652 796 53 24 egde
725 795 85 24 ätnjuta
824 796 91 19 rösträtt

163 823 69 24 enligt
254 822 66 20 sädan
343 823 76 24 grund,
434 824 33 18 att
482 828 27 14 en
524 823 98 19 inkomst
637 823 23 19 af
673 823 40 19 800
727 823 63 18 mark
804 823 111 19 medförde

163 854 26 15 en
212 850 47 19 röst
280 851 38 18 och
334 851 74 23 hvarje
423 849 48 20 frän
487 850 39 19 och
542 850 49 19 med
606 855 27 14 en
649 850 99 19 inkomst
763 849 23 20 af
799 849 40 20 800
853 849 62 20 mark

162 875 60 20 äsatt
237 877 97 19 skattöre
353 883 26 13 en
395 878 46 18 röst
456 877 56 19 ända
527 877 33 19 till
575 877 25 18 25
618 877 76 24 röster,
710 876 84 19 hvilket
811 881 51 14 vore
879 876 36 19 det

162 903 80 24 högsta
256 904 98 24 röstetal,
370 904 103 19 hvarmed
489 903 72 24 nägon
572 903 54 24 egde
636 904 66 19 rösta.
728 903 37 19 Ett
775 903 140 24 gemensamt

162 930 163 20 ständerbeslut
346 931 51 19 kom
419 930 67 20 likväl
501 931 47 19 icke
564 931 33 18 till
614 930 64 19 ständ
695 931 39 18 och
749 929 77 24 frägan
841 930 74 19 förföll

162 956 94 20 sälunda
270 957 32 20 för
316 957 41 20 den
373 957 93 24 gängen.

234 984 96 19 Derefter
350 985 39 18 har
407 989 27 14 en
449 984 87 24 rörelse,
552 983 116 24 äsyftande
683 984 33 19 ett
730 983 64 20 friare
810 983 39 20 och
864 984 50 19 rätt-

163 1010 70 20 visare
256 1010 86 25 valsätt,
358 1011 69 24 spridt
441 1011 34 24 sig
490 1011 34 19 till
538 1011 40 19 allt
593 1011 73 19 vidare
681 1011 86 18 kretsar
781 1011 39 18 och
836 1010 79 19 vunnit

161 1037 54 24 liflig
236 1038 135 23 anslutning.
400 1038 48 19 Men
471 1037 136 20 motständet
628 1038 48 19 mot
689 1037 72 19 denna
776 1037 80 19 rörelse
876 1037 39 19 har

161 1064 65 19 äfven
250 1064 28 24 pä
298 1065 51 18 flere
369 1064 44 19 håll
433 1065 72 18 blifvit
524 1065 104 18 starkare.
657 1063 96 20 Sålunda
773 1064 39 19 har
826 1063 7 20 i
848 1062 67 25 några

161 1091 74 19 städer
258 1091 40 19 den
317 1090 127 27 föråldrade,
465 1091 148 24 obegränsade
628 1091 125 19 röstskalan
770 1091 68 23 tagits
854 1091 7 18 i
875 1090 40 19 för-

161 1123 51 14 svar
227 1119 47 18 mot
289 1118 42 19 alla
346 1118 190 24 ändringsförsök;
552 1118 33 19 till
601 1118 40 19 och
657 1118 49 19 med
722 1118 39 19 har
776 1122 51 15 man
839 1117 31 19 uti
881 1118 32 18 ett

160 1149 38 19 par
220 1145 79 24 städer,
322 1145 89 19 hvarest
432 1145 120 19 rösträtten
573 1145 49 18 med
638 1145 49 19 stöd
703 1144 23 19 af
740 1145 39 18 och
795 1144 6 19 i
817 1144 97 23 enlighet

160 1171 49 19 med
231 1171 148 24 anvisningen
402 1172 31 19 uti
455 1171 252 24 landtdagsordningens
730 1171 25 19 12
763 1167 12 33 S
797 1171 73 19 blifvit
884 1171 30 19 in-

160 1198 100 24 skränkt,
275 1199 84 18 försökt
374 1198 117 20 återinföra
501 1199 42 18 den
555 1199 57 18 förra
623 1197 149 25 obegränsade
783 1197 130 20 röstskalan.

160 1224 32 19 En
215 1225 149 24 begränsning
386 1225 23 20 af
429 1226 119 19 rösträtten
571 1225 33 19 till
626 1225 59 24 lägre
707 1227 28 16 än
751 1225 26 18 25
791 1225 71 18 röster
876 1225 40 18 har

160 1251 111 20 härintills
286 1251 54 20 fåtts
356 1252 34 19 till
405 1251 64 20 stånd
485 1252 55 19 blott
555 1252 6 19 i
576 1252 93 23 ungefär
679 1257 27 14 en
718 1251 102 24 tredjedel
835 1251 24 19 af
871 1251 43 19 lan-

160 1278 48 19 dets
224 1279 79 18 städer.

232 1305 44 20 Och
299 1305 67 20 likväl
388 1306 65 19 hafva
469 1306 62 19 valen
547 1306 32 19 till
595 1305 106 24 samtliga
715 1305 130 23 landtdagar
860 1305 54 18 efter

160 1330 23 20 år
205 1332 53 19 1885
280 1332 98 24 tydligen
401 1332 193 24 vidhandengifvit,
618 1333 33 18 att
673 1332 44 24 der,
733 1332 90 19 hvarest
838 1336 27 14 en
880 1331 34 19 del

160 1358 89 20 valmän
264 1364 40 18 ega
314 1360 62 23 tjugu
387 1358 81 25 gånger
479 1359 24 19 så
513 1359 81 24 många
604 1360 71 18 röster
685 1363 48 14 som
745 1358 74 23 andra,
829 1358 85 19 kunnat

158 1385 96 24 inträffa,
269 1386 33 18 att
324 1386 140 19 minoriteten
487 1386 23 19 af
530 1386 133 19 valmännen
687 1385 60 19 emot
762 1385 152 24 majoritetens
