1034 1659
176 131 13 20 2
357 131 279 23 Petitionsbetänkande
652 132 45 22 N:o
712 131 40 22 60.

245 194 85 25 Denna
363 196 277 32 arbetarebostadsfråga
671 196 45 24 har
747 197 96 31 engång
870 195 62 24 förut

176 229 64 24 varit
261 230 98 24 föremål
382 230 36 24 för
441 230 147 24 Ständernas
608 230 152 32 behandling.
797 230 49 24 Vid
867 230 63 24 1891

177 265 39 22 års
235 264 116 32 landtdag
369 265 147 24 inlemnades
530 265 123 32 nämligen
667 265 25 24 af
704 265 136 23 dåvarande
853 272 78 24 repre-

176 300 126 22 sentanten
325 299 36 23 för
387 299 106 32 Wiborg,
521 300 178 23 Hofrättsrådet
717 300 25 23 L.
762 299 122 32 Clouberg,
903 306 28 16 en

175 332 100 32 petition
301 334 80 23 därom
409 336 35 21 att
471 334 25 24 af
523 334 125 24 allmänna
667 334 36 24 för
722 334 113 32 utlåning
853 334 78 30 dispo-

175 367 68 23 nibla
271 368 74 23 medel
372 368 79 24 skulle
474 371 48 21 mot
543 368 72 32 nödig
634 368 112 24 säkerhet
763 368 108 32 utgifvas
889 368 42 23 lån

177 403 29 29 på
218 401 146 33 förmånliga
377 402 80 24 vilkor
470 404 24 22 åt
506 403 147 30 kommuner,
666 402 70 32 bolag
748 402 58 24 eller
823 402 108 24 enskilde

174 443 119 24 personer,
312 436 35 24 för
365 438 35 22 att
418 437 126 24 användas
563 437 39 24 till
615 436 147 33 uppförande
775 436 25 24 af
813 436 118 24 arbetare-

175 470 114 31 bostäder,
308 470 86 25 hvilka
413 472 71 23 sedan
504 472 64 31 finge
587 479 83 25 genom
691 471 79 32 årliga
785 470 145 24 afbetalnin-

173 512 45 24 gar
236 505 25 23 af
280 505 136 25 arbetarene
434 506 98 24 inlösas.
561 506 133 24 Allmänna
712 505 219 29 besvärsutskottet,

174 539 39 23 till
232 539 75 24 hvars
328 540 147 32 behandling
493 541 96 23 ärendet
607 541 124 30 hänsköts,
750 540 97 24 anförde
868 540 7 23 i
889 539 43 24 sitt

176 574 148 24 betänkande
343 577 34 21 att
395 575 8 23 i
422 575 83 31 början
525 575 25 24 af
570 575 66 24 1870
654 575 60 24 talet
731 574 38 24 till
788 574 28 24 K.
827 574 104 24 Senaten

174 608 131 24 inlemnats
334 609 122 24 särskilda
483 610 167 31 ansökningar
677 617 35 16 om
732 609 42 23 lån
793 609 35 24 för
846 608 84 32 uppfö-

174 642 74 24 rande
276 643 25 24 af
327 644 217 24 arbetarebostäder
570 644 8 23 i
607 644 159 32 Helsingfors.
802 643 33 24 Af
862 643 69 23 dessa

174 677 167 32 ansökningar
368 678 95 24 biföllos
483 681 95 28 tvänne,
603 678 137 24 inlämnade
760 678 24 24 af
802 679 42 22 två
862 677 69 32 bolag

174 711 88 24 hvilka
289 712 8 23 i
325 713 116 23 anseende
468 713 38 23 till
534 713 43 24 sitt
604 712 190 32 allmännyttiga
819 711 111 25 ändamål

174 746 87 24 funnos
290 746 65 24 deraf
373 747 120 31 förtjänta,
511 748 43 23 och
573 748 120 31 uppdrogs
713 748 25 22 åt
756 746 175 25 Statskontoret

174 782 35 22 att
231 782 25 22 åt
277 781 103 24 nämnda
399 782 70 32 bolag
486 782 96 32 utgifva
600 784 90 21 tvänne
708 782 48 30 lån,
775 782 37 23 det
830 788 45 17 ena
893 788 37 16 om

176 814 107 31 178,000
311 816 43 23 och
381 816 38 24 det
446 817 76 23 andra
550 824 36 16 om
606 816 90 31 30,000
716 816 69 23 mark
803 815 59 24 eller
880 815 50 23 till-

174 857 123 17 sammans
321 850 106 30 208,000
448 851 75 30 mark,
543 851 129 32 utgörande
691 850 55 24 hela
763 850 42 24 den
826 850 36 24 för
880 849 51 24 till-

174 884 69 24 fället
261 884 135 32 disponibla
414 885 136 33 tillgången
569 886 8 23 i
596 885 154 32 Helsingfors
770 884 65 25 stads
854 884 76 32 bygg-

174 918 124 31 nadsfond,
325 919 128 24 hvarifrån
481 920 70 24 lånen
580 920 120 32 utgäfvos.
754 918 176 25 Länevilkoren

174 960 56 16 voro
265 952 52 33 679,
347 954 116 31 annuitet,
494 954 88 24 hvaraf
612 954 52 32 4”|,
687 956 77 22 ränta.
793 953 85 32 Några
905 954 27 22 är

174 995 85 15 senare
294 988 93 31 gjordes
412 990 62 29 ånyo
498 991 90 21 tvänne
612 988 116 24 liknande
758 988 173 31 ansökningar,

175 1022 25 23 af
218 1022 87 24 hvilka
324 1022 44 24 den
387 1030 45 16 ena
451 1024 110 31 ingifven
578 1024 24 23 af
618 1024 159 23 Arbetarenes
791 1022 7 24 i
815 1022 115 31 Helsing-

173 1056 49 24 fors
255 1056 290 34 Byggnads-Aktiebolag
572 1058 88 30 bifölls,
688 1057 99 24 hvarför
809 1058 25 22 ät
853 1056 77 24 Stats-

173 1090 109 25 kontoret
305 1092 119 32 uppdrogs
453 1095 34 21 att
505 1094 25 22 ät
549 1092 92 32 bolaget
660 1092 6 23 i
686 1093 79 30 poster
784 1099 36 15 om
840 1090 91 30 20,000

173 1125 70 23 mark
274 1128 78 22 säsom
383 1126 41 24 län
455 1128 30 30 pä
515 1127 126 23 enahanda
671 1126 81 24 vilkor
781 1133 50 16 som
859 1125 72 23 ofvan

174 1160 96 30 utgifva
300 1160 61 24 ända
392 1161 38 23 till
463 1161 107 30 200,000
600 1161 76 30 mark,
704 1160 59 24 dock
782 1160 7 23 i
809 1160 60 23 intet
887 1159 44 23 fall

173 1194 96 24 utöfver
294 1194 26 32 3],
339 1195 24 23 af
388 1196 27 23 de
439 1196 58 23 efter
522 1196 64 23 hand
610 1195 118 32 uppförda
746 1194 185 32 byggnadernas

173 1228 79 24 värde.
289 1221 34 32 Är
349 1230 64 24 1877
438 1230 94 32 gjordes
560 1230 25 24 af
612 1232 32 21 ett
664 1230 9 23 i
692 1229 101 31 Wiborg
811 1228 121 32 grundadt

173 1262 77 32 bolag,
269 1272 49 16 som
341 1264 121 24 därstädes
482 1265 89 31 begynt
589 1264 101 32 uppföra
709 1262 222 30 arbetarebostäder,

173 1298 108 24 ansökan
310 1306 36 16 om
365 1302 32 20 ett
416 1299 41 23 län
477 1299 24 24 af
522 1299 105 30 150,000
641 1298 69 24 mark
728 1306 29 15 ur
777 1297 153 32 »byggnads-

172 1332 111 32 fonden»,
315 1333 37 23 för
384 1334 146 31 utvidgande
561 1334 25 23 af
621 1333 105 31 bolagets
763 1331 167 31 verksamhet;

172 1367 95 31 bolaget
303 1368 56 32 egde
393 1368 30 24 dä
458 1368 72 24 redan
563 1368 139 32 byggnader
730 1367 38 24 till
798 1369 33 21 ett
861 1366 70 23 värde

172 1402 26 22 af
239 1402 107 30 —225,000
383 1403 75 23 mark.
495 1403 36 23 Då
562 1402 123 24 särskilda
723 1400 209 33 byggnadsfonder

172 1436 89 25 funnos
291 1438 84 23 endast
405 1438 36 22 för
471 1437 155 32 Helsingfors
657 1436 43 24 och
731 1436 93 32 Hangö,
852 1435 79 23 kunde

244 1482 141 18 Statsutskottets
397 1482 110 17 betänkande
522 1484 35 15 N:o
570 1481 27 17 14.
