1025 1656
166 84 14 18 4
344 81 277 23 Petitionsbetänkande
636 81 45 22 N:o
698 81 39 22 80.

166 154 80 22 endast
266 154 61 21 velat
346 154 107 27 redogöra
472 154 35 22 för
528 154 27 22 de
576 154 60 22 olika
660 154 145 27 synpunkter,
823 154 76 21 hvilka
915 154 5 20 i

167 190 61 21 detta
250 189 105 23 afseende
373 190 56 21 inom
448 190 114 22 Utskottet
578 190 58 27 gjort
653 190 35 27 sig
704 190 107 27 gällande.
829 203 26 2 —
873 190 48 21 Den

166 225 193 27 omständigheten
376 229 32 18 att
424 226 77 26 odöpta
519 226 55 21 barn
591 226 24 20 af
629 226 116 21 lutherska
761 225 111 22 föräldrar
883 232 37 14 nu-

167 268 60 14 mera
248 262 50 21 icke
319 262 65 27 pläga
405 266 107 22 upptagas
532 262 7 20 i
556 261 42 22 den
615 262 116 21 lutherska
751 261 170 27 församlingens

167 298 162 27 kyrkoböcker,
351 298 77 21 hvilka
447 298 39 21 hos
503 304 35 15 oss
555 298 66 20 äfven
637 297 43 22 fått
696 298 59 26 tjena
772 298 72 21 såsom
860 298 60 21 civil-

166 334 104 26 register,
292 334 40 21 har
349 334 122 21 emellertid
487 334 35 20 till
537 332 61 28 följd,
616 336 32 18 att
665 333 38 21 det
718 333 97 22 kommer
832 335 31 19 att
880 332 41 28 gif-

166 376 40 14 vas
223 371 33 20 ett
272 370 85 26 årligen
366 370 130 26 tilltagande
508 370 60 20 antal
579 369 25 21 af
612 369 70 21 finska
692 369 150 27 medborgare,
855 370 65 26 angå-

167 405 56 21 ende
244 406 89 21 hvilkas
349 405 62 22 ålder
427 406 39 20 och
483 405 58 27 fräjd
558 408 56 18 samt
630 405 143 26 skyldskaps-
789 406 40 20 och
845 405 76 21 äkten-

168 440 224 27 skapsförhållanden
409 441 113 21 äfvensom
539 441 88 27 dödliga
639 440 105 22 frånfälle
755 441 43 21 alla
809 440 112 27 offentliga

167 477 113 22 urkander
297 477 86 22 saknas.
413 477 67 22 Detta
495 476 195 23 missförhållande
706 477 35 21 får
757 477 6 21 i
781 479 32 19 ett
829 477 93 21 ordnadt

168 513 107 22 samhälle
291 513 49 22 icke
357 513 114 27 fortbestå,
489 517 51 17 utan
558 513 39 21 bör
613 513 49 21 med
678 513 38 22 det
732 516 100 19 snaraste
844 513 76 26 afhjel-

168 555 48 20 pas;
232 549 41 21 och
290 549 34 21 får
341 549 121 26 Utskottet,
482 555 45 15 som
546 549 50 21 icke
613 552 74 18 ansett
698 549 34 21 sin
743 549 88 27 uppgift
841 549 80 21 kräfva

167 585 68 27 något
257 585 110 22 bestämdt
391 585 112 21 uttalande
525 585 114 27 angående
663 585 41 21 den
721 585 86 27 åtgärd,
825 591 45 15 som
886 584 35 22 för

168 621 112 22 ernående
303 621 25 21 af
349 621 37 22 det
409 621 31 21 uti
464 621 214 27 petitionsförslaget
699 621 101 26 åsyftade
820 621 100 21 ändamål

168 657 129 26 lämpligast
320 657 68 21 borde
411 657 109 27 vidtagas,
548 657 88 21 härmed
656 657 114 21 vördsamt
788 656 83 22 föreslå
888 659 33 18 att

168 692 124 22 Ständerna
307 693 68 21 måtte
396 693 34 21 till
446 693 61 21 Hans
527 693 127 27 Kejserliga
675 693 104 26 Majestät
798 693 52 26 ingå
872 693 48 21 med

168 728 139 28 underdånig
322 729 132 21 hemställan

455 803 31 20 att
509 801 67 22 Hans
592 801 123 26 Kejserliga
731 801 102 26 Majestät
848 801 49 21 ville
913 802 7 19 i

383 837 70 22 nåder
469 836 90 28 vidtaga
574 837 80 27 åtgärd
670 843 35 15 om
721 838 32 20 att
769 837 79 26 odöpta
864 837 56 20 barn

384 874 31 21 till
431 874 145 21 medlemmar
591 873 27 27 af
631 873 113 21 lutherska
759 873 88 26 kyrkan
855 873 65 26 blefve

383 909 90 25 införda
496 910 34 20 uti
554 909 95 26 offentlig
673 909 144 26 förteckning,
842 910 78 24 uppta-

382 945 73 26 gande
474 945 66 21 deras
556 944 69 26 ålder,
640 944 71 27 fräjd,
729 944 138 26 skyldskaps-
883 944 37 21 och

384 979 278 28 äktenskapsförhållande.

241 1033 142 28 Helsingfors
400 1034 41 21 den
458 1035 27 19 26
502 1033 44 27 Maj
566 1035 62 19 1897.

239 1146 12 21 I
276 1146 103 22 ärendets
405 1147 135 27 behandling
563 1146 67 22 hafva
653 1146 94 27 deltagit
773 1145 147 22 ordföranden

167 1182 106 27 Nybergb
300 1185 55 19 samt
376 1182 149 22 ledamöterne
546 1182 74 27 Prytz,
640 1182 28 22 K.
684 1181 151 27 Jägerskiöld,
852 1182 27 20 H.
895 1181 25 21 E.

168 1217 143 28 Schroderus,
329 1218 174 28 Schwartzberg,
520 1218 110 27 Hellman,
647 1218 65 26 Lille,
727 1218 105 26 Niemelä,
844 1217 76 27 Björni

168 1254 40 21 och
224 1253 99 22 Perttilä
334 1254 112 22 äfvensom
458 1254 170 27 suppleanterne
637 1253 70 22 Adolf
714 1252 96 22 Aminoff
816 1253 39 21 och
867 1253 52 21 Eck.

235 1420 125 23 Helsingfors,
374 1421 111 22 Osakeyhtiö
497 1421 69 17 Weilin
580 1421 16 16 &
608 1421 49 17 Göös
669 1420 118 22 Aktiebolag,
801 1420 52 16 1897.
