1023 1656
205 146 13 19 4

174 216 37 21 och
227 217 22 20 är
265 216 6 20 i
285 215 129 22 betraktande
429 216 58 22 däraf
502 216 22 21 af
534 215 82 29 ömtållg
632 219 63 18 natur.
721 216 48 21 Men
783 216 36 21 där
829 216 99 22 enskildes

174 246 129 22 sträfvanden
326 246 70 28 bringa
418 245 250 23 samhällsförhällandena
683 246 6 20 i
712 246 49 25 fara,
773 246 36 21 där
824 245 63 23 måste
902 247 25 21 de

175 276 52 21 förra
242 276 112 27 begränsas.
384 276 41 28 Jag
439 275 63 28 vågar
517 276 141 26 fördensskull,
678 276 49 21 efter
747 279 30 18 att
792 276 61 22 hafva
868 276 61 22 fram-

175 305 58 22 hållit
248 306 143 22 ofvanberörda
407 305 194 25 missförhållanden,
617 305 88 27 anhålla,
720 309 30 18 att
760 306 33 21 det
807 306 122 28 högvördiga

175 335 148 23 Prästeständet
337 336 48 21 ville
401 336 68 21 förena
484 336 30 28 slg
530 343 32 14 om
577 343 25 14 en
617 335 125 29 underdånig
757 336 82 28 petition
854 336 73 26 därom,

461 397 36 20 Att
512 397 63 20 Hans
592 396 118 26 Kejserliga
725 397 97 26 majestät
839 398 6 19 i
856 395 73 23 nåder

389 428 76 19 täcktes
487 427 89 21 tillsätta
601 433 25 14 en
649 428 26 25 af
695 427 134 26 sakkunnige
854 428 74 20 bildad

389 458 82 24 komite,
489 458 41 25 för
550 459 29 18 att
596 457 123 21 undersöka
737 458 72 20 hvilka
821 459 38 24 för
869 457 59 26 jord-

391 488 86 20 brukets
490 488 38 20 och
538 486 56 21 våra
604 487 150 26 samhälleliga
759 487 169 26 förhållandens

389 518 73 20 sunda
485 518 118 25 utveckling
617 515 90 28 farliga
722 517 207 26 missförhållanden

390 548 132 25 uppkomma
533 548 27 25 af
569 548 33 20 det
613 548 90 20 allmänt
713 548 128 25 vedertagna
850 548 79 25 bruket,

391 580 29 18 att
436 578 273 25 trävaruhandelsbolagen
733 579 36 19 och
785 578 98 21 enskilda
898 579 31 25 af-

388 609 103 24 färsmän
511 609 42 24 för
576 608 117 25 skogsbruk
716 608 115 20 tillhandla
855 609 32 25 sig
903 610 26 18 ett

390 640 51 18 stort
458 638 60 20 antal
537 637 179 26 jordlägenheter,
738 637 33 28 pä
793 638 32 20 det
847 640 29 18 att
900 637 28 26 pä

390 669 101 24 grunden
511 669 27 24 af
557 668 62 21 dessa
643 668 190 25 undersökningar
857 669 71 20 kunde

390 699 97 24 vidtagas
503 699 25 19 de
544 697 103 26 åtgärder
662 699 32 19 till
713 698 107 26 stäfjande
835 699 26 24 af
870 699 59 20 miss-

390 727 174 26 förhållandena,
599 729 86 19 hvartill
717 729 210 25 omständigheterna

389 759 59 25 gifva
465 758 123 25 anledning.

249 823 124 28 Helsingfors
389 823 38 21 den
444 825 12 19 3
473 823 95 21 Februari
585 825 62 20 1897.

689 889 48 23 Edv.
756 889 100 23 Hannula.
