1003 1656
201 124 13 20 8

169 188 164 28 ifrågavarande
355 188 95 29 drycker.
481 189 35 21 De
536 189 134 29 ojämnheter
692 189 41 22 och
748 189 84 28 brister,
849 189 74 23 hvilka

171 224 88 22 vidlåda
281 224 63 22 dessa
366 225 156 29 författningar,
546 225 69 21 skulle
640 226 40 20 lätt
703 225 72 21 kunna
795 225 128 29 afhjälpas
912 220 15 38 i

170 260 104 22 händelse
289 260 108 22 desamma
409 260 68 22 blifva
492 260 159 22 underkastade
664 268 26 14 en
700 268 124 22 gemensam
834 261 89 29 gransk-

170 296 52 28 ning
238 296 41 22 och
295 296 151 29 omarbetning.
477 296 50 22 Den
548 299 58 19 stora
625 297 144 21 allmänheten
791 297 68 21 skulle
875 297 48 21 här-

170 332 86 28 igenom
277 332 68 22 blifva
364 332 108 28 förtrogen
492 332 50 22 med
562 332 74 28 lagens
658 332 166 29 bestämningar,
840 332 41 22 och
896 332 28 22 då

171 367 28 22 de
213 368 125 22 nuvarande
353 368 211 22 inkonsekvenserna
574 368 75 22 blefve
660 368 131 29 aflägsnade,
802 368 69 22 skulle
882 368 41 22 den

170 404 46 20 lära
231 404 34 28 sig
280 403 69 22 bättre
365 404 55 21 hålla
435 404 62 29 lagen
512 405 8 20 i
536 404 70 29 hälgd.

243 439 13 22 I
271 440 101 22 händelse
387 440 59 22 detta
461 441 81 28 förslag
558 448 34 14 om
609 448 26 14 en
652 441 78 20 allmän
742 441 93 21 revision
847 440 23 21 af
880 440 44 21 för-

170 475 147 29 fattningarna
331 476 89 21 rörande
436 476 129 29 rusdrycker
580 476 130 29 godkännes,
721 476 62 21 torde
795 476 36 21 det
842 477 19 28 ej
873 483 51 15 vara

171 511 76 29 nödigt
269 515 31 18 att
315 511 70 22 denna
399 512 56 29 gång
471 511 103 22 särskildt
588 515 51 26 taga
655 511 68 22 under
738 511 138 29 ompröfning
891 511 33 21 öf-

171 547 46 28 riga
232 547 81 29 förslag
327 548 9 21 i
351 548 56 28 syfte
423 551 32 18 att
470 547 104 22 förbättra
590 547 94 22 nämnda
695 547 158 28 författningar.
877 547 46 22 Vid

171 583 43 21 den
234 583 107 22 allmänna
359 584 158 29 granskningen
537 583 68 22 skulle
626 583 36 22 väl
678 583 50 22 med
744 583 100 22 säkerhet
859 583 64 21 äfven

171 619 189 29 önskningsmålen
390 619 135 22 beträffande
557 619 106 22 särskilda
698 619 226 28 detaljbestämningar

171 654 69 23 blifva
256 655 115 29 behörigen
387 655 111 22 beaktade.

243 691 55 22 Med
316 691 49 22 stöd
380 691 22 22 af
417 691 58 22 hvad
490 692 35 28 jag
540 691 38 21 här
595 691 67 22 ofvan
678 691 108 21 framstält
801 690 41 22 och
857 689 68 22 under

171 727 137 28 åberopande
331 727 23 21 af
376 727 57 22 hvad
455 728 166 28 petitionärerne
645 726 123 25 framhållit,
792 726 79 21 tillåter
890 726 35 28 jag

171 763 44 28 mig
230 763 111 22 vördsamt
360 763 78 22 föreslå
461 766 31 19 att
508 763 115 22 ständerna
641 763 51 22 ville
707 762 76 21 förena
799 763 32 27 sig
847 769 34 14 om
897 769 27 14 en

172 798 100 22 anhållan
287 799 83 21 derom:

458 849 32 19 att
513 847 61 21 Hans
591 847 120 27 Kejserliga
727 846 104 27 Mojestät
848 846 77 21 täcktes

387 883 131 21 underkasta
533 883 102 27 samtliga
652 882 168 28 lagstadganden
832 882 93 21 rörande

387 919 133 28 försäljning
540 919 29 27 af
584 919 68 27 sprit-
674 918 38 21 och
728 917 146 28 maltdrycker
889 924 34 14 re-

388 955 71 20 vision
469 956 59 19 samt
537 955 109 26 förelägga
655 955 51 20 näst
716 953 209 21 sammanträdande

389 991 87 20 ständer
491 991 82 27 förslag
585 990 34 21 till
629 997 31 20 ny
672 989 131 28 förordning
815 989 111 27 angående

388 1026 133 27 försäljning
544 1026 29 27 af
592 1026 44 21 alla
652 1026 57 26 slags
724 1025 69 28 sprit-
808 1024 39 21 och
861 1025 64 20 malt-

388 1062 94 27 drycker,
498 1062 10 20 i
518 1062 86 21 hvilken
614 1061 131 28 förordning
756 1061 170 20 kommunernas

389 1097 122 28 befogenhet
525 1099 33 19 att
568 1097 54 28 efter
632 1096 214 28 ortsförhällandena
857 1095 69 21 ordna

388 1133 128 21 hithörande
539 1133 177 28 angelägenheter
737 1131 104 22 särskildt
865 1131 61 21 borde

389 1169 91 21 beaktas.

245 1227 138 28 Helsingfors
399 1227 41 22 den
458 1228 27 21 14
501 1227 45 28 Maj
565 1228 62 21 1897.

644 1285 24 23 H.
685 1285 25 23 E.
727 1285 124 28 Wegelius.

245 1351 44 22 Om
305 1351 135 23 förestäende
455 1353 132 21 reservation
603 1351 75 22 förena
694 1351 43 28 sig:

172 1411 99 22 Herman
285 1409 112 30 Räbergh,
424 1405 17 39 =
453 1411 69 22 Josua
538 1410 132 28 Johansson,
732 1409 17 23 I.
767 1409 25 23 M.
809 1409 116 28 Tallgren.

171 1447 23 22 F.
210 1447 36 22 W.
262 1447 138 29 Lagerstedt,
462 1447 26 22 K.
502 1447 34 22 W.
553 1446 110 29 Hollmén,
740 1445 25 23 D.
782 1445 121 29 Nykänen.
