1025 1650
274 108 280 23 Petitionsbetänkande
570 108 45 24 N:o
631 109 38 22 43.
836 112 12 18 5

95 180 78 22 säkert
195 182 34 19 ett
251 180 81 22 hinder
356 180 49 22 häri
422 180 43 22 och
481 180 59 22 skall
557 180 66 22 alltid
639 180 109 22 förblifva
763 181 45 25 det,
825 182 24 20 sä

94 216 68 28 länge
179 216 145 21 officerarene
340 216 50 21 icke
406 216 97 28 tillegna
519 216 36 29 sig
571 216 116 22 soldatens
704 217 75 28 spräk,
792 216 57 23 hvil-

95 252 40 21 ket
156 252 28 28 ju
206 252 41 21 hos
271 252 39 21 det
334 251 205 29 öfverväldigande
555 252 100 21 flertalet
671 255 24 19 är
711 252 95 22 finskan.
837 252 13 22 I

96 295 86 14 samma
197 288 82 20 artikel
294 288 64 21 heter
382 288 40 21 det
444 288 89 21 vidare:
566 287 123 22 ”soldatens
713 288 136 28 uppfostran

94 323 74 21 hvilar
192 322 158 30 förnämligast
374 325 30 27 pä
424 323 200 29 kompanichefen.
656 323 54 22 Han
726 323 65 22 föder
807 323 43 22 sol-

95 359 76 26 daten,
187 358 132 22 undervisar
335 359 92 26 honom,
446 359 64 21 leder
533 359 85 21 honom
640 359 91 21 hemma
754 360 43 20 och
819 360 31 27 pä

96 394 147 26 stridsfältet;
259 394 45 21 han
327 397 25 18 är
367 394 227 29 kompanifamiljens
611 395 51 21 stöd
681 395 43 21 och
745 394 103 22 hufvud".

95 430 120 21 Erkännes
239 430 38 21 det
299 437 55 14 vara
378 430 126 21 önskvärdt
521 433 34 18 att
571 430 155 22 förhällandet
742 430 63 22 inom
820 437 29 14 en

95 465 189 29 truppafdelning
299 466 52 21 med
374 465 107 22 afseende
505 468 13 19 å
542 466 64 29 enigt
630 466 153 23 samförstånd
807 467 42 21 och

96 501 123 29 ömsesidig
234 501 168 29 framgångsrik
418 502 157 21 växelvärkan
592 502 98 21 emellan
706 502 88 21 förmän
807 502 42 21 och

95 537 174 22 underordnade
284 539 37 20 må
337 540 78 19 närma
432 537 36 29 sig
490 537 155 22 förhållandet
668 538 97 22 emellan
789 537 61 23 med-

95 574 96 21 lemmar
213 573 27 22 af
259 580 86 14 samma
361 573 82 29 familj,
460 575 25 19 så
501 573 67 22 faller
584 574 39 21 det
639 574 26 21 af
678 574 35 28 sig
729 574 71 28 själft,
815 576 35 19 att

95 608 36 23 för
152 611 55 19 våra
227 608 74 22 finska
316 611 96 26 trupper
428 609 40 21 det
484 616 169 22 gemensamma
669 609 181 29 familjespråket

96 645 81 21 endast
192 645 46 21 kan
253 652 54 14 vara
323 645 39 21 det
377 644 81 22 finska.
491 644 36 29 Ty
542 645 60 21 huru
622 645 46 21 kan
692 652 53 14 man
768 652 82 14 annars

95 680 70 22 tänka
190 681 35 27 sig
247 682 34 19 att
297 680 117 22 officerare
431 680 43 22 och
490 680 71 22 andra
577 680 96 27 förmän,
689 680 115 29 familjens
820 680 30 22 le-

96 716 73 21 dande
185 716 154 26 medlemmar,
364 716 64 22 skola
452 716 79 22 kunna
554 719 55 25 göra
633 716 133 22 förvärfvad
789 716 61 22 fack-

95 752 106 28 bildning
224 752 41 22 och
291 753 71 27 högre
386 752 132 28 intelligens
543 752 54 21 fullt
613 752 106 28 gällande
736 752 35 22 till
788 754 62 26 trup-

96 795 57 21 pens
169 787 97 22 fromma
282 788 81 21 samt
354 783 16 37 i
387 788 132 28 möjligaste
542 790 53 19 män
617 788 140 28 välgörande
779 788 71 22 värka

97 823 35 22 för
155 824 147 28 manskapets
324 823 139 29 uppfostran
479 824 37 20 till
532 824 60 28 goda
608 823 115 23 soldater?
739 837 29 3 —
784 824 66 21 Huru

97 859 58 21 skall
172 859 39 21 det
227 867 81 13 annars
324 860 80 28 lyckas
421 862 35 18 att
471 860 42 21 hos
531 860 104 21 soldaten
651 860 89 21 utbilda
756 860 94 28 begrep-

96 897 40 27 pet
152 902 37 14 om
205 895 216 28 krigsmannaheder
438 895 43 21 och
497 895 145 29 plikttrohet,
653 896 77 21 stärka
741 896 42 21 och
794 902 56 22 upp-

96 930 109 22 rätthälla
220 931 162 21 medvetandet
397 938 36 14 om
449 938 29 14 en
494 931 36 21 till
554 933 93 19 tronens
671 932 42 20 och
737 930 113 23 fädernes-

96 967 90 21 landets
203 966 88 22 försvar
307 969 61 19 emot
384 968 62 26 yttre
464 966 42 22 och
522 966 49 22 inre
587 966 86 22 fiender
689 967 77 21 kallad
776 967 75 28 kriga-

96 1010 36 14 res
148 1002 61 28 höga
224 1001 174 23 bestämmelse?

168 1038 43 22 Uti
241 1037 201 29 kompanichefens
471 1037 152 22 omförmälda
648 1038 203 28 maktpäliggande

97 1074 54 22 värf
170 1076 25 19 är
215 1074 45 21 han
275 1074 111 21 hänvisad
403 1076 34 18 att
454 1074 56 21 söka
527 1074 42 20 och
585 1072 89 23 utbilda
690 1074 35 28 sig
741 1073 111 29 medhjäl-

96 1117 55 22 pare
172 1110 36 21 till
224 1112 83 19 största
323 1109 67 22 delen
406 1109 70 22 bland
493 1109 28 22 de
538 1109 35 22 för
590 1109 77 22 facket
684 1109 95 29 specielt
794 1117 56 21 upp-

97 1146 101 22 fostrade
227 1153 73 22 yngre
326 1145 125 27 officerare,
478 1145 80 22 hvilka
585 1145 86 29 årligen
697 1145 155 22 utdimitteras

96 1182 52 21 från
163 1182 110 21 Finlands
289 1182 58 21 enda
362 1181 200 26 militärlärovärk,
576 1181 275 29 uppfostringsanstalten

96 1218 36 21 för
152 1217 118 22 blifvande
291 1217 116 22 officerare
424 1218 39 20 vid
479 1217 90 21 landets
586 1219 102 27 trupper.
719 1217 81 28 Enligt
815 1216 36 22 för

97 1254 74 20 denna
187 1253 85 21 anstalt
287 1253 105 29 gällande
408 1252 91 29 Nådiga
517 1252 140 29 reglemente
668 1252 40 22 har
720 1253 131 21 densamma

96 1289 36 21 till
156 1289 105 21 ändamål
282 1288 27 30 ”ej
334 1289 89 21 mindre
444 1288 95 22 infödde
561 1288 72 22 finske
661 1288 135 29 ynglingars
812 1287 39 22 all-

96 1328 83 18 männa
199 1325 175 28 vetenskapliga
395 1324 107 29 bildning
519 1327 28 19 än
563 1324 133 29 isynnerhet
713 1325 65 21 deras
794 1331 57 21 upp-

97 1360 88 22 fostran
209 1361 43 21 och
275 1361 105 28 bildning
404 1360 36 22 till
462 1360 118 22 officerare
601 1360 35 22 för
653 1360 160 28 militärtjänst
828 1358 28 22 af

96 1396 45 21 alla
166 1396 63 29 slag',
254 1397 42 21 och
319 1399 73 19 måste
416 1397 40 21 det
477 1396 39 22 väl
539 1404 67 14 anses
623 1398 34 20 att
672 1397 34 21 uti
722 1396 63 22 detta
801 1402 50 21 pro-

168 1444 108 19 Allmänna
287 1445 184 23 petitionsutskottets
484 1445 118 18 betänkande
614 1444 38 19 N:o
664 1445 30 17 22.
