1020 1653
309 111 308 28 Petitionsmemorial.

201 182 73 28 Borg.
289 183 29 21 st.
635 182 45 22 N:o
697 182 37 22 58.

247 500 48 19 Till
314 500 135 25 Vällofliga
468 500 219 25 Borgareståndet.

166 578 58 20 Inom
244 578 34 19 det
296 578 131 20 ekonomiska
442 578 58 19 lifvet
516 578 7 19 i
539 579 49 19 våra
604 578 65 25 dagar
685 578 67 26 spelar
768 580 76 16 använ-

95 607 76 21 dandet
187 608 23 20 af
223 608 103 20 såkallade
341 607 87 27 löpande
443 607 164 26 förskrifningar,
625 608 49 19 eller
687 607 112 24 urkunder,
810 606 35 20 vid

94 637 71 20 hvilka
188 644 26 13 en
237 637 146 26 fordringsrätt
403 640 23 17 är
446 638 24 19 så
488 640 51 17 nära
555 638 112 24 anknuten,
683 640 31 17 att
730 637 25 19 de
771 639 73 23 utgöra

95 667 40 20 den
150 667 53 20 enda
218 667 92 25 grunden
327 667 31 20 för
373 667 67 20 denna
456 670 47 21 rätt,
520 673 26 14 en
561 667 82 26 mycket
653 666 137 21 framstående
800 665 44 20 roll.

95 697 48 20 Man
159 697 38 20 har
212 697 32 19 till
260 697 36 19 och
317 697 46 20 med
379 698 56 19 svårt
451 700 31 17 att
498 697 103 20 föreställa
620 697 38 25 sig,
677 697 53 19 huru
746 703 46 13 man
808 703 36 12 nu-

94 733 56 13 mera
166 727 66 20 skulle
247 727 70 19 kunna
332 727 50 20 reda
397 727 32 25 sig
444 727 8 19 i
462 727 40 20 den
513 727 82 26 dagliga
606 727 139 25 samfärdseln,
756 733 31 12 om
798 733 46 12 man

95 757 18 25 ej
129 756 53 20 hade
204 759 30 17 att
252 757 58 25 tillgå
331 757 60 20 dessa
406 757 141 20 innehafvare-
566 757 37 19 och
619 756 138 26 orderpapper
772 756 6 19 i
794 755 51 20 fvim

95 786 24 20 af
131 793 99 18 reverser,
245 787 75 25 vexlar,
337 787 138 25 anvisningar,
496 787 139 25 obligationer,
655 785 189 27 depositionsbev:s,

95 816 163 24 konnässement,
282 819 101 17 warrants
405 823 25 13 m.
450 823 32 18 m.
503 817 72 19 hvilka
595 819 50 23 göra
666 816 35 19 det
721 815 79 26 möjligt
815 822 18 12 ai

96 845 116 27 öfverflytta
231 853 25 12 en
276 846 84 20 fordran
379 847 7 18 i
406 847 116 25 penningar
542 846 49 20 eller
611 853 61 13 varor
690 846 46 19 från
752 850 46 15 man
815 845 30 20 till

95 883 52 18 man,
162 878 51 17 utan
236 879 30 16 att
281 879 127 22 mottagaren
427 876 21 20 af
463 883 25 12 en
508 876 87 19 sälunda
610 875 131 26 öfverflyttad
761 875 84 20 fordran

94 905 99 20 behöfver
207 905 76 27 befara,
300 909 30 16 att
345 906 125 25 gäldenären
486 906 69 19 kunde
571 905 134 26 undandraga
721 905 33 26 sig
769 907 31 18 att
815 904 31 20 till

95 935 40 20 den
151 942 40 19 nye
211 935 181 26 fordringsegaren
412 936 88 25 fullgöra
516 935 40 20 den
577 942 73 19 genom
673 935 172 25 förskrifningens

95 965 124 19 utfärdande
235 967 75 23 ätagna
325 965 147 26 förpligtelsen,
493 965 66 20 under
573 965 135 20 förebärande
723 965 23 19 af
759 967 31 17 att
805 965 41 19 han

95 994 64 20 redan
177 995 31 19 till
230 994 39 20 den
289 995 144 26 ursprunglige
452 995 180 25 fordringsegaren
648 995 55 26 gjort
719 993 128 26 afbetalning

96 1025 12 18 &
129 1024 30 20 sin
181 1024 61 20 skuld
262 1025 49 19 eller
332 1027 29 17 att
382 1025 40 19 han
444 1031 37 13 var
496 1025 115 25 berättigad
631 1027 31 17 att
677 1025 67 25 gvitta
760 1024 31 19 sin
807 1023 39 20 för-

95 1054 92 20 bindelse
202 1054 77 20 medels
288 1061 25 13 en
324 1054 125 20 motfordran
460 1055 38 19 hos
508 1054 66 20 denne
585 1055 145 25 ursprunglige
739 1055 107 24 borgenär.

168 1084 51 19 Men
240 1084 66 20 denna
327 1084 39 20 den
386 1084 87 26 löpande
493 1084 171 25 förskrifningens
689 1084 104 26 egenskap
816 1085 31 18 att

96 1113 87 20 sälunda
208 1115 13 18 &
241 1120 38 14 ena
299 1114 60 19 sidan
378 1117 73 22 utgöra
472 1114 40 19 den
532 1114 52 20 enda
604 1114 94 26 grunden
717 1114 31 20 för
764 1120 25 13 en
804 1113 43 20 viss

96 1143 83 20 fordran
203 1143 38 20 och
261 1145 12 18 &
293 1144 40 19 den
354 1144 64 19 andra
438 1144 54 25 gälla
512 1144 32 19 till
560 1144 35 20 sitt
610 1144 50 19 fulla
675 1144 63 19 värde
754 1144 7 19 i
776 1143 72 25 hvarje

96 1173 143 20 innehafvares
257 1173 62 25 hand,
339 1181 42 12 som
402 1177 23 16 är
442 1174 7 19 i
465 1173 42 26 god
526 1177 38 22 tro,
579 1173 56 20 leder
650 1174 32 19 till
697 1174 56 19 vissa
768 1173 79 25 svärig-

96 1203 63 23 heter,
175 1203 27 20 dä
217 1203 35 20 det
267 1203 46 20 med
331 1203 61 20 dessa
407 1204 128 25 egenskaper
552 1203 96 20 försedda
663 1203 184 26 fordringsbeviset

96 1232 98 21 förstöres
216 1233 50 20 eller
285 1233 127 20 förkommer.
443 1234 30 19 På
495 1233 34 20 det
550 1236 30 17 att
601 1233 40 20 den
661 1233 92 26 verklige
772 1239 75 19 egaren

97 1262 31 19 till
143 1269 25 13 en
184 1263 35 19 vid
235 1269 25 14 en
276 1263 64 20 sädan
355 1263 137 25 förskrifning
507 1263 83 20 bunden
605 1263 83 20 fordran
705 1263 45 20 icke
765 1263 33 19 mä
814 1262 34 20 be-

97 1292 69 20 röfvas
181 1292 31 20 sin
234 1295 41 17 rätt
290 1293 30 19 till
336 1293 77 20 förmon
429 1292 31 20 för
475 1293 124 25 gäldenären
616 1293 48 19 eller
675 1299 25 13 en
716 1299 75 18 annan,
806 1299 42 13 som

96 1321 47 20 med
158 1324 54 17 orätt
227 1322 110 20 bekommit
352 1322 35 20 det
402 1322 31 20 till
446 1322 148 20 innehafvaren
605 1322 68 20 stälda
683 1322 49 20 eller
743 1322 21 20 in
775 1322 72 19 blanco

97 1351 136 20 endosserade
248 1355 87 23 pappret
350 1352 7 19 i
373 1352 44 20 sina
432 1352 86 26 händer,
534 1352 38 20 har
587 1352 157 26 lagetiftningen
760 1354 41 18 sett
816 1352 33 24 sig

97 1384 92 23 tvungen
208 1384 30 17 att
257 1382 65 19 införa
341 1384 30 17 ett
386 1382 102 20 säkalladt
503 1381 280 25 mortifikationsförfarande,
800 1381 49 19 eller

97 1413 30 17 ett
143 1411 168 25 tillvägagäende,
327 1412 132 25 hvarigenom
475 1415 31 16 ett
526 1411 86 20 sålunda
627 1411 99 20 förloradt
742 1412 49 19 eller
808 1410 41 21 för-
