1048 1656
243 171 37 17 Det
293 172 21 16 är
326 170 111 22 visserligen
450 172 48 20 sant,
510 172 28 16 att
551 175 23 13 en
587 171 50 22 slags
650 171 65 22 början
727 168 65 19 härtill
804 168 58 18 redan
871 166 62 18 blifvit

175 199 62 23 gjord;
253 199 42 17 från
311 200 21 16 år
348 199 44 17 1875
407 199 29 17 till
453 199 117 17 närvarande
587 199 28 18 tid
631 199 54 18 hafva
698 198 94 23 nämligen
804 203 23 12 ur
839 196 94 18 allmänna

175 228 109 18 statsmedel
303 228 28 17 för
351 228 116 22 uppförande
486 228 21 17 af
520 228 176 18 arbetarebostäder
711 227 85 23 utgifvits
811 227 29 22 sju
855 226 32 17 lån
903 230 29 12 om

175 257 123 17 tillsammans
310 257 75 21 585,000
398 256 58 22 mark,
468 256 67 18 hvaraf
541 256 29 18 för
579 256 117 18 närvarande
706 256 67 23 ogulda
782 255 69 18 återstå
859 253 75 22 395,000

176 286 57 17 mark.
258 286 44 18 Men
315 286 73 17 oafsedt
401 286 36 17 den
450 285 144 23 omständighet,
607 287 26 16 att
646 285 57 23 sagda
716 285 67 22 belopp
796 286 21 16 är
827 283 54 18 altför
890 282 44 18 obe-

176 314 68 23 tydligt
256 314 28 18 för
297 316 27 16 att
339 315 3 17 i
355 314 89 18 nämvärd
456 314 46 23 grad
514 314 64 18 kunna
591 314 64 18 utöfva
665 313 103 24 inflytande
780 313 24 23 på
819 312 116 18 förbättran-

176 343 32 17 det
221 343 21 17 af
252 343 224 21 bostadsförhållandena,
490 343 35 17 bör
537 348 42 12 man
592 343 101 18 observera
705 344 26 16 att
743 342 55 18 dessa
809 341 31 17 lån
849 340 86 22 beviljats

177 372 67 17 endast
255 372 29 17 till
299 372 72 22 belopp,
384 372 130 18 motsvarande
527 372 23 18 50
556 372 22 20 %
591 372 19 18 af
621 372 102 22 gårdarnes
734 370 61 22 värde,
804 370 72 18 hvadan
885 369 50 17 bola-

177 406 35 17 gen
225 401 73 17 kunnat
310 400 55 18 träda
377 401 6 17 i
396 401 120 17 verksamhet
528 400 67 18 endast
607 406 66 17 genom
687 402 27 15 att
725 400 42 17 från
777 401 57 15 annat
842 398 38 17 håll
889 403 47 17 upp-

176 431 44 20 taga
232 429 114 22 tilläggslån.
372 429 40 18 Och
428 429 120 18 erhållandet
564 429 20 18 af
596 429 31 18 lån
642 429 6 18 i
665 429 55 18 dessa
735 428 33 17 fall
783 429 20 16 är
819 427 117 22 naturligtvis

177 458 39 17 helt
232 458 36 17 och
284 458 58 17 hållet
356 458 95 18 beroende
464 457 20 18 af
496 463 22 12 en
531 458 71 23 lycklig
613 457 122 24 tillfällighet.
760 456 68 19 Såvida
840 461 42 12 man
895 455 42 18 där-

177 487 29 18 för
224 487 24 23 på
264 489 27 16 ett
306 487 136 18 verksammare
460 489 37 16 sätt
512 487 71 18 önskar
599 487 90 23 befrämja
705 485 124 24 uppförandet
844 485 20 18 af
877 484 60 18 sunda

178 516 180 21 arbetarebostäder,
374 516 33 17 bör
423 516 31 17 det
470 516 113 18 bestämmas
599 518 28 15 att
641 516 31 17 lån
685 516 29 17 till
727 515 67 23 belopp
807 513 129 19 motsvarande

178 545 113 18 åtminstone
304 545 21 22 3/+
337 545 20 17 af
368 545 80 22 gårdens
461 545 56 18 värde
531 545 46 18 böra
589 545 88 23 utgifvas.
702 545 23 17 Vi
739 544 29 18 för
776 545 33 17 vår
817 544 31 18 del
857 546 28 15 tro
894 543 42 18 icke

178 575 28 16 att
224 579 23 12 en
264 573 51 23 dylik
331 573 89 23 utvidgad
436 573 86 23 utlåning
537 573 62 18 skulle
615 573 28 18 för
659 575 60 16 staten
736 573 85 18 medföra
835 571 102 19 nämnvärd

178 602 46 21 risk,
240 604 19 21 ty
276 602 55 17 dessa
346 602 65 23 bolags
427 602 93 23 egenskap
537 604 26 16 att
578 602 61 17 tillika
654 607 44 13 vara
711 607 23 12 en
750 601 146 23 sparinrättning
909 600 29 18 för

179 631 73 17 mindre
269 631 109 18 bemedlade
394 631 82 18 skänker
493 631 117 22 långifvaren
626 637 23 12 en
666 631 79 18 särskild
762 630 175 23 fyllnadssäkerhet.

249 659 64 23 Enligt
328 660 32 17 vår
376 660 56 17 tanke
447 665 43 12 vore
504 660 33 18 det
549 660 136 22 otvifvelaktigt
698 661 47 16 mest
757 659 100 18 önskvärdt
869 661 32 19 att,
913 659 24 22 på

180 690 36 16 sätt
228 689 7 17 i
248 689 62 22 Norge
323 688 88 22 förfarits,
424 689 135 18 kommunerna
571 691 43 20 toge
627 689 61 18 denna
700 689 34 17 sak
743 694 28 12 om
780 688 49 17 hand
839 688 34 17 och
883 687 55 18 dessa

180 717 20 18 af
211 719 62 16 staten
286 717 49 22 finge
347 717 30 18 till
390 717 40 18 läns
444 717 66 22 medel,
523 717 64 18 hvilka
601 718 23 17 de
635 717 83 18 därefter
727 717 60 18 skulle
798 717 69 22 utgifva
877 716 60 17 såsom

180 746 30 17 lån
229 746 30 18 för
279 746 115 23 uppförande
411 746 20 17 af
446 746 181 18 arbetarebostäder.
655 747 44 17 Men
715 746 78 18 emedan
809 746 57 17 saken
881 744 57 18 likväl

180 775 41 17 icke
234 775 54 18 torde
301 775 63 17 kunna
376 775 72 18 lämnas
461 775 40 18 helt
514 776 33 17 och
561 775 58 18 hållet
631 776 19 17 åt
663 775 143 18 kommunernas
816 773 122 19 bedrifvande

181 803 67 21 allena,
260 803 58 18 borde
332 803 22 18 de
367 803 21 18 af
398 809 30 12 oss
441 804 106 23 föreslagna
560 804 56 18 låven
630 804 79 23 utgifvas
722 804 19 17 åt
753 803 70 18 sådana
835 803 56 18 bland
902 802 36 18 den

182 832 72 18 mindre
271 832 109 18 bemedlade
396 833 134 22 befolkningen
546 833 75 18 bildade
634 833 60 22 bolag,
707 833 63 17 hvilka
783 832 54 17 hafva
849 831 28 18 till
891 831 47 23 syfte

182 863 28 15 att
222 861 79 22 uppföra
314 861 88 18 bostäder
415 862 6 17 i
434 861 76 18 främsta
522 864 80 15 rummet
614 861 29 18 för
656 862 151 22 bolagsmännen.

250 889 28 18 På
292 889 61 23 grund
368 889 21 18 af
403 890 32 17 det
447 891 17 16 vi
478 891 34 17 här
525 890 53 18 ofvan
591 891 6 16 i
611 891 74 17 korthet
697 889 61 19 anfört
771 889 18 18 få
802 890 17 17 vi
833 891 44 16 äran
890 889 49 17 före-

182 918 27 17 slå
222 923 23 13 en
259 918 118 22 underdånig
389 919 78 22 petition
480 918 64 18 derom

354 948 26 16 att
392 947 24 22 af
425 948 97 17 allmänna
535 948 102 17 statsmedel
651 947 55 18 måtte
723 947 76 21 beviljas
811 948 23 16 ett
847 946 62 23 belopp
918 946 25 22 af

286 976 50 17 ända
348 976 29 17 till
389 976 103 22 1,000,000
504 976 54 18 mark
569 978 28 16 att
609 976 97 18 användas
719 976 32 18 till.
759 975 107 23 utgifvande
878 975 24 22 af
907 975 32 17 lån

286 1006 47 16 emot
350 1004 40 23 49/0
408 1006 56 16 ränta
480 1005 30 22 för
525 1005 117 23 uppförande
657 1005 24 22 af
696 1005 62 17 sunda
775 1004 165 18 arbetarebostäder

458 1035 20 21 a)
498 1034 19 17 ät
535 1034 112 22 kommuner,
663 1040 40 12 som
717 1034 65 17 därom
797 1033 82 21 anhälla,
893 1034 47 16 utan

389 1062 82 18 särskild
482 1063 85 21 säkerhet,

460 1092 18 20 0)
497 1091 19 17 ät
534 1091 57 23 bolag,
609 1091 62 18 hvilka
689 1091 62 23 åsyfta
767 1090 90 18 bostäders
873 1089 66 23 uppfö-

390 1120 58 18 rande
468 1120 8 17 i
493 1120 80 22 främsta
589 1122 79 16 rummet
685 1120 31 22 för
731 1120 148 22 bolagsmännen,
894 1120 47 16 emot

392 1149 198 23 inteckningssäkerhet
611 1149 30 17 till
658 1149 69 23 belopp,
745 1148 128 18 motsvarande
891 1147 50 18 ända

391 1178 30 18 till
433 1178 114 22 trefjerdelar
559 1178 24 22 af
591 1178 35 17 den
638 1178 106 18 intecknade
755 1177 79 23 gårdens
846 1176 24 23 af
879 1176 62 18 värde-

391 1207 100 23 ringsmän
502 1207 122 23 uppskattade
636 1207 58 17 värde.

255 1258 117 22 Helsingfors
385 1258 35 18 den
433 1258 11 18 8
456 1259 91 18 Februari
561 1259 48 19 1897.

254 1321 44 22 Otto
314 1322 104 21 Stenroth.
751 1322 48 27 Aug.
815 1322 58 26 Hjelt.

345 1431 125 23 Helsingfors,
482 1432 16 17 J.
512 1432 19 17 C.
544 1432 98 17 Frenckell
656 1432 15 17 &
683 1431 43 22 Son,
740 1431 49 18 1897.
