1034 1653
790 137 25 18 31

170 195 59 27 38:0)
246 196 34 19 att
295 194 64 21 Hans
375 193 131 29 Kejserliga
530 193 109 28 Majestät
655 194 53 21 ville
724 194 47 20 låta
786 193 64 21 verk-

99 229 67 22 ställa
180 237 120 20 noggrann
317 229 112 21 statistisk
451 229 125 28 utredning
590 229 96 21 rörande
703 228 146 22 arbetareför-

99 265 135 21 hållandena
249 264 62 22 inom
327 265 27 20 de
370 264 143 21 industriella
530 265 88 28 yrkena
634 264 118 22 äfvensom
761 266 30 26 på
801 267 49 18 när-

100 308 60 13 mare
176 300 117 21 bestämda
309 300 74 21 vilkor
399 300 140 21 understöda
555 300 83 21 sådana
649 299 35 22 för
695 299 102 28 manliga
808 299 41 21 och

99 335 103 29 kvinliga
224 336 102 20 arbetare
350 335 64 22 öfver
445 336 131 21 skolåldern
602 335 94 21 afsedda
719 335 131 22 elementar-

100 371 261 28 undervisningskurser,
386 378 48 14 som
458 372 60 20 visat
541 371 35 28 sig
596 371 193 27 ändamålsenliga
809 370 40 22 och

100 407 74 21 tillika
190 406 88 28 åtnjuta
294 406 81 28 bidrag
391 406 26 22 af
430 406 170 22 vederbörande
617 407 144 25 kommuner;

172 443 58 27 39:0)
248 444 33 19 att
296 442 64 21 Hans
375 442 109 29 Majestät
499 444 79 24 måtte,
589 444 56 19 utan
656 444 34 18 att
700 441 151 22 öfverhöfvan

100 478 123 21 inskränka
239 477 213 22 folkskolelärarnes
469 478 111 28 rättighet
594 480 33 18 att
638 477 118 28 samtidigt
767 477 84 21 ansöka

100 513 54 21 flere
170 513 103 28 tjenster,
289 513 46 21 låta
355 513 93 28 vidtaga
472 513 106 28 åtgärder
601 513 35 21 för
656 512 157 29 aflägsnandet
829 511 26 22 af

101 549 27 21 de
152 548 153 28 olägenheter,
329 556 49 14 som
401 549 73 21 under
497 556 31 13 nu
552 548 106 28 gällande
682 548 169 27 bestämningar

101 584 99 28 härflyta
215 592 27 12 ur
257 584 155 28 nyssnämnda
427 584 121 28 rättighet;

173 620 59 27 40:0)
248 621 33 19 att
297 621 24 19 åt
335 619 68 28 bolag
427 620 55 20 eller
505 619 138 28 föreningar,
668 626 48 14 som
732 618 69 22 hafva
817 618 35 21 till

102 654 93 29 uppgift
218 654 153 29 uppförandet
394 655 23 20 af
441 656 72 20 sunda
538 655 107 21 bostäder
661 654 35 21 för
712 654 140 21 arbetarebe-

102 690 134 28 folkningen
252 691 6 20 i
274 690 89 21 landets
380 690 82 25 städer,
479 692 71 19 måtte
566 689 90 22 utöfver
668 690 27 21 de
706 690 38 21 lån
755 689 97 28 bolagen

102 726 55 21 eller
178 725 160 28 föreningarna
361 726 88 21 kunnat
473 734 26 13 ur
524 726 89 28 privata
629 726 72 21 källor
718 725 91 25 erhålla,
826 732 26 13 ur

103 761 113 21 allmänna
242 761 132 21 statsmedel
399 764 48 18 mot
473 761 253 28 inteckningssäkerhet
751 760 101 29 utgifvas

103 797 137 28 tilläggslån,
256 797 159 21 motsvarande
439 797 96 28 ungefär
558 805 28 13 en
610 797 110 28 tredjedel
738 796 26 21 af
776 795 77 28 fastig-

104 833 80 20 hetens
200 832 255 29 uppskattningsvärde,
473 835 24 19 så
513 835 35 19 att
563 833 39 21 det
614 832 169 28 sammanlagda
794 831 59 21 låne-

103 868 109 28 beloppet
227 870 88 26 uppgår
332 868 34 21 till
390 869 68 27 högst
483 868 128 28 sjuttiofem
634 870 94 26 procent
745 868 23 21 at
784 867 69 28 sagda

103 903 81 26 värde;

175 940 59 27 41:0)
252 941 33 19 att
301 939 28 21 de
345 939 35 21 för
396 939 89 21 landets
497 939 108 21 kartverk
616 939 144 27 nödvändiga
772 937 81 29 grund-

104 975 113 27 läggande
240 975 133 27 geodetiska
397 975 42 20 och
463 975 166 20 astronomiska
653 974 107 21 arbetena
783 975 70 19 måtte

104 1010 51 20 med
173 1010 38 21 det
227 1009 70 22 första
321 1010 92 28 bringas
438 1010 36 20 till
497 1010 181 28 verkställighet,
695 1011 59 19 samt
770 1010 33 19 att
819 1007 35 22 för

104 1046 63 20 detta
183 1045 103 21 ändamål
303 1046 42 20 och
362 1045 35 21 för
412 1045 134 21 utförandet
562 1045 26 21 af
600 1043 253 30 precisionsnivellerin-

104 1088 70 20 garna
190 1088 28 13 en
234 1081 94 21 särskild
353 1081 118 28 geodetisk
495 1080 137 22 kommision
651 1080 117 28 samtidigt
783 1081 71 19 måtte

104 1116 108 25 inrättas
204 1112 13 34 ;

176 1152 60 27 42:0)
252 1153 35 19 att
303 1159 27 13 en
347 1152 154 28 transportled
517 1152 36 21 för
569 1152 65 20 stock
650 1151 50 21 frän
716 1150 76 22 Saima
807 1154 48 17 vat-

105 1187 96 27 tendrag
217 1186 35 22 till
268 1188 129 27 Kymmene
413 1187 43 21 elfs
473 1189 167 25 vattensystem
656 1186 76 22 blefve
749 1186 50 21 med
816 1185 38 21 all-

104 1225 83 18 männa
202 1223 132 21 statsmede]
349 1223 99 21 inrättad
465 1223 42 21 och
524 1222 148 22 underhållen
688 1224 58 19 samt
762 1221 35 21 till
817 1220 38 22 all-

104 1260 63 19 mänt
183 1258 148 28 begagnande
348 1261 48 18 mot
411 1258 108 21 faststäld
536 1258 68 28 afgift
620 1258 119 28 upplåten;

176 1294 59 27 43:0)
245 1296 34 18 att
286 1294 83 28 nädiga
378 1294 164 28 förordningen
550 1294 26 20 af
582 1294 44 20 den
634 1296 12 18 8
656 1293 125 22 December
791 1294 64 24 1873,

104 1329 116 27 angäende
244 1328 273 29 kommunalförvaltning
533 1329 7 20 i
557 1329 57 25 stad,
632 1329 41 21 och
692 1327 163 28 förordningen

104 1363 26 22 af
143 1364 44 21 den
204 1366 26 19 15
247 1363 100 29 Augusti
363 1366 64 23 1883,
443 1364 157 21 innefattande
612 1364 110 21 särskilda
734 1362 122 28 ändringar

104 1399 6 20 i
128 1399 137 26 densamma,
281 1401 70 19 mätte
367 1399 151 21 underkastas
540 1400 98 21 revision
653 1399 8 21 i
677 1399 27 21 de
721 1399 69 24 delar,
807 1405 48 13 som

104 1434 81 21 beröra
202 1435 128 27 grunderna
346 1435 42 20 och
405 1436 70 19 sättet
491 1434 35 22 för
543 1435 43 20 den
600 1434 146 21 kommunala
757 1433 98 21 beskatt-
