1003 1656
184 124 14 22 2
394 124 251 23 Petitionsbetänkande
659 124 38 22 N:o
713 123 34 23 51.

184 192 148 28 reglerandet
357 192 26 22 af
405 192 153 22 helsovärden
584 192 43 22 och
649 192 294 29 undervisningsväsendet

185 228 59 19 samt
258 226 119 22 befordrat
392 227 238 22 kommunikationers
646 228 43 20 och
703 228 121 28 näringars
835 227 106 29 upphjel-

185 261 97 28 pande",
305 261 42 22 hos
371 262 130 22 Ständerna
518 262 118 28 tillstyrka
653 262 77 28 någon
745 262 81 28 åtgärd
841 262 8 20 i
864 262 78 21 anled-

184 295 58 29 ning
265 296 26 20 af
310 296 230 29 petitionsförslaget,
560 296 96 22 emedan
674 296 39 21 det
731 296 53 22 med
799 296 91 28 hänsyn
904 295 37 21 till

185 329 39 22 det
247 330 148 22 kommunala
417 331 43 21 och
482 331 112 28 politiska
612 330 79 22 lifvets
706 330 9 21 i
729 330 79 22 landet
823 330 67 28 ringa
905 332 36 19 ut-

185 364 110 28 veckling
317 372 40 14 var
376 365 166 28 tvifvelaktigt,
559 364 116 22 huruvida
689 364 165 22 institutionen
870 364 71 21 redan

185 398 28 21 dä
228 398 75 22 skulle
319 399 102 21 medföra
436 400 77 28 någon
528 399 92 29 verklig
634 400 68 27 nytta
717 400 61 20 samt
793 398 146 29 ifrågasättas

184 432 84 29 kunde,
292 440 37 14 om
353 434 131 21 densamma
507 434 57 28 egde
586 434 71 28 något
679 434 52 20 stöd
747 434 8 20 i
770 433 85 21 folkets
873 434 67 20 rätts-

184 467 153 21 medvetande
359 468 56 21 eller
437 468 9 21 i
468 470 34 19 ett
520 468 99 21 erkändt
641 467 76 28 behof,
737 468 42 21 och
795 475 53 14 man
864 467 76 21 derför

184 501 58 21 hade
265 504 34 19 att
320 502 78 22 befara
413 504 34 19 att
462 502 169 28 institutionen,
647 502 74 21 såsom
739 502 117 22 sannolikt
871 501 68 22 fram-

183 535 109 23 kallande
307 544 46 20 nya
367 536 128 29 utskylder,
512 537 91 21 komme
618 538 35 20 att
668 538 127 26 emottagas
805 536 53 22 med
870 536 70 28 ovilja

184 570 56 21 eller
256 570 139 22 åtminstone
410 571 53 21 med
477 570 138 30 liknöjdhet.
637 571 12 21 I
665 570 104 29 enlighet
783 571 53 21 med
850 570 89 21 utskot-

183 606 45 20 tets
244 604 87 29 förslag
345 605 46 21 fick
408 605 69 21 också
492 606 82 28 frågan
590 605 98 22 förfalla.

253 638 46 22 Vid
320 639 102 29 följande
445 640 56 21 eller
520 641 112 21 1877—78
649 640 34 20 års
699 639 111 28 landtdag
825 638 114 22 framstäl-

184 672 39 22 des
245 673 9 21 i
276 673 171 29 Ridderskapet
470 674 42 22 och
534 674 76 21 Adeln
632 677 59 18 samt
711 673 173 22 Presteståndet
899 673 40 21 två

183 707 113 21 särskilda
317 708 200 29 petitionsförslag
540 708 8 22 i
568 716 86 14 samma
669 708 67 28 syfte.
766 707 171 29 Lagutskottet,

183 748 48 14 som
254 741 29 21 då
302 742 58 21 hade
378 744 34 20 att
426 743 121 21 förbereda
562 743 75 27 saken,
655 742 110 22 framhöll
780 742 9 21 i
804 742 41 21 sitt
860 742 79 21 betän-

183 776 76 21 kande
274 778 35 19 att
323 777 115 21 utskottet
452 777 83 21 trodde
551 778 36 28 sig
597 778 79 20 kunna
687 779 84 26 antaga
780 778 34 20 att
822 776 117 28 åsigterna

183 816 37 15 om
242 810 182 29 tidsenligheten
446 811 26 21 af
487 819 29 13 en
531 811 234 29 länsrepresentation
781 810 114 22 måhända
909 810 30 21 då

182 851 56 15 voro
262 844 76 28 andra,
362 849 29 17 än
410 846 40 21 vid
466 846 44 21 den
524 845 192 29 nästföregående
731 845 147 28 landtdagen,
896 844 42 22 och

182 878 129 29 tillstyrkte
333 879 9 21 i
363 880 132 21 hufvudsak
513 880 120 28 förslaget;
653 880 117 21 hvarefter
785 879 129 22 Ständerna
929 879 9 21 i

182 912 85 22 aflåten
290 914 144 28 underdånig
449 914 124 22 skrifvelse
589 914 92 22 anhöllo
698 922 37 14 om
750 914 71 28 nådig
836 914 102 28 proposi-

181 946 51 22 tion
254 948 9 20 i
286 950 82 19 ämnet.
398 948 36 21 En
457 949 150 27 proposition,
630 948 97 22 affattad
749 949 8 21 i
772 948 166 28 hufvudsaklig

182 980 238 23 öfverensstämmelse
449 983 54 21 med
529 983 168 28 förordningen
722 990 37 14 om
785 982 119 28 landsting
929 982 8 21 i

182 1014 102 29 Sverige,
300 1016 113 21 förelades
429 1017 69 21 äfven
516 1018 54 21 1882
587 1018 35 20 års
638 1017 105 22 Ständer.

250 1049 46 22 Vid
311 1050 105 21 ärendets
431 1050 167 22 förberedande
613 1051 177 28 handläggning
804 1050 134 27 uttalades
926 1045 15 39 i

181 1085 164 20 sammansatta
369 1084 47 29 lag-
442 1085 44 21 och
508 1085 223 21 ekonomiutskottet
754 1087 48 19 mot
823 1085 113 28 förslaget

181 1124 87 15 samma
282 1117 192 30 betänkligheter,
492 1127 48 13 som
554 1120 36 21 uti
605 1120 115 21 allmänna
729 1119 208 21 besvärsutskottet

180 1151 33 22 tio
229 1152 25 21 år
269 1152 105 28 tidigare.
404 1153 124 22 Dessutom
544 1154 68 28 drogs
629 1153 40 22 det
684 1153 8 22 i
707 1153 145 22 tvifvelsmål
868 1153 69 22 huru-

180 1186 54 21 vida
258 1187 170 28 institutionen,
452 1188 36 21 till
506 1187 43 22 och
564 1187 52 22 med
631 1188 73 21 under
719 1187 169 28 förutsättning
903 1189 34 20 att

180 1222 34 19 ett
228 1220 71 29 lifligt
314 1221 72 22 behof
399 1221 25 22 af
437 1222 103 28 länsting
549 1229 54 14 vore
615 1222 8 21 i
634 1222 85 21 folkets
731 1222 115 21 allmänna
857 1222 79 21 åskåd-

179 1253 118 29 ningssätt
319 1255 121 28 befästadt,
463 1256 59 21 hade
546 1256 104 29 förmåga
670 1259 34 18 att
719 1257 54 20 med
788 1257 44 20 den
848 1256 89 28 knappt

179 1288 111 22 tillmätta
311 1289 102 22 faktiska
435 1290 143 29 kompetens,
601 1298 49 14 som
674 1291 24 21 åt
716 1291 130 28 länstinget
860 1290 76 21 blefve

179 1323 100 28 inrymd,
295 1323 123 28 tillgodose
437 1324 28 22 de
478 1325 121 27 intressen,
610 1325 92 22 hvilkas
713 1325 80 21 bärare
805 1325 132 21 densamma

179 1364 54 14 vore
256 1357 80 22 afsedd
351 1360 34 19 att
400 1359 79 21 blifva.
509 1359 123 22 Likaledes
647 1359 69 28 hyste
731 1366 54 14 man
801 1359 61 22 olika
878 1359 58 28 äsig-

178 1393 36 19 ter
230 1391 85 28 derom,
335 1392 114 22 huruvida
466 1393 50 21 icke
536 1393 274 28 länsrepresentationens
826 1393 110 28 befogen-

248 1432 206 19 Kommunalutskottets
466 1433 110 18 betänkande
588 1433 33 18 N:o
636 1434 15 17 7.
