1023 1656
164 144 37 20 Om
223 152 46 12 man
292 147 58 23 tager
373 144 7 20 i
403 144 116 26 beräkning
537 144 77 20 antalet
633 144 102 20 ordinarie
751 143 91 25 tjenster,

93 175 54 25 stiga
162 174 86 20 anförda
264 174 67 20 siffror
347 175 69 25 något.

163 204 71 26 Enligt
252 204 39 20 den
309 204 35 20 vid
361 204 107 26 pågående
478 204 101 25 landtdag
589 204 106 24 förelagda
705 203 76 25 nådiga
797 210 44 19 pro-

92 234 88 26 position
203 240 34 13 n:o
260 235 12 18 3
292 237 22 16 är
337 234 78 19 antalet
434 233 132 20 omförmälda
581 233 103 20 ordinarie
699 233 144 26 presttjenster

92 264 7 19 i
120 258 45 26 Åbo
188 263 93 20 erkestift
302 264 48 25 262,
370 264 7 18 i
396 264 69 24 Borgå
480 263 46 20 stift
544 264 47 23 173,
607 264 6 18 i
630 263 93 25 Nyslotts
739 263 44 19 stift
802 263 40 19 157

94 294 37 20 och
154 294 6 18 i
184 294 80 25 Kuopio
288 294 44 19 stift
349 294 47 24 123,
414 293 48 20 eller
478 293 81 20 således
575 293 71 19 inalles
665 294 46 19 715.
743 293 37 20 Om
797 300 46 12 man

91 324 73 24 jemför
187 324 77 18 antalet
288 323 102 20 ordinarie
413 323 66 19 lärare
502 324 39 18 och
561 326 80 22 prester
657 323 46 19 med
719 322 34 20 det
768 322 75 20 minsta

94 354 62 25 antal,
172 360 42 13 som
230 353 101 19 hvardera
347 360 38 18 ega
400 353 64 25 enligt
480 352 132 20 omförmälda
627 353 76 25 nådiga
718 352 125 26 proposition

94 386 50 22 utse,
168 383 88 25 framgår
275 382 62 26 deraf,
354 385 30 17 att
405 383 243 19 elementarläroverkens
664 383 66 19 lärare
745 382 64 20 borde
823 382 21 19 få

94 416 46 17 utse
162 413 62 19 minst
242 414 24 18 11
284 415 165 23 representanter
465 413 49 19 eller
530 415 72 17 trenne
617 419 42 13 mer
676 416 25 16 än
718 412 35 20 det
771 412 73 25 högsta

94 443 62 25 antal,
173 450 75 12 samma
264 442 122 26 proposition
404 442 82 20 tillåter.

167 472 41 20 Vid
223 472 73 20 sådant
312 472 126 20 förhållande
454 472 40 20 kan
512 472 34 20 det
562 472 77 26 förslag
654 472 45 20 icke
715 478 61 14 anses
786 472 59 20 oskä-

95 502 44 26 ligt,
164 505 30 17 att
217 502 241 20 elementarläroverkens
474 502 67 20 lärare
557 502 54 26 finge
627 506 45 16 utse
687 502 62 20 minst
766 508 25 13 en
807 502 37 19 och

95 532 61 25 högst
178 534 32 18 tre
232 534 164 24 representanter
419 532 31 19 för
474 532 71 26 hvarje
569 532 44 20 stift
631 532 50 20 eller
696 531 150 25 sammanlagdt

96 562 39 19 tolf
148 564 168 24 representanter.
337 562 32 19 Då
384 562 24 19 af
421 562 147 20 ofvanstående
583 562 62 20 tabell
662 562 113 19 emellertid
785 562 59 19 fram-

96 593 43 24 går,
168 594 30 17 att
230 592 76 19 antalet
334 592 162 25 valberättigade
520 592 35 19 vid
581 592 232 20 elementarläroverken
838 591 7 19 i

96 622 59 19 endel
176 622 44 19 stift
240 625 22 16 är
284 622 48 19 vida
347 624 65 17 större
429 624 25 17 än
471 622 6 18 i
493 622 71 24 andra,
579 622 67 19 blefve
662 622 35 19 det
713 621 132 26 synnerligen

96 651 130 25 betungande
242 651 31 20 för
289 652 25 19 de
330 653 43 18 små
389 651 70 20 stiften
480 655 31 16 att
535 652 85 19 bekosta
643 654 72 17 trenne
739 658 105 18 represen-

96 684 73 17 tanter.

168 711 62 19 Detta
246 711 175 19 missförhållande
437 711 40 19 kan
489 711 103 25 aflägsnas
606 712 25 25 på
643 714 75 17 tvänne
730 711 54 19 olika
796 714 50 16 sätt:

171 742 29 18 1:o
223 740 70 20 kunde
315 741 35 19 det
372 741 128 25 bestämmas,
523 744 30 16 att
569 742 92 19 lärarene
677 741 35 19 vid
728 741 118 19 elementar-

97 770 120 20 läroverken
241 770 54 26 finge
318 773 45 17 utse
386 778 22 12 en
434 774 143 22 representant
596 771 31 19 för
647 771 71 25 hvarje
734 770 44 20 stift
794 773 53 17 samt

98 800 116 20 derutöfver
230 801 120 25 ytterligare
366 807 25 13 en
406 804 144 22 representant
573 801 30 19 för
627 801 71 25 hvarje
721 801 46 19 fullt
791 800 56 20 antal

97 830 23 20 af
137 830 75 26 fyratio
233 830 85 20 valmän.
350 831 71 25 Enligt
437 830 146 20 ofvanstående
599 831 67 25 tabell,
683 830 109 20 utvisande
808 830 38 20 ele-

98 860 181 20 mentarlärarenes
302 860 56 20 antal
374 861 23 19 år
415 861 62 24 1896,
493 861 67 19 skulle
577 860 30 26 de,
625 860 162 26 valberättigade
801 866 45 13 men

97 891 26 24 på
139 890 177 25 indragningsstat
332 890 66 20 stälde
413 890 67 30 lärare
496 890 44 20 deri
556 890 143 26 inberäknade,
716 890 51 20 efter
780 890 68 19 denna

97 920 194 24 beräkningsgrund
306 920 20 19 få
342 923 46 17 utse
403 920 31 19 uti
449 920 45 20 Åbo
506 920 95 20 erkestift
618 922 4 17 1
635 920 25 27 +
671 921 12 19 2
694 929 27 9 ==
731 921 18 24 3,
761 920 7 19 i
779 920 69 25 Borgå

98 949 44 20 stift
160 949 47 25 14
217 950 13 18 3
239 958 27 9 —
276 950 19 24 4,
310 950 30 19 uti
356 950 95 25 Nyslotts
468 950 44 20 stift
531 950 46 27 1—+
590 952 9 17 1
647 951 19 24 2,
682 950 7 19 i
705 950 81 25 Kuopio
802 949 46 20 stift

100 979 107 26 1+1=2
247 980 49 18 eller
311 980 72 19 inalles
401 980 24 19 11
444 982 166 24 representanter
625 980 7 19 i
648 979 157 27 presteständet.

170 1010 31 18 2:0
226 1009 69 19 kunde
318 1010 130 19 omförmälde
470 1010 66 20 lärare
557 1010 76 20 erhälla
649 1013 41 16 rätt
706 1013 30 16 att
751 1009 56 20 bilda
823 1016 25 12 en

98 1038 53 20 enda
166 1039 98 24 valkrets,
280 1039 84 19 hvilken
380 1039 52 25 egde
448 1042 46 17 utse
518 1039 62 20 minst
603 1040 20 25 4,
647 1046 45 13 men
715 1039 55 25 finge
794 1039 54 25 välja

98 1069 60 24 högst
183 1069 26 18 12
233 1071 165 23 representanter
418 1069 6 19 i
440 1069 158 26 presteständet.
629 1069 31 20 En
677 1069 63 20 sädan
757 1069 91 19 valkrets

99 1098 65 19 skulle
189 1099 44 19 icke
249 1099 63 19 heller
328 1099 64 19 blifva
408 1099 68 19 alltför
492 1102 48 17 stor.
571 1099 123 20 Densamma
710 1099 67 19 blefve
793 1101 55 16 näm-

98 1128 55 25 ligen
169 1128 41 19 lika
226 1131 42 17 stor
284 1135 43 12 som
343 1129 25 19 de
383 1129 36 19 vid
434 1129 221 26 landtdagsmannaval
670 1129 6 19 i
692 1122 45 27 Åbo
754 1128 95 20 erkestift

98 1158 173 25 valberättigades
290 1159 91 19 valkrets
397 1165 37 13 var
450 1159 65 25 enligt
531 1159 40 19 den
587 1159 56 19 äldre
659 1158 189 25 stiftsindelningen

99 1188 37 19 och
159 1189 63 24 något
245 1191 65 16 större
334 1191 25 16 än
381 1188 127 20 erkestiftets
525 1189 92 19 valkrets
634 1192 22 16 är
672 1189 64 25 enligt
752 1188 40 20 den
808 1195 41 18 nya

99 1217 192 26 stiftsindelningen.

173 1247 137 25 Naturligtvis
326 1247 68 20 kunde
413 1247 25 20 de
462 1248 67 19 skilda
553 1249 81 18 stiftens
657 1248 124 26 domkapitel
804 1247 45 20 icke

99 1277 47 19 leda
162 1277 59 19 valen
237 1277 29 19 uti
283 1284 23 13 en
324 1277 57 26 dylik
396 1284 117 19 gemensam
530 1279 97 18 valkrets.
652 1279 73 18 Denna
741 1277 109 26 olägenhet

100 1307 69 19 kunde
193 1307 65 25 enligt
280 1308 37 18 vär
332 1307 62 20 tanke
412 1307 64 20 likväl
492 1309 26 24 pä
535 1308 92 19 enklaste
643 1311 42 16 sätt
700 1307 103 26 aflägsnas
819 1308 26 18 sä

99 1337 69 24 lunda,
194 1340 31 16 att
251 1337 125 20 erkestiftets
402 1337 125 26 domkapitel
556 1338 66 19 skulle
652 1337 46 20 leda
730 1338 58 19 valen
820 1337 30 19 uti

100 1366 67 19 denna
197 1366 31 19 för
258 1366 91 20 lärarene
380 1367 34 19 vid
443 1367 232 20 elementarläroverken
701 1373 149 20 gemensamma

100 1396 97 19 valkrets.
