1023 1659
245 144 72 20 Beslut
340 152 30 12 om
394 145 96 20 bildande
515 146 22 19 af
558 152 25 13 en
606 152 117 19 gemensam
746 145 92 20 valkrets
861 144 62 21 borde

173 174 65 26 enligt
254 176 37 18 vår
307 175 54 25 åsigt
377 175 62 19 fattas
454 175 35 19 vid
501 178 72 22 möten,
585 182 43 13 som
639 175 101 20 stiftesvis
751 175 65 20 under
827 174 96 21 inseende

174 204 22 20 af
209 204 137 26 domkapitlen
364 205 66 19 skulle
446 205 65 19 hållas
527 205 46 19 med
589 206 66 19 lärare
671 205 36 20 vid
723 205 199 20 elementarlärover-

173 234 46 26 ken,
243 234 25 20 de
284 234 36 20 der
336 238 35 16 äro
387 235 129 25 berättigade
532 238 30 16 att
578 235 82 25 deltaga
675 235 8 19 i
698 235 224 25 landtdagsmannaval.

173 264 37 19 Ett
233 264 74 20 sådant
329 265 67 19 beslut
419 265 63 19 borde
506 272 61 12 anses
585 272 39 18 ega
639 265 47 25 laga
702 265 55 19 kraft
774 265 72 20 endast
861 265 7 19 i
884 264 39 20 den

174 294 103 25 händelse,
294 297 30 17 att
340 294 93 26 samtliga
450 294 44 20 stift
509 294 81 20 förenat
613 295 33 25 sig
669 302 31 12 om
724 302 149 18 gemensamma
890 295 33 19 val

173 324 30 18 uti
219 330 24 13 en
260 324 96 20 valkrets.

245 354 11 18 I
279 354 97 20 händelse
397 361 24 13 en
438 361 116 19 gemensam
571 355 91 19 valkrets
678 354 31 20 för
724 355 94 19 lärarene
833 354 35 20 vid
884 354 39 20 ele-

174 384 200 20 mentarläroverken
398 384 66 20 skulle
487 384 72 24 bildas,
583 384 70 20 kunde
673 384 77 26 jemväl
768 384 60 26 fråga
843 385 79 25 uppstå,

174 414 101 19 huruvida
299 414 34 19 vid
349 414 59 20 valen
424 414 45 20 icke
485 414 63 20 borde
564 414 87 20 förfaras
667 414 92 25 sålunda,
776 417 31 17 att
822 414 100 20 minorite-

174 446 34 17 ten
224 444 63 18 bland
303 444 126 25 valmännen,
446 444 83 20 hvilken
545 444 44 20 icke
605 451 49 13 vore
670 445 93 24 benägen
780 447 30 17 att
825 447 55 16 rösta
896 444 27 25 på

174 473 139 25 majoritetens
334 474 170 23 förtroendemän,
522 481 48 13 vore
586 474 5 18 i
609 474 79 20 tillfälle
705 477 30 16 att
750 474 32 19 till
797 474 43 20 sina
857 473 65 20 landt-

174 503 98 25 dagsmän
291 506 43 17 utse
352 505 22 18 så
390 505 73 24 många
479 504 21 20 af
515 504 44 19 sina
571 511 52 18 egna
634 504 176 25 själsförvandter,
821 510 41 13 som
873 507 49 16 mot-

174 533 87 19 svarade
277 534 60 19 deras
353 534 61 20 antal.
438 534 46 19 Men
502 534 82 19 emedan
602 534 30 19 uti
648 535 45 18 vårt
709 534 49 19 land
769 535 22 19 så
802 534 60 25 ringa
872 533 50 20 erfa-

174 563 73 19 renhet
264 566 54 16 ännu
334 564 84 19 vunnits
434 571 32 12 om
482 564 71 26 dylika
575 564 105 19 såkallade
702 564 159 26 proportionella
884 564 38 24 val,

174 592 62 20 hafva
257 593 20 19 vi
298 594 44 18 icke
362 596 66 17 ansett
444 594 66 19 finnas
527 594 45 19 skäl
588 596 31 17 att
634 594 79 24 föreslå,
730 596 31 17 att
776 594 56 19 detta
848 594 76 19 valsätt

174 622 66 20 blefve
264 630 72 18 genom
359 623 228 26 grundlagsstadgande
610 623 131 20 föreskrifvet
765 626 31 16 att
818 623 105 20 användas

174 652 35 20 vid
225 653 103 19 lärarenes
340 653 35 19 vid
386 654 231 19 elementarläroverken
628 653 226 25 landtdagsmannaval.
877 652 46 20 Ifall

174 682 101 26 nemligen
300 683 55 19 detta
378 684 76 19 valsätt
470 683 115 20 sedermera
601 683 98 20 befunnes
715 683 79 19 mindre
810 683 112 19 ändamäls-

174 712 70 26 enligt,
260 712 66 20 blefve
343 712 35 20 det
394 713 130 25 synnerligen
541 714 58 18 svärt
615 716 30 16 att
664 713 19 19 fä
707 713 124 25 stadgandet
854 713 69 19 derom

174 742 94 26 ändradt,
292 742 26 20 dä
342 742 56 20 detta
421 744 81 24 engäng
525 743 74 19 vunnit
622 743 55 19 kraft
701 743 28 19 af
741 743 108 25 grundlag.
881 742 42 20 Och

174 775 50 16 enär
247 772 35 20 det
304 774 64 18 mäste
390 775 90 23 antagas,
497 776 30 16 att
543 772 149 20 lärareständet
708 776 23 16 är
747 773 119 25 tillräckligt
882 779 40 13 mo-

174 804 35 23 get
224 802 31 19 för
272 805 30 17 att
316 802 80 20 komma
412 803 7 19 i
434 802 120 26 åtnjutande
570 802 23 20 af
605 802 84 26 politisk
704 802 63 20 frihet
782 802 7 20 i
805 802 44 20 litet
862 802 62 25 högre

174 832 51 25 grad
246 835 26 17 än
296 840 26 12 nu
346 835 23 17 är
392 833 62 24 fallet,
477 834 54 24 våga
552 833 21 19 vi
596 833 113 19 framställa
733 833 89 25 följande
842 832 81 26 förslag.

174 862 73 20 Beslut
270 870 32 12 om
325 862 107 20 införande
455 863 22 19 af
498 863 104 19 säkallade
625 863 159 25 proportionella
807 863 33 19 val
863 862 61 20 fattas

174 893 26 24 pä
224 899 76 13 samma
323 895 41 17 sätt
387 900 43 12 som
454 893 66 19 beslut
543 900 32 12 om
598 892 96 20 hildande
717 892 23 20 af
761 900 25 12 en
810 899 114 19 gemensam

175 921 92 21 valkrets
290 922 45 20 med
359 922 39 20 den
422 922 82 20 skilnad
528 923 56 24 blott,
608 925 31 17 att
659 922 70 20 dertill
749 922 79 20 fordras
844 924 30 17 att
890 923 35 19 tvä

175 951 123 25 tredjedelar
314 952 23 20 af
350 952 100 26 samtliga,
466 952 47 20 utaf
526 952 25 20 de
567 952 162 26 valberättigade
745 952 78 26 afgiina
838 955 65 16 röster
919 952 6 18 i

175 981 71 25 hvarje
270 982 44 19 stift
333 982 71 20 utfalla
420 982 30 19 till
467 982 76 20 förmän
560 982 32 20 för
607 982 159 26 proportionella
782 982 38 19 val.
851 982 74 19 Natur-

175 1011 71 25 ligtvis
262 1012 40 19 kan
320 1015 28 16 ett
365 1012 67 25 dylikt
448 1012 67 20 beslut
531 1012 44 19 icke
592 1012 61 19 vinna
669 1012 47 25 laga
733 1012 60 24 kraft,
810 1011 70 20 sävida
892 1011 33 19 det

175 1041 45 19 icke
236 1042 137 19 underställes
389 1042 134 25 regeringens
539 1042 135 19 stadfästelse.

247 1071 29 19 På
292 1071 69 25 grund
377 1071 22 19 af
413 1072 34 19 det
463 1072 84 19 anförda
563 1073 53 23 våga
633 1072 20 19 vi
669 1071 74 19 föreslå
760 1078 24 12 en
799 1070 127 25 underdänig

174 1100 87 25 petition
278 1108 30 12 om
325 1101 63 19 sädan
405 1101 89 25 ändring
509 1101 22 20 af
545 1102 12 24 &
576 1102 24 18 11
618 1102 6 18 i
640 1101 226 25 landtdagsordningen

462 1204 29 18 att
510 1202 103 20 ordinarie
633 1202 68 19 lärare
720 1202 34 19 vid
769 1202 157 19 elementarläro-

391 1235 71 19 verken
482 1235 8 19 i
511 1234 68 26 hvarje
598 1235 43 25 stift
657 1236 60 23 finge,
730 1235 91 24 förutom
834 1234 95 25 rättighet

391 1269 29 18 att
433 1268 7 19 i
454 1268 87 24 enlighet
553 1268 47 19 med
614 1268 60 24 ofvan
686 1267 128 25 framstälda
824 1268 104 24 principer

391 1302 43 18 utse
453 1300 23 20 så
490 1299 80 26 många
584 1300 169 24 landtdagsmän,
768 1305 43 14 som
826 1302 102 17 motsvara

392 1334 23 18 de
429 1333 168 24 valberättigades
611 1332 63 24 antal,
682 1332 79 25 jemväl
770 1334 42 18 rätt
821 1333 29 19 att
856 1333 72 24 förena

392 1366 31 24 sig
444 1366 46 19 med
506 1366 123 19 valmännen
645 1366 8 18 i
667 1365 68 25 öfriga
749 1365 43 25 stift
804 1370 33 14 om
851 1370 77 19 gemen-

392 1400 55 18 samt
459 1398 33 20 val
506 1399 26 24 af
540 1398 34 25 för
588 1398 45 19 dem
649 1398 42 19 alla
701 1403 154 19 gemensamma
865 1398 63 18 landi-
