1020 1656
229 201 34 20 och
273 201 142 19 kommunerna
420 196 9 36 i
443 201 50 20 olika
503 201 68 19 länder
579 201 34 25 för
622 201 121 19 närvarande
753 200 95 26 befrämja

230 229 132 26 anskaffandet
384 229 26 26 af
428 231 38 24 eget
482 229 98 26 jordbruk
602 229 21 20 åt
632 229 216 26 jordbruksarbetarena

230 260 52 17 samt
302 258 76 19 hvilken
397 258 110 25 erfarenhet
523 258 26 25 af
559 258 91 25 försöken
661 258 31 25 på
707 258 49 19 detta
770 257 78 20 område

230 287 56 19 inom
300 289 39 23 eget
354 286 46 20 land
413 287 93 24 vunnits
498 282 11 34 ;

304 345 32 19 3:0
365 346 28 17 att
418 345 45 19 med
485 344 77 25 ledning
579 344 26 25 af
620 344 37 19 den
677 344 87 19 sålunda
782 350 66 13 vunna

230 373 127 25 utredningen
369 379 33 14 om
416 373 75 26 möjligt
505 373 60 20 redan
576 373 29 19 till
618 374 59 18 nästa
688 373 91 24 landtdag
790 372 59 19 måtte

230 401 96 20 utarbetas
340 401 75 26 förslag
429 408 32 13 om
476 402 30 19 det
522 403 45 22 sätt,
583 401 74 26 hvarpå
667 407 71 20 genom
747 400 102 26 styrelsens

230 430 33 20 och
285 430 92 25 möjligen
398 430 57 25 äfven
468 437 70 18 genom
553 430 208 19 landskommunernas
776 429 71 20 bemed-

230 459 41 25 ling
292 465 48 19 egna
358 459 77 19 mindre
445 459 97 25 jordbruk
557 459 42 19 bäst
613 459 35 19 och
662 458 188 26 ändamålsenligast

229 487 63 20 kunde
306 487 22 20 åt
338 487 48 20 våra
401 487 200 26 landsbygdsarbetare
616 487 109 26 anskaffas;
740 489 52 18 samt

301 545 33 19 4:o
363 547 34 22 att,
422 545 45 25 ifall
493 545 124 19 tillsättandet
641 545 26 25 af
683 551 24 13 en
725 545 73 19 komité
815 545 33 24 för

229 573 83 25 frågans
332 573 102 26 beredning
452 580 57 13 anses
534 580 47 13 vara
600 573 25 26 af
640 573 84 26 behofvet
741 573 105 26 påkalladt,

230 601 29 20 till
278 602 125 19 medlemmar
422 603 9 18 i
450 602 64 20 denna
533 602 71 19 komitö
618 602 60 19 mätte
692 602 84 19 inkallas
790 602 58 25 äfven

229 633 149 22 representanter
388 631 34 25 för
435 631 230 25 landsbygdsarbetarena.

163 699 127 25 Helsingfors
306 699 38 20 den
360 700 27 19 30
402 699 82 20 Januari
501 700 60 20 1897.

606 784 51 22 Alfr.
674 784 100 22 Kihlman.

232 1437 111 23 Helsingfors
356 1437 50 18 1897.
431 1424 111 40 Helsingfors
551 1424 153 40 Centraltryckeri.
