1031 1656
222 98 12 19 6
442 97 236 23 Petitionsbetänkandet
692 97 34 22 N:o
740 96 35 22 40.

192 159 123 28 petitionen
337 161 97 21 nämnda
456 161 88 28 lagrum
568 160 105 29 framgår,
691 160 81 22 förbud
791 159 80 23 införts
890 161 60 21 emot

192 194 127 22 nattarbete
342 195 50 22 från
406 195 30 22 kl.
452 197 12 19 6
481 195 28 28 på
530 195 94 22 aftonen
642 195 34 22 till
698 195 30 21 kl.
745 197 13 19 3
773 195 29 27 på
819 201 129 22 morgonen.

192 228 51 21 Men
260 231 62 20 snart
336 229 78 22 visade
425 230 35 28 sig
471 230 61 21 detta
543 230 145 28 otillräckligt
699 230 42 21 och
752 230 198 27 bestämningarna

192 268 36 16 om
243 263 138 22 nattarbetet
396 264 70 22 måste
481 264 134 29 ytterligare
630 265 100 27 skärpas.
754 264 50 21 Den
815 263 133 28 förbudstid,

191 303 49 15 som
263 297 99 22 derefter
384 305 81 22 genom
484 305 31 21 ny
534 299 134 28 författning
686 299 7 21 i
708 299 77 21 ämnet
803 298 49 22 blef
868 298 80 26 införd,

192 333 132 26 motsvarar,
340 332 101 23 frånsedt
456 333 110 22 särskilda
581 333 86 22 mindre
682 333 129 27 betydande
825 333 123 28 undantag,

191 365 140 29 någorlunda
346 367 44 22 den
405 367 26 22 af
443 367 284 29 bagarefackafdelningen
744 367 134 28 föreslagna.

261 401 50 22 Den
333 401 82 22 största
438 402 48 28 vigt
504 402 38 21 vid
562 402 179 29 öfvervägandet
756 402 26 21 af
799 402 149 21 förevarande

190 435 169 28 angelägenhet
373 437 64 21 torde
452 437 55 21 böra
522 437 106 28 tilläggas
645 437 78 28 frågan
740 437 83 26 derom,
837 437 111 21 huruvida

191 468 82 23 förbud
289 471 59 20 emot
359 471 125 22 nattarbete
499 471 41 22 hos
551 477 36 16 oss
599 471 43 22 kan
654 471 33 22 fås
698 471 33 21 till
743 471 64 21 stånd
819 471 41 21 och
871 471 76 21 hvilka

190 503 82 28 följder
294 504 66 22 häraf
380 505 74 22 kunde
477 505 136 28 uppkomma
631 505 35 22 för
683 505 197 28 bageriaffärerna.
910 505 37 21 Ett

190 538 61 21 svårt
267 539 79 21 hinder
361 539 35 22 för
415 539 117 22 förbudets
554 540 178 28 genomförande
748 539 80 28 utgöra
844 539 102 22 otvifvel-

189 573 75 28 aktigt
278 574 28 21 de
322 573 47 22 små
383 580 16 15 s.
411 574 21 21 k.
442 574 193 28 hembagerierna.
659 574 9 21 I
679 574 67 21 dessa
756 574 78 21 arbeta
846 574 100 27 gvinnor,

190 607 78 22 hvilka
282 608 7 21 i
304 609 114 28 egenskap
430 609 26 21 af
463 609 135 28 tjenstehjon
614 609 54 28 lyda
677 609 72 21 under
759 609 187 21 innehafvarenes

189 641 185 23 husbondevälde
384 643 42 22 och
437 643 75 22 kunna
523 643 83 22 förmås
616 645 34 20 att
660 643 77 22 arbeta
749 643 58 22 ända
817 643 34 22 till
863 646 25 19 18
896 643 49 21 tim-

187 682 49 15 mar
246 677 8 21 i
266 677 90 28 dygnet.
380 677 114 22 Förbudet
504 678 68 21 borde
587 678 143 28 naturligtvis
740 678 127 21 utsträckas
878 677 67 22 äfven

188 711 34 21 till
238 711 193 29 hembagerierna,
447 719 50 15 men
512 715 55 19 utan
583 713 80 21 tvifvel
678 713 74 21 skulle
768 712 177 22 öfvervakandet

186 745 27 21 af
225 746 53 23 dess
290 741 114 34 behöriga
422 747 145 28 iakttagande
586 748 37 21 vid
642 748 120 21 desamma.
772 747 71 22 blifva
858 748 87 28 ganska

187 780 68 22 svårt.
285 780 33 22 En
336 788 74 15 annan
433 782 121 28 olägenhet
569 782 26 21 af
610 782 150 22 nattarbetets
783 782 162 28 inskränkning

186 814 77 22 kunde
284 815 71 21 blifva:
377 816 50 26 den,
443 818 33 20 att
493 818 15 20 t.
528 822 35 16 ex.
579 816 6 22 i
601 816 143 28 Helsingfors
766 816 178 29 ångbagerierna

186 849 43 21 och
248 850 28 21 de
296 849 71 22 större
390 850 193 28 bageriaffärerna
598 852 7 20 i
621 852 123 21 allmänhet
767 851 124 21 tillvällade
910 852 34 27 sig

186 883 30 21 all
235 883 197 29 brödförsäljning,
452 884 27 22 då
498 885 100 22 deremot
613 886 28 21 de
657 886 87 21 mindre
763 886 89 21 komme
867 887 33 20 att
915 886 29 28 gå

186 918 78 21 under.
286 918 45 22 .Om
341 920 15 20 t.
369 925 35 15 ex.
420 919 138 22 arbetstiden
573 926 36 15 om
620 926 124 22 morgonen
756 920 72 21 skulle
840 920 62 27 börja
912 920 30 21 kl.

186 954 20 24 3,
218 952 74 22 skulle
307 952 179 29 ångbagerierna
501 954 51 22 med
565 954 34 22 sin
610 956 60 20 stora
680 954 210 28 arbetarepersonal
902 954 40 22 och

185 986 49 22 sina
244 987 82 21 talrika
337 994 73 22 ugnar
420 988 69 22 likväl
499 988 69 22 hinna
579 988 22 22 få
610 989 38 21 sitt
656 989 78 21 arbete
744 988 86 22 utfördt
838 988 24 22 så
870 988 72 29 tidigt,

184 1022 34 20 att
228 1020 7 22 i
247 1021 65 22 deras
328 1022 158 28 försäljningar
501 1023 69 22 redan
580 1023 30 21 kl.
622 1026 55 18 6—7
689 1023 28 28 på
728 1029 123 22 morgonen
862 1023 80 22 funnes

185 1054 73 23 färskt
273 1056 55 22 bröd
344 1058 32 20 att
391 1057 71 28 tillgå,
472 1057 28 22 då
510 1058 102 22 deremot
622 1058 28 22 de
662 1058 48 22 små
721 1058 133 28 bagerierna
866 1058 76 21 blefve

184 1089 83 29 många
281 1090 88 22 timmar
384 1091 64 22 efter.
477 1092 51 21 Men
543 1092 43 22 den
600 1092 132 28 härigenom
748 1092 139 28 uppstående
898 1092 44 22 för-

184 1124 75 22 lusten
279 1124 34 22 för
328 1125 28 22 de
372 1126 47 22 små
433 1126 134 28 bagerierna
586 1127 42 21 och
648 1127 66 21 deras
730 1126 116 22 sannolika
861 1126 80 22 under-

183 1158 62 28 gång
261 1159 7 21 i
284 1159 54 28 följd
360 1160 27 22 af
408 1160 130 22 densamma
560 1167 54 15 vore
636 1161 123 28 högeligen
781 1162 33 20 att
836 1161 104 28 beklaga.

183 1192 120 28 Sjelffallet
324 1194 26 21 är
368 1194 80 22 brödet
470 1195 63 22 desto
556 1195 74 22 bättre
650 1196 42 21 och
716 1196 102 28 billigare
833 1196 7 21 i
856 1201 85 16 samma

184 1226 51 22 mån
258 1228 169 22 konkurrensen
450 1230 24 20 är
493 1229 81 27 större;
598 1236 51 15 men
672 1230 116 21 dessutom
810 1236 54 16 vore
888 1230 52 22 fort-

183 1261 119 23 beståndet
324 1262 26 22 af
371 1263 28 22 de
422 1264 47 21 små
492 1264 133 28 bagerierna
648 1264 147 28 synnerligen
818 1264 122 22 önskvärdt

181 1296 52 21 med
257 1296 87 28 hänsyn
366 1297 82 27 dertill,
467 1300 33 20 att
518 1298 22 22 åt
558 1298 134 22 arbetarene
716 1298 139 22 fortfarande
870 1298 70 22 borde

182 1329 96 24 beredas
296 1331 116 29 möjlighet
429 1334 33 20 att
482 1333 102 22 etablera
599 1333 35 28 sig
650 1333 73 22 såsom
739 1333 147 28 sjelständiga
902 1334 37 21 nä-

181 1364 148 29 ringsidkare.
359 1366 77 29 Enligt
458 1367 132 28 yrkesmäns
609 1367 59 29 åsigt
685 1374 55 15 vore
766 1368 38 21 det
825 1368 114 28 nemligen

180 1400 146 28 synnerligen
349 1401 83 28 vigtigt
454 1403 33 20 att
508 1402 133 22 arbetarene
663 1402 77 21 kunde
762 1402 86 28 hoppas
867 1401 29 29 på
910 1409 28 15 en

250 1441 203 21 Ekonomieutskottets
468 1443 114 19 betänkande
597 1443 37 20 N:o
650 1444 31 19 19.
