1014 1659
174 108 12 19 2
362 107 280 24 Petitionsbetänkande
657 108 45 23 N:o
718 108 36 23 74.

172 179 166 27 bruksinstitut,
363 180 92 22 hvarest
473 187 49 15 man
539 182 28 25 på
583 181 72 27 grund
673 181 25 21 af
711 182 149 26 nyssnämnda
883 182 44 22 för-

172 214 104 22 hållande
300 215 58 21 varit
378 216 115 22 nöksakad
512 218 33 20 att
561 223 57 21 egna
633 223 28 15 en
678 219 46 19 stor
740 217 36 21 del
793 217 25 21 af
838 218 42 21 den
905 219 22 21 åt

173 251 130 21 fackämnen
319 252 106 26 anslagna
441 252 110 22 lärotiden
567 253 23 21 åt
599 253 328 22 elementarstudier
812 247 14 36 i
835 253 92 22 natural-

172 286 99 22 historia.
303 287 43 21 Det
370 290 25 19 är
417 288 55 21 dock
495 288 50 22 icke
567 289 79 21 endast
662 289 113 21 saknaden
791 288 26 23 af
831 290 95 20 natural-

173 323 120 21 historiska
316 324 127 27 kunskaper
466 324 39 22 hos
530 324 41 22 den
589 325 63 21 lärda
668 325 90 21 skolans
775 325 151 27 abiturienter,

172 359 92 21 hvilken
288 359 27 27 på
331 359 54 22 flere
401 360 45 21 håll
463 360 66 21 väckt
546 360 135 27 bekymmer,
704 362 50 20 utan
777 361 46 21 lika
840 361 87 27 mycket

172 394 42 22 den
239 395 39 21 hos
302 402 81 14 samma
401 396 94 27 ungdom
513 396 109 21 varsnade
638 396 85 22 bristen
741 397 27 26 på
784 397 141 27 iakttagelse-

172 430 106 28 förmåga,
295 431 91 22 hvilken
407 432 112 26 egenskap
544 432 76 27 likväl,
639 432 107 22 särskildt
764 432 34 21 för
814 432 41 22 den
873 439 53 21 ung-

171 467 55 27 dom,
244 473 46 15 som
306 474 68 20 egnar
391 468 34 26 sig
440 468 24 21 åt
475 468 113 26 praktiskt
600 467 92 28 förvärf,
702 470 25 19 är
738 470 33 19 ett
783 468 142 28 oeftergifligt

171 503 74 21 vilkor
268 502 35 22 för
327 503 164 27 framgångsrik
507 504 149 21 verksamhet.

243 539 121 27 Utskottet,
378 546 44 15 som
439 540 50 21 icke
505 539 48 22 haft
569 540 49 21 skäl
635 542 33 19 att
684 540 89 21 betvifla
788 540 138 27 riktigheten

172 575 24 21 af
218 575 27 21 de
262 575 7 21 i
290 575 241 27 petitionsmemorialet
552 576 124 26 åberopade
696 576 173 27 iakttagelserna
887 576 39 21 har

168 611 91 27 jämväl,
283 611 8 21 i
314 612 71 20 likhet
412 611 49 22 med
477 612 154 27 petitionären,
649 612 91 21 kommit
755 612 35 21 till
814 612 42 21 den
874 618 51 20 upp-

170 646 127 28 fattningen
318 650 33 19 att
366 648 95 21 orsaken
477 648 35 21 till
529 648 37 21 det
581 648 125 22 relaterade
722 646 204 24 missförhållandet

170 686 26 18 är
213 686 33 18 att
262 684 54 21 söka
332 684 6 20 i
356 684 42 21 den
412 684 119 27 olämpliga
541 684 152 27 anordningen
704 684 25 21 af
738 684 187 27 undervisningen

170 720 7 20 i
194 720 182 21 naturalhistoria
391 720 8 21 i
415 720 109 27 lyceerna.

243 756 11 21 I
271 756 71 21 denna
357 755 102 28 riktning
470 756 40 27 går
522 756 66 21 äfven
597 750 211 27 Öfverdirektörens
820 756 34 21 för
863 756 62 21 Skol-

170 792 177 27 öfverstyrelsen
363 792 114 21 uttalande
486 792 37 21 vid
538 792 185 21 remissdebatten
740 792 6 20 i
763 792 162 26 Ridderskapet

169 828 42 21 och
237 827 79 22 Adeln.
350 827 67 22 Detta
443 827 113 22 uttalande
580 827 141 22 konstaterar
744 827 110 27 nämligen
880 845 4 9 ,
886 829 38 24 att

170 864 197 21 naturalhistorien
390 864 49 21 icke
463 870 60 15 mera
546 863 88 27 iutager
655 863 37 21 det
708 870 54 16 rum,
788 863 107 21 särskildt
918 864 5 20 i

170 900 164 26 reallyceernas
358 900 107 26 läroplan,
489 906 46 14 som
557 899 125 21 densamma
708 899 126 27 naturligen
857 899 68 29 borde

171 935 141 21 tillkomma."
345 935 160 22 Förhållandet
523 936 41 20 har
581 935 123 21 emellertid
720 935 50 21 icke
787 935 63 21 alltid
866 935 59 21 varit

169 971 87 21 sådant.
283 971 83 21 Genom
383 971 42 21 den
441 974 88 18 senaste
545 971 110 21 allmänna
672 970 253 28 skolreorganisationen

169 1006 27 22 af
209 1007 26 21 är
254 1008 55 20 1883
326 1006 108 22 bereddes
451 1007 110 27 nämligen
578 1007 7 21 i
601 1007 152 26 reallyceerna
769 1006 155 21 naturalhisto-

169 1043 50 21 rian
244 1049 27 15 en
295 1049 59 15 mera
378 1042 145 27 framskjuten
545 1043 58 26 plats
619 1044 28 19 än
664 1042 42 21 den
723 1042 61 26 intog
799 1042 7 21 i
823 1042 27 21 de
866 1042 58 20 klas-

169 1079 64 21 siska
256 1079 115 26 lyceernas
395 1078 106 26 läroplan.
534 1078 25 21 K.
585 1078 107 21 Senatens
717 1077 51 22 bref
790 1076 24 22 af
836 1077 41 21 den
900 1080 23 18 13

170 1114 117 22 december
310 1116 55 20 1883
383 1114 114 22 tilldelade
517 1114 188 26 undervisningen
722 1114 6 20 i
745 1113 180 21 naturalhistoria

174 1153 25 19 12
223 1150 158 22 veckotimmar
404 1150 114 22 fördelade
541 1150 28 26 pä
592 1150 90 21 skolans
707 1151 11 19 7
736 1149 79 27 högsta
831 1149 92 21 klasser.

170 1186 86 22 Genom
280 1192 79 16 senare
382 1185 118 22 utfärdade
517 1186 137 26 stadganden
670 1186 42 20 har
728 1185 56 21 dock
800 1184 60 22 detta
877 1184 48 21 tim-

170 1222 61 22 antal
255 1222 75 22 blifvit
353 1222 132 22 reduceradt
507 1224 56 20 samt
587 1221 188 27 undervisningen
796 1220 32 22 uti
844 1220 80 27 ifräga-

171 1258 98 22 varande
286 1260 63 20 ämne
365 1257 128 28 förskjutits
509 1258 36 21 till
560 1257 146 21 läroverkens
722 1257 62 26 lägre
800 1256 94 21 klasser.

243 1294 49 21 Den
312 1294 30 26 pä
357 1293 97 28 följande
471 1294 47 21 sida
534 1293 116 27 befintliga
665 1292 76 22 tablän
757 1294 25 19 är
799 1290 77 23 afsedd
893 1294 32 18 att

168 1329 126 27 förtydliga
310 1330 71 21 denna
397 1330 132 26 regression.

240 1448 111 19 Allmänna
360 1449 183 23 petitionsutskotteis
557 1448 117 18 betänkande
688 1447 37 17 N:o
737 1446 30 18 34.
