1020 1656
791 145 12 19 3

86 214 107 22 sedermera
215 214 38 21 blir
273 214 39 21 den
335 214 123 28 småningom
473 215 42 21 öde.
546 213 81 23 Sädana
642 214 114 28 lägenheter
771 213 64 23 blifva

86 245 7 20 I
108 244 72 28 många
195 244 111 25 afseenden,
322 243 83 23 skrifver
420 251 46 14 man
476 244 93 25 därifrån,
585 251 25 14 en
623 247 62 25 tunga
701 244 30 21 för
741 243 93 22 socknen.

87 287 28 3 —
130 275 41 27 Jag
185 274 36 21 har
243 273 107 22 förskaffat
373 274 39 28 mlg
433 275 99 27 uppgifter
554 274 51 21 blott
621 274 44 21 från
681 273 153 23 ofvanbemälda

87 305 120 21 kommuner.
237 303 76 28 Dylika
336 304 68 27 dystra
423 303 118 29 skildringar
555 304 68 21 kunde
638 311 46 14 man
700 303 75 22 erhålla
790 304 45 21 från

87 334 84 27 mången
187 341 67 14 annan
269 333 75 22 socken
359 334 6 21 |
380 335 45 20 vårt
438 333 54 22 land.
523 335 11 20 I
550 333 126 28 förbigående
689 341 46 15 vare
745 333 90 26 nämndt,

87 367 29 18 att
127 364 208 27 lägenheter
247 359 10 36 i
267 364 62 27 samma
345 363 89 22 tillstånd
441 371 41 14 som
494 364 61 22 ofvan
564 364 127 25 omförmälts,
700 364 66 21 finnas
781 364 6 20 i
797 364 38 20 Ki-

87 394 73 28 vijärvl,
167 394 123 28 Pihtipudas,
300 394 106 21 Viitasaari
416 393 37 22 ooh
463 394 102 25 Karstula,
580 394 55 22 öfver
645 397 28 18 ett
681 394 54 21 tiotal
746 394 6 20 i
762 394 73 27 hvarje.

157 424 41 21 För
213 424 101 21 ordnande
330 424 21 21 af
366 424 38 21 den
425 423 128 23 kommunala
569 423 138 28 fattigvården,
722 423 113 22 folkunder-

87 455 109 26 visningen,
205 453 38 22 den
259 453 128 22 kommunala
402 454 37 21 och
454 453 93 28 kyrkliga
554 454 152 27 beskattningen
722 461 25 14 m.
763 453 22 22 fl.
795 453 40 22 för-

87 483 108 23 hållanden
211 484 88 21 medföra
314 484 58 21 dessa
387 484 233 27 trävarubandelsbolags
635 484 113 27 lägenheter
763 484 72 27 många

89 513 124 29 svårigheter,
228 513 37 22 och
280 515 70 26 utgöra
368 514 24 21 de
408 521 24 14 en
447 514 77 27 verklig
534 517 61 24 tunga
606 514 31 21 för
648 514 147 21 kommunerna.
807 526 28 3 —

88 545 49 20 Man
160 544 36 21 har
211 543 27 28 på
253 544 25 21 de
292 551 68 14 senare
376 544 74 21 tiderna
466 544 45 21 sökt
526 547 29 18 att
570 544 45 21 med
630 544 105 27 styrelsens
751 543 84 28 tillhjelp

88 574 95 21 förbättra
203 574 39 21 den
263 573 105 22 obesuttna
388 574 152 27 befolkningeng
556 574 99 27 ställning.
686 575 11 20 I
716 574 53 21 detta
784 574 51 27 syfte

88 604 61 22 hafva
171 603 13 22 å
206 604 87 21 kronans
313 603 77 22 marker
411 604 85 27 belägna
518 605 147 26 nybyggestorp
681 604 104 21 ombildats
806 603 30 21 till

89 634 44 28 sjelf
147 633 107 22 bestående
261 633 117 28 lägenheter,
387 634 38 21 och
433 633 55 22 hålla
500 633 76 22 sådana
589 634 113 27 lägenheter
716 633 27 28 på
762 637 29 18 att
805 633 31 21 till

88 667 49 19 stort
150 664 55 21 antal
220 664 122 27 uppkomma
357 665 6 20 i
378 664 38 21 den
431 665 99 20 närmaste
545 664 104 21 framtiden
664 665 40 26 just
719 664 6 20 i
740 664 25 21 de
780 663 54 22 trak-

89 697 32 22 ter,
141 694 36 21 där
199 693 149 28 ifrågavarande
372 693 170 22 missförhällande
558 707 27 2 —
601 694 148 27 lägenheternas
771 693 64 22 öfver-

89 723 53 29 gång
156 723 31 22 till
202 724 84 28 bolagen
302 737 28 3 —
346 723 39 22 fått
400 724 43 22 fart,
474 723 70 23 Såsom
567 724 64 21 kändt
643 725 22 20 är
680 723 92 29 mången,
787 723 48 21 efter

89 754 86 21 erhållen
196 754 112 26 immission,
323 754 65 27 färdig
411 758 29 18 att
460 754 80 28 försälja
566 755 29 21 sin
615 754 85 22 sålunda
716 753 120 28 undfängna

89 784 91 28 lägenhet
201 784 31 21 till
255 784 252 28 trävaruhandelsbolagen,
530 784 43 22 ofta
588 784 30 21 till
633 792 40 20 nog
687 783 43 29 lågt
745 784 46 28 pris,
805 784 31 21 för

89 817 29 19 att
132 814 61 21 sedan
215 814 60 28 flytta
300 814 30 21 till
348 814 120 28 närbelägen
483 814 44 22 stad
542 815 6 20 i
564 814 132 28 förhoppning
712 821 31 14 om
759 817 27 17 ett
801 814 34 21 be-

89 844 92 22 kvämare
203 844 28 22 lif.
261 844 12 20 I
297 844 37 21 fall
359 852 47 14 man
429 845 15 27 ej
469 844 27 28 på
518 845 141 21 administrativ
674 846 40 26 väg
728 844 7 20 i
749 844 28 20 tid
793 843 40 21 kan

89 873 137 23 åstadkomma
241 874 62 28 några
318 874 54 28 slags
387 874 69 21 hinder
471 878 40 18 mot
526 875 39 21 den
580 874 113 28 förderfliga
703 873 130 25 verksamhet,

89 911 42 14 som
145 904 149 28 ifrågavarande
310 904 59 29 bolag
384 904 74 25 utöfva,
475 906 22 19 är
512 905 42 21 fara
569 904 62 25 värdt,
643 907 29 18 att
682 904 38 21 den
730 904 105 22 obesuttna

89 934 150 28 befolkningens
263 934 95 28 ställning
378 935 7 20 i
407 934 44 22 vårt
466 934 48 22 land
532 934 22 22 år
570 935 30 21 för
615 934 22 22 år
652 934 37 21 blir
704 934 37 21 allt
757 933 78 23 svårare

89 964 37 21 och
140 971 52 14 mera
214 964 160 28 beklagansvärd
396 968 47 18 trots
464 964 25 22 de
512 964 73 27 försök,
607 972 42 14 som
669 964 13 21 å
701 964 62 21 andra
778 964 57 21 sidan

89 996 55 26 göras
159 994 31 21 för
205 994 134 22 förbättrande
354 995 22 21 af
390 994 62 28 sagda
467 994 105 22 folkklass'
585 994 51 28 läge.
667 994 70 22 Ehuru
747 994 34 22 väl
791 993 44 21 kro-

89 1031 49 14 nans
153 1024 178 28 öfverloppsjordar
346 1024 92 28 utbjudas
454 1024 30 21 till
500 1024 135 28 bebyggande,
650 1024 70 22 verkar
735 1024 52 21 dock
797 1024 38 20 trä-

88 1053 227 29 varuhandelsbolagens
330 1054 114 28 förderfliga
454 1054 126 22 värksamhet
595 1055 38 25 det,
643 1058 30 18 att
682 1054 39 22 den
731 1054 104 21 obesuttna

88 1084 141 28 befolkningen
251 1085 7 20 |
281 1083 73 29 många
374 1084 72 22 trakter
461 1084 36 22 har
512 1084 56 22 svårt
583 1088 28 18 att
626 1085 61 21 vinna
702 1084 81 22 fotfäste
797 1084 39 21 och

88 1114 52 28 plats
155 1114 30 21 för
200 1118 43 24 eget
258 1114 51 21 hem.
341 1114 152 28 Folkmängden
516 1115 6 20 i
544 1114 63 28 några
627 1114 73 26 städer,
716 1114 119 27 exempelvis

87 1144 136 25 Tammerfors,
239 1144 36 22 har
289 1144 63 21 under
367 1144 24 22 de
407 1148 77 18 senaste
499 1144 47 22 åren
561 1145 89 27 begynnt
665 1145 51 27 stiga
731 1143 103 28 omåttligt,

87 1174 82 21 emedan
183 1174 123 21 landsortens
323 1174 117 28 befolkning
455 1174 63 22 måste
533 1178 45 24 taga
593 1176 30 20 sin
639 1174 85 27 tillflykt
739 1174 30 21 till
784 1174 50 21 dem.

88 1204 128 27 Egendomen
239 1204 72 22 samlar
332 1205 30 27 sig
384 1204 28 28 på
432 1204 62 28 några
509 1204 100 22 enskildas
624 1204 37 22 och
676 1204 69 28 bolags
761 1204 74 21 händer

88 1234 37 21 och
140 1233 13 22 å
167 1234 62 21 andra
252 1234 56 21 sidan
332 1234 85 28 tilltager
437 1234 131 28 fattigdomen
593 1234 38 22 och
653 1234 182 28 oförnöjsamheten.

89 1263 55 22 Våra
159 1263 137 22 förhållanden
318 1264 70 22 kunna
409 1264 129 28 småningom,
561 1264 42 22 ifall
619 1264 138 27 förbättringar
771 1264 16 27 ej
804 1262 31 22 fås

88 1293 31 21 till
133 1293 65 25 stånd,
221 1294 83 27 gestalta
326 1295 30 27 sig
377 1294 81 25 sådana,
481 1302 42 14 som
546 1295 6 20 i
570 1294 62 28 några
647 1294 141 24 kulturländer,
807 1296 29 18 att

89 1323 98 28 nämligen
207 1331 38 14 ena
260 1324 76 21 hälften
354 1324 22 21 af
390 1324 77 21 landets
486 1324 116 28 befolkning
617 1324 98 21 nedeätter
729 1324 30 27 sig
775 1324 6 20 i
796 1324 40 20 stä-

89 1354 64 25 derna,
160 1361 24 14 en
191 1354 149 27 omständighet,
348 1361 42 15 som
397 1355 22 20 är
427 1354 29 21 till
464 1354 126 28 oberäknelig
598 1354 63 21 skada
669 1354 29 21 för
708 1354 45 21 hela
763 1353 73 22 folkets

89 1383 104 22 moraliska
208 1384 37 21 och
261 1383 128 23 ekonomiska
412 1383 143 22 förhållanden.
586 1383 159 28 Ifrågavarande,
761 1384 21 21 af
797 1384 40 20 trä-

88 1413 217 28 varuhandelsbolagen
327 1414 90 21 bedrifna
438 1414 42 27 köp
500 1414 21 21 af
535 1414 154 28 jordlägenheter
704 1413 41 22 kan
760 1415 55 20 ännu
831 1413 5 20 I

89 1443 39 28 hög
142 1443 49 28 grad
205 1443 70 28 bringa
290 1443 44 22 vårt
349 1444 42 25 fria,
406 1444 118 27 jordegande
535 1443 134 22 bondestånds
683 1443 78 22 tillvaro
771 1444 6 20 I
787 1443 49 21 fara.

159 1474 73 21 Denna
254 1473 58 28 fråga
332 1474 56 21 berör
411 1481 39 20 nog
473 1475 49 20 nära
537 1474 39 21 den
591 1473 92 22 enskilda
696 1473 140 28 eganderätten
