1023 1656
335 169 288 28 Petitionsmemorial.

208 247 73 27 Borg.
297 247 29 21 st.
649 245 44 22 N:o
710 245 38 22 36.

252 653 50 18 Till
314 653 145 23 Vällofliga
472 653 232 23 Borgareståndet.

175 738 69 18 Under
263 739 80 16 senaste
363 737 30 17 tid
412 737 61 18 hafva
485 737 61 18 bland
559 737 105 18 arbetarne
677 737 7 17 i
696 737 79 18 landets
789 736 67 19 städer

104 774 55 12 mera
176 770 26 15 än
221 767 55 18 förut
289 766 108 18 framträdt
409 772 149 18 gemensamma
572 766 131 18 sträfvanden
716 768 31 16 att
759 766 47 24 höja
819 766 36 18 och

104 798 100 18 förbättra
222 797 184 18 arbetareklassens
426 797 130 18 ekonomiska
575 797 38 17 och
627 797 74 17 sociala
714 796 141 18 förhållanden.

104 828 66 18 Dessa
182 827 131 18 sträfvanden
325 826 62 18 hafva
400 827 53 23 tagit
466 826 32 24 sig
510 827 84 23 uttryck
607 827 7 17 i
621 826 103 18 bildandet
731 826 22 18 af
758 826 98 18 arbetare-

105 858 120 23 föreningar,
245 857 138 18 anordnandet
402 856 22 18 af
441 856 229 24 undervisningskurser
683 856 31 18 för
727 856 92 18 arbetare
831 862 24 11 m.

105 894 31 15 m.,
150 888 36 18 och
199 894 46 11 man
257 887 37 18 har
306 887 53 17 inom
373 886 59 18 dessa
445 887 209 23 sammanslutningar,
667 887 68 18 hvilka
747 886 62 18 redan
821 886 34 17 fin-

106 924 36 12 nas
160 918 7 17 i
186 917 24 18 de
226 916 59 18 flesta
304 916 69 18 städer
391 917 7 17 i
416 916 73 21 landet,
508 917 47 17 sökt
568 916 52 18 efter
632 916 91 24 förmåga
735 916 72 18 utreda
819 916 37 17 och

105 947 49 18 råda
171 947 36 18 bot
225 948 26 22 på
272 946 24 18 de
315 946 195 21 missförhållanden,
530 952 43 12 som
591 946 88 18 existera
691 946 54 18 inom
758 946 98 18 arbetare-

105 978 85 17 klassen.

176 1008 30 16 De
223 1007 86 18 rörelser
322 1007 32 17 till
367 1006 78 18 förmån
458 1006 32 18 för
503 1006 192 24 kroppsarbetarnes
709 1006 86 24 höjande
807 1006 7 17 i
826 1011 31 13 so-

106 1038 48 17 cialt
166 1037 100 21 afseende,
281 1042 44 13 som
338 1037 95 23 uppstått
445 1037 6 17 i
465 1036 24 18 de
503 1038 55 16 stora
571 1036 165 21 kulturstaterna,
752 1036 55 18 hafva
820 1035 38 18 med

106 1067 44 18 sina
175 1067 115 23 svallvågor
309 1066 60 18 äfven
387 1067 46 17 nått
451 1066 32 18 till
503 1072 39 12 oss.
568 1066 50 18 Vårt
631 1066 47 18 land
689 1067 37 17 har
738 1066 119 23 visserligen

105 1097 44 17 icke
168 1097 6 17 i
194 1102 75 12 samma
288 1096 125 18 förhållande
433 1102 42 12 som
489 1096 25 18 de
528 1096 103 24 egentliga
642 1096 179 18 industristaterna
833 1101 24 11 en

106 1127 66 21 talrik,
192 1126 21 18 af
230 1126 127 23 kapitalister
379 1128 89 22 utsugen
488 1126 214 24 arbetarebefolkning,
722 1126 37 18 och
773 1126 34 17 det
819 1126 39 17 kan

106 1157 44 17 icke
168 1156 93 18 förnekas
281 1158 31 16 att
324 1158 74 22 många
411 1156 22 18 af
444 1156 25 18 de
481 1156 168 24 arbetarefrågor,
663 1162 42 12 som
718 1156 7 17 i
738 1156 62 18 andra
812 1155 46 18 land

106 1188 85 22 upprört
210 1186 87 23 sinnena,
317 1186 17 23 ej
355 1186 61 18 hafva
435 1186 66 18 direkt
513 1186 128 24 tillämpning
653 1186 26 23 på
690 1186 50 18 våra
752 1185 105 18 förhållan-

107 1217 43 18 den.
176 1217 77 18 Okloka
265 1217 37 17 och
315 1217 134 23 hänsynslösa
461 1217 112 23 agitatorer
585 1216 62 18 hafva
659 1216 56 23 dock,
727 1218 49 16 utan
790 1216 67 23 egent-

106 1247 42 23 liga
172 1247 84 17 insikter
275 1247 6 17 i
300 1246 163 24 arbetarefrågor
481 1247 38 17 och
539 1248 49 16 utan
608 1248 30 16 att
649 1246 73 18 beakta
735 1246 124 17 olikheterna

107 1277 84 17 emellan
210 1276 244 18 arbetareförhållandena
475 1276 37 18 hos
526 1281 34 13 oss
573 1277 37 17 och
623 1276 7 17 i
643 1276 61 17 andra
717 1275 74 22 länder,
805 1275 54 18 velat

107 1307 26 22 på
151 1307 49 17 våra
218 1305 138 18 förhållanden
369 1305 78 18 direkte
459 1306 93 23 tillämpa
564 1306 44 18 från
621 1306 91 17 utlandet
724 1304 135 25 importerade

107 1335 61 18 ideer.
198 1336 121 23 Därigenom
349 1335 61 18 hafva
435 1335 117 18 arbetarnes
576 1335 127 24 berättigade
729 1334 130 19 sträfvanden

107 1365 122 18 missriktats
243 1365 37 18 och
292 1365 59 18 äfven
364 1365 61 18 bland
438 1367 61 16 annat
512 1365 44 18 ledt
567 1366 32 17 till
612 1365 106 18 konflikter
730 1365 85 17 emellan
830 1370 29 11 ar-

106 1395 70 18 betare
195 1395 36 18 och
251 1395 153 24 arbetsgifvare,
423 1396 32 17 till
474 1395 197 21 arbetsinställelser,
684 1395 40 18 lika
737 1394 122 24 olycksbrin-

106 1425 66 23 gande
186 1425 31 18 för
229 1425 118 18 arbetarene
361 1431 43 12 som
417 1425 32 18 för
461 1425 179 24 arbetsgifvarene.
