1039 1656
334 233 282 24 Petitionsmemorial.

198 311 71 27 Borg.
286 312 30 22 st.
655 312 40 22 N:o
713 311 33 22 11.

619 440 162 25 (Öfversättning).

267 694 44 18 Till
329 694 131 22 Vällofliga
476 694 203 23 Borgareständet.

164 748 56 21 Ännu
233 751 54 18 hafva
299 752 42 18 icke
354 752 28 22 sju
396 752 21 17 är
429 752 80 18 förflutit
521 752 57 18 sedan
591 752 201 22 folkhögskoletanken
806 757 46 12 vann

96 780 62 22 insteg
173 780 35 18 och
224 780 146 23 förvärkligades
383 781 6 17 i
402 781 41 17 vårt
458 781 45 17 land
520 781 34 17 och
570 781 58 18 redan
642 783 31 15 äro
688 781 20 17 19
721 780 72 18 sådana
805 780 48 18 bild-

96 809 147 22 ningsanstalter
256 809 6 17 i
275 809 123 17 värksamhet.
422 810 37 17 För
478 810 107 22 ytterligare
604 810 58 22 några
680 812 32 15 äro
725 809 128 23 grundfonder

95 843 66 17 genom
174 837 90 23 frivilliga
277 838 121 22 insamlingar
410 838 109 22 hopbragta.
713 838 4 4 N

164 866 67 18 Denna
250 866 78 23 sällsynt
348 866 70 18 snabba
438 866 102 24 framgäng,
557 872 38 12 som
608 868 50 16 inom
672 867 63 23 loppet
747 866 21 18 af
779 867 21 17 sä
812 867 42 17 kort

96 895 27 17 tid
137 895 78 17 kommit
232 895 165 23 folkhögskolorna
413 896 27 16 till
454 895 36 22 del,
504 896 34 17 och
551 896 32 17 det
595 896 113 17 fortfarande
721 896 81 16 intresse
815 900 38 12 som

96 924 108 22 ädagalagts
223 924 30 17 vid
272 924 54 17 deras
343 924 144 22 uppehällande,
501 924 76 18 oaktadt
590 924 23 18 de
626 924 121 18 ekonomiska
759 924 94 22 svärighe-

95 954 30 16 ter
137 952 23 18 de
173 952 41 18 haft
226 955 29 15 att
267 953 97 22 bekämpa,
381 954 49 16 visar
443 953 100 23 klarligen,
557 955 26 15 att
596 953 22 17 de
631 953 46 23 fylla
689 954 26 16 ett
727 952 80 22 värkligt
819 952 35 17 och

95 982 7 16 i
115 981 43 17 vida
171 982 73 17 kretsar
258 981 54 23 djupt
323 981 59 18 kändt
395 981 61 18 behof.
481 982 42 17 Den
539 982 126 22 frikostighet,
681 981 32 18 det
725 982 81 16 intresse
819 980 34 18 och

97 1010 35 18 den
145 1010 63 22 aldrig
219 1010 106 18 tröttnande
342 1010 53 21 ifver,
410 1010 88 18 hvarmed
512 1010 54 18 dessa
579 1010 164 22 bildningshärdar
756 1009 52 18 öfver
820 1009 34 17 allt

95 1039 6 16 i
115 1038 40 17 värt
173 1038 44 17 land
234 1039 74 16 härtills
321 1039 119 22 uppehällits,
452 1039 50 16 visar
512 1039 41 22 just
566 1038 93 23 tydligast,
672 1040 26 15 att
710 1038 61 18 folket
782 1038 72 17 känner

96 1067 34 17 och
143 1067 94 18 erkänner
250 1067 41 18 dem
306 1072 37 13 som
357 1067 41 18 sina
410 1072 52 17 egna,
476 1067 83 22 värkliga
571 1067 231 22 folkbildningsanstalter.
823 1066 31 18 Uti

96 1095 139 23 uppehällande
254 1095 20 18 af
292 1095 166 23 folkhögskolorna
476 1096 34 17 har
528 1095 96 23 nämligen
637 1095 36 18 den
685 1095 96 23 egentliga
793 1095 61 17 lands-

95 1123 133 24 befolkningen
248 1124 42 17 med
309 1125 42 16 sina
370 1125 74 22 knappa
463 1124 100 23 tillgängar
581 1124 71 23 ganska
665 1124 94 17 kännbart
771 1123 83 23 deltagit.

96 1153 39 17 Och
155 1152 190 23 landsbefolkningen
364 1153 6 17 i
389 1152 80 18 Finland
489 1155 21 15 är
529 1152 102 23 ingalunda
650 1153 21 17 sä
687 1153 70 22 hastigt
770 1152 45 17 redo
828 1154 27 15 att

97 1180 85 23 uppofira
200 1181 42 18 sina
260 1181 42 18 med
321 1183 47 16 svett
385 1181 34 18 och
433 1181 55 18 möda
500 1181 117 18 förvärfvade
631 1181 74 22 knappa
717 1181 100 22 tillgångar
830 1181 23 22 pä

95 1209 78 23 företag,
194 1215 28 12 om
242 1210 74 17 hvilkas
333 1210 140 23 nödvändighet
486 1210 34 17 och
534 1211 51 21 nyttä
598 1209 35 18 den
646 1209 42 18 icke
702 1210 73 17 känner
787 1209 29 22 sig
828 1209 26 18 öf-

95 1238 95 23 vertygad.
216 1239 60 17 Dessa
295 1238 129 23 uppoffringar
442 1238 55 17 hafva
516 1238 28 17 för
561 1239 38 17 den
616 1238 71 17 mindre
701 1237 109 18 bemedlade
823 1237 32 18 be-

95 1267 107 22 folkningen
224 1267 102 22 ingalunda
344 1267 48 17 varit
410 1267 58 22 ringa,
486 1267 24 17 dä
526 1272 42 12 man
582 1267 96 20 betänker,
691 1269 28 15 att
731 1266 28 18 för
772 1268 83 21 upprätt-

96 1295 96 18 hällandet
210 1295 20 18 af
244 1295 64 22 hvarje
324 1295 130 23 folkhögskola
466 1295 35 18 har
514 1295 101 18 erfordrats
628 1295 34 18 och
675 1295 94 18 erfordras
781 1295 73 22 ärligen

96 1323 41 18 frän
151 1324 85 22 sjutusen
248 1324 30 17 till
292 1325 84 16 niotusen
391 1325 58 20 mark,
462 1324 68 17 hvaraf
541 1326 58 16 större
613 1324 60 21 delen,
687 1324 47 17 eller
747 1324 86 22 omkring
845 1324 10 17 6

95 1353 10 16 å
118 1352 51 21 7,000
187 1353 59 21 mark,
260 1353 34 22 går
313 1353 28 16 till
360 1353 95 18 lärarenes
474 1352 105 19 aflönande.
609 1353 38 17 Och
666 1353 95 17 elevernas
780 1352 75 22 afgifter

95 1381 62 22 uppgä
178 1381 175 22 öfverhufvudtaget
373 1381 43 18 icke
428 1381 30 18 till
472 1381 122 18 tiondedelen
607 1381 20 18 af
639 1381 23 18 de
675 1381 59 22 ärliga
747 1381 107 22 utgifterna.

95 1409 36 18 För
144 1409 46 18 flera
202 1409 132 18 läroanstalter
349 1409 58 18 hafva
422 1412 50 15 ännu
491 1409 64 18 därtill
569 1410 61 17 medel
646 1410 29 17 för
687 1409 135 24 uppbyggande
837 1409 20 17 af

95 1443 48 17 egna
156 1438 36 17 hus
204 1439 70 16 ernätts
288 1443 65 17 genom
367 1438 89 23 frivilliga
468 1439 128 22 insamlingar.
