1023 1656
169 113 13 19 8
349 111 277 23 Petitionsbetänkande
641 111 45 23 N:o
701 111 39 22 43.

169 182 184 29 krigsministern
369 183 123 29 godkända
502 184 97 28 ändring
610 184 7 21 i
627 183 175 22 läroanstaltens
813 183 108 22 lektions-

169 218 61 28 plan.
262 219 82 21 Denna
363 219 60 21 åsikt
440 226 62 14 vann
521 218 69 23 äfven
605 219 39 21 vid
660 219 172 28 omröstningen
847 219 74 29 plura-

169 254 51 21 litet
244 254 36 22 för
304 254 35 29 sig
355 255 42 21 och
413 254 51 22 blef
476 255 95 21 sålunda
588 254 111 22 Senatens
716 254 76 22 beslut
807 254 7 22 i
833 254 87 29 frågan.

241 290 36 22 De
301 290 56 26 skäl,
381 297 48 15 som
454 290 26 22 af
500 290 113 22 Senatens
636 290 74 22 flertal
726 290 141 28 förebragtes
884 290 37 22 till

169 326 51 21 stöd
241 326 36 22 för
293 326 124 22 svenskans
435 326 158 22 bibehällande
609 334 50 14 som
674 326 245 29 undervisningsspräk

169 362 39 21 vid
231 362 158 27 kadettkären,
414 362 76 22 blefvo
514 364 30 27 pä
567 365 34 19 ett
624 362 73 28 enligt
711 362 133 22 Utskottets
860 361 61 22 åsikt

169 396 54 23 fullt
251 398 166 29 öfvertygande
444 400 46 20 sätt
513 398 103 22 bemötta
639 398 23 22 af
685 398 151 22 minoriteten.
875 398 47 21 Det

169 434 130 28 päpekades
322 434 52 22 frän
394 435 64 22 detta
480 435 47 22 häll
543 437 34 19 att
592 434 137 29 stadgandet
745 434 7 21 i
768 433 154 22 ofvannämda

169 469 135 29 förordning
327 470 26 21 af
374 471 44 21 den
442 473 28 19 28
488 470 52 29 juni
565 473 65 23 1888,
654 477 49 15 som
724 469 147 23 föreskrifver
887 471 36 20 att

170 505 196 30 undervisningen
382 506 8 21 i
406 507 27 21 de
454 507 138 25 läroämnen,
611 506 79 22 hvilka
707 505 20 29 ej
745 505 131 29 föredragas
892 507 30 27 pä

169 542 77 27 ryska,
279 542 73 21 skulle
385 543 115 21 meddelas
531 545 30 26 pä
586 543 89 20 ottdera
701 541 27 22 af
750 542 28 21 de
803 541 121 22 inhemska

171 577 98 28 spräken
300 578 72 29 enligt
403 578 112 22 direktors
545 578 46 26 val,
622 578 26 21 af
671 577 117 22 direktorn
812 577 33 22 als
871 577 50 22 icke

170 613 120 28 iakttagits
314 614 39 21 vid
377 614 204 29 undervisningens
598 614 123 25 ordnande,
739 613 29 22 dä
782 613 59 21 intet
856 615 67 19 ämne

170 648 137 30 föredragits
327 651 30 27 pä
373 649 74 22 finska
462 650 99 29 spräket,
577 650 43 21 och
635 652 34 19 att
684 649 116 22 elevernas
816 649 106 28 kunskap

170 684 8 21 i
199 685 125 22 sistnämda
347 686 69 28 spräk
439 687 8 20 i
470 685 79 29 hvarje
572 685 109 22 händelse
704 685 59 21 hade
786 684 59 22 varit
860 692 64 14 mera

171 720 214 23 tillfredsställande
401 725 29 18 än
445 729 31 14 nu
487 725 25 18 är
523 721 72 26 fallet,
607 729 36 14 om
654 721 101 22 direktor
766 721 137 21 ätminstone
914 721 8 20 i

171 758 75 27 nägon
270 759 53 20 män
345 757 54 29 följt
414 758 70 29 sagda
499 757 146 29 förordnings
661 756 123 23 föreskrift.
814 757 110 21 Däremot

171 792 77 22 kunde
263 793 27 22 de
301 795 34 20 tre
346 794 171 26 veckotimmar,
528 801 49 14 som
588 793 73 29 enligt
671 793 112 22 direktors
794 792 62 22 förut
868 792 56 21 rela-

171 829 78 21 terade
270 829 85 28 förslag
378 837 32 14 nu
434 830 133 28 ytterligare
591 829 90 22 komme
705 828 192 28 undervisningen
915 828 7 21 i

171 863 74 22 finska
268 865 93 28 spräket
376 865 35 21 till
427 865 44 26 del,
488 865 49 22 icke
552 873 55 13 vara
623 865 26 21 af
661 864 127 22 nämnvärd
803 864 121 28 betydelse

171 899 36 22 för
223 900 110 29 höjandet
350 900 27 22 af
389 901 116 21 elevernas
522 901 105 28 kunskap
643 901 5 21 i
662 901 63 21 detta
736 900 75 29 språk,
822 899 60 22 hälst
894 899 28 22 de

171 935 74 22 finska
269 936 297 29 undervisningstimmarna
589 936 65 23 öfver
677 936 90 21 hufvud
783 936 89 21 komme
888 937 35 20 att

171 971 91 28 skjutas
278 972 96 21 tillbaka
389 973 36 21 till
441 973 27 21 de
484 973 63 28 lägre
563 973 123 26 klasserna,
703 972 82 21 medan
795 971 36 22 för
841 971 81 22 under-

171 1006 122 30 visningen
308 1008 7 21 i
333 1009 97 20 svenska
447 1009 92 28 spräket
554 1008 81 26 skulle,
643 1008 52 21 med
713 1007 136 28 indragning
860 1007 26 21 af
894 1014 29 14 en

171 1043 152 22 veckotimme
335 1045 12 20 ä
358 1044 28 21 de
397 1044 114 21 allmänna
521 1044 124 25 klasserna,
656 1043 134 28 ytterligare
802 1050 28 13 en
842 1043 81 21 vecko-

171 1078 79 22 timme
275 1081 12 19 å
309 1080 202 28 specialklasserna
533 1080 132 28 inrymmas.
698 1079 37 21 Då
753 1079 116 21 dessutom
884 1078 39 21 det

172 1114 73 22 ökade
261 1115 87 21 antalet
363 1116 92 21 timmar
469 1115 8 22 i
492 1115 75 22 finska
583 1116 92 28 spräket
691 1115 91 21 komme
798 1116 34 19 att
842 1114 82 21 vinnas

171 1151 30 27 pä
227 1150 128 22 bekostnad
379 1151 26 21 af
424 1151 194 28 undervisningen
642 1151 8 21 i
671 1151 94 21 franska
788 1150 43 21 och
854 1150 70 27 tyska

171 1186 106 27 spräken,
302 1187 73 21 skulle
400 1187 39 21 det
462 1187 151 22 tvifvelsutan
637 1189 64 19 snart
721 1187 48 20 visa
792 1186 35 28 sig
843 1187 33 20 att
893 1193 29 13 en

171 1221 132 29 minskning
319 1222 26 21 af
357 1222 130 22 timantalet
502 1223 8 21 i
521 1223 27 21 de
558 1223 174 21 västerländska
742 1221 178 28 kulturspräken

170 1256 51 22 icke
237 1260 56 19 utan
309 1258 122 29 olägenhet
447 1259 76 21 kunde
537 1259 151 28 genomföras.
715 1258 43 21 Att
769 1259 75 20 såsom
854 1257 69 21 äfven

170 1292 8 21 i
193 1293 101 22 Senaten
317 1293 131 30 föreslagits
466 1294 80 29 frägan
560 1295 71 21 borde
646 1295 60 21 lösas
724 1296 25 19 sä
764 1295 34 20 att
813 1301 29 13 en
862 1293 60 20 finsk

170 1329 215 29 parallelafdelning
403 1330 40 21 vid
465 1330 129 22 lärovärket
617 1329 132 26 inrättades,
766 1330 70 27 ansäg
852 1328 71 21 mino-

170 1364 85 22 riteten
278 1365 19 28 ej
324 1365 55 22 böra
403 1366 91 21 komma
517 1366 7 21 i
547 1365 72 29 fräga,
641 1365 30 22 dä
690 1372 29 14 en
735 1365 70 21 sädan
821 1363 102 29 spräklig

171 1400 122 29 tudelning
313 1400 26 22 af
359 1401 151 22 kadettkären
525 1401 50 21 icke
590 1408 54 15 vore
661 1401 75 28 egnad
752 1403 34 18 att
802 1399 121 22 framkalla

244 1448 107 19 Allmänna
361 1449 182 22 petitionsutskottets
556 1449 117 18 betänkande
687 1449 37 18 N:o
737 1449 29 18 22.
