1034 1653
214 136 27 18 30

183 193 66 21 säkra
273 193 134 21 konstnärer
431 194 42 20 och
497 193 126 28 fotografer
648 193 152 21 vidsträktare
826 193 107 28 upphofs-

183 231 129 19 mannarätt
327 229 36 21 till
379 229 84 21 alstren
479 228 26 22 af
526 229 35 21 sin
576 229 146 21 verksamhet
738 229 49 25 och,
803 229 7 21 i
826 228 107 22 händelse

183 264 70 21 sådan
270 264 95 28 ändring
381 264 82 22 funnes
474 264 26 21 af
509 260 172 26 förhållandena
692 264 114 28 påkallad,
817 264 116 28 förelägga

183 300 264 21 nästsammanträdande
464 300 97 21 Ständer
577 300 143 28 proposition
735 300 7 21 i
758 303 86 23 ämnet;

255 341 58 27 33:0)
331 343 34 19 att
380 341 63 21 Hans
460 341 130 28 Kejserliga
605 341 109 28 Majestät
730 341 87 21 täcktes
829 341 34 21 till
874 344 58 18 näst-

183 377 135 20 kommande
341 377 111 28 landtdag
475 376 68 22 afläta
566 377 69 28 nådig
658 377 143 28 proposition
817 377 115 28 angående

182 412 116 28 reglering
321 412 26 21 af
368 412 148 21 klockarenes
540 413 7 20 i
563 412 89 21 landets
675 412 257 29 evangelisk-lutherska

183 447 158 28 församlingar
357 447 111 29 aflöning;

256 489 59 27 34:0)
332 491 34 18 att
381 489 64 21 Hans
469 489 109 28 Majestät
597 489 53 21 ville
665 489 47 21 låta
727 489 105 21 utarbeta
848 489 84 28 förslag

182 524 35 21 till
234 524 142 28 stadganden
394 525 118 27 angående
535 524 61 22 hvad
612 525 7 20 i
635 524 106 22 afseende
757 526 13 19 å
786 524 145 28 emigranters

183 559 149 22 befordrande
348 560 36 21 till
400 560 140 21 främmande
559 560 114 21 världsdel
689 560 114 28 iakttagas
818 560 41 22 bör
874 562 58 19 samt

182 595 119 28 förelägga
316 596 265 20 nästsammanträdande
597 595 98 22 Ständer
711 596 70 28 nådig
792 596 139 28 proposition

182 631 7 21 i
205 633 87 23 ämnet;

255 673 60 26 35:0)
332 674 35 19 att
382 672 64 21 Hans
463 672 132 29 Kejserliga
610 672 109 28 Majestät
734 672 55 21 ville
804 674 53 26 taga
872 672 6 21 i
894 674 37 19 nä-

182 708 50 27 digt
248 707 168 28 öfvervägande
440 707 113 22 huruvida
576 708 49 21 icke
649 707 149 28 tjenstetiden
814 708 38 21 vid
868 708 63 21 aktiv

182 746 69 25 trupp
269 743 35 21 för
320 743 58 26 dem,
394 743 78 21 hvilka
488 743 50 22 icke
557 743 89 28 åtnjuta
662 743 104 28 eftergift
782 743 7 21 i
805 743 126 28 värneplik-

182 782 50 17 tens
249 778 151 29 fullgörande,
424 779 76 21 kunde
523 779 134 21 inskränkas
681 779 36 21 till
741 781 40 19 två
797 781 24 19 år
836 779 50 20 med
903 786 28 13 en

181 814 59 21 efter
257 814 173 22 förhållandena
445 815 91 28 lämpad
553 815 144 28 förkortning
713 815 36 21 för
764 815 28 21 de
803 814 127 29 värneplik-

182 850 53 28 tige,
253 857 48 14 som
317 853 38 18 äro
372 850 36 21 till
424 851 70 20 sådan
518 850 103 29 eftergift
641 851 149 28 berättigade,
808 850 41 21 och
864 850 66 21 huru-

181 885 52 21 vida
249 885 50 21 icke
323 885 155 29 öfningstiden
501 886 39 21 vid
564 893 105 14 reserven
685 886 77 21 kunde
778 885 107 21 likaledes
902 887 28 26 på

181 921 81 21 endast
278 923 39 18 två
333 923 23 18 år
373 921 113 26 fördelas
482 917 12 37 ;
504 924 59 18 samt
579 923 39 26 att,
631 929 36 14 om
678 921 64 21 Hans
754 921 108 28 Majestät
871 921 59 28 pröf-

181 957 57 20 vade
261 956 70 20 sådan
349 956 100 28 lindring
468 957 7 20 i
493 956 170 28 värnepliktens
688 956 143 28 fullgörande
854 956 76 20 kunna

180 993 56 19 utan
252 998 52 14 men
320 991 35 21 för
371 992 43 20 den
431 992 98 20 militära
545 992 161 27 utbildningen
717 990 134 29 medgifvas,
862 991 68 27 nådig

181 1026 143 28 proposition
347 1033 37 14 om
410 1026 68 21 häraf
503 1026 120 29 påkallade
649 1027 122 27 ändringar
794 1026 7 21 i
826 1025 103 28 gällande

180 1061 186 29 Värnepliktslag
382 1061 77 22 blefve
474 1062 268 21 nästsammanträdande
761 1061 98 22 Ständer
875 1061 55 21 före-

180 1097 64 28 lagd;

252 1139 59 26 36:0)
336 1141 35 18 att
394 1139 64 21 Hans
481 1138 130 29 Kejserliga
627 1138 109 28 Majestät
751 1138 88 21 täcktes
855 1140 52 26 taga
923 1138 6 21 i

180 1173 169 29 öfvervägande
366 1176 29 26 pä
411 1175 60 20 hvad
488 1176 46 19 sätt
553 1174 185 21 kreditanstalter
753 1173 76 22 kunde
845 1173 34 21 fås
895 1174 34 20 till

179 1209 74 26 stånd,
270 1217 27 13 ur
312 1209 79 22 hvilka
408 1211 24 20 ät
447 1209 88 22 mindre
548 1209 152 28 jordbrukare
716 1209 126 28 beviljades
858 1216 71 14 amor-

179 1244 126 29 teringslän
322 1247 29 26 pä
366 1245 78 28 längre
457 1245 211 28 äterbetalningstid
680 1245 43 21 och
734 1247 61 18 emot
806 1244 38 29 läg
854 1247 75 23 ränta;

251 1293 59 26 37:0)
335 1294 34 19 att
391 1293 70 27 nädig
482 1292 162 28 propositition
667 1299 37 14 om
728 1291 163 28 upphäfvande
907 1291 26 21 af

179 1327 77 27 kong]l.
273 1327 154 28 kungörelsen
443 1328 44 20 den
505 1330 26 18 17
545 1327 109 21 Februari
667 1328 65 24 1803,
743 1327 117 27 angående
868 1326 61 28 jord-

178 1362 55 21 eller
249 1362 196 29 hemmansegares
462 1362 145 29 ansvarighet
623 1362 35 22 för
674 1364 13 20 å
699 1362 65 21 deras
776 1369 55 21 egor
842 1362 87 21 boende

177 1397 163 28 inhyseshjons
363 1398 52 21 med
439 1398 53 21 flere
516 1398 83 21 sädana
622 1405 120 21 personers
758 1397 170 27 kronoutlagor,

177 1434 72 19 mätte
265 1433 264 22 nästsammanträdande
546 1433 97 21 Ständer
658 1433 140 28 föreläggas;
