1025 1656
92 152 26 19 de
134 152 30 19 uti
181 152 115 24 stadgarna
312 152 33 20 för
361 152 98 19 skolorna
473 152 111 20 bestämda
600 152 95 22 ämnena,
705 152 78 19 hvaraf
796 151 45 25 följ-

93 182 41 19 den
156 182 40 19 blir
219 182 106 24 störingar
348 182 6 19 i
377 182 215 20 handarbetsskolans
612 182 108 24 egentliga
737 180 103 26 syftemål.

92 212 42 19 För
150 212 30 19 att
196 212 56 19 äldre
270 212 96 19 arbetare
383 212 66 19 skulle
460 212 70 19 kunna
541 212 100 24 begagna
652 211 189 20 elementarunder-

92 242 113 24 visningen
229 242 35 24 sig
287 242 28 19 till
340 242 61 24 godo,
419 241 68 20 måste
508 241 268 25 undervisningskurserna
792 246 51 14 vara

94 272 120 18 anordnade
240 271 12 20 å
278 278 25 13 en
326 272 6 19 i
352 272 94 24 enlighet
469 272 47 19 med
540 272 25 19 de
590 272 68 19 lokala
683 271 160 19 förhållandena

93 301 87 25 lämplig
213 302 27 18 tid
272 303 56 18 samt
358 302 255 24 undervisningsämnena
643 301 114 25 afpassade
789 301 54 19 efter

94 332 26 18 de
141 331 271 25 undervisningssökandes
433 331 69 23 behof,
524 331 27 25 på
567 332 43 19 sätt
625 337 48 13 man
690 331 63 19 äfven
770 330 71 20 hittills

94 361 82 19 förfarit
195 361 35 19 vid
250 361 260 25 arbetareföreningarnas
528 362 195 19 elementarkurser.
756 361 41 19 För
813 361 30 19 att

94 390 65 20 hafva
175 391 113 25 framgång
305 392 50 18 böra
371 392 219 19 elementarkurserna
606 391 88 19 sålunda
707 391 62 19 äfven
781 390 61 20 fram-

94 421 58 20 deles
169 421 44 20 fritt
230 421 21 20 få
267 422 76 19 ordnas
360 422 6 18 i
383 422 93 24 enlighet
492 422 47 19 med
555 422 25 19 de
597 421 69 20 lokala
677 420 164 23 förhållandena,

94 451 48 19 med
165 451 137 25 iakttagande
326 452 75 19 endast
425 452 23 19 af
470 452 105 19 allmänna
591 451 164 24 bestämningar,
773 451 70 19 hvilka

95 481 103 24 styrelsen
215 481 67 20 finner
297 482 74 24 nödigt
387 482 30 19 att
433 482 105 24 uppställa
548 487 45 14 som
604 481 67 20 vilkor
682 481 33 19 för
725 481 117 25 beviljande

95 511 24 19 af
140 511 120 19 understöd.
294 511 37 20 Om
355 511 69 20 denna
447 512 136 24 uppfattning
606 511 101 20 förenade
731 511 33 24 sig
781 511 62 19 äfven

95 541 123 19 förenämda
238 543 51 17 1891
310 541 33 20 års
361 542 166 19 ständerutskott
543 542 6 19 i
565 542 37 19 sitt
618 541 86 24 förslag.

166 571 38 19 Till
229 571 81 19 förmån
335 571 32 19 för
388 571 128 26 beviljandet
537 571 23 20 af
574 571 130 24 statsbidrag
721 571 32 19 för
768 571 75 18 under-

95 601 110 25 stödjande
228 601 24 19 af
269 601 274 25 elementarundervisning,
565 607 46 14 som
631 601 104 20 anordnas
752 601 24 18 af
789 600 54 19 före-

95 631 76 24 ningar
192 631 51 19 eller
261 631 129 23 kommuner,
408 631 53 20 talar
477 631 63 20 äfven
556 632 41 18 den
613 630 184 25 omständigheten
814 631 30 18 att

96 661 30 19 ett
148 661 66 24 dylikt
238 661 75 24 bidrag
332 661 67 19 skulle
415 661 90 25 kraftigt
520 662 57 24 ägga
594 661 110 19 arbetarne
721 660 77 26 själfva
814 659 30 20 till

95 690 91 25 höjande
206 690 23 19 af
246 691 33 19 sin
295 691 100 24 bildning.
427 691 114 20 Dessutom
557 691 67 19 skulle
640 691 83 19 landets
740 690 104 19 arbetare-

96 720 122 25 föreningar
246 721 122 24 därigenom
400 721 70 19 kunna
497 721 73 24 bygga
596 721 33 19 sin
655 720 136 20 värksamhet
816 719 28 25 på

96 750 62 19 säker
177 750 72 25 andlig
268 751 74 24 grund,
360 751 65 24 något
441 757 44 13 som
503 751 24 19 af
540 751 78 24 många
635 751 44 19 skäl
695 750 69 19 måste
781 755 62 14 anses

96 785 45 14 som
158 780 135 25 synnerligen
309 781 81 24 viktigt.

168 810 110 19 Allmänna
294 811 193 19 besvärsutskottet
502 811 34 19 vid
555 812 53 17 1891
628 810 34 19 års
678 810 101 24 landtdag
790 809 54 20 före-

96 839 48 25 slog
159 840 7 19 i
176 840 115 25 anledning
307 841 23 19 af
345 841 122 19 förenämda
483 841 56 18 inom
555 841 152 24 Ridderskapet
723 839 39 20 och
778 839 66 20 Adeln

96 869 76 20 väckta
192 870 88 24 petition
301 871 30 19 att
353 871 129 24 statsbidrag
499 871 17 24 ej
535 870 67 19 skulle
619 870 87 25 beviljas
724 869 29 20 till
769 869 75 19 under-

96 899 110 26 stödjande
224 900 23 19 af
262 905 26 14 en
304 901 270 24 elementarundervisning
590 901 6 18 i
613 901 52 18 form
683 900 23 19 af
721 899 123 20 föreläsnin-

96 935 45 18 gar,
163 930 51 19 utan
236 930 32 19 för
283 930 155 25 uppehällande
455 930 23 19 af
492 930 96 25 värkliga
606 929 238 24 ,elementarundervis-

96 959 160 24 ningskurser*.
289 960 7 19 1
313 960 101 19 händelse
431 961 114 18 ständerna
562 960 17 25 ej
597 960 67 19 heller
680 965 27 14 nu
719 959 80 24 ansäge
811 959 34 24 sig

96 989 70 19 kunna
183 989 84 20 förorda
284 990 169 19 statsunderstöd
465 990 32 19 för
508 990 224 24 föreläsningskurser,
745 989 25 20 sä
780 989 65 19 borde

96 1020 71 18 staten
189 1020 48 19 med
256 1019 25 20 sä
296 1020 84 25 mycket
396 1021 68 18 större
481 1020 51 23 skäl,
550 1019 26 20 dä
593 1019 144 20 anordnandet
754 1019 23 19 af
791 1019 54 18 före-

96 1049 110 24 läsningar
227 1049 69 20 blefve
316 1050 153 19 öfverlämnadt
485 1050 22 19 ät
523 1050 161 24 föreningarnas
701 1049 90 24 försorg,
808 1054 37 13 un-

98 1079 106 25 derstödja
228 1079 391 26 elementarundervisningskurserna,
644 1079 48 20 med
711 1079 101 19 afseende
833 1077 13 20 ä

97 1109 71 19 hvilka
190 1109 105 24 styrelsen
314 1110 71 19 kunde
404 1115 45 14 som
465 1110 67 19 vilkor
548 1110 33 19 för
597 1109 120 20 erhällande
735 1109 23 19 af
771 1109 75 23 bidrag

97 1139 106 24 uppställa
222 1139 78 24 nödiga
322 1139 159 24 bestämningar
503 1140 39 19 och
563 1140 93 19 anordna
677 1139 125 25 inspektion,
819 1137 28 25 pä

98 1169 35 18 det
149 1169 179 24 undervisningen
346 1169 67 20 skulle
430 1169 65 20 blifva
511 1169 27 25 pä
554 1170 36 19 det
599 1170 56 19 mest
666 1168 181 24 ändamälsenliga

97 1199 43 18 sätt
156 1199 78 18 ordnad
252 1199 38 19 och
307 1199 115 19 handhafd.

168 1228 57 19 Enär
249 1228 72 25 någon
342 1229 96 24 egentlig
459 1229 92 19 statistik
571 1229 89 19 rörande
682 1227 164 26 ifrågavarande

98 1257 269 26 elementarundervisning
394 1259 32 19 för
457 1259 96 19 arbetare
581 1259 18 25 ej
626 1259 74 22 finnes,
727 1258 28 25 på
779 1257 67 24 grund

97 1287 77 20 hvaraf
195 1293 49 14 man
268 1289 69 18 kunde
361 1290 53 23 göra
437 1289 30 19 ett
490 1289 82 24 förslag
592 1289 89 18 rörande
703 1288 106 19 storleken
826 1287 23 19 af

98 1318 80 18 statens
200 1318 81 24 bidrag,
304 1318 80 19 hvilket
403 1318 18 25 ej
444 1319 41 18 kan
504 1318 27 25 på
549 1318 88 19 förhand
653 1318 30 19 till
700 1323 96 14 summan
812 1317 35 18 be-

98 1348 107 22 stämmas,
223 1347 64 20 äfven
304 1348 23 19 af
342 1348 40 19 den
399 1349 62 18 orsak
479 1349 30 18 att
524 1354 50 13 man
591 1348 17 25 ej
625 1349 36 18 vet
676 1348 5 19 i
699 1348 84 19 hvilken
799 1346 48 19 mån

98 1377 194 20 statsunderstödet
313 1377 67 20 skulle
397 1378 88 24 bidraga
502 1378 29 19 till
547 1376 300 26 undervisningsvärksamhe-

98 1407 46 18 tens
165 1407 137 24 utvidgande,
324 1407 25 20 så
365 1407 90 20 föreslår
468 1408 40 25 jag
524 1409 30 18 att
570 1407 119 20 Ständerna
705 1407 67 20 skulle
789 1405 60 20 anslå
