<?xml version="1.0" encoding="UTF-8"?>
<alto xmlns="http://www.loc.gov/standards/alto/ns-v3#" xmlns:xlink="http://www.w3.org/1999/xlink" xmlns:xsi="http://www.w3.org/2001/XMLSchema-instance" xsi:schemaLocation="http://www.loc.gov/standards/alto/ns-v3# http://www.loc.gov/alto/v3/alto-3-0.xsd">
	<Description>
		<MeasurementUnit>pixel</MeasurementUnit>
		<sourceImageInformation>
			<fileName>/tmp/tess_bqlj7lx5_input.PNG</fileName>
		</sourceImageInformation>
		<OCRProcessing ID="OCR_0">
			<ocrProcessingStep>
				<processingSoftware>
					<softwareName>tesseract 5.3.4</softwareName>
				</processingSoftware>
			</ocrProcessingStep>
		</OCRProcessing>
	</Description>
	<Layout>
		<Page WIDTH="1011" HEIGHT="1656" PHYSICAL_IMG_NR="0" ID="page_0">
			<PrintSpace HPOS="0" VPOS="0" WIDTH="1011" HEIGHT="1656">
				<ComposedBlock ID="cblock_0" HPOS="257" VPOS="120" WIDTH="391" HEIGHT="24">
					<TextBlock ID="block_0" HPOS="257" VPOS="120" WIDTH="391" HEIGHT="24">
						<TextLine ID="line_0" HPOS="257" VPOS="120" WIDTH="391" HEIGHT="24">
							<String ID="string_0" HPOS="257" VPOS="120" WIDTH="277" HEIGHT="24" WC="0.91" CONTENT="Petitionsbetänkande"/><SP WIDTH="15" VPOS="120" HPOS="534"/>
							<String ID="string_1" HPOS="549" VPOS="122" WIDTH="45" HEIGHT="22" WC="0.96" CONTENT="N:o"/><SP WIDTH="16" VPOS="122" HPOS="594"/>
							<String ID="string_2" HPOS="610" VPOS="122" WIDTH="38" HEIGHT="22" WC="0.96" CONTENT="47."/>
						</TextLine>
					</TextBlock>
				</ComposedBlock>
				<ComposedBlock ID="cblock_1" HPOS="296" VPOS="437" WIDTH="536" HEIGHT="207">
					<TextBlock ID="block_1" HPOS="296" VPOS="437" WIDTH="536" HEIGHT="207">
						<TextLine ID="line_1" HPOS="368" VPOS="437" WIDTH="464" HEIGHT="29">
							<String ID="string_3" HPOS="368" VPOS="437" WIDTH="130" HEIGHT="22" WC="0.92" CONTENT="Allmänna"/><SP WIDTH="22" VPOS="437" HPOS="498"/>
							<String ID="string_4" HPOS="520" VPOS="437" WIDTH="248" HEIGHT="29" WC="0.89" CONTENT="petitionsutskottets"/><SP WIDTH="25" VPOS="437" HPOS="768"/>
							<String ID="string_5" HPOS="793" VPOS="438" WIDTH="39" HEIGHT="22" WC="0.80" CONTENT="be-"/>
						</TextLine>
						<TextLine ID="line_2" HPOS="297" VPOS="473" WIDTH="535" HEIGHT="28">
							<String ID="string_6" HPOS="297" VPOS="473" WIDTH="124" HEIGHT="22" WC="0.90" CONTENT="tänkande"/><SP WIDTH="16" VPOS="473" HPOS="421"/>
							<String ID="string_7" HPOS="437" VPOS="473" WIDTH="41" HEIGHT="22" WC="0.96" CONTENT="N:o"/><SP WIDTH="15" VPOS="473" HPOS="478"/>
							<String ID="string_8" HPOS="493" VPOS="473" WIDTH="30" HEIGHT="22" WC="0.96" CONTENT="23"/><SP WIDTH="16" VPOS="473" HPOS="523"/>
							<String ID="string_9" HPOS="539" VPOS="474" WIDTH="56" HEIGHT="21" WC="0.93" CONTENT="med"/><SP WIDTH="15" VPOS="474" HPOS="595"/>
							<String ID="string_10" HPOS="610" VPOS="474" WIDTH="137" HEIGHT="27" WC="0.93" CONTENT="anledning"/><SP WIDTH="15" VPOS="474" HPOS="747"/>
							<String ID="string_11" HPOS="762" VPOS="473" WIDTH="28" HEIGHT="23" WC="0.95" CONTENT="af"/><SP WIDTH="8" VPOS="473" HPOS="790"/>
							<String ID="string_12" HPOS="798" VPOS="474" WIDTH="34" HEIGHT="22" WC="0.95" CONTENT="ett"/>
						</TextLine>
						<TextLine ID="line_3" HPOS="297" VPOS="509" WIDTH="535" HEIGHT="29">
							<String ID="string_13" HPOS="297" VPOS="509" WIDTH="41" HEIGHT="22" WC="0.93" CONTENT="till"/><SP WIDTH="15" VPOS="509" HPOS="338"/>
							<String ID="string_14" HPOS="353" VPOS="509" WIDTH="183" HEIGHT="22" WC="0.90" CONTENT="Presteständet"/><SP WIDTH="15" VPOS="509" HPOS="536"/>
							<String ID="string_15" HPOS="551" VPOS="510" WIDTH="138" HEIGHT="22" WC="0.89" CONTENT="inlemnadt"/><SP WIDTH="17" VPOS="510" HPOS="689"/>
							<String ID="string_16" HPOS="706" VPOS="510" WIDTH="126" HEIGHT="28" WC="0.92" CONTENT="petitions-"/>
						</TextLine>
						<TextLine ID="line_4" HPOS="296" VPOS="545" WIDTH="535" HEIGHT="23">
							<String ID="string_17" HPOS="296" VPOS="545" WIDTH="129" HEIGHT="22" WC="0.75" CONTENT="memorial"/><SP WIDTH="24" VPOS="545" HPOS="425"/>
							<String ID="string_18" HPOS="449" VPOS="551" WIDTH="40" HEIGHT="17" WC="0.93" CONTENT="om"/><SP WIDTH="24" VPOS="551" HPOS="489"/>
							<String ID="string_19" HPOS="513" VPOS="546" WIDTH="171" HEIGHT="22" WC="0.92" CONTENT="nedsättandet"/><SP WIDTH="20" VPOS="546" HPOS="684"/>
							<String ID="string_20" HPOS="704" VPOS="546" WIDTH="27" HEIGHT="22" WC="0.96" CONTENT="af"/><SP WIDTH="13" VPOS="546" HPOS="731"/>
							<String ID="string_21" HPOS="744" VPOS="552" WIDTH="30" HEIGHT="16" WC="0.93" CONTENT="en"/><SP WIDTH="16" VPOS="552" HPOS="774"/>
							<String ID="string_22" HPOS="790" VPOS="545" WIDTH="41" HEIGHT="23" WC="0.92" CONTENT="ko-"/>
						</TextLine>
						<TextLine ID="line_5" HPOS="296" VPOS="581" WIDTH="536" HEIGHT="28">
							<String ID="string_23" HPOS="296" VPOS="581" WIDTH="59" HEIGHT="22" WC="0.70" CONTENT="mit6"/><SP WIDTH="24" VPOS="581" HPOS="355"/>
							<String ID="string_24" HPOS="379" VPOS="581" WIDTH="41" HEIGHT="22" WC="0.96" CONTENT="för"/><SP WIDTH="15" VPOS="581" HPOS="420"/>
							<String ID="string_25" HPOS="435" VPOS="581" WIDTH="123" HEIGHT="22" WC="0.92" CONTENT="särskilda"/><SP WIDTH="18" VPOS="581" HPOS="558"/>
							<String ID="string_26" HPOS="576" VPOS="581" WIDTH="151" HEIGHT="28" WC="0.92" CONTENT="skolfrägors"/><SP WIDTH="17" VPOS="581" HPOS="727"/>
							<String ID="string_27" HPOS="744" VPOS="581" WIDTH="88" HEIGHT="22" WC="0.92" CONTENT="under-"/>
						</TextLine>
						<TextLine ID="line_6" HPOS="298" VPOS="617" WIDTH="115" HEIGHT="27">
							<String ID="string_28" HPOS="298" VPOS="617" WIDTH="115" HEIGHT="27" WC="0.96" CONTENT="sökning."/>
						</TextLine>
					</TextBlock>
				</ComposedBlock>
				<ComposedBlock ID="cblock_2" HPOS="213" VPOS="682" WIDTH="487" HEIGHT="25">
					<TextBlock ID="block_2" HPOS="213" VPOS="682" WIDTH="487" HEIGHT="25">
						<TextLine ID="line_7" HPOS="213" VPOS="682" WIDTH="487" HEIGHT="25">
							<String ID="string_29" HPOS="213" VPOS="682" WIDTH="153" HEIGHT="23" WC="0.92" CONTENT="(Presteständet."/><SP WIDTH="15" VPOS="682" HPOS="366"/>
							<String ID="string_30" HPOS="381" VPOS="693" WIDTH="21" HEIGHT="2" WC="0.92" CONTENT="—"/><SP WIDTH="13" VPOS="693" HPOS="402"/>
							<String ID="string_31" HPOS="415" VPOS="683" WIDTH="189" HEIGHT="18" WC="0.85" CONTENT="Petitionsmemorial"/><SP WIDTH="12" VPOS="683" HPOS="604"/>
							<String ID="string_32" HPOS="616" VPOS="683" WIDTH="34" HEIGHT="18" WC="0.96" CONTENT="N:o"/><SP WIDTH="13" VPOS="683" HPOS="650"/>
							<String ID="string_33" HPOS="663" VPOS="684" WIDTH="37" HEIGHT="23" WC="0.96" CONTENT="60)."/>
						</TextLine>
					</TextBlock>
				</ComposedBlock>
				<ComposedBlock ID="cblock_3" HPOS="81" VPOS="743" WIDTH="751" HEIGHT="165">
					<TextBlock ID="block_3" HPOS="81" VPOS="743" WIDTH="751" HEIGHT="165">
						<TextLine ID="line_8" HPOS="154" VPOS="743" WIDTH="677" HEIGHT="28">
							<String ID="string_34" HPOS="154" VPOS="743" WIDTH="84" HEIGHT="22" WC="0.91" CONTENT="Medels"/><SP WIDTH="23" VPOS="743" HPOS="238"/>
							<String ID="string_35" HPOS="261" VPOS="744" WIDTH="208" HEIGHT="27" WC="0.66" CONTENT="protokollsutdrag"/><SP WIDTH="20" VPOS="744" HPOS="469"/>
							<String ID="string_36" HPOS="489" VPOS="745" WIDTH="41" HEIGHT="21" WC="0.93" CONTENT="har"/><SP WIDTH="15" VPOS="745" HPOS="530"/>
							<String ID="string_37" HPOS="545" VPOS="745" WIDTH="174" HEIGHT="22" WC="0.92" CONTENT="Presteständet"/><SP WIDTH="16" VPOS="745" HPOS="719"/>
							<String ID="string_38" HPOS="735" VPOS="745" WIDTH="35" HEIGHT="21" WC="0.93" CONTENT="till"/><SP WIDTH="15" VPOS="745" HPOS="770"/>
							<String ID="string_39" HPOS="785" VPOS="745" WIDTH="46" HEIGHT="21" WC="0.91" CONTENT="All-"/>
						</TextLine>
						<TextLine ID="line_9" HPOS="82" VPOS="779" WIDTH="750" HEIGHT="29">
							<String ID="string_40" HPOS="82" VPOS="780" WIDTH="85" HEIGHT="21" WC="0.91" CONTENT="männa"/><SP WIDTH="15" VPOS="780" HPOS="167"/>
							<String ID="string_41" HPOS="182" VPOS="779" WIDTH="238" HEIGHT="27" WC="0.92" CONTENT="petitionsutskottets"/><SP WIDTH="17" VPOS="779" HPOS="420"/>
							<String ID="string_42" HPOS="437" VPOS="781" WIDTH="135" HEIGHT="27" WC="0.93" CONTENT="behandling"/><SP WIDTH="20" VPOS="781" HPOS="572"/>
							<String ID="string_43" HPOS="592" VPOS="781" WIDTH="129" HEIGHT="27" WC="0.92" CONTENT="hänskjutit"/><SP WIDTH="22" VPOS="781" HPOS="721"/>
							<String ID="string_44" HPOS="743" VPOS="781" WIDTH="89" HEIGHT="26" WC="0.90" CONTENT="bilagda"/>
						</TextLine>
						<TextLine ID="line_10" HPOS="82" VPOS="815" WIDTH="750" HEIGHT="29">
							<String ID="string_45" HPOS="82" VPOS="815" WIDTH="234" HEIGHT="28" WC="0.18" CONTENT="petitionsmemorial,"/><SP WIDTH="12" VPOS="815" HPOS="316"/>
							<String ID="string_46" HPOS="328" VPOS="816" WIDTH="127" HEIGHT="27" WC="0.95" CONTENT="hvarjämte"/><SP WIDTH="11" VPOS="816" HPOS="455"/>
							<String ID="string_47" HPOS="466" VPOS="816" WIDTH="124" HEIGHT="23" WC="0.96" CONTENT="Utskottet"/><SP WIDTH="10" VPOS="816" HPOS="590"/>
							<String ID="string_48" HPOS="600" VPOS="817" WIDTH="46" HEIGHT="22" WC="0.93" CONTENT="fått"/><SP WIDTH="10" VPOS="817" HPOS="646"/>
							<String ID="string_49" HPOS="656" VPOS="818" WIDTH="118" HEIGHT="26" WC="0.92" CONTENT="emottaga"/><SP WIDTH="10" VPOS="818" HPOS="774"/>
							<String ID="string_50" HPOS="784" VPOS="822" WIDTH="48" HEIGHT="22" WC="0.93" CONTENT="pro-"/>
						</TextLine>
						<TextLine ID="line_11" HPOS="81" VPOS="851" WIDTH="751" HEIGHT="29">
							<String ID="string_51" HPOS="81" VPOS="851" WIDTH="73" HEIGHT="21" WC="0.92" CONTENT="tokoll"/><SP WIDTH="8" VPOS="851" HPOS="154"/>
							<String ID="string_52" HPOS="162" VPOS="851" WIDTH="63" HEIGHT="22" WC="0.96" CONTENT="öfver"/><SP WIDTH="9" VPOS="851" HPOS="225"/>
							<String ID="string_53" HPOS="234" VPOS="852" WIDTH="41" HEIGHT="21" WC="0.96" CONTENT="den"/><SP WIDTH="15" VPOS="852" HPOS="275"/>
							<String ID="string_54" HPOS="290" VPOS="852" WIDTH="38" HEIGHT="21" WC="0.93" CONTENT="vid"/><SP WIDTH="10" VPOS="852" HPOS="328"/>
							<String ID="string_55" HPOS="338" VPOS="852" WIDTH="231" HEIGHT="28" WC="0.91" CONTENT="petitionsförslagets"/><SP WIDTH="11" VPOS="852" HPOS="569"/>
							<String ID="string_56" HPOS="580" VPOS="853" WIDTH="81" HEIGHT="22" WC="0.92" CONTENT="remiss"/><SP WIDTH="11" VPOS="853" HPOS="661"/>
							<String ID="string_57" HPOS="672" VPOS="853" WIDTH="63" HEIGHT="22" WC="0.93" CONTENT="förda"/><SP WIDTH="11" VPOS="853" HPOS="735"/>
							<String ID="string_58" HPOS="746" VPOS="853" WIDTH="86" HEIGHT="22" WC="0.92" CONTENT="diskus-"/>
						</TextLine>
						<TextLine ID="line_12" HPOS="81" VPOS="892" WIDTH="86" HEIGHT="16">
							<String ID="string_59" HPOS="81" VPOS="892" WIDTH="86" HEIGHT="16" WC="0.93" CONTENT="sionen."/>
						</TextLine>
					</TextBlock>
				</ComposedBlock>
				<ComposedBlock ID="cblock_4" HPOS="81" VPOS="994" WIDTH="753" HEIGHT="458">
					<TextBlock ID="block_4" HPOS="81" VPOS="994" WIDTH="753" HEIGHT="458">
						<TextLine ID="line_13" HPOS="155" VPOS="994" WIDTH="677" HEIGHT="30">
							<String ID="string_60" HPOS="155" VPOS="994" WIDTH="161" HEIGHT="28" WC="0.91" CONTENT="Föreliggande"/><SP WIDTH="11" VPOS="994" HPOS="316"/>
							<String ID="string_61" HPOS="327" VPOS="996" WIDTH="193" HEIGHT="27" WC="0.92" CONTENT="petitionsförslag"/><SP WIDTH="10" VPOS="996" HPOS="520"/>
							<String ID="string_62" HPOS="530" VPOS="996" WIDTH="67" HEIGHT="28" WC="0.91" CONTENT="afser,"/><SP WIDTH="12" VPOS="996" HPOS="597"/>
							<String ID="string_63" HPOS="609" VPOS="996" WIDTH="76" HEIGHT="22" WC="0.92" CONTENT="säsom"/><SP WIDTH="12" VPOS="996" HPOS="685"/>
							<String ID="string_64" HPOS="697" VPOS="1002" WIDTH="28" HEIGHT="16" WC="0.93" CONTENT="ur"/><SP WIDTH="12" VPOS="1002" HPOS="725"/>
							<String ID="string_65" HPOS="737" VPOS="996" WIDTH="95" HEIGHT="22" WC="0.92" CONTENT="motive-"/>
						</TextLine>
						<TextLine ID="line_14" HPOS="81" VPOS="1029" WIDTH="751" HEIGHT="30">
							<String ID="string_66" HPOS="81" VPOS="1029" WIDTH="80" HEIGHT="27" WC="0.96" CONTENT="ringen"/><SP WIDTH="16" VPOS="1029" HPOS="161"/>
							<String ID="string_67" HPOS="177" VPOS="1030" WIDTH="99" HEIGHT="28" WC="0.96" CONTENT="framgår"/><SP WIDTH="11" VPOS="1030" HPOS="276"/>
							<String ID="string_68" HPOS="287" VPOS="1032" WIDTH="41" HEIGHT="21" WC="0.93" CONTENT="och"/><SP WIDTH="9" VPOS="1032" HPOS="328"/>
							<String ID="string_69" HPOS="337" VPOS="1032" WIDTH="86" HEIGHT="27" WC="0.96" CONTENT="jämväl"/><SP WIDTH="11" VPOS="1032" HPOS="423"/>
							<String ID="string_70" HPOS="434" VPOS="1032" WIDTH="37" HEIGHT="22" WC="0.93" CONTENT="vid"/><SP WIDTH="10" VPOS="1032" HPOS="471"/>
							<String ID="string_71" HPOS="481" VPOS="1032" WIDTH="192" HEIGHT="22" WC="0.91" CONTENT="remissdebatten"/><SP WIDTH="11" VPOS="1032" HPOS="673"/>
							<String ID="string_72" HPOS="684" VPOS="1032" WIDTH="25" HEIGHT="22" WC="0.96" CONTENT="af"/><SP WIDTH="11" VPOS="1032" HPOS="709"/>
							<String ID="string_73" HPOS="720" VPOS="1032" WIDTH="112" HEIGHT="22" WC="0.94" CONTENT="särskilda"/>
						</TextLine>
						<TextLine ID="line_15" HPOS="82" VPOS="1066" WIDTH="752" HEIGHT="29">
							<String ID="string_74" HPOS="82" VPOS="1066" WIDTH="73" HEIGHT="22" WC="0.95" CONTENT="talare"/><SP WIDTH="24" VPOS="1066" HPOS="155"/>
							<String ID="string_75" HPOS="179" VPOS="1066" WIDTH="123" HEIGHT="29" WC="0.95" CONTENT="framhölls,"/><SP WIDTH="16" VPOS="1066" HPOS="302"/>
							<String ID="string_76" HPOS="318" VPOS="1068" WIDTH="8" HEIGHT="20" WC="0.93" CONTENT="i"/><SP WIDTH="15" VPOS="1068" HPOS="326"/>
							<String ID="string_77" HPOS="341" VPOS="1068" WIDTH="98" HEIGHT="22" WC="0.95" CONTENT="främsta"/><SP WIDTH="22" VPOS="1068" HPOS="439"/>
							<String ID="string_78" HPOS="461" VPOS="1070" WIDTH="102" HEIGHT="20" WC="0.93" CONTENT="rummet"/><SP WIDTH="23" VPOS="1070" HPOS="563"/>
							<String ID="string_79" HPOS="586" VPOS="1068" WIDTH="207" HEIGHT="27" WC="0.28" CONTENT="ävägabringandet"/><SP WIDTH="16" VPOS="1068" HPOS="793"/>
							<String ID="string_80" HPOS="809" VPOS="1068" WIDTH="25" HEIGHT="22" WC="0.96" CONTENT="af"/>
						</TextLine>
						<TextLine ID="line_16" HPOS="81" VPOS="1103" WIDTH="749" HEIGHT="29">
							<String ID="string_81" HPOS="81" VPOS="1107" WIDTH="30" HEIGHT="15" WC="0.95" CONTENT="en"/><SP WIDTH="16" VPOS="1107" HPOS="111"/>
							<String ID="string_82" HPOS="127" VPOS="1103" WIDTH="73" HEIGHT="21" WC="0.96" CONTENT="större"/><SP WIDTH="16" VPOS="1103" HPOS="200"/>
							<String ID="string_83" HPOS="216" VPOS="1104" WIDTH="137" HEIGHT="21" WC="0.96" CONTENT="samverkan"/><SP WIDTH="17" VPOS="1104" HPOS="353"/>
							<String ID="string_84" HPOS="370" VPOS="1104" WIDTH="84" HEIGHT="22" WC="0.96" CONTENT="mellan"/><SP WIDTH="16" VPOS="1104" HPOS="454"/>
							<String ID="string_85" HPOS="470" VPOS="1104" WIDTH="92" HEIGHT="22" WC="0.96" CONTENT="skolans"/><SP WIDTH="16" VPOS="1104" HPOS="562"/>
							<String ID="string_86" HPOS="578" VPOS="1104" WIDTH="98" HEIGHT="28" WC="0.96" CONTENT="styrelse"/><SP WIDTH="17" VPOS="1104" HPOS="676"/>
							<String ID="string_87" HPOS="693" VPOS="1104" WIDTH="41" HEIGHT="21" WC="0.93" CONTENT="och"/><SP WIDTH="15" VPOS="1104" HPOS="734"/>
							<String ID="string_88" HPOS="749" VPOS="1104" WIDTH="81" HEIGHT="21" WC="0.93" CONTENT="lärare-"/>
						</TextLine>
						<TextLine ID="line_17" HPOS="82" VPOS="1137" WIDTH="749" HEIGHT="29">
							<String ID="string_89" HPOS="82" VPOS="1137" WIDTH="71" HEIGHT="22" WC="0.96" CONTENT="kåren"/><SP WIDTH="16" VPOS="1137" HPOS="153"/>
							<String ID="string_90" HPOS="169" VPOS="1138" WIDTH="39" HEIGHT="22" WC="0.96" CONTENT="vid"/><SP WIDTH="16" VPOS="1138" HPOS="208"/>
							<String ID="string_91" HPOS="224" VPOS="1138" WIDTH="26" HEIGHT="22" WC="0.96" CONTENT="de"/><SP WIDTH="24" VPOS="1138" HPOS="250"/>
							<String ID="string_92" HPOS="274" VPOS="1139" WIDTH="62" HEIGHT="22" WC="0.96" CONTENT="lärda"/><SP WIDTH="23" VPOS="1139" HPOS="336"/>
							<String ID="string_93" HPOS="359" VPOS="1140" WIDTH="42" HEIGHT="21" WC="0.92" CONTENT="och"/><SP WIDTH="22" VPOS="1140" HPOS="401"/>
							<String ID="string_94" HPOS="423" VPOS="1140" WIDTH="166" HEIGHT="21" WC="0.92" CONTENT="flickskolorna."/><SP WIDTH="29" VPOS="1140" HPOS="589"/>
							<String ID="string_95" HPOS="618" VPOS="1140" WIDTH="76" HEIGHT="26" WC="0.93" CONTENT="Enligt"/><SP WIDTH="18" VPOS="1140" HPOS="694"/>
							<String ID="string_96" HPOS="712" VPOS="1139" WIDTH="119" HEIGHT="27" WC="0.90" CONTENT="petitionä-"/>
						</TextLine>
						<TextLine ID="line_18" HPOS="82" VPOS="1174" WIDTH="750" HEIGHT="28">
							<String ID="string_97" HPOS="82" VPOS="1178" WIDTH="79" HEIGHT="17" WC="0.90" CONTENT="rernas"/><SP WIDTH="22" VPOS="1178" HPOS="161"/>
							<String ID="string_98" HPOS="183" VPOS="1174" WIDTH="147" HEIGHT="22" WC="0.92" CONTENT="förmenande"/><SP WIDTH="23" VPOS="1174" HPOS="330"/>
							<String ID="string_99" HPOS="353" VPOS="1175" WIDTH="75" HEIGHT="21" WC="0.96" CONTENT="skulle"/><SP WIDTH="25" VPOS="1175" HPOS="428"/>
							<String ID="string_100" HPOS="453" VPOS="1175" WIDTH="115" HEIGHT="27" WC="0.96" CONTENT="nämligen"/><SP WIDTH="25" VPOS="1175" HPOS="568"/>
							<String ID="string_101" HPOS="593" VPOS="1175" WIDTH="86" HEIGHT="21" WC="0.95" CONTENT="bristen"/><SP WIDTH="22" VPOS="1175" HPOS="679"/>
							<String ID="string_102" HPOS="701" VPOS="1175" WIDTH="35" HEIGHT="27" WC="0.88" CONTENT="&quot;på"/><SP WIDTH="25" VPOS="1175" HPOS="736"/>
							<String ID="string_103" HPOS="761" VPOS="1174" WIDTH="71" HEIGHT="22" WC="0.56" CONTENT="sådan"/>
						</TextLine>
						<TextLine ID="line_19" HPOS="82" VPOS="1210" WIDTH="750" HEIGHT="28">
							<String ID="string_104" HPOS="82" VPOS="1210" WIDTH="138" HEIGHT="22" WC="0.96" CONTENT="samverkan"/><SP WIDTH="30" VPOS="1210" HPOS="220"/>
							<String ID="string_105" HPOS="250" VPOS="1210" WIDTH="30" HEIGHT="28" WC="0.95" CONTENT="på"/><SP WIDTH="26" VPOS="1210" HPOS="280"/>
							<String ID="string_106" HPOS="306" VPOS="1211" WIDTH="120" HEIGHT="27" WC="0.95" CONTENT="flerfaldigt"/><SP WIDTH="27" VPOS="1211" HPOS="426"/>
							<String ID="string_107" HPOS="453" VPOS="1212" WIDTH="49" HEIGHT="20" WC="0.96" CONTENT="sätt"/><SP WIDTH="26" VPOS="1212" HPOS="502"/>
							<String ID="string_108" HPOS="528" VPOS="1211" WIDTH="68" HEIGHT="22" WC="0.93" CONTENT="hafva"/><SP WIDTH="31" VPOS="1211" HPOS="596"/>
							<String ID="string_109" HPOS="627" VPOS="1211" WIDTH="66" HEIGHT="27" WC="0.92" CONTENT="gifvit"/><SP WIDTH="30" VPOS="1211" HPOS="693"/>
							<String ID="string_110" HPOS="723" VPOS="1211" WIDTH="35" HEIGHT="27" WC="0.94" CONTENT="sig"/><SP WIDTH="30" VPOS="1211" HPOS="758"/>
							<String ID="string_111" HPOS="788" VPOS="1210" WIDTH="44" HEIGHT="22" WC="0.30" CONTENT="till"/>
						</TextLine>
						<TextLine ID="line_20" HPOS="82" VPOS="1246" WIDTH="750" HEIGHT="28">
							<String ID="string_112" HPOS="82" VPOS="1246" WIDTH="86" HEIGHT="27" WC="0.96" CONTENT="känna;"/><SP WIDTH="24" VPOS="1246" HPOS="168"/>
							<String ID="string_113" HPOS="192" VPOS="1246" WIDTH="119" HEIGHT="28" WC="0.82" CONTENT="Styrelsen"/><SP WIDTH="23" VPOS="1246" HPOS="311"/>
							<String ID="string_114" HPOS="334" VPOS="1247" WIDTH="60" HEIGHT="22" WC="0.96" CONTENT="fäste"/><SP WIDTH="25" VPOS="1247" HPOS="394"/>
							<String ID="string_115" HPOS="419" VPOS="1247" WIDTH="49" HEIGHT="22" WC="0.96" CONTENT="icke"/><SP WIDTH="22" VPOS="1247" HPOS="468"/>
							<String ID="string_116" HPOS="490" VPOS="1253" WIDTH="44" HEIGHT="21" WC="0.93" CONTENT="nog"/><SP WIDTH="17" VPOS="1253" HPOS="534"/>
							<String ID="string_117" HPOS="551" VPOS="1247" WIDTH="106" HEIGHT="22" WC="0.92" CONTENT="atseende"/><SP WIDTH="20" VPOS="1247" HPOS="657"/>
							<String ID="string_118" HPOS="677" VPOS="1247" WIDTH="39" HEIGHT="21" WC="0.93" CONTENT="vid"/><SP WIDTH="15" VPOS="1247" HPOS="716"/>
							<String ID="string_119" HPOS="731" VPOS="1247" WIDTH="101" HEIGHT="21" WC="0.91" CONTENT="lärarnes"/>
						</TextLine>
						<TextLine ID="line_21" HPOS="83" VPOS="1282" WIDTH="750" HEIGHT="28">
							<String ID="string_120" HPOS="83" VPOS="1282" WIDTH="104" HEIGHT="22" WC="0.93" CONTENT="uttalade"/><SP WIDTH="17" VPOS="1282" HPOS="187"/>
							<String ID="string_121" HPOS="204" VPOS="1282" WIDTH="172" HEIGHT="28" WC="0.91" CONTENT="önskningsmål"/><SP WIDTH="18" VPOS="1282" HPOS="376"/>
							<String ID="string_122" HPOS="394" VPOS="1283" WIDTH="42" HEIGHT="21" WC="0.96" CONTENT="och"/><SP WIDTH="17" VPOS="1283" HPOS="436"/>
							<String ID="string_123" HPOS="453" VPOS="1283" WIDTH="39" HEIGHT="21" WC="0.96" CONTENT="vid"/><SP WIDTH="11" VPOS="1283" HPOS="492"/>
							<String ID="string_124" HPOS="503" VPOS="1283" WIDTH="43" HEIGHT="21" WC="0.96" CONTENT="den"/><SP WIDTH="11" VPOS="1283" HPOS="546"/>
							<String ID="string_125" HPOS="557" VPOS="1283" WIDTH="136" HEIGHT="27" WC="0.96" CONTENT="erfarenhet,"/><SP WIDTH="12" VPOS="1283" HPOS="693"/>
							<String ID="string_126" HPOS="705" VPOS="1288" WIDTH="49" HEIGHT="16" WC="0.93" CONTENT="som"/><SP WIDTH="13" VPOS="1288" HPOS="754"/>
							<String ID="string_127" HPOS="767" VPOS="1282" WIDTH="66" HEIGHT="21" WC="0.92" CONTENT="desse"/>
						</TextLine>
						<TextLine ID="line_22" HPOS="82" VPOS="1317" WIDTH="751" HEIGHT="29">
							<String ID="string_128" HPOS="82" VPOS="1318" WIDTH="73" HEIGHT="22" WC="0.96" CONTENT="under"/><SP WIDTH="20" VPOS="1318" HPOS="155"/>
							<String ID="string_129" HPOS="175" VPOS="1319" WIDTH="35" HEIGHT="21" WC="0.96" CONTENT="sin"/><SP WIDTH="16" VPOS="1319" HPOS="210"/>
							<String ID="string_130" HPOS="226" VPOS="1318" WIDTH="149" HEIGHT="22" WC="0.96" CONTENT="verksamhet"/><SP WIDTH="15" VPOS="1318" HPOS="375"/>
							<String ID="string_131" HPOS="390" VPOS="1318" WIDTH="95" HEIGHT="28" WC="0.95" CONTENT="samlat;"/><SP WIDTH="26" VPOS="1318" HPOS="485"/>
							<String ID="string_132" HPOS="511" VPOS="1318" WIDTH="81" HEIGHT="28" WC="0.96" CONTENT="frågor,"/><SP WIDTH="16" VPOS="1318" HPOS="592"/>
							<String ID="string_133" HPOS="608" VPOS="1324" WIDTH="50" HEIGHT="16" WC="0.96" CONTENT="som"/><SP WIDTH="16" VPOS="1324" HPOS="658"/>
							<String ID="string_134" HPOS="674" VPOS="1318" WIDTH="26" HEIGHT="22" WC="0.93" CONTENT="af"/><SP WIDTH="13" VPOS="1318" HPOS="700"/>
							<String ID="string_135" HPOS="713" VPOS="1317" WIDTH="120" HEIGHT="22" WC="0.90" CONTENT="lärarekol-"/>
						</TextLine>
						<TextLine ID="line_23" HPOS="82" VPOS="1353" WIDTH="751" HEIGHT="29">
							<String ID="string_136" HPOS="82" VPOS="1354" WIDTH="100" HEIGHT="27" WC="0.92" CONTENT="legierna"/><SP WIDTH="15" VPOS="1354" HPOS="182"/>
							<String ID="string_137" HPOS="197" VPOS="1355" WIDTH="91" HEIGHT="21" WC="0.96" CONTENT="ansetts"/><SP WIDTH="16" VPOS="1355" HPOS="288"/>
							<String ID="string_138" HPOS="304" VPOS="1360" WIDTH="55" HEIGHT="16" WC="0.96" CONTENT="vara"/><SP WIDTH="16" VPOS="1360" HPOS="359"/>
							<String ID="string_139" HPOS="375" VPOS="1354" WIDTH="25" HEIGHT="22" WC="0.96" CONTENT="af"/><SP WIDTH="8" VPOS="1354" HPOS="400"/>
							<String ID="string_140" HPOS="408" VPOS="1354" WIDTH="97" HEIGHT="22" WC="0.96" CONTENT="särskild"/><SP WIDTH="11" VPOS="1354" HPOS="505"/>
							<String ID="string_141" HPOS="516" VPOS="1355" WIDTH="56" HEIGHT="27" WC="0.96" CONTENT="vigt,"/><SP WIDTH="10" VPOS="1355" HPOS="572"/>
							<String ID="string_142" HPOS="582" VPOS="1354" WIDTH="58" HEIGHT="22" WC="0.96" CONTENT="hade"/><SP WIDTH="11" VPOS="1354" HPOS="640"/>
							<String ID="string_143" HPOS="651" VPOS="1354" WIDTH="120" HEIGHT="22" WC="0.96" CONTENT="uteslutits"/><SP WIDTH="11" VPOS="1354" HPOS="771"/>
							<String ID="string_144" HPOS="782" VPOS="1353" WIDTH="51" HEIGHT="21" WC="0.96" CONTENT="från"/>
						</TextLine>
						<TextLine ID="line_24" HPOS="82" VPOS="1390" WIDTH="751" HEIGHT="27">
							<String ID="string_145" HPOS="82" VPOS="1390" WIDTH="230" HEIGHT="21" WC="0.91" CONTENT="skolläraremötenas"/><SP WIDTH="20" VPOS="1390" HPOS="312"/>
							<String ID="string_146" HPOS="332" VPOS="1396" WIDTH="104" HEIGHT="21" WC="0.95" CONTENT="program"/><SP WIDTH="17" VPOS="1396" HPOS="436"/>
							<String ID="string_147" HPOS="453" VPOS="1391" WIDTH="42" HEIGHT="20" WC="0.96" CONTENT="och"/><SP WIDTH="15" VPOS="1391" HPOS="495"/>
							<String ID="string_148" HPOS="510" VPOS="1391" WIDTH="108" HEIGHT="21" WC="0.96" CONTENT="reformer"/><SP WIDTH="16" VPOS="1391" HPOS="618"/>
							<String ID="string_149" HPOS="634" VPOS="1390" WIDTH="29" HEIGHT="27" WC="0.96" CONTENT="på"/><SP WIDTH="15" VPOS="1390" HPOS="663"/>
							<String ID="string_150" HPOS="678" VPOS="1390" WIDTH="92" HEIGHT="21" WC="0.93" CONTENT="skolans"/><SP WIDTH="17" VPOS="1390" HPOS="770"/>
							<String ID="string_151" HPOS="787" VPOS="1394" WIDTH="46" HEIGHT="16" WC="0.91" CONTENT="om-"/>
						</TextLine>
						<TextLine ID="line_25" HPOS="81" VPOS="1424" WIDTH="752" HEIGHT="28">
							<String ID="string_152" HPOS="81" VPOS="1425" WIDTH="54" HEIGHT="22" WC="0.96" CONTENT="råde"/><SP WIDTH="23" VPOS="1425" HPOS="135"/>
							<String ID="string_153" HPOS="158" VPOS="1425" WIDTH="58" HEIGHT="22" WC="0.96" CONTENT="hade"/><SP WIDTH="24" VPOS="1425" HPOS="216"/>
							<String ID="string_154" HPOS="240" VPOS="1425" WIDTH="140" HEIGHT="27" WC="0.96" CONTENT="genomförts"/><SP WIDTH="25" VPOS="1425" HPOS="380"/>
							<String ID="string_155" HPOS="405" VPOS="1427" WIDTH="57" HEIGHT="20" WC="0.96" CONTENT="utan"/><SP WIDTH="15" VPOS="1427" HPOS="462"/>
							<String ID="string_156" HPOS="477" VPOS="1427" WIDTH="37" HEIGHT="20" WC="0.93" CONTENT="att"/><SP WIDTH="15" VPOS="1427" HPOS="514"/>
							<String ID="string_157" HPOS="529" VPOS="1425" WIDTH="144" HEIGHT="22" WC="0.91" CONTENT="lärarekåren"/><SP WIDTH="16" VPOS="1425" HPOS="673"/>
							<String ID="string_158" HPOS="689" VPOS="1425" WIDTH="62" HEIGHT="22" WC="0.95" CONTENT="satts"/><SP WIDTH="16" VPOS="1425" HPOS="751"/>
							<String ID="string_159" HPOS="767" VPOS="1425" WIDTH="7" HEIGHT="20" WC="0.93" CONTENT="i"/><SP WIDTH="16" VPOS="1425" HPOS="774"/>
							<String ID="string_160" HPOS="790" VPOS="1424" WIDTH="43" HEIGHT="21" WC="0.92" CONTENT="till-"/>
						</TextLine>
					</TextBlock>
				</ComposedBlock>
				<ComposedBlock ID="cblock_5" HPOS="154" VPOS="1471" WIDTH="522" HEIGHT="25">
					<TextBlock ID="block_5" HPOS="154" VPOS="1471" WIDTH="522" HEIGHT="25">
						<TextLine ID="line_26" HPOS="154" VPOS="1471" WIDTH="522" HEIGHT="25">
							<String ID="string_161" HPOS="154" VPOS="1472" WIDTH="108" HEIGHT="19" WC="0.92" CONTENT="Allmänna"/><SP WIDTH="10" VPOS="1472" HPOS="262"/>
							<String ID="string_162" HPOS="272" VPOS="1472" WIDTH="183" HEIGHT="24" WC="0.91" CONTENT="petitionsutskottets"/><SP WIDTH="12" VPOS="1472" HPOS="455"/>
							<String ID="string_163" HPOS="467" VPOS="1472" WIDTH="117" HEIGHT="19" WC="0.96" CONTENT="betänkande"/><SP WIDTH="12" VPOS="1472" HPOS="584"/>
							<String ID="string_164" HPOS="596" VPOS="1471" WIDTH="37" HEIGHT="20" WC="0.96" CONTENT="N:o"/><SP WIDTH="13" VPOS="1471" HPOS="633"/>
							<String ID="string_165" HPOS="646" VPOS="1473" WIDTH="30" HEIGHT="18" WC="0.95" CONTENT="23."/>
						</TextLine>
					</TextBlock>
				</ComposedBlock>
			</PrintSpace>
		</Page>
	</Layout>
</alto>
