1028 1659
171 117 12 19 2
322 114 77 22 Ständ.
414 114 47 22 Pet.
478 128 28 2 —
522 114 154 22 Petitionsbet.
692 114 38 22 N:o
746 112 34 23 58.

171 180 115 22 statistisk
294 180 125 28 utredning
428 188 38 14 om
474 180 279 22 arbetareförhållandena
763 179 9 21 i
781 179 79 22 landet
870 180 60 20 samt

172 217 34 19 att
227 214 127 22 understöd
375 222 28 14 ur
418 215 117 21 allmänna
550 214 75 22 medel
640 214 71 22 måtte
727 214 97 28 beviljas
839 214 36 21 för
890 221 39 14 an-

172 250 118 21 ordnande
312 250 26 20 af
356 249 387 28 elementarundervisningskurser
757 248 36 22 för
808 248 122 22 fullvuxna

171 284 113 28 arbetare;
301 284 42 22 och
359 284 41 21 har
414 284 164 28 hufvudsyftet
593 284 53 21 med
657 283 65 22 dessa
732 282 197 30 petitionsförslag

169 318 89 29 jämväl
274 318 25 22 af
312 318 128 22 Ständerna
456 318 124 22 omfattats.

240 353 102 21 Sålunda
358 353 68 22 hafva
442 354 130 20 Ständerna
586 352 79 22 funnit
681 352 215 22 åstadkommandet
906 352 26 21 af

172 395 29 14 en
215 388 139 28 tillförlitlig
370 388 208 22 arbetarestatistik
594 395 54 14 vara
663 387 26 21 af
702 386 227 29 omständigheterna

171 422 125 29 påkalladt.
326 423 46 21 Det
395 426 24 18 är
441 423 118 28 nämligen
574 422 26 22 af
613 421 184 29 utomordentlig
811 421 118 29 betydelse

171 457 36 21 för
230 457 132 22 samhällets
384 458 58 28 lugn
466 458 42 21 och
532 457 131 21 arbetarnes
687 464 58 20 egen
763 456 119 21 förkofran
896 457 34 20 att

172 492 28 20 de
223 492 155 28 sträfvanden,
403 500 48 14 som
474 492 48 21 afse
545 491 168 22 förbättrandet
728 490 25 22 af
767 490 162 22 arbetareklas-

172 533 51 14 sens
247 526 151 22 ekonomiska
421 527 42 21 och
487 526 85 22 sociala
587 526 118 28 ställning,
722 525 63 21 ledas
800 525 24 21 in
840 526 29 27 på
884 526 46 20 rätt

172 561 58 28 spår.
262 561 54 21 Men
331 569 29 13 en
374 561 135 29 nödvändig
524 561 169 27 förutsättning
708 560 79 21 härför
802 563 24 18 är
841 562 33 18 att
885 560 44 20 hit-

172 595 102 21 hörande
296 596 78 28 frågor
397 596 86 21 erhålla
505 603 29 14 en
552 596 77 21 såvidt
651 594 93 29 möjligt
759 594 121 28 sorgfällig
894 595 35 19 ut-

172 630 108 28 redning,
304 631 29 27 på
356 630 39 22 det
417 632 34 20 att
474 630 53 22 med
550 630 81 21 exakta
654 629 119 29 uppgifter
794 629 37 21 må
851 628 79 22 kunna

173 664 162 29 ådagaläggas,
356 665 4 21 i
374 665 62 22 hvad
458 666 54 21 mån
528 664 152 22 omförmälda
695 663 235 22 reformsträfvanden

172 702 38 18 äro
226 699 119 28 grundade
361 700 30 28 på
405 700 229 21 förhandenvarande
649 698 168 22 förhållanden.
839 698 37 21 En
884 698 46 21 till-

173 733 177 22 fredsställande
374 734 144 28 behandling
540 734 26 21 af
586 733 112 29 spörsmål
720 732 85 22 sådana
827 740 49 14 som
891 740 39 13 an-

172 769 90 27 gående
284 769 217 28 normalarbetsdag,
526 769 91 28 daglön,
635 767 215 27 arbetarebostäder,
874 767 56 21 kon-

173 804 253 28 sumtionsföreningar,
451 803 294 29 arbetarepensionskassor
762 810 29 13 m.
808 809 27 13 m.
852 805 24 17 är
890 809 40 13 na-

173 839 118 28 turligtvis
308 839 101 28 omöjlig,
426 839 93 29 sålänge
535 838 147 28 erforderligt
693 837 124 22 statistiskt
826 836 104 22 material

172 874 9 20 i
196 875 79 19 ämnet
290 873 88 21 saknas.

242 908 45 21 Väl
302 908 40 21 har
358 916 53 14 man
426 909 29 27 på
470 908 76 28 privat
561 912 46 24 väg
622 908 7 21 i
645 908 78 28 någon
734 908 53 20 mån
798 906 52 22 sökt
860 906 70 21 inför-

174 942 74 22 skaffa
263 942 86 29 nödiga
364 943 168 28 upplysningar
548 950 36 14 om
608 942 65 22 dessa
695 941 165 27 förhållanden,
878 948 52 14 men

173 977 61 21 klart
250 981 25 17 är
290 979 34 19 att
346 984 29 14 en
390 977 127 29 utredning
536 977 25 21 af
574 976 175 30 ifrågavarande
764 976 55 28 slag,
835 976 95 21 hvilken

173 1012 53 20 med
241 1011 108 21 afseende
365 1012 13 20 å
393 1012 184 28 fullständighet,
594 1010 182 30 planmässighet
792 1010 41 22 och
847 1010 83 21 tillför-

172 1046 104 28 litlighet
298 1046 9 20 i
330 1046 44 21 allo
398 1046 74 22 skulle
495 1048 115 20 motsvara
632 1045 137 27 ändamålet,
789 1044 45 22 kan
850 1045 80 27 åväga-

174 1081 100 28 bringas,
291 1080 80 22 endast
386 1080 52 22 ifall
452 1082 76 20 staten
543 1082 65 27 tager
621 1080 71 21 saken
707 1087 38 13 om
760 1079 67 21 hand.

242 1115 107 21 Rörande
372 1115 147 29 lämpligaste
541 1117 102 26 utvägen
665 1116 34 20 att
722 1113 158 22 åstadkomma
902 1120 29 14 en

173 1157 123 21 noggrann
319 1150 206 21 arbetarestatistik
550 1150 70 21 hafva
643 1148 129 22 Ständerna
797 1148 59 21 dock
880 1147 51 22 icke

174 1186 77 20 ansett
267 1184 35 28 sig
317 1184 55 21 böra
387 1184 129 29 framlägga
531 1185 72 27 något
613 1184 92 28 förslag,
717 1185 56 19 utan
783 1183 62 21 velat
854 1182 77 21 lämna

173 1219 148 29 Regeringen
344 1221 69 26 öppet
436 1221 34 19 att
489 1219 73 21 anlita
584 1218 45 22 den
651 1220 78 26 utväg,
747 1224 48 14 som
811 1217 36 21 för
862 1216 69 22 ända-

173 1254 72 21 målet
260 1254 74 20 finnes
350 1261 55 14 vara
419 1253 139 29 lämpligast.

241 1294 35 21 På
291 1294 75 28 grund
383 1294 26 21 af
422 1294 39 21 det
476 1293 97 22 anförda
588 1294 24 20 få
627 1292 129 22 Ständerna
766 1292 166 28 underdånigst

172 1328 102 22 anhålla:

449 1370 33 20 att
496 1369 70 21 Eders
581 1368 123 28 Kejserliga
716 1367 103 28 Majestät
829 1366 48 22 ville
887 1366 45 22 låta

381 1404 114 21 verkställa
510 1410 115 21 noggrann
644 1402 107 22 statistisk
765 1401 119 28 utredning
898 1404 34 18 rö-
