1025 1659
175 118 12 20 2
303 118 85 23 Ständ.
404 119 54 23 Pet.
474 132 27 2 —
517 119 173 23 Petitionsbet.
706 119 43 23 N:o
765 118 39 24 64.

174 186 25 21 af
220 186 176 22 stadskommun
421 188 58 21 skall
502 189 77 21 lemna
603 189 80 26 bidrag
698 188 34 21 till
747 188 147 21 bestridande
909 188 26 21 af

175 221 156 22 kommunens
354 228 172 21 gemensamma
542 223 91 27 utgifter
648 223 7 21 i
671 222 145 22 förhällande
831 223 34 21 till
881 222 51 22 sina

174 255 133 22 inkomster.
339 257 174 27 Förordningen
535 257 103 21 innehöll
655 257 73 21 tillika
744 257 114 21 särskilda
873 257 59 21 stad-

173 290 92 27 ganden
281 291 117 27 angäende
414 293 66 19 sättet
496 292 35 21 för
545 292 187 26 beskattningen;
748 298 53 15 men
817 292 67 21 dessa
896 292 36 20 be-

174 325 86 21 funnos
276 328 62 18 snart
354 332 54 15 vara
424 326 158 27 otillräckliga,
599 327 93 21 hvarför
708 326 6 21 i
731 326 163 27 förordningen
909 326 26 21 af

174 359 45 21 den
237 361 25 20 15
278 360 95 27 Augusti
385 362 54 20 1883
450 361 147 21 meddelades
610 368 63 14 mera
684 361 138 27 detaljerade
834 361 98 21 bestäm-

173 394 84 27 ningar
279 402 38 14 om
339 395 62 21 hvad
424 396 78 21 säsom
526 396 103 21 skattbar
651 396 103 21 inkomst
769 395 71 21 borde
857 402 73 20 anses,

174 431 60 19 samt
257 436 39 14 om
311 430 79 26 bolags
406 430 199 28 skattskyldighet,
622 437 38 15 om
677 432 67 19 sättet
759 430 43 21 och
818 430 62 21 tiden
897 430 35 20 för

173 464 144 27 taxeringens
340 464 176 28 verkställande,
540 472 38 14 om
601 464 123 27 taxerings-
745 464 44 22 och
805 464 126 28 pröfnings-

173 498 90 20 nämnd
278 505 29 15 m.
324 505 30 15 m.

243 532 133 22 Emellertid
398 534 70 20 hafva
484 534 156 27 stadgandena
657 540 38 15 om
711 533 44 21 den
772 533 159 22 kommunala-

173 566 183 28 beskattningen,
372 568 68 21 äfven
456 568 88 21 sådana
559 568 120 22 desamma
695 568 53 27 ingå
764 568 6 20 i
787 568 144 21 sistnämnda

174 601 141 27 förordning,
331 602 87 21 lemnat
432 610 53 14 rum
501 603 63 21 såväl
581 603 35 21 för
631 603 62 21 olika
709 602 105 27 tolkning
830 609 51 15 som
897 602 34 21 för

173 636 140 26 berättigade
329 637 187 27 anmärkningar.
548 638 34 20 En
599 637 98 21 revision
714 637 25 21 af
749 637 66 21 dessa
827 636 104 28 stadgan-

173 670 44 21 den
233 678 68 20 synes
317 671 78 21 därför
409 678 56 14 vara
480 672 26 20 af
518 672 107 21 behofvet
640 672 119 27 påkallad;
776 672 43 21 och
838 671 92 27 utbedja

174 705 33 27 sig
223 705 127 21 Ständerna
367 708 31 19 att
414 706 22 21 få
452 706 7 20 i
476 706 82 21 sådant
574 706 106 22 afseende
692 706 108 21 särskildt
808 706 122 21 framhålla

173 739 107 27 följande.

243 774 77 27 Enligt
335 775 173 27 ifrågavarande
525 775 283 27 kommunalförfattnings
823 776 27 20 55
866 776 20 26 8,
895 774 36 22 sä-

173 808 46 21 dan
241 808 45 21 den
309 809 63 27 lyder
395 810 6 20 i
424 810 201 28 ofvanäberopade
641 809 134 27 förordning
790 809 25 21 af
828 809 25 21 är
870 810 61 26 1883,

173 842 41 27 fär,
230 843 39 21 vid
285 843 127 28 beräkning
428 844 25 21 af
466 851 28 14 en
503 851 96 21 persons
609 844 117 21 skattbara
735 844 108 26 inkomst,
852 843 79 27 afdrag

173 877 50 21 icke
245 878 40 20 ske
301 878 35 21 för
351 880 66 19 ränta
433 879 13 20 å
462 879 123 20 intecknad
602 879 75 26 skuld,
694 885 52 14 men
763 878 35 21 väl
816 878 34 20 för
866 879 64 19 ränta

173 912 13 20 ä
202 918 78 15 annan
292 912 78 22 sådan.
402 913 141 27 Härigenom
554 914 42 20 har
595 908 12 36 i
623 913 81 27 själfva
715 913 77 21 verket
799 912 131 27 taxeringen

173 946 25 21 af
218 946 103 22 inkomst
344 948 35 20 för
394 948 106 27 fastighet
516 948 90 21 erhällit
621 948 138 20 karaktären
775 948 25 20 af
813 954 28 14 en
857 947 74 26 fastig-

173 980 119 23 hetsskatt.
323 982 35 20 Då
381 982 125 21 emellertid
523 984 105 19 närmare
643 982 173 26 bestämningar
830 982 7 20 i
854 983 77 19 ämnet

173 1015 94 26 saknas,
290 1022 68 21 synes
380 1016 101 27 önskligt
504 1018 32 20 att
551 1016 137 27 likformiga,
704 1016 120 21 bestämda
839 1022 92 15 normer

173 1049 35 21 för
223 1050 62 21 detta
301 1050 48 27 slag
364 1051 26 21 af
402 1051 148 27 beskattning
565 1051 130 21 fastställas.

242 1084 69 22 Emot
336 1092 32 14 nu
393 1085 106 27 gällande
522 1085 141 27 lagstiftning
685 1085 7 21 i
714 1086 78 20 ämnet
806 1085 43 21 har
864 1085 67 21 äfven

173 1118 138 22 framhållits
327 1122 38 24 att,
382 1120 94 20 oaktadt
491 1120 68 26 bolag
575 1120 99 27 erlägger
685 1120 200 20 kommunalskatt
897 1119 34 21 för

173 1153 44 21 den
239 1153 103 21 inkomst
365 1154 129 21 detsamma
517 1154 64 22 inom
600 1154 114 21 kommun
730 1154 105 27 åtnjuter,
851 1154 28 21 de
895 1160 37 14 en-

173 1187 74 21 skilde
270 1188 213 27 bolagsdelegarene
505 1188 78 27 likväl,
599 1189 30 27 på
645 1188 74 28 grund
736 1188 24 21 af
774 1188 134 27 stadgandet
924 1188 6 20 i

173 1222 70 27 sagda
262 1223 116 27 paragrafs
395 1223 13 20 4
424 1230 77 19 mom.,
518 1224 39 20 äro
574 1223 166 27 skattskyldige
756 1223 34 21 för
805 1222 126 22 utfallande

172 1256 141 22 dividender.
345 1257 80 21 Ehuru
442 1264 29 14 en
487 1257 64 27 dylik
567 1258 120 27 upprepad
703 1257 147 27 beskattning
862 1257 26 21 af
893 1257 38 21 bo-

173 1292 36 26 lag
234 1292 45 20 och
302 1291 103 27 delegare
428 1292 50 20 däri
498 1292 25 20 af
536 1292 118 27 praktiska
671 1292 51 20 skäl
739 1292 112 26 svårligen
868 1291 63 21 torde

172 1326 81 20 kunna
276 1326 122 26 undvikas,
422 1333 53 14 vore
498 1326 38 21 det
555 1326 60 21 dock
631 1326 101 26 önskligt
747 1328 32 19 att
794 1326 136 21 densamma

171 1360 101 21 likasom
295 1360 67 21 äfven
382 1360 176 27 beskattningen
574 1361 25 20 af
612 1360 211 27 försäkringsbolag
839 1360 34 21 för
889 1360 42 21 för-

171 1394 127 27 säkringar,
314 1395 79 21 hvilka
409 1395 96 21 afslutas
521 1397 64 19 utom
601 1395 44 21 den
662 1395 121 26 kommun,
792 1395 42 20 där
841 1394 90 27 bolaget

171 1430 43 20 har
229 1430 36 20 sin
282 1430 179 26 hufvudsakliga
477 1430 152 26 verksamhet,
646 1430 114 20 ordnades
774 1430 29 26 på
819 1432 30 18 ett
860 1430 71 27 lämp-
