1023 1653
180 125 74 20 Denna
272 125 88 25 ändring
376 125 36 19 och
428 125 84 20 rättelse
528 125 63 20 borde
608 125 36 20 ske
660 125 63 20 redan
738 125 69 20 förrän
823 131 33 12 va-

111 155 32 19 len
164 155 23 19 af
204 155 107 19 städernas
332 158 164 22 representanter
517 154 32 20 till
565 157 59 17 nästa
640 155 100 25 landtdag
755 154 102 24 förrättas,

112 185 26 25 på
153 184 35 19 det
208 186 30 17 att
254 184 34 19 det
303 184 128 25 berättigade
446 184 102 25 missnöje,
565 191 43 13 som
624 184 34 20 det
674 184 119 20 nuvarande
809 183 48 26 god-

112 214 90 26 tyckliga
222 214 126 19 förfarandet
369 214 33 18 vid
418 214 143 26 uppgörandet
576 214 23 20 af
612 214 157 25 röstlängderna
784 217 23 16 är
822 220 34 18 eg-

110 243 51 20 nadt
176 246 31 17 att
222 244 64 19 väcka
302 244 6 18 i
319 244 48 19 vida
377 243 80 20 kretsar
469 244 62 19 bland
542 244 107 19 städernas
660 244 124 25 befolkning,
796 244 61 18 måtte

111 273 97 26 upphöra.
238 274 41 24 Jag
294 274 64 24 vågar
373 273 68 20 derför
457 274 104 19 vördsamt
576 274 82 19 anhålla
674 273 34 20 det
724 273 132 25 Högvördiga

112 303 154 19 Presteståndet
289 303 47 19 ville
360 303 103 20 remittera
485 303 57 20 detta
562 303 175 26 petitionsförslag
758 303 31 19 till
805 303 52 25 Lag-

113 333 110 19 utskottets
243 332 125 25 behandling
387 332 66 20 under
468 333 106 19 uttalande
590 333 66 19 tillika
671 333 23 19 af
708 333 38 19 den
763 332 93 26 förhopp-

112 363 55 24 ning,
188 365 30 16 att
238 362 108 20 Utskottet
365 363 61 19 måtte
447 362 102 20 fullborda
572 363 36 19 sitt
624 363 69 19 arbete
710 364 22 18 så
748 365 63 21 snart,
828 364 30 17 att

113 392 85 20 ärendet
213 392 62 19 redan
291 392 65 19 under
372 392 146 25 Landtdagens
534 393 55 19 förra
599 392 52 20 hälft
661 392 69 20 kunde
741 392 116 19 diskuteras

114 422 4 19 i
135 422 97 25 Stånden,
248 422 36 19 och
300 422 113 19 Ständerna
429 423 87 19 sålunda
531 423 69 18 hunne
615 423 37 18 hos
668 423 58 19 Hans
742 421 116 26 Kejserliga

114 452 96 25 Majestät
230 452 80 19 anhålla
331 459 31 12 om
379 452 62 25 nådig
456 452 124 26 proposition
597 452 6 19 i
620 455 68 16 ämnet
703 452 64 19 redan
783 451 30 20 till
830 458 27 13 nu

112 481 105 26 pågående
232 481 113 26 Landtdag.

183 541 129 25 Helsingfors
328 541 39 20 den
383 542 12 18 5
412 541 100 20 Februari
530 542 62 19 1897.

407 618 20 21 K.
444 617 21 22 0.
482 618 80 21 Fontell.
