1020 1656
303 193 315 28 Petitionsmemorial.

153 297 70 22 Ridd.
238 297 44 22 och
298 296 84 23 Adeln.
680 298 41 21 N:o
737 296 33 23 16.

710 506 132 19 (Öfversättning.)

198 635 44 18 Till
257 635 137 22 Höglofliga
407 635 174 24 Ridderskapet
595 635 41 18 och
648 634 80 19 Adeln.

156 703 67 19 Under
236 703 37 19 den
285 704 29 18 tid
327 704 23 18 af
360 704 6 18 i
378 703 33 19 det
424 704 101 19 närmaste
538 705 55 24 tjugu
606 705 27 21 är,
645 703 112 19 hvarunder
769 703 36 18 den
818 708 25 13 nu

85 732 91 23 gällande
195 733 262 23 fattigvärdsförordningen
476 733 23 18 af
515 733 36 18 den
568 734 20 17 17
604 733 53 18 Mars
673 734 44 17 1879
730 731 114 24 tillämpats,

86 762 36 17 har
135 761 134 23 fattigvärden
282 762 6 17 i
301 761 68 18 landet
381 762 53 23 gjort
447 762 55 18 stora
514 762 96 23 framsteg
623 762 6 17 i
641 762 73 17 human
726 761 91 22 riktning.

154 790 43 18 Men
216 790 60 18 ehuru
296 790 63 23 sagda
378 790 115 23 förordning
509 791 88 22 tydligen
610 791 77 22 äsyftar
700 789 103 24 tiggeriets
816 789 28 18 af-

87 819 101 18 skaffande
205 819 36 18 och
254 819 54 18 detta
321 819 59 18 äfven
392 819 6 18 i
412 824 23 13 en
448 820 43 17 stor
503 819 31 19 del
547 820 23 17 af
580 819 66 18 landet
659 819 61 18 redan
732 819 59 20 skett,
804 818 40 18 kla-

85 853 37 17 gas
141 848 43 17 äter
200 848 44 17 frän
260 848 62 17 andra
337 848 55 17 delar
405 848 96 21 deröfver,
515 849 30 17 att
557 848 55 18 detta
625 847 171 18 missförhällande
810 847 36 18 allt

87 876 173 23 fortsättningsvis
274 877 102 18 existerar.
397 876 21 24 Ej
436 877 61 18 heller
509 877 37 18 har
558 882 45 13 man
615 877 78 22 lyckats
707 876 89 23 aflägsna
809 876 36 17 den

86 905 82 18 allmänt
186 905 77 23 gängse
281 905 150 23 uppfattningen
450 906 30 17 att
496 906 133 22 fattigvärden
642 910 47 13 vore
703 905 77 23 skyldig
793 905 53 17 bistä

87 934 35 18 den
136 934 64 18 första
211 934 60 18 bästa
284 934 145 24 hjelpsökande.

154 957 65 24 Äfven
233 968 30 13 om
276 968 45 13 man
334 962 36 19 bör
383 963 88 18 erkänna
484 964 29 17 att
526 964 6 17 i
545 964 54 17 detta
612 963 112 18 hänseende
734 962 24 18 fel
767 962 79 23 begätts

86 992 23 17 af
124 991 147 19 vederbörande
290 992 32 18 vid
342 991 150 24 förordningens
506 992 132 23 tillämpande,
652 992 23 18 sä
687 992 98 22 föreligga
798 991 49 18 dock

87 1020 78 18 talande
185 1020 44 18 skäl
249 1020 30 18 att
296 1020 93 23 granska,
408 1020 97 18 huruvida
520 1021 42 18 icke
579 1020 71 24 sjelfva
662 1020 143 23 författningen
818 1025 28 13 er-

88 1048 91 19 fordrade
192 1048 84 24 ändring
289 1049 56 18 säväl
358 1050 5 16 i
378 1049 59 18 dessa
450 1054 42 14 som
506 1050 59 18 äfven
577 1050 6 17 i
597 1049 61 18 andra
671 1049 60 18 delar.

156 1077 37 18 För
211 1078 31 17 att
259 1083 49 13 vara
327 1078 92 18 rationell
432 1078 36 18 bör
480 1078 133 23 fattigvärden
626 1083 49 13 vara
688 1077 96 23 afpassad
797 1078 50 17 efter

88 1106 23 18 de
130 1106 66 18 lokala
215 1106 149 18 förhållandena
382 1107 25 23 pä
427 1107 53 18 olika
499 1108 57 17 orter.
584 1106 131 23 Förmögnare
735 1106 113 18 kommuner

87 1136 60 17 hafva
165 1136 66 17 funnit
248 1135 219 23 fattiggärdssystemet
486 1141 49 13 vara
553 1136 31 18 det
597 1135 155 23 förmänligaste,
766 1134 81 19 emedan

88 1164 112 23 derigenom
216 1164 71 23 hjonen
300 1164 36 18 och
349 1164 216 23 understödstagarene
578 1164 71 18 lättare
662 1164 66 18 kunna
741 1164 63 17 hällas
819 1163 28 18 till

87 1192 73 22 arbete,
176 1193 36 18 och
229 1192 24 18 de
267 1192 102 24 värkligen
383 1192 122 19 behöfvande
518 1193 47 18 bäst
577 1193 65 18 kunna
654 1192 123 24 igenkännas
789 1192 59 18 bland

90 1222 49 21 dem,
152 1226 42 14 som
206 1222 78 22 begära
296 1222 58 23 hjelp.
373 1222 191 23 Grundprinciperna
577 1222 28 18 till
618 1222 83 18 berörda
714 1221 135 19 förhällanden

87 1250 33 18 äro
140 1250 49 18 dock
207 1251 44 17 icke
270 1251 44 17 fullt
332 1250 53 18 klart
400 1251 89 18 uttalade
505 1251 5 17 i
527 1251 36 18 den
576 1250 113 18 nuvarande
702 1250 146 22 förordningen.

87 1279 45 18 Deri
145 1279 132 18 förekommer
289 1280 43 17 icke
344 1279 63 23 nägra
419 1280 150 22 bestämningar
578 1284 30 13 om
618 1280 32 17 det
659 1280 50 17 mest
718 1279 130 22 fullständiga

88 1308 36 18 och
142 1308 118 18 utvecklade
279 1308 220 23 fattigvärdssystemet
517 1309 6 17 i
538 1308 72 21 landet,
623 1308 41 18 lika
677 1308 43 18 litet
732 1312 42 14 som
788 1307 61 23 nägot

88 1337 23 17 af
121 1336 48 18 vära
182 1337 31 17 för
225 1336 124 19 närvarande
362 1336 115 24 tillämpade
491 1337 75 23 system
579 1337 41 17 deri
634 1336 99 24 förbjudes
747 1341 42 13 som
798 1336 50 18 icke-

89 1365 166 23 ändamälsenligt
268 1366 47 17 eller
328 1366 86 22 oriktigt.

157 1394 35 17 Att
205 1394 77 21 idioter,
294 1394 126 21 döfstumma,
433 1395 58 22 lytta,
504 1394 72 21 blinda,
589 1394 75 18 sädana
674 1399 41 12 som
726 1398 69 19 genom
804 1398 45 17 ope-

89 1423 65 18 ration
172 1423 67 18 kunna
257 1423 57 18 botas
334 1428 16 13 o.
370 1428 17 13 a.
404 1423 22 18 af
440 1423 69 22 dylika
521 1423 81 18 orsaker
615 1423 106 18 understöd
734 1422 116 23 ätnjutande

88 1451 77 24 fattiga,
184 1451 48 18 eller
248 1451 51 24 hjon,
318 1457 42 13 som
373 1452 64 18 mäste
450 1452 41 18 helt
504 1453 35 17 och
552 1452 60 18 hället
625 1451 130 21 underhällas,
768 1451 84 18 fastmer
