1034 1656
255 171 73 20 Sådana
341 173 34 18 fall
387 178 43 13 vore
442 173 113 18 fremmande
567 173 29 18 för
609 173 35 18 den
656 173 37 19 fria
706 173 111 24 utveckling,
829 174 117 23 hvarigenom

186 200 106 19 folkskolan
311 201 34 18 hos
357 207 30 12 oss
399 201 94 19 härintills
511 202 66 18 vunnit
594 202 142 23 befolkningens
754 204 65 21 ynnest
837 203 34 18 och
889 202 58 18 under

186 229 69 19 sådana
267 230 129 19 förhållanden
408 233 21 16 är
441 231 32 18 det
485 232 45 17 utan
542 231 64 18 tvifvel
618 231 47 18 både
678 231 29 18 för
715 231 131 23 befolkningen
854 231 92 24 värkligen

186 258 24 23 af
219 259 79 23 behofvet
309 259 97 23 påkalladt
419 259 33 18 och
465 260 54 17 äfven
532 259 29 18 för
573 259 141 18 bibehållandet
726 259 21 18 af
758 259 115 19 folkskolans
885 260 61 18 hittils

186 287 97 18 tolererade
299 288 88 23 ställning
405 289 53 17 äfven
471 288 113 23 nödvändigt
597 289 33 21 att,
643 294 64 17 genom
724 288 41 18 från
778 289 116 22 regeringens
907 289 40 17 sida

186 316 89 23 erbjuden
284 317 57 22 hjelp,
350 317 83 22 utjämna
441 317 35 18 den
489 317 116 23 motsägelse,
614 323 38 12 som
661 317 95 18 sannolikt
767 317 81 18 kommer
860 319 29 16 att
901 323 45 17 upp-

186 345 30 18 stå
227 345 68 19 mellan
308 345 128 24 skyldigheten
449 347 29 17 att
490 346 80 23 uppföra
582 346 199 23 folkskolebyggnader
794 346 34 18 och
840 346 70 18 bristen
923 346 24 23 på

186 373 62 18 dertill
262 374 122 23 erforderliga
395 375 78 18 krafter.

254 403 39 22 Mig
306 408 53 18 synes
372 403 62 18 derför
446 403 101 18 önskvärdt
560 405 28 16 att
601 403 79 19 statslån
689 403 100 23 beviljades
797 403 28 18 för
832 403 114 23 uppförande

186 431 20 18 af
217 431 105 19 folkskolor
333 432 25 23 på
371 432 131 23 förmånligare
514 432 62 19 vilkor
588 434 24 16 än
627 432 126 18 härförinnan.
777 432 37 18 För
832 431 114 19 närvarande

185 460 62 18 betala
259 460 130 19 kommunerna
401 461 30 18 för
442 461 220 23 folkskolebyggnadslån
682 467 68 12 samma
767 462 55 17 ränta
839 461 33 18 och
889 466 56 13 amor-

185 489 65 22 tering,
265 494 38 13 som
315 489 29 18 för
356 489 126 23 byggnadslän
496 489 5 18 i
514 489 107 23 allmänhet,
635 490 41 18 d.ä.
690 491 9 17 6
709 491 19 21 %,
741 490 73 22 årligen,
827 490 60 18 hvaraf
895 485 51 32 ränta

185 518 39 22 49/,
236 517 36 18 och
284 517 30 18 till
327 523 22 13 en
361 518 65 23 början
439 519 40 22 29/,
488 518 20 18 af
515 518 35 18 den
563 519 130 22 ursprungliga
706 524 81 13 summan
800 519 117 22 amortering.
925 528 20 3 —

185 546 47 18 Häri
244 546 63 19 kunde
319 547 84 22 eftergift
415 547 32 18 ske
459 547 25 23 på
495 549 66 16 tvenne
574 548 43 17 sätt.

254 575 38 18 Det
304 580 41 13 vore
358 575 47 18 först
418 575 33 18 och
464 576 67 17 främst
549 575 101 19 önskvärdt
667 577 29 17 att
714 577 66 17 räntan
795 576 98 18 nedsattes.
917 576 28 17 En

186 603 56 19 sådan
255 603 77 19 fordran
344 604 56 18 borde
412 604 16 23 ej
441 610 45 13 vara
500 604 70 23 obillig,
586 605 54 18 äfven
652 605 21 18 af
684 605 34 18 den
732 605 54 18 orsak
799 606 28 17 att
839 604 106 18 statsmedel

186 632 52 18 torde
256 637 45 14 vara
318 632 97 24 placerade
430 633 6 17 i
453 633 109 18 uttländska
579 633 132 23 värdepapper,
730 633 63 18 hvilka
811 633 50 23 gifva
878 633 68 22 3'/,?/,

185 662 59 21 ränta,
258 661 34 18 och
305 662 78 18 sålunda
394 662 60 23 aldrig
467 662 32 18 det
513 662 73 23 belopp,
605 664 60 16 staten
684 662 72 23 uppbär
772 662 30 18 för
814 662 31 18 lån
857 662 29 17 till
899 662 46 17 folk-

186 690 161 22 skölebyggnader.
372 690 39 18 Och
423 690 94 18 dessutom
529 690 53 18 torde
598 692 61 17 staten
671 691 30 17 för
713 690 115 18 närvarande
843 690 102 22 innehafva,

185 718 59 18 säsom
255 718 34 23 jag
301 718 42 18 frän
355 719 83 23 pälitligt
450 720 39 17 häll
501 719 39 19 fätt
551 720 51 21 höra,
615 720 96 22 ansenliga
723 724 80 14 summor
814 719 131 23 odisponerade

185 747 34 18 och
231 747 36 18 alls
280 748 55 22 ingen
347 750 54 16 ränta
413 748 81 18 bärande
506 748 64 18 medel.
595 748 27 18 Af
633 748 54 18 dessa
704 748 62 18 kunde
778 748 92 18 törhända
881 753 22 13 en
916 748 29 18 del

184 776 102 18 öfverföras
299 776 30 18 till
341 782 22 12 en
375 777 145 23 byggnadsfond,
534 777 77 23 specielt
626 777 65 18 afsedd
703 777 29 18 för
744 777 141 18 kommunernas
898 776 47 18 folk-

186 805 161 23 skolebyggnader,
361 806 29 18 för
401 807 29 17 att
442 806 74 18 utlänas
528 807 39 17 mot
578 806 86 22 billigare
676 807 60 17 ränta.

254 834 37 18 Det
303 839 53 18 synes
369 834 40 18 icke
421 834 112 23 otillbörligt
545 836 29 16 att
586 834 69 18 sädana
667 834 31 18 län
707 834 101 23 beviljades
816 834 129 18 öfverhufvud-

185 864 52 21 taget
249 864 39 17 mot
299 864 40 21 3,
351 864 54 17 ränta
417 863 34 18 och
464 864 29 18 att
505 863 93 18 dessutom
610 863 30 18 för
652 863 88 23 fattigare
748 863 107 17 kommuner
863 862 82 18 bildades

185 896 22 13 en
220 891 50 18 skild
282 891 88 23 kategori,
389 892 76 18 hvartill
483 892 48 18 efter
546 892 117 23 regeringens
682 892 87 23 pröfning
787 892 92 17 hänförda
896 891 49 17 kom-

184 925 64 13 muner
262 920 61 18 skulle
335 920 62 18 betala
409 921 77 23 ungefär
498 922 10 17 2
515 922 15 22 %
551 921 29 18 för
593 921 39 18 sina
645 920 174 24 skolbyggnadslän.

254 949 29 17 En
296 954 60 13 annan
369 949 81 23 lindring
463 950 60 18 skulle
536 950 134 18 ästadkommas
684 950 106 22 derigenom
798 951 29 16 att
834 949 111 23 betalnings-

184 977 85 18 vilkoren
281 977 75 23 gjordes
369 978 62 22 friare,
445 978 20 18 sä
479 980 28 16 att
518 978 109 18 kommunen
644 980 58 16 sattes
716 978 5 17 i
734 978 75 17 tillfälle
823 979 28 16 att
863 978 48 22 välja
923 983 22 12 en

185 1006 64 22 längre
262 1006 45 18 eller
323 1006 74 18 kortare
415 1007 145 23 amoteringstid.
584 1007 43 17 Man
640 1007 56 18 borde
710 1006 111 18 öfverlemna
834 1006 20 18 ät
865 1006 80 18 kommu-

185 1040 57 12 nerna
255 1034 67 23 sjelfva
334 1037 33 20 att,
380 1035 49 18 inom
442 1036 49 18 vissa
502 1038 83 20 gränser,
598 1036 106 21 bestämma,
720 1035 48 17 huru
784 1037 39 15 stor
835 1035 110 21 amortering

184 1063 22 18 de
218 1063 47 23 vilja
277 1064 66 21 betala,
356 1066 13 16 t.
383 1069 27 13 ex.
423 1064 42 18 från
479 1065 22 22 1/,
513 1065 30 17 till
556 1065 39 22 2,
608 1064 20 18 af
640 1064 32 18 det
685 1064 130 22 ursprungliga
827 1064 56 17 lånet.
907 1064 38 17 Och

185 1092 94 18 dessutom
291 1092 57 18 borde
360 1092 108 24 läntagaren
481 1093 101 23 medgifvas
594 1094 39 17 rätt
645 1094 28 16 att
686 1094 34 16 när
732 1098 38 12 som
783 1092 49 18 helst
844 1092 101 18 äterbetala

184 1120 43 18 hela
239 1120 52 19 lånet
303 1121 45 18 eller
361 1126 22 13 en
395 1122 30 18 del
438 1122 58 22 deraf,
509 1123 13 17 t.
536 1127 26 13 ex.
576 1122 5 17 i
592 1122 63 22 jemna
667 1121 89 18 tusental.

254 1149 54 19 Huru
320 1150 96 18 kännbara
428 1150 54 18 dessa
494 1150 103 23 lindringar
609 1156 43 12 vore
664 1150 30 18 för
710 1150 135 21 kommunerna,
865 1150 81 22 framgär

184 1178 20 18 af
216 1178 83 22 följande
312 1179 86 22 exempel.
423 1179 65 23 Enligt
500 1179 106 18 nuvarande
624 1178 166 23 betalningsvilkor
805 1178 59 18 mäste
877 1178 29 18 för
918 1180 28 16 ett

185 1207 31 18 län
229 1209 49 16 stort
289 1209 52 20 8,000
353 1208 57 21 mark,
423 1214 49 12 mera
485 1208 61 23 borde,
559 1208 58 23 enligt
628 1208 48 18 hvad
691 1208 37 22 mig
744 1213 59 17 synes,
816 1207 41 18 icke
869 1207 76 22 beviljas

184 1236 29 18 för
225 1241 23 13 en
261 1237 58 22 skola,
332 1237 71 18 betalas
416 1239 10 16 6
433 1238 23 21 %/,
469 1237 45 18 eller
529 1239 35 16 480
578 1237 52 18 mark
643 1237 5 17 i
661 1239 55 16 ränta
728 1237 34 17 och
774 1236 112 22 amortering
899 1242 46 12 sam-

184 1265 101 22 manlagdt.
297 1265 69 18 Genom
379 1265 127 23 ifrägakomna
519 1266 101 22 lindringar
633 1265 61 18 kunde
707 1265 131 18 kommunerna
850 1265 55 17 ställa
915 1265 31 17 det

184 1293 28 22 sä,
225 1295 29 16 att
267 1294 190 22 ränteinbetalningen
471 1294 85 23 utgjorde
568 1295 10 17 3
586 1295 22 21 !/,
614 1295 22 22 %
649 1294 46 18 eller
707 1295 34 17 280
754 1293 51 18 mark
818 1293 34 18 och
865 1293 21 18 de
899 1293 47 17 allra

183 1322 99 23 fattigaste
294 1323 135 22 kommunerna,
446 1323 62 18 hvilka
527 1323 59 18 skulle
606 1323 60 18 betala
685 1323 65 17 endast
762 1323 40 21 2,
814 1323 59 20 ränta,
885 1321 60 18 skulle

184 1350 61 23 slippa
257 1351 41 18 med
310 1353 29 16 att
351 1351 69 23 ärligen
434 1352 82 17 inbetala
528 1351 65 18 endast
605 1352 34 18 200
651 1351 128 18 markiränta
787 1351 33 18 och
834 1350 111 22 amortering

183 1379 128 19 tillsammans.

252 1408 37 18 Det
306 1410 21 16 är
345 1414 36 17 nog
399 1411 54 16 sannt
470 1411 28 16 att
511 1415 21 12 en
545 1409 57 18 sädan
620 1409 112 18 länerörelse
748 1409 60 17 skulle
821 1408 82 18 medföra
916 1408 29 17 för

184 1439 61 16 staten
265 1443 20 12 en
309 1437 46 19 liten
374 1438 73 21 förlust,
466 1438 5 18 i
489 1438 32 18 det
539 1440 59 17 staten
615 1438 29 19 för
661 1438 40 18 sina
718 1438 101 23 penningar
838 1437 69 18 erhölle
923 1443 22 12 en
