1031 1653
308 103 236 23 Petitionsbetänkandet
559 104 35 22 N:o
609 104 34 22 40.

373 371 205 23 Ekonomiutskottets
601 372 127 22 betänkande
752 372 34 22 N:o
807 372 47 22 19
840 367 17 37 i

302 405 109 28 anledning
434 406 20 22 af
477 406 30 22 ett
521 406 6 21 i
543 406 173 27 Borgareståndet
738 406 117 22 framstäldt

303 441 172 27 petitionsförslag
496 440 105 28 angående
619 441 105 22 ordnande
739 441 21 22 af
775 441 79 22 arbets-

302 475 55 22 tiden
373 475 31 22 för
419 475 200 28 bageriarbetarene.

165 543 96 22 Medelst
276 543 207 28 protokollsutdrag
498 543 26 22 af
537 544 43 21 den
597 546 26 19 15
635 543 101 23 sistlidne
746 543 109 22 Februari

95 577 42 22 har
151 578 192 28 Borgareståndet
358 578 124 28 hänskjutit
497 578 98 22 nämnda
609 577 194 29 petitionsförslag
819 578 35 21 till

96 612 245 23 Ekonomieutskottets
356 613 177 28 handläggning.

165 715 99 21 Oaktadt
279 715 149 22 förevarande
451 715 64 29 fråga
530 715 70 22 redan
615 716 7 21 i
637 715 217 29 petitionsförslaget

96 749 41 22 fått
155 756 28 15 en
198 750 50 21 klar
268 750 42 22 och
325 750 7 21 i
348 750 67 27 detalj
439 750 88 28 gående
542 750 127 28 belysning,
687 750 42 22 har
743 750 110 22 utskottet

95 784 70 22 likväl
187 784 51 29 icke
253 786 74 20 ansett
351 784 34 29 sig
407 784 77 22 kunna
507 784 131 29 handlägga
653 785 130 21 densamma
798 786 54 20 utan

94 820 34 20 att
149 818 56 22 höra
228 819 141 28 sakkunniga
391 819 36 21 för
449 819 130 22 erhållande
594 819 26 21 af
632 819 77 22 vidare
725 819 127 28 utredning.

94 853 116 21 Utskottet
224 853 42 22 har
281 854 8 21 i
304 853 80 22 sådant
399 854 108 21 afseende
522 854 70 21 vändt
607 854 36 28 sig
652 854 35 21 till
694 853 158 28 yrkesinspek-

94 887 65 22 tören
174 888 7 21 i
196 889 76 20 vestra
288 888 119 27 distriktet,
422 888 93 22 hvilken
523 888 145 28 beredvilligt
675 888 114 22 meddelat
798 894 54 22 upp-

94 922 118 28 lysningar
225 922 8 22 i
249 922 76 22 saken.
353 923 145 21 Beträffande
513 922 229 28 petitionsförslagets
757 922 96 22 motiver

94 956 43 22 och
150 957 47 21 deri
205 956 132 23 framstälda
346 957 198 22 sakförhållanden
551 958 42 21 har
599 956 214 29 yrkesinspektören
821 956 31 22 in-

94 992 66 27 tygat
174 991 138 28 riktigheten
327 992 27 21 af
366 992 115 21 desamma
492 992 41 21 och
542 992 106 21 särskildt
656 997 36 16 om
700 992 29 21 de
737 992 98 21 moment
845 991 7 21 i

94 1025 69 22 slutet
178 1025 26 22 af
216 1026 131 27 petitionen,
356 1026 40 21 der
403 1026 28 21 de
441 1026 73 21 skilda
522 1026 176 28 olägenheterna
706 1025 27 22 af
738 1025 38 22 det
783 1032 69 15 nuva-

94 1060 70 21 rande
179 1060 146 21 arbetssättet
339 1060 136 28 uppräknas,
491 1061 89 26 uttalat,
589 1061 32 21 att
632 1060 115 22 desamma
755 1060 39 21 äro
803 1059 49 22 sak-

95 1094 71 28 enligt
181 1094 131 22 framstälda
327 1095 52 21 med
394 1095 117 28 undantag
533 1094 26 22 af
579 1095 70 21 andra
672 1095 129 25 momentet,
816 1100 35 15 om

95 1128 193 28 söndagsarbetet,
304 1135 48 15 som
373 1129 45 21 kan
433 1129 108 21 hänföras
561 1129 80 22 endast
656 1129 34 21 till
705 1129 28 21 de
748 1128 105 28 bagerier

94 1162 77 22 hvilka
186 1163 39 21 äro
241 1162 108 22 förenade
372 1162 51 22 med
446 1160 199 24 konditorirörelse
660 1162 42 22 och
717 1162 50 22 icke
791 1168 39 16 ens
845 1162 8 21 i

94 1197 66 22 dessa
175 1197 65 21 torde
256 1197 187 28 söndagsarbetet
457 1197 8 21 i
480 1197 65 28 regel
559 1196 115 22 bedrifvas
687 1197 80 28 längre
782 1197 28 21 än
818 1196 35 22 till

94 1231 30 21 kl.
141 1234 25 18 11
183 1231 15 21 f.
214 1238 29 14 m.

163 1265 32 22 På
218 1266 45 21 sätt
278 1266 7 21 i
300 1265 218 29 petitionsförslaget
539 1265 122 28 uppgifves
683 1266 25 20 är
726 1264 126 22 arbetsord-

94 1300 83 27 ningen
192 1300 7 21 i
215 1300 134 27 bagerierna
364 1299 76 27 sådan,
456 1301 33 20 att
504 1300 89 21 arbetet
607 1299 36 22 för
653 1300 86 27 dygnet
749 1299 105 28 vidtager

94 1333 30 22 kl.
140 1336 56 19 4—5
212 1340 20 15 e.
248 1340 28 15 m.
292 1334 42 21 och
350 1333 116 22 fortsättes
489 1333 70 23 sedan
578 1333 51 22 med
645 1339 40 16 ens
700 1333 35 22 till
749 1333 30 22 kl.
797 1335 55 19 5—6

94 1367 28 28 på
137 1374 131 22 morgonen.
298 1367 80 22 Likväl
394 1374 55 21 eger
463 1368 75 21 denna
553 1368 63 27 regel
631 1367 50 22 icke
697 1367 106 28 giltighet
821 1367 32 22 öf-

94 1402 80 27 veralt,
198 1402 54 21 enär
267 1402 38 21 det
319 1402 50 21 icke
385 1402 72 22 sällan
474 1402 109 27 inträffar,
599 1404 33 20 att
647 1402 88 22 arbetet
749 1401 104 29 påbörjas

164 1443 193 20 Ekonomiutskottets
372 1443 116 20 betänkande
503 1443 38 20 N:o
556 1444 30 19 19.
