1000 1656
244 231 49 20 Med
314 231 117 21 berömvärd
452 232 89 27 villighet
563 232 36 21 har
620 232 101 27 Styrelsen
744 232 100 21 befordrat
863 231 61 21 hand-

173 261 189 27 slöjdkunnigheten
384 261 63 21 bland
469 263 44 20 vårt
534 262 49 21 folk.
614 263 41 20 För
675 262 143 27 undervisning
837 262 6 19 i
862 261 62 21 hand-

173 291 52 27 slöjd
240 291 36 20 har
292 291 30 20 till
338 291 53 21 olika
406 292 115 20 benämnda
530 292 140 21 läroanstalter
680 292 74 27 årligen
766 291 90 28 utgifvits
868 293 56 19 stats-

172 321 76 27 bidrag.
279 321 84 20 Antalet
384 321 22 20 af
427 323 26 25 på
475 322 54 20 detta
545 323 40 19 sätt
600 322 134 21 understödda
750 321 138 22 läroanstalter
903 323 22 18 är

172 351 6 19 i
200 351 45 20 vårt
266 351 49 20 land
338 351 43 21 icke
405 352 61 27 ringa.
502 353 94 19 Förutom
617 352 157 20 ambulatoriska
796 352 128 21 handarbets-

173 380 67 21 skolor
260 381 6 20 i
285 381 25 20 de
325 383 53 19 östra
393 381 36 21 och
445 389 58 14 norra
518 382 67 25 länen,
601 383 79 26 åtnjuta
694 382 120 21 åtminstone
830 385 28 17 ett
874 381 52 21 halft

173 411 105 20 hundrade
301 411 52 20 fasta
375 411 138 22 läroanstalter
534 412 31 21 för
587 412 135 21 handarbeten
744 412 71 27 bidrag
830 419 23 13 ur
868 414 57 18 stats-

174 441 69 20 medel.
275 441 48 21 Men
339 441 117 28 läroplanen
473 443 33 20 vid
521 443 58 20 dessa
595 442 67 21 skolor
678 449 59 20 synes
752 455 29 2 —
797 442 45 20 med
858 442 22 20 få
890 449 35 12 un-

174 471 76 26 dantag
266 484 27 2 —
310 479 48 13 vara
379 472 68 25 sådan,
470 476 29 17 att
521 479 47 14 man
590 473 5 19 i
618 473 45 20 dem
684 472 116 21 undervisar
820 472 27 20 uti
863 472 62 20 hand-

175 501 200 27 slöjdkunnighetens
396 503 91 26 grunder,
510 502 69 21 hvilka
594 503 61 20 borde
670 502 102 21 allaredan
788 509 70 20 genom
874 501 51 21 folk-

174 531 72 20 skolan
269 539 48 13 vara
338 532 78 21 inlärda
437 536 56 21 samt,
516 533 61 20 sedan
599 532 92 21 eleverna
713 533 5 19 i
740 533 67 26 någon
829 539 47 14 mon
896 535 29 17 ut-

175 561 80 20 vecklat
277 562 35 27 sig,
333 563 6 20 i
361 563 80 20 arbeten
464 563 21 20 af
507 563 108 20 allehanda
637 563 48 26 slag,
702 563 33 20 vid
751 563 53 20 valet
820 563 22 20 af
857 562 69 21 hvilka

173 598 47 13 man
240 592 96 27 antingen
355 593 63 20 håller
433 594 6 19 i
455 593 101 27 ögonsigte
572 593 130 27 hvardagliga
717 593 37 20 och
770 593 35 27 lyx
820 593 61 20 behof
896 593 29 20 uti

174 621 24 20 de
220 621 82 28 kretsar,
324 623 69 21 hvilka
408 624 92 21 eleverna
516 623 83 24 tillhöra,
615 623 48 21 eller
678 623 122 20 omedelbart
816 623 57 27 följer
888 622 37 21 ele-

174 658 71 14 vernas
261 659 49 21 egen
326 654 101 27 tillfälliga
442 654 46 21 lust.

245 684 132 26 Naturligtvis
393 684 36 21 bör
444 684 115 28 medgifvas,
575 688 29 17 att
620 685 50 20 hvar
684 673 37 32 och
737 692 25 12 en
774 684 22 21 af
806 684 48 20 våra
864 684 61 20 hand-

173 713 134 22 arbetsskolor
329 716 22 18 är
375 722 24 12 en
422 715 65 26 nyttig
509 714 127 27 läroanstalt;
659 714 37 21 och
720 714 67 21 derom
809 718 29 16 att
858 714 68 20 man
915 709 15 37 i

174 744 45 20 dem
240 744 46 21 med
307 744 127 27 någorlunda
455 745 105 27 framgång
581 746 86 26 åtnjuter
688 745 144 27 undervisning
850 744 76 21 erhålla

174 774 19 20 vi
214 774 21 26 ju
257 774 34 20 vid
312 774 169 28 utställningarna
502 775 126 27 obestridliga
643 776 62 20 bevis.
736 775 49 20 Men
800 782 47 13 man
864 775 62 20 måste

173 804 52 20 dock
246 804 58 27 fråga
325 805 30 26 sig
370 805 98 20 huruvida
483 805 168 27 undervisningen
667 805 6 19 i
689 805 137 21 handarbeten
842 805 36 20 hos
894 812 32 13 oss

173 834 23 20 är
218 834 22 20 så
262 834 81 24 ordnad,
365 838 28 17 att
409 836 115 20 densamma
539 837 22 19 är
576 836 5 19 i
598 836 59 20 stånd
674 838 29 18 att
718 835 122 27 frambringa
856 835 69 21 varak-

173 864 41 27 tiga
235 864 49 20 eller
305 872 36 12 ens
363 865 24 19 de
408 866 27 26 på
457 866 114 20 densamma
586 866 75 26 årligen
677 865 69 27 gjorda
761 865 165 27 uppoffringarne

173 895 140 20 motsvarande
329 895 76 20 frukter
421 899 51 17 samt
487 903 32 13 om
534 896 135 26 förhoppning
684 896 109 20 förefinnes
809 895 72 25 derom,
897 898 29 17 att

172 931 48 14 man
242 932 71 21 genom
336 925 115 21 densamma
472 926 41 20 kan
535 926 35 20 hos
590 926 45 20 vårt
649 926 45 20 folk
711 938 26 2 —
755 925 94 21 särskildt
864 925 61 21 bland

173 954 39 21 den
228 954 100 28 fattigaste
345 955 143 27 befolkningen
506 968 26 2 —
549 956 77 20 utbilda
641 963 25 13 en
683 955 92 21 inhemsk
790 955 89 25 industri,
894 962 31 20 eg-

173 984 41 20 nad
230 988 30 16 att
275 987 70 24 utgöra
359 992 26 13 en
401 985 77 27 verklig
492 986 148 20 inkomstkälla.

245 1014 28 21 Vi
293 1015 65 20 tillåta
377 1022 31 14 oss
424 1016 85 20 betvifla
523 1016 59 20 detta.
614 1016 39 20 Om
670 1015 255 27 handslöjdsundervisnin-

172 1051 39 19 gen
233 1044 6 20 i
260 1045 25 19 de
307 1044 72 26 skolor,
395 1046 69 20 hvilka
479 1047 34 19 äro
528 1046 83 20 afsedda
626 1046 31 20 för
673 1046 155 26 befolkningens
844 1045 82 20 bredare

172 1074 60 26 lager,
248 1075 36 26 går
300 1078 22 17 ut
337 1076 26 26 på
378 1078 29 17 att
423 1076 5 19 i
444 1076 83 20 främsta
542 1079 83 17 rummet
641 1076 104 26 tillgodose
756 1075 102 21 elevernas
868 1082 58 20 egna,

172 1104 131 27 hvardagliga
318 1105 65 24 behof,
400 1106 22 20 så
435 1106 42 20 kan
489 1106 33 20 väl
534 1106 43 20 icke
587 1106 135 26 förhoppning
732 1105 110 21 förefinnas
854 1106 71 23 derom,

173 1136 29 18 att
218 1141 47 13 man
281 1142 71 19 genom
369 1136 115 20 densamma
500 1136 41 20 kan
557 1136 139 20 åstadkomma
711 1143 24 13 en
752 1135 104 27 hemslöjd,
866 1135 60 20 hvars

172 1164 61 25 alster
254 1164 69 20 kunde
344 1165 64 21 blifva
429 1173 25 13 en
477 1166 86 26 egentlig
584 1166 139 20 handelsvara.
754 1166 69 26 Några
845 1165 81 20 artiklar

173 1194 41 21 kan
231 1194 33 21 väl
281 1194 127 22 tillverkaren
424 1196 74 27 årligen
515 1196 21 20 få
551 1196 88 21 försålda
655 1196 31 20 till
702 1196 30 20 sin
748 1195 116 27 omgifning,
880 1202 45 13 men

173 1224 81 21 dermed
276 1226 22 19 är
319 1225 61 20 också
403 1226 116 27 förtjensten
542 1226 46 20 slut.
620 1227 33 19 En
676 1225 87 27 egentlig
785 1225 74 20 handel
881 1225 45 20 med

172 1254 171 27 hemslöjdsalster
363 1255 40 21 kan
419 1256 44 20 icke
479 1256 147 20 åstadkommas
642 1256 23 20 så
680 1256 60 26 länge
756 1259 29 16 ett
800 1255 76 20 mindre
892 1262 33 13 an-

172 1284 30 21 tal
223 1285 103 26 exemplar
347 1285 22 20 af
390 1293 75 13 samma
487 1286 52 27 slags
563 1286 60 20 alster
644 1286 85 20 erhålles
750 1286 45 19 från
816 1285 54 20 detta
885 1285 40 24 län,

172 1314 43 20 lika
236 1315 75 26 många
332 1315 45 20 från
399 1319 28 17 ett
443 1319 62 17 annat
521 1316 36 20 och
573 1317 55 19 ännu
643 1319 29 17 ett
688 1315 106 21 enahanda
809 1315 56 20 antal
880 1315 45 20 från

172 1347 29 17 ett
222 1345 61 26 tredje
304 1345 41 20 län.
376 1345 216 28 Försäljningsvinsten
615 1346 30 20 för
665 1346 39 20 den
720 1345 46 20 från
783 1346 22 19 så
820 1345 106 27 vidlyftiga

172 1374 96 21 områden
284 1375 129 26 hopsamlade
429 1383 61 13 varan
506 1376 42 21 kan
563 1376 44 21 icke
623 1383 48 14 vara
686 1376 6 19 i
708 1379 28 16 ett
750 1377 39 18 rätt
799 1375 127 20 förhållande

172 1404 31 20 till
219 1404 40 21 den
274 1405 60 20 möda
349 1405 36 20 och
401 1406 109 24 osäkerhet,
527 1413 41 13 som
584 1413 24 13 en
625 1407 26 26 på
667 1405 56 28 dylik
734 1405 122 27 produktion
866 1412 60 19 grun-

172 1434 40 20 dad
234 1434 74 21 handel
330 1435 107 21 medförde.
468 1437 107 19 Dessutom
597 1436 79 20 komme
698 1435 72 28 sjelfva
785 1442 69 17 varan,
869 1435 6 20 i
891 1442 34 13 an-

172 1465 73 19 seende
268 1465 29 20 till
318 1465 169 26 producenternas
505 1466 60 20 altför
579 1466 141 27 kringspridda
735 1465 138 27 boningsorter
888 1465 37 20 och

172 1493 57 23 deras
250 1495 54 20 olika
319 1495 176 28 utvecklingsgrad
511 1499 50 17 samt
577 1495 30 22 till
623 1496 50 27 följd
689 1496 21 19 af
726 1495 63 21 andra
805 1495 120 27 omständig-
