1034 1656
372 126 209 22 Petitionsmemorial.

100 185 99 36 Prestest.
750 187 33 22 N:o
798 186 28 22 35
835 192 18 16 a.

627 443 159 27 (Öfversättning.)

271 506 46 19 Till
332 507 150 24 Högvördiga
495 507 189 19 Presteståndet.

168 565 43 18 Den
235 564 40 24 sak,
298 564 27 24 på
344 564 77 19 hvilken
436 564 19 19 vi
469 564 82 19 härmed
565 564 60 19 hafva
640 566 48 17 äran
702 563 52 20 fästa
768 563 86 24 Högvör-

101 593 44 24 diga
167 593 157 19 Presteståndets
347 593 172 24 uppmärksamhet
541 593 36 20 och
599 593 81 19 hvarför
698 593 19 19 vi
732 592 77 19 anhålla
824 597 30 13 om

102 623 43 18 dess
161 622 88 24 benägna
264 622 107 19 understöd
386 621 36 20 och
436 622 126 23 medvärkan,
578 624 28 22 är,
618 622 74 24 hoppas
703 622 25 23 vi,
739 621 116 19 åtminstone

101 651 7 19 i
123 651 54 19 detta
192 651 57 19 stånd
264 651 52 18 känd
331 651 37 19 och
383 651 73 18 erkänd
472 651 64 19 såsom
551 651 123 24 synnerligen
688 651 66 24 vigtig.

170 679 38 20 Till
229 679 90 19 hurudan
339 679 173 19 samhällsmedlem
527 680 116 19 människan
658 679 101 20 utvecklar
773 678 35 23 sig,
824 682 31 14 om

103 708 29 19 till
153 708 66 24 duglig
238 708 36 19 och
289 708 70 24 nyttig,
375 713 29 14 om
420 708 30 19 till
466 709 79 24 oduglig
560 708 36 19 och
612 708 82 24 skadlig,
710 707 66 20 därtill
790 707 66 23 lägges

102 737 60 19 redan
184 737 62 18 under
264 737 119 19 barndomen
398 737 37 19 och
450 737 109 24 ungdomen
575 743 23 13 en
613 737 62 24 grund
690 737 32 19 för
736 736 44 19 hela
794 735 61 19 lifvet.

102 765 30 19 En
147 765 66 24 duglig
227 765 178 24 barnauppfostran
421 777 27 2 —
464 765 54 20 såväl
534 766 3 19 i
548 765 84 20 hemmet
641 771 41 13 som
692 766 6 18 i
709 765 68 19 skolan
788 775 26 3 —
825 765 30 17 ut-

101 796 36 22 gör
155 793 32 20 för
202 794 37 19 den
253 795 52 18 skull
320 800 23 13 en
359 794 22 19 af
394 794 112 19 samhällets
524 795 103 24 vigtigaste
643 794 107 24 lifsfrågor.
781 793 25 19 Så
820 798 34 13 an-

102 829 30 12 ses
144 823 37 19 den
192 823 6 18 i
209 823 75 24 princip
295 825 89 22 nogsamt
394 823 56 19 äfven
460 823 7 19 i
477 823 44 19 vårt
531 823 52 20 land.
603 823 163 24 Lagstadganden
776 821 63 20 finnas
849 821 6 18 i

102 851 60 20 saken
177 851 37 20 och
224 851 66 20 arbete
300 851 27 25 på
337 852 53 19 detta
400 851 80 20 område
490 852 81 24 utföres,
583 854 29 17 ett
621 851 60 25 flitigt
690 852 68 19 arbete
767 850 26 25 på
802 850 52 19 hem-

102 882 55 21 mets,
173 881 78 18 skolans
261 880 37 20 och
308 881 85 24 kyrkans
404 881 85 24 område,
501 881 54 19 detta
565 881 32 18 mä
607 883 60 22 gärna
677 879 113 26 medgifvas.
808 879 47 19 Men

103 909 33 19 det
151 909 82 19 oaktadt
247 909 62 19 finnes
325 915 24 13 en
364 910 74 23 ganska
452 912 42 16 stor
508 910 72 24 mängd
594 909 49 19 barn
658 909 36 19 och
709 909 90 23 ungdom,
815 913 40 13 som

102 938 99 19 utvecklas
224 938 30 18 till
277 938 91 24 odugliga
386 940 44 17 män
446 938 43 24 (och
504 938 95 24 gvinnor),
615 938 36 19 och
666 938 65 19 hvilka
746 938 51 18 inom
811 936 46 19 kort

102 965 97 25 påträffas
222 967 6 18 i
251 966 130 24 fängelserna.
410 967 60 19 Detta
491 967 123 24 synnerligen
636 967 85 23 sorgliga
736 964 121 22 förhållande

102 996 38 18 kan
155 995 113 24 visserligen
283 995 44 19 icke
342 995 26 24 på
382 995 60 24 något
457 998 39 17 sätt
510 996 42 19 helt
566 996 37 19 och
617 995 61 19 hållet
692 995 104 24 afhjälpas,
812 1000 44 13 men

102 1024 37 19 den
161 1023 70 25 frågan
253 1024 38 19 kan
313 1024 114 24 uppställas,
450 1024 97 20 huruvida
569 1024 44 19 från
631 1024 35 19 vår
684 1024 42 19 sida
741 1023 36 20 allt
790 1022 66 20 blifvit

102 1052 65 24 gjordt
189 1052 30 19 till
241 1052 136 20 förbättrande
400 1052 21 20 af
440 1053 66 19 saken.
537 1054 24 18 Vi
577 1055 58 17 vänta
650 1064 25 2 —
692 1053 37 19 och
744 1053 53 18 detta
812 1051 43 19 med

102 1083 52 17 rätta
176 1092 28 3 —
227 1083 41 17 stor
282 1081 54 25 hjälp
351 1081 22 19 af
386 1082 44 18 vårt
444 1082 193 19 folkskoleväsendes
652 1082 29 19 alt
695 1082 65 18 rikare
775 1080 79 20 utveck-

102 1110 49 24 ling;
174 1110 35 19 vår
230 1110 58 19 tanke
311 1112 32 18 är:
369 1110 45 25 ,ille
435 1110 82 20 faciett.
547 1111 47 19 Men
614 1112 29 18 att
658 1110 63 20 denna
735 1110 53 24 hjälp
805 1109 50 19 dock

102 1139 43 19 icke
166 1138 49 20 skall
230 1138 61 20 blifva
305 1139 30 19 till
351 1138 63 25 fylles,
430 1140 54 18 detta
499 1139 78 20 bevisar
591 1139 136 19 erfarenheten
742 1138 54 20 säväl
811 1137 44 19 frän

102 1168 161 19 kulturländerna
284 1173 41 13 som
343 1168 44 18 från
402 1170 44 22 eget
460 1168 53 24 land,
529 1168 36 20 där
580 1168 6 19 i
601 1168 69 24 sjelfva
685 1168 69 19 värket
768 1166 87 20 folksko-

102 1196 41 19 lans
159 1198 44 17 män
219 1196 70 24 själfva
303 1196 61 20 redan
379 1196 65 24 börjat
459 1197 83 24 beklaga
557 1197 29 24 sig
601 1197 55 19 öfver
670 1203 26 13 nu
705 1195 150 25 ifrägavarande

102 1224 169 20 missförhällande
295 1225 36 19 och
353 1226 72 18 uttalat
446 1226 120 24 önskningar
581 1232 30 13 om
626 1226 36 19 och
677 1226 73 23 förslag
766 1224 30 20 till
812 1224 44 19 dess

102 1253 133 25 afhjälpande.
265 1254 48 19 Man
328 1254 72 19 önskar
416 1266 25 2 —
458 1255 44 19 med
518 1257 28 17 ett
561 1255 35 19 ord
613 1266 21 2 —
646 1260 23 14 en
680 1254 94 24 tillräklig
784 1252 70 24 mängd

102 1282 95 20 anstalter
214 1282 32 20 för
264 1283 107 19 vanartade
387 1283 36 19 och
438 1284 72 24 sedligt
525 1284 119 19 vilsekomna
658 1283 58 19 barns
732 1282 123 25 uppfostran.

169 1312 31 18 En
215 1312 125 24 omsorgsfull
355 1312 36 19 och
406 1312 90 24 allvarlig
511 1312 159 24 hemuppfostran
681 1312 51 19 ända
743 1311 44 19 frän
796 1311 58 19 barn-

102 1340 69 19 domen
191 1342 23 17 är
227 1346 38 18 nog
280 1342 47 18 utan
342 1340 67 20 tvifvel
424 1341 34 19 det
472 1341 58 19 bästa
545 1341 72 19 medlet
630 1343 40 17 mot
685 1340 27 19 all
727 1341 51 23 slags
798 1345 57 19 yvan-

102 1369 51 19 art".
182 1369 47 19 Men
251 1369 34 19 det
306 1368 62 25 gifves
390 1369 49 19 barn
462 1380 26 3 —
510 1370 37 18 och
561 1370 43 19 icke
620 1370 22 18 sä
656 1369 21 19 få
690 1380 35 13 —,
741 1374 40 14 som
797 1368 22 20 af
834 1374 23 13 en

103 1397 47 19 eller
172 1402 64 14 annan
259 1398 58 19 orsak
332 1400 34 17 äro
382 1398 6 18 i
403 1398 96 19 afsaknad
514 1398 23 19 af
551 1404 23 13 en
589 1398 60 19 sådan
664 1397 124 24 omsorgsfull
803 1397 53 19 hem-

103 1425 122 24 uppfostran.
255 1426 42 19 Har
319 1428 28 17 ett
369 1426 70 19 sådant
460 1427 50 18 barn
533 1427 66 19 därtill
617 1429 50 17 ännu
683 1426 21 19 af
718 1428 83 17 naturen
816 1428 41 17 sär-
