1006 1656
789 110 12 18 5

154 174 76 26 Lägsta
240 174 158 26 åldersgränsen
409 174 7 20 i
427 174 235 20 fruntimmersskolorna
672 176 23 18 är
703 174 93 20 faststäld
804 174 28 20 till

84 205 25 19 11
135 204 29 24 år,
185 210 47 14 men
252 204 68 25 någon
343 204 217 26 maximiåldersgräns
583 204 31 20 för
630 205 79 19 inträde
725 205 28 19 till
769 204 64 20 första

83 234 83 20 klassen
182 235 23 19 är
220 234 46 20 icke
281 234 143 20 föreskrifven.

154 264 72 20 Denna
241 264 150 25 framställning
407 264 23 19 af
444 264 168 20 folkskolelevers
629 264 114 26 öfvergång
754 264 29 19 till
794 264 39 19 den

82 294 58 20 lärda
156 294 70 20 skolan
244 294 69 20 kunna
329 294 20 19 vi
365 300 50 13 anse
432 296 28 17 att
475 294 47 20 med
537 294 72 25 tämlig
624 294 78 20 visshet
717 296 115 18 motsvarar

83 324 141 25 värkligheten
245 324 54 19 hvad
319 324 45 19 vårt
384 324 48 20 land
453 324 102 23 beträffar,
572 324 127 20 alldenstund
715 324 119 20 densamma

82 354 68 20 stöder
176 354 32 25 sig
231 354 27 24 på
280 354 103 25 uppgifter
407 354 95 19 hämtade
522 354 45 20 från
591 354 28 20 30
635 354 27 25 på
676 354 67 20 skilda
758 355 53 18 orter
827 354 6 18 i

82 384 69 19 landet
166 384 86 24 belägna
268 384 67 19 skolor
350 384 38 19 och
404 384 95 19 omfattar
514 390 26 14 en
556 384 69 25 period
642 384 23 20 af
676 384 43 19 fem
734 384 29 19 år.

154 414 46 19 Men
216 414 67 20 såsom
299 414 70 19 nämdt
384 414 94 19 meddela
493 414 26 19 de
533 414 79 25 privata
628 414 147 19 förberedande
789 413 44 20 sko-

82 444 64 22 lorna,
166 444 58 19 hvari
242 444 174 25 undervisningen
435 444 96 25 vanligen
547 444 73 25 börjar,
637 444 26 19 då
678 445 97 18 eleverna
790 444 45 25 fyllt

76 475 20 18 *7
118 474 29 23 år,
169 474 25 25 på
213 476 30 17 tre
260 474 22 19 år
298 474 25 19 de
339 474 123 25 kunskaper,
479 480 43 13 som
538 476 104 18 motsvara
658 473 175 20 inträdesfordrin-

83 509 65 20 garna
164 504 28 19 till
208 505 85 24 lyceum.
326 504 28 19 Af
368 504 25 19 de
408 504 7 19 i
431 504 33 19 det
480 504 125 25 föregående
620 504 75 19 nämda
705 504 130 25 uppgifterna

85 533 93 26 framgår
194 534 85 19 sålunda
294 534 34 19 det
343 533 84 26 faktum,
446 535 28 18 att
490 534 24 19 de
530 534 56 23 barn,
604 539 44 14 som
664 534 70 19 besökt
744 533 88 20 folksko-

83 564 40 23 lan,
140 564 94 19 använda
250 564 121 19 åtminstone
382 565 34 22 ett,
428 569 47 14 men
489 564 96 25 vanligen
596 564 35 19 två
639 565 36 18 och
687 566 31 17 tre
729 564 22 19 år
762 564 71 25 längre

83 593 28 20 tid
130 594 29 19 till
178 594 31 19 sin
228 594 101 25 skolgång
345 594 26 19 än
387 594 31 23 de,
436 599 44 14 som
496 595 35 18 äro
547 594 7 19 i
570 594 78 19 tillfälle
665 595 28 18 att
708 594 63 19 redan
787 593 47 20 från

83 623 72 25 början
176 623 82 20 komma
278 624 6 19 i
306 629 25 14 en
350 623 148 20 förberedande
514 624 63 19 skola.
610 624 38 19 Om
664 624 80 19 således
761 623 73 20 föräld-

83 659 62 14 rarna
160 653 64 20 önska
240 653 21 20 få
276 654 46 19 sina
336 653 50 20 barn
402 654 6 19 i
425 659 26 14 en
467 653 63 24 skola,
548 659 43 14 som
608 656 47 17 utan
670 653 121 20 tidsutdräkt
807 654 27 19 le-

83 683 37 20 der
144 683 53 20 ända
220 683 27 20 till
272 683 174 22 studentexamen,
470 684 65 19 måste
557 684 31 22 de,
605 683 62 20 redan
684 684 26 19 då
726 684 70 19 barnet
812 684 23 18 är

84 713 32 25 sju
140 713 22 19 år
186 713 36 20 och
246 713 61 20 innan
328 713 34 20 det
383 715 39 18 satt
438 713 31 20 sin
485 713 29 20 fot
529 714 54 19 inom
600 715 28 18 ett
643 713 95 23 skolrum,
756 713 79 20 besluta

84 743 108 25 angående
213 743 47 20 dess
276 743 95 19 framtida
386 743 140 20 lefnadsbana.
557 743 9 19 I
583 743 72 20 sådant
670 743 36 20 fall
721 743 66 20 måste
803 743 31 22 de,

83 779 34 13 om
138 773 25 19 de
184 773 24 19 bo
230 773 26 25 på
276 773 74 22 landet,
372 773 64 19 sända
460 773 34 20 sitt
517 773 137 25 sjuärsgamla
669 773 50 20 barn
734 773 101 20 hemifrån

84 803 29 19 till
133 809 26 13 en
179 803 6 19 i
206 803 44 19 stad
266 803 86 25 belägen
368 803 148 20 förberedande
531 803 58 20 skola
605 803 36 20 och
658 803 85 20 sålunda
758 803 77 19 undan-

84 833 65 24 draga
170 833 112 19 detsamma
303 833 63 19 redan
382 833 6 19 i
405 833 24 19 så
445 839 55 19 unga
515 833 24 19 år
556 833 98 20 hemmets
670 833 51 19 vård
737 835 53 17 samt
805 833 29 19 fa-

84 862 47 19 ders
147 863 37 19 och
200 863 80 19 moders
296 863 126 24 uppfostran.
447 863 71 19 Därtill
530 863 91 20 kommer
632 864 53 19 ännu
697 863 45 19 från
752 863 82 19 barnets

83 892 97 25 tidigaste
196 893 56 19 ålder
268 893 24 19 de
309 895 54 17 stora
379 893 132 19 ekonomiska
527 893 134 25 svårigheter,
677 893 70 19 hvilka
762 893 6 18 i
784 893 51 19 form

84 922 25 19 af
129 922 129 25 skolafgifter
281 923 37 19 och
341 923 190 19 lefnadskostnader
552 923 35 19 äro
604 929 25 13 en
645 923 49 24 följd
711 923 23 19 af
748 923 87 19 barnens

85 952 101 25 skolgång
207 953 25 24 på
248 958 26 14 en
290 953 128 19 främmande
434 955 36 17 ort.
503 953 39 19 Det
558 953 22 19 är
596 953 72 25 tydligt
684 955 28 17 att
727 953 26 24 på
768 952 68 20 landet

85 982 79 19 bosatta
180 982 105 23 föräldrar,
302 983 118 24 isynnerhet
436 983 25 18 de
477 983 79 19 mindre
572 983 124 22 bemedlade,
714 983 34 19 äro
764 983 72 19 nästan

85 1014 93 23 tvungna
198 1013 28 18 att
247 1013 55 24 välja
318 1012 169 25 folkskolevägen
503 1013 37 19 och
555 1013 55 19 finna
626 1013 32 24 sig
673 1013 44 18 däri
733 1014 28 17 att
777 1012 59 19 deras

86 1042 51 19 barn
153 1042 87 19 behöfva
256 1043 71 24 längre
343 1043 28 19 tid
387 1042 31 19 för
434 1043 32 18 sin
482 1043 101 24 skolgång
599 1043 24 19 än
641 1043 69 19 andra.

158 1071 116 20 Orsakerna
290 1072 29 19 till
335 1072 67 19 denna
417 1072 121 20 tidsutdräkt
554 1073 57 18 torde
626 1073 45 19 icke
687 1078 51 13 vara
748 1073 50 18 lätta
809 1074 28 17 att

84 1101 79 20 utreda.
194 1102 70 19 Delvis
281 1102 58 19 beror
355 1102 67 19 denna
437 1102 150 25 omständighet
603 1102 116 25 säkerligen
735 1101 64 26 därpå
809 1104 28 17 att

86 1131 26 19 de
132 1131 58 20 lärda
214 1131 104 20 skolornas
340 1132 206 25 inträdesfordringar
568 1132 37 19 och
621 1132 149 19 folkskolornas
779 1132 58 29 läro-

86 1161 72 19 kurser
174 1161 45 20 icke
235 1162 35 19 äro
286 1161 126 25 fullständigt
428 1162 109 25 afpassade
554 1162 51 19 efter
621 1162 120 19 hvarandra.
774 1162 17 18 Å
802 1167 35 14 an-

84 1191 40 19 dra
145 1191 58 19 sidan
219 1191 40 20 kan
275 1191 86 20 orsaken
378 1192 56 25 ligga
450 1192 7 19 i
473 1192 25 19 de
514 1192 131 25 synnerligen
661 1191 122 25 bristfälliga
798 1191 39 20 för-

86 1221 115 23 hållanden,
225 1221 63 19 under
309 1221 69 20 hvilka
400 1221 113 20 folkskolan
535 1222 86 19 arbetar.
654 1221 42 20 Och
717 1221 80 25 möjligt
815 1221 22 19 är

85 1251 97 24 slutligen
198 1251 61 19 äfven
276 1253 28 17 att
319 1251 25 20 de
360 1251 148 20 förberedande
524 1251 95 20 skolorna
635 1252 26 24 på
676 1253 28 18 ett
715 1251 73 20 osundt
799 1251 39 19 sätt

86 1280 107 25 påskynda
214 1281 33 19 sitt
269 1281 69 19 arbete
354 1281 37 19 och
408 1281 94 20 använda
518 1287 25 14 en
558 1281 98 25 jäktande
671 1281 166 24 undervisnings-

86 1310 74 21 metod,
177 1316 43 13 som
236 1311 79 19 direkte
331 1311 37 19 har
383 1316 87 14 examen
486 1311 29 20 till
531 1311 47 19 mål.

158 1340 46 19 Men
225 1340 49 19 felet
294 1341 34 18 må
344 1346 50 14 vara
411 1341 69 19 hviket
497 1346 43 14 som
557 1341 53 19 hälst
625 1352 29 2 —
669 1341 37 19 och
723 1341 33 18 det
772 1340 66 19 tillhör

86 1370 26 19 de
136 1369 127 26 sakkunnige
287 1372 28 17 att
337 1370 115 20 undersöka
472 1371 111 19 orsakerna
599 1371 65 18 härtill
681 1381 26 3 —
725 1370 53 19 klart
794 1370 22 19 är
832 1370 5 18 i

85 1399 42 20 alla
146 1400 108 19 händelser
276 1401 28 18 att
320 1400 37 19 här
373 1400 111 25 föreligger
501 1402 27 17 ett
543 1400 183 23 missförhållande,
744 1405 43 14 som
804 1399 35 20 bör
