1025 1653
178 117 13 19 6
359 115 278 22 Petitionsbetänkande
652 115 44 22 N:o
712 115 39 22 43.

178 193 65 21 gram
265 186 147 28 naturligtvis
440 188 75 20 såsom
538 194 29 14 en
591 186 26 22 af
637 187 28 21 de
688 186 164 29 väsentligaste
875 194 56 21 upp-

178 221 70 29 gifter
269 222 65 28 ingår
350 222 144 22 utbildandet
511 222 26 22 af
552 223 149 28 kompetenta
717 222 43 22 och
775 222 92 29 nyttiga
883 222 48 22 offi-

178 264 83 19 cerare,
285 258 145 21 användbara
453 258 36 22 för
512 258 103 28 tjänsten
638 259 39 21 vid
701 260 125 27 trupperna
848 258 9 21 i
880 261 52 25 eget

177 292 61 22 land.
270 294 34 21 På
327 294 39 21 det
389 296 34 19 att
446 294 65 21 desse
537 294 124 26 officerare,
685 294 29 22 då
738 294 28 22 de
782 294 58 21 efter
857 294 74 22 slutad

178 328 104 22 lärokurs
305 329 95 29 vidtaga
422 330 53 21 med
498 330 40 21 det
562 330 118 29 praktiska
703 330 137 21 utöfvandet
858 330 26 21 af
897 330 34 21 sin

177 364 80 29 tjänst,
282 367 37 19 må
340 365 77 22 kunna
433 366 7 21 i
456 366 35 21 sin
512 368 38 19 tur
572 366 152 21 obehindradt
740 366 42 21 och
798 366 52 21 med
866 365 65 22 önsk-

177 401 57 20 värd
258 400 120 29 framgång
401 401 97 29 fungera
523 404 73 19 såsom
621 402 147 21 läromästare
793 401 42 22 och
851 401 80 28 uppfo-

177 438 73 19 strare
271 436 36 22 för
329 437 142 29 manskapet,
496 437 91 22 fordras
607 438 37 21 väl
663 437 59 22 först
738 438 42 21 och
796 438 42 21 sist
853 439 34 20 att
903 437 27 21 de

178 471 147 30 fullständigt
340 473 75 21 känna
432 473 50 22 dess
499 474 76 28 språk.

249 508 47 29 Jag
311 509 46 20 kan
372 509 58 22 altså
446 509 20 29 ej
485 511 72 20 annat
572 512 30 19 än
618 517 54 14 anse
688 509 40 21 det
743 509 36 22 för
794 517 29 13 en
838 516 93 21 synner-

178 543 62 28 ligen
256 543 88 30 lycklig
360 545 170 28 omständighet
546 547 35 20 att
597 545 81 28 frågan
695 552 37 14 om
743 545 73 21 finska
828 545 102 28 språkets

177 579 151 22 användande
354 582 73 20 såsom
443 581 238 28 undervisningspråk
697 581 39 21 vid
752 581 76 21 finska
842 581 87 20 kadett-

178 615 71 21 kåren
273 618 60 19 ännu
352 616 8 21 i
376 619 75 18 rättan
475 617 33 21 tid
525 630 29 2 —
570 619 71 26 vågar
661 617 43 28 jag
728 617 88 28 hoppas
834 629 25 3 —
876 616 55 21 eller

178 651 138 21 åtminstone
339 651 51 21 icke
411 652 69 22 altför
496 655 52 19 sent
565 653 97 21 kommit
677 653 74 21 under
766 652 104 28 allvarlig
886 659 45 14 om-

178 686 109 29 pröfning
311 688 42 20 och
376 688 72 21 likaså
470 690 72 20 måste
563 688 43 28 jag
625 690 76 19 varmt
720 688 72 22 önska
808 690 34 19 att
857 688 74 21 denna

178 721 65 30 fråga
262 722 28 29 ju
306 723 47 21 förr
369 724 51 21 dess
435 724 71 22 hällre
525 726 71 19 måtte
612 724 61 22 föras
691 724 35 21 till
742 732 29 13 en
786 724 87 28 lycklig
888 724 43 21 lös-

177 757 63 29 ning.
273 758 76 22 Jämte
369 760 39 21 det
425 760 41 28 jag
488 760 133 28 godkänner
637 760 28 21 de
682 760 87 28 förslag
785 760 35 21 till
836 760 94 21 förbätt-

177 794 70 20 rande
271 794 26 21 af
318 795 193 29 undervisningen
535 796 8 20 i
566 796 70 28 ryska
659 796 101 28 språket,
784 795 78 21 hvilka
881 795 50 21 från

177 828 219 30 lärarepersonalens
421 831 39 22 vid
483 832 153 20 kadettkåren
651 832 49 20 sida
717 831 132 27 framstälts,
866 838 65 14 anser

174 864 42 29 jag
239 865 74 22 finska
338 867 92 27 språket
454 867 50 21 från
529 868 43 20 och
595 868 52 20 med
670 867 154 21 instundande
847 867 83 21 läseårs

177 900 83 28 början
283 902 55 21 böra
364 902 60 22 klass
449 902 35 22 för
508 903 61 21 klass
593 902 86 22 införas
703 905 75 19 såsom
794 903 38 21 det
848 903 83 28 grund-

177 936 114 28 läggande
311 938 272 29 undervisningsspräket
599 939 38 21 vid
653 938 91 22 landets
759 938 170 22 militärskola.*

248 972 13 21 I
269 975 95 19 motsats
372 974 77 21 härtill
460 974 133 21 framhöllos
605 974 62 21 såväl
675 974 40 22 vid
724 981 85 14 samma
817 974 114 27 föredrag-

176 1007 56 28 ning
241 1007 6 21 i
259 1007 103 22 Senaten
382 1016 48 14 som
440 1009 39 22 vid
490 1009 45 21 den
549 1012 34 18 ett
591 1011 24 20 år
625 1017 79 14 senare
711 1009 119 28 företagna
839 1009 92 28 slutliga

176 1043 174 29 omröstningen
367 1044 7 21 i
390 1045 93 22 ärendet
507 1045 112 22 särskilda
643 1045 195 28 omständigheter
857 1047 74 19 såsom

177 1078 50 21 skäl
243 1079 36 21 för
295 1081 34 20 ett
344 1079 94 22 fortsatt
454 1081 160 21 bibehållande
631 1081 26 21 af
670 1081 98 21 svenska
779 1081 92 28 språket
882 1087 49 14 som

176 1114 248 29 undervisningsspräk
447 1116 39 21 vid
509 1116 74 21 finska
607 1116 159 21 kadettkären.
797 1116 46 21 Det
863 1118 68 26 päpe-

176 1149 71 21 kades
264 1152 34 19 att
314 1150 27 22 de
358 1150 50 22 frän
425 1152 63 21 detta
504 1152 107 21 lärovärk
627 1152 171 21 utdimitterade
814 1151 116 22 officerare

176 1185 7 21 i
199 1185 125 22 allmänhet
339 1187 135 21 vederfarits
491 1188 87 21 hedern
594 1190 34 19 att
643 1188 84 21 räknas
739 1187 35 21 till
785 1188 69 20 rikets
866 1187 65 21 bästa

175 1220 207 30 officerspersonal.
414 1223 35 21 De
466 1223 180 29 beskyllningar,
663 1230 50 14 som
730 1223 81 21 riktats
827 1225 48 19 mot
890 1225 41 19 vär

176 1256 119 22 inhemska
318 1257 139 27 officerskär,
479 1266 54 14 vore
550 1259 88 21 mindre
655 1259 165 28 välgrundade,
836 1259 95 21 emedan

175 1292 28 21 de
219 1300 73 21 yngre
309 1293 133 22 officerarne
459 1295 57 27 egde
533 1294 134 29 fullkomlig
678 1294 118 28 färdighet
806 1296 34 20 att
850 1294 80 21 under-

175 1327 50 21 visa
239 1330 31 26 pä
285 1328 74 21 finska
376 1330 93 27 spräket
485 1333 59 18 samt
560 1332 34 19 att
610 1331 7 20 i
634 1330 119 28 samspräk
764 1330 52 21 med
827 1329 103 22 soldaten

175 1362 105 29 begagna
296 1364 132 21 detsamma.
456 1365 45 21 Det
518 1365 70 22 borde
605 1365 81 22 härvid
702 1365 20 28 ej
736 1365 86 21 lämnas
834 1373 27 13 ur
872 1365 58 21 sikte

175 1400 34 19 att
229 1401 72 20 större
318 1399 97 22 insikter
432 1400 7 21 i
456 1401 74 21 finska
546 1401 93 28 spräket
657 1401 125 22 erfordrats
798 1401 58 21 först
872 1400 58 21 efter

248 1447 106 18 Allmänna
365 1449 182 22 petitionsutskottets
560 1449 118 18 betänkande
691 1449 37 18 N:o
744 1449 29 18 22.
