1034 1656
199 132 14 19 4
350 130 280 23 Petitionsbetänkande
645 130 46 24 N:o
705 130 38 23 38.

238 195 115 23 Berörda
386 196 96 29 förslag
512 202 69 16 vann
609 196 138 22 emellertid
775 195 54 23 icke
857 195 70 23 Hans

171 229 141 31 Kejserliga
336 230 129 29 Majestäts
487 230 198 30 godkännande,
705 230 223 29 hufvudsakligast

171 264 107 23 emedan
296 265 166 29 skjutslegan,
481 271 41 16 om
535 265 58 22 dess
606 264 93 30 belopp
709 264 113 23 berodde
832 266 97 20 ensamt

171 299 26 22 af
215 299 43 22 det
276 300 80 22 större
374 299 60 23 eller
452 299 99 23 mindre
570 299 68 23 antal
656 306 129 22 personer,
801 305 54 16 som
867 305 62 16 vore

170 334 103 28 hugade
296 335 36 21 att
350 334 75 29 åtaga
444 334 40 29 sig
502 334 179 29 skjutsningen
699 334 33 28 på
751 333 176 29 entreprenad,

172 368 62 22 efter
254 368 32 22 all
305 368 160 23 sannolikhet
483 368 100 22 komme
603 370 36 20 att
656 368 151 29 uppdrifvas
821 368 27 22 så
859 368 68 29 högt,

172 404 36 21 att
231 402 109 23 trafiken
360 403 147 29 därigenom
526 402 84 23 blefve
629 403 8 22 i
656 402 130 30 betänklig
805 402 58 23 mån
881 402 48 22 för-

172 437 102 27 svårad,
302 437 134 23 hvarutom
462 437 111 29 mången
595 437 88 27 skulle,
709 437 8 22 i
736 437 83 22 stället
837 437 38 22 för
894 438 37 20 att

171 471 120 29 begagna
318 472 142 29 hållskjuts,
484 472 136 29 föredraga
646 473 36 21 att
705 472 84 22 skaffa
808 471 39 29 sig
865 471 64 23 fram

172 506 57 22 med
257 512 65 23 egna
350 506 60 22 eller
437 506 75 30 legda
535 506 95 27 hästar,
655 506 96 22 hvilket
770 506 76 22 äfven
864 505 66 23 hade

172 540 36 22 till
235 540 98 30 påföljd
356 542 36 21 att
410 542 211 28 entreprenörens
641 541 118 29 förtjenst
777 540 98 23 komme
895 541 36 21 att

172 575 114 22 minskas
312 575 45 22 och
381 576 64 22 hans
465 576 112 28 anspråk
595 576 8 22 i
623 575 119 23 afseende
761 575 14 22 å
795 574 136 30 skjutsnin-

172 616 63 22 gens
255 610 183 29 öfvertagande
457 610 80 22 blifva
557 610 43 22 allt
619 611 88 22 större.
736 610 12 22 I
767 609 82 23 stället
867 609 64 22 före-

173 644 68 29 slogs
269 644 8 22 i
304 644 49 22 den
380 644 165 29 proposition,
574 651 53 15 som
651 644 126 22 förelades
803 644 66 22 1867
890 643 41 22 års

173 678 111 27 ständer,
314 680 35 21 att
376 679 178 29 skyldigheten
584 680 35 22 att
641 679 102 29 deltaga
761 679 8 21 i
788 678 143 29 hållskjuts-

172 712 121 23 besväret
320 713 80 23 skulle
422 714 151 26 utsträckas,
598 714 92 28 skjuts-
709 713 46 23 och
773 712 159 30 gästgifveri-

173 747 145 29 hållningen
345 747 14 23 å
384 748 169 28 entreprenad
571 748 122 29 utbjudas
712 748 47 22 och
774 747 158 29 skjutslegan

173 781 85 29 höjas;
287 782 141 29 hvarjämte
447 782 191 29 propositionen
657 782 89 22 ställde
764 782 9 22 i
791 782 78 28 utsigt
888 782 43 25 att,

173 816 8 22 i
199 816 122 22 händelse
340 816 14 22 å
372 816 86 30 någon
476 818 40 21 ort
529 817 191 29 skjutsningens
733 815 198 23 handhafvande

174 856 91 23 genom
293 852 164 27 entreprenör
484 852 81 22 skulle
592 852 114 22 medföra
725 851 28 22 så
772 851 66 29 dryg
855 850 76 29 utgift

174 886 36 21 att
233 884 59 23 dess
314 885 148 23 fördelande
485 886 33 28 på
542 886 31 22 de
592 885 277 30 skjutsningsskyldige
887 884 44 23 be-

174 919 92 22 funnes
284 920 100 22 utöfver
403 920 68 22 hvad
491 920 82 29 billigt
591 927 61 15 vore
665 920 172 29 betungande,
851 919 80 23 sådan

174 955 40 21 ort
240 954 86 22 kunde
350 954 39 22 för
416 954 145 23 ändamålet
582 954 109 30 beviljas
709 954 115 29 lämpligt
841 954 90 22 under-

174 988 57 22 stöd
252 988 26 22 af
296 988 125 23 allmänna
440 989 89 22 medel.

245 1022 43 23 Uti
306 1023 42 22 sitt
366 1024 177 28 underdåniga
561 1030 60 15 svar
639 1023 34 28 på
691 1022 172 29 nyssberörda
876 1028 55 23 pro-

174 1056 110 29 position
307 1057 111 22 uttalade
442 1057 151 27 Ständerna,
618 1057 122 22 hurusom
759 1057 31 22 de
808 1056 54 23 icke
881 1058 50 21 tve-

175 1091 44 22 kat
242 1092 37 21 att
296 1091 133 23 framhålla
448 1092 42 22 det
508 1092 117 29 önskliga
644 1092 63 25 däri,
729 1092 35 21 att
781 1091 151 28 jordbruket

174 1125 78 22 måtte
271 1125 28 22 så
318 1127 70 21 snart
406 1133 54 15 som
477 1127 99 28 möjligt
588 1126 153 29 fullkomligt
752 1125 109 29 frigöras
875 1125 56 22 från

175 1159 93 29 skjuts-
286 1160 46 22 och
345 1161 378 29 gästgifverihållningstungan
733 1160 47 22 och
790 1159 141 23 kostnaden

174 1193 89 23 härför
289 1194 124 29 påläggas
436 1195 117 26 trafiken,
575 1195 167 29 hvarigenom
760 1194 39 27 de,
819 1201 54 15 som
891 1194 41 22 be-

175 1228 119 29 gagnade
304 1229 39 28 sig
354 1229 25 22 af
388 1229 265 30 skjutsinrättningen,
663 1229 161 22 uteslutande
833 1229 99 21 komme

176 1263 36 22 att
230 1263 112 22 drabbas
361 1263 27 22 af
404 1263 139 30 utgifterna
560 1264 40 23 för
618 1264 160 22 densammas
791 1263 140 22 underhåll.

175 1297 71 22 Dock
275 1297 111 23 erkände
415 1297 143 24 Ständerna
585 1298 80 23 tillika
693 1299 36 21 att
759 1304 31 16 en
814 1297 119 22 reform
916 1293 21 39 i

175 1331 85 22 denna
278 1331 113 30 riktning
409 1333 116 22 hvarken
543 1333 86 22 kunde
641 1333 8 22 i
662 1332 50 23 den
722 1333 127 21 närmaste
859 1331 74 22 fram-

175 1365 70 22 tiden
273 1367 161 28 genomföras
461 1369 61 20 utan
551 1367 83 22 alltför
653 1368 52 21 stor
724 1366 98 29 störing
839 1366 9 22 i
865 1366 68 22 kom-

175 1400 297 24 munikationsväsendet
499 1401 60 23 eller
582 1408 44 16 ens
649 1407 62 16 vore
733 1401 56 22 fullt
807 1400 127 23 öfverens-

176 1435 157 22 stämmande
354 1435 57 23 med
430 1436 42 22 det
490 1436 40 22 för
548 1436 69 22 tiden
635 1435 114 23 rådande
769 1435 165 29 åskådnings-

244 1483 50 23 Lag-
306 1483 32 18 och
350 1483 183 19 Ekonomiutskottets
549 1483 110 19 betänkande
672 1483 35 18 N:o
721 1484 16 17 6.
