1034 1653
810 132 26 19 13

114 189 26 22 af
153 192 118 24 9,000,000
288 189 71 28 mark,
375 197 49 14 som
440 192 25 19 är
476 189 76 22 afsedt
563 192 35 19 att
608 190 53 21 med
672 192 119 24 3,000,000
803 189 63 22 mark

114 225 88 29 årligen
225 225 51 21 från
299 225 114 21 allmänna
429 225 145 22 statsfonden
590 225 36 21 till
642 225 224 29 bevillningsfonden

115 260 133 27 öfverföras,
265 263 28 19 än
310 261 41 21 ock
368 261 43 21 den
428 261 142 21 sistnämnda
586 261 56 22 fond
658 261 96 29 tillagda
766 261 67 21 andel
844 260 26 22 af

115 297 223 25 brännvinsskatten,
349 299 116 25 1,980,000
474 297 74 26 mark;
560 297 119 22 äfvensom
690 300 34 19 att
735 297 36 21 till
783 304 84 14 samma

116 332 104 21 ändamål
243 332 77 21 vidare
344 332 89 21 anvisas
451 332 63 22 såväl
528 332 131 22 inkomsten
675 332 25 22 af
714 332 101 28 följande
831 332 36 21 be-

116 368 130 28 villningar,
261 367 116 29 nämligen
393 367 255 29 stämpelbevillningen
662 368 74 28 jämte
749 367 119 22 bevillnin-

116 411 71 21 garna
210 403 36 21 för
269 403 153 29 maltdrycker
446 404 42 21 och
513 404 102 28 spelkort
633 404 52 21 med
701 403 168 29 sammanlagdt

118 441 117 24 6,411,000
254 439 64 21 mark
334 446 48 14 som
399 440 42 20 ock
457 439 147 29 erforderligt
619 439 85 29 belopp
720 440 23 21 af
759 439 109 21 Finlands

117 475 78 21 Banks
220 474 34 22 för
277 475 140 21 närvarande
441 475 130 29 disponibla
591 476 143 26 vinstmedel,
752 474 117 22 eventuelt

118 511 58 21 ända
199 511 36 21 till
258 512 117 25 4,665,230
398 511 72 26 mark,
494 513 34 19 att
552 511 70 28 lyftas
646 511 8 21 i
671 514 61 18 rater
748 518 37 14 om
801 511 68 28 högst

120 549 116 23 1,560,000
253 547 63 21 mark
333 547 91 28 årligen.
449 546 42 22 Uti
507 547 97 21 berörda
620 546 120 22 skrifvelse
756 546 69 22 hafva
840 546 29 22 Vi

118 583 82 21 därhos
217 585 74 19 ansett
315 582 42 22 Oss
378 582 55 22 böra
448 582 8 21 i
472 583 183 28 underdånighet
671 583 81 26 uttala,
768 585 35 19 att
818 582 27 22 Vi
863 583 6 20 i

119 619 156 28 beräkningen
291 618 64 22 öfver
371 619 114 21 allmänna
507 618 156 22 statsfondens
687 619 124 28 tillgångar
835 619 34 21 för

119 655 44 20 den
179 655 127 20 stundande
327 654 197 28 budgetperioden
540 654 78 21 funnit
634 655 51 20 stöd
702 654 36 22 för
754 655 39 21 det
809 657 62 18 anta-

120 690 80 28 gande,
224 692 34 19 att
281 690 64 20 dessa
369 689 123 29 tillgångar
516 690 64 21 skola
604 697 54 14 vara
683 690 138 28 tillräckliga
837 692 34 19 att

120 725 67 21 äfven
204 726 72 20 under
291 725 43 21 den
351 724 132 29 påföljande
499 725 110 28 perioden
620 725 96 22 betäcka
727 734 28 12 en
766 726 105 28 betydlig

120 761 37 21 del
180 760 26 22 af
227 761 27 21 de
275 760 134 26 statsbehof,
425 768 49 14 som
491 764 39 18 äro
546 760 111 22 hänförda
674 761 34 21 till
725 761 146 28 bevillnings-

120 796 124 28 budgeten,
269 799 57 18 samt
349 799 34 18 att
406 796 29 21 Vi
459 797 52 21 med
536 796 119 22 tillförsikt
675 799 86 19 emotse
777 799 36 19 att
828 797 43 21 den

120 832 60 28 goda
202 832 127 21 finansiella
347 832 139 28 ställningen
503 832 58 22 skall
578 840 42 21 ega
635 832 117 29 varaktigt
768 832 103 26 bestånd,

121 870 24 19 så
161 867 69 22 framt
246 868 44 21 den
312 868 123 28 viktigaste
459 868 23 21 at
506 868 234 22 Storfurstendömets
763 868 109 22 inkomst-

121 904 80 25 källor,
225 904 141 26 tulltariffen,
391 903 18 29 ej
435 904 82 21 varder
540 904 154 22 underkastad
718 906 69 26 några
803 904 69 21 andra

121 940 166 28 förändringar,
311 942 28 18 än
360 940 90 25 sådana,
467 947 49 14 som
533 943 38 18 äro
588 940 104 28 lämpade
708 940 59 21 efter
783 940 89 21 landets

122 982 58 21 egna
203 975 147 21 ekonomiska
370 975 166 21 förhållanden.
569 975 48 21 Och
632 975 70 22 hafva
719 976 27 20 Vi
764 976 109 27 slutligen

121 1011 165 28 underdånigst
302 1011 113 23 hemstält,
433 1013 33 18 att
483 1011 64 21 Hans
559 1011 130 28 Kejserliga
700 1011 109 28 Majestät
819 1011 54 21 ville

121 1046 7 21 i
144 1047 70 20 nåder
230 1046 107 21 förordna
353 1053 35 14 om
405 1045 142 30 öfverföring
563 1047 35 20 till
615 1046 258 22 kommunikationsfon-

122 1082 44 21 den
190 1081 26 22 af
236 1084 75 26 någon
330 1082 36 21 del
382 1081 26 22 af
421 1082 39 21 det
477 1082 135 26 öfverskott,
630 1089 48 14 som
694 1083 72 20 under
783 1083 44 20 den
842 1082 31 21 in-

122 1118 87 28 gående
225 1117 182 29 finansperioden
423 1119 44 20 kan
484 1120 84 27 uppstå
584 1119 7 20 i
603 1118 113 21 allmänna
728 1118 145 21 statsfonden

122 1153 91 22 utöfver
228 1154 60 21 hvad
305 1161 47 14 som
369 1153 92 29 pröfvas
481 1161 54 14 vara
559 1153 35 22 för
616 1155 70 20 andra
710 1153 163 22 statsändamål

122 1189 117 28 behöfligt.

470 1251 28 20 32
515 1249 21 29 &.

194 1297 81 28 Enligt
297 1297 59 21 hvad
373 1297 28 21 Vi
417 1297 34 21 uti
468 1297 121 21 skrifvelse
605 1297 26 21 af
644 1297 44 21 den
704 1299 26 19 31
749 1297 126 28 nyssvikne

123 1332 45 28 Maj
194 1333 41 20 hos
259 1333 63 20 Hans
345 1333 130 28 Kejserliga
492 1333 108 28 Majestät
617 1333 6 20 i
640 1333 183 28 underdånighet
839 1340 37 13 an-

123 1367 63 26 mält,
202 1367 69 22 hafva
287 1368 36 25 Vi,
336 1369 6 20 i
355 1368 122 28 anledning
490 1368 26 21 af
524 1369 69 27 nådig
604 1368 143 28 proposition
758 1368 118 28 angående

123 1403 123 22 anvisande
271 1403 25 22 af
317 1403 73 22 medel
414 1403 35 21 till
469 1404 146 21 bestridande
632 1403 26 22 af
670 1403 154 22 kostnaderna
841 1403 35 21 för

123 1438 140 29 landtdagen
287 1441 23 19 år
335 1441 56 19 1900
415 1439 100 28 anslagit
536 1439 20 28 ej
583 1439 87 21 mindre
694 1447 27 13 en
746 1446 89 13 summa
854 1438 26 21 af
