1028 1659
193 116 13 20 2
344 114 76 22 Ständ.
437 115 46 22 Pet.
501 127 24 3 —
542 114 153 23 Petitionsbet.
712 114 38 23 N:o
765 114 34 22 40.

193 180 83 22 melser
291 180 97 22 rörande
404 181 142 21 arbetstiden
561 181 9 21 i
585 181 149 29 bageriyrket
750 184 38 18 äro
804 180 25 22 af
842 180 83 22 nöden,

262 214 70 23 Såväl
346 215 9 21 i
370 215 107 29 gällande
501 216 136 28 näringslag
657 223 49 14 som
722 216 8 20 i
746 214 166 29 förordningen
928 214 25 22 af

194 249 44 21 den
264 250 25 22 15
311 250 67 28 April
404 251 60 27 1889,
488 250 121 28 angående
631 250 75 29 skydd
728 250 37 21 för
780 250 104 21 arbetare
899 249 8 21 i
922 249 28 21 de

193 284 146 22 industriella
353 284 93 29 yrkena,
463 285 98 21 hänföra
582 285 36 29 sig
636 284 204 29 bestämningarna
854 283 96 23 rörande

194 319 141 21 arbetstiden
352 319 81 22 endast
447 320 38 21 till
500 320 58 21 barn
573 320 43 21 och
631 327 63 21 unga
708 326 116 22 personer.
840 318 110 22 Emeller-

194 353 34 21 tid
244 354 46 21 kan
306 353 40 22 det
360 354 51 22 icke
433 354 108 22 förnekas
564 356 34 20 att
619 354 74 29 yrken
710 354 42 21 och
767 353 183 29 industrigrenar

193 388 81 28 finnas,
299 388 41 22 där
362 389 69 21 äfven
454 388 45 22 den
515 388 122 22 fullvuxna
652 389 120 22 arbetaren
788 392 25 18 är
827 390 73 19 utsatt
914 388 36 21 för

194 423 150 28 olägenheter
359 423 68 29 iföljd
442 424 26 21 af
482 431 29 14 en
527 424 143 28 obegränsad
686 423 119 21 arbetstid.
835 422 42 22 Ett
888 423 25 21 af
922 422 28 22 de

193 457 80 29 yrken,
290 458 8 21 i
313 458 90 22 hvilket
418 458 86 22 sådana
519 458 113 30 tydligast
648 458 60 22 visat
724 458 42 28 sig,
775 461 24 18 är
806 457 143 29 bageriarbe-

193 494 98 20 tarenes.
321 492 12 22 I
348 493 224 29 petitionsförslaget
591 493 133 22 framhälles
740 492 109 22 hurusom
865 492 84 21 arbets-

194 526 131 30 ordningen
340 527 8 22 i
363 527 136 29 bagerierna
513 528 9 21 i
537 528 79 28 regeln
632 531 24 18 är
672 528 78 27 sädan,
767 529 33 19 att
815 526 88 22 arbetet
913 527 37 21 för

194 562 90 28 dygnet
298 562 106 28 vidtager
417 562 31 22 kl.
465 564 14 20 4
495 563 56 21 eller
565 564 14 21 5
594 563 30 28 pä
639 562 185 28 eftermiddagen
840 562 42 21 och
892 561 57 22 fort-

194 598 72 20 sättes
282 596 70 22 sedan
367 596 37 22 till
419 597 30 21 kl.
465 599 14 21 5
494 598 57 21 eller
573 599 6 20 6
595 598 29 28 pä
639 604 134 22 morgonen,
784 596 120 22 hvarutom
920 603 29 14 en

194 631 110 28 arbetare,
327 638 48 14 som
396 632 90 21 arbetat
501 639 37 14 om
553 634 87 26 natten,
656 632 47 21 kan
718 631 26 22 af
758 630 190 29 arbetsgifvaren,

193 669 42 18 när
258 666 74 21 denne
355 666 26 21 sä
402 666 37 22 för
461 666 58 29 godt
533 666 81 28 finner,
630 666 74 22 kallas
719 666 37 21 till
772 666 77 21 arbete
862 665 87 29 jemväl

194 708 37 14 om
247 700 81 29 dagen.
358 700 37 22 En
410 700 65 29 dylik
491 701 135 29 anordning,
643 708 49 14 som
704 701 118 28 själifallet
832 699 117 22 medförde

193 735 26 21 af
232 735 130 21 nattarbete
376 735 9 21 i
400 736 127 22 allmänhet
542 736 145 28 härflytande
707 735 171 29 olängenheter,
894 742 55 14 vore

192 770 37 21 för
250 770 201 28 bageriarbetaren
474 771 111 21 särskildt
607 770 170 29 ansträngande
799 769 67 29 iföljd
882 769 25 21 af
920 768 28 22 de

192 804 169 29 förhällanden,
376 804 133 23 hvarunder
523 806 89 21 arbetet
626 805 99 22 utöfvas.
746 805 45 21 Det
801 804 70 22 borde
886 807 62 18 näm-

191 840 65 28 ligen
272 840 167 28 ihägkommas,
456 842 35 20 att
513 840 120 22 arbetaren
649 840 63 22 säväl
728 840 74 21 under
817 839 84 29 själfva
916 846 32 14 ar-

191 874 65 21 betet
271 882 49 14 som
336 874 69 22 äfven
419 875 75 21 under
509 875 28 21 de
553 875 67 21 korta
634 874 161 22 hvilostunder
809 874 85 21 honom
904 873 42 21 för-

192 916 80 20 unnas,
289 909 8 21 i
312 910 80 28 regeln
407 909 120 22 oafbrutet
541 910 72 22 vistas
623 910 8 21 i
642 910 147 28 bageriernas
805 908 73 22 starkt
892 915 57 22 upp-

192 943 95 21 värmda
302 943 43 21 och
360 944 71 21 oftast
445 944 41 21 illa
501 944 143 22 ventilerade
660 943 172 27 arbetslokaler,
848 943 41 21 där
904 943 44 21 den

191 977 109 29 ständiga
315 978 160 29 inandningen
491 979 26 21 af
529 979 45 21 fint
588 979 118 29 mjölstoft
716 980 59 20 samt
786 978 44 21 den
839 977 110 29 plötsliga

191 1012 159 29 ofvergängen
372 1012 52 22 från
446 1013 66 22 hetta
534 1014 37 21 till
593 1014 55 21 köld
671 1013 110 22 inverkar
803 1012 98 28 menligt
919 1012 29 28 pä

191 1047 57 21 hans
264 1047 71 21 helsa.
351 1047 86 22 Vidare
453 1048 46 21 kan
515 1048 99 28 anföras,
623 1050 35 20 att
672 1046 176 30 ofvanantydda
862 1046 86 22 arbets-

191 1081 101 29 ordning
307 1081 82 22 verkar
402 1082 109 22 störande
519 1083 30 28 på
557 1083 131 21 arbetarens
698 1082 84 22 hemlif
787 1083 59 20 samt
854 1081 94 21 hindrar

190 1116 154 28 lärlingarnes
358 1116 72 22 besök
445 1117 9 21 i
469 1117 139 22 aftonskola.

258 1150 128 29 Angående
401 1151 153 22 förevarande
569 1152 67 28 fråga
650 1152 42 21 har
703 1151 139 28 visserligen
852 1158 28 14 ur
887 1150 60 29 prin-

189 1185 70 28 cipiel
282 1185 118 29 synpunkt
415 1186 95 28 anförts,
527 1188 34 19 att
577 1186 39 22 det
632 1186 20 29 ej
675 1193 56 14 vore
754 1186 50 21 skäl
826 1187 34 19 att
883 1185 65 21 stifta

189 1219 171 29 undantagslag
375 1220 36 22 för
426 1222 35 20 ett
477 1221 100 21 särskild
591 1221 63 29 yrke.
670 1221 55 21 Men
741 1220 82 22 härvid
838 1220 42 21 bör
889 1223 58 18 mär-

189 1254 47 27 kas,
246 1256 36 20 att
296 1262 52 14 man
364 1254 69 22 äfven
449 1256 8 20 i
473 1255 72 22 andra
559 1255 80 22 länder
650 1255 85 21 skridit
742 1254 37 22 till
787 1254 161 28 lagstifnings-

190 1288 108 29 åtgärder
312 1289 38 21 för
365 1292 35 19 att
415 1290 90 29 skydda
525 1291 134 21 arbetarene
674 1290 8 21 i
698 1289 155 29 bageriyrket,
870 1289 78 21 äfven-

188 1330 49 14 som
254 1325 35 19 att
304 1324 39 21 det
358 1324 8 21 i
381 1324 102 22 Finland
501 1324 100 30 tidigare
620 1326 89 20 ansetts
725 1324 107 29 lämpligt
847 1325 34 20 att
896 1323 52 21 med

189 1357 128 29 skyddslag
332 1358 93 29 ingripa
441 1359 8 21 i
464 1359 176 22 förhållandena
662 1359 100 21 emellan
779 1358 167 28 arbetsgifvare

187 1392 43 22 och
246 1392 112 22 arbetare.
388 1392 46 22 Vid
449 1394 82 20 sådant
550 1394 146 21 förhållande
710 1393 44 22 och
769 1393 29 21 då
810 1392 83 29 frågan
908 1399 37 14 om

186 1426 120 22 ordnande
329 1427 25 21 af
376 1427 65 22 tiden
463 1427 37 22 för
521 1428 177 28 bageriarbetet,
722 1426 108 23 särskildt
845 1426 52 22 med
912 1426 33 22 af-
