1025 1656
289 109 278 23 Petitionsbetänkande
583 110 40 22 N:o
639 110 36 22 81.

418 460 219 29 Lagutskottets
677 461 186 23 betänkande
875 471 3 2 -:

323 496 42 24 N:o
373 497 28 22 19
410 497 10 22 i
426 498 137 27 anledning
571 498 28 22 af
604 498 35 22 ett
644 498 41 22 till
690 497 172 28 Borgarestän-

324 533 42 22 det
388 533 139 23 inlemnadt
551 534 213 28 petitionsförslag
791 533 72 27 angä

324 568 63 23 ende
410 568 154 23 försvunnen
584 575 103 23 persons
702 568 161 24 förklarande

323 604 42 23 för
380 604 57 23 död.

217 664 178 24 (Borgareständet
408 675 22 2 —
442 665 206 19 Petitionsmemorial
661 666 35 17 N:o
710 664 37 24 72.)

181 718 94 28 Bilagda
294 719 219 27 petitionsmemorial
529 719 40 21 har
585 719 25 21 af
623 718 190 28 Borgareständet
827 717 37 23 för

109 754 161 22 förberedande
285 755 135 27 behandling
435 755 137 27 hänskjutits
587 755 36 21 till
639 754 164 28 Lagutskottet.

182 897 38 22 Uti
239 898 129 22 samhällets
384 898 96 22 intresse
499 898 73 28 ligger
587 900 34 20 att
637 898 38 22 det
691 898 109 27 tillstånd,
817 904 46 15 som

110 933 143 27 uppkommer
271 940 79 21 genom
366 936 34 20 att
417 941 27 15 en
461 941 81 21 person
558 941 27 15 en
602 935 78 27 längre
696 934 33 22 tid
744 934 60 22 varit
818 932 45 22 för-

111 975 106 22 svunnen,
241 970 50 22 icke
315 971 35 21 mä
366 971 85 21 tillåtas
473 970 96 22 fortfara
584 970 70 22 under
670 969 139 28 obegränsad
825 969 38 21 tid.

110 1004 40 22 Ett
174 1005 73 27 dylikt
269 1006 101 22 tillstånd
394 1009 26 19 är
438 1007 112 27 nämligen
567 1006 82 27 egnadt
665 1008 33 19 att
713 1005 152 22 åstadkomma

111 1046 27 16 en
153 1041 116 28 betänklig
287 1042 121 22 osäkerhet
426 1042 32 22 uti
475 1042 43 21 alla
533 1041 214 23 rättsförhällanden
763 1040 25 21 af
802 1040 62 22 säväl

110 1075 93 29 familje-
227 1083 45 16 som
295 1077 258 28 förmögenhetsrättslig
572 1080 72 25 natur,
661 1077 78 22 hvilka
754 1078 52 20 röra
821 1075 43 22 den

110 1111 127 24 försvunna.
267 1113 51 22 Med
341 1114 87 27 hänsyn
451 1114 78 21 härtill
552 1114 41 21 har
616 1113 33 22 uti
672 1112 113 23 särskilda
801 1111 64 22 främ-

110 1147 79 23 mande
204 1149 168 28 lagstiftningar
387 1150 96 21 utbildat
498 1150 35 27 sig
547 1152 34 19 ett
596 1149 154 24 rättsinstitut,
767 1154 46 15 som
824 1147 41 28 går

110 1186 25 19 ut
150 1183 29 27 pä
194 1186 33 20 att
245 1191 78 21 genom
339 1185 184 28 grundläggande
539 1185 25 21 af
577 1191 28 16 en
621 1184 91 27 rättslig
728 1183 137 28 presumtion

110 1225 34 15 om
168 1219 41 22 den
232 1219 133 24 försvunnes
389 1221 42 22 död
455 1221 98 28 aflägsna
573 1221 97 27 antydda
688 1219 121 22 osäkerhet
824 1218 40 22 och

110 1255 130 28 möjliggöra
255 1257 91 28 delning
362 1257 25 22 af
399 1257 55 22 hans
470 1258 28 21 bo
513 1257 94 22 emellan
623 1256 150 27 arfvingarna.
787 1267 23 3 —
824 1249 40 26 Äf-

110 1297 43 16 ven
177 1292 70 28 enligt
270 1293 42 22 den
332 1293 73 22 finska
420 1295 75 20 rätten
510 1293 75 22 kunna
601 1293 7 21 i
624 1293 61 22 vissa
700 1291 40 22 fall
756 1290 108 27 rättsfölj-

111 1327 39 22 der
165 1327 88 23 inträda
276 1328 70 28 deraf,
364 1331 32 19 att
412 1335 28 16 en
456 1335 81 21 person
558 1335 28 15 en
601 1328 78 27 längre
694 1327 35 22 tid
744 1326 59 23 varit
819 1325 44 22 för-

111 1369 106 16 svunnen.
248 1363 97 23 Sålunda
368 1365 44 21 kan
436 1365 29 26 pä
488 1364 72 28 grund
575 1363 25 22 af
617 1365 26 20 13
660 1363 50 27 kap.
728 1364 12 19 6
757 1362 13 29 &
786 1361 78 28 gifter-

111 1399 136 22 mälsbalken
264 1400 84 27 hustru,
365 1400 67 22 hvars
448 1400 64 22 make
528 1399 25 22 af
566 1399 65 28 giltig
647 1399 66 22 orsak
724 1397 96 28 begifvit
830 1396 36 27 sig

182 1448 128 23 Laguitskottets
322 1447 108 19 betänkande
442 1448 37 18 N:o
491 1448 29 18 19.
