1023 1656
169 124 88 15 samma
277 120 92 19 derefter
391 120 71 19 blifvit
476 119 92 20 utbredd
583 120 60 19 samt
657 119 87 20 utöfvat
759 119 121 25 inflytande
894 118 28 25 på

170 146 151 20 allmänheten
336 147 40 19 och
391 146 161 20 vederbörande
567 146 223 24 stadsmyndigheter.

242 174 53 19 1882
309 172 35 21 års
359 173 92 20 Ständer
464 172 102 25 åsyftade
581 174 50 19 med
646 174 35 19 sin
696 173 92 25 petition
803 174 34 18 att
850 172 24 20 få
888 172 33 20 till

170 198 65 22 stånd
254 205 28 15 en
303 200 33 20 för
357 200 43 20 alla
419 200 73 20 städer
510 200 8 20 i
533 200 92 20 Finland
639 205 130 19 gemensam
784 200 135 24 valordning.

169 226 150 25 Regeringens
341 226 135 26 ståndpunkt
496 227 7 19 i
525 226 77 25 frågan
624 232 39 14 var
681 227 98 19 deremot
798 232 27 14 en
840 232 80 19 annan,

169 254 25 24 ty
217 254 43 19 den
285 254 52 20 1885
359 253 36 21 års
420 254 105 24 landtdag
548 254 112 24 förelagda
684 253 79 25 nådiga
786 254 135 24 proposition

170 279 101 25 åsyftade
286 282 33 18 att
333 280 75 20 såsom
423 281 68 24 grund
507 281 34 19 för
555 281 42 19 den
612 281 103 24 politiska
725 280 125 20 röstskalan
866 280 55 20 bibe-

169 306 60 21 hålla
249 308 59 19 olika
331 308 60 19 antal
415 308 144 20 kommunala
579 308 120 19 skattören.
731 308 77 19 Denna
828 307 92 24 regerin-

169 339 56 19 gens
247 334 135 25 ståndpunkt
400 335 8 19 i
426 334 76 24 frågan
522 340 69 19 synes
609 334 94 20 derefter
722 334 72 20 blifvit
812 334 82 20 allmän
914 334 7 20 i

169 360 50 20 vårt
239 361 58 20 land.
325 361 56 20 Från
402 362 63 19 deras
486 362 53 24 sida,
555 362 75 19 hvilka
644 362 59 19 förut
716 360 28 26 på
758 361 36 19 det
809 361 111 20 varmaste

169 388 52 20 ifrat
235 388 34 20 för
283 394 27 14 en
325 394 129 18 gemensam
469 388 129 24 valordning
612 388 34 20 för
661 388 103 24 samtliga
774 388 79 24 städer,
864 388 56 19 med-

169 415 72 24 gifves
263 420 97 20 numera,
380 416 33 19 att
433 416 26 19 de
478 416 145 19 ekonomiska
642 414 166 21 förhållandena
822 416 40 18 och
878 417 42 17 sär-

170 442 68 19 skildt
252 442 234 20 lefnadskostnaderna
500 443 33 19 uti
548 443 70 19 större
633 442 74 20 städer
721 442 74 20 afvika
809 441 49 21 från
872 442 26 19 de
913 442 7 19 i

170 468 49 20 små
241 469 73 19 städer
334 468 94 20 rådande
450 468 25 20 så
496 469 128 24 väsentligt,
645 470 34 18 att
693 469 228 24 röstbegränsningar,

170 496 75 19 hvilka
260 496 32 19 uti
307 496 25 19 de
347 496 57 20 förra
419 498 36 18 äro
470 496 92 24 skäliga,
577 496 32 20 uti
624 496 26 20 de
665 501 77 15 senare
758 501 50 14 vore
819 501 26 14 en
857 498 63 22 ögon-

170 522 87 24 skenlig
279 523 111 19 orättvisa.
419 523 65 19 Detta
504 523 154 24 medgifvande
680 525 23 17 är
717 523 34 19 för
765 523 59 19 visso
840 522 80 24 egnadt

170 550 34 18 att
223 550 6 19 i
251 549 52 20 flere
324 550 118 20 afseenden
464 550 125 19 underlätta
611 550 32 20 ett
662 550 87 24 slutligt
768 550 110 19 ordnande
897 549 23 19 af

169 575 85 25 frågan.

181 610 4 4 :
242 603 42 20 Det
305 604 55 19 enda
381 604 48 19 skäl
447 604 33 19 för
503 602 152 21 bibehållande
677 604 23 19 af
720 604 41 19 den
777 602 143 21 kommunala

170 630 126 20 röstskalan
317 630 74 20 såsom
413 631 69 23 grund
501 631 34 19 för
549 631 42 19 den
606 631 104 24 politiska
724 631 119 19 rösträtten
858 630 61 20 torde

170 662 52 14 vara
236 657 103 24 fördelen,
354 658 34 18 att
402 658 41 19 den
459 658 82 19 olikhet
555 658 7 19 i
577 657 220 24 samhällsställning,
812 662 49 14 som
872 662 47 14 ena-

169 684 73 19 handa
263 684 176 24 inkomstbelopp
460 684 89 24 betinga
572 685 31 19 uti
625 684 58 20 olika
698 685 60 19 stora
772 684 79 24 städer,
868 684 51 19 deri-

170 715 81 19 genom
267 711 40 19 blir
321 711 99 19 beaktad.

242 737 48 20 Men
312 738 65 19 äfven
399 743 34 15 om
455 738 37 20 det
513 738 122 24 medgifves
654 738 34 19 att
702 738 218 23 omständigheterna

169 764 40 20 och
224 765 108 19 rättvisan
348 764 77 25 fordra,
440 766 33 18 att
487 765 141 19 skattörenas
638 765 82 19 storlek
731 766 23 18 är
765 764 58 20 olika
833 764 5 19 i
850 765 69 19 större

169 791 40 19 och
228 791 85 20 mindre
332 792 73 19 städer
420 792 40 20 och
474 792 88 19 dermed
578 792 65 19 äfven
658 792 41 19 den
715 791 103 25 politiska
832 796 87 19 census,

168 816 73 21 måste
257 818 36 20 det
307 818 54 20 dock
376 824 67 14 anses
457 824 52 14 vara
524 818 120 24 onaturligt
655 819 40 19 och
706 818 170 24 principvidrigt,
886 818 34 19 att

168 844 91 24 politisk
273 850 80 14 census
366 845 35 19 vid
411 846 34 18 val
457 845 33 19 till
500 844 185 25 Borgareståndet
694 845 71 19 direkt
779 846 24 18 är
812 844 106 20 beroende

169 871 23 19 af
206 871 134 20 skattörena.
369 872 46 19 Allt
431 872 104 20 eftersom
551 871 195 21 rådhusstämman
761 872 6 19 i
782 870 72 26 någon
870 871 48 19 stad

168 898 137 20 bestämmer
318 899 120 19 skattörets
453 899 88 24 storlek,
556 899 62 24 höjes
632 899 52 19 eller
699 899 81 19 sänkes
794 899 41 19 den
846 900 73 22 gräns-

169 924 59 25 linie,
251 930 47 15 som
320 926 74 24 skiljer
415 926 25 19 de
461 926 112 24 folklager,
593 926 75 19 hvilka
690 930 41 19 ega
751 926 97 22 rösträtt,
870 924 48 20 från

168 951 57 25 dem,
247 952 75 19 hvilka
349 952 70 20 sakna
447 952 74 20 sådan.
563 952 42 20 Och
631 957 86 15 samma
745 952 173 24 bestämmande,

168 977 69 21 hvarå
258 979 65 19 äfven
344 979 68 19 andra
433 982 27 17 än
480 980 145 19 ekonomiska
644 979 137 24 synpunkter
800 979 75 19 kunna
889 978 29 20 in-

168 1005 73 24 verka,
257 1006 78 19 ändrar
343 1006 50 19 med
403 1006 125 20 detsamma
535 1006 82 24 jemväl
627 1006 26 20 de
663 1006 155 24 medborgares
827 1005 92 20 röstetal

168 1031 41 20 och
235 1031 134 26 inflytande,,
395 1038 48 14 som
469 1033 73 19 blifvit
563 1033 103 19 ofvanom
688 1032 140 24 gränslinien,
851 1032 66 19 ehuru

167 1058 64 19 deras
248 1058 123 20 inkomster
384 1059 106 20 förblifvit
504 1059 115 20 desamma
634 1065 48 14 som
697 1059 64 20 förut.

240 1085 46 20 Den
310 1086 103 24 politiska
435 1087 120 18 rösträtten
582 1086 72 20 måste
676 1086 113 23 särskiljas
810 1084 48 21 från
882 1085 37 20 det

167 1112 125 24 onaturliga
313 1113 130 19 sambandet
464 1113 49 19 med
531 1113 134 20 skattörena.
693 1113 42 18 För
749 1113 71 18 denna
836 1112 82 24 viktiga

167 1134 173 54 medborgerliga
359 1140 105 23 rättighet
479 1139 72 20 måste
567 1140 90 19 beredas
672 1145 26 14 en
714 1139 70 24 säker,
799 1138 119 20 bestående

167 1170 78 19 grund.

239 1191 93 25 Sålänge
356 1193 41 19 den
420 1193 131 24 nuvarande,
573 1192 14 21 å
605 1193 182 24 förmögenheten
808 1192 110 24 grundade

167 1219 90 23 gradvis
271 1219 100 24 stigande
386 1220 124 19 röstskalan
526 1220 34 19 vid
577 1220 35 19 val
625 1220 33 19 till
668 1218 184 25 Borgareståndet
862 1219 56 20 bibe-

167 1244 77 25 hålles,
259 1246 72 19 fordra
345 1247 26 18 de
386 1247 54 24 skäl,
456 1252 48 14 som
518 1247 35 19 vid
563 1246 62 25 fråga
635 1252 36 14 om
682 1247 117 19 valcensus
810 1246 108 24 berördes,

166 1271 67 20 äfven
253 1273 33 19 att
300 1274 100 19 rösterna
415 1273 51 20 böra
480 1273 109 20 beräknas
604 1274 55 19 efter
674 1273 61 19 vissa
749 1273 169 23 stadigvarande

166 1299 177 24 inkomstbelopp
365 1301 40 18 och
427 1300 47 19 icke
496 1300 140 20 uteslutande
658 1300 55 19 efter
728 1299 107 20 vexlande
850 1299 68 20 skatt-

166 1327 59 18 ören.
259 1326 40 19 Det
318 1331 68 19 synes
405 1327 112 24 naturligt,
537 1328 34 18 att
589 1326 136 21 ätminstone
746 1331 86 14 samma
851 1325 67 20 ärsin-

166 1351 81 26 komst,
267 1352 38 20 tvä
323 1353 120 25 skattören,
459 1359 47 14 som
521 1353 34 20 för
570 1353 135 20 närvarande
721 1353 83 20 medför
822 1358 27 15 en
864 1354 53 23 röst,

165 1379 66 19 äfven
247 1379 110 20 fordrades
371 1380 34 19 för
419 1379 124 21 erhällande
558 1381 23 19 af
590 1385 27 15 en
628 1380 127 25 ytterligare
765 1381 52 18 röst.
832 1380 85 23 Högsta
