1020 1659
157 146 15 20 6
344 144 278 24 Petitionsbetänkande
639 146 41 22 N:o
696 144 38 23 68.

364 209 41 21 den
419 212 58 18 samt
491 209 106 21 särskildt
611 210 27 26 af
651 209 26 21 de
692 208 56 21 olika
763 211 103 24 systemen
875 208 44 28 för

364 244 166 20 kolonisationen
544 244 57 20 inom
615 243 188 28 kronojordarna;

433 278 110 21 huruvida
552 278 153 28 medgifvande
713 278 30 27 af
747 278 46 20 rätt
800 277 36 21 till
842 277 74 21 skatte-

365 312 40 28 köp
427 314 30 26 af
473 312 204 28 nybyggeshemman
698 312 58 20 visat
769 312 36 27 sig
818 311 99 27 medföra

367 347 105 21 missbruk
489 347 9 21 i
511 347 100 27 afseende
625 347 15 20 å
655 346 147 28 skogsvården
826 345 42 25 och,
884 352 33 13 om

367 381 26 20 så
409 388 50 14 vore
468 382 74 26 fallet,
558 381 75 21 kvilka
649 380 107 28 åtgärder
775 381 39 23 för
831 382 86 18 motver-

367 415 69 21 kande
446 416 30 27 af
482 415 63 21 dessa
552 415 105 21 missbruk
664 414 64 22 borde
738 414 102 28 vidtagas
847 422 8 16 ;
862 417 57 17 samt

433 450 109 21 huruvida
558 450 59 27 från
639 450 36 20 det
689 450 124 20 allmännas
824 448 49 22 sida
888 449 30 19 åt-

363 484 85 27 gärder
468 484 64 21 borde
554 484 102 27 vidtagas
671 484 45 27 för
737 486 34 18 att
784 484 40 24 för
836 483 82 27 ifråga-

367 518 98 22 varande
487 518 124 28 befolkning
628 518 124 21 underlätta
767 518 153 28 anskaffandet

367 554 30 26 af
413 556 46 25 eget
474 553 123 28 jordbruk;

299 612 112 26 äfvensom
432 614 33 18 att
487 611 63 21 Hans
568 611 125 27 Kejserliga
709 610 109 28 Majestät
831 610 10 21 i
853 610 67 20 sinom

229 645 35 21 tid
281 645 49 21 ville
345 645 90 27 vidtaga
450 645 26 21 de
496 645 110 27 åtgärder,
622 644 95 22 hvartill
728 644 103 21 komitöns
846 644 73 21 under-

230 679 92 27 sökning
345 679 38 21 och
403 680 68 23 derpå
488 680 117 26 grundade
627 679 127 21 uttalanden
775 679 145 27 tilläfventyrs

229 713 74 22 kunna
314 714 67 27 gifva
396 714 122 27 anledning.

230 881 10 20 I
256 881 41 21 den
313 881 85 27 slutliga
413 881 158 27 behandlingen
581 882 25 20 af
613 881 142 21 förevarande
766 881 79 21 ärende
856 881 63 21 hafva

162 914 92 28 deltagit
277 915 142 21 ordföranden
442 915 86 27 Nystén
544 919 55 17 samt
615 915 148 21 ledamöterne
778 915 98 21 Friherre
891 915 27 21 O.

163 949 88 26 Wrede,
274 949 34 27 Hj.
328 949 89 26 Schildt,
434 950 28 20 A.
478 950 142 27 Gripenberg,
637 950 111 26 Hedberg,
764 949 19 27 J.
800 949 34 21 W.
849 950 71 20 Rune-

161 983 61 27 berg,
247 983 104 26 Hannula,
377 984 120 27 Stigzelius,
520 984 52 25 Eck,
598 984 115 26 Vuolijoki,
739 983 115 21 Kakkinen
878 984 42 20 och

161 1017 131 21 Pietiläinen.

232 1080 135 28 Helsingfors
383 1081 42 21 den
442 1086 22 22 15
482 1081 40 27 maj
541 1082 60 26 1897.

276 1482 131 24 Helsingfors
420 1483 49 18 1897.
494 1482 129 24 Helsingfors
636 1482 177 24 Centraltryckeri.
