1034 1653
825 136 25 19 21

133 194 83 21 tillsatt
239 202 28 13 en
289 195 136 28 delegation,
449 195 123 21 bestående
595 194 26 21 af
634 202 28 13 en
678 195 97 20 medlem
791 194 42 21 och
849 195 33 19 tre

134 230 145 28 suppleanter
303 230 35 21 för
354 229 80 29 hvarje
451 230 67 21 stånd
534 230 51 21 med
602 230 105 28 uppdrag
724 231 34 20 att
774 229 59 22 intill
849 231 34 19 ut-

133 267 90 26 gången
239 265 26 21 af
277 267 24 19 år
318 267 57 19 1900
391 265 73 28 enligt
480 265 26 22 af
519 265 42 22 Oss
575 265 119 22 bestämda
706 265 98 29 grunder
814 264 69 21 hand-

133 301 69 21 hafva
225 301 85 21 vården
334 301 26 21 af
377 301 27 21 de
421 301 121 21 Antellska
559 301 153 28 samlingarna
728 301 42 20 och
786 299 97 22 använd-

133 336 85 28 ningen
238 336 26 21 af
276 336 155 22 räntemedlen
448 344 27 13 ur
491 336 70 28 sagda
576 336 56 21 fond
648 338 59 19 samt
723 336 7 20 i
747 335 70 29 öfrigt
832 334 51 22 tull-

134 374 54 26 göra
212 372 26 21 de
261 372 143 28 åligganden,
429 379 48 14 som
501 372 145 21 omförmälas
670 372 7 20 i
700 379 29 13 en
751 371 26 21 af
790 370 42 22 Oss
848 370 35 22 för

134 408 157 27 delegationen
307 408 106 20 faststäld
429 408 146 26 instruktion,
590 408 72 28 jämte
679 408 39 20 det
733 407 29 21 Vi
779 406 34 22 för
831 408 52 19 åren

136 445 145 19 1898—1900
305 442 26 22 af
351 443 230 28 bevillningsmedlen
597 442 99 29 anslagit
712 444 34 20 ett
761 442 83 28 belopp
861 441 25 21 af

136 480 78 24 15,000
237 479 63 21 mark
323 480 35 20 att
373 478 26 22 af
413 478 159 29 delegationen
588 481 60 19 emot
664 477 219 29 redovisningsskyl-

134 514 80 28 dighet
237 514 114 21 användas
375 514 35 21 till
434 514 27 21 de
485 514 103 28 utgifter,
608 521 48 14 som
673 514 26 21 af
712 514 51 21 dess
779 513 104 29 uppdrag

134 549 134 22 föranledas.
301 550 83 21 Tillika
402 550 69 21 hafva
486 550 29 21 Vi
532 550 40 21 hos
589 550 63 20 Hans
668 549 131 29 Kejserliga
814 548 69 28 Maje-

134 587 46 19 stät
204 586 85 21 anmält
311 586 78 21 hvilka
412 593 108 21 personer
544 585 77 22 blifvit
644 585 36 22 till
701 585 124 22 ledamöter
842 584 42 21 och

134 621 147 28 suppleanter
303 622 8 20 i
334 622 99 21 nämnda
456 621 130 28 delegation
607 621 103 26 utsedda,
727 620 157 22 hvarförutom

135 656 97 21 särskild
248 657 119 21 skrifvelse
383 657 7 20 i
406 660 77 18 ämnet
499 657 73 28 afgått
587 657 35 20 till
633 657 104 21 bemälda
748 655 134 29 delegation.

477 729 28 19 43
522 728 20 28 8.

206 774 75 22 Sedan
304 775 44 21 den
371 774 36 22 för
431 774 121 22 utförande
574 774 26 22 af
612 775 171 21 ständerhusets
799 774 85 29 gafvel-

135 818 75 20 grupp
234 810 94 21 tillsatta
349 810 126 28 bestyrelse
492 810 35 22 till
544 810 41 22 Oss
602 810 92 28 afgifvit
710 810 121 22 berättelse
848 817 35 14 om

135 846 34 20 sin
192 846 151 26 verksamhet,
368 846 69 21 hafva
460 846 29 21 Vi
509 846 94 22 beslutit
618 846 50 21 icke
684 846 97 21 allenast
796 848 34 19 att
846 846 38 21 det

135 881 35 21 för
193 881 130 22 utförandet
339 882 26 21 af
378 882 70 28 sagda
464 882 152 28 gafvelgrupp
632 882 70 21 redan
720 882 111 28 beviljade
848 889 36 13 an-

135 917 49 28 slag
208 916 26 22 af
248 919 79 24 37,200
343 918 64 21 mark
424 918 59 20 skall
498 917 65 29 höjas
580 917 35 21 till
632 919 79 24 54,800
728 917 63 21 mark
808 916 75 22 äfven-

135 959 47 14 som
200 952 102 29 anslaget
314 952 35 22 för
360 953 161 21 konstverkets
532 953 139 28 inpackning
682 953 42 21 och
736 952 148 28 försändning

134 987 35 21 till
185 988 261 28 uppställningsplatsen
462 988 55 21 ökas
534 988 50 21 från
600 990 66 23 4,000
682 988 35 21 till
735 990 65 23 6,000
819 988 64 20 mark

134 1025 58 19 samt
208 1025 34 19 att
257 1023 36 22 för
309 1023 130 22 ändamålet
449 1023 86 28 bevilja
546 1025 33 19 ett
590 1023 193 28 tillskottsanslag
793 1023 26 21 af
829 1030 55 14 sam-

134 1059 118 28 manlagdt
269 1061 78 24 19,600
363 1059 72 26 mark,
452 1062 55 18 utan
518 1059 68 21 äfven
597 1061 34 19 att
642 1059 51 21 med
704 1059 180 21 bestämmandet

134 1094 26 21 af
180 1095 126 20 materialet
329 1094 36 22 för
387 1095 171 20 ständerhusets
575 1094 153 29 gafvelgrupp
745 1094 58 21 skall
819 1095 65 20 anstå

134 1130 35 21 till
185 1132 65 19 nästa
265 1130 116 28 landtdag.
413 1130 43 21 Om
473 1131 63 21 detta
551 1130 57 21 Vårt
624 1130 82 26 beslut,
724 1132 59 19 samt
799 1132 34 19 att
849 1129 35 22 be-

133 1165 67 21 rörda
225 1165 191 28 tillskottsanslag
439 1166 91 21 komme
557 1168 34 19 att
612 1166 39 21 vid
674 1165 210 22 förstinstundande

134 1201 109 28 landtdag
265 1201 8 20 i
296 1201 257 28 bevillningsbudgeten
576 1204 121 25 upptagas,
721 1200 68 22 hafva
808 1200 26 21 Vi
851 1201 33 20 uti

134 1236 145 28 underdänig
301 1236 119 21 skrifvelse
437 1236 23 21 af
476 1237 44 20 den
537 1239 27 18 25
582 1237 102 20 sistlidne
701 1236 45 29 Maj
764 1237 41 20 hos
821 1236 64 20 Hans

133 1271 130 28 Kejserliga
277 1271 109 29 Majestät
398 1273 93 25 anmält,
500 1272 72 28 jämte
584 1273 39 20 dot
635 1272 50 21 bref
696 1273 6 20 i
714 1274 77 19 ämnet
801 1271 84 21 aflätits

134 1308 35 20 till
186 1308 149 21 omförmälda
351 1308 133 28 bestyrelse.

476 1357 29 19 44
522 1355 20 28 8.

203 1403 13 20 I
240 1403 122 28 anledning
378 1403 27 21 af
417 1406 34 19 ett
466 1404 62 21 inom
544 1405 194 27 Borgareståndet
754 1404 131 21 framstäldt

132 1438 186 29 motionsförslag
341 1439 69 21 hafva
433 1439 31 21 Vi
483 1440 89 27 antagit
588 1447 28 14 en
632 1439 140 28 förordning,
789 1439 96 21 innefat-
