1039 1656
200 127 12 20 6
387 127 237 23 Petitionsbetänkande
641 127 35 23 N:o
693 128 35 22 37.

170 198 101 22 anstalter
292 198 33 22 för
347 198 77 28 sedligt
440 198 135 21 vanvårdade
594 198 41 21 och
651 198 115 22 vanartade
782 198 59 22 barn.
872 198 50 22 Men

171 234 26 22 då
212 234 139 28 framgången
375 234 21 21 af
419 234 139 22 anstalternas
580 234 133 22 verksamhet
728 234 7 20 i
751 234 103 28 väsentlig
870 235 52 27 grad

170 270 66 22 måste
252 270 67 21 blifva
334 270 107 22 beroende
458 270 21 21 af
494 276 27 15 en
538 270 167 28 ändamålsenlig
721 270 143 28 organisation
881 271 40 21 och

170 306 130 28 planmässig
323 307 54 21 samt
398 306 27 28 på
448 306 120 22 erfarenhet
588 306 47 21 från
656 306 111 21 enahanda
782 306 140 28 inrättningar

169 343 8 21 i
193 342 96 22 utlandet
312 342 97 28 grundad
432 342 93 28 ledning,
547 342 38 21 har
601 342 36 22 det
652 343 60 26 synts
728 342 102 22 utskottet
844 342 77 22 vansk-

170 379 44 27 ligt,
230 380 31 20 att
284 378 86 22 förorda
392 379 30 20 ett
438 378 132 21 omedelbart
585 378 119 22 inrättande
720 378 21 20 af
757 378 72 27 dylika
844 378 77 22 anstal-

170 416 37 20 ter.
238 414 94 28 Frågans
348 414 60 28 djupt
431 414 125 28 ingripande
572 414 110 27 betydelse
698 415 54 20 samt
768 414 25 21 de
808 414 47 22 icke
871 414 50 22 obe-

171 451 81 27 tydliga
268 450 112 22 finansiela
403 450 155 28 uppoffringar,
582 456 46 16 som
644 450 91 22 tankens
750 450 171 28 förverkligande

171 486 84 22 komme
279 488 30 20 att
330 486 114 28 föranleda,
468 486 62 21 hafva
546 486 87 22 fastmer
648 486 50 21 bort
712 487 52 27 göra
780 486 34 21 det
830 486 92 28 önskligt

170 524 29 20 att
215 522 114 28 grundliga
344 522 153 22 förberedande
513 522 185 28 undersökningar
708 528 78 22 genom
798 522 68 22 dertill
878 523 43 21 sär-

169 559 64 21 skildt
248 558 101 28 lämpliga
371 565 102 21 personer
493 559 85 21 komma
594 559 31 21 till
641 558 117 22 utförande.
790 558 45 21 Och
851 558 71 21 härför

170 595 53 21 talar
238 595 7 21 i
262 595 43 21 viss
320 601 51 15 mon
387 595 63 21 äfven
467 595 41 21 den
524 595 190 28 omständigheten,
730 595 30 20 att
770 595 77 21 tvenne
858 594 7 21 i
876 594 44 21 lan-

170 631 35 21 det
221 631 129 27 förefintliga
365 631 247 28 uppfostringsanstalter
627 632 33 20 för
670 630 135 22 vanvårdade
818 630 40 22 och
870 636 50 14 van-

169 667 72 21 artade
272 667 59 26 barn,
354 667 72 27 Käyrä
448 667 78 21 anstalt
551 667 58 21 inom
634 660 49 28 Åbo
710 666 40 22 och
778 666 142 28 Björneborgs

169 704 55 20 samt
239 703 99 28 Nygårds
354 703 52 22 eller
428 703 93 28 Kylliälä
539 703 78 22 anstalt
632 703 59 21 inom
707 702 93 28 Viborgs
815 702 41 28 län,
872 702 48 22 med

169 740 84 26 hänsyn
269 740 31 20 till
317 740 61 21 deras
400 740 150 27 organisation,
566 739 110 22 befunnits
692 745 50 15 vara
758 738 82 22 mindre
856 738 64 21 ända-

169 775 131 28 målsenliga,
323 775 86 21 hvarför
430 775 58 28 fråga
512 782 34 14 om
571 776 61 21 deras
652 774 124 28 förändring
792 774 62 22 äfven
870 776 23 19 är
908 774 12 21 å

169 810 60 22 bane.

241 848 57 20 Utan
314 849 30 20 att
361 848 49 28 vilja
426 848 27 28 gå
468 848 6 20 i
491 848 64 28 något
571 848 133 21 bedömande
721 847 21 21 af
754 848 61 20 sättet
825 847 33 21 för
868 853 52 21 upp-
945 865 2 2 .

168 883 95 28 görande
285 884 20 20 af
329 890 26 15 en
378 890 123 22 gemensam
524 884 50 28 plan
590 884 32 21 för
637 884 108 27 behöfliga
760 890 43 20 nya
814 882 106 28 anstalter,

168 920 39 20 har
222 920 103 21 utskottet
341 920 65 21 likväl
422 922 69 20 ansett
506 921 32 27 sig
554 920 73 21 kunna
646 920 72 27 uttala,
734 920 30 20 att
780 919 56 21 olika
852 918 68 22 ålders

168 955 121 28 kategorier
312 956 39 21 och
375 956 42 21 kön
441 956 66 22 borde
535 956 85 28 betinga
642 956 94 21 barnens
751 954 119 28 fördelning
894 954 27 28 på

168 991 69 21 skilda
253 992 146 28 inrättningar,
422 993 116 27 hvarjemte
554 993 32 27 de,
602 992 72 21 hvilka
697 992 45 21 afse
764 990 157 28 emottagandet

169 1028 21 20 af
206 1028 104 27 alumner,
331 1034 46 15 som
393 1028 71 21 blifvit
478 1029 22 20 af
516 1028 91 21 domstol
624 1028 77 21 dömda
717 1028 31 20 att
762 1026 67 22 hållas
844 1026 7 21 i
867 1033 53 20 upp-

167 1063 185 28 fostringsanstalt,
369 1071 65 21 synas
450 1064 51 21 böra
517 1065 82 20 ensamt
614 1064 22 21 af
651 1065 69 20 staten
731 1063 87 21 inrättas
829 1062 41 21 och
880 1069 40 14 un-

167 1099 112 28 derhällas,
297 1099 78 22 medan
386 1100 141 28 uppkomsten
540 1101 39 20 och
591 1100 115 28 ledningen
716 1099 20 21 af
745 1099 25 22 de
779 1099 67 21 andra
853 1099 67 21 borde

167 1135 74 21 kunna
257 1135 66 22 blifva
338 1136 86 21 föremål
442 1136 77 27 jemväl
542 1136 32 21 för
590 1136 167 21 kommunernas
773 1135 39 22 och
829 1135 41 22 den
886 1141 34 15 en-

167 1171 68 21 skilda
263 1171 175 28 välgörenhetens
469 1179 91 20 omsorg,
588 1172 86 21 hvilken
696 1173 69 20 staten
786 1171 7 21 i
815 1171 35 21 sitt
873 1172 48 27 eget

166 1207 91 21 intresse
273 1207 54 22 hade
343 1209 30 20 att
388 1209 135 26 uppmuntra,
538 1208 70 21 under
618 1207 103 22 förbehåll
732 1209 30 19 att
773 1207 21 21 få
803 1207 117 22 bestämma

166 1243 141 22 anstalternas
331 1244 206 27 organisationsplan
557 1244 39 21 och
618 1243 116 22 öfvervaka
749 1243 61 22 deras
825 1243 93 28 ledning.

238 1279 50 21 Med
304 1279 47 21 stöd
367 1279 21 21 af
403 1280 57 21 hvad
475 1279 103 22 utskottet
593 1279 6 21 i
616 1279 132 22 förestående
760 1279 65 21 måtto
842 1279 76 25 anfört,

166 1314 32 21 får
214 1315 103 21 utskottet
332 1315 109 22 vördsamt
456 1315 87 22 föreslå:

454 1353 31 20 att
509 1352 83 21 landets
617 1351 117 28 höglofliga
758 1351 95 21 Ständer
869 1351 50 20 ville

382 1387 38 21 hos
437 1387 63 21 Hans
517 1387 120 28 Kejserliga
653 1387 105 28 Majestät
771 1389 53 26 göra
840 1387 79 20 under-

381 1423 67 28 dånig
465 1423 171 28 framställning,
661 1424 73 20 derom

237 1464 208 19 Ekonomiutskottets
460 1464 125 19 betänkande
598 1464 37 18 N:o
648 1464 31 18 17.
