1006 1656
202 107 12 18 6

172 172 109 26 afhjälpas.
313 172 38 20 'Till
372 178 79 14 samma
471 173 82 19 slutsats
569 173 92 19 kommer
676 178 55 18 man,
749 172 61 20 äfven
827 178 32 14 om
875 178 47 14 man

172 208 33 14 ser
229 202 65 20 saken
316 208 24 14 ur
364 202 124 20 folkskolans
511 202 95 26 synpukt.
643 202 40 20 Vår
704 202 101 20 folkskola
823 203 23 19 är
861 202 18 26 ej
897 208 25 14 en

172 232 57 20 skola
246 232 23 20 af
278 232 63 20 andra
354 232 84 25 graden,
451 238 25 14 en
487 232 57 20 skola
555 232 31 20 för
595 232 25 20 de
629 233 59 25 lägre
699 232 222 24 samhällssklasserna,

172 264 46 18 utan
239 262 40 20 den
300 263 22 19 är
338 262 45 20 från
399 262 71 25 början
486 262 72 20 afsedd
574 264 29 18 att
617 263 74 25 utgöra
706 268 25 14 en
748 262 65 26 grund
829 262 32 20 för
876 263 47 19 hela

172 292 39 20 den
227 292 65 25 högre
306 292 164 26 medborgerliga
485 292 124 25 bildningen.
633 292 71 20 Redan
721 292 43 20 Uno
781 292 102 26 Cygnus
893 294 30 18 ut-

172 322 67 20 talade
256 322 32 25 sig
303 322 27 25 på
345 322 90 25 följande
451 323 48 19 sätt:

246 352 135 23 »Folkskolan
408 364 17 2 —
448 364 21 2 —
490 363 21 3 —
533 364 22 2 —
577 364 25 2 —
620 353 59 24 utgör
695 352 39 20 den
745 352 64 19 första
820 352 103 20 allmänna

172 382 259 25 undervisningsanstalten
447 382 31 20 för
493 382 48 20 hela
556 382 68 20 folket.
657 382 45 20 Den
717 382 36 20 bör
769 388 51 13 vara
835 382 88 20 samhäl-

172 412 38 19 lets
233 412 132 23 bottenskola,
387 412 44 20 däri
451 412 40 20 alla
512 412 55 24 barn,
590 412 51 20 bäde
657 412 54 25 höga
727 412 37 20 och
779 412 55 25 läga,
851 412 72 25 fattiga

173 442 37 20 och
234 442 51 23 rika,
309 442 134 20 tillsammans
467 442 77 20 erhälla
567 442 40 20 den
623 442 64 19 första
703 442 220 25 skolundervisningen

172 472 38 19 och
226 472 46 19 sina
287 472 63 20 första
365 472 90 25 begrepp
471 478 32 14 om
519 472 116 25 lagbunden
651 472 87 25 ordning
754 474 53 17 samt
822 472 59 19 hvari
897 472 25 19 de

172 502 29 19 till
217 502 52 19 först
284 502 57 19 skola
356 502 43 20 lära
415 502 32 25 sig
463 502 56 25 tygla
535 502 31 19 sin
583 502 129 25 själfviskhet
727 508 74 19 genom
812 502 111 24 umgänget

172 532 47 19 med
239 532 109 19 kamrater.
380 532 71 20 Säsom
473 532 117 20 samhällets
611 532 126 19 bottenskola
758 532 36 19 bör
809 532 114 19 folkskolan

173 562 62 20 äfven
258 563 71 24 utgöra
353 567 25 14 en
398 562 94 25 naturlig,
509 568 120 19 gemensam
649 562 148 19 förberedande
812 562 112 24 inrättning

172 592 32 19 för
220 592 72 24 hvarje
308 592 56 22 barn,
381 598 43 13 som
441 592 60 19 söker
516 592 79 19 inträde
611 592 29 19 till
651 592 67 24 öfriga
729 592 194 24 läroinrättningar
912 588 14 32 i

172 622 81 19 landet”
720 634 13 1 —

245 652 117 19 Detsamma
378 652 77 25 åsyftar
471 652 37 19 vår
523 652 86 25 skollag.
635 652 70 19 Redan
721 652 6 19 i
745 652 9 19 1
773 652 10 24 &
795 652 23 18 af
827 651 92 20 Skolord-

172 682 77 24 ningen
270 682 30 19 för
322 682 38 19 den
383 682 12 19 8
411 682 86 24 Augusti
519 682 56 19 1872
592 682 61 24 säges
670 683 28 18 att
716 681 185 25 ,undervisningen
916 681 7 19 i

172 712 98 19 Finlands
297 712 102 19 allmänna
424 712 206 19 elementarläroverk
656 711 117 20 förutsätter
799 711 125 19 folkskolans

173 742 151 19 värksamhet.*
357 741 60 19 Detta
435 742 75 19 önskar
526 742 37 19 och
579 742 79 19 fordrar
674 742 95 24 slutligen
785 742 94 24 enträget
894 741 30 19 äf-

174 777 40 14 ven
230 772 40 18 den
286 772 102 18 allmänna
403 772 106 24 opinionen
526 772 7 18 i
548 772 48 18 vida
612 772 85 18 kretsar.

245 801 31 19 En
296 801 119 25 förändring
435 802 6 18 i
463 802 66 19 denna
544 802 90 24 riktning
649 806 50 14 vore
714 801 29 19 till
759 801 65 19 fördel
841 800 17 26 ej
876 801 49 19 alle-

174 832 46 18 nast
240 831 32 19 för
288 830 73 20 folkets
377 831 59 23 barn;
453 832 89 24 mången
558 831 129 25 tjänsteman,
705 831 119 25 isynnerhet
839 831 27 24 på
881 831 43 19 lan-

174 861 40 23 det,
235 861 65 19 skulle
321 861 115 25 säkerligen
457 862 52 18 sätta
530 861 45 19 sina
595 861 49 19 barn
660 861 6 19 i
683 861 113 19 folkskolan
812 860 31 20 för
859 862 28 18 att
903 860 22 19 få

174 890 56 20 hålla
254 891 46 19 dem
322 891 47 19 hem
391 891 23 19 så
435 891 60 25 länge
516 896 44 14 som
581 891 84 25 möjligt.
698 890 43 20 Och
762 890 54 20 detta
831 896 50 14 vore
897 891 27 18 ett

174 922 43 24 nytt
242 920 158 26 föreningsband
420 921 75 19 mellan
515 921 210 23 samhällsklasserna,
748 920 36 20 och
805 920 119 25 därigenom

173 950 82 20 komme
278 950 7 20 i
305 950 57 25 långt
382 951 64 24 högre
467 951 50 25 grad
537 951 40 19 alla
592 951 189 19 samhällsklassers
796 950 128 25 bevågenhet

177 980 38 20 och
231 980 87 20 intresse
333 980 46 20 hela
396 980 238 21 folkskoleinstitutionen
650 981 29 19 till
695 980 38 20 del.

245 1010 47 19 Men
315 1010 40 20 alla
379 1010 95 25 åtgärder
497 1010 6 20 i
527 1010 67 20 denna
616 1010 89 25 riktning
721 1011 36 18 äro
773 1010 151 24 ofullständiga,

174 1039 72 20 såvida
267 1039 45 20 icke
328 1040 78 25 hänsyn
422 1040 27 25 på
465 1045 79 14 samma
559 1040 56 25 gång
630 1042 59 23 tages
705 1040 29 19 till
750 1045 25 14 en
792 1045 67 13 annan
878 1045 47 19 syn-

173 1069 94 25 nerligen
287 1069 102 25 betänklig
411 1070 154 25 omständighet.
597 1069 28 20 Af
645 1070 37 19 vår
697 1069 58 20 lärda
771 1069 68 19 skolas
855 1069 70 19 elever

174 1099 86 20 tröttnar
281 1099 95 25 mången,
396 1099 118 25 isynnerhet
529 1100 60 19 bland
605 1099 73 20 folkets
694 1099 57 23 barn,
767 1099 26 25 på
809 1099 39 19 den
863 1099 62 24 långa

174 1129 68 25 vägen
266 1129 28 19 till
315 1129 64 25 högre
400 1129 97 25 bildning,
513 1125 62 24 innan
593 1129 40 20 han
649 1129 70 20 hunnit
735 1129 59 19 fram.
825 1128 48 20 Man
888 1128 37 19 har

173 1158 146 26 offentliggjort
342 1159 142 25 beräkningar,
509 1159 62 25 enligt
590 1159 69 20 hvilka
675 1159 72 19 endast
762 1158 126 25 tredjedelen
904 1157 24 20 af

173 1189 107 24 lyceernas
306 1189 68 19 elever
401 1189 26 19 nä
450 1189 52 19 fram
523 1189 28 19 till
575 1189 33 19 det
624 1189 97 19 föresatta
744 1189 68 22 målet,
837 1188 88 19 student-

176 1224 94 13 examen.

245 1248 29 19 Af
292 1248 54 19 detta
362 1248 43 19 skäl
422 1248 37 19 har
477 1254 48 13 man
541 1248 62 19 äfven
618 1250 81 17 motsatt
715 1248 32 25 sig
767 1249 28 18 att
811 1247 114 20 folkskolan

174 1277 65 20 skulle
262 1279 60 24 göras
338 1278 29 19 till
383 1284 25 13 en
424 1278 131 19 bottenskola.
588 1278 46 19 Man
650 1278 63 19 borde
728 1277 103 25 nämligen
847 1277 27 25 ej,
890 1277 35 19 he-

172 1311 32 16 ter
226 1307 40 24 det,
287 1307 58 20 locka
361 1307 72 20 folkets
450 1308 49 19 barn
515 1308 20 19 in
551 1308 26 25 pä
593 1313 25 14 en
634 1308 53 19 bana
703 1313 43 14 som
763 1307 25 20 de
805 1307 64 20 sakna
885 1307 40 18 för-

172 1337 64 25 måga
252 1340 28 17 att
296 1337 93 25 fullfölja,
406 1338 37 19 och
459 1338 26 25 pä
501 1338 55 19 detta
571 1338 40 19 sätt
627 1338 74 19 utsätta
717 1338 46 18 dem
780 1337 31 19 för
827 1337 59 19 faran
897 1338 29 17 att

173 1367 64 19 blifva
253 1367 97 25 odugliga
365 1367 28 20 till
410 1368 58 19 såväl
483 1367 132 20 intellektuelt
631 1373 44 14 som
692 1367 112 25 kroppsligt
820 1367 74 18 arbete.
