1036 1656
281 131 279 23 Petitionsbetänkande
575 132 43 23 N:o
634 132 39 23 36.
840 134 15 20 9

165 195 186 21 Vidkommande
367 195 173 27 bestämningen
556 198 32 18 att
604 195 168 27 folkhögskola,
785 195 68 21 äfven

97 236 38 14 om
162 229 43 21 den
228 229 90 21 arbetar
340 229 7 21 i
370 229 103 27 praktisk
491 229 107 27 riktning,
615 230 151 27 uttryckligen
781 229 72 21 borde

96 263 74 21 kallas
195 263 172 21 »landtmanna-
389 264 54 20 eller
461 264 205 20 husmoderskola»
683 264 35 20 för
733 266 32 18 att
781 263 72 21 undfå

97 297 201 25 statssubvention,
314 298 62 20 hålla
391 297 23 21 vi
429 298 48 20 före
489 300 38 24 att,
538 298 30 20 då
576 298 25 26 ju
613 298 38 20 vid
663 298 118 21 ansökans
793 297 62 27 pröf-

96 331 55 27 ning
174 331 94 21 skolans
292 331 103 27 läroplan
409 331 87 27 jämväl
512 332 64 20 torde
592 332 151 21 underkastas
759 331 96 27 gransk-

96 365 62 27 ning,
181 366 124 20 frånvaron
328 366 25 20 af
373 366 76 20 denna
464 366 141 26 benämning
620 366 50 21 icke
685 366 71 21 borde
772 366 81 26 utgöra

95 399 83 21 hinder
193 400 35 20 för
242 400 133 20 erhållande
391 400 24 20 af
428 400 131 22 understöd.

165 433 109 27 Slutligen
290 433 80 21 kunna
385 433 22 21 vi
423 434 49 21 icke
488 434 84 21 förbise
585 434 143 27 svårigheten
739 436 32 19 att
781 433 72 21 vinna

96 467 196 27 ändamålsenliga
315 468 158 21 lärarekrafter
496 469 34 20 för
552 468 172 27 ifrågavarande
741 468 112 21 svårlösta

95 501 154 27 pedagogiska
272 502 119 27 uppgifter,
410 502 93 21 hvarför
518 505 30 18 ett
563 502 132 21 forcerande
711 503 25 20 af
749 502 105 26 folkhög-

96 535 136 22 skolesaken
255 536 50 21 icke
328 536 42 21 bör
393 536 147 21 frammanas.
579 537 53 20 Men
656 537 72 20 skulle
751 536 44 21 den
818 535 37 22 för

95 570 132 21 ändamälet
248 577 32 14 nu
296 570 109 21 anvisade
421 577 107 14 summan
544 571 55 20 efter
615 571 74 26 nägon
705 570 33 21 tid
754 570 49 21 visa
819 570 35 27 sig

96 604 142 27 otillräcklig,
261 604 64 21 torde
345 604 38 21 det
398 605 36 20 väl
450 605 50 20 icke
516 611 54 14 vara
586 604 103 27 omöjligt
704 607 32 18 att
752 605 102 25 anslags-

95 640 80 25 posten
199 638 106 27 förhöjes,
328 638 25 21 sä
376 641 32 18 att
429 641 30 18 ett
474 639 102 26 verkligt,
592 639 25 20 af
629 641 31 18 ett
674 639 68 20 vaket
757 638 96 21 intresse

95 672 115 27 uppburet
225 672 44 21 och
285 672 52 21 med
352 672 93 27 tillgång
461 673 33 20 till
511 673 108 27 lämpliga
634 673 159 20 lärarekrafter
809 672 43 21 till-

95 706 110 26 godosedt
230 706 235 27 folkhögskolebehof,
488 707 50 21 icke
560 707 93 21 komme
675 709 31 18 att
721 707 73 21 sakna
810 706 44 21 till-

94 740 83 27 börligt
192 740 112 21 materielt
318 741 125 21 understöd
459 741 50 21 frän
525 741 37 21 det
577 742 130 20 allmännas
723 741 56 21 sida.

165 775 8 20 I
189 774 51 21 stöd
256 775 24 20 af
293 775 61 20 hvad
369 775 22 21 vi
408 775 98 21 sälunda
521 776 75 21 anfört
611 775 22 21 fä
648 775 118 22 vördsamt
775 775 23 21 vi
810 775 42 20 för-

97 808 55 21 orda
168 809 37 20 det
221 809 87 20 landets
324 809 122 27 höglofliga
463 810 95 21 Ständer
573 810 70 21 mätte
659 810 94 21 omfatta
769 816 28 14 en
811 816 42 13 un-

95 842 110 27 derdänig
220 843 95 27 petition
330 843 89 21 därhän

369 908 31 18 att
417 907 26 27 af
455 907 26 20 de
495 907 35 27 för
546 907 180 27 understödjande
741 906 28 27 af
781 906 72 20 landt-

301 947 96 14 manna-
415 940 40 21 och
468 941 190 20 husmoderskolor
668 940 103 21 anvisade
784 940 71 20 medel

302 975 116 20 understöd
439 975 28 27 af
478 975 64 25 3,000
557 975 65 20 mark
637 974 82 28 ärligen
736 975 66 20 mätte
817 974 35 20 be-

301 1008 62 28 viljas
386 1008 64 28 äfven
467 1010 24 20 ät
504 1009 160 27 folkhögskola,
679 1016 46 13 som
741 1008 70 21 under
825 1014 26 14 en

300 1043 102 21 arbetstid
411 1043 28 27 af
446 1044 35 20 tvä
493 1044 26 20 är
528 1050 78 20 genom
619 1045 59 19 arten
689 1043 28 27 af
725 1042 33 22 sin
773 1042 79 20 under-

300 1077 87 27 visning
407 1077 55 21 visat
475 1078 34 27 sig
524 1078 100 27 befordra
637 1077 100 27 praktisk
753 1076 100 21 medbor-

300 1111 67 27 gerlig
384 1111 105 27 bildning.

164 1168 141 27 Helsingfors
321 1168 43 21 den
384 1170 23 19 11
425 1168 45 28 maj
489 1170 60 20 1897.

231 1230 70 29 August
317 1230 86 30 Ramsay.
515 1231 18 23 C.
550 1230 19 24 6.
586 1231 160 28 Standertskjöld.

231 1276 18 23 K.
266 1276 68 23 Antell.
499 1292 6 7 +
516 1277 19 23 0.
551 1276 79 24 Donner.

231 1321 19 23 6.
267 1322 19 23 0.
301 1321 19 24 T.
336 1321 118 24 Nordström.
516 1322 21 22 A.
554 1322 102 24 Meurman,

228 1477 110 22 Helsingfors
351 1477 50 18 1897.
425 1477 112 22 Helsingfors
550 1477 161 22 Central-tryckeri.
