1003 1653
353 128 203 23 Petionsmemorial.

80 178 100 35 Bondest.
751 180 36 23 N:o
803 180 30 22 51.

582 485 160 27 (Öfversättning.)

223 530 54 21 Till
293 530 175 22 Hedervärda
484 531 206 21 Bondeständet.

153 590 166 22 Samhällelifvets
334 590 114 27 utveckling
464 591 6 20 i
485 591 44 20 vårt
544 590 48 21 land
607 590 36 21 har
658 590 60 27 gått
711 586 10 36 i
733 590 39 20 den
787 590 47 20 rikt-

82 621 55 27 ning,
152 623 29 18 att
196 620 141 20 kommunerna
358 620 111 27 medgifvits
490 620 154 22 beslutanderätt
660 620 72 27 jemväl
747 620 6 20 i
769 620 66 26 frågor

83 650 21 21 af
119 657 52 13 mera
186 650 74 20 allmän
276 650 143 24 beskaffenhet,
435 650 27 20 då
477 650 57 21 dessa
544 650 66 27 frågor
622 650 75 27 åsyftat
707 649 126 28 upprätthål-

81 679 68 21 landet
171 679 37 21 och
231 679 142 27 befrämjandet
388 679 20 21 af
424 679 38 21 den
478 679 102 21 allmänna
595 679 115 28 ordningen.
741 679 49 20 Men
806 679 27 27 på

82 709 54 21 detta
157 709 78 20 område
255 709 66 21 finnas
337 710 55 20 ännu
407 710 73 26 många
495 710 71 27 frågor,
583 710 6 19 i
604 709 69 21 hvilka
689 709 144 21 kommunerna

82 739 43 21 icke
140 739 61 20 hafva
216 739 66 26 någon
299 739 192 25 bestämmanderätt,
508 740 22 20 så
546 746 59 20 gerna
620 739 24 20 de
657 740 26 19 än
698 739 89 20 önskade
803 739 30 26 sig

83 769 68 21 sådan.
191 768 90 22 Sålunda
304 769 93 20 existerar
422 769 6 20 i
453 769 143 27 sammanhang
631 769 44 20 med
706 769 128 26 jernvägsira-

83 798 55 21 fiken
161 801 27 18 ett
203 798 129 25 förhållande,
349 805 42 14 som
406 799 62 20 ehuru
484 799 32 20 det
532 799 51 20 afser
598 799 38 20 den
652 798 133 21 trafikerande
800 797 35 21 all-

84 828 114 21 mänhetens
225 828 151 27 bekvämlighet,
402 828 60 21 väckt
485 829 117 27 berättigadt
629 828 92 27 missnöje
744 827 93 21 särskildt

83 859 36 20 hos
145 858 49 24 dem,
220 857 69 22 hvilka
313 858 72 27 jemväl
410 859 50 20 nära
484 859 78 20 beröras
584 859 21 20 af
621 859 76 26 frågan.
728 858 28 20 Vi
770 857 67 27 åsyfta

84 887 163 28 utskänkningen
271 888 20 20 af
314 887 132 28 spritdrycker
473 889 37 20 och
532 888 19 21 öl
574 889 28 20 uti
628 888 176 21 restaurationerna
825 887 12 20 &

83 916 217 29 jernvägsstationerna.
332 917 33 21 Då
383 917 137 28 utskänkning
536 919 6 19 i
562 918 202 21 landskommunerna
780 917 6 20 i
802 916 35 21 all-

84 947 81 20 mänhet
187 948 21 19 är
232 947 109 27 förbjuder,
363 947 69 21 såvida
447 947 94 21 särskildt
556 947 89 21 tillstånd
661 947 65 21 dertill
746 947 22 20 af
782 947 55 20 kom-

85 984 72 13 munen
181 976 43 21 icke
245 977 108 24 utverkats,
377 984 44 13 men
442 977 57 26 dylik
523 977 138 26 utskänkning
675 977 13 20 &
708 977 129 26 jernvägssta-

84 1007 87 20 tionerna
186 1013 45 20 eger
246 1013 43 14 rum
304 1009 49 18 utan
369 1010 28 17 att
412 1007 146 20 vederbörande
581 1006 94 21 kommun
693 1006 67 20 derom
773 1005 66 21 blifvit

85 1035 54 25 hörd,
164 1035 55 21 råder
242 1035 119 22 bärutinnan
385 1039 27 17 ett
433 1036 177 23 missförbållande,
626 1043 42 14 som
689 1035 45 21 med
750 1035 35 27 fog
798 1035 40 20 kan

84 1065 101 21 klandras.
216 1065 145 28 Utskänkning
376 1066 13 20 &
403 1066 210 27 jernvägestationerna
629 1066 32 20 får
676 1065 115 27 visserligen
801 1071 37 20 ega

85 1103 42 13 rum
148 1095 70 21 endast
233 1096 12 19 &
261 1096 24 20 de
301 1095 53 25 tider,
370 1095 59 27 tågen
450 1099 73 18 stanna
542 1096 34 21 vid
591 1096 105 24 desamma,
713 1095 44 20 med
773 1095 66 20 denna

85 1125 28 20 tid
125 1126 21 19 är
156 1125 48 26 lång
219 1132 40 20 nog
269 1125 31 20 för
310 1129 28 17 att
346 1125 139 21 åstadkomma
498 1125 190 24 missförhållanden,
699 1124 112 27 isynnerhet
827 1124 12 20 &

86 1161 52 14 mera
149 1155 117 20 trafikerade
282 1156 97 23 stationer,
395 1155 34 21 der
444 1162 47 14 man
507 1155 45 21 med
567 1155 44 21 skäl
627 1155 71 27 klagar
713 1155 56 20 öfver
778 1154 59 26 omöj-

84 1185 86 26 ligheten
194 1188 28 17 att
244 1185 113 24 öfvervaka,
377 1185 33 20 det
425 1185 13 20 &
452 1189 55 16 orten
523 1185 75 21 bosatte
613 1185 169 27 njutningslystne
798 1190 41 20 per-

85 1221 57 14 soner
163 1214 43 21 icke
228 1215 32 20 mä
282 1214 90 27 begagna
395 1215 30 27 sig
447 1215 21 20 af
484 1215 54 20 detta
557 1215 122 27 krogsystem
696 1215 29 26 sig
741 1213 45 28 sjelf
802 1213 37 20 och

85 1248 65 16 ortens
172 1244 118 27 befolkning
313 1245 30 20 till
367 1252 51 13 men.
448 1245 34 20 Då
498 1251 40 20 nya
553 1245 103 26 jernvägar
671 1243 168 27 fortsättningsvis

85 1275 76 26 öppnas
177 1274 30 20 för
222 1274 61 21 trafik
299 1274 37 21 och
352 1274 85 21 trafiken
452 1275 13 20 &
480 1274 25 21 de
520 1274 55 21 äldre
591 1274 37 21 blir
651 1274 28 21 alt
694 1274 90 26 lifligare,
803 1274 34 25 gör

85 1303 38 20 den
139 1303 102 27 påpekade
257 1303 129 27 olägenheten
402 1305 29 25 sig
446 1305 22 19 år
484 1304 30 20 för
530 1304 22 20 år
567 1304 28 20 alt
610 1311 52 13 mera
670 1303 98 24 kännbar,
779 1303 56 20 hvar-

85 1332 30 21 för
130 1332 33 21 det
178 1339 45 14 vore
239 1333 44 20 skäl
300 1336 28 17 att
344 1333 59 21 redan
419 1334 6 20 i
441 1334 28 20 tid
485 1333 67 21 skrida
567 1333 30 21 till
607 1334 24 20 de
641 1332 97 28 åtgärder,
750 1339 42 14 som
803 1332 34 20 äro

85 1362 84 27 möjliga,
185 1362 31 21 för
237 1366 29 17 att
281 1363 21 20 få
317 1363 63 21 saken
400 1363 76 21 ordnad
492 1364 28 25 sä,
536 1366 28 18 att
580 1363 38 21 den
634 1362 124 22 motsvarade
774 1361 65 21 landt-

85 1392 152 27 befolkningens
261 1392 141 28 tättsbegrepp.
433 1393 150 21 Kommunerna
606 1392 51 21 hade
680 1392 44 21 icke
744 1392 22 20 sä
782 1398 57 20 grun-

85 1421 52 20 dade
152 1421 45 20 skäl
212 1422 31 20 till
259 1422 97 27 missnöje,
372 1429 32 14 om
420 1422 133 27 spritdrycker
568 1422 36 21 och
620 1422 20 20 öl
652 1423 12 19 å
674 1422 166 26 jernvägsrestau-

85 1451 110 20 rationerna
219 1451 43 20 icke
278 1451 124 28 begägnades
419 1452 21 20 af
455 1452 63 20 andra
533 1453 26 19 än
574 1451 205 28 jernvägsresandene,
795 1457 45 13 men

85 1480 26 21 då
127 1480 72 27 jomväl
221 1481 145 21 innevänarene
388 1482 6 19 i
415 1481 123 28 närbelägna
558 1481 114 21 kommuner
688 1480 37 21 och
741 1480 49 26 byar
806 1479 33 22 be-
