<?xml version="1.0" encoding="UTF-8"?>
<alto xmlns="http://www.loc.gov/standards/alto/ns-v3#" xmlns:xlink="http://www.w3.org/1999/xlink" xmlns:xsi="http://www.w3.org/2001/XMLSchema-instance" xsi:schemaLocation="http://www.loc.gov/standards/alto/ns-v3# http://www.loc.gov/alto/v3/alto-3-0.xsd">
	<Description>
		<MeasurementUnit>pixel</MeasurementUnit>
		<sourceImageInformation>
			<fileName>/tmp/tess_lq8rfbms_input.PNG</fileName>
		</sourceImageInformation>
		<OCRProcessing ID="OCR_0">
			<ocrProcessingStep>
				<processingSoftware>
					<softwareName>tesseract 5.3.4</softwareName>
				</processingSoftware>
			</ocrProcessingStep>
		</OCRProcessing>
	</Description>
	<Layout>
		<Page WIDTH="1025" HEIGHT="1656" PHYSICAL_IMG_NR="0" ID="page_0">
			<PrintSpace HPOS="0" VPOS="0" WIDTH="1025" HEIGHT="1656">
				<ComposedBlock ID="cblock_0" HPOS="167" VPOS="153" WIDTH="766" HEIGHT="1280">
					<TextBlock ID="block_0" HPOS="179" VPOS="153" WIDTH="754" HEIGHT="445">
						<TextLine ID="line_0" HPOS="181" VPOS="153" WIDTH="750" HEIGHT="26">
							<String ID="string_0" HPOS="181" VPOS="154" WIDTH="108" HEIGHT="25" WC="0.90" CONTENT="mögenhet"/><SP WIDTH="20" VPOS="154" HPOS="289"/>
							<String ID="string_1" HPOS="309" VPOS="153" WIDTH="69" HEIGHT="20" WC="0.95" CONTENT="kunde"/><SP WIDTH="16" VPOS="153" HPOS="378"/>
							<String ID="string_2" HPOS="394" VPOS="156" WIDTH="56" HEIGHT="17" WC="0.96" CONTENT="rösta"/><SP WIDTH="16" VPOS="156" HPOS="450"/>
							<String ID="string_3" HPOS="466" VPOS="154" WIDTH="76" HEIGHT="19" WC="0.96" CONTENT="omkull"/><SP WIDTH="17" VPOS="154" HPOS="542"/>
							<String ID="string_4" HPOS="559" VPOS="157" WIDTH="30" HEIGHT="16" WC="0.96" CONTENT="ett"/><SP WIDTH="17" VPOS="157" HPOS="589"/>
							<String ID="string_5" HPOS="606" VPOS="154" WIDTH="57" HEIGHT="20" WC="0.96" CONTENT="tiotal"/><SP WIDTH="17" VPOS="154" HPOS="663"/>
							<String ID="string_6" HPOS="680" VPOS="154" WIDTH="22" HEIGHT="19" WC="0.96" CONTENT="af"/><SP WIDTH="14" VPOS="154" HPOS="702"/>
							<String ID="string_7" HPOS="716" VPOS="153" WIDTH="45" HEIGHT="20" WC="0.96" CONTENT="dem"/><SP WIDTH="17" VPOS="153" HPOS="761"/>
							<String ID="string_8" HPOS="778" VPOS="153" WIDTH="77" HEIGHT="26" WC="0.96" CONTENT="sjelfva,"/><SP WIDTH="17" VPOS="153" HPOS="855"/>
							<String ID="string_9" HPOS="872" VPOS="153" WIDTH="59" HEIGHT="20" WC="0.96" CONTENT="deras"/>
						</TextLine>
						<TextLine ID="line_1" HPOS="181" VPOS="183" WIDTH="750" HEIGHT="26">
							<String ID="string_10" HPOS="181" VPOS="183" WIDTH="113" HEIGHT="25" WC="0.93" CONTENT="inflytande"/><SP WIDTH="23" VPOS="183" HPOS="294"/>
							<String ID="string_11" HPOS="317" VPOS="185" WIDTH="26" HEIGHT="24" WC="0.96" CONTENT="på"/><SP WIDTH="24" VPOS="185" HPOS="343"/>
							<String ID="string_12" HPOS="367" VPOS="184" WIDTH="58" HEIGHT="19" WC="0.95" CONTENT="valen"/><SP WIDTH="24" VPOS="184" HPOS="425"/>
							<String ID="string_13" HPOS="449" VPOS="191" WIDTH="49" HEIGHT="12" WC="0.93" CONTENT="vore"/><SP WIDTH="13" VPOS="191" HPOS="498"/>
							<String ID="string_14" HPOS="511" VPOS="184" WIDTH="76" HEIGHT="25" WC="0.92" CONTENT="jemväl"/><SP WIDTH="16" VPOS="184" HPOS="587"/>
							<String ID="string_15" HPOS="603" VPOS="187" WIDTH="55" HEIGHT="16" WC="0.93" CONTENT="ännu"/><SP WIDTH="16" VPOS="187" HPOS="658"/>
							<String ID="string_16" HPOS="674" VPOS="183" WIDTH="192" HEIGHT="26" WC="0.91" CONTENT="oproportionerligt"/><SP WIDTH="16" VPOS="183" HPOS="866"/>
							<String ID="string_17" HPOS="882" VPOS="183" WIDTH="49" HEIGHT="25" WC="0.96" CONTENT="litet,"/>
						</TextLine>
						<TextLine ID="line_2" HPOS="181" VPOS="213" WIDTH="750" HEIGHT="26">
							<String ID="string_18" HPOS="181" VPOS="213" WIDTH="26" HEIGHT="20" WC="0.96" CONTENT="då"/><SP WIDTH="16" VPOS="213" HPOS="207"/>
							<String ID="string_19" HPOS="223" VPOS="215" WIDTH="67" HEIGHT="18" WC="0.96" CONTENT="såsom"/><SP WIDTH="16" VPOS="215" HPOS="290"/>
							<String ID="string_20" HPOS="306" VPOS="214" WIDTH="29" HEIGHT="19" WC="0.96" CONTENT="uti"/><SP WIDTH="16" VPOS="214" HPOS="335"/>
							<String ID="string_21" HPOS="351" VPOS="214" WIDTH="130" HEIGHT="25" WC="0.96" CONTENT="Helsingfors"/><SP WIDTH="16" VPOS="214" HPOS="481"/>
							<String ID="string_22" HPOS="497" VPOS="215" WIDTH="23" HEIGHT="18" WC="0.96" CONTENT="år"/><SP WIDTH="18" VPOS="215" HPOS="520"/>
							<String ID="string_23" HPOS="538" VPOS="214" WIDTH="55" HEIGHT="19" WC="0.96" CONTENT="1896"/><SP WIDTH="20" VPOS="214" HPOS="593"/>
							<String ID="string_24" HPOS="613" VPOS="215" WIDTH="62" HEIGHT="24" WC="0.93" CONTENT="1,200"/><SP WIDTH="16" VPOS="215" HPOS="675"/>
							<String ID="string_25" HPOS="691" VPOS="217" WIDTH="127" HEIGHT="16" WC="0.93" CONTENT="enröstsmän"/><SP WIDTH="12" VPOS="217" HPOS="818"/>
							<String ID="string_26" HPOS="830" VPOS="213" WIDTH="51" HEIGHT="25" WC="0.87" CONTENT="egde"/><SP WIDTH="12" VPOS="213" HPOS="881"/>
							<String ID="string_27" HPOS="893" VPOS="213" WIDTH="38" HEIGHT="20" WC="0.91" CONTENT="till-"/>
						</TextLine>
						<TextLine ID="line_3" HPOS="181" VPOS="243" WIDTH="750" HEIGHT="28">
							<String ID="string_28" HPOS="181" VPOS="246" WIDTH="148" HEIGHT="23" WC="0.96" CONTENT="sammantaget"/><SP WIDTH="24" VPOS="246" HPOS="329"/>
							<String ID="string_29" HPOS="353" VPOS="243" WIDTH="51" HEIGHT="20" WC="0.95" CONTENT="blott"/><SP WIDTH="27" VPOS="243" HPOS="404"/>
							<String ID="string_30" HPOS="431" VPOS="244" WIDTH="11" HEIGHT="19" WC="0.93" CONTENT="7"/><SP WIDTH="17" VPOS="244" HPOS="442"/>
							<String ID="string_31" HPOS="459" VPOS="243" WIDTH="27" HEIGHT="28" WC="0.83" CONTENT="9/,"/><SP WIDTH="25" VPOS="243" HPOS="486"/>
							<String ID="string_32" HPOS="511" VPOS="243" WIDTH="23" HEIGHT="20" WC="0.96" CONTENT="af"/><SP WIDTH="13" VPOS="243" HPOS="534"/>
							<String ID="string_33" HPOS="547" VPOS="244" WIDTH="96" HEIGHT="25" WC="0.95" CONTENT="samtliga"/><SP WIDTH="15" VPOS="244" HPOS="643"/>
							<String ID="string_34" HPOS="658" VPOS="247" WIDTH="71" HEIGHT="20" WC="0.96" CONTENT="röster,"/><SP WIDTH="17" VPOS="247" HPOS="729"/>
							<String ID="string_35" HPOS="746" VPOS="244" WIDTH="105" HEIGHT="19" WC="0.92" CONTENT="hvaremot"/><SP WIDTH="18" VPOS="244" HPOS="851"/>
							<String ID="string_36" HPOS="869" VPOS="244" WIDTH="62" HEIGHT="24" WC="0.96" CONTENT="1,043"/>
						</TextLine>
						<TextLine ID="line_4" HPOS="181" VPOS="273" WIDTH="750" HEIGHT="27">
							<String ID="string_37" HPOS="181" VPOS="279" WIDTH="98" HEIGHT="19" WC="0.96" CONTENT="personer"/><SP WIDTH="24" VPOS="279" HPOS="279"/>
							<String ID="string_38" HPOS="303" VPOS="273" WIDTH="45" HEIGHT="20" WC="0.96" CONTENT="med"/><SP WIDTH="27" VPOS="273" HPOS="348"/>
							<String ID="string_39" HPOS="375" VPOS="275" WIDTH="26" HEIGHT="18" WC="0.96" CONTENT="10"/><SP WIDTH="23" VPOS="275" HPOS="401"/>
							<String ID="string_40" HPOS="424" VPOS="276" WIDTH="66" HEIGHT="17" WC="0.92" CONTENT="röster"/><SP WIDTH="24" VPOS="276" HPOS="490"/>
							<String ID="string_41" HPOS="514" VPOS="273" WIDTH="51" HEIGHT="26" WC="0.92" CONTENT="egde"/><SP WIDTH="24" VPOS="273" HPOS="565"/>
							<String ID="string_42" HPOS="589" VPOS="274" WIDTH="43" HEIGHT="24" WC="0.90" CONTENT="60,1"/><SP WIDTH="13" VPOS="274" HPOS="632"/>
							<String ID="string_43" HPOS="645" VPOS="273" WIDTH="33" HEIGHT="27" WC="0.51" CONTENT="%,"/><SP WIDTH="32" VPOS="273" HPOS="678"/>
							<String ID="string_44" HPOS="710" VPOS="274" WIDTH="126" HEIGHT="25" WC="0.94" CONTENT="Visserligen"/><SP WIDTH="27" VPOS="274" HPOS="836"/>
							<String ID="string_45" HPOS="863" VPOS="273" WIDTH="68" HEIGHT="20" WC="0.96" CONTENT="kunde"/>
						</TextLine>
						<TextLine ID="line_5" HPOS="180" VPOS="303" WIDTH="751" HEIGHT="25">
							<String ID="string_46" HPOS="180" VPOS="303" WIDTH="123" HEIGHT="19" WC="0.94" CONTENT="stadsborna"/><SP WIDTH="22" VPOS="303" HPOS="303"/>
							<String ID="string_47" HPOS="325" VPOS="303" WIDTH="86" HEIGHT="25" WC="0.94" CONTENT="besluta,"/><SP WIDTH="17" VPOS="303" HPOS="411"/>
							<String ID="string_48" HPOS="428" VPOS="307" WIDTH="30" HEIGHT="16" WC="0.93" CONTENT="att"/><SP WIDTH="16" VPOS="307" HPOS="458"/>
							<String ID="string_49" HPOS="474" VPOS="304" WIDTH="115" HEIGHT="19" WC="0.91" CONTENT="röstskalan"/><SP WIDTH="17" VPOS="304" HPOS="589"/>
							<String ID="string_50" HPOS="606" VPOS="307" WIDTH="55" HEIGHT="16" WC="0.96" CONTENT="ännu"/><SP WIDTH="17" VPOS="307" HPOS="661"/>
							<String ID="string_51" HPOS="678" VPOS="303" WIDTH="70" HEIGHT="20" WC="0.96" CONTENT="vidare"/><SP WIDTH="18" VPOS="303" HPOS="748"/>
							<String ID="string_52" HPOS="766" VPOS="303" WIDTH="65" HEIGHT="20" WC="0.95" CONTENT="skulle"/><SP WIDTH="18" VPOS="303" HPOS="831"/>
							<String ID="string_53" HPOS="849" VPOS="303" WIDTH="82" HEIGHT="25" WC="0.96" CONTENT="sänkas,"/>
						</TextLine>
						<TextLine ID="line_6" HPOS="181" VPOS="333" WIDTH="750" HEIGHT="26">
							<String ID="string_54" HPOS="181" VPOS="333" WIDTH="32" HEIGHT="18" WC="0.95" CONTENT="till"/><SP WIDTH="17" VPOS="333" HPOS="213"/>
							<String ID="string_55" HPOS="230" VPOS="333" WIDTH="38" HEIGHT="20" WC="0.95" CONTENT="och"/><SP WIDTH="16" VPOS="333" HPOS="268"/>
							<String ID="string_56" HPOS="284" VPOS="333" WIDTH="45" HEIGHT="20" WC="0.95" CONTENT="med"/><SP WIDTH="17" VPOS="333" HPOS="329"/>
							<String ID="string_57" HPOS="346" VPOS="333" WIDTH="52" HEIGHT="20" WC="0.95" CONTENT="ända"/><SP WIDTH="16" VPOS="333" HPOS="398"/>
							<String ID="string_58" HPOS="414" VPOS="333" WIDTH="32" HEIGHT="20" WC="0.95" CONTENT="till"/><SP WIDTH="16" VPOS="333" HPOS="446"/>
							<String ID="string_59" HPOS="462" VPOS="340" WIDTH="24" HEIGHT="13" WC="0.96" CONTENT="en"/><SP WIDTH="18" VPOS="340" HPOS="486"/>
							<String ID="string_60" HPOS="504" VPOS="336" WIDTH="48" HEIGHT="17" WC="0.95" CONTENT="röst."/><SP WIDTH="31" VPOS="336" HPOS="552"/>
							<String ID="string_61" HPOS="583" VPOS="334" WIDTH="48" HEIGHT="19" WC="0.93" CONTENT="Men"/><SP WIDTH="17" VPOS="334" HPOS="631"/>
							<String ID="string_62" HPOS="648" VPOS="333" WIDTH="194" HEIGHT="26" WC="0.92" CONTENT="öfverhufvudtaget"/><SP WIDTH="17" VPOS="333" HPOS="842"/>
							<String ID="string_63" HPOS="859" VPOS="336" WIDTH="22" HEIGHT="16" WC="0.96" CONTENT="är"/><SP WIDTH="16" VPOS="336" HPOS="881"/>
							<String ID="string_64" HPOS="897" VPOS="333" WIDTH="34" HEIGHT="20" WC="0.96" CONTENT="det"/>
						</TextLine>
						<TextLine ID="line_7" HPOS="180" VPOS="363" WIDTH="751" HEIGHT="26">
							<String ID="string_65" HPOS="180" VPOS="363" WIDTH="45" HEIGHT="19" WC="0.93" CONTENT="icke"/><SP WIDTH="24" VPOS="363" HPOS="225"/>
							<String ID="string_66" HPOS="249" VPOS="363" WIDTH="109" HEIGHT="26" WC="0.92" CONTENT="sakenligt,"/><SP WIDTH="19" VPOS="363" HPOS="358"/>
							<String ID="string_67" HPOS="377" VPOS="366" WIDTH="30" HEIGHT="17" WC="0.96" CONTENT="att"/><SP WIDTH="16" VPOS="366" HPOS="407"/>
							<String ID="string_68" HPOS="423" VPOS="363" WIDTH="60" HEIGHT="26" WC="0.96" CONTENT="lagen"/><SP WIDTH="16" VPOS="363" HPOS="483"/>
							<String ID="string_69" HPOS="499" VPOS="363" WIDTH="76" HEIGHT="20" WC="0.92" CONTENT="tillåter"/><SP WIDTH="16" VPOS="363" HPOS="575"/>
							<String ID="string_70" HPOS="591" VPOS="363" WIDTH="169" HEIGHT="24" WC="0.91" CONTENT="rådhusstämma,"/><SP WIDTH="17" VPOS="363" HPOS="760"/>
							<String ID="string_71" HPOS="777" VPOS="370" WIDTH="42" HEIGHT="13" WC="0.96" CONTENT="som"/><SP WIDTH="15" VPOS="370" HPOS="819"/>
							<String ID="string_72" HPOS="834" VPOS="363" WIDTH="46" HEIGHT="19" WC="0.96" CONTENT="icke"/><SP WIDTH="16" VPOS="363" HPOS="880"/>
							<String ID="string_73" HPOS="896" VPOS="369" WIDTH="35" HEIGHT="13" WC="0.96" CONTENT="ens"/>
						</TextLine>
						<TextLine ID="line_8" HPOS="181" VPOS="393" WIDTH="750" HEIGHT="25">
							<String ID="string_74" HPOS="181" VPOS="399" WIDTH="49" HEIGHT="19" WC="0.95" CONTENT="eger"/><SP WIDTH="15" VPOS="399" HPOS="230"/>
							<String ID="string_75" HPOS="245" VPOS="393" WIDTH="99" HEIGHT="25" WC="0.96" CONTENT="rättighet"/><SP WIDTH="16" VPOS="393" HPOS="344"/>
							<String ID="string_76" HPOS="360" VPOS="396" WIDTH="30" HEIGHT="17" WC="0.96" CONTENT="att"/><SP WIDTH="17" VPOS="396" HPOS="390"/>
							<String ID="string_77" HPOS="407" VPOS="393" WIDTH="64" HEIGHT="20" WC="0.96" CONTENT="ordna"/><SP WIDTH="16" VPOS="393" HPOS="471"/>
							<String ID="string_78" HPOS="487" VPOS="401" WIDTH="24" HEIGHT="12" WC="0.93" CONTENT="en"/><SP WIDTH="17" VPOS="401" HPOS="511"/>
							<String ID="string_79" HPOS="528" VPOS="393" WIDTH="102" HEIGHT="20" WC="0.92" CONTENT="röstskala"/><SP WIDTH="23" VPOS="393" HPOS="630"/>
							<String ID="string_80" HPOS="653" VPOS="396" WIDTH="32" HEIGHT="17" WC="0.96" CONTENT="att"/><SP WIDTH="21" VPOS="396" HPOS="685"/>
							<String ID="string_81" HPOS="706" VPOS="393" WIDTH="55" HEIGHT="25" WC="0.95" CONTENT="gälla"/><SP WIDTH="24" VPOS="393" HPOS="761"/>
							<String ID="string_82" HPOS="785" VPOS="393" WIDTH="34" HEIGHT="19" WC="0.92" CONTENT="vid"/><SP WIDTH="23" VPOS="393" HPOS="819"/>
							<String ID="string_83" HPOS="842" VPOS="393" WIDTH="89" HEIGHT="19" WC="0.92" CONTENT="behand-"/>
						</TextLine>
						<TextLine ID="line_9" HPOS="180" VPOS="422" WIDTH="750" HEIGHT="27">
							<String ID="string_84" HPOS="180" VPOS="422" WIDTH="70" HEIGHT="25" WC="0.96" CONTENT="lingen"/><SP WIDTH="17" VPOS="422" HPOS="250"/>
							<String ID="string_85" HPOS="267" VPOS="423" WIDTH="22" HEIGHT="19" WC="0.96" CONTENT="af"/><SP WIDTH="14" VPOS="423" HPOS="289"/>
							<String ID="string_86" HPOS="303" VPOS="423" WIDTH="133" HEIGHT="20" WC="0.96" CONTENT="kommunens"/><SP WIDTH="16" VPOS="423" HPOS="436"/>
							<String ID="string_87" HPOS="452" VPOS="430" WIDTH="52" HEIGHT="19" WC="0.96" CONTENT="egna"/><SP WIDTH="17" VPOS="430" HPOS="504"/>
							<String ID="string_88" HPOS="521" VPOS="423" WIDTH="177" HEIGHT="26" WC="0.95" CONTENT="angelägenheter,"/><SP WIDTH="18" VPOS="423" HPOS="698"/>
							<String ID="string_89" HPOS="716" VPOS="426" WIDTH="30" HEIGHT="17" WC="0.96" CONTENT="att"/><SP WIDTH="15" VPOS="426" HPOS="746"/>
							<String ID="string_90" HPOS="761" VPOS="423" WIDTH="81" HEIGHT="20" WC="0.96" CONTENT="besluta"/><SP WIDTH="16" VPOS="423" HPOS="842"/>
							<String ID="string_91" HPOS="858" VPOS="430" WIDTH="31" HEIGHT="13" WC="0.96" CONTENT="om"/><SP WIDTH="16" VPOS="430" HPOS="889"/>
							<String ID="string_92" HPOS="905" VPOS="429" WIDTH="25" HEIGHT="12" WC="0.96" CONTENT="en"/>
						</TextLine>
						<TextLine ID="line_10" HPOS="180" VPOS="453" WIDTH="750" HEIGHT="26">
							<String ID="string_93" HPOS="180" VPOS="453" WIDTH="23" HEIGHT="18" WC="0.96" CONTENT="så"/><SP WIDTH="15" VPOS="453" HPOS="203"/>
							<String ID="string_94" HPOS="218" VPOS="453" WIDTH="68" HEIGHT="25" WC="0.96" CONTENT="viktig"/><SP WIDTH="15" VPOS="453" HPOS="286"/>
							<String ID="string_95" HPOS="301" VPOS="453" WIDTH="83" HEIGHT="25" WC="0.95" CONTENT="politisk"/><SP WIDTH="16" VPOS="453" HPOS="384"/>
							<String ID="string_96" HPOS="400" VPOS="453" WIDTH="105" HEIGHT="26" WC="0.95" CONTENT="rättighet,"/><SP WIDTH="17" VPOS="453" HPOS="505"/>
							<String ID="string_97" HPOS="522" VPOS="460" WIDTH="43" HEIGHT="13" WC="0.96" CONTENT="som"/><SP WIDTH="15" VPOS="460" HPOS="565"/>
							<String ID="string_98" HPOS="580" VPOS="456" WIDTH="112" HEIGHT="17" WC="0.95" CONTENT="rösträtten"/><SP WIDTH="16" VPOS="456" HPOS="692"/>
							<String ID="string_99" HPOS="708" VPOS="456" WIDTH="28" HEIGHT="16" WC="0.94" CONTENT="är."/><SP WIDTH="24" VPOS="456" HPOS="736"/>
							<String ID="string_100" HPOS="760" VPOS="453" WIDTH="72" HEIGHT="20" WC="0.93" CONTENT="Denna"/><SP WIDTH="16" VPOS="453" HPOS="832"/>
							<String ID="string_101" HPOS="848" VPOS="455" WIDTH="82" HEIGHT="23" WC="0.92" CONTENT="oegent-"/>
						</TextLine>
						<TextLine ID="line_11" HPOS="179" VPOS="482" WIDTH="754" HEIGHT="27">
							<String ID="string_102" HPOS="179" VPOS="482" WIDTH="66" HEIGHT="25" WC="0.96" CONTENT="lighet"/><SP WIDTH="15" VPOS="482" HPOS="245"/>
							<String ID="string_103" HPOS="260" VPOS="483" WIDTH="73" HEIGHT="19" WC="0.96" CONTENT="liksom"/><SP WIDTH="19" VPOS="483" HPOS="333"/>
							<String ID="string_104" HPOS="352" VPOS="483" WIDTH="59" HEIGHT="19" WC="0.96" CONTENT="äfven"/><SP WIDTH="17" VPOS="483" HPOS="411"/>
							<String ID="string_105" HPOS="428" VPOS="483" WIDTH="40" HEIGHT="20" WC="0.95" CONTENT="den"/><SP WIDTH="15" VPOS="483" HPOS="468"/>
							<String ID="string_106" HPOS="483" VPOS="483" WIDTH="98" HEIGHT="26" WC="0.92" CONTENT="politiska"/><SP WIDTH="15" VPOS="483" HPOS="581"/>
							<String ID="string_107" HPOS="596" VPOS="483" WIDTH="181" HEIGHT="25" WC="0.92" CONTENT="rösträttighetens"/><SP WIDTH="15" VPOS="483" HPOS="777"/>
							<String ID="string_108" HPOS="792" VPOS="483" WIDTH="103" HEIGHT="19" WC="0.96" CONTENT="beroende"/><SP WIDTH="16" VPOS="483" HPOS="895"/>
							<String ID="string_109" HPOS="911" VPOS="483" WIDTH="22" HEIGHT="19" WC="0.96" CONTENT="af"/>
						</TextLine>
						<TextLine ID="line_12" HPOS="180" VPOS="512" WIDTH="750" HEIGHT="26">
							<String ID="string_110" HPOS="180" VPOS="512" WIDTH="39" HEIGHT="19" WC="0.96" CONTENT="den"/><SP WIDTH="17" VPOS="512" HPOS="219"/>
							<String ID="string_111" HPOS="236" VPOS="512" WIDTH="47" HEIGHT="19" WC="0.96" CONTENT="utaf"/><SP WIDTH="12" VPOS="512" HPOS="283"/>
							<String ID="string_112" HPOS="295" VPOS="513" WIDTH="122" HEIGHT="20" WC="0.95" CONTENT="kommunen"/><SP WIDTH="15" VPOS="513" HPOS="417"/>
							<String ID="string_113" HPOS="432" VPOS="513" WIDTH="95" HEIGHT="20" WC="0.93" CONTENT="beslutna"/><SP WIDTH="11" VPOS="513" HPOS="527"/>
							<String ID="string_114" HPOS="538" VPOS="513" WIDTH="115" HEIGHT="20" WC="0.91" CONTENT="röstskalan"/><SP WIDTH="12" VPOS="513" HPOS="653"/>
							<String ID="string_115" HPOS="665" VPOS="513" WIDTH="69" HEIGHT="19" WC="0.93" CONTENT="kunde"/><SP WIDTH="11" VPOS="513" HPOS="734"/>
							<String ID="string_116" HPOS="745" VPOS="512" WIDTH="102" HEIGHT="26" WC="0.91" CONTENT="aflägsnas"/><SP WIDTH="11" VPOS="512" HPOS="847"/>
							<String ID="string_117" HPOS="858" VPOS="519" WIDTH="72" HEIGHT="18" WC="0.95" CONTENT="genom"/>
						</TextLine>
						<TextLine ID="line_13" HPOS="179" VPOS="541" WIDTH="751" HEIGHT="27">
							<String ID="string_118" HPOS="179" VPOS="541" WIDTH="177" HEIGHT="27" WC="0.96" CONTENT="förverkligandet"/><SP WIDTH="24" VPOS="541" HPOS="356"/>
							<String ID="string_119" HPOS="380" VPOS="543" WIDTH="22" HEIGHT="19" WC="0.96" CONTENT="af"/><SP WIDTH="22" VPOS="543" HPOS="402"/>
							<String ID="string_120" HPOS="424" VPOS="543" WIDTH="34" HEIGHT="19" WC="0.96" CONTENT="det"/><SP WIDTH="23" VPOS="543" HPOS="458"/>
							<String ID="string_121" HPOS="481" VPOS="543" WIDTH="65" HEIGHT="19" WC="0.96" CONTENT="andra"/><SP WIDTH="21" VPOS="543" HPOS="546"/>
							<String ID="string_122" HPOS="567" VPOS="543" WIDTH="22" HEIGHT="19" WC="0.96" CONTENT="af"/><SP WIDTH="22" VPOS="543" HPOS="589"/>
							<String ID="string_123" HPOS="611" VPOS="543" WIDTH="24" HEIGHT="20" WC="0.92" CONTENT="de"/><SP WIDTH="20" VPOS="543" HPOS="635"/>
							<String ID="string_124" HPOS="655" VPOS="543" WIDTH="151" HEIGHT="20" WC="0.90" CONTENT="ofvannämnda"/><SP WIDTH="15" VPOS="543" HPOS="806"/>
							<String ID="string_125" HPOS="821" VPOS="542" WIDTH="109" HEIGHT="25" WC="0.96" CONTENT="förslagen,"/>
						</TextLine>
						<TextLine ID="line_14" HPOS="179" VPOS="572" WIDTH="410" HEIGHT="26">
							<String ID="string_126" HPOS="179" VPOS="572" WIDTH="121" HEIGHT="20" WC="0.91" CONTENT="röstskalans"/><SP WIDTH="15" VPOS="572" HPOS="300"/>
							<String ID="string_127" HPOS="315" VPOS="573" WIDTH="129" HEIGHT="25" WC="0.93" CONTENT="fullständiga"/><SP WIDTH="16" VPOS="573" HPOS="444"/>
							<String ID="string_128" HPOS="460" VPOS="573" WIDTH="129" HEIGHT="24" WC="0.91" CONTENT="afskaffande."/>
						</TextLine>
					</TextBlock>
					<TextBlock ID="block_1" HPOS="167" VPOS="602" WIDTH="762" HEIGHT="324">
						<TextLine ID="line_15" HPOS="249" VPOS="602" WIDTH="680" HEIGHT="25">
							<String ID="string_129" HPOS="249" VPOS="602" WIDTH="125" HEIGHT="25" WC="0.96" CONTENT="Härigenom"/><SP WIDTH="24" VPOS="602" HPOS="374"/>
							<String ID="string_130" HPOS="398" VPOS="603" WIDTH="68" HEIGHT="20" WC="0.96" CONTENT="skulle"/><SP WIDTH="22" VPOS="603" HPOS="466"/>
							<String ID="string_131" HPOS="488" VPOS="609" WIDTH="47" HEIGHT="13" WC="0.96" CONTENT="man"/><SP WIDTH="23" VPOS="609" HPOS="535"/>
							<String ID="string_132" HPOS="558" VPOS="603" WIDTH="46" HEIGHT="19" WC="0.95" CONTENT="med"/><SP WIDTH="15" VPOS="603" HPOS="604"/>
							<String ID="string_133" HPOS="619" VPOS="609" WIDTH="36" HEIGHT="13" WC="0.93" CONTENT="ens"/><SP WIDTH="16" VPOS="609" HPOS="655"/>
							<String ID="string_134" HPOS="671" VPOS="602" WIDTH="93" HEIGHT="25" WC="0.90" CONTENT="aflägsna"/><SP WIDTH="15" VPOS="602" HPOS="764"/>
							<String ID="string_135" HPOS="779" VPOS="602" WIDTH="65" HEIGHT="25" WC="0.93" CONTENT="öfriga"/><SP WIDTH="17" VPOS="602" HPOS="844"/>
							<String ID="string_136" HPOS="861" VPOS="602" WIDTH="68" HEIGHT="19" WC="0.91" CONTENT="ofvan-"/>
						</TextLine>
						<TextLine ID="line_16" HPOS="179" VPOS="631" WIDTH="750" HEIGHT="27">
							<String ID="string_137" HPOS="179" VPOS="631" WIDTH="86" HEIGHT="26" WC="0.91" CONTENT="angifna"/><SP WIDTH="15" VPOS="631" HPOS="265"/>
							<String ID="string_138" HPOS="280" VPOS="632" WIDTH="196" HEIGHT="26" WC="0.91" CONTENT="missförbållanden,"/><SP WIDTH="16" VPOS="632" HPOS="476"/>
							<String ID="string_139" HPOS="492" VPOS="633" WIDTH="71" HEIGHT="19" WC="0.93" CONTENT="hvilka"/><SP WIDTH="10" VPOS="633" HPOS="563"/>
							<String ID="string_140" HPOS="573" VPOS="633" WIDTH="128" HEIGHT="20" WC="0.91" CONTENT="röstskalans"/><SP WIDTH="11" VPOS="633" HPOS="701"/>
							<String ID="string_141" HPOS="712" VPOS="632" WIDTH="143" HEIGHT="20" WC="0.93" CONTENT="bibehållande"/><SP WIDTH="12" VPOS="632" HPOS="855"/>
							<String ID="string_142" HPOS="867" VPOS="631" WIDTH="62" HEIGHT="21" WC="0.91" CONTENT="ound-"/>
						</TextLine>
						<TextLine ID="line_17" HPOS="179" VPOS="661" WIDTH="749" HEIGHT="27">
							<String ID="string_143" HPOS="179" VPOS="661" WIDTH="92" HEIGHT="26" WC="0.92" CONTENT="vikligen"/><SP WIDTH="16" VPOS="661" HPOS="271"/>
							<String ID="string_144" HPOS="287" VPOS="663" WIDTH="36" HEIGHT="19" WC="0.96" CONTENT="har"/><SP WIDTH="16" VPOS="663" HPOS="323"/>
							<String ID="string_145" HPOS="339" VPOS="663" WIDTH="31" HEIGHT="19" WC="0.96" CONTENT="till"/><SP WIDTH="16" VPOS="663" HPOS="370"/>
							<String ID="string_146" HPOS="386" VPOS="662" WIDTH="55" HEIGHT="26" WC="0.96" CONTENT="följd,"/><SP WIDTH="17" VPOS="662" HPOS="441"/>
							<String ID="string_147" HPOS="458" VPOS="663" WIDTH="117" HEIGHT="25" WC="0.96" CONTENT="härigenom"/><SP WIDTH="16" VPOS="663" HPOS="575"/>
							<String ID="string_148" HPOS="591" VPOS="663" WIDTH="67" HEIGHT="19" WC="0.93" CONTENT="skulle"/><SP WIDTH="18" VPOS="663" HPOS="658"/>
							<String ID="string_149" HPOS="676" VPOS="663" WIDTH="136" HEIGHT="25" WC="0.92" CONTENT="likställighet"/><SP WIDTH="20" VPOS="663" HPOS="812"/>
							<String ID="string_150" HPOS="832" VPOS="662" WIDTH="25" HEIGHT="20" WC="0.93" CONTENT="de"/><SP WIDTH="19" VPOS="662" HPOS="857"/>
							<String ID="string_151" HPOS="876" VPOS="665" WIDTH="52" HEIGHT="17" WC="0.91" CONTENT="röst-"/>
						</TextLine>
						<TextLine ID="line_18" HPOS="178" VPOS="692" WIDTH="751" HEIGHT="26">
							<String ID="string_152" HPOS="178" VPOS="692" WIDTH="129" HEIGHT="25" WC="0.96" CONTENT="berättigade"/><SP WIDTH="16" VPOS="692" HPOS="307"/>
							<String ID="string_153" HPOS="323" VPOS="693" WIDTH="85" HEIGHT="19" WC="0.93" CONTENT="emellan"/><SP WIDTH="16" VPOS="693" HPOS="408"/>
							<String ID="string_154" HPOS="424" VPOS="693" WIDTH="151" HEIGHT="25" WC="0.91" CONTENT="åvägabringas"/><SP WIDTH="16" VPOS="693" HPOS="575"/>
							<String ID="string_155" HPOS="591" VPOS="693" WIDTH="36" HEIGHT="19" WC="0.96" CONTENT="och"/><SP WIDTH="16" VPOS="693" HPOS="627"/>
							<String ID="string_156" HPOS="643" VPOS="699" WIDTH="99" HEIGHT="19" WC="0.95" CONTENT="personer"/><SP WIDTH="10" VPOS="699" HPOS="742"/>
							<String ID="string_157" HPOS="752" VPOS="692" WIDTH="46" HEIGHT="20" WC="0.96" CONTENT="med"/><SP WIDTH="11" VPOS="692" HPOS="798"/>
							<String ID="string_158" HPOS="809" VPOS="692" WIDTH="55" HEIGHT="20" WC="0.96" CONTENT="färre"/><SP WIDTH="11" VPOS="692" HPOS="864"/>
							<String ID="string_159" HPOS="875" VPOS="692" WIDTH="54" HEIGHT="20" WC="0.96" CONTENT="antal"/>
						</TextLine>
						<TextLine ID="line_19" HPOS="179" VPOS="722" WIDTH="750" HEIGHT="26">
							<String ID="string_160" HPOS="179" VPOS="724" WIDTH="66" HEIGHT="17" WC="0.93" CONTENT="röster"/><SP WIDTH="24" VPOS="724" HPOS="245"/>
							<String ID="string_161" HPOS="269" VPOS="722" WIDTH="76" HEIGHT="19" WC="0.93" CONTENT="erhålla"/><SP WIDTH="24" VPOS="722" HPOS="345"/>
							<String ID="string_162" HPOS="369" VPOS="722" WIDTH="113" HEIGHT="26" WC="0.96" CONTENT="inflytande"/><SP WIDTH="24" VPOS="722" HPOS="482"/>
							<String ID="string_163" HPOS="506" VPOS="722" WIDTH="35" HEIGHT="20" WC="0.96" CONTENT="vid"/><SP WIDTH="23" VPOS="722" HPOS="541"/>
							<String ID="string_164" HPOS="564" VPOS="723" WIDTH="33" HEIGHT="19" WC="0.95" CONTENT="val"/><SP WIDTH="24" VPOS="723" HPOS="597"/>
							<String ID="string_165" HPOS="621" VPOS="722" WIDTH="22" HEIGHT="20" WC="0.96" CONTENT="af"/><SP WIDTH="16" VPOS="722" HPOS="643"/>
							<String ID="string_166" HPOS="659" VPOS="725" WIDTH="149" HEIGHT="23" WC="0.95" CONTENT="representant."/><SP WIDTH="32" VPOS="725" HPOS="808"/>
							<String ID="string_167" HPOS="840" VPOS="722" WIDTH="89" HEIGHT="20" WC="0.95" CONTENT="Sålunda"/>
						</TextLine>
						<TextLine ID="line_20" HPOS="179" VPOS="752" WIDTH="750" HEIGHT="26">
							<String ID="string_168" HPOS="179" VPOS="752" WIDTH="67" HEIGHT="19" WC="0.93" CONTENT="skulle"/><SP WIDTH="17" VPOS="752" HPOS="246"/>
							<String ID="string_169" HPOS="263" VPOS="754" WIDTH="13" HEIGHT="17" WC="0.90" CONTENT="t."/><SP WIDTH="17" VPOS="754" HPOS="276"/>
							<String ID="string_170" HPOS="293" VPOS="758" WIDTH="28" HEIGHT="13" WC="0.93" CONTENT="ex."/><SP WIDTH="18" VPOS="758" HPOS="321"/>
							<String ID="string_171" HPOS="339" VPOS="755" WIDTH="167" HEIGHT="17" WC="0.92" CONTENT="enröstsmännen"/><SP WIDTH="17" VPOS="755" HPOS="506"/>
							<String ID="string_172" HPOS="523" VPOS="753" WIDTH="7" HEIGHT="19" WC="0.96" CONTENT="i"/><SP WIDTH="16" VPOS="753" HPOS="530"/>
							<String ID="string_173" HPOS="546" VPOS="752" WIDTH="136" HEIGHT="26" WC="0.96" CONTENT="Helsingfors,"/><SP WIDTH="25" VPOS="752" HPOS="682"/>
							<String ID="string_174" HPOS="707" VPOS="752" WIDTH="70" HEIGHT="20" WC="0.96" CONTENT="hvilka"/><SP WIDTH="23" VPOS="752" HPOS="777"/>
							<String ID="string_175" HPOS="800" VPOS="752" WIDTH="6" HEIGHT="19" WC="0.96" CONTENT="i"/><SP WIDTH="25" VPOS="752" HPOS="806"/>
							<String ID="string_176" HPOS="831" VPOS="752" WIDTH="98" HEIGHT="19" WC="0.96" CONTENT="händelse"/>
						</TextLine>
						<TextLine ID="line_21" HPOS="167" VPOS="781" WIDTH="761" HEIGHT="27">
							<String ID="string_177" HPOS="167" VPOS="782" WIDTH="40" HEIGHT="19" WC="0.95" CONTENT="&quot;tio"/><SP WIDTH="16" VPOS="782" HPOS="207"/>
							<String ID="string_178" HPOS="223" VPOS="784" WIDTH="77" HEIGHT="17" WC="0.96" CONTENT="rösters"/><SP WIDTH="16" VPOS="784" HPOS="300"/>
							<String ID="string_179" HPOS="316" VPOS="782" WIDTH="107" HEIGHT="20" WC="0.96" CONTENT="maximum"/><SP WIDTH="16" VPOS="782" HPOS="423"/>
							<String ID="string_180" HPOS="439" VPOS="782" WIDTH="148" HEIGHT="26" WC="0.95" CONTENT="genomfördes,"/><SP WIDTH="17" VPOS="782" HPOS="587"/>
							<String ID="string_181" HPOS="604" VPOS="784" WIDTH="64" HEIGHT="18" WC="0.93" CONTENT="måste"/><SP WIDTH="16" VPOS="784" HPOS="668"/>
							<String ID="string_182" HPOS="684" VPOS="782" WIDTH="70" HEIGHT="25" WC="0.93" CONTENT="ätnöja"/><SP WIDTH="15" VPOS="782" HPOS="754"/>
							<String ID="string_183" HPOS="769" VPOS="782" WIDTH="32" HEIGHT="25" WC="0.96" CONTENT="sig"/><SP WIDTH="15" VPOS="782" HPOS="801"/>
							<String ID="string_184" HPOS="816" VPOS="782" WIDTH="46" HEIGHT="19" WC="0.96" CONTENT="med"/><SP WIDTH="17" VPOS="782" HPOS="862"/>
							<String ID="string_185" HPOS="879" VPOS="781" WIDTH="49" HEIGHT="27" WC="0.36" CONTENT="72?/,"/>
						</TextLine>
						<TextLine ID="line_22" HPOS="179" VPOS="811" WIDTH="750" HEIGHT="26">
							<String ID="string_186" HPOS="179" VPOS="811" WIDTH="22" HEIGHT="19" WC="0.96" CONTENT="af"/><SP WIDTH="22" VPOS="811" HPOS="201"/>
							<String ID="string_187" HPOS="223" VPOS="812" WIDTH="94" HEIGHT="25" WC="0.96" CONTENT="samtliga"/><SP WIDTH="24" VPOS="812" HPOS="317"/>
							<String ID="string_188" HPOS="341" VPOS="815" WIDTH="69" HEIGHT="22" WC="0.94" CONTENT="röster"/><SP WIDTH="26" VPOS="815" HPOS="410"/>
							<String ID="string_189" HPOS="436" VPOS="812" WIDTH="77" HEIGHT="20" WC="0.94" CONTENT="erhålla"/><SP WIDTH="17" VPOS="812" HPOS="513"/>
							<String ID="string_190" HPOS="530" VPOS="815" WIDTH="29" HEIGHT="17" WC="0.96" CONTENT="ett"/><SP WIDTH="16" VPOS="815" HPOS="559"/>
							<String ID="string_191" HPOS="575" VPOS="812" WIDTH="60" HEIGHT="20" WC="0.96" CONTENT="deras"/><SP WIDTH="16" VPOS="812" HPOS="635"/>
							<String ID="string_192" HPOS="651" VPOS="812" WIDTH="56" HEIGHT="20" WC="0.96" CONTENT="antal"/><SP WIDTH="16" VPOS="812" HPOS="707"/>
							<String ID="string_193" HPOS="723" VPOS="812" WIDTH="47" HEIGHT="19" WC="0.96" CONTENT="fullt"/><SP WIDTH="16" VPOS="812" HPOS="770"/>
							<String ID="string_194" HPOS="786" VPOS="811" WIDTH="143" HEIGHT="20" WC="0.96" CONTENT="motsvarande"/>
						</TextLine>
						<TextLine ID="line_23" HPOS="180" VPOS="840" WIDTH="749" HEIGHT="29">
							<String ID="string_195" HPOS="180" VPOS="840" WIDTH="114" HEIGHT="26" WC="0.96" CONTENT="inflytande"/><SP WIDTH="16" VPOS="840" HPOS="294"/>
							<String ID="string_196" HPOS="310" VPOS="842" WIDTH="50" HEIGHT="19" WC="0.96" CONTENT="eller"/><SP WIDTH="18" VPOS="842" HPOS="360"/>
							<String ID="string_197" HPOS="378" VPOS="841" WIDTH="56" HEIGHT="21" WC="0.96" CONTENT="öfver"/><SP WIDTH="25" VPOS="841" HPOS="434"/>
							<String ID="string_198" HPOS="459" VPOS="843" WIDTH="26" HEIGHT="19" WC="0.93" CONTENT="33"/><SP WIDTH="13" VPOS="843" HPOS="485"/>
							<String ID="string_199" HPOS="498" VPOS="841" WIDTH="27" HEIGHT="28" WC="0.51" CONTENT="&quot;/,"/><SP WIDTH="24" VPOS="841" HPOS="525"/>
							<String ID="string_200" HPOS="549" VPOS="842" WIDTH="23" HEIGHT="19" WC="0.96" CONTENT="af"/><SP WIDTH="21" VPOS="842" HPOS="572"/>
							<String ID="string_201" HPOS="593" VPOS="842" WIDTH="46" HEIGHT="19" WC="0.93" CONTENT="hela"/><SP WIDTH="23" VPOS="842" HPOS="639"/>
							<String ID="string_202" HPOS="662" VPOS="842" WIDTH="126" HEIGHT="19" WC="0.91" CONTENT="röstantalet."/><SP WIDTH="32" VPOS="842" HPOS="788"/>
							<String ID="string_203" HPOS="820" VPOS="842" WIDTH="30" HEIGHT="19" WC="0.95" CONTENT="På"/><SP WIDTH="23" VPOS="842" HPOS="850"/>
							<String ID="string_204" HPOS="873" VPOS="841" WIDTH="56" HEIGHT="19" WC="0.96" CONTENT="detta"/>
						</TextLine>
						<TextLine ID="line_24" HPOS="179" VPOS="871" WIDTH="748" HEIGHT="26">
							<String ID="string_205" HPOS="179" VPOS="873" WIDTH="42" HEIGHT="17" WC="0.96" CONTENT="sätt"/><SP WIDTH="16" VPOS="873" HPOS="221"/>
							<String ID="string_206" HPOS="237" VPOS="871" WIDTH="66" HEIGHT="19" WC="0.93" CONTENT="skulle"/><SP WIDTH="16" VPOS="871" HPOS="303"/>
							<String ID="string_207" HPOS="319" VPOS="874" WIDTH="112" HEIGHT="17" WC="0.96" CONTENT="rösträtten"/><SP WIDTH="16" VPOS="874" HPOS="431"/>
							<String ID="string_208" HPOS="447" VPOS="872" WIDTH="88" HEIGHT="25" WC="0.96" CONTENT="gestalta"/><SP WIDTH="16" VPOS="872" HPOS="535"/>
							<String ID="string_209" HPOS="551" VPOS="872" WIDTH="31" HEIGHT="25" WC="0.93" CONTENT="sig"/><SP WIDTH="16" VPOS="872" HPOS="582"/>
							<String ID="string_210" HPOS="598" VPOS="872" WIDTH="63" HEIGHT="20" WC="0.96" CONTENT="sådan"/><SP WIDTH="14" VPOS="872" HPOS="661"/>
							<String ID="string_211" HPOS="675" VPOS="872" WIDTH="40" HEIGHT="19" WC="0.96" CONTENT="den"/><SP WIDTH="13" VPOS="872" HPOS="715"/>
							<String ID="string_212" HPOS="728" VPOS="874" WIDTH="22" HEIGHT="16" WC="0.55" CONTENT="är"/><SP WIDTH="10" VPOS="874" HPOS="750"/>
							<String ID="string_213" HPOS="760" VPOS="872" WIDTH="6" HEIGHT="18" WC="0.55" CONTENT="i"/><SP WIDTH="12" VPOS="872" HPOS="766"/>
							<String ID="string_214" HPOS="778" VPOS="872" WIDTH="110" HEIGHT="19" WC="0.96" CONTENT="allmänhet"/><SP WIDTH="11" VPOS="872" HPOS="888"/>
							<String ID="string_215" HPOS="899" VPOS="871" WIDTH="28" HEIGHT="19" WC="0.96" CONTENT="uti"/>
						</TextLine>
						<TextLine ID="line_25" HPOS="179" VPOS="900" WIDTH="229" HEIGHT="26">
							<String ID="string_216" HPOS="179" VPOS="900" WIDTH="66" HEIGHT="26" WC="0.93" CONTENT="öfriga"/><SP WIDTH="16" VPOS="900" HPOS="245"/>
							<String ID="string_217" HPOS="261" VPOS="901" WIDTH="147" HEIGHT="20" WC="0.93" CONTENT="kulturländer."/>
						</TextLine>
					</TextBlock>
					<TextBlock ID="block_2" HPOS="179" VPOS="931" WIDTH="750" HEIGHT="114">
						<TextLine ID="line_26" HPOS="250" VPOS="931" WIDTH="679" HEIGHT="20">
							<String ID="string_218" HPOS="250" VPOS="931" WIDTH="46" HEIGHT="19" WC="0.96" CONTENT="Men"/><SP WIDTH="17" VPOS="931" HPOS="296"/>
							<String ID="string_219" HPOS="313" VPOS="934" WIDTH="22" HEIGHT="16" WC="0.95" CONTENT="är"/><SP WIDTH="17" VPOS="934" HPOS="335"/>
							<String ID="string_220" HPOS="352" VPOS="932" WIDTH="34" HEIGHT="18" WC="0.96" CONTENT="det"/><SP WIDTH="15" VPOS="932" HPOS="386"/>
							<String ID="string_221" HPOS="401" VPOS="935" WIDTH="43" HEIGHT="16" WC="0.96" CONTENT="rätt"/><SP WIDTH="16" VPOS="935" HPOS="444"/>
							<String ID="string_222" HPOS="460" VPOS="934" WIDTH="29" HEIGHT="17" WC="0.96" CONTENT="att"/><SP WIDTH="12" VPOS="934" HPOS="489"/>
							<String ID="string_223" HPOS="501" VPOS="932" WIDTH="66" HEIGHT="19" WC="0.96" CONTENT="under"/><SP WIDTH="10" VPOS="932" HPOS="567"/>
							<String ID="string_224" HPOS="577" VPOS="931" WIDTH="120" HEIGHT="19" WC="0.93" CONTENT="nuvarande"/><SP WIDTH="11" VPOS="931" HPOS="697"/>
							<String ID="string_225" HPOS="708" VPOS="931" WIDTH="140" HEIGHT="19" WC="0.91" CONTENT="förhällanden"/><SP WIDTH="12" VPOS="931" HPOS="848"/>
							<String ID="string_226" HPOS="860" VPOS="931" WIDTH="69" HEIGHT="19" WC="0.92" CONTENT="fordra"/>
						</TextLine>
						<TextLine ID="line_27" HPOS="179" VPOS="960" WIDTH="749" HEIGHT="26">
							<String ID="string_227" HPOS="179" VPOS="967" WIDTH="25" HEIGHT="12" WC="0.94" CONTENT="en"/><SP WIDTH="24" VPOS="967" HPOS="204"/>
							<String ID="string_228" HPOS="228" VPOS="962" WIDTH="23" HEIGHT="18" WC="0.94" CONTENT="sä"/><SP WIDTH="24" VPOS="962" HPOS="251"/>
							<String ID="string_229" HPOS="275" VPOS="964" WIDTH="42" HEIGHT="16" WC="0.93" CONTENT="stor"/><SP WIDTH="24" VPOS="964" HPOS="317"/>
							<String ID="string_230" HPOS="341" VPOS="960" WIDTH="132" HEIGHT="26" WC="0.92" CONTENT="förändring?"/><SP WIDTH="31" VPOS="960" HPOS="473"/>
							<String ID="string_231" HPOS="504" VPOS="961" WIDTH="76" HEIGHT="20" WC="0.92" CONTENT="Kunde"/><SP WIDTH="19" VPOS="961" HPOS="580"/>
							<String ID="string_232" HPOS="599" VPOS="961" WIDTH="59" HEIGHT="19" WC="0.91" CONTENT="deraf"/><SP WIDTH="13" VPOS="961" HPOS="658"/>
							<String ID="string_233" HPOS="671" VPOS="961" WIDTH="46" HEIGHT="19" WC="0.91" CONTENT="icke"/><SP WIDTH="15" VPOS="961" HPOS="717"/>
							<String ID="string_234" HPOS="732" VPOS="962" WIDTH="76" HEIGHT="24" WC="0.92" CONTENT="uppstä"/><SP WIDTH="16" VPOS="962" HPOS="808"/>
							<String ID="string_235" HPOS="824" VPOS="960" WIDTH="104" HEIGHT="20" WC="0.91" CONTENT="samhälls-"/>
						</TextLine>
						<TextLine ID="line_28" HPOS="179" VPOS="990" WIDTH="750" HEIGHT="26">
							<String ID="string_236" HPOS="179" VPOS="990" WIDTH="70" HEIGHT="25" WC="0.92" CONTENT="vädor,"/><SP WIDTH="18" VPOS="990" HPOS="249"/>
							<String ID="string_237" HPOS="267" VPOS="990" WIDTH="30" HEIGHT="20" WC="0.93" CONTENT="för"/><SP WIDTH="16" VPOS="990" HPOS="297"/>
							<String ID="string_238" HPOS="313" VPOS="991" WIDTH="132" HEIGHT="19" WC="0.96" CONTENT="undvikande"/><SP WIDTH="15" VPOS="991" HPOS="445"/>
							<String ID="string_239" HPOS="460" VPOS="991" WIDTH="75" HEIGHT="19" WC="0.96" CONTENT="hvaraf"/><SP WIDTH="14" VPOS="991" HPOS="535"/>
							<String ID="string_240" HPOS="549" VPOS="998" WIDTH="45" HEIGHT="12" WC="0.93" CONTENT="man"/><SP WIDTH="17" VPOS="998" HPOS="594"/>
							<String ID="string_241" HPOS="611" VPOS="998" WIDTH="48" HEIGHT="12" WC="0.96" CONTENT="vore"/><SP WIDTH="16" VPOS="998" HPOS="659"/>
							<String ID="string_242" HPOS="675" VPOS="990" WIDTH="84" HEIGHT="26" WC="0.93" CONTENT="skyldig"/><SP WIDTH="15" VPOS="990" HPOS="759"/>
							<String ID="string_243" HPOS="774" VPOS="992" WIDTH="53" HEIGHT="18" WC="0.85" CONTENT="atstä"/><SP WIDTH="15" VPOS="992" HPOS="827"/>
							<String ID="string_244" HPOS="842" VPOS="990" WIDTH="45" HEIGHT="20" WC="0.95" CONTENT="från"/><SP WIDTH="17" VPOS="990" HPOS="887"/>
							<String ID="string_245" HPOS="904" VPOS="990" WIDTH="25" HEIGHT="19" WC="0.96" CONTENT="de"/>
						</TextLine>
						<TextLine ID="line_29" HPOS="179" VPOS="1020" WIDTH="584" HEIGHT="25">
							<String ID="string_246" HPOS="179" VPOS="1020" WIDTH="96" HEIGHT="25" WC="0.92" CONTENT="fördelar,"/><SP WIDTH="16" VPOS="1020" HPOS="275"/>
							<String ID="string_247" HPOS="291" VPOS="1021" WIDTH="127" HEIGHT="19" WC="0.93" CONTENT="röstskalans"/><SP WIDTH="16" VPOS="1021" HPOS="418"/>
							<String ID="string_248" HPOS="434" VPOS="1020" WIDTH="128" HEIGHT="20" WC="0.92" CONTENT="afskaffande"/><SP WIDTH="16" VPOS="1020" HPOS="562"/>
							<String ID="string_249" HPOS="578" VPOS="1021" WIDTH="66" HEIGHT="19" WC="0.93" CONTENT="skulle"/><SP WIDTH="15" VPOS="1021" HPOS="644"/>
							<String ID="string_250" HPOS="659" VPOS="1020" WIDTH="104" HEIGHT="20" WC="0.93" CONTENT="medföra?"/>
						</TextLine>
					</TextBlock>
					<TextBlock ID="block_3" HPOS="177" VPOS="1050" WIDTH="754" HEIGHT="383">
						<TextLine ID="line_30" HPOS="249" VPOS="1050" WIDTH="680" HEIGHT="25">
							<String ID="string_251" HPOS="249" VPOS="1050" WIDTH="80" HEIGHT="19" WC="0.96" CONTENT="Härvid"/><SP WIDTH="24" VPOS="1050" HPOS="329"/>
							<String ID="string_252" HPOS="353" VPOS="1051" WIDTH="37" HEIGHT="19" WC="0.96" CONTENT="bör"/><SP WIDTH="22" VPOS="1051" HPOS="390"/>
							<String ID="string_253" HPOS="412" VPOS="1051" WIDTH="72" HEIGHT="19" WC="0.93" CONTENT="främst"/><SP WIDTH="16" VPOS="1051" HPOS="484"/>
							<String ID="string_254" HPOS="500" VPOS="1051" WIDTH="87" HEIGHT="24" WC="0.96" CONTENT="märkas,"/><SP WIDTH="16" VPOS="1051" HPOS="587"/>
							<String ID="string_255" HPOS="603" VPOS="1053" WIDTH="30" HEIGHT="17" WC="0.96" CONTENT="att"/><SP WIDTH="16" VPOS="1053" HPOS="633"/>
							<String ID="string_256" HPOS="649" VPOS="1051" WIDTH="21" HEIGHT="19" WC="0.93" CONTENT="åt"/><SP WIDTH="16" VPOS="1051" HPOS="670"/>
							<String ID="string_257" HPOS="686" VPOS="1050" WIDTH="166" HEIGHT="25" WC="0.91" CONTENT="förmögenheten"/><SP WIDTH="17" VPOS="1050" HPOS="852"/>
							<String ID="string_258" HPOS="869" VPOS="1050" WIDTH="60" HEIGHT="19" WC="0.91" CONTENT="beva-"/>
						</TextLine>
						<TextLine ID="line_31" HPOS="179" VPOS="1079" WIDTH="749" HEIGHT="27">
							<String ID="string_259" HPOS="179" VPOS="1079" WIDTH="60" HEIGHT="20" WC="0.96" CONTENT="rades"/><SP WIDTH="25" VPOS="1079" HPOS="239"/>
							<String ID="string_260" HPOS="264" VPOS="1083" WIDTH="29" HEIGHT="17" WC="0.96" CONTENT="ett"/><SP WIDTH="17" VPOS="1083" HPOS="293"/>
							<String ID="string_261" HPOS="310" VPOS="1080" WIDTH="102" HEIGHT="26" WC="0.93" CONTENT="betydligt"/><SP WIDTH="15" VPOS="1080" HPOS="412"/>
							<String ID="string_262" HPOS="427" VPOS="1080" WIDTH="118" HEIGHT="26" WC="0.96" CONTENT="inflytande,"/><SP WIDTH="16" VPOS="1080" HPOS="545"/>
							<String ID="string_263" HPOS="561" VPOS="1080" WIDTH="7" HEIGHT="19" WC="0.93" CONTENT="i"/><SP WIDTH="16" VPOS="1080" HPOS="568"/>
							<String ID="string_264" HPOS="584" VPOS="1080" WIDTH="98" HEIGHT="20" WC="0.93" CONTENT="händelse"/><SP WIDTH="16" VPOS="1080" HPOS="682"/>
							<String ID="string_265" HPOS="698" VPOS="1080" WIDTH="128" HEIGHT="19" WC="0.92" CONTENT="erhällandet"/><SP WIDTH="16" VPOS="1080" HPOS="826"/>
							<String ID="string_266" HPOS="842" VPOS="1080" WIDTH="23" HEIGHT="19" WC="0.93" CONTENT="af"/><SP WIDTH="12" VPOS="1080" HPOS="865"/>
							<String ID="string_267" HPOS="877" VPOS="1082" WIDTH="51" HEIGHT="17" WC="0.93" CONTENT="röst-"/>
						</TextLine>
						<TextLine ID="line_32" HPOS="178" VPOS="1109" WIDTH="750" HEIGHT="26">
							<String ID="string_268" HPOS="178" VPOS="1112" WIDTH="42" HEIGHT="16" WC="0.95" CONTENT="rätt"/><SP WIDTH="15" VPOS="1112" HPOS="220"/>
							<String ID="string_269" HPOS="235" VPOS="1110" WIDTH="83" HEIGHT="24" WC="0.93" CONTENT="gjordes"/><SP WIDTH="16" VPOS="1110" HPOS="318"/>
							<String ID="string_270" HPOS="334" VPOS="1110" WIDTH="101" HEIGHT="20" WC="0.92" CONTENT="beroende"/><SP WIDTH="16" VPOS="1110" HPOS="435"/>
							<String ID="string_271" HPOS="451" VPOS="1110" WIDTH="22" HEIGHT="20" WC="0.96" CONTENT="af"/><SP WIDTH="14" VPOS="1110" HPOS="473"/>
							<String ID="string_272" HPOS="487" VPOS="1113" WIDTH="29" HEIGHT="17" WC="0.93" CONTENT="ett"/><SP WIDTH="15" VPOS="1113" HPOS="516"/>
							<String ID="string_273" HPOS="531" VPOS="1110" WIDTH="102" HEIGHT="20" WC="0.91" CONTENT="bestämdt"/><SP WIDTH="21" VPOS="1110" HPOS="633"/>
							<String ID="string_274" HPOS="654" VPOS="1110" WIDTH="169" HEIGHT="25" WC="0.89" CONTENT="inkomstbelopp,"/><SP WIDTH="24" VPOS="1110" HPOS="823"/>
							<String ID="string_275" HPOS="847" VPOS="1109" WIDTH="23" HEIGHT="19" WC="0.93" CONTENT="af"/><SP WIDTH="19" VPOS="1109" HPOS="870"/>
							<String ID="string_276" HPOS="889" VPOS="1109" WIDTH="39" HEIGHT="19" WC="0.92" CONTENT="för-"/>
						</TextLine>
						<TextLine ID="line_33" HPOS="178" VPOS="1139" WIDTH="750" HEIGHT="26">
							<String ID="string_277" HPOS="178" VPOS="1140" WIDTH="201" HEIGHT="24" WC="0.91" CONTENT="mögenhetscensus."/><SP WIDTH="32" VPOS="1140" HPOS="379"/>
							<String ID="string_278" HPOS="411" VPOS="1141" WIDTH="47" HEIGHT="19" WC="0.92" CONTENT="Men"/><SP WIDTH="24" VPOS="1141" HPOS="458"/>
							<String ID="string_279" HPOS="482" VPOS="1140" WIDTH="113" HEIGHT="20" WC="0.96" CONTENT="emellertid"/><SP WIDTH="17" VPOS="1140" HPOS="595"/>
							<String ID="string_280" HPOS="612" VPOS="1140" WIDTH="60" HEIGHT="19" WC="0.96" CONTENT="berör"/><SP WIDTH="16" VPOS="1140" HPOS="672"/>
							<String ID="string_281" HPOS="688" VPOS="1139" WIDTH="158" HEIGHT="26" WC="0.93" CONTENT="ifrågavarande"/><SP WIDTH="15" VPOS="1139" HPOS="846"/>
							<String ID="string_282" HPOS="861" VPOS="1139" WIDTH="67" HEIGHT="20" WC="0.92" CONTENT="förän-"/>
						</TextLine>
						<TextLine ID="line_34" HPOS="178" VPOS="1168" WIDTH="751" HEIGHT="27">
							<String ID="string_283" HPOS="178" VPOS="1168" WIDTH="62" HEIGHT="26" WC="0.89" CONTENT="dring"/><SP WIDTH="16" VPOS="1168" HPOS="240"/>
							<String ID="string_284" HPOS="256" VPOS="1169" WIDTH="45" HEIGHT="19" WC="0.89" CONTENT="icke"/><SP WIDTH="16" VPOS="1169" HPOS="301"/>
							<String ID="string_285" HPOS="317" VPOS="1169" WIDTH="45" HEIGHT="20" WC="0.93" CONTENT="hela"/><SP WIDTH="16" VPOS="1169" HPOS="362"/>
							<String ID="string_286" HPOS="378" VPOS="1170" WIDTH="193" HEIGHT="25" WC="0.92" CONTENT="representationen,"/><SP WIDTH="16" VPOS="1170" HPOS="571"/>
							<String ID="string_287" HPOS="587" VPOS="1172" WIDTH="48" HEIGHT="17" WC="0.96" CONTENT="utan"/><SP WIDTH="18" VPOS="1172" HPOS="635"/>
							<String ID="string_288" HPOS="653" VPOS="1169" WIDTH="74" HEIGHT="20" WC="0.96" CONTENT="endast"/><SP WIDTH="15" VPOS="1169" HPOS="727"/>
							<String ID="string_289" HPOS="742" VPOS="1172" WIDTH="30" HEIGHT="16" WC="0.97" CONTENT="ett"/><SP WIDTH="16" VPOS="1172" HPOS="772"/>
							<String ID="string_290" HPOS="788" VPOS="1169" WIDTH="22" HEIGHT="19" WC="0.93" CONTENT="af"/><SP WIDTH="12" VPOS="1169" HPOS="810"/>
							<String ID="string_291" HPOS="822" VPOS="1170" WIDTH="51" HEIGHT="18" WC="0.93" CONTENT="vära"/><SP WIDTH="10" VPOS="1170" HPOS="873"/>
							<String ID="string_292" HPOS="883" VPOS="1169" WIDTH="46" HEIGHT="25" WC="0.93" CONTENT="fyra"/>
						</TextLine>
						<TextLine ID="line_35" HPOS="179" VPOS="1198" WIDTH="750" HEIGHT="27">
							<String ID="string_293" HPOS="179" VPOS="1198" WIDTH="61" HEIGHT="20" WC="0.92" CONTENT="ständ"/><SP WIDTH="17" VPOS="1198" HPOS="240"/>
							<String ID="string_294" HPOS="257" VPOS="1199" WIDTH="49" HEIGHT="20" WC="0.95" CONTENT="eller"/><SP WIDTH="15" VPOS="1199" HPOS="306"/>
							<String ID="string_295" HPOS="321" VPOS="1206" WIDTH="37" HEIGHT="19" WC="0.93" CONTENT="om,"/><SP WIDTH="12" VPOS="1206" HPOS="358"/>
							<String ID="string_296" HPOS="370" VPOS="1201" WIDTH="66" HEIGHT="18" WC="0.93" CONTENT="säsom"/><SP WIDTH="12" VPOS="1201" HPOS="436"/>
							<String ID="string_297" HPOS="448" VPOS="1200" WIDTH="156" HEIGHT="19" WC="0.91" CONTENT="konsekvensen"/><SP WIDTH="11" VPOS="1200" HPOS="604"/>
							<String ID="string_298" HPOS="615" VPOS="1199" WIDTH="96" HEIGHT="20" WC="0.92" CONTENT="fordrade"/><SP WIDTH="11" VPOS="1199" HPOS="711"/>
							<String ID="string_299" HPOS="722" VPOS="1206" WIDTH="76" HEIGHT="13" WC="0.93" CONTENT="samma"/><SP WIDTH="11" VPOS="1206" HPOS="798"/>
							<String ID="string_300" HPOS="809" VPOS="1198" WIDTH="120" HEIGHT="25" WC="0.91" CONTENT="förändring"/>
						</TextLine>
						<TextLine ID="line_36" HPOS="178" VPOS="1229" WIDTH="750" HEIGHT="26">
							<String ID="string_301" HPOS="178" VPOS="1229" WIDTH="125" HEIGHT="20" WC="0.87" CONTENT="utsträcktes"/><SP WIDTH="17" VPOS="1229" HPOS="303"/>
							<String ID="string_302" HPOS="320" VPOS="1229" WIDTH="77" HEIGHT="25" WC="0.92" CONTENT="jemväl"/><SP WIDTH="15" VPOS="1229" HPOS="397"/>
							<String ID="string_303" HPOS="412" VPOS="1230" WIDTH="31" HEIGHT="19" WC="0.93" CONTENT="till"/><SP WIDTH="17" VPOS="1230" HPOS="443"/>
							<String ID="string_304" HPOS="460" VPOS="1229" WIDTH="154" HEIGHT="25" WC="0.95" CONTENT="bondeståndet,"/><SP WIDTH="17" VPOS="1229" HPOS="614"/>
							<String ID="string_305" HPOS="631" VPOS="1237" WIDTH="42" HEIGHT="12" WC="0.90" CONTENT="som"/><SP WIDTH="17" VPOS="1237" HPOS="673"/>
							<String ID="string_306" HPOS="690" VPOS="1234" WIDTH="154" HEIGHT="21" WC="0.93" CONTENT="representerar"/><SP WIDTH="16" VPOS="1234" HPOS="844"/>
							<String ID="string_307" HPOS="860" VPOS="1229" WIDTH="68" HEIGHT="19" WC="0.92" CONTENT="lands-"/>
						</TextLine>
						<TextLine ID="line_37" HPOS="177" VPOS="1258" WIDTH="752" HEIGHT="27">
							<String ID="string_308" HPOS="177" VPOS="1258" WIDTH="153" HEIGHT="26" WC="0.95" CONTENT="kommunerna,"/><SP WIDTH="24" VPOS="1258" HPOS="330"/>
							<String ID="string_309" HPOS="354" VPOS="1259" WIDTH="78" HEIGHT="20" WC="0.95" CONTENT="hälften"/><SP WIDTH="24" VPOS="1259" HPOS="432"/>
							<String ID="string_310" HPOS="456" VPOS="1259" WIDTH="22" HEIGHT="20" WC="0.93" CONTENT="af"/><SP WIDTH="20" VPOS="1259" HPOS="478"/>
							<String ID="string_311" HPOS="498" VPOS="1259" WIDTH="196" HEIGHT="26" WC="0.89" CONTENT="representationen,"/><SP WIDTH="24" VPOS="1259" HPOS="694"/>
							<String ID="string_312" HPOS="718" VPOS="1259" WIDTH="83" HEIGHT="19" WC="0.93" CONTENT="hvilken"/><SP WIDTH="16" VPOS="1259" HPOS="801"/>
							<String ID="string_313" HPOS="817" VPOS="1259" WIDTH="52" HEIGHT="19" WC="0.92" CONTENT="hälft"/><SP WIDTH="16" VPOS="1259" HPOS="869"/>
							<String ID="string_314" HPOS="885" VPOS="1259" WIDTH="44" HEIGHT="19" WC="0.92" CONTENT="icke"/>
						</TextLine>
						<TextLine ID="line_38" HPOS="177" VPOS="1287" WIDTH="752" HEIGHT="27">
							<String ID="string_315" HPOS="177" VPOS="1294" WIDTH="70" HEIGHT="13" WC="0.96" CONTENT="ensam"/><SP WIDTH="17" VPOS="1294" HPOS="247"/>
							<String ID="string_316" HPOS="264" VPOS="1289" WIDTH="40" HEIGHT="19" WC="0.93" CONTENT="kan"/><SP WIDTH="17" VPOS="1289" HPOS="304"/>
							<String ID="string_317" HPOS="321" VPOS="1289" WIDTH="141" HEIGHT="20" WC="0.95" CONTENT="åstadkomma"/><SP WIDTH="15" VPOS="1289" HPOS="462"/>
							<String ID="string_318" HPOS="477" VPOS="1290" WIDTH="63" HEIGHT="24" WC="0.93" CONTENT="något"/><SP WIDTH="15" VPOS="1290" HPOS="540"/>
							<String ID="string_319" HPOS="555" VPOS="1289" WIDTH="159" HEIGHT="20" WC="0.90" CONTENT="ständerbeslut."/><SP WIDTH="24" VPOS="1289" HPOS="714"/>
							<String ID="string_320" HPOS="738" VPOS="1289" WIDTH="84" HEIGHT="19" WC="0.94" CONTENT="Hälften"/><SP WIDTH="17" VPOS="1289" HPOS="822"/>
							<String ID="string_321" HPOS="839" VPOS="1288" WIDTH="23" HEIGHT="19" WC="0.84" CONTENT="af"/><SP WIDTH="8" VPOS="1288" HPOS="862"/>
							<String ID="string_322" HPOS="870" VPOS="1287" WIDTH="59" HEIGHT="26" WC="0.84" CONTENT="infly-"/>
						</TextLine>
						<TextLine ID="line_39" HPOS="177" VPOS="1318" WIDTH="753" HEIGHT="26">
							<String ID="string_323" HPOS="177" VPOS="1318" WIDTH="63" HEIGHT="19" WC="0.92" CONTENT="tande"/><SP WIDTH="24" VPOS="1318" HPOS="240"/>
							<String ID="string_324" HPOS="264" VPOS="1319" WIDTH="6" HEIGHT="18" WC="0.93" CONTENT="i"/><SP WIDTH="23" VPOS="1319" HPOS="270"/>
							<String ID="string_325" HPOS="293" VPOS="1319" WIDTH="189" HEIGHT="25" WC="0.92" CONTENT="representationen"/><SP WIDTH="20" VPOS="1319" HPOS="482"/>
							<String ID="string_326" HPOS="502" VPOS="1319" WIDTH="99" HEIGHT="20" WC="0.91" CONTENT="förblefvo"/><SP WIDTH="16" VPOS="1319" HPOS="601"/>
							<String ID="string_327" HPOS="617" VPOS="1319" WIDTH="59" HEIGHT="20" WC="0.92" CONTENT="äfven"/><SP WIDTH="17" VPOS="1319" HPOS="676"/>
							<String ID="string_328" HPOS="693" VPOS="1319" WIDTH="103" HEIGHT="24" WC="0.91" CONTENT="framgent"/><SP WIDTH="15" VPOS="1319" HPOS="796"/>
							<String ID="string_329" HPOS="811" VPOS="1318" WIDTH="6" HEIGHT="19" WC="0.96" CONTENT="i"/><SP WIDTH="17" VPOS="1318" HPOS="817"/>
							<String ID="string_330" HPOS="834" VPOS="1325" WIDTH="25" HEIGHT="12" WC="0.96" CONTENT="en"/><SP WIDTH="16" VPOS="1325" HPOS="859"/>
							<String ID="string_331" HPOS="875" VPOS="1324" WIDTH="55" HEIGHT="13" WC="0.96" CONTENT="mera"/>
						</TextLine>
						<TextLine ID="line_40" HPOS="177" VPOS="1346" WIDTH="751" HEIGHT="28">
							<String ID="string_332" HPOS="177" VPOS="1347" WIDTH="72" HEIGHT="20" WC="0.92" CONTENT="bildad"/><SP WIDTH="16" VPOS="1347" HPOS="249"/>
							<String ID="string_333" HPOS="265" VPOS="1349" WIDTH="37" HEIGHT="19" WC="0.93" CONTENT="och"/><SP WIDTH="16" VPOS="1349" HPOS="302"/>
							<String ID="string_334" HPOS="318" VPOS="1349" WIDTH="104" HEIGHT="25" WC="0.93" CONTENT="förmögen"/><SP WIDTH="18" VPOS="1349" HPOS="422"/>
							<String ID="string_335" HPOS="440" VPOS="1349" WIDTH="113" HEIGHT="19" WC="0.93" CONTENT="minoritets"/><SP WIDTH="16" VPOS="1349" HPOS="553"/>
							<String ID="string_336" HPOS="569" VPOS="1349" WIDTH="119" HEIGHT="25" WC="0.95" CONTENT="besittning."/><SP WIDTH="32" VPOS="1349" HPOS="688"/>
							<String ID="string_337" HPOS="720" VPOS="1348" WIDTH="43" HEIGHT="20" WC="0.95" CONTENT="Och"/><SP WIDTH="23" VPOS="1348" HPOS="763"/>
							<String ID="string_338" HPOS="786" VPOS="1348" WIDTH="26" HEIGHT="19" WC="0.96" CONTENT="dä"/><SP WIDTH="24" VPOS="1348" HPOS="812"/>
							<String ID="string_339" HPOS="836" VPOS="1355" WIDTH="47" HEIGHT="12" WC="0.93" CONTENT="man"/><SP WIDTH="15" VPOS="1355" HPOS="883"/>
							<String ID="string_340" HPOS="898" VPOS="1346" WIDTH="30" HEIGHT="21" WC="0.93" CONTENT="vi-"/>
						</TextLine>
						<TextLine ID="line_41" HPOS="178" VPOS="1377" WIDTH="753" HEIGHT="26">
							<String ID="string_341" HPOS="178" VPOS="1377" WIDTH="49" HEIGHT="20" WC="0.95" CONTENT="dare"/><SP WIDTH="25" VPOS="1377" HPOS="227"/>
							<String ID="string_342" HPOS="252" VPOS="1381" WIDTH="58" HEIGHT="22" WC="0.96" CONTENT="tager"/><SP WIDTH="16" VPOS="1381" HPOS="310"/>
							<String ID="string_343" HPOS="326" VPOS="1378" WIDTH="6" HEIGHT="19" WC="0.93" CONTENT="i"/><SP WIDTH="17" VPOS="1378" HPOS="332"/>
							<String ID="string_344" HPOS="349" VPOS="1379" WIDTH="136" HEIGHT="19" WC="0.96" CONTENT="betraktande"/><SP WIDTH="16" VPOS="1379" HPOS="485"/>
							<String ID="string_345" HPOS="501" VPOS="1379" WIDTH="40" HEIGHT="19" WC="0.96" CONTENT="den"/><SP WIDTH="16" VPOS="1379" HPOS="541"/>
							<String ID="string_346" HPOS="557" VPOS="1381" WIDTH="55" HEIGHT="17" WC="0.96" CONTENT="stora"/><SP WIDTH="15" VPOS="1381" HPOS="612"/>
							<String ID="string_347" HPOS="627" VPOS="1379" WIDTH="58" HEIGHT="19" WC="0.96" CONTENT="makt"/><SP WIDTH="16" VPOS="1379" HPOS="685"/>
							<String ID="string_348" HPOS="701" VPOS="1378" WIDTH="120" HEIGHT="25" WC="0.93" CONTENT="regeringen"/><SP WIDTH="18" VPOS="1378" HPOS="821"/>
							<String ID="string_349" HPOS="839" VPOS="1384" WIDTH="54" HEIGHT="19" WC="0.96" CONTENT="eger,"/><SP WIDTH="16" VPOS="1384" HPOS="893"/>
							<String ID="string_350" HPOS="909" VPOS="1377" WIDTH="22" HEIGHT="19" WC="0.96" CONTENT="af"/>
						</TextLine>
						<TextLine ID="line_42" HPOS="177" VPOS="1407" WIDTH="752" HEIGHT="26">
							<String ID="string_351" HPOS="177" VPOS="1407" WIDTH="63" HEIGHT="20" WC="0.94" CONTENT="hvars"/><SP WIDTH="24" VPOS="1407" HPOS="240"/>
							<String ID="string_352" HPOS="264" VPOS="1408" WIDTH="120" HEIGHT="25" WC="0.94" CONTENT="tillstyrkan"/><SP WIDTH="24" VPOS="1408" HPOS="384"/>
							<String ID="string_353" HPOS="408" VPOS="1411" WIDTH="73" HEIGHT="16" WC="0.94" CONTENT="nästan"/><SP WIDTH="22" VPOS="1411" HPOS="481"/>
							<String ID="string_354" HPOS="503" VPOS="1409" WIDTH="40" HEIGHT="19" WC="0.93" CONTENT="alla"/><SP WIDTH="23" VPOS="1409" HPOS="543"/>
							<String ID="string_355" HPOS="566" VPOS="1408" WIDTH="180" HEIGHT="25" WC="0.92" CONTENT="landtdagsbeslut"/><SP WIDTH="22" VPOS="1408" HPOS="746"/>
							<String ID="string_356" HPOS="768" VPOS="1411" WIDTH="35" HEIGHT="16" WC="0.96" CONTENT="äro"/><SP WIDTH="19" VPOS="1411" HPOS="803"/>
							<String ID="string_357" HPOS="822" VPOS="1407" WIDTH="107" HEIGHT="25" WC="0.96" CONTENT="beroende,"/>
						</TextLine>
					</TextBlock>
				</ComposedBlock>
			</PrintSpace>
		</Page>
	</Layout>
</alto>
