1023 1656
106 152 59 20 torde
189 159 47 13 man
259 152 46 20 icke
327 152 88 20 behöfva
437 152 71 20 frukta
531 154 32 18 att
583 152 99 20 reformen
705 152 65 20 skulle
789 151 67 20 åstad-

105 182 80 20 komma
201 189 25 13 en
243 182 136 25 omstörtning
395 182 22 19 af
430 182 112 20 samhället.
573 182 42 20 För
637 188 26 13 en
687 182 63 20 sådan
773 181 83 20 fruktan

106 212 109 20 förefinnes
239 213 23 19 så
284 212 82 26 mycket
384 212 79 20 mindre
479 212 52 25 skäl,
547 219 43 13 som
606 212 40 19 den
662 214 66 18 större
743 212 113 25 förmögen-

106 242 61 20 heten
184 242 37 19 och
237 242 120 25 bildningen
373 241 8 19 i
396 242 37 19 och
450 242 31 20 för
497 242 38 25 sig,
550 245 49 16 utan
615 242 109 20 konstlade
734 241 122 24 företräden,

106 272 71 20 utöfva
193 274 29 17 ett
237 272 84 25 mycket
336 274 53 17 stort
404 271 113 26 inflytande
533 272 7 19 i
555 272 111 19 samhället.

177 302 99 19 Stundom
300 302 37 19 har
360 308 25 13 en
409 308 65 13 annan
499 302 102 19 röstskala
624 301 115 25 förordats;
757 308 47 12 man
819 300 37 20 har

106 331 79 20 fordrat
201 334 123 17 rösträttens
341 331 106 20 ordnande
462 332 93 24 sålunda,
571 334 31 17 att
617 332 72 24 hvarje
705 338 74 19 person
790 330 65 20 skulle

107 368 38 20 ega
161 368 24 13 en
201 364 50 22 röst,
267 368 45 12 men
328 364 31 17 att
376 368 24 12 en
417 361 49 20 eller
481 368 38 19 par
535 364 66 17 röster
617 361 68 20 dertill
700 360 69 20 kunde
792 360 64 20 erhål-

107 392 31 20 Jag
153 392 27 25 på
195 391 68 26 grund
279 390 23 20 af
315 391 63 25 ålder,
394 391 87 25 insigter
497 391 50 20 eller
562 390 222 26 familjeförhållanden.
811 390 45 20 Om-

107 421 100 20 förmälda
230 421 92 26 grunder
341 428 48 12 vore
406 421 153 26 otvifvelaktigt
573 421 104 26 betydligt
691 422 69 18 bättre
776 423 25 17 än
817 420 39 20 för-

107 451 135 26 mögenheten
266 451 38 20 och
326 451 129 19 röstskalans
478 451 131 25 olägenheter
632 451 7 19 i
663 451 109 20 allmänhet
790 450 66 20 skulle

107 481 46 20 med
172 488 25 13 en
216 480 64 20 sådan
304 480 67 26 grund
394 480 32 20 för
449 484 111 16 rösträtten
583 481 46 20 icke
651 488 51 12 vara
725 480 131 26 synnerligen

108 511 112 25 kännbara,
244 510 84 20 emedan
351 510 63 26 ingen
436 510 70 20 kunde
525 518 38 18 ega
579 518 42 12 mer
637 514 25 16 än
678 518 44 18 par,
738 513 31 17 tre
784 512 71 17 röster.

178 541 48 19 Men
250 540 59 20 äfven
333 540 64 26 sagda
419 540 83 26 förslag,
526 541 79 19 hvilket
626 540 42 20 ofta
690 540 58 20 torde
766 540 44 20 haft
825 540 31 19 till

108 571 55 26 syfte
187 573 29 17 ett
239 570 80 20 försvar
341 570 23 20 af
379 570 275 26 förmögenhetsröstskalan,
670 570 67 20 hvilar
752 571 26 25 på
794 569 62 20 förut-

108 600 124 26 sättningar,
255 600 70 20 hvilka
348 600 7 20 i
373 601 75 25 många
463 600 36 20 fall
515 601 46 19 icke
576 604 35 16 äro
627 600 92 20 hållbara
734 600 37 20 och
787 600 70 19 hvilka

109 631 104 25 svårligen
237 630 124 20 allmännare
383 630 71 20 kunna
476 630 101 20 omfattas.
608 630 43 20 Och
667 630 6 20 i
689 632 47 18 vårt
753 629 49 20 land
824 630 34 18 be-

109 660 61 20 höfde
193 667 47 13 man
263 660 112 26 ingalunda
398 660 52 26 hysa
466 660 83 20 fruktan
566 660 31 20 för
612 660 61 25 faror,
689 667 32 13 om
736 666 46 13 man
798 659 59 20 äfven

109 693 49 17 utan
175 690 67 20 denna
258 689 114 27 anordning
388 690 81 20 skrider
484 690 32 20 till
532 690 132 26 aflägsnande
674 690 23 20 af
705 690 25 20 de
740 688 118 21 nuvarande

109 720 209 20 missförhållandena.

179 750 30 19 På
232 750 147 19 ofvananförda
397 750 91 25 grunder
504 751 65 24 vågar
583 750 36 25 jag
635 749 80 20 således
730 749 81 20 anhålla
826 756 32 12 om

110 780 130 20 hedervärda
263 780 166 20 Bondeståndets
452 780 125 20 medverkan
602 780 31 19 till
654 779 65 20 sådan
734 779 89 25 ändring
838 778 23 20 af

109 809 225 26 landtdagsordningen

395 865 30 18 att
441 864 34 19 den
483 864 30 24 på
519 863 134 25 förmögenhet
662 862 103 28 grundade
774 862 84 20 röstska-

325 894 33 18 lan
377 893 35 19 vid
427 894 33 18 val
476 894 32 18 till
525 893 154 25 borgareständet
694 893 59 19 måtte
771 892 38 20 helt
826 892 33 19 och

324 924 59 18 hållet
399 922 102 26 afskafas.

182 1000 136 26 Helsingfors,
334 1000 39 20 den
391 1001 12 19 5
419 1000 100 20 Februari
537 1000 62 20 1897.
