1014 1656
170 124 12 21 6
354 124 277 23 Petitionsbetänkande
647 125 45 22 N:o
708 124 36 22 56.

237 188 138 24 Emellertid
394 189 76 23 hafva
485 189 8 23 i
506 197 34 15 nu
552 189 113 31 gällande
677 188 97 32 Nådiga
786 188 140 32 förordning

170 223 122 31 angående
310 223 143 24 lösdrifvare
472 224 43 23 och
533 224 68 23 deras
622 224 152 30 behandling,
788 223 81 31 gifven
881 223 44 23 den

170 257 14 23 2
196 257 70 31 April
281 258 71 30 1883,
365 258 183 24 föreskrifterna
559 266 36 15 om
606 258 57 32 laga
673 258 96 24 försvar
779 258 147 23 fortfarande

170 292 152 30 utelämnats,
342 292 42 24 och
403 292 161 32 grundsatsen
583 300 36 16 om
638 292 136 24 individens
794 292 78 30 frihet,
886 294 39 22 så-

168 326 72 32 länge
263 326 49 24 han
330 326 54 24 icke
402 327 111 23 störande
531 327 109 31 ingriper
658 327 8 23 i
685 327 38 23 det
741 327 102 23 ordnade
862 334 63 16 sam-

169 360 143 31 hällslifvet,
322 361 45 23 har
380 361 8 23 i
402 361 144 24 sistberörda
559 362 145 31 författning
716 361 57 24 fullt
786 361 140 31 tillämpats.

237 395 35 24 De
292 396 163 31 grundsatser,
472 404 49 16 som
535 396 7 23 i
557 404 83 16 senare
653 396 158 32 lagstiftning
824 396 102 33 sålunda

170 430 72 31 följts,
262 430 83 24 kunna
363 431 54 23 icke
436 439 70 16 anses
526 431 40 23 väl
585 432 149 23 sammanstå
753 431 52 24 med
823 431 102 23 bestäm-

170 465 122 30 ningarna
310 465 6 23 i
338 465 65 24 1803
423 467 39 22 års
488 465 85 32 Kongl.
592 465 149 32 kungörelse.
778 465 55 24 Icke
851 465 75 24 heller

170 507 75 22 synas
274 499 68 24 dessa
366 500 182 31 bestämningar
571 508 61 15 vara
654 500 119 31 förenliga
791 500 51 23 med
862 500 64 23 stad-

169 533 111 31 gandena
307 534 9 23 i
339 533 97 32 Nådiga
463 534 169 32 förordningen
660 534 122 32 angående
810 534 117 31 flyttning

170 568 54 23 från
247 576 29 16 en
295 569 144 31 församling
458 569 38 23 till
515 577 29 15 en
563 577 82 15 annan
665 571 63 22 samt
746 577 36 15 om
808 569 118 24 arbetssö-

170 602 78 24 kande
276 603 62 23 inom
364 603 59 24 eller
449 606 64 21 utom
537 603 87 30 landet,
643 603 81 32 gifven
744 603 44 24 den
810 603 30 24 17
858 603 68 24 Mars

172 637 71 24 1879.
280 637 12 24 I
314 637 107 32 enlighet
448 638 52 23 med
527 638 167 30 nyssnämnda
714 638 140 31 förordning
872 645 55 24 eger

170 671 124 32 nämligen
322 672 99 29 enhvar,
449 680 48 16 som
519 672 97 31 styrker
634 675 35 21 att
687 672 49 24 han
755 672 83 24 blifvit
857 672 68 24 behö-

169 707 68 31 rigen
248 706 217 24 mantalsskrifven
479 709 62 21 samt
551 707 55 23 sina
616 707 86 23 krono-
714 707 42 23 och
770 707 156 23 kommunala

169 740 127 31 utskylder
319 741 35 23 för
378 741 139 32 föregående
536 743 27 22 år
581 741 78 32 erlagt
677 741 44 24 och
740 741 53 24 icke
812 743 50 22 står
880 749 45 16 un-

170 775 40 24 der
238 783 95 16 annans
361 775 182 32 målsmanskap
571 776 58 23 eller
655 775 199 31 husbondevälde,
874 775 52 24 fritt

171 810 42 23 och
232 812 59 21 utan
311 809 84 24 hinder
413 810 72 30 flytta
503 810 54 23 från
576 818 29 15 en
623 810 145 31 församling
786 810 39 23 till
838 818 88 15 annan.

170 844 80 31 Något
273 844 117 23 förbehåll
409 852 36 15 om
465 845 86 31 borgen
570 844 36 23 för
625 845 138 30 utskylders
782 844 144 32 erläggande

170 881 68 28 göres
259 878 51 24 icke
328 878 88 24 vidare.
453 879 49 23 Och
521 879 54 31 föga
594 879 113 31 förenligt
727 879 50 23 med
793 879 77 23 denna
883 879 43 23 fri-

170 913 41 23 het
237 915 37 22 att
291 913 66 30 välja
376 913 140 32 boningsort
535 921 72 22 synes
626 921 60 16 vara
705 915 35 22 att
758 913 39 24 till
816 913 112 24 säkerhet

170 947 36 24 för
230 947 248 30 kronoutskyldernas
500 947 196 24 utbekommande
715 947 85 24 hinder
818 947 108 32 uppstäl-

170 981 35 24 les
224 981 56 24 från
299 981 105 24 kronans
429 982 58 23 sida.
522 982 35 30 Ty
581 989 28 16 en
635 981 134 32 ingalunda
793 982 72 31 ringa
890 982 36 23 in-

170 1016 156 31 skränkning
351 1016 7 23 i
378 1015 103 24 friheten
501 1019 34 20 att
553 1016 71 31 flytta
641 1016 56 23 från
716 1024 29 15 en
764 1016 164 31 jordlägenhet

169 1050 59 24 eller
247 1050 145 31 församling
408 1051 40 22 till
461 1058 28 16 en
503 1058 80 16 annan
597 1053 27 21 är
637 1050 171 32 skyldigheten
821 1051 35 23 för
868 1051 60 31 jord-

170 1092 88 24 egaren
286 1087 35 21 att
345 1092 106 17 ansvara
473 1085 36 23 för
527 1085 27 23 de
573 1086 13 22 å
605 1085 61 24 hans
685 1085 70 23 mark
775 1085 85 24 boende
879 1093 49 23 per-

170 1127 84 15 soners
273 1119 101 31 utlagor.

238 1153 52 23 Vid
308 1153 73 24 ofvan
400 1153 96 24 anfördt
513 1153 152 24 förhållande
683 1153 43 24 och
745 1153 30 24 då
788 1153 44 24 den
842 1153 85 32 rättig-

170 1187 40 24 het
229 1189 36 22 att
283 1187 36 24 för
337 1187 207 32 återbetalningen
563 1187 24 24 af
606 1188 27 23 de
651 1187 99 32 erlagda
769 1187 160 31 utskylderna

170 1221 68 24 hålla
257 1221 174 24 vederbörande
450 1222 8 23 i
477 1223 28 22 så
523 1221 94 31 mycket
630 1222 86 30 arbete,
729 1229 50 16 som
793 1221 59 24 efter
864 1230 64 15 mar-

170 1256 98 31 kegång
286 1256 149 23 motsvarade
454 1257 96 23 berörda
569 1256 127 30 utskylder
715 1270 33 2 —
762 1264 29 15 en
807 1256 121 32 rättighet,

170 1298 49 15 som
249 1290 77 31 enligt
354 1290 66 24 1803
449 1292 38 22 års
515 1290 86 32 Kongl.
626 1290 145 31 kungörelse
790 1290 138 24 tillerkänts

169 1324 147 31 jordegaren,
344 1339 34 2 —
406 1325 53 23 icke
484 1325 82 23 vidare
585 1325 48 23 kan
652 1325 124 30 tillämpas
796 1325 73 23 sedan
888 1333 40 23 ge-

170 1366 55 16 nom
250 1358 96 32 Nådiga
364 1359 169 32 förordningen
552 1367 35 15 om
608 1359 124 23 införande
752 1359 24 24 af
794 1367 34 22 ny
847 1359 81 24 utsök-

170 1393 117 32 ningslag
314 1393 44 23 och
385 1393 65 24 hvad
478 1393 8 23 i
512 1393 109 24 afseende
639 1393 58 24 därå
716 1393 64 24 skall
800 1393 129 32 iakttagas,

170 1427 83 32 gifven
282 1427 44 24 den
354 1427 15 24 3
398 1427 126 24 December
545 1427 72 30 1895,
635 1427 170 32 skyldigheten
825 1430 35 21 att
878 1429 51 22 med

241 1471 47 22 Lag-
302 1471 31 17 och
346 1471 183 18 Ekonomiutskottets
541 1471 110 18 betänkande
663 1471 37 18 N:o
712 1472 28 17 12.
