1017 1656
192 201 38 21 ter,
253 200 31 19 till
305 202 11 17 6
339 200 59 19 mark
420 202 27 18 30
464 201 69 24 penni.
565 200 54 20 Häst
634 200 39 20 och
689 200 46 20 karl
751 200 91 26 förtjena
859 199 84 21 således

193 231 11 17 2
222 230 60 19 mark
299 232 26 17 10
341 230 63 24 penni
421 235 34 14 om
471 230 76 25 dagen.
579 230 8 20 I
602 230 55 20 huru
672 231 45 19 stor
733 230 53 24 grad
797 230 69 20 denna
876 231 68 23 tunga

191 259 43 19 kan
256 260 78 19 drabba
355 260 157 20 ofvannämnda
531 261 67 19 orters
617 260 136 23 innevånare,
778 260 84 20 bevisas
879 260 27 19 bl.
923 266 18 13 a.

192 289 64 19 däraf
271 290 29 18 att
315 290 67 19 under
397 291 86 18 senaste
500 290 40 25 maj
558 290 77 20 månad
649 290 29 24 på
694 296 26 14 en
736 289 59 25 gång
812 292 40 17 317
870 290 74 19 hästar

192 318 144 26 uppbådades.
368 319 8 19 I
397 320 39 25 juli
455 320 77 19 månad
553 320 51 22 åter,
626 320 67 19 under
711 320 62 19 bästa
788 320 155 24 höbärgnings-

192 349 65 22 tiden,
282 348 27 20 då
329 350 92 19 nämnda
442 350 92 19 artelleri
555 350 86 24 flyttade
658 350 30 19 till
704 349 170 23 Villmanstrand,
891 355 52 19 upp-

192 378 95 20 bådades
303 384 80 14 samma
400 380 57 19 antal
472 379 74 20 hästar
562 380 33 19 för
610 380 195 19 frambefordrande
822 380 23 18 af
859 380 84 18 trossen

192 408 30 19 till
238 408 91 25 Viborgs
346 409 83 19 station.
463 409 43 20 Och
522 410 27 19 då
564 410 122 19 sedermera
702 409 104 20 militären
822 410 43 18 mot
878 409 65 19 slutet

192 438 24 19 af
236 439 86 24 augusti
341 438 114 20 återvände
475 439 46 19 från
538 439 169 23 Villmanstrand,
725 439 102 19 behöfdes
844 439 56 19 ännu
916 444 27 14 en

192 467 59 26 gång
275 474 80 13 samma
379 469 56 19 antal
451 469 73 19 hästar
539 469 34 19 för
588 470 31 19 att
634 469 95 19 afhemta
745 469 85 19 fororna
846 468 47 20 från
910 468 32 19 Vi-

191 498 55 24 borg
269 498 30 19 till
323 498 114 25 Kaukjärvi
461 499 122 24 lägerplats.
616 499 71 19 Under
711 499 121 24 september
855 499 87 24 flyttade

191 527 105 21 militären
312 528 100 25 slutligen
428 529 52 22 bort,
497 529 39 19 och
553 529 88 19 sålunda
657 529 54 19 hade
727 529 67 19 under
810 534 131 13 sommarens

191 557 49 25 lopp
257 563 58 14 mera
331 559 27 18 än
374 559 84 18 ettusen
474 558 73 20 hästar
563 559 103 19 användts
683 558 31 20 till
730 559 126 24 skjutsning.

263 587 77 20 Härvid
356 588 38 19 bör
409 589 215 24 uppmärksamheten
635 588 68 20 fästas
714 589 41 22 vid,
769 589 30 18 att
810 588 47 19 från
868 587 74 26 hvarje

191 617 106 23 hemman,
315 618 35 19 det
364 617 35 20 må
414 623 53 14 vara
482 618 54 19 huru
552 619 46 19 litet
613 624 46 14 som
675 618 62 23 hälst,
755 624 26 13 en
792 618 49 19 häst
852 618 5 19 i
868 617 74 25 regeln

191 647 38 19 bör
245 647 102 20 utsändas
363 647 28 25 på
407 648 57 24 dylik
479 648 74 25 skjuts.
586 648 80 19 Hästen
682 648 42 19 kan
740 648 33 19 väl
787 653 52 14 vara
850 647 92 20 använd-

190 677 39 19 bar
251 677 34 19 för
300 677 25 20 de
342 677 168 25 nödvändigaste
526 678 165 23 hemkörslorna,
708 683 48 14 men
774 677 29 20 till
820 677 122 26 skjutsning

191 706 27 25 på
234 707 75 24 längre
325 707 95 20 sträckor
437 713 62 14 anser
515 708 34 24 sig
565 708 49 19 dess
626 713 64 20 egare
702 707 19 26 ej
733 708 71 19 kunna
814 707 67 20 sända
892 707 49 20 den-

190 742 89 14 samma.
310 737 8 19 I
339 737 58 20 detta
417 737 38 20 fall
475 739 24 18 är
518 738 41 19 han
581 739 94 23 tvungen
693 738 30 19 att
739 737 49 25 lega
804 743 26 14 en
846 737 96 20 starkare

190 766 50 20 häst
265 767 38 18 och
320 767 33 19 för
368 767 69 20 denna
454 767 89 25 erlägga
559 770 12 17 4
585 765 23 29 '/,
627 765 12 22 å
656 769 11 18 5
684 767 59 20 mark
757 773 34 13 om
802 767 76 24 dagen,
891 767 51 19 eller

193 797 25 18 13
233 796 24 27 '/,
275 794 12 21 &
305 798 25 18 15
347 797 58 19 mark
422 797 33 20 för
471 797 48 20 hela
535 797 63 20 tiden.
631 797 37 20 Om
685 797 46 20 åter
746 797 121 19 hemmanet
883 797 23 19 är
916 796 26 20 sä

190 827 60 22 stort,
269 827 30 18 att
315 826 47 19 frän
378 827 118 20 detsamma
510 827 66 24 enligt
586 827 79 20 mantal
677 827 63 19 borde
752 826 52 26 utgä
815 827 35 19 tvä
861 827 79 22 hästar,

190 861 49 14 men
263 855 191 26 hemmansegaren
475 863 52 18 eger
550 857 75 19 cndast
648 863 26 14 en
690 857 54 22 häst,
762 857 24 18 är
801 857 95 24 tvungen
911 857 31 18 att

190 885 50 25 lega
256 886 123 24 ytterligare
395 893 26 12 en
439 887 48 19 häst
503 887 39 19 och
559 887 70 19 därför
645 886 89 25 erlägga
751 892 26 14 en
793 887 149 23 dagspenning

190 915 31 19 till
237 915 132 20 sistnämnda
385 916 82 24 belopp.
500 916 31 20 En
547 916 67 20 sädan
630 916 84 24 pälaga,
732 922 45 13 som
789 915 81 25 ärligen
882 916 58 19 drab-

189 944 39 20 bar
250 950 81 14 samma
352 946 37 22 ort,
407 946 70 22 borde,
496 946 66 24 enligt
577 946 42 19 min
635 946 92 24 mening,
745 945 28 25 pä
788 946 96 24 lämpligt
899 946 43 18 sätt

189 974 87 20 lindras.
308 974 42 25 Jag
372 975 68 25 vägar
464 976 55 24 förty
543 976 87 24 hoppas,
655 976 32 19 att
709 976 131 19 hedervärda
860 975 80 19 Bonde-

189 1004 92 23 ståndet,
298 1005 47 19 med
362 1005 117 19 beaktande
497 1006 23 19 af
533 1006 26 19 de
576 1006 6 18 i
598 1006 51 24 följd
666 1005 24 19 af
698 1005 115 25 Kaukjärvi
825 1005 115 24 lägerplats

188 1034 123 24 betungade
334 1034 141 20 innevänares
499 1035 65 25 lifliga
587 1036 87 22 önskan,
699 1034 64 20 mätte
785 1035 67 25 jämte
872 1034 69 25 öfriga

189 1063 63 20 ständ
269 1064 50 24 ingä
335 1064 48 20 med
399 1070 26 14 en
441 1065 88 24 petition
545 1066 72 18 därom

476 1125 29 17 att
524 1124 57 19 Hans
598 1124 109 24 Kejserliga
724 1124 92 23 Majestät
832 1123 70 19 täcktes
918 1123 26 23 af

403 1153 108 19 statsmedel
535 1154 70 23 bevilja
626 1155 27 17 ett
673 1153 90 25 lämpligt
779 1152 88 25 vederlag
882 1152 22 20 ät
918 1152 23 20 de

404 1182 159 26 hemmansegare,
579 1183 68 19 hvilka
662 1183 61 25 enligt
737 1181 127 21 förenämnda
881 1182 58 24 regle-

404 1214 60 18 mente
486 1214 35 18 äro
543 1213 90 25 skyldiga
654 1214 30 18 att
699 1212 61 20 under
772 1212 87 24 fredstid
874 1210 65 27 fram-

404 1240 93 27 befordra
519 1243 61 24 ryska
603 1242 112 20 militärens
739 1244 48 18 tross
814 1242 32 19 till
874 1242 65 19 Kauk-

399 1272 59 24 järvi
473 1272 106 25 lägerplats
594 1272 33 20 och
643 1272 95 24 därifrän
755 1272 89 20 tillbaka.

258 1330 141 27 Helsingfors,
417 1332 41 19 den
476 1333 11 18 8
505 1332 92 20 februari
615 1332 62 19 1897.

483 1396 52 21 Vilho
553 1396 89 21 Penttilä.

298 1470 110 19 Helsingfors,
417 1471 104 18 Osakeyhtiö
531 1472 60 14 Weilin
601 1472 13 14 &
624 1472 43 14 Göös
677 1471 107 18 Aktiebolag,
794 1472 39 14 1897.
