1020 1653
93 148 57 20 skola
174 149 66 19 skulle
263 148 113 20 bibehållas
399 150 67 18 såsom
482 148 148 20 furberedande
646 149 99 19 klasser.”
778 148 66 20 Frun-

93 179 176 19 timmerskolorna
294 178 156 26 organiserades
473 178 66 26 enligt
561 184 25 14 en
618 180 23 18 år
670 179 56 19 1885
747 177 97 20 utfärdad

93 208 121 25 förordning
235 209 26 25 på
285 211 40 17 sätt
348 208 88 20 Senaten
459 208 150 25 underdånigst
628 208 112 26 föreslagit.
770 208 73 20 Redan

93 239 23 18 år
134 238 56 20 1868
205 238 114 20 inrättades
334 238 7 19 i
356 238 95 25 förening
465 238 47 19 med
527 238 132 25 Helsingfors
683 238 89 20 svenska
788 238 55 19 frun-

93 267 149 21 timmersskola
265 274 25 13 en
313 268 81 19 enskild
414 268 171 25 pedagogieklass
606 268 47 19 med
676 268 90 24 tvä-ärig
786 268 56 20 kurs.

93 298 73 19 Denna
181 297 171 26 pedagogieklass
367 298 64 19 erhöll
447 297 167 20 statsunderstöd
629 298 24 19 år
670 298 63 19 1877.

164 328 71 19 Såsom
251 327 22 20 af
286 327 67 20 denna
367 328 61 19 korta
443 328 80 19 resumé
538 327 96 25 framgår,
644 327 39 20 har
695 327 148 20 fruntimmers-

94 357 82 19 skolans
199 363 96 20 program
318 357 125 26 småningom
467 357 116 20 utvecklats
606 357 46 19 från
673 357 124 25 tvåklassigt
812 356 31 20 till

92 387 129 25 femklassigt
244 387 48 19 eller
316 389 77 18 rättare
409 387 130 25 sjuklassigt.
567 387 48 19 Med
631 387 106 25 undantag
752 386 23 20 af
787 386 56 20 frun-

92 417 188 20 timmersskolorna
302 417 6 19 i
332 417 130 25 Helsingfors
478 417 76 20 saknas
573 417 109 25 nämligen,
698 418 67 18 såsom
780 416 63 20 redan

93 447 109 25 anmärkts,
229 447 26 19 de
277 448 35 19 två
334 447 65 19 första
421 447 106 20 klasserna
550 447 31 19 uti
602 449 79 17 statens
696 446 147 20 fruntimmers-

93 477 69 19 skolor
176 477 8 19 i
199 477 47 19 vårt
261 477 53 20 land.
345 477 69 19 Häraf
426 477 89 25 framgår
531 477 66 25 äfven,
613 479 31 17 att
660 476 121 26 regeringen
798 476 46 20 dra-

93 507 30 24 git
146 507 80 25 försorg
242 513 31 13 om
288 506 120 20 utbildande
423 507 23 19 af
458 506 121 25 lärarinnor,
594 506 32 19 till
642 513 25 13 en
683 506 72 25 början
770 513 74 18 genom

93 536 39 20 den
156 536 115 25 anordning
293 539 30 16 att
338 536 213 20 fruntimmersskolan
567 536 125 25 tillgodosäg
711 536 59 19 äfven
787 535 57 20 detta

94 566 62 20 bohof
170 566 38 20 och
223 566 115 20 sedermera
354 573 72 19 genom
437 568 30 18 att
478 566 46 20 med
535 566 128 26 statsbidrag
674 565 125 21 understöda
810 572 33 13 en-

94 596 54 20 skild
170 596 164 25 läroinrättning,
349 596 84 20 hvilken
457 597 49 24 åtog
521 596 33 25 sig
569 596 65 25 sagda
649 595 87 26 uppgift.
766 596 77 19 Härom

94 626 37 19 har
153 626 123 25 regeringen
294 626 177 25 fortsättningsvis
494 626 69 25 dragit
585 626 82 25 försorg
687 632 73 19 genom
775 628 31 16 att
821 626 23 18 år

96 656 54 19 1886
167 656 7 19 i
189 655 94 26 förening
298 656 46 19 med
359 656 237 19 fruntimmersskolorna
607 656 7 19 i
624 655 131 26 Helsingfors
766 655 78 20 inrätta

93 688 76 17 tvänne
194 685 246 26 fortbildningsläroverk,
466 702 4 9 ,
471 685 89 26 hvilkas
585 685 83 26 uppgift
693 688 23 17 är
744 685 44 20 dels
814 687 30 17 att

94 715 78 19 utbilda
188 715 68 20 elever
271 715 31 20 till
316 715 121 26 lärarinnor,
456 715 45 20 dels
517 718 30 17 att
563 715 75 20 bereda
654 715 95 20 eleverna
763 714 81 20 tillfälle

94 745 31 19 till
141 745 156 26 vetenskapliga
314 745 96 20 studier."

165 775 30 19 Af
208 775 26 19 de
249 775 119 19 nuvarande
382 775 279 25 fortbildningsläroverkens
669 774 114 25 tvåfaldiga
794 781 50 18 upp-

95 805 38 24 gift
156 811 69 19 synes,
247 807 30 17 att
300 805 45 19 icke
368 811 37 13 ens
420 805 123 25 regeringen
559 804 48 26 sjelf
620 811 61 13 anser
697 804 147 20 fruntimmers-

95 834 101 25 skolorna,
212 834 78 20 sådana
305 835 26 19 de
345 835 31 19 för
392 835 129 19 närvarande
537 837 40 23 äro,
593 834 47 19 fullt
656 833 132 25 utvecklade;
803 833 40 20 ddn

95 871 63 19 synes
180 864 55 19 hålla
258 864 42 20 före
316 867 30 17 att
362 864 71 20 vidare
448 864 119 26 kunskaper
583 867 35 16 äro
634 864 101 25 behöfliga
751 863 45 20 icke
811 870 33 13 en-

95 894 46 19 dast
166 894 32 19 för
221 894 51 25 dem,
295 901 43 13 som
362 901 49 13 erna
434 894 63 19 blifva
521 894 119 25 lärarinnor,
665 897 48 16 utan
738 893 60 20 äfven
814 893 31 20 för

95 924 69 19 andra.
196 924 47 19 Men
267 924 96 20 behofvet
378 924 23 19 af
413 924 64 25 högre
493 923 172 26 qvinnobildning
681 924 37 19 har
733 923 45 20 icke
794 923 50 20 kun-

95 957 35 16 nat
145 953 159 20 tillfredsställas
321 954 73 19 endast
408 953 47 20 med
470 954 25 19 de
511 957 76 16 tvänne
598 953 246 25 fortbildningsläroverk,

94 983 71 19 hvilka
184 986 68 17 staten
268 984 85 19 inrättat
370 984 4 18 i
388 983 137 26 Helsingfors.
557 984 61 19 Såväl
633 983 7 19 i
655 983 131 25 Helsingfors
802 989 43 13 som

95 1013 6 18 i
118 1013 118 19 landsorten
252 1013 37 19 har
304 1014 26 25 på
346 1013 81 20 enskild
442 1016 41 22 väg
501 1014 94 25 uppstått
610 1013 149 24 läroanstalter,
775 1012 71 20 hvilka

97 1042 47 20 sökt
166 1042 93 20 meddela
283 1043 45 20 sina
345 1043 68 20 elever
428 1043 139 19 vidsträktare
582 1043 125 25 kunskaper,
724 1045 26 17 än
766 1042 7 19 i
788 1042 56 19 frun-

95 1072 186 20 timmersskolorna
306 1073 106 19 inhemtas.
444 1073 81 19 Sådana
545 1073 183 24 läroinrättningar
749 1075 35 16 äro
804 1071 41 26 pri-

94 1105 49 17 vata
158 1102 119 25 samskolor,
292 1102 208 26 fruntimmerslyceer
516 1103 38 19 och
570 1102 105 20 säkallade
690 1101 156 26 fortbildnings-

95 1132 96 20 läroverk
206 1132 39 19 och
260 1132 227 25 fortbildningskurser.

166 1162 131 25 Regeringen
312 1162 38 19 har
366 1162 45 19 med
426 1161 127 26 statsbidrag
562 1161 123 20 understödt
695 1161 151 20 samskolornas

95 1192 58 19 såväl
168 1192 57 25 lägre
241 1199 43 12 som
299 1192 63 25 högre
378 1192 84 19 klasser.
493 1192 46 19 Den
555 1191 38 20 har
608 1191 61 20 äfven
685 1191 87 20 tilldelat
783 1193 62 18 stats-

95 1221 112 20 understöd
223 1222 22 19 &t
260 1222 81 25 privata
356 1221 89 20 svenska
460 1221 121 20 flickskolan
597 1221 7 19 i
619 1221 131 26 Helsingfors
758 1221 32 19 för
798 1221 48 19 dess

95 1252 43 19 ätta
160 1251 66 20 första
247 1251 85 26 klasser,
348 1258 47 13 men
409 1251 46 20 icke
470 1251 32 20 för
517 1251 40 20 den
573 1251 79 25 nionde,
669 1251 73 25 högsta
758 1251 88 24 klassen,

95 1281 83 20 hvilken
201 1280 119 21 förbereder
342 1281 95 20 eleverna
459 1281 32 19 för
515 1281 168 19 studentexamen
699 1281 37 19 och
752 1280 94 20 facksko-

95 1311 63 19 lorna.
188 1311 131 25 Statsbidrag
342 1311 37 19 har
402 1311 45 19 icke
462 1311 65 19 heller
543 1310 99 20 tilldelats
657 1310 81 26 privata
753 1309 93 21 fortbild-

95 1340 162 26 ningsläroverk,
281 1340 23 20 af
324 1340 71 20 hvilka
410 1342 77 18 största
502 1340 65 25 delen,
583 1340 27 26 pä
625 1341 66 24 nägra
705 1339 22 20 fä
740 1339 107 25 undantag

95 1373 43 22 när,
161 1370 97 20 inrättats
286 1370 46 20 med
356 1370 119 25 anslutning
499 1370 31 19 till
553 1371 67 24 någon
644 1370 23 19 af
688 1372 78 17 statens
789 1369 57 19 frun-

95 1399 160 20 timmersskolor
271 1400 38 20 och
324 1400 71 20 hvilka
410 1399 69 26 äsyfta
495 1400 44 19 dels
555 1399 127 25 utvidgande
699 1399 22 20 af
734 1399 26 19 de
775 1398 71 20 ifrun-
