1034 1653
797 138 28 19 33

178 197 59 26 50:0)
261 197 34 20 att
317 195 64 22 Hans
405 195 131 28 Kejserliga
552 195 108 28 Majestät
676 195 87 21 täcktes
780 197 53 25 taga
847 194 8 21 i

107 231 176 28 öfvervägande,
307 233 30 26 på
360 231 61 20 hvad
445 233 45 18 sätt
513 231 155 27 stadgandena
692 231 6 20 i
715 230 140 27 Landtdags-

106 266 128 28 ordningen
257 266 95 21 rörande
376 266 27 21 de
428 265 83 22 ofrälse
528 266 106 21 ståndens
652 265 204 28 sammansättning

107 302 76 21 kunde
200 301 137 28 förtydligas
353 301 42 22 och
411 301 119 22 utvecklas
546 301 7 21 i
570 301 70 28 syfte:
652 303 35 19 att
697 301 159 28 otydligheten

106 336 8 22 i
131 337 27 21 de
181 337 35 21 uti
241 339 24 18 11
283 337 14 28 8
313 336 186 22 förekommande
522 337 70 21 orden
614 336 99 27 ,stiftets
733 336 50 21 med
800 336 56 21 ordi-

107 372 62 22 narie
192 372 89 21 embete
305 372 54 21 eller
383 372 72 28 tjenst
477 372 107 21 försedda
606 374 130 26 prestmän*
762 372 42 21 och
823 371 34 21 uti

108 408 136 28 stadgandet
267 408 7 20 i
299 410 26 18 12
347 408 14 28 $
382 408 117 28 angående
523 408 27 20 de
574 408 147 21 medlemmar
744 408 25 21 af
787 408 70 20 stads-

108 444 145 24 kommunen,
281 443 79 21 hvilka
385 446 38 18 äro
450 442 51 22 frän
527 443 85 21 valrätt
637 444 124 25 uteslutna,
787 444 70 20 mätte

108 478 161 28 undanrödjas,
293 481 34 18 att
351 478 83 22 sådana
455 486 101 20 grupper
572 478 26 22 af
610 479 89 21 landets
717 478 140 28 befolkning,

109 522 48 13 som
181 514 49 21 icke
253 517 38 18 äro
308 514 6 20 i
333 514 211 28 representationen
560 513 137 27 företrädda,
714 514 74 21 såvidt
803 514 55 28 möj-

110 550 42 28 ligt
176 550 73 20 skulle
272 549 85 21 erhålla
381 552 46 18 rätt
442 552 34 18 att
492 549 91 29 deltaga
599 550 6 20 i
621 550 38 20 val
676 550 42 20 och
734 550 73 28 väljas
823 549 34 21 till

109 585 181 28 landtdagsman,
315 588 58 18 samt
392 587 33 19 att
441 584 58 22 både
515 585 44 21 den
574 585 74 28 lägsta
665 586 71 27 årliga
750 585 108 26 inkomst,

111 627 48 15 som
182 621 125 28 berättigar
329 620 35 21 till
388 622 94 19 rösträtt
505 621 39 21 vid
567 621 38 21 val
626 621 36 20 till
685 621 110 28 Borgare-
817 621 41 21 och

110 656 183 25 Bondestånden,
318 657 41 19 och
383 657 38 20 det
444 655 192 29 inkomstbelopp,
657 656 90 21 hvilket
766 657 93 27 medger

110 692 39 21 det
172 692 82 28 högsta
277 691 118 22 röstetalet
416 692 38 21 vid
478 692 37 21 val
537 692 35 20 till
592 692 123 28 nästsagda
731 694 38 18 två
786 692 73 25 stånd,

110 727 97 21 likasom
233 727 68 21 äfven
324 727 128 21 röstskalan
475 729 71 19 måtte
569 728 7 20 i
600 727 260 29 Landtdagsordningen

111 765 123 26 upptagas;
251 765 34 18 att
300 762 63 21 Hans
381 762 109 28 Majestät
505 763 74 21 tillika
589 763 54 21 ville
654 765 53 26 taga
717 763 73 21 under
800 762 61 28 pröf-

111 798 55 28 ning
190 798 112 21 huruvida
326 798 40 21 och
390 798 7 20 i
413 798 59 21 hvad
489 800 53 20 mån
558 806 16 13 s.
591 799 22 21 k.
630 798 178 28 proportionella
823 798 38 21 val

112 834 76 20 kunde
212 834 108 21 särskildt
342 834 38 20 vid
404 834 37 20 val
463 834 26 20 af
502 836 182 26 representanter
700 834 60 21 inom
777 836 84 26 preste-

112 869 91 21 ståndet
221 868 134 29 medgifvas,
371 869 40 21 där
427 869 28 21 de
471 869 190 29 röstberättigade
677 870 35 28 sig
729 877 35 13 om
781 870 80 20 sådant

112 904 83 21 valsätt
219 904 88 26 förena;
331 904 118 22 äfvensom
472 907 34 19 att
529 905 142 28 proposition
687 906 6 20 i
709 906 64 20 detta
796 908 65 18 ämne

113 942 71 19 måtte
200 940 127 21 Ständerna
343 940 38 21 vid
397 940 187 21 nästkommande
600 940 109 28 landtdag
723 940 138 28 föreläggas;

185 976 58 26 51:0)
268 978 34 18 att
325 976 79 27 åtgärd
426 978 71 18 måtte
513 976 104 27 vidtagas
634 976 77 20 därom
728 978 34 18 att
778 976 84 27 odöpta

113 1011 56 21 barn
191 1010 36 21 till
243 1011 146 20 medlemmar
405 1011 26 20 af
443 1011 118 20 lutherska
576 1011 90 27 kyrkan
683 1010 74 21 blefve
773 1009 90 22 införda

113 1046 35 21 uti
173 1046 105 28 offentlig
299 1045 152 29 förteckning,
467 1046 146 28 upptagande
630 1046 64 21 deras
710 1046 69 25 ålder,
796 1045 66 28 frejd,

115 1081 146 28 skyldskaps-
277 1082 42 20 och
335 1081 307 28 äktenskapsförhållanden;
658 1081 118 22 äfvensom

186 1118 59 26 52:0)
270 1119 33 18 att
324 1117 63 20 Hans
403 1117 131 28 Kejserliga
550 1117 107 28 Majestät
673 1117 53 21 ville
743 1117 46 20 låta
805 1118 58 19 utar-

114 1152 52 21 beta
186 1152 42 21 och
251 1152 117 28 förelägga
384 1152 89 21 landets
489 1152 98 21 Ständer
602 1160 28 13 en
646 1152 45 28 lag,
707 1151 156 22 innefattande

114 1187 141 28 stadganden
279 1188 84 25 därom,
387 1187 60 21 huru
470 1187 61 21 finsk
546 1195 60 18 man,
622 1195 48 14 som
686 1187 54 28 lång
756 1187 33 21 tid
805 1187 60 21 varit

114 1223 147 26 försvunnen,
277 1225 56 18 utan
349 1225 34 18 att
399 1223 165 21 underrättelse
582 1230 35 14 om
631 1223 84 21 honom
726 1223 90 28 inlupit,
828 1225 36 18 må

115 1258 77 21 kunna
207 1257 26 22 af
247 1258 97 21 domstol
361 1258 36 21 för
413 1258 44 21 död
474 1257 117 22 förklaras.

186 1399 45 21 Till
250 1401 124 26 yttermera
389 1399 61 22 visso
467 1402 33 18 att
516 1399 29 22 Vi
562 1402 24 19 så
599 1400 108 26 belefvat,
718 1400 95 21 beslutit
824 1401 41 20 och

116 1434 103 28 beviljat,
243 1434 69 21 hafva
335 1435 36 27 Vi,
396 1435 221 21 Storfurstendömet
635 1435 109 22 Finlands
761 1435 106 28 samtliga

783 1477 10 16 3
