1023 1656
192 164 13 19 2
376 162 277 24 Petitionsbetänkande
669 163 42 22 N:o
726 163 38 21 44.

194 226 67 20 heten
282 226 24 20 af
319 226 43 20 och
378 226 127 21 kostnaden
524 226 34 21 för
573 233 27 14 en
617 226 154 26 kanalisering
787 226 25 20 af
825 226 126 21 vattendra-

193 266 41 20 gen
259 261 96 20 emellan
377 261 92 26 Ladoga
485 260 34 28 sjö
535 262 44 20 och
596 261 86 20 Finska
698 261 80 25 viken;
794 263 60 18 samt
869 263 32 18 alt
917 261 33 20 för

192 295 270 21 nästsammanträdande
472 296 96 20 Ständer
577 296 68 20 måtte
654 296 124 26 föreläggas
790 295 69 26 nådig
869 302 81 20 propo-

192 329 69 21 sition
281 336 38 14 om
339 330 129 20 utförandet
483 330 25 20 af
521 330 183 26 kanaliseringen
722 330 6 20 i
744 329 122 21 Vuoksens
882 329 68 21 nedre

192 364 54 26 lopp
263 364 33 20 till
312 364 71 20 sådan
400 364 165 26 utsträckning,
581 367 32 17 alt
628 364 44 20 den
689 364 181 27 segelbargjorda
884 364 65 20 delen

192 398 25 19 af
238 398 154 27 vattendraget
415 399 92 20 komme
529 401 31 18 att
577 400 69 19 sättas
662 398 6 20 i
685 398 73 21 direkt
775 398 105 26 beröring
896 398 51 20 med

191 432 44 20 den
252 432 115 21 blifvande
384 433 109 20 Karelska
510 433 158 20 stambanan».
685 445 27 2 —
729 433 8 20 I
751 432 44 21 den
807 432 142 27 proposition

192 466 118 26 angående
326 467 76 20 vidare
416 467 240 27 jernvägsbyggnader
672 467 6 20 i
694 467 84 25 landet,
795 473 49 14 som
858 466 25 21 af
892 472 58 20 rege-

193 500 80 26 ringen
289 501 71 26 afgafs
376 501 32 20 till
422 502 53 19 1888
488 501 37 20 års
539 501 114 26 landtdag,
665 501 146 20 meddelades
824 500 125 21 Ständerna

191 535 95 26 derföre,
303 537 31 18 att
345 535 198 26 undersökningar
554 535 73 21 blifvit
636 535 130 21 verkstälda
776 535 43 20 och
831 534 119 21 kostnads-

191 569 85 26 förslag
292 569 126 27 uppgjorda
435 570 34 20 för
484 569 155 27 kanalisering
655 570 24 20 af
690 569 108 21 Vuoksen
813 569 74 21 floden
900 569 48 20 frän

190 603 94 21 Jääskis
307 603 72 27 kyrka
403 604 65 26 längs
488 604 89 21 flodens
593 604 60 20 bäda
670 604 174 27 utloppsgrenar
859 603 33 20 till
909 603 40 20 La-

191 637 65 26 doga,
273 644 51 14 men
341 638 58 21 hade
417 639 63 20 Hans
498 638 57 27 Kejs.
574 638 103 27 Majestät
694 638 81 26 funnit,
792 640 32 18 att
839 637 110 21 kanalise-

191 671 142 27 ringsfrägan
350 672 5 20 i
372 673 50 20 hela
439 672 51 21 dess
507 672 54 20 vidd
578 672 69 21 borde
664 673 87 20 lemnas
768 672 120 25 beroende,
904 671 44 21 tills

191 706 128 20 erfarenhet
344 707 99 26 vunnits,
468 707 5 20 i
495 706 61 21 hvad
582 706 53 21 män
653 707 109 20 Karelska
779 706 77 20 banan
873 706 75 20 kunde

191 739 108 21 förändra
321 741 101 20 traktens
445 741 84 20 mellan
553 741 95 26 Wiborg
670 741 43 20 och
730 740 92 27 Ladoga
838 740 111 21 trafikför-

194 774 131 21 hällanden.
357 775 131 20 Emellertid
504 782 41 13 var
560 775 37 20 det
613 775 64 20 Hans
690 775 57 26 Kejs.
761 774 115 27 Majestäts
884 774 66 27 afsigt

192 810 38 24 att,
246 808 70 21 sedan
334 809 108 21 Karelska
456 809 136 27 jernvägens
608 809 105 27 byggnad
726 809 100 26 vidtagit,
840 809 43 20 läta
896 808 52 21 med

191 843 119 20 allmänna
326 843 129 20 statsmedel
472 843 129 21 kanalisera
618 843 107 21 Vuoksen
737 843 76 20 floden
825 843 49 20 frän
886 843 63 20 Jääs-

192 877 34 20 kis
243 877 73 26 kyrka
340 877 31 20 till
396 877 130 21 Kaasniemi
548 878 4 19 i
571 878 90 20 Räisälä
681 878 43 20 och
742 877 122 20 Kiviniemi
881 877 45 20 fors
943 884 4 13 i

192 910 100 21 Sakkola
312 911 90 21 socken.
435 912 70 20 Dessa
522 911 143 21 sistnämnda
682 911 92 20 arbeten
791 911 75 20 blefvo
882 911 65 20 äfven

193 944 5 20 i
222 945 236 21 öfverensstämmelse
475 946 95 20 härmed
590 946 90 20 utförda
697 945 116 26 samtidigt
829 945 52 20 med
897 945 52 27 byg-

192 979 83 25 gandet
290 979 25 20 af
328 980 108 20 Karelska
453 980 84 25 banan,
554 980 43 20 och
613 981 26 19 är
655 979 87 21 således
754 979 107 21 Vuoksen
873 979 74 20 floden

192 1020 96 14 numera
312 1013 75 21 farhar
410 1014 60 20 ända
487 1014 48 20 från
552 1014 92 20 Jääskis
661 1014 32 20 till
706 1013 129 26 Kiviniemi,
849 1013 100 21 hvarför-

193 1049 64 19 utom
281 1047 37 21 vid
342 1048 83 20 Antrea
442 1048 83 20 station
542 1048 82 26 utlagts
641 1047 126 27 hamnspår
784 1048 43 20 och
845 1047 33 21 för
890 1047 59 27 jern-

193 1082 85 25 vägens
294 1082 132 26 anslutning
442 1082 51 20 med
510 1082 106 27 sjöfarten
634 1082 12 20 å
663 1082 108 20 Vuoksen
788 1081 65 27 bygts
866 1081 82 26 nödiga

193 1116 147 26 lastbryggor.

261 1150 42 20 Vid
321 1150 53 20 1888
390 1150 44 20 och
448 1151 52 20 1894
514 1150 36 21 års
562 1150 135 26 landtdagar
709 1150 88 20 förevar
808 1149 32 20 till
853 1149 95 27 förnyad

191 1184 141 26 behandling
347 1184 25 20 af
385 1184 126 21 Ständerna
529 1184 77 26 frågan
623 1191 37 13 om
674 1184 154 26 kanalisering
838 1184 25 20 af
874 1184 75 20 Vuok-

192 1225 51 14 sens
260 1218 68 20 nedre
344 1219 54 26 lopp
411 1219 51 20 med
474 1218 123 26 anledning
609 1218 24 20 af
641 1218 78 20 derom
732 1218 79 26 gjorda
822 1218 125 26 petitioner.

193 1252 31 20 På
238 1252 230 27 jernvägsutskottets
479 1252 128 27 tillstyrkan
621 1252 44 21 och
677 1252 193 26 hufvudsakligen
882 1252 24 20 af
912 1252 37 20 det

191 1286 57 26 skäl,
272 1288 31 18 att
324 1286 43 21 den
389 1287 126 26 föreslagna
532 1286 191 26 kanaliseringen,
739 1292 53 14 vare
808 1286 33 26 sig
856 1286 44 20 den
916 1288 32 18 ut-

191 1320 76 21 fördes
293 1321 63 25 längs
380 1321 108 21 Vuoksen
505 1321 88 20 flodens
610 1327 68 14 norra
695 1320 53 20 eller
764 1320 68 20 södra
848 1320 101 27 utlopps-

190 1361 57 17 arm,
272 1355 72 20 skulle
367 1355 105 26 medtaga
494 1355 25 21 så
543 1357 60 18 stora
629 1354 130 26 kostnader,
782 1356 32 18 att
829 1354 27 20 de
872 1354 18 26 ej
908 1361 40 13 ens

191 1389 148 20 närmelsevis
355 1389 143 20 motsvarade
508 1389 27 20 de
546 1389 104 25 fördelar,
662 1388 123 27 projektets
797 1388 151 20 realiserande

190 1423 94 20 komme
307 1425 31 18 alt
360 1423 109 24 medföra,
493 1423 141 20 förkastades
657 1422 60 21 dock
739 1422 66 20 dessa
822 1422 124 27 petitioner.

191 1457 76 26 Enligt
290 1457 24 20 af
333 1453 179 31 Öfverstyrelsen
533 1457 34 20 för
583 1458 50 25 väg-
648 1457 44 20 och
708 1456 239 27 vattenbyggnaderna

258 1502 181 22 Jernväysulskottets
452 1502 110 17 betänkande
574 1502 35 17 N:o
622 1503 17 16 3.
