<?xml version="1.0" encoding="UTF-8"?>
<alto xmlns="http://www.loc.gov/standards/alto/ns-v3#" xmlns:xlink="http://www.w3.org/1999/xlink" xmlns:xsi="http://www.w3.org/2001/XMLSchema-instance" xsi:schemaLocation="http://www.loc.gov/standards/alto/ns-v3# http://www.loc.gov/alto/v3/alto-3-0.xsd">
	<Description>
		<MeasurementUnit>pixel</MeasurementUnit>
		<sourceImageInformation>
			<fileName>/tmp/tess_fmfexp1x_input.PNG</fileName>
		</sourceImageInformation>
		<OCRProcessing ID="OCR_0">
			<ocrProcessingStep>
				<processingSoftware>
					<softwareName>tesseract 5.3.4</softwareName>
				</processingSoftware>
			</ocrProcessingStep>
		</OCRProcessing>
	</Description>
	<Layout>
		<Page WIDTH="1017" HEIGHT="1656" PHYSICAL_IMG_NR="0" ID="page_0">
			<PrintSpace HPOS="0" VPOS="0" WIDTH="1017" HEIGHT="1656">
				<ComposedBlock ID="cblock_0" HPOS="166" VPOS="124" WIDTH="573" HEIGHT="23">
					<TextBlock ID="block_0" HPOS="166" VPOS="124" WIDTH="573" HEIGHT="23">
						<TextLine ID="line_0" HPOS="166" VPOS="124" WIDTH="573" HEIGHT="23">
							<String ID="string_0" HPOS="166" VPOS="126" WIDTH="14" HEIGHT="19" WC="0.96" CONTENT="4"/><SP WIDTH="167" VPOS="126" HPOS="180"/>
							<String ID="string_1" HPOS="347" VPOS="124" WIDTH="279" HEIGHT="23" WC="0.92" CONTENT="Petitionsbetänkande"/><SP WIDTH="15" VPOS="124" HPOS="626"/>
							<String ID="string_2" HPOS="641" VPOS="124" WIDTH="45" HEIGHT="22" WC="0.95" CONTENT="N:o"/><SP WIDTH="14" VPOS="124" HPOS="686"/>
							<String ID="string_3" HPOS="700" VPOS="124" WIDTH="39" HEIGHT="22" WC="0.95" CONTENT="46."/>
						</TextLine>
					</TextBlock>
				</ComposedBlock>
				<ComposedBlock ID="cblock_1" HPOS="165" VPOS="189" WIDTH="763" HEIGHT="1312">
					<TextBlock ID="block_1" HPOS="166" VPOS="189" WIDTH="758" HEIGHT="57">
						<TextLine ID="line_1" HPOS="166" VPOS="189" WIDTH="758" HEIGHT="30">
							<String ID="string_4" HPOS="166" VPOS="190" WIDTH="85" HEIGHT="28" WC="0.92" CONTENT="antydt"/><SP WIDTH="27" VPOS="190" HPOS="251"/>
							<String ID="string_5" HPOS="278" VPOS="189" WIDTH="154" HEIGHT="30" WC="0.96" CONTENT="principerna,"/><SP WIDTH="28" VPOS="189" HPOS="432"/>
							<String ID="string_6" HPOS="460" VPOS="190" WIDTH="75" HEIGHT="29" WC="0.96" CONTENT="enligt"/><SP WIDTH="26" VPOS="190" HPOS="535"/>
							<String ID="string_7" HPOS="561" VPOS="190" WIDTH="81" HEIGHT="22" WC="0.96" CONTENT="hvilka"/><SP WIDTH="27" VPOS="190" HPOS="642"/>
							<String ID="string_8" HPOS="669" VPOS="198" WIDTH="29" HEIGHT="14" WC="0.96" CONTENT="en"/><SP WIDTH="25" VPOS="198" HPOS="698"/>
							<String ID="string_9" HPOS="723" VPOS="189" WIDTH="66" HEIGHT="30" WC="0.96" CONTENT="dylik"/><SP WIDTH="18" VPOS="189" HPOS="789"/>
							<String ID="string_10" HPOS="807" VPOS="190" WIDTH="117" HEIGHT="28" WC="0.96" CONTENT="reglering"/>
						</TextLine>
						<TextLine ID="line_2" HPOS="166" VPOS="224" WIDTH="234" HEIGHT="22">
							<String ID="string_11" HPOS="166" VPOS="224" WIDTH="71" HEIGHT="22" WC="0.96" CONTENT="borde"/><SP WIDTH="19" VPOS="224" HPOS="237"/>
							<String ID="string_12" HPOS="256" VPOS="224" WIDTH="144" HEIGHT="22" WC="0.95" CONTENT="verkställas."/>
						</TextLine>
					</TextBlock>
					<TextBlock ID="block_2" HPOS="165" VPOS="259" WIDTH="763" HEIGHT="1136">
						<TextLine ID="line_3" HPOS="235" VPOS="259" WIDTH="690" HEIGHT="29">
							<String ID="string_13" HPOS="235" VPOS="259" WIDTH="88" HEIGHT="29" WC="0.94" CONTENT="Kongl."/><SP WIDTH="18" VPOS="259" HPOS="323"/>
							<String ID="string_14" HPOS="341" VPOS="259" WIDTH="167" HEIGHT="29" WC="0.95" CONTENT="förordningen"/><SP WIDTH="19" VPOS="259" HPOS="508"/>
							<String ID="string_15" HPOS="527" VPOS="260" WIDTH="23" HEIGHT="22" WC="0.96" CONTENT="af"/><SP WIDTH="19" VPOS="260" HPOS="550"/>
							<String ID="string_16" HPOS="569" VPOS="260" WIDTH="45" HEIGHT="22" WC="0.96" CONTENT="den"/><SP WIDTH="19" VPOS="260" HPOS="614"/>
							<String ID="string_17" HPOS="633" VPOS="260" WIDTH="14" HEIGHT="21" WC="0.96" CONTENT="8"/><SP WIDTH="19" VPOS="260" HPOS="647"/>
							<String ID="string_18" HPOS="666" VPOS="260" WIDTH="114" HEIGHT="21" WC="0.96" CONTENT="Februari"/><SP WIDTH="14" VPOS="260" HPOS="780"/>
							<String ID="string_19" HPOS="794" VPOS="260" WIDTH="72" HEIGHT="27" WC="0.96" CONTENT="1681,"/><SP WIDTH="11" VPOS="260" HPOS="866"/>
							<String ID="string_20" HPOS="877" VPOS="267" WIDTH="48" HEIGHT="14" WC="0.96" CONTENT="som"/>
						</TextLine>
						<TextLine ID="line_4" HPOS="166" VPOS="294" WIDTH="759" HEIGHT="29">
							<String ID="string_21" HPOS="166" VPOS="294" WIDTH="132" HEIGHT="22" WC="0.88" CONTENT="innehåller"/><SP WIDTH="18" VPOS="294" HPOS="298"/>
							<String ID="string_22" HPOS="316" VPOS="294" WIDTH="39" HEIGHT="22" WC="0.93" CONTENT="det"/><SP WIDTH="12" VPOS="294" HPOS="355"/>
							<String ID="string_23" HPOS="367" VPOS="294" WIDTH="214" HEIGHT="29" WC="0.92" CONTENT="grundstadgande,"/><SP WIDTH="14" VPOS="294" HPOS="581"/>
							<String ID="string_24" HPOS="595" VPOS="294" WIDTH="74" HEIGHT="29" WC="0.96" CONTENT="enligt"/><SP WIDTH="12" VPOS="294" HPOS="669"/>
							<String ID="string_25" HPOS="681" VPOS="294" WIDTH="92" HEIGHT="22" WC="0.93" CONTENT="hvilket"/><SP WIDTH="11" VPOS="294" HPOS="773"/>
							<String ID="string_26" HPOS="784" VPOS="294" WIDTH="141" HEIGHT="22" WC="0.88" CONTENT="klockarene"/>
						</TextLine>
						<TextLine ID="line_5" HPOS="167" VPOS="328" WIDTH="757" HEIGHT="30">
							<String ID="string_27" HPOS="167" VPOS="330" WIDTH="13" HEIGHT="20" WC="0.93" CONTENT="å"/><SP WIDTH="26" VPOS="330" HPOS="180"/>
							<String ID="string_28" HPOS="206" VPOS="328" WIDTH="82" HEIGHT="22" WC="0.96" CONTENT="landet"/><SP WIDTH="26" VPOS="328" HPOS="288"/>
							<String ID="string_29" HPOS="314" VPOS="329" WIDTH="104" HEIGHT="29" WC="0.95" CONTENT="uppbära"/><SP WIDTH="27" VPOS="329" HPOS="418"/>
							<String ID="string_30" HPOS="445" VPOS="329" WIDTH="51" HEIGHT="21" WC="0.93" CONTENT="sina"/><SP WIDTH="22" VPOS="329" HPOS="496"/>
							<String ID="string_31" HPOS="518" VPOS="330" WIDTH="177" HEIGHT="27" WC="0.91" CONTENT="löneförmåner,"/><SP WIDTH="19" VPOS="330" HPOS="695"/>
							<String ID="string_32" HPOS="714" VPOS="329" WIDTH="151" HEIGHT="21" WC="0.92" CONTENT="föreskrifver"/><SP WIDTH="18" VPOS="329" HPOS="865"/>
							<String ID="string_33" HPOS="883" VPOS="328" WIDTH="8" HEIGHT="22" WC="0.96" CONTENT="i"/><SP WIDTH="19" VPOS="328" HPOS="891"/>
							<String ID="string_34" HPOS="910" VPOS="329" WIDTH="14" HEIGHT="21" WC="0.96" CONTENT="6"/>
						</TextLine>
						<TextLine ID="line_6" HPOS="166" VPOS="363" WIDTH="759" HEIGHT="29">
							<String ID="string_35" HPOS="166" VPOS="363" WIDTH="119" HEIGHT="29" WC="0.92" CONTENT="punkten:"/><SP WIDTH="20" VPOS="363" HPOS="285"/>
							<String ID="string_36" HPOS="305" VPOS="363" WIDTH="141" HEIGHT="29" WC="0.86" CONTENT=",Klockares"/><SP WIDTH="19" VPOS="363" HPOS="446"/>
							<String ID="string_37" HPOS="465" VPOS="364" WIDTH="114" HEIGHT="28" WC="0.96" CONTENT="rättighet"/><SP WIDTH="18" VPOS="364" HPOS="579"/>
							<String ID="string_38" HPOS="597" VPOS="364" WIDTH="60" HEIGHT="22" WC="0.96" CONTENT="skall"/><SP WIDTH="18" VPOS="364" HPOS="657"/>
							<String ID="string_39" HPOS="675" VPOS="371" WIDTH="57" HEIGHT="15" WC="0.96" CONTENT="vara"/><SP WIDTH="18" VPOS="371" HPOS="732"/>
							<String ID="string_40" HPOS="750" VPOS="366" WIDTH="35" HEIGHT="19" WC="0.93" CONTENT="att"/><SP WIDTH="18" VPOS="366" HPOS="785"/>
							<String ID="string_41" HPOS="803" VPOS="363" WIDTH="122" HEIGHT="22" WC="0.92" CONTENT="bekomma"/>
						</TextLine>
						<TextLine ID="line_7" HPOS="167" VPOS="398" WIDTH="758" HEIGHT="29">
							<String ID="string_42" HPOS="167" VPOS="398" WIDTH="23" HEIGHT="22" WC="0.96" CONTENT="af"/><SP WIDTH="26" VPOS="398" HPOS="190"/>
							<String ID="string_43" HPOS="216" VPOS="398" WIDTH="59" HEIGHT="22" WC="0.96" CONTENT="hvar"/><SP WIDTH="28" VPOS="398" HPOS="275"/>
							<String ID="string_44" HPOS="303" VPOS="398" WIDTH="78" HEIGHT="22" WC="0.95" CONTENT="bonde"/><SP WIDTH="27" VPOS="398" HPOS="381"/>
							<String ID="string_45" HPOS="408" VPOS="398" WIDTH="89" HEIGHT="29" WC="0.96" CONTENT="årligen"/><SP WIDTH="23" VPOS="398" HPOS="497"/>
							<String ID="string_46" HPOS="520" VPOS="399" WIDTH="38" HEIGHT="21" WC="0.96" CONTENT="till"/><SP WIDTH="18" VPOS="399" HPOS="558"/>
							<String ID="string_47" HPOS="576" VPOS="399" WIDTH="40" HEIGHT="21" WC="0.96" CONTENT="lön"/><SP WIDTH="18" VPOS="399" HPOS="616"/>
							<String ID="string_48" HPOS="634" VPOS="398" WIDTH="43" HEIGHT="22" WC="0.96" CONTENT="och"/><SP WIDTH="18" VPOS="398" HPOS="677"/>
							<String ID="string_49" HPOS="695" VPOS="398" WIDTH="123" HEIGHT="22" WC="0.95" CONTENT="underhåll"/><SP WIDTH="18" VPOS="398" HPOS="818"/>
							<String ID="string_50" HPOS="836" VPOS="399" WIDTH="42" HEIGHT="28" WC="0.96" CONTENT="råg"/><SP WIDTH="18" VPOS="399" HPOS="878"/>
							<String ID="string_51" HPOS="896" VPOS="406" WIDTH="29" HEIGHT="13" WC="0.96" CONTENT="en"/>
						</TextLine>
						<TextLine ID="line_8" HPOS="165" VPOS="432" WIDTH="760" HEIGHT="30">
							<String ID="string_52" HPOS="165" VPOS="433" WIDTH="85" HEIGHT="29" WC="0.91" CONTENT="kappe,"/><SP WIDTH="19" VPOS="433" HPOS="250"/>
							<String ID="string_53" HPOS="269" VPOS="433" WIDTH="59" HEIGHT="21" WC="0.96" CONTENT="korn"/><SP WIDTH="19" VPOS="433" HPOS="328"/>
							<String ID="string_54" HPOS="347" VPOS="440" WIDTH="28" HEIGHT="14" WC="0.93" CONTENT="en"/><SP WIDTH="18" VPOS="440" HPOS="375"/>
							<String ID="string_55" HPOS="393" VPOS="433" WIDTH="83" HEIGHT="29" WC="0.92" CONTENT="kappe,"/><SP WIDTH="19" VPOS="433" HPOS="476"/>
							<String ID="string_56" HPOS="495" VPOS="433" WIDTH="65" HEIGHT="22" WC="0.91" CONTENT="hafre"/><SP WIDTH="19" VPOS="433" HPOS="560"/>
							<String ID="string_57" HPOS="579" VPOS="441" WIDTH="29" HEIGHT="14" WC="0.93" CONTENT="en"/><SP WIDTH="18" VPOS="441" HPOS="608"/>
							<String ID="string_58" HPOS="626" VPOS="434" WIDTH="83" HEIGHT="28" WC="0.92" CONTENT="kappe,"/><SP WIDTH="20" VPOS="434" HPOS="709"/>
							<String ID="string_59" HPOS="729" VPOS="432" WIDTH="72" HEIGHT="22" WC="0.96" CONTENT="sedan"/><SP WIDTH="20" VPOS="432" HPOS="801"/>
							<String ID="string_60" HPOS="821" VPOS="436" WIDTH="43" HEIGHT="18" WC="0.88" CONTENT="när"/><SP WIDTH="11" VPOS="436" HPOS="864"/>
							<String ID="string_61" HPOS="875" VPOS="433" WIDTH="50" HEIGHT="28" WC="0.92" CONTENT="vig-"/>
						</TextLine>
						<TextLine ID="line_9" HPOS="166" VPOS="467" WIDTH="760" HEIGHT="30">
							<String ID="string_62" HPOS="166" VPOS="467" WIDTH="59" HEIGHT="29" WC="0.96" CONTENT="ning"/><SP WIDTH="18" VPOS="467" HPOS="225"/>
							<String ID="string_63" HPOS="243" VPOS="468" WIDTH="54" HEIGHT="21" WC="0.96" CONTENT="sker"/><SP WIDTH="18" VPOS="468" HPOS="297"/>
							<String ID="string_64" HPOS="315" VPOS="468" WIDTH="40" HEIGHT="21" WC="0.96" CONTENT="två"/><SP WIDTH="18" VPOS="468" HPOS="355"/>
							<String ID="string_65" HPOS="373" VPOS="471" WIDTH="45" HEIGHT="25" WC="0.96" CONTENT="öre,"/><SP WIDTH="19" VPOS="471" HPOS="418"/>
							<String ID="string_66" HPOS="437" VPOS="468" WIDTH="37" HEIGHT="22" WC="0.96" CONTENT="för"/><SP WIDTH="16" VPOS="468" HPOS="474"/>
							<String ID="string_67" HPOS="490" VPOS="468" WIDTH="106" HEIGHT="29" WC="0.96" CONTENT="barndop"/><SP WIDTH="14" VPOS="468" HPOS="596"/>
							<String ID="string_68" HPOS="610" VPOS="470" WIDTH="34" HEIGHT="20" WC="0.96" CONTENT="ett"/><SP WIDTH="13" VPOS="470" HPOS="644"/>
							<String ID="string_69" HPOS="657" VPOS="472" WIDTH="44" HEIGHT="24" WC="0.96" CONTENT="öre,"/><SP WIDTH="15" VPOS="472" HPOS="701"/>
							<String ID="string_70" HPOS="716" VPOS="468" WIDTH="37" HEIGHT="22" WC="0.93" CONTENT="för"/><SP WIDTH="11" VPOS="468" HPOS="753"/>
							<String ID="string_71" HPOS="764" VPOS="467" WIDTH="162" HEIGHT="29" WC="0.92" CONTENT="kyrktagning"/>
						</TextLine>
						<TextLine ID="line_10" HPOS="167" VPOS="502" WIDTH="758" HEIGHT="28">
							<String ID="string_72" HPOS="167" VPOS="502" WIDTH="59" HEIGHT="21" WC="0.95" CONTENT="efter"/><SP WIDTH="18" VPOS="502" HPOS="226"/>
							<String ID="string_73" HPOS="244" VPOS="502" WIDTH="60" HEIGHT="22" WC="0.96" CONTENT="barn"/><SP WIDTH="17" VPOS="502" HPOS="304"/>
							<String ID="string_74" HPOS="321" VPOS="502" WIDTH="41" HEIGHT="22" WC="0.96" CONTENT="två"/><SP WIDTH="19" VPOS="502" HPOS="362"/>
							<String ID="string_75" HPOS="381" VPOS="506" WIDTH="45" HEIGHT="24" WC="0.96" CONTENT="öre,"/><SP WIDTH="20" VPOS="506" HPOS="426"/>
							<String ID="string_76" HPOS="446" VPOS="502" WIDTH="58" HEIGHT="22" WC="0.96" CONTENT="efter"/><SP WIDTH="18" VPOS="502" HPOS="504"/>
							<String ID="string_77" HPOS="522" VPOS="505" WIDTH="34" HEIGHT="19" WC="0.96" CONTENT="ett"/><SP WIDTH="18" VPOS="505" HPOS="556"/>
							<String ID="string_78" HPOS="574" VPOS="503" WIDTH="35" HEIGHT="21" WC="0.96" CONTENT="lik"/><SP WIDTH="18" VPOS="503" HPOS="609"/>
							<String ID="string_79" HPOS="627" VPOS="504" WIDTH="40" HEIGHT="20" WC="0.96" CONTENT="två"/><SP WIDTH="18" VPOS="504" HPOS="667"/>
							<String ID="string_80" HPOS="685" VPOS="506" WIDTH="46" HEIGHT="24" WC="0.96" CONTENT="öre,"/><SP WIDTH="19" VPOS="506" HPOS="731"/>
							<String ID="string_81" HPOS="750" VPOS="502" WIDTH="43" HEIGHT="22" WC="0.96" CONTENT="allt"/><SP WIDTH="17" VPOS="502" HPOS="793"/>
							<String ID="string_82" HPOS="810" VPOS="502" WIDTH="8" HEIGHT="21" WC="0.93" CONTENT="i"/><SP WIDTH="19" VPOS="502" HPOS="818"/>
							<String ID="string_83" HPOS="837" VPOS="502" WIDTH="88" HEIGHT="22" WC="0.92" CONTENT="silfver-"/>
						</TextLine>
						<TextLine ID="line_11" HPOS="166" VPOS="536" WIDTH="760" HEIGHT="30">
							<String ID="string_84" HPOS="166" VPOS="536" WIDTH="87" HEIGHT="30" WC="0.66" CONTENT="mynt.&quot;"/><SP WIDTH="38" VPOS="536" HPOS="253"/>
							<String ID="string_85" HPOS="291" VPOS="536" WIDTH="52" HEIGHT="22" WC="0.96" CONTENT="Den"/><SP WIDTH="27" VPOS="536" HPOS="343"/>
							<String ID="string_86" HPOS="370" VPOS="537" WIDTH="110" HEIGHT="22" WC="0.95" CONTENT="klockare"/><SP WIDTH="27" VPOS="537" HPOS="480"/>
							<String ID="string_87" HPOS="507" VPOS="538" WIDTH="30" HEIGHT="28" WC="0.96" CONTENT="på"/><SP WIDTH="26" VPOS="538" HPOS="537"/>
							<String ID="string_88" HPOS="563" VPOS="537" WIDTH="76" HEIGHT="29" WC="0.96" CONTENT="grund"/><SP WIDTH="27" VPOS="537" HPOS="639"/>
							<String ID="string_89" HPOS="666" VPOS="537" WIDTH="67" HEIGHT="21" WC="0.96" CONTENT="häraf"/><SP WIDTH="18" VPOS="537" HPOS="733"/>
							<String ID="string_90" HPOS="751" VPOS="536" WIDTH="175" HEIGHT="22" WC="0.96" CONTENT="tillkommande"/>
						</TextLine>
						<TextLine ID="line_12" HPOS="167" VPOS="570" WIDTH="756" HEIGHT="30">
							<String ID="string_91" HPOS="167" VPOS="572" WIDTH="107" HEIGHT="28" WC="0.89" CONTENT="spanmål"/><SP WIDTH="23" VPOS="572" HPOS="274"/>
							<String ID="string_92" HPOS="297" VPOS="573" WIDTH="95" HEIGHT="27" WC="0.95" CONTENT="utgöres"/><SP WIDTH="26" VPOS="573" HPOS="392"/>
							<String ID="string_93" HPOS="418" VPOS="572" WIDTH="74" HEIGHT="22" WC="0.93" CONTENT="likväl"/><SP WIDTH="23" VPOS="572" HPOS="492"/>
							<String ID="string_94" HPOS="515" VPOS="572" WIDTH="51" HEIGHT="22" WC="0.91" CONTENT="icke"/><SP WIDTH="20" VPOS="572" HPOS="566"/>
							<String ID="string_95" HPOS="586" VPOS="572" WIDTH="99" HEIGHT="22" WC="0.91" CONTENT="allenast"/><SP WIDTH="18" VPOS="572" HPOS="685"/>
							<String ID="string_96" HPOS="703" VPOS="572" WIDTH="24" HEIGHT="22" WC="0.93" CONTENT="af"/><SP WIDTH="19" VPOS="572" HPOS="727"/>
							<String ID="string_97" HPOS="746" VPOS="571" WIDTH="71" HEIGHT="29" WC="0.91" CONTENT=",hvar"/><SP WIDTH="18" VPOS="571" HPOS="817"/>
							<String ID="string_98" HPOS="835" VPOS="570" WIDTH="88" HEIGHT="23" WC="0.92" CONTENT="bonde&quot;"/>
						</TextLine>
						<TextLine ID="line_13" HPOS="166" VPOS="606" WIDTH="760" HEIGHT="30">
							<String ID="string_99" HPOS="166" VPOS="608" WIDTH="59" HEIGHT="20" WC="0.96" CONTENT="utan"/><SP WIDTH="28" VPOS="608" HPOS="225"/>
							<String ID="string_100" HPOS="253" VPOS="606" WIDTH="23" HEIGHT="22" WC="0.95" CONTENT="af"/><SP WIDTH="27" VPOS="606" HPOS="276"/>
							<String ID="string_101" HPOS="303" VPOS="606" WIDTH="52" HEIGHT="28" WC="0.93" CONTENT="alla,"/><SP WIDTH="29" VPOS="606" HPOS="355"/>
							<String ID="string_102" HPOS="384" VPOS="606" WIDTH="74" HEIGHT="22" WC="0.92" CONTENT="ehvad"/><SP WIDTH="26" VPOS="606" HPOS="458"/>
							<String ID="string_103" HPOS="484" VPOS="606" WIDTH="85" HEIGHT="30" WC="0.49" CONTENT="näring"/><SP WIDTH="27" VPOS="606" HPOS="569"/>
							<String ID="string_104" HPOS="596" VPOS="606" WIDTH="28" HEIGHT="22" WC="0.96" CONTENT="de"/><SP WIDTH="27" VPOS="606" HPOS="624"/>
							<String ID="string_105" HPOS="651" VPOS="606" WIDTH="76" HEIGHT="28" WC="0.96" CONTENT="hafva,"/><SP WIDTH="26" VPOS="606" HPOS="727"/>
							<String ID="string_106" HPOS="753" VPOS="614" WIDTH="49" HEIGHT="14" WC="0.96" CONTENT="som"/><SP WIDTH="17" VPOS="614" HPOS="802"/>
							<String ID="string_107" HPOS="819" VPOS="606" WIDTH="107" HEIGHT="22" WC="0.96" CONTENT="hemman"/>
						</TextLine>
						<TextLine ID="line_14" HPOS="167" VPOS="640" WIDTH="759" HEIGHT="30">
							<String ID="string_108" HPOS="167" VPOS="641" WIDTH="76" HEIGHT="21" WC="0.96" CONTENT="bruka"/><SP WIDTH="28" VPOS="641" HPOS="243"/>
							<String ID="string_109" HPOS="271" VPOS="640" WIDTH="43" HEIGHT="22" WC="0.96" CONTENT="och"/><SP WIDTH="17" VPOS="640" HPOS="314"/>
							<String ID="string_110" HPOS="331" VPOS="640" WIDTH="93" HEIGHT="29" WC="0.96" CONTENT="besitta,"/><SP WIDTH="18" VPOS="640" HPOS="424"/>
							<String ID="string_111" HPOS="442" VPOS="641" WIDTH="91" HEIGHT="22" WC="0.96" CONTENT="hvilket"/><SP WIDTH="18" VPOS="641" HPOS="533"/>
							<String ID="string_112" HPOS="551" VPOS="642" WIDTH="102" HEIGHT="28" WC="0.96" CONTENT="framgår"/><SP WIDTH="18" VPOS="642" HPOS="653"/>
							<String ID="string_113" HPOS="671" VPOS="641" WIDTH="66" HEIGHT="22" WC="0.96" CONTENT="såväl"/><SP WIDTH="13" VPOS="641" HPOS="737"/>
							<String ID="string_114" HPOS="750" VPOS="641" WIDTH="23" HEIGHT="21" WC="0.93" CONTENT="af"/><SP WIDTH="12" VPOS="641" HPOS="773"/>
							<String ID="string_115" HPOS="785" VPOS="640" WIDTH="141" HEIGHT="30" WC="0.91" CONTENT="stadgandet"/>
						</TextLine>
						<TextLine ID="line_15" HPOS="167" VPOS="675" WIDTH="759" HEIGHT="30">
							<String ID="string_116" HPOS="167" VPOS="676" WIDTH="9" HEIGHT="21" WC="0.96" CONTENT="i"/><SP WIDTH="24" VPOS="676" HPOS="176"/>
							<String ID="string_117" HPOS="200" VPOS="676" WIDTH="11" HEIGHT="21" WC="0.94" CONTENT="1"/><SP WIDTH="24" VPOS="676" HPOS="211"/>
							<String ID="string_118" HPOS="235" VPOS="676" WIDTH="107" HEIGHT="28" WC="0.94" CONTENT="punkten"/><SP WIDTH="18" VPOS="676" HPOS="342"/>
							<String ID="string_119" HPOS="360" VPOS="676" WIDTH="23" HEIGHT="20" WC="0.96" CONTENT="af"/><SP WIDTH="19" VPOS="676" HPOS="383"/>
							<String ID="string_120" HPOS="402" VPOS="676" WIDTH="130" HEIGHT="29" WC="0.96" CONTENT="åberopade"/><SP WIDTH="18" VPOS="676" HPOS="532"/>
							<String ID="string_121" HPOS="550" VPOS="676" WIDTH="138" HEIGHT="28" WC="0.96" CONTENT="förordning"/><SP WIDTH="19" VPOS="676" HPOS="688"/>
							<String ID="string_122" HPOS="707" VPOS="683" WIDTH="50" HEIGHT="15" WC="0.96" CONTENT="som"/><SP WIDTH="18" VPOS="683" HPOS="757"/>
							<String ID="string_123" HPOS="775" VPOS="676" WIDTH="44" HEIGHT="22" WC="0.96" CONTENT="ock"/><SP WIDTH="18" VPOS="676" HPOS="819"/>
							<String ID="string_124" HPOS="837" VPOS="675" WIDTH="23" HEIGHT="22" WC="0.96" CONTENT="af"/><SP WIDTH="19" VPOS="675" HPOS="860"/>
							<String ID="string_125" HPOS="879" VPOS="676" WIDTH="13" HEIGHT="20" WC="0.92" CONTENT="9"/><SP WIDTH="21" VPOS="676" HPOS="892"/>
							<String ID="string_126" HPOS="913" VPOS="676" WIDTH="13" HEIGHT="26" WC="0.91" CONTENT="$"/>
						</TextLine>
						<TextLine ID="line_16" HPOS="167" VPOS="710" WIDTH="759" HEIGHT="30">
							<String ID="string_127" HPOS="167" VPOS="710" WIDTH="9" HEIGHT="22" WC="0.96" CONTENT="i"/><SP WIDTH="23" VPOS="710" HPOS="176"/>
							<String ID="string_128" HPOS="199" VPOS="710" WIDTH="88" HEIGHT="29" WC="0.93" CONTENT="Kongl."/><SP WIDTH="26" VPOS="710" HPOS="287"/>
							<String ID="string_129" HPOS="313" VPOS="710" WIDTH="159" HEIGHT="22" WC="0.91" CONTENT="resolutionen"/><SP WIDTH="26" VPOS="710" HPOS="472"/>
							<String ID="string_130" HPOS="498" VPOS="710" WIDTH="46" HEIGHT="22" WC="0.96" CONTENT="den"/><SP WIDTH="26" VPOS="710" HPOS="544"/>
							<String ID="string_131" HPOS="570" VPOS="711" WIDTH="11" HEIGHT="21" WC="0.96" CONTENT="1"/><SP WIDTH="25" VPOS="711" HPOS="581"/>
							<String ID="string_132" HPOS="606" VPOS="710" WIDTH="102" HEIGHT="30" WC="0.95" CONTENT="Augusti"/><SP WIDTH="21" VPOS="710" HPOS="708"/>
							<String ID="string_133" HPOS="729" VPOS="710" WIDTH="71" HEIGHT="22" WC="0.96" CONTENT="1720."/><SP WIDTH="37" VPOS="710" HPOS="800"/>
							<String ID="string_134" HPOS="837" VPOS="710" WIDTH="89" HEIGHT="22" WC="0.95" CONTENT="Genom"/>
						</TextLine>
						<TextLine ID="line_17" HPOS="167" VPOS="744" WIDTH="759" HEIGHT="30">
							<String ID="string_135" HPOS="167" VPOS="745" WIDTH="88" HEIGHT="29" WC="0.93" CONTENT="Kongl."/><SP WIDTH="24" VPOS="745" HPOS="255"/>
							<String ID="string_136" HPOS="279" VPOS="745" WIDTH="157" HEIGHT="22" WC="0.92" CONTENT="resolutionen"/><SP WIDTH="22" VPOS="745" HPOS="436"/>
							<String ID="string_137" HPOS="458" VPOS="745" WIDTH="46" HEIGHT="21" WC="0.96" CONTENT="den"/><SP WIDTH="18" VPOS="745" HPOS="504"/>
							<String ID="string_138" HPOS="522" VPOS="746" WIDTH="16" HEIGHT="21" WC="0.96" CONTENT="4"/><SP WIDTH="18" VPOS="746" HPOS="538"/>
							<String ID="string_139" HPOS="556" VPOS="745" WIDTH="127" HEIGHT="22" WC="0.96" CONTENT="December"/><SP WIDTH="25" VPOS="745" HPOS="683"/>
							<String ID="string_140" HPOS="708" VPOS="745" WIDTH="65" HEIGHT="21" WC="0.95" CONTENT="1734"/><SP WIDTH="18" VPOS="745" HPOS="773"/>
							<String ID="string_141" HPOS="791" VPOS="744" WIDTH="42" HEIGHT="22" WC="0.91" CONTENT="har"/><SP WIDTH="18" VPOS="744" HPOS="833"/>
							<String ID="string_142" HPOS="851" VPOS="744" WIDTH="75" HEIGHT="22" WC="0.91" CONTENT="seder-"/>
						</TextLine>
						<TextLine ID="line_18" HPOS="167" VPOS="779" WIDTH="759" HEIGHT="29">
							<String ID="string_143" HPOS="167" VPOS="787" WIDTH="64" HEIGHT="14" WC="0.93" CONTENT="mera"/><SP WIDTH="18" VPOS="787" HPOS="231"/>
							<String ID="string_144" HPOS="249" VPOS="779" WIDTH="139" HEIGHT="29" WC="0.90" CONTENT="förordnats,"/><SP WIDTH="20" VPOS="779" HPOS="388"/>
							<String ID="string_145" HPOS="408" VPOS="782" WIDTH="35" HEIGHT="19" WC="0.96" CONTENT="att"/><SP WIDTH="18" VPOS="782" HPOS="443"/>
							<String ID="string_146" HPOS="461" VPOS="780" WIDTH="58" HEIGHT="22" WC="0.96" CONTENT="hvar"/><SP WIDTH="18" VPOS="780" HPOS="519"/>
							<String ID="string_147" HPOS="537" VPOS="780" WIDTH="44" HEIGHT="22" WC="0.96" CONTENT="och"/><SP WIDTH="19" VPOS="780" HPOS="581"/>
							<String ID="string_148" HPOS="600" VPOS="788" WIDTH="34" HEIGHT="20" WC="0.96" CONTENT="en,"/><SP WIDTH="19" VPOS="788" HPOS="634"/>
							<String ID="string_149" HPOS="653" VPOS="780" WIDTH="61" HEIGHT="21" WC="0.96" CONTENT="huru"/><SP WIDTH="17" VPOS="780" HPOS="714"/>
							<String ID="string_150" HPOS="731" VPOS="780" WIDTH="69" HEIGHT="28" WC="0.93" CONTENT="ringa"/><SP WIDTH="9" VPOS="780" HPOS="800"/>
							<String ID="string_151" HPOS="809" VPOS="779" WIDTH="117" HEIGHT="22" WC="0.91" CONTENT="hemman-"/>
						</TextLine>
						<TextLine ID="line_19" HPOS="167" VPOS="814" WIDTH="759" HEIGHT="30">
							<String ID="string_152" HPOS="167" VPOS="814" WIDTH="34" HEIGHT="22" WC="0.96" CONTENT="tal"/><SP WIDTH="8" VPOS="814" HPOS="201"/>
							<String ID="string_153" HPOS="209" VPOS="814" WIDTH="49" HEIGHT="22" WC="0.96" CONTENT="han"/><SP WIDTH="11" VPOS="814" HPOS="258"/>
							<String ID="string_154" HPOS="269" VPOS="818" WIDTH="30" HEIGHT="18" WC="0.96" CONTENT="än"/><SP WIDTH="9" VPOS="818" HPOS="299"/>
							<String ID="string_155" HPOS="308" VPOS="822" WIDTH="61" HEIGHT="21" WC="0.96" CONTENT="eger,"/><SP WIDTH="10" VPOS="822" HPOS="369"/>
							<String ID="string_156" HPOS="379" VPOS="814" WIDTH="60" HEIGHT="22" WC="0.93" CONTENT="skall"/><SP WIDTH="10" VPOS="814" HPOS="439"/>
							<String ID="string_157" HPOS="449" VPOS="814" WIDTH="210" HEIGHT="30" WC="0.92" CONTENT="klockarrättighet"/><SP WIDTH="12" VPOS="814" HPOS="659"/>
							<String ID="string_158" HPOS="671" VPOS="814" WIDTH="102" HEIGHT="29" WC="0.93" CONTENT="erlägga."/><SP WIDTH="25" VPOS="814" HPOS="773"/>
							<String ID="string_159" HPOS="798" VPOS="814" WIDTH="128" HEIGHT="22" WC="0.91" CONTENT="Klockares"/>
						</TextLine>
						<TextLine ID="line_20" HPOS="168" VPOS="848" WIDTH="758" HEIGHT="30">
							<String ID="string_160" HPOS="168" VPOS="848" WIDTH="158" HEIGHT="30" WC="0.91" CONTENT="spanmålslön"/><SP WIDTH="27" VPOS="848" HPOS="326"/>
							<String ID="string_161" HPOS="353" VPOS="849" WIDTH="69" HEIGHT="28" WC="0.93" CONTENT="utgår"/><SP WIDTH="28" VPOS="849" HPOS="422"/>
							<String ID="string_162" HPOS="450" VPOS="849" WIDTH="88" HEIGHT="22" WC="0.93" CONTENT="således"/><SP WIDTH="27" VPOS="849" HPOS="538"/>
							<String ID="string_163" HPOS="565" VPOS="849" WIDTH="59" HEIGHT="22" WC="0.95" CONTENT="efter"/><SP WIDTH="23" VPOS="849" HPOS="624"/>
							<String ID="string_164" HPOS="647" VPOS="849" WIDTH="100" HEIGHT="28" WC="0.93" CONTENT="hushåll,"/><SP WIDTH="18" VPOS="849" HPOS="747"/>
							<String ID="string_165" HPOS="765" VPOS="848" WIDTH="88" HEIGHT="29" WC="0.92" CONTENT="matlag"/><SP WIDTH="18" VPOS="848" HPOS="853"/>
							<String ID="string_166" HPOS="871" VPOS="848" WIDTH="55" HEIGHT="22" WC="0.95" CONTENT="eller"/>
						</TextLine>
						<TextLine ID="line_21" HPOS="167" VPOS="883" WIDTH="759" HEIGHT="29">
							<String ID="string_167" HPOS="167" VPOS="884" WIDTH="43" HEIGHT="21" WC="0.96" CONTENT="rök"/><SP WIDTH="19" VPOS="884" HPOS="210"/>
							<String ID="string_168" HPOS="229" VPOS="883" WIDTH="44" HEIGHT="22" WC="0.96" CONTENT="och"/><SP WIDTH="18" VPOS="883" HPOS="273"/>
							<String ID="string_169" HPOS="291" VPOS="883" WIDTH="52" HEIGHT="21" WC="0.96" CONTENT="icke"/><SP WIDTH="18" VPOS="883" HPOS="343"/>
							<String ID="string_170" HPOS="361" VPOS="883" WIDTH="59" HEIGHT="22" WC="0.96" CONTENT="efter"/><SP WIDTH="17" VPOS="883" HPOS="420"/>
							<String ID="string_171" HPOS="437" VPOS="884" WIDTH="95" HEIGHT="22" WC="0.95" CONTENT="mantal."/><SP WIDTH="37" VPOS="884" HPOS="532"/>
							<String ID="string_172" HPOS="569" VPOS="884" WIDTH="46" HEIGHT="21" WC="0.95" CONTENT="Till"/><SP WIDTH="17" VPOS="884" HPOS="615"/>
							<String ID="string_173" HPOS="632" VPOS="883" WIDTH="60" HEIGHT="29" WC="0.96" CONTENT="följd"/><SP WIDTH="16" VPOS="883" HPOS="692"/>
							<String ID="string_174" HPOS="708" VPOS="883" WIDTH="68" HEIGHT="22" WC="0.96" CONTENT="häraf"/><SP WIDTH="13" VPOS="883" HPOS="776"/>
							<String ID="string_175" HPOS="789" VPOS="884" WIDTH="56" HEIGHT="21" WC="0.96" CONTENT="ökas"/><SP WIDTH="12" VPOS="884" HPOS="845"/>
							<String ID="string_176" HPOS="857" VPOS="883" WIDTH="69" HEIGHT="21" WC="0.96" CONTENT="lönen"/>
						</TextLine>
						<TextLine ID="line_22" HPOS="167" VPOS="917" WIDTH="760" HEIGHT="30">
							<String ID="string_177" HPOS="167" VPOS="918" WIDTH="41" HEIGHT="22" WC="0.93" CONTENT="vid"/><SP WIDTH="17" VPOS="918" HPOS="208"/>
							<String ID="string_178" HPOS="225" VPOS="918" WIDTH="237" HEIGHT="29" WC="0.90" CONTENT="hemmansklyfning,"/><SP WIDTH="18" VPOS="918" HPOS="462"/>
							<String ID="string_179" HPOS="480" VPOS="926" WIDTH="52" HEIGHT="14" WC="0.96" CONTENT="men"/><SP WIDTH="18" VPOS="926" HPOS="532"/>
							<String ID="string_180" HPOS="550" VPOS="918" WIDTH="110" HEIGHT="29" WC="0.96" CONTENT="minskas,"/><SP WIDTH="14" VPOS="918" HPOS="660"/>
							<String ID="string_181" HPOS="674" VPOS="926" WIDTH="37" HEIGHT="14" WC="0.96" CONTENT="om"/><SP WIDTH="12" VPOS="926" HPOS="711"/>
							<String ID="string_182" HPOS="723" VPOS="918" WIDTH="56" HEIGHT="22" WC="0.96" CONTENT="flera"/><SP WIDTH="12" VPOS="918" HPOS="779"/>
							<String ID="string_183" HPOS="791" VPOS="917" WIDTH="136" HEIGHT="29" WC="0.96" CONTENT="lägenheter"/>
						</TextLine>
						<TextLine ID="line_23" HPOS="167" VPOS="952" WIDTH="759" HEIGHT="30">
							<String ID="string_184" HPOS="167" VPOS="953" WIDTH="64" HEIGHT="21" WC="0.96" CONTENT="inom"/><SP WIDTH="24" VPOS="953" HPOS="231"/>
							<String ID="string_185" HPOS="255" VPOS="960" WIDTH="86" HEIGHT="14" WC="0.96" CONTENT="samma"/><SP WIDTH="18" VPOS="960" HPOS="341"/>
							<String ID="string_186" HPOS="359" VPOS="952" WIDTH="136" HEIGHT="30" WC="0.96" CONTENT="församling"/><SP WIDTH="17" VPOS="952" HPOS="495"/>
							<String ID="string_187" HPOS="512" VPOS="953" WIDTH="93" HEIGHT="22" WC="0.96" CONTENT="förenas"/><SP WIDTH="18" VPOS="953" HPOS="605"/>
							<String ID="string_188" HPOS="623" VPOS="953" WIDTH="9" HEIGHT="21" WC="0.96" CONTENT="i"/><SP WIDTH="17" VPOS="953" HPOS="632"/>
							<String ID="string_189" HPOS="649" VPOS="961" WIDTH="30" HEIGHT="13" WC="0.96" CONTENT="en"/><SP WIDTH="18" VPOS="961" HPOS="679"/>
							<String ID="string_190" HPOS="697" VPOS="952" WIDTH="63" HEIGHT="22" WC="0.96" CONTENT="hand"/><SP WIDTH="19" VPOS="952" HPOS="760"/>
							<String ID="string_191" HPOS="779" VPOS="952" WIDTH="44" HEIGHT="22" WC="0.96" CONTENT="och"/><SP WIDTH="17" VPOS="952" HPOS="823"/>
							<String ID="string_192" HPOS="840" VPOS="952" WIDTH="86" HEIGHT="22" WC="0.96" CONTENT="brukas"/>
						</TextLine>
						<TextLine ID="line_24" HPOS="167" VPOS="986" WIDTH="760" HEIGHT="30">
							<String ID="string_193" HPOS="167" VPOS="987" WIDTH="161" HEIGHT="28" WC="0.95" CONTENT="tillsammans,"/><SP WIDTH="28" VPOS="987" HPOS="328"/>
							<String ID="string_194" HPOS="356" VPOS="995" WIDTH="29" HEIGHT="13" WC="0.96" CONTENT="en"/><SP WIDTH="27" VPOS="995" HPOS="385"/>
							<String ID="string_195" HPOS="412" VPOS="988" WIDTH="141" HEIGHT="28" WC="0.96" CONTENT="minskning,"/><SP WIDTH="29" VPOS="988" HPOS="553"/>
							<String ID="string_196" HPOS="582" VPOS="995" WIDTH="48" HEIGHT="15" WC="0.96" CONTENT="som"/><SP WIDTH="27" VPOS="995" HPOS="630"/>
							<String ID="string_197" HPOS="657" VPOS="987" WIDTH="66" HEIGHT="28" WC="0.96" CONTENT="dock,"/><SP WIDTH="20" VPOS="987" HPOS="723"/>
							<String ID="string_198" HPOS="743" VPOS="987" WIDTH="74" HEIGHT="29" WC="0.96" CONTENT="enligt"/><SP WIDTH="20" VPOS="987" HPOS="817"/>
							<String ID="string_199" HPOS="837" VPOS="987" WIDTH="32" HEIGHT="21" WC="0.92" CONTENT="34"/><SP WIDTH="18" VPOS="987" HPOS="869"/>
							<String ID="string_200" HPOS="887" VPOS="988" WIDTH="13" HEIGHT="25" WC="0.90" CONTENT="$"/><SP WIDTH="18" VPOS="988" HPOS="900"/>
							<String ID="string_201" HPOS="918" VPOS="986" WIDTH="9" HEIGHT="22" WC="0.96" CONTENT="i"/>
						</TextLine>
						<TextLine ID="line_25" HPOS="167" VPOS="1021" WIDTH="759" HEIGHT="29">
							<String ID="string_202" HPOS="167" VPOS="1022" WIDTH="94" HEIGHT="28" WC="0.90" CONTENT="Nädiga"/><SP WIDTH="26" VPOS="1022" HPOS="261"/>
							<String ID="string_203" HPOS="287" VPOS="1022" WIDTH="169" HEIGHT="28" WC="0.92" CONTENT="förordningen"/><SP WIDTH="26" VPOS="1022" HPOS="456"/>
							<String ID="string_204" HPOS="482" VPOS="1022" WIDTH="121" HEIGHT="28" WC="0.91" CONTENT="angäende"/><SP WIDTH="28" VPOS="1022" HPOS="603"/>
							<String ID="string_205" HPOS="631" VPOS="1022" WIDTH="96" HEIGHT="28" WC="0.92" CONTENT="delning"/><SP WIDTH="28" VPOS="1022" HPOS="727"/>
							<String ID="string_206" HPOS="755" VPOS="1022" WIDTH="23" HEIGHT="21" WC="0.93" CONTENT="af"/><SP WIDTH="17" VPOS="1022" HPOS="778"/>
							<String ID="string_207" HPOS="795" VPOS="1021" WIDTH="131" HEIGHT="29" WC="0.92" CONTENT="jordlägen-"/>
						</TextLine>
						<TextLine ID="line_26" HPOS="167" VPOS="1055" WIDTH="760" HEIGHT="30">
							<String ID="string_208" HPOS="167" VPOS="1055" WIDTH="73" HEIGHT="29" WC="0.90" CONTENT="heter,"/><SP WIDTH="28" VPOS="1055" HPOS="240"/>
							<String ID="string_209" HPOS="268" VPOS="1056" WIDTH="81" HEIGHT="29" WC="0.89" CONTENT="gifven"/><SP WIDTH="26" VPOS="1056" HPOS="349"/>
							<String ID="string_210" HPOS="375" VPOS="1055" WIDTH="46" HEIGHT="23" WC="0.96" CONTENT="den"/><SP WIDTH="29" VPOS="1055" HPOS="421"/>
							<String ID="string_211" HPOS="450" VPOS="1057" WIDTH="29" HEIGHT="21" WC="0.96" CONTENT="12"/><SP WIDTH="19" VPOS="1057" HPOS="479"/>
							<String ID="string_212" HPOS="498" VPOS="1057" WIDTH="58" HEIGHT="21" WC="0.96" CONTENT="Juni"/><SP WIDTH="20" VPOS="1057" HPOS="556"/>
							<String ID="string_213" HPOS="576" VPOS="1057" WIDTH="72" HEIGHT="27" WC="0.96" CONTENT="1895,"/><SP WIDTH="19" VPOS="1057" HPOS="648"/>
							<String ID="string_214" HPOS="667" VPOS="1056" WIDTH="48" HEIGHT="22" WC="0.93" CONTENT="kan"/><SP WIDTH="17" VPOS="1056" HPOS="715"/>
							<String ID="string_215" HPOS="732" VPOS="1056" WIDTH="95" HEIGHT="21" WC="0.92" CONTENT="inträffa"/><SP WIDTH="18" VPOS="1056" HPOS="827"/>
							<String ID="string_216" HPOS="845" VPOS="1055" WIDTH="82" HEIGHT="22" WC="0.96" CONTENT="endast"/>
						</TextLine>
						<TextLine ID="line_27" HPOS="167" VPOS="1090" WIDTH="759" HEIGHT="29">
							<String ID="string_217" HPOS="167" VPOS="1098" WIDTH="38" HEIGHT="14" WC="0.92" CONTENT="om"/><SP WIDTH="26" VPOS="1098" HPOS="205"/>
							<String ID="string_218" HPOS="231" VPOS="1090" WIDTH="169" HEIGHT="29" WC="0.91" CONTENT="lägenheterna"/><SP WIDTH="27" VPOS="1090" HPOS="400"/>
							<String ID="string_219" HPOS="427" VPOS="1091" WIDTH="57" HEIGHT="22" WC="0.93" CONTENT="höra"/><SP WIDTH="24" VPOS="1091" HPOS="484"/>
							<String ID="string_220" HPOS="508" VPOS="1091" WIDTH="37" HEIGHT="21" WC="0.96" CONTENT="till"/><SP WIDTH="27" VPOS="1091" HPOS="545"/>
							<String ID="string_221" HPOS="572" VPOS="1099" WIDTH="30" HEIGHT="13" WC="0.96" CONTENT="en"/><SP WIDTH="27" VPOS="1099" HPOS="602"/>
							<String ID="string_222" HPOS="629" VPOS="1091" WIDTH="43" HEIGHT="22" WC="0.95" CONTENT="och"/><SP WIDTH="23" VPOS="1091" HPOS="672"/>
							<String ID="string_223" HPOS="695" VPOS="1098" WIDTH="86" HEIGHT="14" WC="0.93" CONTENT="samma"/><SP WIDTH="18" VPOS="1098" HPOS="781"/>
							<String ID="string_224" HPOS="799" VPOS="1090" WIDTH="127" HEIGHT="22" WC="0.92" CONTENT="hemmans-"/>
						</TextLine>
						<TextLine ID="line_28" HPOS="166" VPOS="1124" WIDTH="761" HEIGHT="29">
							<String ID="string_225" HPOS="166" VPOS="1133" WIDTH="113" HEIGHT="20" WC="0.90" CONTENT="nummer,"/><SP WIDTH="28" VPOS="1133" HPOS="279"/>
							<String ID="string_226" HPOS="307" VPOS="1125" WIDTH="62" HEIGHT="28" WC="0.93" CONTENT="eller,"/><SP WIDTH="25" VPOS="1125" HPOS="369"/>
							<String ID="string_227" HPOS="394" VPOS="1125" WIDTH="79" HEIGHT="22" WC="0.93" CONTENT="därest"/><SP WIDTH="17" VPOS="1125" HPOS="473"/>
							<String ID="string_228" HPOS="490" VPOS="1125" WIDTH="28" HEIGHT="22" WC="0.93" CONTENT="de"/><SP WIDTH="19" VPOS="1125" HPOS="518"/>
							<String ID="string_229" HPOS="537" VPOS="1125" WIDTH="95" HEIGHT="22" WC="0.93" CONTENT="tillhöra"/><SP WIDTH="18" VPOS="1125" HPOS="632"/>
							<String ID="string_230" HPOS="650" VPOS="1125" WIDTH="63" HEIGHT="22" WC="0.93" CONTENT="olika"/><SP WIDTH="18" VPOS="1125" HPOS="713"/>
							<String ID="string_231" HPOS="731" VPOS="1133" WIDTH="111" HEIGHT="20" WC="0.91" CONTENT="nummer,"/><SP WIDTH="19" VPOS="1133" HPOS="842"/>
							<String ID="string_232" HPOS="861" VPOS="1124" WIDTH="66" HEIGHT="22" WC="0.96" CONTENT="deras"/>
						</TextLine>
						<TextLine ID="line_29" HPOS="168" VPOS="1159" WIDTH="759" HEIGHT="30">
							<String ID="string_233" HPOS="168" VPOS="1159" WIDTH="175" HEIGHT="29" WC="0.91" CONTENT="sammanlagda"/><SP WIDTH="18" VPOS="1159" HPOS="343"/>
							<String ID="string_234" HPOS="361" VPOS="1160" WIDTH="111" HEIGHT="22" WC="0.92" CONTENT="skattetal"/><SP WIDTH="18" VPOS="1160" HPOS="472"/>
							<String ID="string_235" HPOS="490" VPOS="1160" WIDTH="52" HEIGHT="21" WC="0.92" CONTENT="icke"/><SP WIDTH="16" VPOS="1160" HPOS="542"/>
							<String ID="string_236" HPOS="558" VPOS="1160" WIDTH="138" HEIGHT="29" WC="0.92" CONTENT="öfverstiger"/><SP WIDTH="12" VPOS="1160" HPOS="696"/>
							<String ID="string_237" HPOS="708" VPOS="1159" WIDTH="115" HEIGHT="30" WC="0.92" CONTENT="tjugufem"/><SP WIDTH="13" VPOS="1159" HPOS="823"/>
							<String ID="string_238" HPOS="836" VPOS="1159" WIDTH="91" HEIGHT="22" WC="0.93" CONTENT="etthun-"/>
						</TextLine>
						<TextLine ID="line_30" HPOS="169" VPOS="1194" WIDTH="759" HEIGHT="29">
							<String ID="string_239" HPOS="169" VPOS="1194" WIDTH="123" HEIGHT="21" WC="0.90" CONTENT="dradedels"/><SP WIDTH="21" VPOS="1194" HPOS="292"/>
							<String ID="string_240" HPOS="313" VPOS="1194" WIDTH="95" HEIGHT="22" WC="0.89" CONTENT="mantal."/><SP WIDTH="36" VPOS="1194" HPOS="408"/>
							<String ID="string_241" HPOS="444" VPOS="1195" WIDTH="99" HEIGHT="21" WC="0.91" CONTENT="Utöfver"/><SP WIDTH="19" VPOS="1195" HPOS="543"/>
							<String ID="string_242" HPOS="562" VPOS="1195" WIDTH="66" HEIGHT="21" WC="0.93" CONTENT="dessa"/><SP WIDTH="18" VPOS="1195" HPOS="628"/>
							<String ID="string_243" HPOS="646" VPOS="1195" WIDTH="172" HEIGHT="21" WC="0.91" CONTENT="löneförmäner"/><SP WIDTH="19" VPOS="1195" HPOS="818"/>
							<String ID="string_244" HPOS="837" VPOS="1194" WIDTH="91" HEIGHT="29" WC="0.92" CONTENT="ätnjuta"/>
						</TextLine>
						<TextLine ID="line_31" HPOS="167" VPOS="1228" WIDTH="761" HEIGHT="30">
							<String ID="string_245" HPOS="167" VPOS="1229" WIDTH="112" HEIGHT="22" WC="0.96" CONTENT="klockare"/><SP WIDTH="18" VPOS="1229" HPOS="279"/>
							<String ID="string_246" HPOS="297" VPOS="1229" WIDTH="8" HEIGHT="21" WC="0.93" CONTENT="i"/><SP WIDTH="18" VPOS="1229" HPOS="305"/>
							<String ID="string_247" HPOS="323" VPOS="1229" WIDTH="74" HEIGHT="28" WC="0.91" CONTENT="nägra"/><SP WIDTH="17" VPOS="1229" HPOS="397"/>
							<String ID="string_248" HPOS="414" VPOS="1229" WIDTH="163" HEIGHT="29" WC="0.92" CONTENT="församlingar"/><SP WIDTH="18" VPOS="1229" HPOS="577"/>
							<String ID="string_249" HPOS="595" VPOS="1229" WIDTH="30" HEIGHT="21" WC="0.92" CONTENT="fri"/><SP WIDTH="18" VPOS="1229" HPOS="625"/>
							<String ID="string_250" HPOS="643" VPOS="1229" WIDTH="90" HEIGHT="28" WC="0.92" CONTENT="bostad,"/><SP WIDTH="20" VPOS="1229" HPOS="733"/>
							<String ID="string_251" HPOS="753" VPOS="1229" WIDTH="49" HEIGHT="21" WC="0.96" CONTENT="dels"/><SP WIDTH="12" VPOS="1229" HPOS="802"/>
							<String ID="string_252" HPOS="814" VPOS="1228" WIDTH="52" HEIGHT="22" WC="0.96" CONTENT="med"/><SP WIDTH="13" VPOS="1228" HPOS="866"/>
							<String ID="string_253" HPOS="879" VPOS="1228" WIDTH="49" HEIGHT="21" WC="0.96" CONTENT="dels"/>
						</TextLine>
						<TextLine ID="line_32" HPOS="169" VPOS="1263" WIDTH="758" HEIGHT="29">
							<String ID="string_254" HPOS="169" VPOS="1265" WIDTH="58" HEIGHT="20" WC="0.95" CONTENT="utan"/><SP WIDTH="28" VPOS="1265" HPOS="227"/>
							<String ID="string_255" HPOS="255" VPOS="1263" WIDTH="58" HEIGHT="29" WC="0.94" CONTENT="jord,"/><SP WIDTH="25" VPOS="1263" HPOS="313"/>
							<String ID="string_256" HPOS="338" VPOS="1263" WIDTH="9" HEIGHT="22" WC="0.96" CONTENT="i"/><SP WIDTH="18" VPOS="1263" HPOS="347"/>
							<String ID="string_257" HPOS="365" VPOS="1263" WIDTH="72" HEIGHT="22" WC="0.92" CONTENT="andra"/><SP WIDTH="19" VPOS="1263" HPOS="437"/>
							<String ID="string_258" HPOS="456" VPOS="1265" WIDTH="49" HEIGHT="20" WC="0.92" CONTENT="äter"/><SP WIDTH="17" VPOS="1265" HPOS="505"/>
							<String ID="string_259" HPOS="522" VPOS="1264" WIDTH="127" HEIGHT="27" WC="0.89" CONTENT="boställen;"/><SP WIDTH="20" VPOS="1264" HPOS="649"/>
							<String ID="string_260" HPOS="669" VPOS="1263" WIDTH="130" HEIGHT="29" WC="0.92" CONTENT="hvarjämte"/><SP WIDTH="19" VPOS="1263" HPOS="799"/>
							<String ID="string_261" HPOS="818" VPOS="1263" WIDTH="109" HEIGHT="22" WC="0.96" CONTENT="klockare"/>
						</TextLine>
						<TextLine ID="line_33" HPOS="167" VPOS="1297" WIDTH="761" HEIGHT="30">
							<String ID="string_262" HPOS="167" VPOS="1298" WIDTH="9" HEIGHT="21" WC="0.93" CONTENT="i"/><SP WIDTH="19" VPOS="1298" HPOS="176"/>
							<String ID="string_263" HPOS="195" VPOS="1299" WIDTH="74" HEIGHT="28" WC="0.96" CONTENT="några"/><SP WIDTH="27" VPOS="1299" HPOS="269"/>
							<String ID="string_264" HPOS="296" VPOS="1298" WIDTH="90" HEIGHT="21" WC="0.96" CONTENT="trakter"/><SP WIDTH="18" VPOS="1298" HPOS="386"/>
							<String ID="string_265" HPOS="404" VPOS="1298" WIDTH="24" HEIGHT="21" WC="0.96" CONTENT="af"/><SP WIDTH="17" VPOS="1298" HPOS="428"/>
							<String ID="string_266" HPOS="445" VPOS="1298" WIDTH="86" HEIGHT="28" WC="0.96" CONTENT="landet,"/><SP WIDTH="20" VPOS="1298" HPOS="531"/>
							<String ID="string_267" HPOS="551" VPOS="1299" WIDTH="74" HEIGHT="28" WC="0.93" CONTENT="enligt"/><SP WIDTH="16" VPOS="1299" HPOS="625"/>
							<String ID="string_268" HPOS="641" VPOS="1298" WIDTH="103" HEIGHT="29" WC="0.95" CONTENT="gammal"/><SP WIDTH="18" VPOS="1298" HPOS="744"/>
							<String ID="string_269" HPOS="762" VPOS="1297" WIDTH="47" HEIGHT="28" WC="0.93" CONTENT="sed,"/><SP WIDTH="18" VPOS="1297" HPOS="809"/>
							<String ID="string_270" HPOS="827" VPOS="1297" WIDTH="101" HEIGHT="22" WC="0.92" CONTENT="tillkom-"/>
						</TextLine>
						<TextLine ID="line_34" HPOS="168" VPOS="1332" WIDTH="759" HEIGHT="28">
							<String ID="string_271" HPOS="168" VPOS="1340" WIDTH="49" HEIGHT="14" WC="0.91" CONTENT="mer"/><SP WIDTH="24" VPOS="1340" HPOS="217"/>
							<String ID="string_272" HPOS="241" VPOS="1332" WIDTH="117" HEIGHT="22" WC="0.91" CONTENT="säkalladt"/><SP WIDTH="17" VPOS="1332" HPOS="358"/>
							<String ID="string_273" HPOS="375" VPOS="1333" WIDTH="119" HEIGHT="27" WC="0.92" CONTENT="matskott,"/><SP WIDTH="18" VPOS="1333" HPOS="494"/>
							<String ID="string_274" HPOS="512" VPOS="1333" WIDTH="127" HEIGHT="22" WC="0.91" CONTENT="bestäende"/><SP WIDTH="19" VPOS="1333" HPOS="639"/>
							<String ID="string_275" HPOS="658" VPOS="1333" WIDTH="23" HEIGHT="22" WC="0.96" CONTENT="af"/><SP WIDTH="18" VPOS="1333" HPOS="681"/>
							<String ID="string_276" HPOS="699" VPOS="1332" WIDTH="65" HEIGHT="28" WC="0.93" CONTENT="bröd,"/><SP WIDTH="19" VPOS="1332" HPOS="764"/>
							<String ID="string_277" HPOS="783" VPOS="1335" WIDTH="67" HEIGHT="25" WC="0.92" CONTENT="smör,"/><SP WIDTH="19" VPOS="1335" HPOS="850"/>
							<String ID="string_278" HPOS="869" VPOS="1332" WIDTH="58" HEIGHT="27" WC="0.92" CONTENT="kött,"/>
						</TextLine>
						<TextLine ID="line_35" HPOS="168" VPOS="1367" WIDTH="235" HEIGHT="28">
							<String ID="string_279" HPOS="168" VPOS="1367" WIDTH="53" HEIGHT="22" WC="0.94" CONTENT="med"/><SP WIDTH="18" VPOS="1367" HPOS="221"/>
							<String ID="string_280" HPOS="239" VPOS="1374" WIDTH="64" HEIGHT="14" WC="0.93" CONTENT="mera"/><SP WIDTH="18" VPOS="1374" HPOS="303"/>
							<String ID="string_281" HPOS="321" VPOS="1367" WIDTH="82" HEIGHT="28" WC="0.92" CONTENT="dylikt."/>
						</TextLine>
					</TextBlock>
					<TextBlock ID="block_3" HPOS="168" VPOS="1401" WIDTH="760" HEIGHT="64">
						<TextLine ID="line_36" HPOS="239" VPOS="1401" WIDTH="689" HEIGHT="30">
							<String ID="string_282" HPOS="239" VPOS="1401" WIDTH="175" HEIGHT="22" WC="0.92" CONTENT="Ofvanberörda"/><SP WIDTH="10" VPOS="1401" HPOS="414"/>
							<String ID="string_283" HPOS="424" VPOS="1401" WIDTH="167" HEIGHT="30" WC="0.90" CONTENT="författningar"/><SP WIDTH="9" VPOS="1401" HPOS="591"/>
							<String ID="string_284" HPOS="600" VPOS="1401" WIDTH="70" HEIGHT="23" WC="0.92" CONTENT="hafva"/><SP WIDTH="11" VPOS="1401" HPOS="670"/>
							<String ID="string_285" HPOS="681" VPOS="1401" WIDTH="128" HEIGHT="22" WC="0.93" CONTENT="emellertid"/><SP WIDTH="11" VPOS="1401" HPOS="809"/>
							<String ID="string_286" HPOS="820" VPOS="1401" WIDTH="108" HEIGHT="22" WC="0.92" CONTENT="afseende"/>
						</TextLine>
						<TextLine ID="line_37" HPOS="168" VPOS="1435" WIDTH="760" HEIGHT="30">
							<String ID="string_287" HPOS="168" VPOS="1436" WIDTH="63" HEIGHT="21" WC="0.96" CONTENT="blott"/><SP WIDTH="18" VPOS="1436" HPOS="231"/>
							<String ID="string_288" HPOS="249" VPOS="1437" WIDTH="30" HEIGHT="28" WC="0.92" CONTENT="pä"/><SP WIDTH="18" VPOS="1437" HPOS="279"/>
							<String ID="string_289" HPOS="297" VPOS="1435" WIDTH="269" HEIGHT="30" WC="0.92" CONTENT="landsförsamlingarna."/><SP WIDTH="36" VPOS="1435" HPOS="566"/>
							<String ID="string_290" HPOS="602" VPOS="1437" WIDTH="12" HEIGHT="21" WC="0.95" CONTENT="I"/><SP WIDTH="18" VPOS="1437" HPOS="614"/>
							<String ID="string_291" HPOS="632" VPOS="1436" WIDTH="110" HEIGHT="22" WC="0.96" CONTENT="städerna"/><SP WIDTH="13" VPOS="1436" HPOS="742"/>
							<String ID="string_292" HPOS="755" VPOS="1435" WIDTH="43" HEIGHT="22" WC="0.96" CONTENT="har"/><SP WIDTH="11" VPOS="1435" HPOS="798"/>
							<String ID="string_293" HPOS="809" VPOS="1435" WIDTH="119" HEIGHT="29" WC="0.96" CONTENT="nämligen"/>
						</TextLine>
					</TextBlock>
					<TextBlock ID="block_4" HPOS="238" VPOS="1479" WIDTH="505" HEIGHT="22">
						<TextLine ID="line_38" HPOS="238" VPOS="1479" WIDTH="505" HEIGHT="22">
							<String ID="string_294" HPOS="238" VPOS="1479" WIDTH="49" HEIGHT="22" WC="0.87" CONTENT="Lag-"/><SP WIDTH="15" VPOS="1479" HPOS="287"/>
							<String ID="string_295" HPOS="302" VPOS="1479" WIDTH="35" HEIGHT="17" WC="0.87" CONTENT="oah"/><SP WIDTH="13" VPOS="1479" HPOS="337"/>
							<String ID="string_296" HPOS="350" VPOS="1479" WIDTH="182" HEIGHT="18" WC="0.87" CONTENT="Ekonomiutskottets"/><SP WIDTH="13" VPOS="1479" HPOS="532"/>
							<String ID="string_297" HPOS="545" VPOS="1479" WIDTH="109" HEIGHT="18" WC="0.92" CONTENT="betänkande"/><SP WIDTH="12" VPOS="1479" HPOS="654"/>
							<String ID="string_298" HPOS="666" VPOS="1479" WIDTH="35" HEIGHT="17" WC="0.94" CONTENT="N:o"/><SP WIDTH="13" VPOS="1479" HPOS="701"/>
							<String ID="string_299" HPOS="714" VPOS="1479" WIDTH="29" HEIGHT="17" WC="0.96" CONTENT="10."/>
						</TextLine>
					</TextBlock>
				</ComposedBlock>
			</PrintSpace>
		</Page>
	</Layout>
</alto>
