1023 1656
100 108 179 29 (Öfversättning.)

318 177 311 27 Petitionsmemorial.

207 244 122 35 Borgarst.
632 247 43 23 N:o
692 247 39 22 30.

256 566 47 19 Till
318 566 142 25 Vällofliga
475 566 228 25 Borgareståndet.

179 632 74 19 Såsom
277 633 77 18 bekant
374 632 68 19 finnes
464 633 56 18 ännu
539 633 7 18 i
562 633 99 19 städerna
677 632 40 19 ech
733 632 123 25 isynnerhet

108 662 27 25 på
155 662 144 24 landsbygden
317 667 25 14 en
359 663 44 18 stor
418 663 79 24 mängd
513 663 146 24 medborgare,
677 663 71 18 hvilka
764 662 17 25 ej
800 663 56 18 kom-

108 692 37 19 mit
160 693 6 18 i
183 692 121 25 åtnjutande
321 693 23 18 af
359 692 143 25 regelbunden
519 693 274 24 elementarundervisning.
816 692 40 19 Nä-

109 723 47 18 stan
180 722 41 19 alla
243 722 51 19 barn
319 722 6 19 i
347 722 212 19 stadskommunerna
582 723 78 18 besöka
681 722 127 25 visserligen
824 721 33 20 för

109 752 131 19 närvarande
261 751 148 24 folkskolorna,
429 757 49 14 men
494 753 41 18 den
551 752 57 19 äldre
625 753 152 24 generationen
792 752 6 19 i
815 752 41 19 stä-

110 782 65 19 derna
183 781 39 20 och
231 782 40 19 den
283 781 46 20 från
340 782 122 19 landsorten
474 782 94 25 ständigt
579 782 122 24 inflyttande
713 782 74 19 talrika
799 782 58 19 arbe-

107 811 196 24 tarebefolkningen
324 811 94 20 befinner
439 812 34 24 sig
488 812 37 19 allt
536 813 56 18 ännu
603 812 6 19 i
621 812 104 19 afsaknad
737 812 24 19 af
769 812 25 19 de
807 812 50 18 kun-

110 842 77 24 skaper
208 841 38 19 och
267 841 130 24 färdigheter
418 842 35 19 det
473 842 110 24 praktiska
603 842 60 19 lifvet
684 841 173 25 oundgängligen

112 871 85 20 kräfver.
229 871 39 19 Vid
291 877 25 14 en
337 872 97 19 närmare
450 872 131 24 bekantskap
599 872 47 19 med
663 872 122 19 arbetarnes
802 871 56 19 ställ-

110 901 51 24 ning
177 902 39 23 gör
231 907 48 13 man
295 901 41 19 den
352 901 141 24 iakttagelsen
510 903 31 18 att
557 901 92 25 mången
665 902 65 19 redan
742 901 29 20 till
782 907 76 18 mogen

109 931 58 19 ålder
182 931 97 19 kommen
296 931 104 22 arbetare,
418 937 34 13 om
468 931 42 20 han
527 932 39 19 ock
583 937 76 19 genom
675 931 86 25 läsning
777 931 23 19 af
813 931 45 19 lite-

109 961 57 19 ratur
187 961 39 19 och
248 961 126 24 deltagande
396 961 6 19 i
425 961 157 24 behandlingen
604 961 24 20 af
645 961 106 20 allmänna
767 961 92 19 ärenden

109 991 108 19 utvecklat
237 991 32 18 sin
286 991 72 19 tanke-
375 990 40 20 och
431 991 207 24 omdömesförmåga
654 992 55 19 samt
725 991 63 19 äfven
806 996 53 13 sam-

118 1021 21 19 at
159 1026 26 13 en
202 1021 35 18 hel
252 1021 78 24 mängd
346 1021 122 24 kunskaper
484 1021 64 19 likväl
564 1021 40 19 kan
622 1021 65 19 sakna
703 1021 119 19 kännedom
838 1020 24 19 af

110 1050 64 25 något
194 1050 25 19 så
239 1051 134 24 nödvändigt,
391 1056 45 14 som
453 1051 111 24 förmågan
582 1052 30 18 att
628 1051 119 24 skriftligen
764 1050 96 20 använda

110 1081 36 18 sitt
168 1080 127 19 modersmål
319 1080 110 19 äfvensom
451 1081 97 24 kunskap
570 1081 6 18 i
593 1081 95 24 räkning,
707 1082 52 18 utan
776 1082 30 17 att
823 1086 37 13 ens

120 1110 32 19 ala
175 1115 33 14 om
224 1110 124 25 kunskapen
364 1111 6 18 i
386 1111 80 24 ritning
482 1111 40 19 och
535 1111 121 24 bokföring,
673 1111 79 19 hvaraf
766 1111 94 24 isynner-

110 1140 36 19 het
166 1140 161 19 fackarbetaren
343 1141 24 18 är
382 1140 6 19 i
404 1139 70 20 behof.
507 1140 255 25 Arbetarebefolkningen
781 1141 80 18 känner

114 1170 75 19 bristen
213 1169 27 26 på
263 1170 86 23 sådana,
376 1170 6 19 i
399 1171 35 18 det
455 1170 88 25 dagliga
562 1170 60 19 lifvet
638 1171 77 24 nödiga
731 1170 130 25 färdigheter

111 1205 44 14 som
179 1205 26 14 en
226 1201 62 23 tungt
304 1200 114 24 tryckande
434 1200 72 23 börda,
525 1201 40 18 och
582 1201 33 18 för
631 1201 40 18 den
689 1200 54 19 skull
759 1200 102 24 beklagar

111 1230 34 24 sig
164 1229 92 25 mången
278 1230 96 19 arbetare
390 1230 74 19 bittert
480 1230 60 19 öfver
557 1231 30 18 att
603 1230 42 19 han
661 1230 17 25 ej
697 1236 45 13 som
759 1235 45 19 ung
820 1229 41 19 för-

111 1259 52 20 stått
182 1259 51 20 eller
248 1260 55 19 varit
318 1260 6 18 i
341 1259 80 20 tillfälle
439 1260 31 19 att
486 1260 103 19 förskaffa
605 1260 34 24 sig
655 1259 206 20 elementarkunska-

111 1295 37 18 per
171 1289 40 19 och
236 1289 137 24 färdigheter,
398 1289 76 19 medan
498 1289 42 20 han
564 1295 46 14 som
628 1289 107 20 fullvuxen
753 1290 17 25 ej
788 1289 74 24 längre

111 1318 39 19 har
166 1319 81 19 tillfälle
264 1319 29 19 till
309 1319 79 19 ordnad
405 1319 113 25 skolgång.

183 1349 254 24 Arbetarebefolkningen
461 1349 6 18 i
495 1349 211 20 stadskommunerna
730 1349 39 19 och
796 1348 67 25 några

111 1379 58 18 utom
193 1378 122 19 arbetarnes
339 1379 57 18 krets
421 1378 89 20 stående
532 1379 65 19 ifrare
621 1379 32 19 för
675 1379 65 19 saken
757 1379 63 19 hafva
836 1378 28 24 på

112 1407 55 20 olika
189 1409 55 18 orter
261 1408 82 19 försökt
359 1409 80 18 ersätta
455 1408 81 20 bristen
553 1408 28 25 på
597 1408 267 23 elementarundervisning
