1020 1653
826 121 22 17 21

111 193 100 19 kommer
227 194 32 18 att
274 192 32 19 för
321 192 99 20 kvinnan
436 198 86 14 samma
538 192 55 20 skol-
609 192 42 19 och
661 190 191 21 universitetsbild-

110 228 54 25 ning
188 228 24 19 är
235 228 123 25 tillgänglig
381 233 47 15 som
451 228 34 19 för
508 233 104 18 mannen,
629 233 66 20 synes
712 227 36 20 det
764 232 41 17 oss,
822 228 31 18 att

111 264 61 24 långt
190 263 86 20 mindre
291 263 47 20 fara
353 263 97 26 förelåge
467 265 32 19 att
514 264 80 24 bevilja
609 264 73 19 henne
698 263 87 25 politisk
800 262 53 20 röst-

109 300 43 18 rätt
168 300 28 18 än
213 301 32 17 att
260 299 72 19 denna
348 300 89 19 rösträtt
451 299 34 20 får
500 299 87 20 utöfvas
603 299 24 20 af
641 302 56 20 män,
714 304 47 14 som
778 300 34 18 stå
827 299 26 23 på

113 335 42 19 den
171 335 71 24 lägsta
257 335 172 25 bildningsgrad,
445 336 41 19 och
502 335 75 20 hvilka
592 335 47 20 icke
648 340 41 20 ega
698 335 43 19 den
751 335 101 18 inkomst.

107 376 47 14 som
180 375 39 15 ens
235 370 7 19 i
257 372 74 23 någon
352 373 53 18 mån
420 371 73 20 kunde
509 371 107 25 betrygga
632 371 63 20 deras
711 370 143 20 ekonomiska

113 406 182 25 själfständighet.
334 407 37 19 Att
401 409 24 18 åt
446 407 99 20 kvinnan
576 407 59 25 gifva
657 407 86 24 politisk
766 406 88 20 rösträtt

110 448 52 14 vore
186 448 27 14 en
234 443 37 19 akt
285 443 47 19 icke
349 443 54 19 blott
419 443 24 20 af
456 443 97 23 rättvisa,
570 445 53 18 utan
639 443 66 20 äfven
721 442 24 20 af
758 442 94 21 klokhet,

113 481 22 22 ty
157 479 36 19 det
216 483 50 15 vore
289 480 32 18 att
344 479 80 20 tillföra
449 481 49 18 vårt
523 479 100 25 politiska
649 479 26 19 lif
695 480 32 19 ett
742 478 112 20 samhälls-

110 514 126 20 bevarande
259 515 102 22 element,
385 517 28 23 på
433 515 83 20 hvilket
532 515 64 20 äfven
613 516 31 19 ett
659 515 44 19 folk
719 516 25 18 så
759 514 95 25 politiskt

113 550 79 20 erfaret
216 550 40 20 och
280 552 24 18 så
326 551 151 20 konservativt
492 557 48 14 som
556 551 37 20 det
608 551 106 25 engelska
729 550 59 20 velat
803 551 51 24 taga

116 591 58 14 vara.
202 586 27 19 Vi
245 586 22 19 få
290 586 72 19 därför
385 587 113 20 vördsamt
514 587 89 20 anhålla
619 588 32 18 att
666 586 123 20 Ständerna
805 585 49 20 ville

110 622 76 20 förena
202 622 34 25 sig
251 628 35 13 om
303 628 28 14 en
347 623 91 24 petition
454 623 75 20 därom

391 695 32 20 att
447 694 66 21 Hans
534 694 123 26 Kejserliga
673 694 101 23 Mojestät
789 692 66 22 måtte

318 729 115 27 förelägga
464 730 266 21 nästsammanträdande
760 729 95 21 Ständer

319 766 138 26 proposition
490 772 36 14 om
557 764 72 22 sädan
663 766 97 26 ändring
783 765 26 26 af
829 765 24 21 L.

322 800 36 22 0:s
380 801 55 21 12:te
452 801 60 21 13:de
528 802 37 20 och
582 802 62 20 14:de
666 802 34 24 $$,
716 802 32 20 att
765 801 89 27 politisk

321 838 92 20 rösträtt
429 837 65 27 blefve
509 837 121 27 medgifven
641 836 23 22 ät
674 838 45 20 alla
729 837 26 21 de
762 837 93 21 kvinnor

321 873 8 21 i
339 872 51 22 värt
399 873 60 26 land,
468 873 73 21 hvilka
552 873 101 27 uppfylla
661 873 41 21 dei
710 872 56 22 våra
772 872 83 27 grund-

323 908 64 26 lagar
407 908 39 26 för
469 908 130 27 ätnjutande
615 909 28 26 af
654 909 81 21 valrätt
750 908 106 26 stadgade

322 944 75 21 vilkor.

218 1049 56 22 Adolf
289 1050 88 21 Aminoff.
459 1051 46 21 Axel
522 1051 51 21 Lille.
645 1050 33 21 Th.
695 1050 47 21 Eck.

253 1092 53 21 Matti
324 1093 18 20 E.
359 1092 94 22 Niemelä.
578 1093 26 21 W.
622 1092 87 22 Penttilä.
