1045 1659
164 130 14 19 4
354 122 277 24 Petitionsbetänkande
647 123 42 23 N:o
704 122 38 23 35.

165 186 113 21 meddelas
301 189 32 18 att
353 186 183 28 läneagronomen
551 186 103 26 anmärkt,
673 187 101 21 hurusom
789 187 38 21 det
842 188 6 20 i
863 188 59 20 tiden

164 220 133 22 verkställda
323 220 74 22 skiftet
420 222 24 20 af
465 222 28 20 de
515 223 6 19 i
544 221 251 27 egendomskomplexen
817 222 105 26 ingående

164 255 155 27 lägenheterna
335 262 52 14 vore
402 257 6 19 i
424 256 44 26 hög
483 256 54 27 grad
553 256 137 27 oförmånligt
705 256 32 20 tör
753 256 169 27 genomförande

165 290 25 20 af
210 293 32 17 ett
263 291 128 20 intensivare
412 290 109 26 jordbruk,
542 290 41 21 och
598 294 32 17 att
647 290 84 21 derföre
747 298 26 12 en
789 290 133 21 omfattande

165 324 184 27 skiftesreglering
363 326 7 19 i
385 325 108 27 väsentlig
507 326 49 20 mån
571 325 71 20 kunde
658 325 32 20 för
705 324 89 21 landbo-
810 324 41 21 och
863 328 58 24 torp-

164 358 155 28 lägenheterna
341 359 101 21 befordra
463 359 139 27 möjligheten
622 359 24 21 af
664 359 67 27 högre
751 358 122 28 afkastning
895 359 27 20 än

165 393 43 21 den
223 393 139 21 närvarande.

233 428 66 20 Innan
315 428 115 21 Utskottet
445 428 99 27 öfvergår
559 428 32 21 till
605 428 130 27 granskning
751 428 22 20 af
781 428 140 21 förevarande

164 462 87 26 ärende,
275 462 38 20 bör
335 462 116 22 Utskottet
471 462 80 27 jämväl
574 463 80 24 anföra,
678 466 32 18 att
730 462 87 21 friherre
833 462 88 21 Carolus

164 496 89 26 Wrede,
277 498 29 19 uti
321 504 28 13 en
363 497 32 21 till
410 497 59 21 Hans
492 496 120 28 Kejserliga
628 497 102 27 Majestät
745 496 56 22 stäld
817 497 104 21 underdå-

164 532 37 26 nig
223 530 61 22 skrift
301 531 22 21 af
337 531 42 21 den
396 538 15 19 4
425 532 124 20 November
567 532 51 26 1895
636 531 86 21 anhållit
737 534 32 18 att
784 531 24 21 af
820 534 101 18 statsver-

163 566 38 20 ket
223 566 21 20 få
265 565 68 21 inlösa
355 566 78 26 Anjala
455 566 113 27 egendom,
591 573 47 13 som
660 566 60 20 öfver
743 571 42 15 200
804 566 22 20 år
841 566 80 20 tillhört

163 600 55 20 hans
240 600 101 25 förfäder,
365 600 32 21 för
418 608 27 13 en
466 600 129 21 lösesumma
610 600 24 21 af
648 605 90 21 500,000
753 600 64 25 mark,
835 600 85 21 hvilken

164 641 83 14 summa
269 634 111 21 sökanden
396 635 104 21 beräknat
515 638 109 18 motsvara
640 635 37 21 det
692 636 50 26 pris,
759 641 46 14 som
821 634 24 21 af
857 638 63 17 stats-

163 668 77 22 verket
255 670 7 20 i
276 668 59 22 tiden
351 669 83 21 erlades
451 669 32 21 för
499 670 141 26 egendomen,
654 669 66 27 jemte
737 674 7 21 5
753 669 30 27 ?/,
798 669 61 21 ränta
870 669 51 20 därä

163 703 33 21 för
212 704 43 20 den
270 703 31 21 tid
316 703 24 21 af
354 708 25 22 52
396 704 28 25 år,
441 704 120 20 hvarunder
576 704 135 27 egendomen
724 703 80 21 tillhört
814 703 106 21 Menschi-

162 737 87 21 koffska
265 738 70 25 ätten;
351 738 113 21 äfvensom
479 742 32 18 att
524 744 25 21 32
561 738 132 21 landbönder
704 738 41 21 och
755 741 89 23 torpare
855 738 65 20 under

162 772 80 26 Anjala
257 772 62 27 gods,
335 772 65 21 bland
415 772 72 22 hvilka
502 780 26 13 en
543 772 36 21 del
593 773 112 20 innehatva
720 775 50 25 torp
784 772 66 20 under
862 772 58 20 land-

162 806 122 28 boskapen,
305 806 68 21 likaså
394 807 41 20 hos
458 807 60 20 Hans
533 807 121 27 Kejserliga
669 806 102 27 Majestät
787 806 86 21 anhållit
889 809 31 18 att

162 840 22 22 få
206 842 34 26 sig
262 840 32 22 till
315 848 42 20 ego
373 841 69 21 inlösa
458 842 27 20 de
500 842 31 21 till
545 842 114 26 majoratet
674 841 95 21 hörande
785 840 134 28 landboskap

163 875 42 21 och
220 875 184 27 torplägenheter,
421 876 72 21 hvilka
508 876 27 21 de
550 876 33 21 för
598 876 132 20 närvarande
746 875 100 25 bebruka,
858 875 62 21 hvar-

162 910 37 20 vid
221 909 53 21 flere
296 910 24 20 af
337 910 64 21 desse
424 910 134 21 landbönder
573 910 41 21 och
629 914 94 24 torpare,
740 910 71 20 såsom
826 910 47 20 skäl
888 909 32 21 för

162 945 33 19 sin
217 944 105 26 anhållan,
338 944 27 21 bl.
383 952 19 13 a.
418 945 106 27 åberopat
540 945 37 21 det
592 945 132 21 förhållande
740 948 31 17 att
786 944 62 21 deras
864 944 56 26 slägt

162 980 31 19 uti
208 978 52 21 flere
275 980 151 25 generationer
436 979 90 21 besuttit
538 979 160 27 lägenheterna.
725 979 84 27 Frågan
820 985 35 14 om
866 978 53 27 god-

162 1016 46 18 sets
224 1013 129 27 disposition
369 1015 6 19 i
391 1014 115 27 anledning
521 1014 22 20 af
557 1014 59 21 såväl
632 1014 64 20 dessa
712 1013 148 27 ansökningar,
873 1019 46 14 som

162 1048 67 26 några
252 1047 66 21 andra
339 1048 80 26 dylika,
443 1048 92 21 rörande
558 1048 160 21 förvärfvandet
741 1047 23 21 af
783 1047 137 27 tomtplatser

161 1082 34 20 för
215 1082 137 20 kommunala
373 1083 100 21 ändamål
488 1090 27 13 m.
531 1090 35 18 m.,
583 1083 23 20 är
621 1082 119 21 emellertid
754 1082 116 20 tillsvidare
885 1082 33 20 be-

162 1116 82 20 roende
260 1117 28 26 på
303 1116 102 22 ärendets
420 1117 161 27 handläggning
596 1118 6 19 i
617 1116 121 27 Kejserliga
753 1116 100 20 Senaten.

231 1150 35 21 De
288 1151 158 27 upplysningar
472 1151 91 21 rörande
588 1150 163 28 ifrågavarande
776 1150 143 20 landbönders

161 1184 42 20 och
218 1188 101 24 torpares
339 1185 108 27 ställning,
463 1185 72 21 hvilka
551 1185 114 21 Utskottet
680 1185 80 20 kunnat
775 1186 62 18 vinna
853 1191 24 13 ur
893 1184 26 20 de

161 1218 133 27 detaljerade
309 1219 156 28 beskrifningar
481 1220 60 20 öfver
557 1220 141 26 egendomen,
715 1225 47 14 som
777 1219 48 26 ingå
838 1220 6 18 i
855 1218 64 20 ofvan

161 1253 127 27 åberopade
309 1253 301 28 uppskattningshandlingar,
636 1254 59 26 gifva
720 1253 36 20 vid
781 1252 84 21 handen
888 1256 32 17 att

161 1287 92 27 godsets
274 1288 177 20 underhafvande
472 1288 203 27 öfverhufvudtaget
695 1287 83 21 befinna
793 1288 34 26 sig
842 1288 30 20 uti
888 1290 31 18 ett

160 1321 199 22 tillfredsställande
375 1322 137 21 ekonomiskt
527 1322 56 28 läge,
608 1322 81 21 hvilket
706 1321 79 27 jämväl
799 1321 42 21 kan
856 1328 63 14 anses

160 1356 85 27 framgå
267 1356 25 20 af
311 1356 27 21 de
358 1356 156 27 jemförelsevis
536 1360 59 18 stora
611 1356 79 21 odlade
706 1363 52 20 egor
774 1356 27 20 de
816 1355 102 25 bebruka,

161 1390 42 20 och
226 1390 24 21 af
270 1390 27 21 de
321 1390 247 28 kreatursbesättningar
593 1392 27 20 de
645 1390 130 25 underhålla,
801 1390 118 26 hvarjämte

160 1424 65 21 äfven
248 1425 42 20 den
308 1426 196 26 omständigheten,
527 1428 31 18 att
573 1426 94 20 åboerne
688 1425 70 26 slägte
780 1424 53 21 efter
849 1424 70 26 slägte

231 1470 142 18 Statsutskottets
385 1470 112 18 betänkande
508 1471 37 17 N:o
558 1471 29 17 10.
