1023 1656
177 120 11 18 2
358 117 278 23 Petitionsbetänkande
652 117 45 23 N:o
712 117 40 22 45.

176 190 188 25 reproduktioner,
389 196 46 15 som
459 192 75 20 kunde
550 191 60 26 gifva
626 193 32 18 ett
672 190 145 21 förklenande
833 191 98 25 begrepp

176 232 36 14 om
236 226 57 21 hans
316 227 106 25 originala
445 228 128 23 konstvärk,
599 228 41 19 och
665 228 32 18 att
712 227 73 19 rätten
801 228 33 18 att
849 232 81 20 genom

176 263 106 25 plastiska
298 262 180 27 efterbildningar
493 263 153 26 mångfaldiga
662 263 161 25 skulpturvärk,
833 268 53 14 vare
897 263 35 25 sig

177 298 27 20 de
219 298 90 20 tillhöra
324 300 72 18 staten
417 299 53 20 eller
488 300 84 19 allmän
590 299 101 25 samling,
716 300 68 18 måtte
808 298 124 20 tillkomma

176 334 204 25 upphofsmannen;
397 337 58 17 samt

249 370 22 24 2)
287 372 32 18 att
334 370 82 20 nämda
431 370 141 26 förordnings
588 370 139 26 stadganden
738 376 36 14 om
786 370 145 25 fotografiska

177 405 151 26 afbildningar
343 408 68 18 måtte
426 406 116 20 förändras
561 406 91 23 därhän,
669 408 33 18 att
716 406 108 25 fotografs
839 406 92 20 arbeten

176 441 114 20 likstäldes
307 442 51 20 med
374 442 69 25 öfriga
459 442 97 25 grafiska
572 442 98 20 arbeten.

248 536 66 21 Utom
326 536 48 20 från
385 536 44 21 den
439 537 37 19 vid
486 537 146 21 förevarande
643 536 198 26 petitionsförslags
852 536 80 20 remiss

177 572 7 20 i
199 578 57 19 resp.
274 572 68 20 Stånd
357 572 159 26 försiggångna
532 573 80 23 debatt,
629 572 81 21 hvaraf
722 573 111 20 Utskottet
848 578 82 20 genom

176 608 202 26 protokollsutdrag
400 608 41 20 fått
462 609 41 23 del,
520 610 42 19 har
576 610 111 19 Utskottet
702 608 48 20 haft
764 608 118 20 förmånen
898 610 32 18 att

177 644 36 19 vid
229 644 137 20 förstnämda
382 644 93 20 ärendes
490 644 168 26 handläggning
674 645 76 19 hämta
760 644 134 26 upplysning
904 650 29 13 ur

177 679 137 24 utlåtanden,
330 685 48 15 som
394 682 28 23 på
438 680 76 20 därom
531 680 25 20 af
568 681 111 20 Utskottet
694 680 114 20 framstäld
824 680 108 20 anhållan

176 715 140 26 beredvilligt
338 716 96 20 lämnats
457 716 25 20 af
500 716 81 20 Finska
596 716 210 26 konstföreningens
822 716 109 20 direktion

178 752 41 18 och
235 750 25 20 af
273 751 191 26 Konstnärsgillet.
499 752 126 20 Sistnämda
648 752 103 20 samfund
775 752 41 20 har
838 751 94 26 angifvit

178 787 33 19 sin
228 787 57 19 åsikt
300 787 7 19 i
322 788 69 19 saken
407 793 81 19 genom
505 790 31 18 ett
551 788 121 25 sälydande
688 788 210 25 protokollsutdrag
888 783 13 35 :

467 912 86 27 Utdrag
578 918 30 15 ur
635 912 135 27 protokollet,
800 912 63 27 fördt
893 913 38 20 vid

393 947 197 27 Konstnärsgillets
598 948 169 21 sammanträde
778 948 42 21 den
830 948 30 22 20
866 954 65 15 mars

394 984 63 21 1897.

528 1026 11 24 8
558 1028 18 17 1.

249 1072 142 21 Meddelades
415 1075 32 18 att
462 1073 50 20 från
528 1073 119 20 Allmänna
662 1073 214 20 Petitionsutskottet
892 1079 40 14 an-

176 1108 63 19 ländt
263 1113 27 15 en
314 1108 113 20 skrifvelse
443 1109 52 20 med
510 1109 107 19 anhällan
633 1114 36 15 om
685 1109 197 25 Konstnärsgillets
897 1110 33 18 ut-

175 1144 91 19 lätande
289 1144 7 19 i
319 1144 120 26 anledning
463 1144 24 20 af
506 1150 28 14 en
550 1145 60 19 inom
626 1145 160 24 Ridderskapet
801 1145 41 19 och
858 1144 72 20 Adeln

175 1180 116 20 inlämnad
313 1180 92 25 petition
429 1186 36 14 om
486 1180 94 25 ändring
596 1180 7 19 i
618 1181 59 19 vissa
694 1180 61 20 delar
770 1179 26 20 af
808 1179 124 20 förordnin-

176 1221 44 20 gen
236 1215 26 20 af
275 1215 43 20 den
337 1217 24 18 15
378 1221 61 15 mars
457 1218 55 18 1880
529 1216 116 25 angående
661 1215 126 21 författares
804 1216 41 19 och
855 1216 75 19 konst-

176 1252 51 19 närs
243 1252 45 19 rätt
302 1251 34 20 till
351 1252 68 19 alster
434 1251 25 20 af
472 1252 34 20 sin
522 1252 148 20 värksamhet.

248 1283 192 33 Konstnärsgillet,
457 1281 47 26 som
521 1287 58 20 förut
593 1287 47 20 haft
651 1287 85 20 tillfälle
745 1289 32 18 att
785 1287 60 20 inom
856 1288 74 19 konst-

175 1323 121 25 närslogen
320 1323 110 20 diskutera
454 1323 26 20 de
507 1323 175 25 önskningsmäl,
708 1328 48 15 som
783 1323 147 24 petitionären

176 1358 86 20 ärnade
275 1358 128 24 framställa,
420 1359 130 26 godkänner
566 1358 34 20 för
616 1359 33 20 sin
666 1359 35 20 del
717 1358 68 26 syftet
799 1359 7 19 i
822 1358 44 20 den
880 1358 50 19 ifrä-

175 1394 128 25 gavarande
319 1394 110 25 petionen.
461 1395 62 19 Dock
544 1399 65 15 anser
624 1395 34 25 sig
674 1394 186 25 Konstnärsgillet
876 1394 58 19 böra.

248 1440 108 18 Allmänna
368 1441 181 22 petitionsutskottets
562 1441 117 18 betänkande
691 1439 37 19 N:o
740 1441 31 17 25.
