1036 1656
286 124 276 23 Petitionsbetänkande
579 125 41 21 N:o
636 124 38 22 60.
849 124 10 20 7

104 196 37 16 om
165 189 27 23 de
210 189 120 24 enskildes
350 189 43 23 och
412 189 186 23 kommunernas
611 188 92 24 krafter
717 188 51 24 icke
787 187 73 24 räcka

105 223 36 24 till
172 223 36 24 för
234 224 38 23 det
298 223 217 32 samhällsnyttiga
533 223 149 24 ändamålets
701 222 159 32 fullföljande,

105 257 42 24 där
160 258 46 30 bör,
225 259 27 22 så
266 266 71 22 synes
357 257 37 24 det
416 257 128 29 Utskottet,
563 259 91 22 statens
674 257 101 24 intresse
790 257 70 31 bjuda

105 292 138 24 densamma
270 295 35 21 att
327 291 123 25 verksamt
469 292 110 23 inskrida
591 292 37 23 för
640 294 35 21 att
689 292 6 23 i
707 293 78 30 någon
805 292 55 22 mån

105 326 63 31 fylla
195 327 27 23 de
240 327 83 23 luckor
342 327 42 22 den
405 326 96 31 privata
520 326 184 24 verksamheten
724 326 19 31 ej
765 325 96 24 förmått

105 361 58 23 med.
199 361 50 24 Och
280 363 34 21 att
344 361 70 23 äfven
445 361 79 23 denna
555 361 156 31 uppfattning
738 360 76 23 delats
836 359 25 24 af

105 395 151 32 Regeringen
275 395 106 32 framgår
400 394 66 24 deraf
485 397 34 22 att
538 395 75 23 under
626 395 27 23 de
667 395 14 23 6
695 397 95 21 senaste
803 395 57 22 åren

107 429 14 24 5
141 429 90 24 sådana
249 429 41 24 lån
309 429 54 24 från
386 429 172 24 statskontoret
576 429 121 32 utgifvits,
715 428 145 24 hvaribland

106 465 33 22 ett
157 465 14 22 å
191 463 106 30 100,000
317 463 39 24 mk
369 465 25 22 åt
403 463 38 24 det
453 463 179 24 ofvannämnda
642 463 93 32 bolaget
747 473 11 11 »
762 462 99 24 Askel».

106 497 56 24 Men
188 498 70 23 äfven
287 498 8 23 i
314 498 90 24 sådana
423 497 45 24 fall
487 498 75 30 borde,
581 505 73 23 synes
676 498 37 23 det
732 497 129 30 Utskottet,

106 532 86 24 främst
209 533 27 23 de
255 535 102 29 utvägar
370 532 90 24 anlitas
477 540 48 16 som
540 533 27 23 de
580 532 97 31 privata
690 531 170 24 kreditanstal-

106 569 68 22 terna
202 575 98 16 numera
328 567 104 31 erbjuda,
460 567 43 23 och
528 567 63 23 torde
616 567 26 23 de
661 567 9 22 i
689 567 80 23 landet
787 566 73 23 sedan

107 602 76 31 några
193 603 27 22 år
230 601 149 24 existerande
386 601 317 31 hypoteksinrättningarna
710 601 51 24 icke
771 600 90 24 undan-

107 635 75 33 draga
200 635 38 33 sig
256 638 36 22 att
309 636 85 24 belåna
412 635 70 24 äfven
503 636 140 32 byggnader
662 635 91 25 sådana
771 642 49 16 som
835 635 26 23 de

106 670 192 32 ifrågavarande.
333 670 37 24 Då
395 670 131 24 emellertid
545 670 85 24 trähus
649 670 8 23 i
676 670 84 29 städer,
774 684 33 2 —
818 669 43 24 och

107 704 91 24 sådana
216 705 64 23 torde
298 705 7 23 i
319 704 80 32 regeln
415 704 250 24 arbetarebostäderna
683 712 66 22 vara,
767 719 30 1 —
809 703 52 24 icke

107 738 97 24 belånas
234 739 70 31 högre
320 739 82 23 än-till
413 739 40 30 40,
463 738 177 32 undantagsvis
652 739 32 23 50
692 738 26 26 "/,
729 738 24 24 af
762 738 99 32 gårdar-

107 781 42 16 nes
186 773 269 32 uppskattningsvärde,
489 773 42 24 och
565 775 95 29 många,
687 774 24 30 ja
739 773 26 23 de
793 772 69 24 flesta

108 808 42 23 fall
179 808 52 24 icke
258 808 94 24 därmed
380 816 55 16 vore
463 808 129 31 betjänade,
614 816 73 22 synes
705 808 38 24 det
761 807 99 24 Utskot-

108 844 33 22 tet
171 844 35 22 att
232 842 38 24 det
299 842 144 32 kraftigaste
472 844 54 29 sätt,
550 842 94 32 hvarpå
675 845 77 21 staten
783 841 78 24 kunde

108 877 142 23 understöda
274 878 89 22 sådana
389 877 304 31 arbetarebostadsföretag,
712 884 55 16 vore
786 878 35 22 att
839 877 23 22 åt

107 912 121 23 desamma
246 912 89 31 bevilja
353 911 150 32 tilläggslån,
517 912 93 23 utöfver
622 912 27 23 de
662 912 53 23 från
729 910 133 32 privathåll

108 945 117 31 erhållna,
244 946 101 24 sålunda
364 948 35 22 att
414 946 55 23 hela
479 946 168 24 lånesumman
660 946 118 24 inclusive
789 947 72 22 stats-

108 980 65 24 lånet
191 981 149 23 motsvarade
352 980 135 32 högst/af
494 980 279 32 uppskattningsvärdet.
790 979 72 23 Häri-

107 1022 85 24 genom
217 1015 79 24 skulle
320 1015 18 31 ej
362 1014 78 24 häller
465 1022 27 16 en
515 1015 71 23 altför
605 1018 49 21 stor
672 1015 36 23 del
727 1014 25 24 af
771 1016 91 22 statens

108 1049 134 32 tillgångar
261 1049 83 24 bindas
358 1050 6 22 i
379 1049 92 23 sådana
481 1050 98 31 företag,
592 1050 25 23 dä
630 1050 22 30 ju
663 1048 201 32 hufvudbeloppet

108 1083 102 24 sålunda
220 1084 91 23 komme
319 1086 34 22 att
363 1084 92 23 lemnas
463 1084 25 24 af
495 1084 26 24 de
530 1084 97 31 privata
637 1083 227 24 kreditanstalterna

108 1118 43 24 och
170 1120 76 22 staten
258 1118 79 24 därför
347 1118 148 24 fortfarande
505 1126 60 16 vara
575 1118 8 24 i
596 1118 97 24 tillfälle
707 1120 36 22 att
753 1117 111 25 använda

108 1152 39 24 sin
166 1152 181 32 utläningsfond
366 1153 69 23 äfven
457 1153 36 23 för
518 1153 26 23 de
562 1153 77 31 öfriga
650 1152 118 30 ändamål,
778 1151 86 25 hvilka

108 1186 36 25 för
171 1186 138 25 densamma
330 1187 90 24 afsetts.
443 1187 36 24 Ur
498 1187 127 32 petitionen
646 1188 107 31 framgär
775 1186 89 24 visser-

108 1221 65 32 ligen
193 1221 51 24 icke
264 1222 118 23 huruvida
401 1222 26 23 de
447 1221 144 32 ifrägasatta
610 1222 71 23 länen
702 1230 53 15 vore
767 1221 98 30 afsedda

109 1258 35 21 att
166 1256 108 31 utgifvas
299 1256 35 23 för
352 1256 147 31 uppförande
518 1257 26 23 af
562 1256 215 24 arbetarebostäder
796 1255 68 24 säväl

109 1291 7 22 i
145 1290 52 24 stad
225 1298 49 15 som
302 1292 30 29 pä
359 1290 87 31 landet,
478 1298 53 16 men
557 1291 39 23 ber
619 1291 121 24 Utskottet
761 1293 36 21 att
815 1297 50 16 som

109 1325 38 24 sin
171 1325 64 32 äsigt
253 1325 25 23 fä
296 1325 77 23 uttala
392 1327 35 21 att
445 1325 84 24 endast
548 1325 38 24 det
604 1325 64 24 förra
687 1325 68 24 borde
774 1325 90 30 ifräga-

108 1359 100 24 komma.
244 1359 35 30 Ty
304 1359 59 24 först
381 1359 42 24 och
444 1359 86 24 främst
548 1360 64 23 torde
630 1360 38 23 det
686 1360 35 23 för
741 1359 124 24 arbetaren

108 1395 31 30 pä
157 1393 81 24 landet
256 1393 8 23 i
284 1393 132 24 allmänhet
435 1394 18 30 ej
475 1402 61 15 vara
549 1394 50 23 med
617 1394 143 31 synnerliga
770 1393 94 31 svärig-

109 1428 65 23 heter
199 1428 107 23 förenadt
324 1430 35 21 att
377 1427 118 24 förskaffa
514 1428 38 32 sig
570 1428 102 32 lämplig
690 1428 81 24 bostad
789 1427 76 24 både
849 1423 18 41 i

178 1471 140 18 Statsutskottets
330 1471 110 18 betänkande
452 1471 37 18 N:o
504 1472 24 17 14.
