<?xml version="1.0" encoding="UTF-8"?>
<alto xmlns="http://www.loc.gov/standards/alto/ns-v3#" xmlns:xlink="http://www.w3.org/1999/xlink" xmlns:xsi="http://www.w3.org/2001/XMLSchema-instance" xsi:schemaLocation="http://www.loc.gov/standards/alto/ns-v3# http://www.loc.gov/alto/v3/alto-3-0.xsd">
	<Description>
		<MeasurementUnit>pixel</MeasurementUnit>
		<sourceImageInformation>
			<fileName>/tmp/tess_mc5j2lhf_input.PNG</fileName>
		</sourceImageInformation>
		<OCRProcessing ID="OCR_0">
			<ocrProcessingStep>
				<processingSoftware>
					<softwareName>tesseract 5.3.4</softwareName>
				</processingSoftware>
			</ocrProcessingStep>
		</OCRProcessing>
	</Description>
	<Layout>
		<Page WIDTH="1017" HEIGHT="1653" PHYSICAL_IMG_NR="0" ID="page_0">
			<PrintSpace HPOS="0" VPOS="0" WIDTH="1017" HEIGHT="1653">
				<ComposedBlock ID="cblock_0" HPOS="275" VPOS="121" WIDTH="571" HEIGHT="23">
					<TextBlock ID="block_0" HPOS="275" VPOS="121" WIDTH="571" HEIGHT="23">
						<TextLine ID="line_0" HPOS="275" VPOS="121" WIDTH="571" HEIGHT="23">
							<String ID="string_0" HPOS="275" VPOS="121" WIDTH="278" HEIGHT="23" WC="0.91" CONTENT="Petitionsbetänkande"/><SP WIDTH="16" VPOS="121" HPOS="553"/>
							<String ID="string_1" HPOS="569" VPOS="121" WIDTH="43" HEIGHT="23" WC="0.96" CONTENT="N:o"/><SP WIDTH="16" VPOS="121" HPOS="612"/>
							<String ID="string_2" HPOS="628" VPOS="121" WIDTH="37" HEIGHT="23" WC="0.96" CONTENT="78."/><SP WIDTH="167" VPOS="121" HPOS="665"/>
							<String ID="string_3" HPOS="832" VPOS="122" WIDTH="14" HEIGHT="21" WC="0.96" CONTENT="5"/>
						</TextLine>
					</TextBlock>
				</ComposedBlock>
				<ComposedBlock ID="cblock_1" HPOS="92" VPOS="193" WIDTH="757" HEIGHT="1244">
					<TextBlock ID="block_1" HPOS="92" VPOS="193" WIDTH="755" HEIGHT="629">
						<TextLine ID="line_1" HPOS="94" VPOS="193" WIDTH="752" HEIGHT="29">
							<String ID="string_4" HPOS="94" VPOS="194" WIDTH="97" HEIGHT="21" WC="0.96" CONTENT="Finland"/><SP WIDTH="25" VPOS="194" HPOS="191"/>
							<String ID="string_5" HPOS="216" VPOS="194" WIDTH="43" HEIGHT="21" WC="0.96" CONTENT="och"/><SP WIDTH="24" VPOS="194" HPOS="259"/>
							<String ID="string_6" HPOS="283" VPOS="194" WIDTH="44" HEIGHT="20" WC="0.96" CONTENT="den"/><SP WIDTH="26" VPOS="194" HPOS="327"/>
							<String ID="string_7" HPOS="353" VPOS="193" WIDTH="27" HEIGHT="21" WC="0.96" CONTENT="19"/><SP WIDTH="24" VPOS="193" HPOS="380"/>
							<String ID="string_8" HPOS="404" VPOS="193" WIDTH="55" HEIGHT="22" WC="0.96" CONTENT="Juni"/><SP WIDTH="27" VPOS="193" HPOS="459"/>
							<String ID="string_9" HPOS="486" VPOS="193" WIDTH="58" HEIGHT="21" WC="0.96" CONTENT="1895"/><SP WIDTH="24" VPOS="193" HPOS="544"/>
							<String ID="string_10" HPOS="568" VPOS="200" WIDTH="36" HEIGHT="14" WC="0.95" CONTENT="om"/><SP WIDTH="17" VPOS="200" HPOS="604"/>
							<String ID="string_11" HPOS="621" VPOS="193" WIDTH="143" HEIGHT="29" WC="0.93" CONTENT="sparbanker,"/><SP WIDTH="17" VPOS="193" HPOS="764"/>
							<String ID="string_12" HPOS="781" VPOS="194" WIDTH="65" HEIGHT="20" WC="0.92" CONTENT="hvar-"/>
						</TextLine>
						<TextLine ID="line_2" HPOS="92" VPOS="228" WIDTH="755" HEIGHT="30">
							<String ID="string_13" HPOS="92" VPOS="229" WIDTH="71" HEIGHT="29" WC="0.96" CONTENT="jemte"/><SP WIDTH="26" VPOS="229" HPOS="163"/>
							<String ID="string_14" HPOS="189" VPOS="229" WIDTH="174" HEIGHT="29" WC="0.85" CONTENT="ifrågavarande"/><SP WIDTH="25" VPOS="229" HPOS="363"/>
							<String ID="string_15" HPOS="388" VPOS="228" WIDTH="151" HEIGHT="22" WC="0.93" CONTENT="rättsinstitut"/><SP WIDTH="25" VPOS="228" HPOS="539"/>
							<String ID="string_16" HPOS="564" VPOS="228" WIDTH="141" HEIGHT="22" WC="0.93" CONTENT="beträffande"/><SP WIDTH="24" VPOS="228" HPOS="705"/>
							<String ID="string_17" HPOS="729" VPOS="228" WIDTH="118" HEIGHT="30" WC="0.92" CONTENT="pantsedel"/>
						</TextLine>
						<TextLine ID="line_3" HPOS="94" VPOS="264" WIDTH="753" HEIGHT="28">
							<String ID="string_18" HPOS="94" VPOS="265" WIDTH="105" HEIGHT="21" WC="0.96" CONTENT="beaktats"/><SP WIDTH="10" VPOS="265" HPOS="199"/>
							<String ID="string_19" HPOS="209" VPOS="264" WIDTH="35" HEIGHT="22" WC="0.96" CONTENT="uti"/><SP WIDTH="16" VPOS="264" HPOS="244"/>
							<String ID="string_20" HPOS="260" VPOS="265" WIDTH="44" HEIGHT="21" WC="0.96" CONTENT="den"/><SP WIDTH="15" VPOS="265" HPOS="304"/>
							<String ID="string_21" HPOS="319" VPOS="264" WIDTH="36" HEIGHT="22" WC="0.93" CONTENT="till"/><SP WIDTH="15" VPOS="264" HPOS="355"/>
							<String ID="string_22" HPOS="370" VPOS="264" WIDTH="127" HEIGHT="22" WC="0.91" CONTENT="Ständerna"/><SP WIDTH="16" VPOS="264" HPOS="497"/>
							<String ID="string_23" HPOS="513" VPOS="264" WIDTH="40" HEIGHT="22" WC="0.96" CONTENT="vid"/><SP WIDTH="15" VPOS="264" HPOS="553"/>
							<String ID="string_24" HPOS="568" VPOS="264" WIDTH="153" HEIGHT="22" WC="0.91" CONTENT="innevarande"/><SP WIDTH="15" VPOS="264" HPOS="721"/>
							<String ID="string_25" HPOS="736" VPOS="264" WIDTH="111" HEIGHT="28" WC="0.91" CONTENT="landtdag"/>
						</TextLine>
						<TextLine ID="line_4" HPOS="96" VPOS="300" WIDTH="750" HEIGHT="29">
							<String ID="string_26" HPOS="96" VPOS="300" WIDTH="85" HEIGHT="22" WC="0.91" CONTENT="aflåtna"/><SP WIDTH="16" VPOS="300" HPOS="181"/>
							<String ID="string_27" HPOS="197" VPOS="300" WIDTH="84" HEIGHT="29" WC="0.96" CONTENT="nådiga"/><SP WIDTH="15" VPOS="300" HPOS="281"/>
							<String ID="string_28" HPOS="296" VPOS="300" WIDTH="169" HEIGHT="29" WC="0.95" CONTENT="propositionen"/><SP WIDTH="17" VPOS="300" HPOS="465"/>
							<String ID="string_29" HPOS="482" VPOS="308" WIDTH="38" HEIGHT="14" WC="0.96" CONTENT="om"/><SP WIDTH="15" VPOS="308" HPOS="520"/>
							<String ID="string_30" HPOS="535" VPOS="302" WIDTH="47" HEIGHT="20" WC="0.96" CONTENT="rätt"/><SP WIDTH="16" VPOS="302" HPOS="582"/>
							<String ID="string_31" HPOS="598" VPOS="302" WIDTH="35" HEIGHT="20" WC="0.93" CONTENT="att"/><SP WIDTH="11" VPOS="302" HPOS="633"/>
							<String ID="string_32" HPOS="644" VPOS="300" WIDTH="75" HEIGHT="23" WC="0.91" CONTENT="drifva"/><SP WIDTH="10" VPOS="300" HPOS="719"/>
							<String ID="string_33" HPOS="729" VPOS="300" WIDTH="117" HEIGHT="29" WC="0.89" CONTENT="pantlåne-"/>
						</TextLine>
						<TextLine ID="line_5" HPOS="94" VPOS="335" WIDTH="753" HEIGHT="30">
							<String ID="string_34" HPOS="94" VPOS="336" WIDTH="82" HEIGHT="21" WC="0.96" CONTENT="rörelse"/><SP WIDTH="20" VPOS="336" HPOS="176"/>
							<String ID="string_35" HPOS="196" VPOS="338" WIDTH="75" HEIGHT="19" WC="0.96" CONTENT="såsom"/><SP WIDTH="20" VPOS="338" HPOS="271"/>
							<String ID="string_36" HPOS="291" VPOS="336" WIDTH="62" HEIGHT="29" WC="0.92" CONTENT="yrke."/><SP WIDTH="31" VPOS="336" HPOS="353"/>
							<String ID="string_37" HPOS="384" VPOS="335" WIDTH="321" HEIGHT="22" WC="0.92" CONTENT="Mortifikationsförfarandet"/><SP WIDTH="15" VPOS="335" HPOS="705"/>
							<String ID="string_38" HPOS="720" VPOS="339" WIDTH="25" HEIGHT="18" WC="0.96" CONTENT="är"/><SP WIDTH="14" VPOS="339" HPOS="745"/>
							<String ID="string_39" HPOS="759" VPOS="335" WIDTH="8" HEIGHT="22" WC="0.95" CONTENT="i"/><SP WIDTH="16" VPOS="335" HPOS="767"/>
							<String ID="string_40" HPOS="783" VPOS="335" WIDTH="64" HEIGHT="21" WC="0.96" CONTENT="dessa"/>
						</TextLine>
						<TextLine ID="line_6" HPOS="95" VPOS="371" WIDTH="750" HEIGHT="29">
							<String ID="string_41" HPOS="95" VPOS="371" WIDTH="40" HEIGHT="22" WC="0.96" CONTENT="fall"/><SP WIDTH="16" VPOS="371" HPOS="135"/>
							<String ID="string_42" HPOS="151" VPOS="371" WIDTH="142" HEIGHT="29" WC="0.96" CONTENT="väsentligen"/><SP WIDTH="16" VPOS="371" HPOS="293"/>
							<String ID="string_43" HPOS="309" VPOS="372" WIDTH="140" HEIGHT="21" WC="0.91" CONTENT="annorlunda"/><SP WIDTH="10" VPOS="372" HPOS="449"/>
							<String ID="string_44" HPOS="459" VPOS="371" WIDTH="125" HEIGHT="29" WC="0.91" CONTENT="gestaltadt"/><SP WIDTH="11" VPOS="371" HPOS="584"/>
							<String ID="string_45" HPOS="595" VPOS="375" WIDTH="29" HEIGHT="18" WC="0.96" CONTENT="än"/><SP WIDTH="10" VPOS="375" HPOS="624"/>
							<String ID="string_46" HPOS="634" VPOS="371" WIDTH="39" HEIGHT="22" WC="0.96" CONTENT="det"/><SP WIDTH="10" VPOS="371" HPOS="673"/>
							<String ID="string_47" HPOS="683" VPOS="371" WIDTH="70" HEIGHT="22" WC="0.93" CONTENT="ofvan"/><SP WIDTH="10" VPOS="371" HPOS="753"/>
							<String ID="string_48" HPOS="763" VPOS="371" WIDTH="82" HEIGHT="22" WC="0.91" CONTENT="beträf-"/>
						</TextLine>
						<TextLine ID="line_7" HPOS="95" VPOS="407" WIDTH="750" HEIGHT="29">
							<String ID="string_49" HPOS="95" VPOS="407" WIDTH="68" HEIGHT="22" WC="0.91" CONTENT="fande"/><SP WIDTH="11" VPOS="407" HPOS="163"/>
							<String ID="string_50" HPOS="174" VPOS="408" WIDTH="78" HEIGHT="21" WC="0.91" CONTENT="vexlar"/><SP WIDTH="16" VPOS="408" HPOS="252"/>
							<String ID="string_51" HPOS="268" VPOS="407" WIDTH="119" HEIGHT="28" WC="0.96" CONTENT="skildrade,"/><SP WIDTH="17" VPOS="407" HPOS="387"/>
							<String ID="string_52" HPOS="404" VPOS="407" WIDTH="8" HEIGHT="22" WC="0.96" CONTENT="i"/><SP WIDTH="16" VPOS="407" HPOS="412"/>
							<String ID="string_53" HPOS="428" VPOS="408" WIDTH="39" HEIGHT="21" WC="0.96" CONTENT="det"/><SP WIDTH="11" VPOS="408" HPOS="467"/>
							<String ID="string_54" HPOS="478" VPOS="411" WIDTH="35" HEIGHT="18" WC="0.96" CONTENT="att"/><SP WIDTH="11" VPOS="411" HPOS="513"/>
							<String ID="string_55" HPOS="524" VPOS="407" WIDTH="71" HEIGHT="29" WC="0.95" CONTENT="sagda"/><SP WIDTH="11" VPOS="407" HPOS="595"/>
							<String ID="string_56" HPOS="606" VPOS="407" WIDTH="129" HEIGHT="22" WC="0.95" CONTENT="förfarande"/><SP WIDTH="11" VPOS="407" HPOS="735"/>
							<String ID="string_57" HPOS="746" VPOS="407" WIDTH="41" HEIGHT="22" WC="0.96" CONTENT="här"/><SP WIDTH="10" VPOS="407" HPOS="787"/>
							<String ID="string_58" HPOS="797" VPOS="407" WIDTH="48" HEIGHT="21" WC="0.96" CONTENT="icke"/>
						</TextLine>
						<TextLine ID="line_8" HPOS="95" VPOS="443" WIDTH="750" HEIGHT="29">
							<String ID="string_59" HPOS="95" VPOS="444" WIDTH="103" HEIGHT="28" WC="0.89" CONTENT="påkallar"/><SP WIDTH="15" VPOS="444" HPOS="198"/>
							<String ID="string_60" HPOS="213" VPOS="445" WIDTH="76" HEIGHT="27" WC="0.93" CONTENT="någon"/><SP WIDTH="20" VPOS="445" HPOS="289"/>
							<String ID="string_61" HPOS="309" VPOS="443" WIDTH="197" HEIGHT="29" WC="0.91" CONTENT="domstolsåtgärd,"/><SP WIDTH="16" VPOS="443" HPOS="506"/>
							<String ID="string_62" HPOS="522" VPOS="446" WIDTH="57" HEIGHT="19" WC="0.96" CONTENT="utan"/><SP WIDTH="11" VPOS="446" HPOS="579"/>
							<String ID="string_63" HPOS="590" VPOS="443" WIDTH="131" HEIGHT="22" WC="0.96" CONTENT="ankommer"/><SP WIDTH="8" VPOS="443" HPOS="721"/>
							<String ID="string_64" HPOS="729" VPOS="445" WIDTH="29" HEIGHT="27" WC="0.91" CONTENT="på"/><SP WIDTH="11" VPOS="445" HPOS="758"/>
							<String ID="string_65" HPOS="769" VPOS="443" WIDTH="76" HEIGHT="22" WC="0.91" CONTENT="veder-"/>
						</TextLine>
						<TextLine ID="line_9" HPOS="95" VPOS="479" WIDTH="750" HEIGHT="29">
							<String ID="string_66" HPOS="95" VPOS="479" WIDTH="99" HEIGHT="22" WC="0.92" CONTENT="börande"/><SP WIDTH="11" VPOS="479" HPOS="194"/>
							<String ID="string_67" HPOS="205" VPOS="479" WIDTH="207" HEIGHT="29" WC="0.91" CONTENT="upplagsmagasin,"/><SP WIDTH="12" VPOS="479" HPOS="412"/>
							<String ID="string_68" HPOS="424" VPOS="479" WIDTH="178" HEIGHT="29" WC="0.91" CONTENT="postsparbanks"/><SP WIDTH="11" VPOS="479" HPOS="602"/>
							<String ID="string_69" HPOS="613" VPOS="479" WIDTH="54" HEIGHT="22" WC="0.93" CONTENT="eller"/><SP WIDTH="8" VPOS="479" HPOS="667"/>
							<String ID="string_70" HPOS="675" VPOS="479" WIDTH="170" HEIGHT="29" WC="0.92" CONTENT="sparbankssty-"/>
						</TextLine>
						<TextLine ID="line_10" HPOS="95" VPOS="514" WIDTH="749" HEIGHT="30">
							<String ID="string_71" HPOS="95" VPOS="515" WIDTH="62" HEIGHT="28" WC="0.92" CONTENT="relse,"/><SP WIDTH="17" VPOS="515" HPOS="157"/>
							<String ID="string_72" HPOS="174" VPOS="515" WIDTH="94" HEIGHT="22" WC="0.96" CONTENT="hvarför"/><SP WIDTH="18" VPOS="515" HPOS="268"/>
							<String ID="string_73" HPOS="286" VPOS="515" WIDTH="19" HEIGHT="28" WC="0.96" CONTENT="ej"/><SP WIDTH="12" VPOS="515" HPOS="305"/>
							<String ID="string_74" HPOS="317" VPOS="515" WIDTH="69" HEIGHT="21" WC="0.96" CONTENT="heller"/><SP WIDTH="15" VPOS="515" HPOS="386"/>
							<String ID="string_75" HPOS="401" VPOS="517" WIDTH="77" HEIGHT="26" WC="0.96" CONTENT="någon"/><SP WIDTH="16" VPOS="517" HPOS="478"/>
							<String ID="string_76" HPOS="494" VPOS="515" WIDTH="103" HEIGHT="29" WC="0.93" CONTENT="egentlig"/><SP WIDTH="15" VPOS="515" HPOS="597"/>
							<String ID="string_77" HPOS="612" VPOS="515" WIDTH="108" HEIGHT="29" WC="0.92" CONTENT="pröfning"/><SP WIDTH="8" VPOS="515" HPOS="720"/>
							<String ID="string_78" HPOS="728" VPOS="515" WIDTH="26" HEIGHT="22" WC="0.93" CONTENT="af"/><SP WIDTH="7" VPOS="515" HPOS="754"/>
							<String ID="string_79" HPOS="761" VPOS="514" WIDTH="83" HEIGHT="22" WC="0.92" CONTENT="mortfi-"/>
						</TextLine>
						<TextLine ID="line_11" HPOS="96" VPOS="546" WIDTH="750" HEIGHT="33">
							<String ID="string_80" HPOS="96" VPOS="551" WIDTH="95" HEIGHT="22" WC="0.91" CONTENT="kantens"/><SP WIDTH="16" VPOS="551" HPOS="191"/>
							<String ID="string_81" HPOS="207" VPOS="551" WIDTH="101" HEIGHT="22" WC="0.96" CONTENT="ansökan"/><SP WIDTH="15" VPOS="551" HPOS="308"/>
							<String ID="string_82" HPOS="323" VPOS="551" WIDTH="101" HEIGHT="22" WC="0.96" CONTENT="kommer"/><SP WIDTH="14" VPOS="551" HPOS="424"/>
							<String ID="string_83" HPOS="438" VPOS="551" WIDTH="7" HEIGHT="21" WC="0.96" CONTENT="i"/><SP WIDTH="14" VPOS="551" HPOS="445"/>
							<String ID="string_84" HPOS="459" VPOS="551" WIDTH="72" HEIGHT="28" WC="0.96" CONTENT="fråga."/><SP WIDTH="22" VPOS="551" HPOS="531"/>
							<String ID="string_85" HPOS="553" VPOS="546" WIDTH="77" HEIGHT="27" WC="0.95" CONTENT="Äfven"/><SP WIDTH="10" VPOS="546" HPOS="630"/>
							<String ID="string_86" HPOS="640" VPOS="551" WIDTH="34" HEIGHT="21" WC="0.96" CONTENT="uti"/><SP WIDTH="11" VPOS="551" HPOS="674"/>
							<String ID="string_87" HPOS="685" VPOS="551" WIDTH="140" HEIGHT="21" WC="0.96" CONTENT="förfarandet"/><SP WIDTH="14" VPOS="551" HPOS="825"/>
							<String ID="string_88" HPOS="839" VPOS="551" WIDTH="7" HEIGHT="20" WC="0.97" CONTENT="i"/>
						</TextLine>
						<TextLine ID="line_12" HPOS="96" VPOS="586" WIDTH="749" HEIGHT="29">
							<String ID="string_89" HPOS="96" VPOS="586" WIDTH="71" HEIGHT="29" WC="0.96" CONTENT="öfrigt"/><SP WIDTH="21" VPOS="586" HPOS="167"/>
							<String ID="string_90" HPOS="188" VPOS="587" WIDTH="42" HEIGHT="21" WC="0.96" CONTENT="och"/><SP WIDTH="20" VPOS="587" HPOS="230"/>
							<String ID="string_91" HPOS="250" VPOS="587" WIDTH="106" HEIGHT="21" WC="0.96" CONTENT="särskildt"/><SP WIDTH="16" VPOS="587" HPOS="356"/>
							<String ID="string_92" HPOS="372" VPOS="587" WIDTH="141" HEIGHT="21" WC="0.96" CONTENT="beträffande"/><SP WIDTH="16" VPOS="587" HPOS="513"/>
							<String ID="string_93" HPOS="529" VPOS="587" WIDTH="111" HEIGHT="21" WC="0.96" CONTENT="terminen"/><SP WIDTH="16" VPOS="587" HPOS="640"/>
							<String ID="string_94" HPOS="656" VPOS="587" WIDTH="35" HEIGHT="21" WC="0.93" CONTENT="för"/><SP WIDTH="16" VPOS="587" HPOS="691"/>
							<String ID="string_95" HPOS="707" VPOS="588" WIDTH="138" HEIGHT="27" WC="0.91" CONTENT="motansprå-"/>
						</TextLine>
						<TextLine ID="line_13" HPOS="96" VPOS="622" WIDTH="750" HEIGHT="29">
							<String ID="string_96" HPOS="96" VPOS="623" WIDTH="50" HEIGHT="20" WC="0.92" CONTENT="kets"/><SP WIDTH="22" VPOS="623" HPOS="146"/>
							<String ID="string_97" HPOS="168" VPOS="623" WIDTH="133" HEIGHT="21" WC="0.89" CONTENT="anmälande"/><SP WIDTH="21" VPOS="623" HPOS="301"/>
							<String ID="string_98" HPOS="322" VPOS="623" WIDTH="71" HEIGHT="21" WC="0.89" CONTENT="förete"/><SP WIDTH="19" VPOS="623" HPOS="393"/>
							<String ID="string_99" HPOS="412" VPOS="622" WIDTH="176" HEIGHT="29" WC="0.96" CONTENT="ifrågavarande"/><SP WIDTH="16" VPOS="622" HPOS="588"/>
							<String ID="string_100" HPOS="604" VPOS="623" WIDTH="142" HEIGHT="28" WC="0.90" CONTENT="stadganden"/><SP WIDTH="15" VPOS="623" HPOS="746"/>
							<String ID="string_101" HPOS="761" VPOS="622" WIDTH="85" HEIGHT="21" WC="0.90" CONTENT="olikhe-"/>
						</TextLine>
						<TextLine ID="line_14" HPOS="97" VPOS="657" WIDTH="749" HEIGHT="30">
							<String ID="string_102" HPOS="97" VPOS="662" WIDTH="34" HEIGHT="17" WC="0.92" CONTENT="ter"/><SP WIDTH="26" VPOS="662" HPOS="131"/>
							<String ID="string_103" HPOS="157" VPOS="658" WIDTH="94" HEIGHT="28" WC="0.91" CONTENT="jemväl,"/><SP WIDTH="18" VPOS="658" HPOS="251"/>
							<String ID="string_104" HPOS="269" VPOS="659" WIDTH="36" HEIGHT="28" WC="0.96" CONTENT="sig"/><SP WIDTH="23" VPOS="659" HPOS="305"/>
							<String ID="string_105" HPOS="328" VPOS="659" WIDTH="102" HEIGHT="20" WC="0.96" CONTENT="emellan."/><SP WIDTH="32" VPOS="659" HPOS="430"/>
							<String ID="string_106" HPOS="462" VPOS="659" WIDTH="102" HEIGHT="21" WC="0.61" CONTENT="Sålunda"/><SP WIDTH="23" VPOS="659" HPOS="564"/>
							<String ID="string_107" HPOS="587" VPOS="659" WIDTH="41" HEIGHT="21" WC="0.96" CONTENT="har"/><SP WIDTH="22" VPOS="659" HPOS="628"/>
							<String ID="string_108" HPOS="650" VPOS="659" WIDTH="71" HEIGHT="28" WC="0.96" CONTENT="sagda"/><SP WIDTH="22" VPOS="659" HPOS="721"/>
							<String ID="string_109" HPOS="743" VPOS="657" WIDTH="103" HEIGHT="22" WC="0.96" CONTENT="termin"/><SP WIDTH="-12" VPOS="657" HPOS="846"/>
							<String ID="string_110" HPOS="834" VPOS="653" WIDTH="15" HEIGHT="38" WC="0.96" CONTENT="i"/>
						</TextLine>
						<TextLine ID="line_15" HPOS="96" VPOS="693" WIDTH="750" HEIGHT="29">
							<String ID="string_111" HPOS="96" VPOS="693" WIDTH="66" HEIGHT="29" WC="0.96" CONTENT="fråga"/><SP WIDTH="16" VPOS="693" HPOS="162"/>
							<String ID="string_112" HPOS="178" VPOS="701" WIDTH="36" HEIGHT="13" WC="0.96" CONTENT="om"/><SP WIDTH="17" VPOS="701" HPOS="214"/>
							<String ID="string_113" HPOS="231" VPOS="694" WIDTH="103" HEIGHT="21" WC="0.95" CONTENT="dödande"/><SP WIDTH="11" VPOS="694" HPOS="334"/>
							<String ID="string_114" HPOS="345" VPOS="694" WIDTH="26" HEIGHT="21" WC="0.93" CONTENT="af"/><SP WIDTH="11" VPOS="694" HPOS="371"/>
							<String ID="string_115" HPOS="382" VPOS="694" WIDTH="162" HEIGHT="28" WC="0.92" CONTENT="upplagsbevis"/><SP WIDTH="17" VPOS="694" HPOS="544"/>
							<String ID="string_116" HPOS="561" VPOS="694" WIDTH="42" HEIGHT="21" WC="0.93" CONTENT="och"/><SP WIDTH="18" VPOS="694" HPOS="603"/>
							<String ID="string_117" HPOS="621" VPOS="698" WIDTH="107" HEIGHT="17" WC="0.92" CONTENT="warrants"/><SP WIDTH="10" VPOS="698" HPOS="728"/>
							<String ID="string_118" HPOS="738" VPOS="694" WIDTH="108" HEIGHT="20" WC="0.96" CONTENT="bestämts"/>
						</TextLine>
						<TextLine ID="line_16" HPOS="97" VPOS="729" WIDTH="749" HEIGHT="29">
							<String ID="string_119" HPOS="97" VPOS="729" WIDTH="34" HEIGHT="21" WC="0.96" CONTENT="till"/><SP WIDTH="16" VPOS="729" HPOS="131"/>
							<String ID="string_120" HPOS="147" VPOS="731" WIDTH="34" HEIGHT="19" WC="0.95" CONTENT="tre"/><SP WIDTH="21" VPOS="731" HPOS="181"/>
							<String ID="string_121" HPOS="202" VPOS="730" WIDTH="113" HEIGHT="27" WC="0.96" CONTENT="månader,"/><SP WIDTH="18" VPOS="730" HPOS="315"/>
							<String ID="string_122" HPOS="333" VPOS="729" WIDTH="35" HEIGHT="21" WC="0.93" CONTENT="för"/><SP WIDTH="15" VPOS="729" HPOS="368"/>
							<String ID="string_123" HPOS="383" VPOS="729" WIDTH="164" HEIGHT="21" WC="0.91" CONTENT="mortifikation"/><SP WIDTH="17" VPOS="729" HPOS="547"/>
							<String ID="string_124" HPOS="564" VPOS="729" WIDTH="26" HEIGHT="21" WC="0.93" CONTENT="af"/><SP WIDTH="12" VPOS="729" HPOS="590"/>
							<String ID="string_125" HPOS="602" VPOS="729" WIDTH="177" HEIGHT="29" WC="0.90" CONTENT="postsparbanks"/><SP WIDTH="10" VPOS="729" HPOS="779"/>
							<String ID="string_126" HPOS="789" VPOS="731" WIDTH="57" HEIGHT="19" WC="0.93" CONTENT="mot-"/>
						</TextLine>
						<TextLine ID="line_17" HPOS="98" VPOS="764" WIDTH="749" HEIGHT="30">
							<String ID="string_127" HPOS="98" VPOS="765" WIDTH="45" HEIGHT="21" WC="0.96" CONTENT="bok"/><SP WIDTH="25" VPOS="765" HPOS="143"/>
							<String ID="string_128" HPOS="168" VPOS="765" WIDTH="35" HEIGHT="21" WC="0.95" CONTENT="till"/><SP WIDTH="32" VPOS="765" HPOS="203"/>
							<String ID="string_129" HPOS="235" VPOS="768" WIDTH="34" HEIGHT="18" WC="0.96" CONTENT="ett"/><SP WIDTH="24" VPOS="768" HPOS="269"/>
							<String ID="string_130" HPOS="293" VPOS="767" WIDTH="24" HEIGHT="19" WC="0.96" CONTENT="år"/><SP WIDTH="16" VPOS="767" HPOS="317"/>
							<String ID="string_131" HPOS="333" VPOS="765" WIDTH="42" HEIGHT="21" WC="0.96" CONTENT="och"/><SP WIDTH="25" VPOS="765" HPOS="375"/>
							<String ID="string_132" HPOS="400" VPOS="765" WIDTH="117" HEIGHT="29" WC="0.96" CONTENT="angående"/><SP WIDTH="23" VPOS="765" HPOS="517"/>
							<String ID="string_133" HPOS="540" VPOS="765" WIDTH="125" HEIGHT="29" WC="0.93" CONTENT="sparbanks"/><SP WIDTH="22" VPOS="765" HPOS="665"/>
							<String ID="string_134" HPOS="687" VPOS="764" WIDTH="95" HEIGHT="22" WC="0.90" CONTENT="motbok"/><SP WIDTH="30" VPOS="764" HPOS="782"/>
							<String ID="string_135" HPOS="812" VPOS="764" WIDTH="35" HEIGHT="21" WC="0.96" CONTENT="till"/>
						</TextLine>
						<TextLine ID="line_18" HPOS="98" VPOS="801" WIDTH="167" HEIGHT="21">
							<String ID="string_136" HPOS="98" VPOS="808" WIDTH="38" HEIGHT="14" WC="0.96" CONTENT="sex"/><SP WIDTH="16" VPOS="808" HPOS="136"/>
							<String ID="string_137" HPOS="152" VPOS="801" WIDTH="113" HEIGHT="21" WC="0.96" CONTENT="månader."/>
						</TextLine>
					</TextBlock>
					<TextBlock ID="block_2" HPOS="97" VPOS="835" WIDTH="752" HEIGHT="602">
						<TextLine ID="line_19" HPOS="169" VPOS="835" WIDTH="678" HEIGHT="30">
							<String ID="string_138" HPOS="169" VPOS="836" WIDTH="80" HEIGHT="22" WC="0.96" CONTENT="Såsom"/><SP WIDTH="16" VPOS="836" HPOS="249"/>
							<String ID="string_139" HPOS="265" VPOS="836" WIDTH="26" HEIGHT="22" WC="0.96" CONTENT="af"/><SP WIDTH="13" VPOS="836" HPOS="291"/>
							<String ID="string_140" HPOS="304" VPOS="836" WIDTH="136" HEIGHT="29" WC="0.96" CONTENT="föregående"/><SP WIDTH="16" VPOS="836" HPOS="440"/>
							<String ID="string_141" HPOS="456" VPOS="836" WIDTH="171" HEIGHT="29" WC="0.96" CONTENT="framställning"/><SP WIDTH="15" VPOS="836" HPOS="627"/>
							<String ID="string_142" HPOS="642" VPOS="844" WIDTH="73" HEIGHT="21" WC="0.95" CONTENT="synes,"/><SP WIDTH="10" VPOS="844" HPOS="715"/>
							<String ID="string_143" HPOS="725" VPOS="839" WIDTH="38" HEIGHT="19" WC="0.95" CONTENT="äro"/><SP WIDTH="11" VPOS="839" HPOS="763"/>
							<String ID="string_144" HPOS="774" VPOS="836" WIDTH="28" HEIGHT="21" WC="0.96" CONTENT="de"/><SP WIDTH="11" VPOS="836" HPOS="802"/>
							<String ID="string_145" HPOS="813" VPOS="835" WIDTH="34" HEIGHT="22" WC="0.96" CONTENT="för"/>
						</TextLine>
						<TextLine ID="line_20" HPOS="98" VPOS="872" WIDTH="749" HEIGHT="29">
							<String ID="string_146" HPOS="98" VPOS="872" WIDTH="60" HEIGHT="21" WC="0.96" CONTENT="vissa"/><SP WIDTH="15" VPOS="872" HPOS="158"/>
							<String ID="string_147" HPOS="173" VPOS="872" WIDTH="106" HEIGHT="28" WC="0.96" CONTENT="speciella"/><SP WIDTH="16" VPOS="872" HPOS="279"/>
							<String ID="string_148" HPOS="295" VPOS="872" WIDTH="40" HEIGHT="21" WC="0.96" CONTENT="fall"/><SP WIDTH="15" VPOS="872" HPOS="335"/>
							<String ID="string_149" HPOS="350" VPOS="872" WIDTH="69" HEIGHT="21" WC="0.95" CONTENT="redan"/><SP WIDTH="16" VPOS="872" HPOS="419"/>
							<String ID="string_150" HPOS="435" VPOS="872" WIDTH="140" HEIGHT="28" WC="0.93" CONTENT="förefintliga"/><SP WIDTH="16" VPOS="872" HPOS="575"/>
							<String ID="string_151" HPOS="591" VPOS="872" WIDTH="155" HEIGHT="29" WC="0.90" CONTENT="stadgandena"/><SP WIDTH="15" VPOS="872" HPOS="746"/>
							<String ID="string_152" HPOS="761" VPOS="879" WIDTH="37" HEIGHT="14" WC="0.92" CONTENT="om"/><SP WIDTH="11" VPOS="879" HPOS="798"/>
							<String ID="string_153" HPOS="809" VPOS="872" WIDTH="38" HEIGHT="20" WC="0.92" CONTENT="dö-"/>
						</TextLine>
						<TextLine ID="line_21" HPOS="98" VPOS="907" WIDTH="748" HEIGHT="29">
							<String ID="string_154" HPOS="98" VPOS="908" WIDTH="73" HEIGHT="21" WC="0.96" CONTENT="dande"/><SP WIDTH="16" VPOS="908" HPOS="171"/>
							<String ID="string_155" HPOS="187" VPOS="908" WIDTH="26" HEIGHT="21" WC="0.96" CONTENT="af"/><SP WIDTH="12" VPOS="908" HPOS="213"/>
							<String ID="string_156" HPOS="225" VPOS="908" WIDTH="116" HEIGHT="21" WC="0.96" CONTENT="urkunder"/><SP WIDTH="15" VPOS="908" HPOS="341"/>
							<String ID="string_157" HPOS="356" VPOS="908" WIDTH="25" HEIGHT="21" WC="0.96" CONTENT="af"/><SP WIDTH="13" VPOS="908" HPOS="381"/>
							<String ID="string_158" HPOS="394" VPOS="916" WIDTH="28" HEIGHT="13" WC="0.96" CONTENT="en"/><SP WIDTH="11" VPOS="916" HPOS="422"/>
							<String ID="string_159" HPOS="433" VPOS="915" WIDTH="47" HEIGHT="21" WC="0.96" CONTENT="nog"/><SP WIDTH="10" VPOS="915" HPOS="480"/>
							<String ID="string_160" HPOS="490" VPOS="908" WIDTH="184" HEIGHT="28" WC="0.95" CONTENT="mångskiftande"/><SP WIDTH="11" VPOS="908" HPOS="674"/>
							<String ID="string_161" HPOS="685" VPOS="907" WIDTH="161" HEIGHT="28" WC="0.96" CONTENT="beskaffenhet,"/>
						</TextLine>
						<TextLine ID="line_22" HPOS="97" VPOS="943" WIDTH="750" HEIGHT="29">
							<String ID="string_162" HPOS="97" VPOS="944" WIDTH="72" HEIGHT="21" WC="0.95" CONTENT="under"/><SP WIDTH="28" VPOS="944" HPOS="169"/>
							<String ID="string_163" HPOS="197" VPOS="944" WIDTH="39" HEIGHT="20" WC="0.95" CONTENT="det"/><SP WIDTH="21" VPOS="944" HPOS="236"/>
							<String ID="string_164" HPOS="257" VPOS="946" WIDTH="34" HEIGHT="19" WC="0.96" CONTENT="att"/><SP WIDTH="21" VPOS="946" HPOS="291"/>
							<String ID="string_165" HPOS="312" VPOS="943" WIDTH="36" HEIGHT="22" WC="0.93" CONTENT="för"/><SP WIDTH="21" VPOS="943" HPOS="348"/>
							<String ID="string_166" HPOS="369" VPOS="944" WIDTH="90" HEIGHT="28" WC="0.90" CONTENT="vigtiga"/><SP WIDTH="17" VPOS="944" HPOS="459"/>
							<String ID="string_167" HPOS="476" VPOS="944" WIDTH="49" HEIGHT="28" WC="0.96" CONTENT="slag"/><SP WIDTH="20" VPOS="944" HPOS="525"/>
							<String ID="string_168" HPOS="545" VPOS="944" WIDTH="26" HEIGHT="21" WC="0.90" CONTENT="af"/><SP WIDTH="13" VPOS="944" HPOS="571"/>
							<String ID="string_169" HPOS="584" VPOS="943" WIDTH="157" HEIGHT="23" WC="0.90" CONTENT="innehafvare-"/><SP WIDTH="16" VPOS="943" HPOS="741"/>
							<String ID="string_170" HPOS="757" VPOS="943" WIDTH="42" HEIGHT="22" WC="0.93" CONTENT="och"/><SP WIDTH="16" VPOS="943" HPOS="799"/>
							<String ID="string_171" HPOS="815" VPOS="950" WIDTH="32" HEIGHT="14" WC="0.92" CONTENT="or-"/>
						</TextLine>
						<TextLine ID="line_23" HPOS="98" VPOS="979" WIDTH="749" HEIGHT="29">
							<String ID="string_172" HPOS="98" VPOS="980" WIDTH="126" HEIGHT="28" WC="0.92" CONTENT="derpapper"/><SP WIDTH="16" VPOS="980" HPOS="224"/>
							<String ID="string_173" HPOS="240" VPOS="982" WIDTH="74" HEIGHT="19" WC="0.95" CONTENT="såsom"/><SP WIDTH="16" VPOS="982" HPOS="314"/>
							<String ID="string_174" HPOS="330" VPOS="980" WIDTH="35" HEIGHT="21" WC="0.96" CONTENT="för"/><SP WIDTH="15" VPOS="980" HPOS="365"/>
							<String ID="string_175" HPOS="380" VPOS="980" WIDTH="92" HEIGHT="28" WC="0.96" CONTENT="vanliga"/><SP WIDTH="19" VPOS="980" HPOS="472"/>
							<String ID="string_176" HPOS="491" VPOS="980" WIDTH="99" HEIGHT="28" WC="0.93" CONTENT="löpande"/><SP WIDTH="11" VPOS="980" HPOS="590"/>
							<String ID="string_177" HPOS="601" VPOS="979" WIDTH="246" HEIGHT="28" WC="0.90" CONTENT="skuldförskrifningar,"/>
						</TextLine>
						<TextLine ID="line_24" HPOS="101" VPOS="1015" WIDTH="747" HEIGHT="29">
							<String ID="string_178" HPOS="101" VPOS="1015" WIDTH="73" HEIGHT="21" WC="0.93" CONTENT="aktier"/><SP WIDTH="21" VPOS="1015" HPOS="174"/>
							<String ID="string_179" HPOS="195" VPOS="1023" WIDTH="29" HEIGHT="13" WC="0.87" CONTENT="m."/><SP WIDTH="22" VPOS="1023" HPOS="224"/>
							<String ID="string_180" HPOS="246" VPOS="1023" WIDTH="29" HEIGHT="13" WC="0.92" CONTENT="m."/><SP WIDTH="22" VPOS="1023" HPOS="275"/>
							<String ID="string_181" HPOS="297" VPOS="1015" WIDTH="145" HEIGHT="29" WC="0.96" CONTENT="bestämning"/><SP WIDTH="24" VPOS="1015" HPOS="442"/>
							<String ID="string_182" HPOS="466" VPOS="1015" WIDTH="34" HEIGHT="22" WC="0.95" CONTENT="uti"/><SP WIDTH="16" VPOS="1015" HPOS="500"/>
							<String ID="string_183" HPOS="516" VPOS="1015" WIDTH="148" HEIGHT="22" WC="0.96" CONTENT="förevarande"/><SP WIDTH="16" VPOS="1015" HPOS="664"/>
							<String ID="string_184" HPOS="680" VPOS="1015" WIDTH="105" HEIGHT="22" WC="0.96" CONTENT="afseende"/><SP WIDTH="15" VPOS="1015" HPOS="785"/>
							<String ID="string_185" HPOS="800" VPOS="1015" WIDTH="48" HEIGHT="21" WC="0.96" CONTENT="helt"/>
						</TextLine>
						<TextLine ID="line_25" HPOS="100" VPOS="1050" WIDTH="746" HEIGHT="29">
							<String ID="string_186" HPOS="100" VPOS="1051" WIDTH="42" HEIGHT="20" WC="0.96" CONTENT="och"/><SP WIDTH="23" VPOS="1051" HPOS="142"/>
							<String ID="string_187" HPOS="165" VPOS="1051" WIDTH="71" HEIGHT="20" WC="0.96" CONTENT="hållet"/><SP WIDTH="23" VPOS="1051" HPOS="236"/>
							<String ID="string_188" HPOS="259" VPOS="1051" WIDTH="88" HEIGHT="21" WC="0.94" CONTENT="saknas."/><SP WIDTH="31" VPOS="1051" HPOS="347"/>
							<String ID="string_189" HPOS="378" VPOS="1051" WIDTH="80" HEIGHT="28" WC="0.94" CONTENT="Enligt"/><SP WIDTH="16" VPOS="1051" HPOS="458"/>
							<String ID="string_190" HPOS="474" VPOS="1051" WIDTH="126" HEIGHT="21" WC="0.96" CONTENT="utskottets"/><SP WIDTH="16" VPOS="1051" HPOS="600"/>
							<String ID="string_191" HPOS="616" VPOS="1051" WIDTH="69" HEIGHT="21" WC="0.96" CONTENT="tanke"/><SP WIDTH="16" VPOS="1051" HPOS="685"/>
							<String ID="string_192" HPOS="701" VPOS="1051" WIDTH="56" HEIGHT="21" WC="0.96" CONTENT="lider"/><SP WIDTH="16" VPOS="1051" HPOS="757"/>
							<String ID="string_193" HPOS="773" VPOS="1051" WIDTH="39" HEIGHT="21" WC="0.96" CONTENT="det"/><SP WIDTH="15" VPOS="1051" HPOS="812"/>
							<String ID="string_194" HPOS="827" VPOS="1050" WIDTH="19" HEIGHT="29" WC="0.96" CONTENT="ej"/>
						</TextLine>
						<TextLine ID="line_26" HPOS="97" VPOS="1086" WIDTH="751" HEIGHT="29">
							<String ID="string_195" HPOS="97" VPOS="1088" WIDTH="72" HEIGHT="27" WC="0.92" CONTENT="något"/><SP WIDTH="23" VPOS="1088" HPOS="169"/>
							<String ID="string_196" HPOS="192" VPOS="1087" WIDTH="82" HEIGHT="21" WC="0.91" CONTENT="tvifvel"/><SP WIDTH="24" VPOS="1087" HPOS="274"/>
							<String ID="string_197" HPOS="298" VPOS="1090" WIDTH="35" HEIGHT="18" WC="0.96" CONTENT="att"/><SP WIDTH="14" VPOS="1090" HPOS="333"/>
							<String ID="string_198" HPOS="347" VPOS="1087" WIDTH="175" HEIGHT="28" WC="0.93" CONTENT="lagstiftningen"/><SP WIDTH="17" VPOS="1087" HPOS="522"/>
							<String ID="string_199" HPOS="539" VPOS="1089" WIDTH="13" HEIGHT="19" WC="0.86" CONTENT="å"/><SP WIDTH="16" VPOS="1089" HPOS="552"/>
							<String ID="string_200" HPOS="568" VPOS="1087" WIDTH="173" HEIGHT="28" WC="0.96" CONTENT="ifrågavarande"/><SP WIDTH="16" VPOS="1087" HPOS="741"/>
							<String ID="string_201" HPOS="757" VPOS="1086" WIDTH="91" HEIGHT="22" WC="0.96" CONTENT="område"/>
						</TextLine>
						<TextLine ID="line_27" HPOS="99" VPOS="1122" WIDTH="748" HEIGHT="28">
							<String ID="string_202" HPOS="99" VPOS="1122" WIDTH="70" HEIGHT="21" WC="0.96" CONTENT="borde"/><SP WIDTH="16" VPOS="1122" HPOS="169"/>
							<String ID="string_203" HPOS="185" VPOS="1123" WIDTH="100" HEIGHT="26" WC="0.94" CONTENT="undergå"/><SP WIDTH="16" VPOS="1123" HPOS="285"/>
							<String ID="string_204" HPOS="301" VPOS="1123" WIDTH="70" HEIGHT="21" WC="0.96" CONTENT="sådan"/><SP WIDTH="16" VPOS="1123" HPOS="371"/>
							<String ID="string_205" HPOS="387" VPOS="1123" WIDTH="78" HEIGHT="21" WC="0.96" CONTENT="vidare"/><SP WIDTH="16" VPOS="1123" HPOS="465"/>
							<String ID="string_206" HPOS="481" VPOS="1123" WIDTH="141" HEIGHT="27" WC="0.95" CONTENT="utveckling,"/><SP WIDTH="17" VPOS="1123" HPOS="622"/>
							<String ID="string_207" HPOS="639" VPOS="1125" WIDTH="34" HEIGHT="19" WC="0.96" CONTENT="att"/><SP WIDTH="11" VPOS="1125" HPOS="673"/>
							<String ID="string_208" HPOS="684" VPOS="1123" WIDTH="106" HEIGHT="27" WC="0.95" CONTENT="samtliga"/><SP WIDTH="10" VPOS="1123" HPOS="790"/>
							<String ID="string_209" HPOS="800" VPOS="1122" WIDTH="47" HEIGHT="27" WC="0.96" CONTENT="slag"/>
						</TextLine>
						<TextLine ID="line_28" HPOS="98" VPOS="1157" WIDTH="751" HEIGHT="30">
							<String ID="string_210" HPOS="98" VPOS="1157" WIDTH="26" HEIGHT="21" WC="0.92" CONTENT="af"/><SP WIDTH="13" VPOS="1157" HPOS="124"/>
							<String ID="string_211" HPOS="137" VPOS="1158" WIDTH="159" HEIGHT="22" WC="0.91" CONTENT="innehafvare-"/><SP WIDTH="16" VPOS="1158" HPOS="296"/>
							<String ID="string_212" HPOS="312" VPOS="1158" WIDTH="42" HEIGHT="21" WC="0.93" CONTENT="och"/><SP WIDTH="16" VPOS="1158" HPOS="354"/>
							<String ID="string_213" HPOS="370" VPOS="1158" WIDTH="152" HEIGHT="29" WC="0.92" CONTENT="orderpapper"/><SP WIDTH="16" VPOS="1158" HPOS="522"/>
							<String ID="string_214" HPOS="538" VPOS="1158" WIDTH="76" HEIGHT="21" WC="0.96" CONTENT="kunde"/><SP WIDTH="18" VPOS="1158" HPOS="614"/>
							<String ID="string_215" HPOS="632" VPOS="1165" WIDTH="82" HEIGHT="22" WC="0.96" CONTENT="genom"/><SP WIDTH="16" VPOS="1165" HPOS="714"/>
							<String ID="string_216" HPOS="730" VPOS="1166" WIDTH="28" HEIGHT="13" WC="0.95" CONTENT="en"/><SP WIDTH="22" VPOS="1166" HPOS="758"/>
							<String ID="string_217" HPOS="780" VPOS="1158" WIDTH="9" HEIGHT="20" WC="0.95" CONTENT="i"/><SP WIDTH="22" VPOS="1158" HPOS="789"/>
							<String ID="string_218" HPOS="811" VPOS="1158" WIDTH="38" HEIGHT="28" WC="0.96" CONTENT="lag"/>
						</TextLine>
						<TextLine ID="line_29" HPOS="98" VPOS="1194" WIDTH="750" HEIGHT="29">
							<String ID="string_219" HPOS="98" VPOS="1194" WIDTH="96" HEIGHT="28" WC="0.93" CONTENT="stadgad"/><SP WIDTH="20" VPOS="1194" HPOS="194"/>
							<String ID="string_220" HPOS="214" VPOS="1194" WIDTH="111" HEIGHT="28" WC="0.91" CONTENT="procedyr"/><SP WIDTH="16" VPOS="1194" HPOS="325"/>
							<String ID="string_221" HPOS="341" VPOS="1194" WIDTH="75" HEIGHT="27" WC="0.96" CONTENT="dödas,"/><SP WIDTH="18" VPOS="1194" HPOS="416"/>
							<String ID="string_222" HPOS="434" VPOS="1194" WIDTH="96" HEIGHT="21" WC="0.96" CONTENT="såframt"/><SP WIDTH="16" VPOS="1194" HPOS="530"/>
							<String ID="string_223" HPOS="546" VPOS="1194" WIDTH="19" HEIGHT="28" WC="0.95" CONTENT="ej"/><SP WIDTH="19" VPOS="1194" HPOS="565"/>
							<String ID="string_224" HPOS="584" VPOS="1194" WIDTH="50" HEIGHT="21" WC="0.96" CONTENT="med"/><SP WIDTH="16" VPOS="1194" HPOS="634"/>
							<String ID="string_225" HPOS="650" VPOS="1194" WIDTH="88" HEIGHT="29" WC="0.96" CONTENT="hänsyn"/><SP WIDTH="15" VPOS="1194" HPOS="738"/>
							<String ID="string_226" HPOS="753" VPOS="1194" WIDTH="35" HEIGHT="21" WC="0.96" CONTENT="till"/><SP WIDTH="17" VPOS="1194" HPOS="788"/>
							<String ID="string_227" HPOS="805" VPOS="1194" WIDTH="43" HEIGHT="21" WC="0.95" CONTENT="den"/>
						</TextLine>
						<TextLine ID="line_30" HPOS="98" VPOS="1228" WIDTH="751" HEIGHT="30">
							<String ID="string_228" HPOS="98" VPOS="1229" WIDTH="109" HEIGHT="21" WC="0.93" CONTENT="särskilda"/><SP WIDTH="15" VPOS="1229" HPOS="207"/>
							<String ID="string_229" HPOS="222" VPOS="1224" WIDTH="181" HEIGHT="38" WC="0.90" CONTENT="beskaffenheten"/><SP WIDTH="15" VPOS="1224" HPOS="403"/>
							<String ID="string_230" HPOS="418" VPOS="1230" WIDTH="26" HEIGHT="21" WC="0.96" CONTENT="af"/><SP WIDTH="8" VPOS="1230" HPOS="444"/>
							<String ID="string_231" HPOS="452" VPOS="1230" WIDTH="61" HEIGHT="22" WC="0.96" CONTENT="vissa"/><SP WIDTH="12" VPOS="1230" HPOS="513"/>
							<String ID="string_232" HPOS="525" VPOS="1238" WIDTH="87" HEIGHT="20" WC="0.96" CONTENT="papper"/><SP WIDTH="18" VPOS="1238" HPOS="612"/>
							<String ID="string_233" HPOS="630" VPOS="1230" WIDTH="48" HEIGHT="21" WC="0.96" CONTENT="skäl"/><SP WIDTH="20" VPOS="1230" HPOS="678"/>
							<String ID="string_234" HPOS="698" VPOS="1233" WIDTH="25" HEIGHT="18" WC="0.96" CONTENT="är"/><SP WIDTH="18" VPOS="1233" HPOS="723"/>
							<String ID="string_235" HPOS="741" VPOS="1232" WIDTH="34" HEIGHT="19" WC="0.96" CONTENT="att"/><SP WIDTH="18" VPOS="1232" HPOS="775"/>
							<String ID="string_236" HPOS="793" VPOS="1232" WIDTH="56" HEIGHT="26" WC="0.96" CONTENT="göra"/>
						</TextLine>
						<TextLine ID="line_31" HPOS="98" VPOS="1265" WIDTH="750" HEIGHT="29">
							<String ID="string_237" HPOS="98" VPOS="1265" WIDTH="124" HEIGHT="28" WC="0.96" CONTENT="undantag."/><SP WIDTH="32" VPOS="1265" HPOS="222"/>
							<String ID="string_238" HPOS="254" VPOS="1265" WIDTH="120" HEIGHT="22" WC="0.75" CONTENT="Huruvida"/><SP WIDTH="25" VPOS="1265" HPOS="374"/>
							<String ID="string_239" HPOS="399" VPOS="1266" WIDTH="43" HEIGHT="21" WC="0.93" CONTENT="den"/><SP WIDTH="20" VPOS="1266" HPOS="442"/>
							<String ID="string_240" HPOS="462" VPOS="1266" WIDTH="131" HEIGHT="28" WC="0.89" CONTENT="legislativa"/><SP WIDTH="17" VPOS="1266" HPOS="593"/>
							<String ID="string_241" HPOS="610" VPOS="1266" WIDTH="87" HEIGHT="28" WC="0.96" CONTENT="åtgärd,"/><SP WIDTH="18" VPOS="1266" HPOS="697"/>
							<String ID="string_242" HPOS="715" VPOS="1273" WIDTH="47" HEIGHT="14" WC="0.96" CONTENT="som"/><SP WIDTH="16" VPOS="1273" HPOS="762"/>
							<String ID="string_243" HPOS="778" VPOS="1265" WIDTH="8" HEIGHT="21" WC="0.91" CONTENT="i"/><SP WIDTH="16" VPOS="1265" HPOS="786"/>
							<String ID="string_244" HPOS="802" VPOS="1272" WIDTH="46" HEIGHT="14" WC="0.91" CONTENT="om-"/>
						</TextLine>
						<TextLine ID="line_32" HPOS="98" VPOS="1300" WIDTH="750" HEIGHT="29">
							<String ID="string_245" HPOS="98" VPOS="1300" WIDTH="108" HEIGHT="22" WC="0.91" CONTENT="förmäldt"/><SP WIDTH="16" VPOS="1300" HPOS="206"/>
							<String ID="string_246" HPOS="222" VPOS="1300" WIDTH="60" HEIGHT="29" WC="0.93" CONTENT="syfte"/><SP WIDTH="16" VPOS="1300" HPOS="282"/>
							<String ID="string_247" HPOS="298" VPOS="1301" WIDTH="75" HEIGHT="21" WC="0.91" CONTENT="blefve"/><SP WIDTH="15" VPOS="1301" HPOS="373"/>
							<String ID="string_248" HPOS="388" VPOS="1301" WIDTH="77" HEIGHT="28" WC="0.96" CONTENT="nödig,"/><SP WIDTH="13" VPOS="1301" HPOS="465"/>
							<String ID="string_249" HPOS="478" VPOS="1302" WIDTH="41" HEIGHT="20" WC="0.96" CONTENT="bör"/><SP WIDTH="10" VPOS="1302" HPOS="519"/>
							<String ID="string_250" HPOS="529" VPOS="1302" WIDTH="8" HEIGHT="20" WC="0.93" CONTENT="i"/><SP WIDTH="11" VPOS="1302" HPOS="537"/>
							<String ID="string_251" HPOS="548" VPOS="1301" WIDTH="197" HEIGHT="28" WC="0.90" CONTENT="likformighetens"/><SP WIDTH="10" VPOS="1301" HPOS="745"/>
							<String ID="string_252" HPOS="755" VPOS="1301" WIDTH="93" HEIGHT="21" WC="0.96" CONTENT="intresse"/>
						</TextLine>
						<TextLine ID="line_33" HPOS="97" VPOS="1336" WIDTH="752" HEIGHT="30">
							<String ID="string_253" HPOS="97" VPOS="1336" WIDTH="120" HEIGHT="29" WC="0.93" CONTENT="inbegripa"/><SP WIDTH="21" VPOS="1336" HPOS="217"/>
							<String ID="string_254" HPOS="238" VPOS="1336" WIDTH="87" HEIGHT="29" WC="0.92" CONTENT="jemväl"/><SP WIDTH="25" VPOS="1336" HPOS="325"/>
							<String ID="string_255" HPOS="350" VPOS="1337" WIDTH="27" HEIGHT="20" WC="0.96" CONTENT="de"/><SP WIDTH="23" VPOS="1337" HPOS="377"/>
							<String ID="string_256" HPOS="400" VPOS="1337" WIDTH="165" HEIGHT="29" WC="0.96" CONTENT="värdepapper,"/><SP WIDTH="23" VPOS="1337" HPOS="565"/>
							<String ID="string_257" HPOS="588" VPOS="1344" WIDTH="37" HEIGHT="14" WC="0.95" CONTENT="om"/><SP WIDTH="15" VPOS="1344" HPOS="625"/>
							<String ID="string_258" HPOS="640" VPOS="1337" WIDTH="90" HEIGHT="22" WC="0.95" CONTENT="hvilkas"/><SP WIDTH="16" VPOS="1337" HPOS="730"/>
							<String ID="string_259" HPOS="746" VPOS="1337" WIDTH="103" HEIGHT="21" WC="0.96" CONTENT="dödande"/>
						</TextLine>
						<TextLine ID="line_34" HPOS="101" VPOS="1371" WIDTH="748" HEIGHT="30">
							<String ID="string_260" HPOS="101" VPOS="1372" WIDTH="141" HEIGHT="28" WC="0.96" CONTENT="stadganden"/><SP WIDTH="17" VPOS="1372" HPOS="242"/>
							<String ID="string_261" HPOS="259" VPOS="1371" WIDTH="25" HEIGHT="22" WC="0.93" CONTENT="af"/><SP WIDTH="15" VPOS="1371" HPOS="284"/>
							<String ID="string_262" HPOS="299" VPOS="1372" WIDTH="140" HEIGHT="29" WC="0.92" CONTENT="ständerlags"/><SP WIDTH="16" VPOS="1372" HPOS="439"/>
							<String ID="string_263" HPOS="455" VPOS="1375" WIDTH="68" HEIGHT="19" WC="0.96" CONTENT="natur"/><SP WIDTH="11" VPOS="1375" HPOS="523"/>
							<String ID="string_264" HPOS="534" VPOS="1373" WIDTH="69" HEIGHT="21" WC="0.95" CONTENT="redan"/><SP WIDTH="11" VPOS="1373" HPOS="603"/>
							<String ID="string_265" HPOS="614" VPOS="1381" WIDTH="31" HEIGHT="13" WC="0.93" CONTENT="nu"/><SP WIDTH="11" VPOS="1381" HPOS="645"/>
							<String ID="string_266" HPOS="656" VPOS="1373" WIDTH="127" HEIGHT="27" WC="0.90" CONTENT="förefinnas,"/><SP WIDTH="12" VPOS="1373" HPOS="783"/>
							<String ID="string_267" HPOS="795" VPOS="1372" WIDTH="54" HEIGHT="21" WC="0.96" CONTENT="eller"/>
						</TextLine>
						<TextLine ID="line_35" HPOS="98" VPOS="1408" WIDTH="751" HEIGHT="29">
							<String ID="string_268" HPOS="98" VPOS="1414" WIDTH="36" HEIGHT="14" WC="0.95" CONTENT="om"/><SP WIDTH="25" VPOS="1414" HPOS="134"/>
							<String ID="string_269" HPOS="159" VPOS="1408" WIDTH="64" HEIGHT="21" WC="0.92" CONTENT="dessa"/><SP WIDTH="24" VPOS="1408" HPOS="223"/>
							<String ID="string_270" HPOS="247" VPOS="1409" WIDTH="141" HEIGHT="28" WC="0.95" CONTENT="stadganden"/><SP WIDTH="24" VPOS="1409" HPOS="388"/>
							<String ID="string_271" HPOS="412" VPOS="1408" WIDTH="35" HEIGHT="21" WC="0.95" CONTENT="till"/><SP WIDTH="25" VPOS="1408" HPOS="447"/>
							<String ID="string_272" HPOS="472" VPOS="1411" WIDTH="72" HEIGHT="19" WC="0.95" CONTENT="större"/><SP WIDTH="24" VPOS="1411" HPOS="544"/>
							<String ID="string_273" HPOS="568" VPOS="1409" WIDTH="55" HEIGHT="21" WC="0.95" CONTENT="eller"/><SP WIDTH="17" VPOS="1409" HPOS="623"/>
							<String ID="string_274" HPOS="640" VPOS="1408" WIDTH="87" HEIGHT="21" WC="0.96" CONTENT="mindre"/><SP WIDTH="16" VPOS="1408" HPOS="727"/>
							<String ID="string_275" HPOS="743" VPOS="1408" WIDTH="36" HEIGHT="21" WC="0.95" CONTENT="del"/><SP WIDTH="16" VPOS="1408" HPOS="779"/>
							<String ID="string_276" HPOS="795" VPOS="1408" WIDTH="54" HEIGHT="21" WC="0.96" CONTENT="böra"/>
						</TextLine>
					</TextBlock>
				</ComposedBlock>
				<ComposedBlock ID="cblock_2" HPOS="171" VPOS="1456" WIDTH="358" HEIGHT="23">
					<TextBlock ID="block_3" HPOS="171" VPOS="1456" WIDTH="358" HEIGHT="23">
						<TextLine ID="line_36" HPOS="171" VPOS="1456" WIDTH="358" HEIGHT="23">
							<String ID="string_277" HPOS="171" VPOS="1456" WIDTH="138" HEIGHT="23" WC="0.90" CONTENT="Lagutskottets"/><SP WIDTH="13" VPOS="1456" HPOS="309"/>
							<String ID="string_278" HPOS="322" VPOS="1456" WIDTH="116" HEIGHT="18" WC="0.96" CONTENT="betänkande"/><SP WIDTH="13" VPOS="1456" HPOS="438"/>
							<String ID="string_279" HPOS="451" VPOS="1456" WIDTH="38" HEIGHT="18" WC="0.96" CONTENT="N:o"/><SP WIDTH="13" VPOS="1456" HPOS="489"/>
							<String ID="string_280" HPOS="502" VPOS="1457" WIDTH="27" HEIGHT="17" WC="0.96" CONTENT="15."/>
						</TextLine>
					</TextBlock>
				</ComposedBlock>
			</PrintSpace>
		</Page>
	</Layout>
</alto>
