1025 1656
348 417 238 28 Reservationer.

457 489 22 22 I.

163 550 34 21 Då
213 549 125 28 Kejserliga
355 549 102 28 Senaten,
475 549 59 22 efter
550 551 33 20 att
598 549 67 22 hafva
676 555 78 21 genom
769 554 78 21 guver-

91 588 96 20 nörerne
210 585 110 22 infordrat
345 585 168 27 förteckningar
537 585 63 22 öfver
624 585 103 27 samtliga
745 585 8 20 i
772 584 75 22 landet

91 622 103 21 vistande
208 621 71 28 judar,
294 627 79 21 genom
389 621 90 22 brefvet
494 621 25 22 af
533 621 42 22 den
592 623 27 20 29
636 621 61 22 Mars
715 622 56 20 1889
787 619 60 22 med-

92 657 79 22 delade
191 657 103 22 tillstånd
312 657 36 21 till
365 657 170 26 gvarblifvande
552 657 7 22 i
575 657 76 22 landet
667 657 78 22 endast
761 657 24 20 ät
800 657 47 20 sär-

92 693 70 22 skildt
182 693 144 27 uppräknade
349 699 108 20 personer
472 693 9 21 i
497 693 105 22 städerna
623 693 149 27 Helsingfors,
792 680 55 43 Åbo,

92 729 147 28 Tavastehus,
252 728 155 28 Tammerfors,
419 729 101 28 Wiborg,
532 729 183 27 Fredrikshamn,
729 728 119 22 Sordavala

92 765 86 27 Kuopio
190 765 40 21 och
240 765 141 22 Nikolaistad
392 767 57 20 samt
459 765 8 21 i
477 765 108 27 Impilaks
600 765 82 22 socken
691 764 113 23 äfvensom
812 764 35 21 til-

92 801 162 22 likaföreskref
268 804 33 18 att
316 801 124 22 tillåtelsen
455 801 50 22 icke
522 801 74 22 skulle
607 801 59 27 gälla
677 800 36 23 för
721 801 84 21 barnen
813 800 35 21 för

94 837 78 27 längre
196 837 32 21 tid
252 839 28 19 än
304 837 27 22 de
355 839 80 20 stanna
453 837 8 21 i
477 837 49 22 sina
545 837 149 22 föräldrahem
716 837 55 22 eller
789 836 59 21 intill

93 873 52 21 dess
162 873 27 21 de
204 873 76 21 blifvit
295 873 62 27 gifta,
375 871 115 24 hvarefter
506 873 28 22 de
549 879 53 16 vore
619 873 104 27 skyldige
739 874 46 25 ,att
796 875 52 19 utan

92 908 78 22 vidare
187 909 93 26 omgång
296 909 51 21 från
363 909 76 21 landet
454 909 90 27 utflytta
558 911 53 19 utan
622 911 46 19 rätt
678 910 35 20 att
723 908 126 22 sedermera

93 944 42 22 här
153 944 89 22 bosätta
262 945 56 27 sig",
335 958 28 2 —
381 945 24 21 så
421 951 40 16 var
481 944 71 28 syftet
568 945 49 21 med
633 945 66 21 dessa
715 944 133 22 bestämnin-

93 986 41 21 gar
153 981 176 27 uppenbarligen
351 982 33 20 att
405 980 43 22 den
466 980 8 22 i
493 980 77 22 landet
588 980 103 22 vistande
707 980 90 28 judiska
812 980 37 21 be-

93 1016 131 28 folkningen
246 1016 137 28 småningom
403 1016 74 22 skulle
498 1016 53 22 utdö
572 1016 40 22 och
635 1016 156 28 ,judefrägan*
815 1015 34 21 sä-

94 1052 68 22 lunda
181 1052 25 21 af
219 1052 35 28 sig
274 1052 53 28 sjelf
340 1052 96 22 förfalla.
467 1052 69 22 Detta
552 1052 136 22 drakoniska
704 1054 84 26 system
803 1050 49 23 blef

93 1088 126 22 emellertid
243 1088 38 22 vid
305 1090 89 20 senaste
414 1088 114 28 landtdag,
551 1088 71 28 enligt
642 1088 58 22 hvad
722 1090 35 20 tre
773 1086 76 23 stänäs

93 1124 165 27 samstämmiga
281 1124 74 22 beslut
379 1124 92 27 utvisar,
497 1124 25 21 af
544 1124 43 22 den
608 1124 105 27 upplysta
733 1122 117 28 opinionen

93 1159 107 28 utdömdt,
217 1160 40 21 och
274 1160 66 22 äfven
357 1160 28 22 de
400 1160 115 27 klämmar,
532 1160 8 21 i
556 1160 77 22 hvilka
648 1159 153 28 föreliggande
812 1160 37 21 be-

94 1195 112 23 tänkande
229 1198 126 25 utmynnar,
380 1196 110 21 innefatta
520 1198 32 20 ett
576 1196 111 27 ogillande
711 1195 25 22 af
756 1195 95 22 nämnda

94 1233 90 25 system.
210 1231 50 22 Men
286 1232 28 21 då
330 1232 111 21 utskottet
457 1232 94 21 sålunda
566 1232 55 22 stält
637 1232 34 27 sig
687 1232 29 27 på
732 1238 28 15 en
775 1230 74 23 stånd-

94 1267 78 27 punkt,
188 1267 93 22 hvilken
296 1268 111 21 utesluter
423 1268 168 27 antagligheten
608 1269 32 21 att
656 1268 42 21 den
713 1267 90 28 judiska
813 1267 37 21 be-

94 1302 130 28 folkningen
240 1303 7 21 i
263 1303 77 22 landet
357 1303 73 22 skulle
447 1304 123 27 utslockna,
587 1304 56 22 hade
655 1304 117 22 Utskottet
783 1302 68 23 äfven

94 1338 56 28 bort,
167 1338 9 22 i
191 1339 78 21 stället
285 1338 35 22 för
336 1341 33 19 att
385 1341 99 25 upptaga
501 1339 78 22 endast
595 1341 33 20 ett
643 1345 41 21 par
701 1339 98 27 enstaka,
817 1344 34 16 om

94 1374 42 22 ock
156 1374 86 28 vigtiga
262 1374 104 28 punkter,
393 1375 90 21 anhålla
503 1381 35 15 om
554 1375 145 27 judefrågans
716 1374 135 22 orduande
839 1370 16 36 i

94 1416 28 15 en
138 1410 136 22 allmännare
290 1411 162 27 utsträckning.
479 1410 158 22 Betecknande
653 1410 80 22 härvid
749 1412 25 19 är
784 1409 68 22 bland
