<?xml version="1.0" encoding="UTF-8"?>
<alto xmlns="http://www.loc.gov/standards/alto/ns-v3#" xmlns:xlink="http://www.w3.org/1999/xlink" xmlns:xsi="http://www.w3.org/2001/XMLSchema-instance" xsi:schemaLocation="http://www.loc.gov/standards/alto/ns-v3# http://www.loc.gov/alto/v3/alto-3-0.xsd">
	<Description>
		<MeasurementUnit>pixel</MeasurementUnit>
		<sourceImageInformation>
			<fileName>/tmp/tess_l7dgfert_input.PNG</fileName>
		</sourceImageInformation>
		<OCRProcessing ID="OCR_0">
			<ocrProcessingStep>
				<processingSoftware>
					<softwareName>tesseract 5.3.4</softwareName>
				</processingSoftware>
			</ocrProcessingStep>
		</OCRProcessing>
	</Description>
	<Layout>
		<Page WIDTH="1025" HEIGHT="1656" PHYSICAL_IMG_NR="0" ID="page_0">
			<PrintSpace HPOS="0" VPOS="0" WIDTH="1025" HEIGHT="1656">
				<ComposedBlock ID="cblock_0" HPOS="824" VPOS="110" WIDTH="10" HEIGHT="15">
					<TextBlock ID="block_0" HPOS="824" VPOS="110" WIDTH="10" HEIGHT="15">
						<TextLine ID="line_0" HPOS="824" VPOS="110" WIDTH="10" HEIGHT="15">
							<String ID="string_0" HPOS="824" VPOS="110" WIDTH="10" HEIGHT="15" WC="0.96" CONTENT="3"/>
						</TextLine>
					</TextBlock>
				</ComposedBlock>
				<ComposedBlock ID="cblock_1" HPOS="96" VPOS="160" WIDTH="765" HEIGHT="564">
					<TextBlock ID="block_1" HPOS="96" VPOS="160" WIDTH="763" HEIGHT="310">
						<TextLine ID="line_1" HPOS="96" VPOS="160" WIDTH="761" HEIGHT="23">
							<String ID="string_1" HPOS="96" VPOS="161" WIDTH="27" HEIGHT="17" WC="0.96" CONTENT="till"/><SP WIDTH="18" VPOS="161" HPOS="123"/>
							<String ID="string_2" HPOS="141" VPOS="166" WIDTH="40" HEIGHT="12" WC="0.96" CONTENT="men"/><SP WIDTH="18" VPOS="166" HPOS="181"/>
							<String ID="string_3" HPOS="199" VPOS="160" WIDTH="29" HEIGHT="18" WC="0.95" CONTENT="för"/><SP WIDTH="18" VPOS="160" HPOS="228"/>
							<String ID="string_4" HPOS="246" VPOS="160" WIDTH="61" HEIGHT="23" WC="0.93" CONTENT="öfriga"/><SP WIDTH="18" VPOS="160" HPOS="307"/>
							<String ID="string_5" HPOS="325" VPOS="160" WIDTH="131" HEIGHT="23" WC="0.92" CONTENT="skattdragare"/><SP WIDTH="18" VPOS="160" HPOS="456"/>
							<String ID="string_6" HPOS="474" VPOS="160" WIDTH="130" HEIGHT="23" WC="0.91" CONTENT="undandrager"/><SP WIDTH="12" VPOS="160" HPOS="604"/>
							<String ID="string_7" HPOS="616" VPOS="160" WIDTH="30" HEIGHT="23" WC="0.96" CONTENT="sig"/><SP WIDTH="12" VPOS="160" HPOS="646"/>
							<String ID="string_8" HPOS="658" VPOS="160" WIDTH="63" HEIGHT="23" WC="0.96" CONTENT="hvarje"/><SP WIDTH="13" VPOS="160" HPOS="721"/>
							<String ID="string_9" HPOS="734" VPOS="160" WIDTH="123" HEIGHT="22" WC="0.96" CONTENT="beskattning."/>
						</TextLine>
						<TextLine ID="line_2" HPOS="96" VPOS="188" WIDTH="762" HEIGHT="24">
							<String ID="string_10" HPOS="96" VPOS="189" WIDTH="60" HEIGHT="23" WC="0.96" CONTENT="Fråga"/><SP WIDTH="18" VPOS="189" HPOS="156"/>
							<String ID="string_11" HPOS="174" VPOS="188" WIDTH="77" HEIGHT="23" WC="0.95" CONTENT="uppstår"/><SP WIDTH="18" VPOS="188" HPOS="251"/>
							<String ID="string_12" HPOS="269" VPOS="189" WIDTH="28" HEIGHT="21" WC="0.96" CONTENT="då,"/><SP WIDTH="19" VPOS="189" HPOS="297"/>
							<String ID="string_13" HPOS="316" VPOS="189" WIDTH="92" HEIGHT="17" WC="0.96" CONTENT="huruvida"/><SP WIDTH="18" VPOS="189" HPOS="408"/>
							<String ID="string_14" HPOS="426" VPOS="189" WIDTH="40" HEIGHT="17" WC="0.96" CONTENT="icke"/><SP WIDTH="16" VPOS="189" HPOS="466"/>
							<String ID="string_15" HPOS="482" VPOS="189" WIDTH="50" HEIGHT="18" WC="0.93" CONTENT="tiden"/><SP WIDTH="13" VPOS="189" HPOS="532"/>
							<String ID="string_16" HPOS="545" VPOS="189" WIDTH="94" HEIGHT="18" WC="0.92" CONTENT="allaredan"/><SP WIDTH="13" VPOS="189" HPOS="639"/>
							<String ID="string_17" HPOS="652" VPOS="194" WIDTH="44" HEIGHT="12" WC="0.96" CONTENT="vore"/><SP WIDTH="13" VPOS="194" HPOS="696"/>
							<String ID="string_18" HPOS="709" VPOS="189" WIDTH="46" HEIGHT="21" WC="0.96" CONTENT="inne,"/><SP WIDTH="13" VPOS="189" HPOS="755"/>
							<String ID="string_19" HPOS="768" VPOS="192" WIDTH="28" HEIGHT="14" WC="0.95" CONTENT="att"/><SP WIDTH="12" VPOS="192" HPOS="796"/>
							<String ID="string_20" HPOS="808" VPOS="188" WIDTH="7" HEIGHT="18" WC="0.96" CONTENT="i"/><SP WIDTH="11" VPOS="188" HPOS="815"/>
							<String ID="string_21" HPOS="826" VPOS="189" WIDTH="32" HEIGHT="22" WC="0.96" CONTENT="lag"/>
						</TextLine>
						<TextLine ID="line_3" HPOS="96" VPOS="217" WIDTH="762" HEIGHT="23">
							<String ID="string_22" HPOS="96" VPOS="218" WIDTH="81" HEIGHT="22" WC="0.91" CONTENT="påbjuda"/><SP WIDTH="17" VPOS="218" HPOS="177"/>
							<String ID="string_23" HPOS="194" VPOS="217" WIDTH="194" HEIGHT="23" WC="0.89" CONTENT="uppgiftsskyldighet."/><SP WIDTH="25" VPOS="217" HPOS="388"/>
							<String ID="string_24" HPOS="413" VPOS="218" WIDTH="65" HEIGHT="17" WC="0.96" CONTENT="Denna"/><SP WIDTH="18" VPOS="218" HPOS="478"/>
							<String ID="string_25" HPOS="496" VPOS="218" WIDTH="52" HEIGHT="17" WC="0.96" CONTENT="torde"/><SP WIDTH="19" VPOS="218" HPOS="548"/>
							<String ID="string_26" HPOS="567" VPOS="218" WIDTH="45" HEIGHT="17" WC="0.96" CONTENT="dock"/><SP WIDTH="19" VPOS="218" HPOS="612"/>
							<String ID="string_27" HPOS="631" VPOS="218" WIDTH="40" HEIGHT="17" WC="0.96" CONTENT="icke"/><SP WIDTH="15" VPOS="218" HPOS="671"/>
							<String ID="string_28" HPOS="686" VPOS="218" WIDTH="44" HEIGHT="17" WC="0.96" CONTENT="böra"/><SP WIDTH="13" VPOS="218" HPOS="730"/>
							<String ID="string_29" HPOS="743" VPOS="217" WIDTH="74" HEIGHT="18" WC="0.96" CONTENT="fastslås"/><SP WIDTH="13" VPOS="217" HPOS="817"/>
							<String ID="string_30" HPOS="830" VPOS="217" WIDTH="28" HEIGHT="18" WC="0.96" CONTENT="för"/>
						</TextLine>
						<TextLine ID="line_4" HPOS="97" VPOS="246" WIDTH="760" HEIGHT="23">
							<String ID="string_31" HPOS="97" VPOS="247" WIDTH="22" HEIGHT="17" WC="0.96" CONTENT="de"/><SP WIDTH="12" VPOS="247" HPOS="119"/>
							<String ID="string_32" HPOS="131" VPOS="246" WIDTH="114" HEIGHT="18" WC="0.96" CONTENT="medlemmar"/><SP WIDTH="13" VPOS="246" HPOS="245"/>
							<String ID="string_33" HPOS="258" VPOS="247" WIDTH="21" HEIGHT="17" WC="0.96" CONTENT="af"/><SP WIDTH="10" VPOS="247" HPOS="279"/>
							<String ID="string_34" HPOS="289" VPOS="247" WIDTH="114" HEIGHT="21" WC="0.96" CONTENT="kommunen,"/><SP WIDTH="13" VPOS="247" HPOS="403"/>
							<String ID="string_35" HPOS="416" VPOS="246" WIDTH="72" HEIGHT="18" WC="0.96" CONTENT="hvilkas"/><SP WIDTH="12" VPOS="246" HPOS="488"/>
							<String ID="string_36" HPOS="500" VPOS="246" WIDTH="80" HEIGHT="18" WC="0.96" CONTENT="inkomst"/><SP WIDTH="13" VPOS="246" HPOS="580"/>
							<String ID="string_37" HPOS="593" VPOS="246" WIDTH="117" HEIGHT="23" WC="0.96" CONTENT="understiger"/><SP WIDTH="10" VPOS="246" HPOS="710"/>
							<String ID="string_38" HPOS="720" VPOS="252" WIDTH="21" HEIGHT="12" WC="0.96" CONTENT="en"/><SP WIDTH="10" VPOS="252" HPOS="741"/>
							<String ID="string_39" HPOS="751" VPOS="246" WIDTH="37" HEIGHT="18" WC="0.96" CONTENT="viss"/><SP WIDTH="9" VPOS="246" HPOS="788"/>
							<String ID="string_40" HPOS="797" VPOS="248" WIDTH="60" HEIGHT="20" WC="0.95" CONTENT="gräns,"/>
						</TextLine>
						<TextLine ID="line_5" HPOS="97" VPOS="275" WIDTH="761" HEIGHT="23">
							<String ID="string_41" HPOS="97" VPOS="280" WIDTH="40" HEIGHT="13" WC="0.90" CONTENT="men"/><SP WIDTH="13" VPOS="280" HPOS="137"/>
							<String ID="string_42" HPOS="150" VPOS="275" WIDTH="11" HEIGHT="18" WC="0.88" CONTENT="å"/><SP WIDTH="12" VPOS="275" HPOS="161"/>
							<String ID="string_43" HPOS="173" VPOS="275" WIDTH="56" HEIGHT="18" WC="0.96" CONTENT="andra"/><SP WIDTH="13" VPOS="275" HPOS="229"/>
							<String ID="string_44" HPOS="242" VPOS="275" WIDTH="52" HEIGHT="18" WC="0.96" CONTENT="sidan"/><SP WIDTH="12" VPOS="275" HPOS="294"/>
							<String ID="string_45" HPOS="306" VPOS="275" WIDTH="47" HEIGHT="17" WC="0.93" CONTENT="visst"/><SP WIDTH="12" VPOS="275" HPOS="353"/>
							<String ID="string_46" HPOS="365" VPOS="275" WIDTH="93" HEIGHT="18" WC="0.91" CONTENT="kännbart"/><SP WIDTH="13" VPOS="275" HPOS="458"/>
							<String ID="string_47" HPOS="471" VPOS="275" WIDTH="85" HEIGHT="23" WC="0.92" CONTENT="äfventyr"/><SP WIDTH="12" VPOS="275" HPOS="556"/>
							<String ID="string_48" HPOS="568" VPOS="277" WIDTH="81" HEIGHT="16" WC="0.96" CONTENT="utsättas"/><SP WIDTH="12" VPOS="277" HPOS="649"/>
							<String ID="string_49" HPOS="661" VPOS="275" WIDTH="29" HEIGHT="17" WC="0.96" CONTENT="för"/><SP WIDTH="10" VPOS="275" HPOS="690"/>
							<String ID="string_50" HPOS="700" VPOS="275" WIDTH="39" HEIGHT="21" WC="0.96" CONTENT="den,"/><SP WIDTH="11" VPOS="275" HPOS="739"/>
							<String ID="string_51" HPOS="750" VPOS="280" WIDTH="37" HEIGHT="12" WC="0.93" CONTENT="som"/><SP WIDTH="10" VPOS="280" HPOS="787"/>
							<String ID="string_52" HPOS="797" VPOS="275" WIDTH="61" HEIGHT="17" WC="0.92" CONTENT="urakt-"/>
						</TextLine>
						<TextLine ID="line_6" HPOS="97" VPOS="303" WIDTH="761" HEIGHT="23">
							<String ID="string_53" HPOS="97" VPOS="304" WIDTH="47" HEIGHT="17" WC="0.96" CONTENT="låter"/><SP WIDTH="18" VPOS="304" HPOS="144"/>
							<String ID="string_54" HPOS="162" VPOS="304" WIDTH="27" HEIGHT="18" WC="0.96" CONTENT="sin"/><SP WIDTH="18" VPOS="304" HPOS="189"/>
							<String ID="string_55" HPOS="207" VPOS="304" WIDTH="105" HEIGHT="22" WC="0.96" CONTENT="skyldighet"/><SP WIDTH="19" VPOS="304" HPOS="312"/>
							<String ID="string_56" HPOS="331" VPOS="303" WIDTH="6" HEIGHT="18" WC="0.93" CONTENT="i"/><SP WIDTH="18" VPOS="303" HPOS="337"/>
							<String ID="string_57" HPOS="355" VPOS="304" WIDTH="75" HEIGHT="17" WC="0.92" CONTENT="berördt"/><SP WIDTH="18" VPOS="304" HPOS="430"/>
							<String ID="string_58" HPOS="448" VPOS="304" WIDTH="87" HEIGHT="18" WC="0.95" CONTENT="afseende"/><SP WIDTH="18" VPOS="304" HPOS="535"/>
							<String ID="string_59" HPOS="553" VPOS="304" WIDTH="44" HEIGHT="18" WC="0.91" CONTENT="eller"/><SP WIDTH="18" VPOS="304" HPOS="597"/>
							<String ID="string_60" HPOS="615" VPOS="304" WIDTH="85" HEIGHT="18" WC="0.91" CONTENT="beträdes"/><SP WIDTH="13" VPOS="304" HPOS="700"/>
							<String ID="string_61" HPOS="713" VPOS="304" WIDTH="40" HEIGHT="17" WC="0.92" CONTENT="med"/><SP WIDTH="13" VPOS="304" HPOS="753"/>
							<String ID="string_62" HPOS="766" VPOS="303" WIDTH="92" HEIGHT="23" WC="0.91" CONTENT="afsiktligt"/>
						</TextLine>
						<TextLine ID="line_7" HPOS="98" VPOS="332" WIDTH="761" HEIGHT="23">
							<String ID="string_63" HPOS="98" VPOS="332" WIDTH="60" HEIGHT="18" WC="0.96" CONTENT="falska"/><SP WIDTH="18" VPOS="332" HPOS="158"/>
							<String ID="string_64" HPOS="176" VPOS="332" WIDTH="99" HEIGHT="23" WC="0.93" CONTENT="uppgifter."/><SP WIDTH="25" VPOS="332" HPOS="275"/>
							<String ID="string_65" HPOS="300" VPOS="332" WIDTH="111" HEIGHT="18" WC="0.91" CONTENT="Godkännas"/><SP WIDTH="19" VPOS="332" HPOS="411"/>
							<String ID="string_66" HPOS="430" VPOS="332" WIDTH="53" HEIGHT="18" WC="0.96" CONTENT="dessa"/><SP WIDTH="13" VPOS="332" HPOS="483"/>
							<String ID="string_67" HPOS="496" VPOS="333" WIDTH="115" HEIGHT="21" WC="0.96" CONTENT="synpunkter"/><SP WIDTH="15" VPOS="333" HPOS="611"/>
							<String ID="string_68" HPOS="626" VPOS="332" WIDTH="57" HEIGHT="22" WC="0.96" CONTENT="torde,"/><SP WIDTH="14" VPOS="332" HPOS="683"/>
							<String ID="string_69" HPOS="697" VPOS="332" WIDTH="41" HEIGHT="18" WC="0.96" CONTENT="med"/><SP WIDTH="12" VPOS="332" HPOS="738"/>
							<String ID="string_70" HPOS="750" VPOS="332" WIDTH="69" HEIGHT="22" WC="0.96" CONTENT="hänsyn"/><SP WIDTH="12" VPOS="332" HPOS="819"/>
							<String ID="string_71" HPOS="831" VPOS="332" WIDTH="28" HEIGHT="17" WC="0.96" CONTENT="till"/>
						</TextLine>
						<TextLine ID="line_8" HPOS="98" VPOS="361" WIDTH="761" HEIGHT="23">
							<String ID="string_72" HPOS="98" VPOS="362" WIDTH="114" HEIGHT="22" WC="0.96" CONTENT="ojämnheter"/><SP WIDTH="17" VPOS="362" HPOS="212"/>
							<String ID="string_73" HPOS="229" VPOS="361" WIDTH="90" HEIGHT="18" WC="0.96" CONTENT="beroende"/><SP WIDTH="19" VPOS="361" HPOS="319"/>
							<String ID="string_74" HPOS="338" VPOS="362" WIDTH="20" HEIGHT="17" WC="0.96" CONTENT="af"/><SP WIDTH="17" VPOS="362" HPOS="358"/>
							<String ID="string_75" HPOS="375" VPOS="361" WIDTH="61" HEIGHT="18" WC="0.96" CONTENT="lokala"/><SP WIDTH="12" VPOS="361" HPOS="436"/>
							<String ID="string_76" HPOS="448" VPOS="361" WIDTH="135" HEIGHT="21" WC="0.71" CONTENT="förhållanden,"/><SP WIDTH="13" VPOS="361" HPOS="583"/>
							<String ID="string_77" HPOS="596" VPOS="361" WIDTH="51" HEIGHT="18" WC="0.93" CONTENT="såväl"/><SP WIDTH="13" VPOS="361" HPOS="647"/>
							<String ID="string_78" HPOS="660" VPOS="361" WIDTH="81" HEIGHT="23" WC="0.92" CONTENT="antydda"/><SP WIDTH="12" VPOS="361" HPOS="741"/>
							<String ID="string_79" HPOS="753" VPOS="362" WIDTH="56" HEIGHT="22" WC="0.96" CONTENT="gräns"/><SP WIDTH="12" VPOS="362" HPOS="809"/>
							<String ID="string_80" HPOS="821" VPOS="366" WIDTH="38" HEIGHT="12" WC="0.96" CONTENT="som"/>
						</TextLine>
						<TextLine ID="line_9" HPOS="98" VPOS="390" WIDTH="761" HEIGHT="23">
							<String ID="string_81" HPOS="98" VPOS="391" WIDTH="34" HEIGHT="17" WC="0.93" CONTENT="ock"/><SP WIDTH="17" VPOS="391" HPOS="132"/>
							<String ID="string_82" HPOS="149" VPOS="390" WIDTH="114" HEIGHT="23" WC="0.92" CONTENT="påföljderna"/><SP WIDTH="13" VPOS="390" HPOS="263"/>
							<String ID="string_83" HPOS="276" VPOS="390" WIDTH="21" HEIGHT="18" WC="0.95" CONTENT="af"/><SP WIDTH="11" VPOS="390" HPOS="297"/>
							<String ID="string_84" HPOS="308" VPOS="390" WIDTH="70" HEIGHT="22" WC="0.96" CONTENT="oriktig"/><SP WIDTH="12" VPOS="390" HPOS="378"/>
							<String ID="string_85" HPOS="390" VPOS="390" WIDTH="75" HEIGHT="23" WC="0.96" CONTENT="uppgift"/><SP WIDTH="12" VPOS="390" HPOS="465"/>
							<String ID="string_86" HPOS="477" VPOS="390" WIDTH="6" HEIGHT="18" WC="0.96" CONTENT="i"/><SP WIDTH="13" VPOS="390" HPOS="483"/>
							<String ID="string_87" HPOS="496" VPOS="390" WIDTH="31" HEIGHT="23" WC="0.96" CONTENT="lag"/><SP WIDTH="12" VPOS="390" HPOS="527"/>
							<String ID="string_88" HPOS="539" VPOS="390" WIDTH="44" HEIGHT="18" WC="0.96" CONTENT="böra"/><SP WIDTH="13" VPOS="390" HPOS="583"/>
							<String ID="string_89" HPOS="596" VPOS="390" WIDTH="75" HEIGHT="18" WC="0.94" CONTENT="fastslås"/><SP WIDTH="12" VPOS="390" HPOS="671"/>
							<String ID="string_90" HPOS="683" VPOS="390" WIDTH="42" HEIGHT="18" WC="0.96" CONTENT="med"/><SP WIDTH="11" VPOS="390" HPOS="725"/>
							<String ID="string_91" HPOS="736" VPOS="390" WIDTH="38" HEIGHT="18" WC="0.96" CONTENT="viss"/><SP WIDTH="13" VPOS="390" HPOS="774"/>
							<String ID="string_92" HPOS="787" VPOS="390" WIDTH="72" HEIGHT="18" WC="0.96" CONTENT="latitud."/>
						</TextLine>
						<TextLine ID="line_10" HPOS="99" VPOS="419" WIDTH="760" HEIGHT="23">
							<String ID="string_93" HPOS="99" VPOS="419" WIDTH="48" HEIGHT="18" WC="0.95" CONTENT="inom"/><SP WIDTH="19" VPOS="419" HPOS="147"/>
							<String ID="string_94" HPOS="166" VPOS="419" WIDTH="72" HEIGHT="18" WC="0.95" CONTENT="hvilken"/><SP WIDTH="15" VPOS="419" HPOS="238"/>
							<String ID="string_95" HPOS="253" VPOS="419" WIDTH="64" HEIGHT="23" WC="0.95" CONTENT="hvarje"/><SP WIDTH="12" VPOS="419" HPOS="317"/>
							<String ID="string_96" HPOS="329" VPOS="419" WIDTH="87" HEIGHT="18" WC="0.96" CONTENT="kommun"/><SP WIDTH="13" VPOS="419" HPOS="416"/>
							<String ID="string_97" HPOS="429" VPOS="419" WIDTH="49" HEIGHT="22" WC="0.95" CONTENT="finge"/><SP WIDTH="13" VPOS="419" HPOS="478"/>
							<String ID="string_98" HPOS="491" VPOS="419" WIDTH="29" HEIGHT="18" WC="0.96" CONTENT="för"/><SP WIDTH="13" VPOS="419" HPOS="520"/>
							<String ID="string_99" HPOS="533" VPOS="419" WIDTH="29" HEIGHT="23" WC="0.96" CONTENT="sig"/><SP WIDTH="12" VPOS="419" HPOS="562"/>
							<String ID="string_100" HPOS="574" VPOS="419" WIDTH="33" HEIGHT="18" WC="0.96" CONTENT="och"/><SP WIDTH="12" VPOS="419" HPOS="607"/>
							<String ID="string_101" HPOS="619" VPOS="419" WIDTH="23" HEIGHT="22" WC="0.95" CONTENT="på"/><SP WIDTH="13" VPOS="419" HPOS="642"/>
							<String ID="string_102" HPOS="655" VPOS="419" WIDTH="38" HEIGHT="18" WC="0.95" CONTENT="viss"/><SP WIDTH="12" VPOS="419" HPOS="693"/>
							<String ID="string_103" HPOS="705" VPOS="419" WIDTH="27" HEIGHT="17" WC="0.96" CONTENT="tid"/><SP WIDTH="13" VPOS="419" HPOS="732"/>
							<String ID="string_104" HPOS="745" VPOS="419" WIDTH="55" HEIGHT="17" WC="0.93" CONTENT="ordna"/><SP WIDTH="13" VPOS="419" HPOS="800"/>
							<String ID="string_105" HPOS="813" VPOS="419" WIDTH="46" HEIGHT="17" WC="0.92" CONTENT="före-"/>
						</TextLine>
						<TextLine ID="line_11" HPOS="99" VPOS="447" WIDTH="229" HEIGHT="23">
							<String ID="string_106" HPOS="99" VPOS="448" WIDTH="79" HEIGHT="17" WC="0.95" CONTENT="varande"/><SP WIDTH="12" VPOS="448" HPOS="178"/>
							<String ID="string_107" HPOS="190" VPOS="447" WIDTH="138" HEIGHT="23" WC="0.96" CONTENT="angelägenhet."/>
						</TextLine>
					</TextBlock>
					<TextBlock ID="block_2" HPOS="99" VPOS="477" WIDTH="762" HEIGHT="247">
						<TextLine ID="line_12" HPOS="168" VPOS="477" WIDTH="691" HEIGHT="22">
							<String ID="string_108" HPOS="168" VPOS="477" WIDTH="9" HEIGHT="17" WC="0.96" CONTENT="I"/><SP WIDTH="14" VPOS="477" HPOS="177"/>
							<String ID="string_109" HPOS="191" VPOS="477" WIDTH="30" HEIGHT="18" WC="0.96" CONTENT="det"/><SP WIDTH="11" VPOS="477" HPOS="221"/>
							<String ID="string_110" HPOS="232" VPOS="477" WIDTH="110" HEIGHT="22" WC="0.96" CONTENT="föregående"/><SP WIDTH="12" VPOS="477" HPOS="342"/>
							<String ID="string_111" HPOS="354" VPOS="477" WIDTH="34" HEIGHT="17" WC="0.96" CONTENT="har"/><SP WIDTH="10" VPOS="477" HPOS="388"/>
							<String ID="string_112" HPOS="398" VPOS="477" WIDTH="33" HEIGHT="22" WC="0.96" CONTENT="jag"/><SP WIDTH="13" VPOS="477" HPOS="431"/>
							<String ID="string_113" HPOS="444" VPOS="477" WIDTH="42" HEIGHT="18" WC="0.96" CONTENT="sökt"/><SP WIDTH="10" VPOS="477" HPOS="486"/>
							<String ID="string_114" HPOS="496" VPOS="477" WIDTH="63" HEIGHT="22" WC="0.96" CONTENT="påvisa"/><SP WIDTH="10" VPOS="477" HPOS="559"/>
							<String ID="string_115" HPOS="569" VPOS="477" WIDTH="92" HEIGHT="18" WC="0.96" CONTENT="särskilda"/><SP WIDTH="10" VPOS="477" HPOS="661"/>
							<String ID="string_116" HPOS="671" VPOS="477" WIDTH="67" HEIGHT="17" WC="0.96" CONTENT="brister"/><SP WIDTH="8" VPOS="477" HPOS="738"/>
							<String ID="string_117" HPOS="746" VPOS="477" WIDTH="32" HEIGHT="17" WC="0.92" CONTENT="och"/><SP WIDTH="10" VPOS="477" HPOS="778"/>
							<String ID="string_118" HPOS="788" VPOS="478" WIDTH="71" HEIGHT="21" WC="0.89" CONTENT="oegent-"/>
						</TextLine>
						<TextLine ID="line_13" HPOS="100" VPOS="505" WIDTH="759" HEIGHT="24">
							<String ID="string_119" HPOS="100" VPOS="506" WIDTH="84" HEIGHT="23" WC="0.96" CONTENT="ligheter,"/><SP WIDTH="19" VPOS="506" HPOS="184"/>
							<String ID="string_120" HPOS="203" VPOS="511" WIDTH="37" HEIGHT="12" WC="0.92" CONTENT="som"/><SP WIDTH="19" VPOS="511" HPOS="240"/>
							<String ID="string_121" HPOS="259" VPOS="505" WIDTH="72" HEIGHT="18" WC="0.91" CONTENT="vidlåda"/><SP WIDTH="19" VPOS="505" HPOS="331"/>
							<String ID="string_122" HPOS="350" VPOS="506" WIDTH="88" HEIGHT="22" WC="0.96" CONTENT="gällande"/><SP WIDTH="20" VPOS="506" HPOS="438"/>
							<String ID="string_123" HPOS="458" VPOS="506" WIDTH="137" HEIGHT="22" WC="0.96" CONTENT="bestämningar"/><SP WIDTH="12" VPOS="506" HPOS="595"/>
							<String ID="string_124" HPOS="607" VPOS="505" WIDTH="76" HEIGHT="18" WC="0.96" CONTENT="rörande"/><SP WIDTH="14" VPOS="505" HPOS="683"/>
							<String ID="string_125" HPOS="697" VPOS="505" WIDTH="34" HEIGHT="18" WC="0.96" CONTENT="den"/><SP WIDTH="12" VPOS="505" HPOS="731"/>
							<String ID="string_126" HPOS="743" VPOS="505" WIDTH="116" HEIGHT="18" WC="0.96" CONTENT="kommunala"/>
						</TextLine>
						<TextLine ID="line_14" HPOS="99" VPOS="533" WIDTH="761" HEIGHT="24">
							<String ID="string_127" HPOS="99" VPOS="534" WIDTH="146" HEIGHT="23" WC="0.95" CONTENT="beskattningen."/><SP WIDTH="25" VPOS="534" HPOS="245"/>
							<String ID="string_128" HPOS="270" VPOS="535" WIDTH="41" HEIGHT="17" WC="0.93" CONTENT="Men"/><SP WIDTH="19" VPOS="535" HPOS="311"/>
							<String ID="string_129" HPOS="330" VPOS="535" WIDTH="88" HEIGHT="17" WC="0.91" CONTENT="ehuruväl"/><SP WIDTH="18" VPOS="535" HPOS="418"/>
							<String ID="string_130" HPOS="436" VPOS="540" WIDTH="22" HEIGHT="12" WC="0.96" CONTENT="en"/><SP WIDTH="18" VPOS="540" HPOS="458"/>
							<String ID="string_131" HPOS="476" VPOS="535" WIDTH="92" HEIGHT="22" WC="0.96" CONTENT="reglering"/><SP WIDTH="18" VPOS="535" HPOS="568"/>
							<String ID="string_132" HPOS="586" VPOS="535" WIDTH="21" HEIGHT="17" WC="0.96" CONTENT="af"/><SP WIDTH="10" VPOS="535" HPOS="607"/>
							<String ID="string_133" HPOS="617" VPOS="534" WIDTH="77" HEIGHT="18" WC="0.96" CONTENT="berörda"/><SP WIDTH="12" VPOS="534" HPOS="694"/>
							<String ID="string_134" HPOS="706" VPOS="533" WIDTH="154" HEIGHT="23" WC="0.96" CONTENT="omständigheter"/>
						</TextLine>
						<TextLine ID="line_15" HPOS="101" VPOS="562" WIDTH="759" HEIGHT="23">
							<String ID="string_135" HPOS="101" VPOS="565" WIDTH="21" HEIGHT="16" WC="0.96" CONTENT="är"/><SP WIDTH="17" VPOS="565" HPOS="122"/>
							<String ID="string_136" HPOS="139" VPOS="563" WIDTH="106" HEIGHT="22" WC="0.95" CONTENT="trängande,"/><SP WIDTH="20" VPOS="563" HPOS="245"/>
							<String ID="string_137" HPOS="265" VPOS="568" WIDTH="52" HEIGHT="17" WC="0.96" CONTENT="synes"/><SP WIDTH="19" VPOS="568" HPOS="317"/>
							<String ID="string_138" HPOS="336" VPOS="563" WIDTH="110" HEIGHT="22" WC="0.93" CONTENT="detaljerade"/><SP WIDTH="18" VPOS="563" HPOS="446"/>
							<String ID="string_139" HPOS="464" VPOS="563" WIDTH="140" HEIGHT="22" WC="0.91" CONTENT="reformförslag"/><SP WIDTH="18" VPOS="563" HPOS="604"/>
							<String ID="string_140" HPOS="622" VPOS="563" WIDTH="40" HEIGHT="18" WC="0.96" CONTENT="icke"/><SP WIDTH="19" VPOS="563" HPOS="662"/>
							<String ID="string_141" HPOS="681" VPOS="563" WIDTH="63" HEIGHT="17" WC="0.96" CONTENT="kunna"/><SP WIDTH="19" VPOS="563" HPOS="744"/>
							<String ID="string_142" HPOS="763" VPOS="562" WIDTH="97" HEIGHT="18" WC="0.96" CONTENT="framföras"/>
						</TextLine>
						<TextLine ID="line_16" HPOS="100" VPOS="591" WIDTH="760" HEIGHT="24">
							<String ID="string_143" HPOS="100" VPOS="594" WIDTH="46" HEIGHT="15" WC="0.96" CONTENT="utan"/><SP WIDTH="18" VPOS="594" HPOS="146"/>
							<String ID="string_144" HPOS="164" VPOS="597" WIDTH="23" HEIGHT="12" WC="0.96" CONTENT="en"/><SP WIDTH="17" VPOS="597" HPOS="187"/>
							<String ID="string_145" HPOS="204" VPOS="591" WIDTH="88" HEIGHT="23" WC="0.93" CONTENT="ingående"/><SP WIDTH="20" VPOS="591" HPOS="292"/>
							<String ID="string_146" HPOS="312" VPOS="591" WIDTH="138" HEIGHT="23" WC="0.90" CONTENT="sakförståndig"/><SP WIDTH="18" VPOS="591" HPOS="450"/>
							<String ID="string_147" HPOS="468" VPOS="592" WIDTH="99" HEIGHT="23" WC="0.95" CONTENT="utredning"/><SP WIDTH="19" VPOS="592" HPOS="567"/>
							<String ID="string_148" HPOS="586" VPOS="592" WIDTH="21" HEIGHT="17" WC="0.92" CONTENT="af"/><SP WIDTH="16" VPOS="592" HPOS="607"/>
							<String ID="string_149" HPOS="623" VPOS="592" WIDTH="90" HEIGHT="22" WC="0.91" CONTENT="sakläget."/><SP WIDTH="25" VPOS="592" HPOS="713"/>
							<String ID="string_150" HPOS="738" VPOS="591" WIDTH="41" HEIGHT="18" WC="0.96" CONTENT="Med"/><SP WIDTH="12" VPOS="591" HPOS="779"/>
							<String ID="string_151" HPOS="791" VPOS="591" WIDTH="69" HEIGHT="22" WC="0.95" CONTENT="hänsyn"/>
						</TextLine>
						<TextLine ID="line_17" HPOS="100" VPOS="620" WIDTH="759" HEIGHT="23">
							<String ID="string_152" HPOS="100" VPOS="621" WIDTH="62" HEIGHT="17" WC="0.96" CONTENT="härtill"/><SP WIDTH="16" VPOS="621" HPOS="162"/>
							<String ID="string_153" HPOS="178" VPOS="621" WIDTH="32" HEIGHT="17" WC="0.96" CONTENT="och"/><SP WIDTH="16" VPOS="621" HPOS="210"/>
							<String ID="string_154" HPOS="226" VPOS="621" WIDTH="6" HEIGHT="17" WC="0.96" CONTENT="i"/><SP WIDTH="16" VPOS="621" HPOS="232"/>
							<String ID="string_155" HPOS="248" VPOS="621" WIDTH="41" HEIGHT="17" WC="0.96" CONTENT="stöd"/><SP WIDTH="14" VPOS="621" HPOS="289"/>
							<String ID="string_156" HPOS="303" VPOS="621" WIDTH="20" HEIGHT="17" WC="0.95" CONTENT="af"/><SP WIDTH="11" VPOS="621" HPOS="323"/>
							<String ID="string_157" HPOS="334" VPOS="621" WIDTH="48" HEIGHT="17" WC="0.95" CONTENT="hvad"/><SP WIDTH="10" VPOS="621" HPOS="382"/>
							<String ID="string_158" HPOS="392" VPOS="621" WIDTH="34" HEIGHT="22" WC="0.96" CONTENT="jag"/><SP WIDTH="12" VPOS="621" HPOS="426"/>
							<String ID="string_159" HPOS="438" VPOS="621" WIDTH="56" HEIGHT="17" WC="0.95" CONTENT="ofvan"/><SP WIDTH="13" VPOS="621" HPOS="494"/>
							<String ID="string_160" HPOS="507" VPOS="621" WIDTH="41" HEIGHT="18" WC="0.96" CONTENT="haft"/><SP WIDTH="12" VPOS="621" HPOS="548"/>
							<String ID="string_161" HPOS="560" VPOS="623" WIDTH="44" HEIGHT="15" WC="0.96" CONTENT="äran"/><SP WIDTH="13" VPOS="623" HPOS="604"/>
							<String ID="string_162" HPOS="617" VPOS="621" WIDTH="69" HEIGHT="20" WC="0.96" CONTENT="anföra,"/><SP WIDTH="14" VPOS="621" HPOS="686"/>
							<String ID="string_163" HPOS="700" VPOS="620" WIDTH="28" HEIGHT="18" WC="0.96" CONTENT="får"/><SP WIDTH="12" VPOS="620" HPOS="728"/>
							<String ID="string_164" HPOS="740" VPOS="620" WIDTH="32" HEIGHT="17" WC="0.93" CONTENT="hos"/><SP WIDTH="12" VPOS="620" HPOS="772"/>
							<String ID="string_165" HPOS="784" VPOS="620" WIDTH="75" HEIGHT="18" WC="0.91" CONTENT="Ridder-"/>
						</TextLine>
						<TextLine ID="line_18" HPOS="102" VPOS="648" WIDTH="759" HEIGHT="24">
							<String ID="string_166" HPOS="102" VPOS="649" WIDTH="64" HEIGHT="22" WC="0.95" CONTENT="skapet"/><SP WIDTH="19" VPOS="649" HPOS="166"/>
							<String ID="string_167" HPOS="185" VPOS="649" WIDTH="31" HEIGHT="18" WC="0.93" CONTENT="och"/><SP WIDTH="19" VPOS="649" HPOS="216"/>
							<String ID="string_168" HPOS="235" VPOS="649" WIDTH="57" HEIGHT="18" WC="0.91" CONTENT="Adeln"/><SP WIDTH="19" VPOS="649" HPOS="292"/>
							<String ID="string_169" HPOS="311" VPOS="649" WIDTH="94" HEIGHT="18" WC="0.91" CONTENT="vördsamt"/><SP WIDTH="15" VPOS="649" HPOS="405"/>
							<String ID="string_170" HPOS="420" VPOS="649" WIDTH="33" HEIGHT="23" WC="0.96" CONTENT="jag"/><SP WIDTH="19" VPOS="649" HPOS="453"/>
							<String ID="string_171" HPOS="472" VPOS="649" WIDTH="78" HEIGHT="22" WC="0.91" CONTENT="anhålla,"/><SP WIDTH="19" VPOS="649" HPOS="550"/>
							<String ID="string_172" HPOS="569" VPOS="649" WIDTH="30" HEIGHT="18" WC="0.91" CONTENT="det"/><SP WIDTH="12" VPOS="649" HPOS="599"/>
							<String ID="string_173" HPOS="611" VPOS="649" WIDTH="135" HEIGHT="22" WC="0.90" CONTENT="Ridderskapet"/><SP WIDTH="12" VPOS="649" HPOS="746"/>
							<String ID="string_174" HPOS="758" VPOS="649" WIDTH="32" HEIGHT="17" WC="0.93" CONTENT="och"/><SP WIDTH="12" VPOS="649" HPOS="790"/>
							<String ID="string_175" HPOS="802" VPOS="648" WIDTH="59" HEIGHT="18" WC="0.92" CONTENT="Adeln"/>
						</TextLine>
						<TextLine ID="line_19" HPOS="101" VPOS="677" WIDTH="760" HEIGHT="24">
							<String ID="string_176" HPOS="101" VPOS="678" WIDTH="43" HEIGHT="17" WC="0.96" CONTENT="ville"/><SP WIDTH="12" VPOS="678" HPOS="144"/>
							<String ID="string_177" HPOS="156" VPOS="678" WIDTH="63" HEIGHT="17" WC="0.96" CONTENT="förena"/><SP WIDTH="13" VPOS="678" HPOS="219"/>
							<String ID="string_178" HPOS="232" VPOS="678" WIDTH="29" HEIGHT="22" WC="0.96" CONTENT="sig"/><SP WIDTH="12" VPOS="678" HPOS="261"/>
							<String ID="string_179" HPOS="273" VPOS="683" WIDTH="28" HEIGHT="12" WC="0.96" CONTENT="om"/><SP WIDTH="13" VPOS="683" HPOS="301"/>
							<String ID="string_180" HPOS="314" VPOS="683" WIDTH="22" HEIGHT="12" WC="0.93" CONTENT="en"/><SP WIDTH="13" VPOS="683" HPOS="336"/>
							<String ID="string_181" HPOS="349" VPOS="678" WIDTH="115" HEIGHT="23" WC="0.92" CONTENT="underdånig"/><SP WIDTH="12" VPOS="678" HPOS="464"/>
							<String ID="string_182" HPOS="476" VPOS="679" WIDTH="79" HEIGHT="22" WC="0.96" CONTENT="petition"/><SP WIDTH="10" VPOS="679" HPOS="555"/>
							<String ID="string_183" HPOS="565" VPOS="678" WIDTH="27" HEIGHT="18" WC="0.96" CONTENT="till"/><SP WIDTH="9" VPOS="678" HPOS="592"/>
							<String ID="string_184" HPOS="601" VPOS="679" WIDTH="51" HEIGHT="17" WC="0.95" CONTENT="Hans"/><SP WIDTH="10" VPOS="679" HPOS="652"/>
							<String ID="string_185" HPOS="662" VPOS="677" WIDTH="104" HEIGHT="24" WC="0.96" CONTENT="Kejserliga"/><SP WIDTH="9" VPOS="677" HPOS="766"/>
							<String ID="string_186" HPOS="775" VPOS="678" WIDTH="86" HEIGHT="21" WC="0.96" CONTENT="Majestät"/>
						</TextLine>
						<TextLine ID="line_20" HPOS="102" VPOS="707" WIDTH="61" HEIGHT="17">
							<String ID="string_187" HPOS="102" VPOS="707" WIDTH="61" HEIGHT="17" WC="0.96" CONTENT="därom"/>
						</TextLine>
					</TextBlock>
				</ComposedBlock>
				<ComposedBlock ID="cblock_2" HPOS="239" VPOS="751" WIDTH="624" HEIGHT="197">
					<TextBlock ID="block_3" HPOS="239" VPOS="751" WIDTH="624" HEIGHT="197">
						<TextLine ID="line_21" HPOS="309" VPOS="751" WIDTH="552" HEIGHT="25">
							<String ID="string_188" HPOS="309" VPOS="754" WIDTH="26" HEIGHT="17" WC="0.93" CONTENT="att"/><SP WIDTH="13" VPOS="754" HPOS="335"/>
							<String ID="string_189" HPOS="348" VPOS="753" WIDTH="24" HEIGHT="18" WC="0.89" CONTENT="K."/><SP WIDTH="12" VPOS="753" HPOS="372"/>
							<String ID="string_190" HPOS="384" VPOS="753" WIDTH="24" HEIGHT="18" WC="0.91" CONTENT="F."/><SP WIDTH="13" VPOS="753" HPOS="408"/>
							<String ID="string_191" HPOS="421" VPOS="753" WIDTH="34" HEIGHT="18" WC="0.96" CONTENT="den"/><SP WIDTH="13" VPOS="753" HPOS="455"/>
							<String ID="string_192" HPOS="468" VPOS="754" WIDTH="12" HEIGHT="17" WC="0.96" CONTENT="8"/><SP WIDTH="12" VPOS="754" HPOS="480"/>
							<String ID="string_193" HPOS="492" VPOS="754" WIDTH="89" HEIGHT="17" WC="0.96" CONTENT="december"/><SP WIDTH="13" VPOS="754" HPOS="581"/>
							<String ID="string_194" HPOS="594" VPOS="754" WIDTH="46" HEIGHT="17" WC="0.96" CONTENT="1873"/><SP WIDTH="8" VPOS="754" HPOS="640"/>
							<String ID="string_195" HPOS="648" VPOS="753" WIDTH="94" HEIGHT="23" WC="0.91" CONTENT="angående"/><SP WIDTH="7" VPOS="753" HPOS="742"/>
							<String ID="string_196" HPOS="749" VPOS="751" WIDTH="112" HEIGHT="19" WC="0.89" CONTENT="kommunal-"/>
						</TextLine>
						<TextLine ID="line_22" HPOS="239" VPOS="781" WIDTH="622" HEIGHT="24">
							<String ID="string_197" HPOS="239" VPOS="782" WIDTH="136" HEIGHT="23" WC="0.96" CONTENT="förvaltningen"/><SP WIDTH="15" VPOS="782" HPOS="375"/>
							<String ID="string_198" HPOS="390" VPOS="782" WIDTH="8" HEIGHT="17" WC="0.96" CONTENT="i"/><SP WIDTH="12" VPOS="782" HPOS="398"/>
							<String ID="string_199" HPOS="410" VPOS="782" WIDTH="41" HEIGHT="17" WC="0.96" CONTENT="stad"/><SP WIDTH="11" VPOS="782" HPOS="451"/>
							<String ID="string_200" HPOS="462" VPOS="782" WIDTH="57" HEIGHT="18" WC="0.96" CONTENT="måtte"/><SP WIDTH="12" VPOS="782" HPOS="519"/>
							<String ID="string_201" HPOS="531" VPOS="782" WIDTH="120" HEIGHT="17" WC="0.96" CONTENT="underkastas"/><SP WIDTH="13" VPOS="782" HPOS="651"/>
							<String ID="string_202" HPOS="664" VPOS="781" WIDTH="78" HEIGHT="18" WC="0.96" CONTENT="revision"/><SP WIDTH="12" VPOS="781" HPOS="742"/>
							<String ID="string_203" HPOS="754" VPOS="781" WIDTH="8" HEIGHT="18" WC="0.96" CONTENT="i"/><SP WIDTH="12" VPOS="781" HPOS="762"/>
							<String ID="string_204" HPOS="774" VPOS="781" WIDTH="20" HEIGHT="17" WC="0.96" CONTENT="de"/><SP WIDTH="12" VPOS="781" HPOS="794"/>
							<String ID="string_205" HPOS="806" VPOS="781" WIDTH="55" HEIGHT="17" WC="0.88" CONTENT="delar,"/>
						</TextLine>
						<TextLine ID="line_23" HPOS="239" VPOS="809" WIDTH="622" HEIGHT="24">
							<String ID="string_206" HPOS="239" VPOS="817" WIDTH="38" HEIGHT="12" WC="0.96" CONTENT="som"/><SP WIDTH="19" VPOS="817" HPOS="277"/>
							<String ID="string_207" HPOS="296" VPOS="811" WIDTH="62" HEIGHT="18" WC="0.96" CONTENT="beröra"/><SP WIDTH="18" VPOS="811" HPOS="358"/>
							<String ID="string_208" HPOS="376" VPOS="811" WIDTH="109" HEIGHT="22" WC="0.96" CONTENT="grunderna"/><SP WIDTH="17" VPOS="811" HPOS="485"/>
							<String ID="string_209" HPOS="502" VPOS="811" WIDTH="31" HEIGHT="18" WC="0.95" CONTENT="och"/><SP WIDTH="19" VPOS="811" HPOS="533"/>
							<String ID="string_210" HPOS="552" VPOS="812" WIDTH="53" HEIGHT="17" WC="0.95" CONTENT="sättet"/><SP WIDTH="12" VPOS="812" HPOS="605"/>
							<String ID="string_211" HPOS="617" VPOS="811" WIDTH="30" HEIGHT="22" WC="0.96" CONTENT="för"/><SP WIDTH="13" VPOS="811" HPOS="647"/>
							<String ID="string_212" HPOS="660" VPOS="811" WIDTH="34" HEIGHT="17" WC="0.96" CONTENT="den"/><SP WIDTH="12" VPOS="811" HPOS="694"/>
							<String ID="string_213" HPOS="706" VPOS="809" WIDTH="118" HEIGHT="19" WC="0.93" CONTENT="kommunala"/><SP WIDTH="12" VPOS="809" HPOS="824"/>
							<String ID="string_214" HPOS="836" VPOS="810" WIDTH="25" HEIGHT="17" WC="0.91" CONTENT="be-"/>
						</TextLine>
						<TextLine ID="line_24" HPOS="239" VPOS="838" WIDTH="623" HEIGHT="24">
							<String ID="string_215" HPOS="239" VPOS="839" WIDTH="115" HEIGHT="23" WC="0.91" CONTENT="skattningen"/><SP WIDTH="21" VPOS="839" HPOS="354"/>
							<String ID="string_216" HPOS="375" VPOS="839" WIDTH="24" HEIGHT="23" WC="0.96" CONTENT="af"/><SP WIDTH="15" VPOS="839" HPOS="399"/>
							<String ID="string_217" HPOS="414" VPOS="839" WIDTH="75" HEIGHT="18" WC="0.96" CONTENT="medlem"/><SP WIDTH="15" VPOS="839" HPOS="489"/>
							<String ID="string_218" HPOS="504" VPOS="840" WIDTH="8" HEIGHT="17" WC="0.96" CONTENT="i"/><SP WIDTH="11" VPOS="840" HPOS="512"/>
							<String ID="string_219" HPOS="523" VPOS="839" WIDTH="138" HEIGHT="18" WC="0.96" CONTENT="stadskommun"/><SP WIDTH="12" VPOS="839" HPOS="661"/>
							<String ID="string_220" HPOS="673" VPOS="839" WIDTH="49" HEIGHT="17" WC="0.96" CONTENT="samt"/><SP WIDTH="12" VPOS="839" HPOS="722"/>
							<String ID="string_221" HPOS="734" VPOS="839" WIDTH="26" HEIGHT="17" WC="0.96" CONTENT="att"/><SP WIDTH="14" VPOS="839" HPOS="760"/>
							<String ID="string_222" HPOS="774" VPOS="838" WIDTH="27" HEIGHT="17" WC="0.93" CONTENT="till"/><SP WIDTH="11" VPOS="838" HPOS="801"/>
							<String ID="string_223" HPOS="812" VPOS="839" WIDTH="50" HEIGHT="16" WC="0.89" CONTENT="näst-"/>
						</TextLine>
						<TextLine ID="line_25" HPOS="241" VPOS="866" WIDTH="621" HEIGHT="25">
							<String ID="string_224" HPOS="241" VPOS="869" WIDTH="175" HEIGHT="17" WC="0.91" CONTENT="sammanträdande"/><SP WIDTH="19" VPOS="869" HPOS="416"/>
							<String ID="string_225" HPOS="435" VPOS="868" WIDTH="88" HEIGHT="23" WC="0.91" CONTENT="landtdag"/><SP WIDTH="12" VPOS="868" HPOS="523"/>
							<String ID="string_226" HPOS="535" VPOS="868" WIDTH="56" HEIGHT="17" WC="0.93" CONTENT="måtte"/><SP WIDTH="12" VPOS="868" HPOS="591"/>
							<String ID="string_227" HPOS="603" VPOS="868" WIDTH="66" HEIGHT="23" WC="0.90" CONTENT="aflåtas"/><SP WIDTH="12" VPOS="868" HPOS="669"/>
							<String ID="string_228" HPOS="681" VPOS="867" WIDTH="57" HEIGHT="23" WC="0.96" CONTENT="nådig"/><SP WIDTH="10" VPOS="867" HPOS="738"/>
							<String ID="string_229" HPOS="748" VPOS="866" WIDTH="114" HEIGHT="23" WC="0.95" CONTENT="proposition"/>
						</TextLine>
						<TextLine ID="line_26" HPOS="241" VPOS="895" WIDTH="622" HEIGHT="25">
							<String ID="string_230" HPOS="241" VPOS="897" WIDTH="127" HEIGHT="17" WC="0.94" CONTENT="innehållande"/><SP WIDTH="18" VPOS="897" HPOS="368"/>
							<String ID="string_231" HPOS="386" VPOS="897" WIDTH="21" HEIGHT="17" WC="0.96" CONTENT="de"/><SP WIDTH="18" VPOS="897" HPOS="407"/>
							<String ID="string_232" HPOS="425" VPOS="897" WIDTH="104" HEIGHT="23" WC="0.96" CONTENT="ändringar"/><SP WIDTH="18" VPOS="897" HPOS="529"/>
							<String ID="string_233" HPOS="547" VPOS="897" WIDTH="24" HEIGHT="22" WC="0.96" CONTENT="af"/><SP WIDTH="12" VPOS="897" HPOS="571"/>
							<String ID="string_234" HPOS="583" VPOS="897" WIDTH="82" HEIGHT="17" WC="0.96" CONTENT="nämnda"/><SP WIDTH="12" VPOS="897" HPOS="665"/>
							<String ID="string_235" HPOS="677" VPOS="896" WIDTH="115" HEIGHT="23" WC="0.96" CONTENT="förordning,"/><SP WIDTH="13" VPOS="896" HPOS="792"/>
							<String ID="string_236" HPOS="805" VPOS="901" WIDTH="38" HEIGHT="11" WC="0.96" CONTENT="som"/><SP WIDTH="13" VPOS="901" HPOS="843"/>
							<String ID="string_237" HPOS="856" VPOS="895" WIDTH="7" HEIGHT="17" WC="0.95" CONTENT="i"/>
						</TextLine>
						<TextLine ID="line_27" HPOS="241" VPOS="925" WIDTH="420" HEIGHT="23">
							<String ID="string_238" HPOS="241" VPOS="926" WIDTH="70" HEIGHT="17" WC="0.92" CONTENT="berördt"/><SP WIDTH="12" VPOS="926" HPOS="311"/>
							<String ID="string_239" HPOS="323" VPOS="925" WIDTH="84" HEIGHT="23" WC="0.96" CONTENT="afseende"/><SP WIDTH="11" VPOS="925" HPOS="407"/>
							<String ID="string_240" HPOS="418" VPOS="925" WIDTH="66" HEIGHT="18" WC="0.96" CONTENT="kunna"/><SP WIDTH="12" VPOS="925" HPOS="484"/>
							<String ID="string_241" HPOS="496" VPOS="931" WIDTH="53" HEIGHT="12" WC="0.96" CONTENT="anses"/><SP WIDTH="9" VPOS="931" HPOS="549"/>
							<String ID="string_242" HPOS="558" VPOS="925" WIDTH="103" HEIGHT="23" WC="0.96" CONTENT="påkallade."/>
						</TextLine>
					</TextBlock>
				</ComposedBlock>
				<ComposedBlock ID="cblock_3" HPOS="173" VPOS="982" WIDTH="343" HEIGHT="23">
					<TextBlock ID="block_4" HPOS="173" VPOS="982" WIDTH="343" HEIGHT="23">
						<TextLine ID="line_28" HPOS="173" VPOS="982" WIDTH="343" HEIGHT="23">
							<String ID="string_243" HPOS="173" VPOS="982" WIDTH="114" HEIGHT="23" WC="0.96" CONTENT="Helsingfors"/><SP WIDTH="14" VPOS="982" HPOS="287"/>
							<String ID="string_244" HPOS="301" VPOS="983" WIDTH="33" HEIGHT="17" WC="0.96" CONTENT="den"/><SP WIDTH="14" VPOS="983" HPOS="334"/>
							<String ID="string_245" HPOS="348" VPOS="984" WIDTH="10" HEIGHT="16" WC="0.96" CONTENT="2"/><SP WIDTH="13" VPOS="984" HPOS="358"/>
							<String ID="string_246" HPOS="371" VPOS="983" WIDTH="81" HEIGHT="17" WC="0.95" CONTENT="februari"/><SP WIDTH="14" VPOS="983" HPOS="452"/>
							<String ID="string_247" HPOS="466" VPOS="984" WIDTH="50" HEIGHT="16" WC="0.96" CONTENT="1897."/>
						</TextLine>
					</TextBlock>
				</ComposedBlock>
				<ComposedBlock ID="cblock_4" HPOS="590" VPOS="1074" WIDTH="202" HEIGHT="28">
					<TextBlock ID="block_5" HPOS="590" VPOS="1074" WIDTH="202" HEIGHT="28">
						<TextLine ID="line_29" HPOS="590" VPOS="1074" WIDTH="202" HEIGHT="28">
							<String ID="string_248" HPOS="590" VPOS="1074" WIDTH="85" HEIGHT="28" WC="0.96" CONTENT="August"/><SP WIDTH="18" VPOS="1074" HPOS="675"/>
							<String ID="string_249" HPOS="693" VPOS="1074" WIDTH="99" HEIGHT="28" WC="0.96" CONTENT="Ramsay."/>
						</TextLine>
					</TextBlock>
				</ComposedBlock>
			</PrintSpace>
		</Page>
	</Layout>
</alto>
