1025 1656
228 124 76 22 Ständ.
320 124 47 22 Pet.
386 138 24 2 —
426 125 155 22 Petitionsbet.
596 125 38 23 N:o
650 125 34 23 79.
825 126 13 19 9

82 190 88 21 kretsar
185 190 169 22 minoritetsval
369 190 42 22 alls
427 191 51 21 icke
493 191 79 21 kunna
586 191 77 29 ifråga
678 191 98 21 komma.
793 190 45 22 En-

83 224 51 22 dast
149 224 8 21 i
172 225 48 20 åtta
244 224 25 22 af
288 224 91 22 landets
402 225 118 29 trettiosju
538 226 76 21 städer
630 226 75 22 skulle
721 226 65 21 dessa
801 225 37 22 val

82 259 80 21 kunna
183 260 123 28 tillämpas.
336 260 84 22 Vidare
443 264 24 17 är
490 262 34 20 att
543 260 79 22 märka
638 261 44 21 den
699 260 140 28 omständig-

83 294 76 28 heten,
182 296 35 19 att
238 294 40 22 vid
300 295 68 21 valen
387 295 37 21 till
439 295 195 28 Borgareståndet
650 295 116 22 användes
782 296 57 20 röst-

82 328 70 28 skala,
177 328 43 22 och
239 330 33 20 att
287 330 283 28 röstsammanräkningen
586 330 97 21 sålunda
699 330 91 22 komme
805 331 34 19 att

83 363 96 29 erbjuda
194 363 143 29 svårigheter
353 364 42 21 och
410 366 54 26 taga
479 364 55 29 lång
548 364 35 22 tid
598 364 9 22 i
622 364 106 30 anspråk.

151 398 147 22 Beträffande
319 398 110 22 valsättet
450 399 37 21 för
501 399 174 22 Bondeståndet
689 400 42 21 har
746 399 93 22 föresla-

82 433 47 28 gits
152 433 48 22 dels
223 435 35 20 att
280 433 38 22 det
333 433 130 22 medelbara
479 434 113 28 valsättet,
606 434 112 29 jämsides
734 434 52 22 med
801 434 39 21 det

83 467 149 29 omedelbara,
249 468 62 29 finge
326 468 93 22 komma
441 469 37 21 till
494 469 155 28 användning,
666 469 49 22 dels
731 471 40 22 att,
787 468 52 22 med

82 502 162 22 bibehållande
260 505 23 19 at
298 503 39 22 det
353 503 129 22 medelbara
497 504 115 25 valsättet,
628 504 88 21 antalet
727 503 113 22 elektorer

82 537 77 22 blefve
175 537 77 23 ökadt.

151 572 83 29 Enligt
256 572 139 22 Ständernas
419 573 61 21 åsikt
501 580 56 15 vore
574 573 121 22 införande
711 573 31 28 af
750 573 89 21 direkta

82 607 38 22 val
140 607 6 21 i
160 607 174 22 Bondeståndet
357 607 19 29 ej
401 609 34 20 att
455 607 98 22 förorda.
584 607 46 22 Det
652 607 119 22 indirekta
792 607 47 21 val-

82 643 71 20 sättet
176 641 106 29 erbjuder
304 641 123 29 onekligen
451 644 71 19 större
538 642 117 28 garantier
669 642 38 21 för
722 643 35 20 att
771 641 68 22 valen

82 676 68 21 träffa
171 676 111 29 lämpliga
303 684 114 21 personer,
441 680 56 18 enär
514 677 66 21 valen
597 677 97 22 omfatta
710 677 52 21 hela
777 676 62 22 dom-

83 718 77 21 sagan,
177 711 43 22 och
236 711 28 22 de
280 712 108 28 väljande
402 711 9 22 i
425 711 80 29 hvarje
520 712 111 21 kommun
646 712 8 21 i
669 712 80 29 regeln
761 711 20 29 ej
793 711 46 21 till-

82 746 99 28 räckligt
203 746 77 21 känna
302 746 28 21 de
352 746 63 21 inom
438 746 29 21 de
483 746 70 21 andra
568 746 167 22 kommunerna
749 746 91 21 bosatta

82 780 383 29 landtdagsmannakandidaterna.
496 781 42 22 Om
549 781 44 22 den
604 781 133 28 föreslagna
746 780 93 29 utvidg-

82 815 88 28 ningen
193 815 26 22 af
237 817 126 20 rösträtten
378 816 9 21 i
401 815 173 22 Bondeståndet
593 816 104 21 kommer
711 816 38 21 till
764 814 75 29 stånd,

82 850 126 22 förefinnes
230 850 37 22 för
289 851 72 28 öfrigt
376 851 74 28 enligt
465 851 141 21 Ständernas
621 851 69 21 tanke
707 851 24 21 så
746 849 93 30 mycket

83 887 73 19 större
178 885 50 21 skäl
250 885 37 21 för
309 885 161 22 bibehållande
486 885 25 21 af
524 885 39 22 det
577 885 132 22 medelbara
724 885 115 21 valsättet.

84 919 76 22 Också
174 919 42 22 har
230 919 40 22 det
284 919 64 22 inom
362 919 174 22 Bondeståndet
552 919 64 29 själft
626 920 84 21 väckta
719 919 121 29 petitions-

82 954 111 29 förslaget
216 954 80 21 endast
317 954 64 22 velat
402 954 70 22 hafva
487 955 44 21 den
546 954 84 21 reform
646 953 144 30 genomförd,
807 955 34 19 att

83 989 155 22 elektorernas
252 989 63 22 antal
331 989 55 22 ökas
401 989 52 22 från
469 997 29 14 en
512 990 30 28 på
557 991 64 26 2,000
635 989 37 22 till
688 997 29 14 en
732 989 30 29 på
779 989 61 28 1,000

82 1031 115 21 personer.
228 1023 130 22 Ständerna
378 1023 69 22 hafva
466 1024 79 21 funnit
560 1024 64 21 detta
638 1024 87 28 förslag
740 1023 101 28 förtjena

82 1058 136 28 beaktande,
235 1059 75 21 såsom
324 1060 58 20 utan
396 1059 85 21 tvifvel
496 1058 86 29 egnadt
596 1060 34 19 att
639 1059 29 28 på
678 1057 162 30 landsbygden

83 1093 59 22 lifva
156 1093 110 22 intresset
279 1093 37 22 för
331 1093 117 22 allmänna
463 1092 199 29 angelägenheter.

152 1231 278 29 Landtdagsordningens
452 1231 173 29 bestämningar
645 1231 9 21 i
671 1232 23 21 11
712 1233 13 25 $
741 1238 36 14 om
793 1229 48 22 val-

83 1267 47 20 rätt
144 1266 9 21 i
167 1266 173 21 Presteståndet
355 1270 38 17 äro
409 1266 52 21 icke
476 1266 55 21 fullt
546 1266 90 29 tydliga
647 1265 43 22 och
700 1265 71 22 hafva
781 1264 60 23 varit

82 1300 96 22 föremål
193 1300 37 22 för
244 1301 64 21 olika
322 1301 109 28 tolkning
446 1301 43 21 och
504 1301 156 28 tillämpning.
691 1300 46 21 Det
751 1300 9 21 i
776 1307 63 21 para-

82 1335 93 28 grafens
193 1337 9 20 1
220 1337 102 20 moment
336 1335 115 28 ingående
467 1335 119 29 uttrycket
601 1353 4 10 ,
608 1335 93 28 stiftets
717 1334 53 22 med
781 1333 59 22 ordi-

82 1370 64 21 narie
167 1370 90 21 embete
280 1370 56 21 eller
358 1369 72 29 tjenst
452 1369 109 22 försedda
583 1370 131 28 prestmän'
734 1369 43 21 har
791 1369 49 20 dels

82 1404 86 21 tolkats
184 1405 30 27 sä,
231 1406 34 19 att
280 1404 81 21 endast
375 1406 118 26 prestmän
508 1404 52 21 med
576 1404 115 21 ordinarie
705 1403 136 29 presttjenst

82 1441 88 18 ansetts
185 1439 56 20 höra
251 1439 37 20 till
298 1439 182 28 presterskapets
491 1439 181 28 valberättigade
683 1438 156 27 medlemmar,
