1034 1653
808 131 25 18 15

114 196 63 21 gram
193 195 48 14 som
258 188 111 21 Savolaks
386 189 75 20 banan
478 189 42 20 och
537 189 51 20 med
605 196 29 13 en
646 188 116 21 beräknad
773 188 92 27 anlägg-

113 224 165 29 ningskostnad
302 224 23 21 af
342 226 118 24 6,224,000
477 225 65 20 mark
559 225 58 20 skall
633 224 89 21 utföras
739 226 59 19 samt
813 223 51 21 med

114 260 76 21 arbete
214 259 108 29 beläggas
346 260 141 21 omedelbart
508 259 59 22 efter
583 260 39 21 det
637 260 73 28 ledigt
727 259 138 22 arbetsbefäl

114 296 45 20 kan
182 295 103 26 erhällas,
309 295 35 22 för
368 295 89 22 hvilket
480 295 107 22 ändamäl
611 303 31 13 nu
665 295 26 21 af
707 295 42 22 Oss
765 294 100 22 anvisats

115 333 116 23 4,000,000
248 331 73 25 mark;
338 333 35 19 att
388 331 188 29 Björneborgska
592 331 75 21 banan
679 331 117 21 fortsättes
807 331 58 20 ända

114 366 58 22 fram
198 366 34 22 till
258 366 267 29 hamnanläggningarna
551 366 39 22 vid
616 367 147 28 Mäntyluoto
795 366 70 28 enligt

115 410 85 13 samma
223 402 104 21 tekniska
350 410 114 20 program,
481 409 49 15 som
547 402 125 29 tillämpats
689 402 39 22 vid
744 402 69 28 sagda
829 401 37 22 ba-

114 446 41 13 nas
171 438 149 28 anläggande,
336 438 36 22 för
388 438 89 22 hvilket
488 438 85 26 arbete,
585 446 49 14 som
645 438 141 22 omedelbart
796 438 69 21 borde

115 474 99 28 vidtaga,
238 482 27 12 ur
288 474 308 21 kommunikationsfondens
619 474 124 28 tillgängar
766 474 99 21 anvisats

117 512 116 24 1,200,000
257 510 73 25 mark;
355 512 58 19 samt
435 512 35 19 att
493 517 29 14 en
540 510 99 28 järnväg
655 509 51 21 frän
722 508 144 29 Helsingfors

116 545 34 21 till
174 545 68 21 Karis
266 546 83 20 station
366 546 54 20 eller
436 553 75 14 annan
527 546 96 28 lämplig
638 546 74 28 punkt
729 545 39 21 vid
784 545 81 28 Hangö

116 581 81 26 banan,
214 581 58 22 dock
288 582 49 21 icke
354 582 107 28 ostligare
478 585 29 18 än
524 582 112 26 Gerknäs,
653 582 58 21 efter
723 588 86 15 samma
819 581 48 21 tek-

116 618 64 20 niska
203 625 113 20 program,
340 625 49 14 som
412 617 115 22 faststälts
550 617 36 22 för
609 618 44 21 den
670 618 72 21 under
758 617 108 28 byggnad

116 653 98 21 varande
238 646 150 28 Äbo—Karis
412 653 82 26 banan,
519 654 42 20 och
585 654 52 20 med
653 661 28 13 en
697 653 116 21 beräknad
829 660 37 14 an-

116 688 220 29 läggningskostnad
359 688 27 22 af
407 691 118 24 6,224,500
549 689 64 21 mark
631 689 57 21 skall
704 688 88 22 utföras
809 692 58 18 samt

116 724 48 22 före
190 725 203 21 nästinstundande
420 725 111 28 landtdag
557 725 51 21 med
636 725 77 21 arbete
745 724 121 28 beläggas;

116 760 127 28 hvarjämte
266 760 36 22 för
325 761 74 21 denna
420 760 155 29 banbyggnad
592 763 117 23 2,000,000
726 760 65 22 mark
807 760 60 21 anvi-

117 798 46 19 sats
179 796 35 21 för
230 796 182 28 finansperioden
430 798 153 20 1898—1900.

187 832 41 21 Uti
252 832 146 21 förenämnda
424 832 120 22 skrifvelse
567 832 70 21 hafva
656 832 28 21 Vi
701 832 109 28 slutligen
825 832 42 20 hos

116 868 64 20 Hans
203 868 130 28 Kejserliga
357 868 109 28 Majestät
484 868 7 21 i
507 868 184 28 underdänighet
715 868 96 21 anhällit
833 870 34 18 att

117 904 83 20 sädana
226 902 149 30 fullständiga
401 904 150 21 ekonomiska
577 904 40 21 och
645 904 66 21 däraf
735 903 132 22 föranledda

116 939 172 21 instrumentala
312 939 197 29 undersökningar
533 941 70 19 mätte
621 939 115 25 anställas,
753 941 34 19 att
802 938 65 22 Stän-

117 975 69 21 derna
208 975 38 21 vid
269 975 189 20 nästkommande
474 975 111 28 landtdag
601 975 72 21 blitva
689 975 96 21 försatta
801 975 7 20 i
824 974 43 21 till-

116 1010 54 21 fälle
194 1013 33 18 att
243 1010 57 21 fatta
316 1010 76 21 beslut
408 1017 36 14 om
463 1010 137 29 Uleäborg—
609 1006 71 37 Vaala
694 1011 99 28 järnväg
809 1012 59 19 samt

116 1045 91 29 Kajana
230 1047 80 20 härads
335 1047 42 20 och
396 1053 66 14 norra
478 1047 119 25 Karelens,
614 1047 117 20 eventuelt
747 1053 66 14 norra
830 1045 37 22 Sa-

115 1081 81 22 volaks
212 1081 117 22 förseende
350 1083 51 20 med
415 1082 131 29 järnvägar,
563 1085 58 18 samt
637 1085 34 18 att
687 1083 79 21 därvid
781 1081 87 29 jämväl

116 1119 71 20 mätte
210 1118 114 21 anskaffas
348 1118 130 28 utredning,
500 1119 113 20 huruvida
629 1118 98 21 utsikter
743 1118 73 21 finnas
833 1117 35 21 till

117 1155 24 19 sä
157 1155 47 19 stor
227 1153 165 22 transitotrafik
408 1154 83 21 mellan
508 1154 116 27 Ryssland
642 1155 41 20 och
700 1154 27 21 de
744 1153 125 22 Skandina-

116 1189 65 21 viska
197 1189 108 22 länderna
320 1190 37 20 via
373 1189 95 26 Torneä,
486 1192 35 19 att
533 1189 106 22 afseende
651 1191 54 20 därä
715 1190 71 21 borde
797 1189 71 21 fästas

116 1225 39 20 vid
178 1225 170 21 bestämmande
372 1225 26 21 af
419 1226 132 27 sträckning
575 1226 42 21 och
641 1226 169 27 byggnadssätt
833 1224 36 21 för

116 1261 98 20 nämnda
228 1260 134 29 järnvägar;
386 1261 118 21 äfvensom
522 1263 35 19 att
572 1261 63 21 Hans
652 1261 131 28 Kejserliga
800 1259 68 28 Maje-

117 1298 45 19 stät
178 1296 7 21 i
200 1297 70 21 nåder
286 1296 61 26 ville,
364 1296 58 22 efter
438 1297 110 28 pröfning
564 1297 6 21 i
587 1297 79 28 hvarje
691 1297 108 21 särskildt
813 1295 55 26 fall,

116 1332 50 21 icke
182 1332 96 21 allenast
294 1339 26 14 ur
336 1333 28 20 de
380 1332 23 21 af
420 1332 129 21 Ständerna
565 1333 35 21 för
616 1333 129 20 ändamälet
761 1331 108 22 anvisade

116 1367 74 22 medel
214 1367 176 23 subventionera
413 1368 90 28 privata
524 1368 200 28 järnvägsföretag
750 1368 7 21 i
784 1367 84 25 landet,

116 1406 56 17 utan
196 1403 41 21 ock
256 1403 133 21 därutöfver
405 1403 27 21 af
445 1404 133 21 statsmedel
595 1403 34 22 för
645 1404 118 21 enahanda
779 1403 90 27 företag

116 1438 86 28 bevilja
220 1439 188 28 amorteringslän
424 1441 30 26 pä
470 1439 153 28 fördelaktiga
639 1439 85 25 vilkor;
742 1439 42 21 och
801 1437 68 22 hafva
