1009 1659
175 115 27 19 16

174 187 35 19 att
225 185 28 21 de
267 186 91 28 påkalla
369 186 152 22 tillsättandet
532 186 26 22 af
566 194 29 14 en
606 186 98 22 särskild
714 185 93 23 komité.
832 186 46 28 Jag
888 185 41 22 vill

174 220 51 22 icke
248 221 55 29 ingå
326 224 29 26 på
379 224 34 20 ett
427 222 138 22 bemötande
582 222 27 21 af
622 222 66 22 dessa
703 222 108 28 punkter,
828 224 54 19 enär
897 229 33 14 re-

174 257 145 22 servationen
335 258 131 28 derigenom
482 258 74 22 skulle
572 258 33 22 bli
621 258 78 22 alltför
715 258 111 28 vidlyftig
842 258 43 21 och
901 258 28 21 de

173 292 174 30 ifrågavarande
371 294 228 22 missförhållandena
623 294 65 22 torde
711 294 80 21 kunna
806 293 122 29 afhjelpas,

175 336 37 14 om
235 328 50 22 ofta
307 330 100 21 nämnda
427 330 136 22 samverkan
579 330 35 21 fås
631 330 36 21 till
683 330 74 21 stånd.
789 329 30 22 Så
836 330 94 28 mycket

174 364 152 29 angelägnare
349 368 24 19 är
397 366 38 21 det
455 368 34 19 att
509 374 28 13 en
556 366 86 22 komité
661 365 26 22 af
702 365 144 29 sakkunniga
864 365 65 21 verk-

175 400 62 28 ligen
260 400 44 22 blir
327 401 91 21 nedsatt
441 401 36 22 för
493 404 34 19 att
543 401 85 22 föreslå
643 402 86 28 nödiga
745 401 107 29 åtgörder
867 400 8 22 i
891 402 38 21 det

175 435 61 29 syfte
257 438 35 20 att
307 444 28 14 en
351 437 136 22 samverkan
502 437 27 21 af
542 445 62 14 mera
619 437 83 22 nämda
718 436 50 29 slag
784 436 84 22 mellan
884 436 44 22 Re-

175 472 110 28 geringen
308 472 43 22 och
373 472 89 22 lärarne
481 475 30 27 på
527 473 144 29 lämpligaste
688 474 46 20 sätt
750 472 35 22 fås
802 472 36 21 till
854 472 74 25 stånd,

175 507 42 21 och
234 514 49 15 som
299 508 39 21 det
354 511 24 18 är
394 508 26 22 af
432 508 51 22 vikt
499 510 34 20 att
549 508 124 29 opinionen
688 508 63 22 inom
767 508 108 21 lärdoms-
886 508 43 21 och

175 542 237 23 fruntimmerskolans
428 544 115 22 lärarekår
559 544 70 22 redan
644 544 8 21 i
668 544 75 21 denna
757 542 84 23 kemité
852 542 76 22 blefve

175 580 181 27 representerad,
380 587 54 14 vore
458 580 39 21 det
521 580 102 28 önskligt
639 582 34 20 att
689 580 87 21 lärarne
792 579 40 22 vid
847 579 82 21 nämda

175 614 77 22 skolor
263 614 60 30 finge
334 617 51 19 utse
395 617 72 27 några
476 618 184 26 representanter
671 615 36 22 till
718 616 138 24 densamma,
865 616 63 20 utom

175 650 59 27 dem,
251 658 49 14 som
316 653 63 19 utses
395 651 26 21 af
433 651 142 29 regeringen.

251 686 54 22 Som
321 687 127 21 emellertid
464 688 63 20 detta
543 687 94 29 förslag,
654 689 34 19 att
704 686 88 22 lärarne
808 686 74 22 skulle
894 686 34 21 til-

175 721 58 22 låtas
249 724 51 20 utse
323 730 29 15 en
373 723 36 21 del
433 723 27 21 af
478 723 178 21 medlemmarna
672 723 7 21 i
695 723 45 21 den
755 722 173 28 ifrågavarande

174 757 104 22 komitén
293 758 62 22 inom
370 758 121 22 Utskottet
508 760 57 20 stött
581 760 30 27 på
627 758 106 22 motsånd
744 760 74 19 såsom
829 757 99 22 varande

174 793 129 29 någonting
325 794 78 22 alltför
427 794 104 29 ovanligt
552 795 41 21 och
618 796 61 26 nytt,
695 794 42 20 har
750 793 42 29 jag
807 793 51 21 icke
873 793 7 21 i
896 800 32 14 re-

175 829 155 22 servationens
354 829 85 22 klämm
459 830 109 29 upptagit
591 830 132 22 detsamma.
755 829 12 21 I
790 829 77 21 stället
887 829 41 21 har

172 864 43 29 jag
223 867 76 19 ansett
307 866 50 21 skäl
365 865 123 23 förefinnas
497 866 36 22 till
543 874 28 14 en
579 865 139 29 utvidgning
726 865 27 21 af
757 865 115 21 klämmen
880 864 48 22 der-

174 900 53 26 hän,
253 902 35 20 att
311 902 138 21 samarbetet
472 901 68 22 äfven
565 902 74 21 skulle
667 900 96 22 omfatta
789 900 137 22 folkskolan.

174 935 54 22 Men
244 939 54 19 enär
313 937 40 21 det
368 936 117 23 befunnits
501 940 35 19 att
551 938 148 28 Regeringen
715 936 115 28 svårligen
840 936 46 21 kan
896 936 32 21 di-

173 972 53 20 rekt
240 972 65 21 träda
321 973 7 21 i
345 973 134 21 samverkan
495 973 52 21 med
563 973 80 29 hvarje
659 972 183 25 folkskollärare,
857 973 71 27 vågar

171 1006 42 30 jag
233 1007 84 23 föreslå
334 1008 39 22 det
388 1009 71 21 saken
475 1009 111 22 ordnades
603 1011 25 19 så
644 1011 35 19 att
694 1007 147 29 Regeringen
856 1009 71 19 måtte

174 1044 158 21 åstadkomma
355 1045 160 21 sammverkan
537 1045 53 21 med
605 1044 170 22 folkskolornas
792 1043 136 21 distriktsin-

173 1079 120 28 spektorer
309 1080 42 21 och
367 1080 172 22 seminariernas
555 1081 146 21 lärarekårer.

245 1114 54 22 Med
322 1115 52 22 stöd
395 1115 26 22 af
435 1116 41 21 allt
492 1116 39 21 det
547 1115 96 22 anförda
658 1117 71 27 vågar
741 1114 44 29 jag
800 1114 84 22 föreslå
899 1121 29 14 en

173 1150 143 29 underdånig
331 1150 97 29 petition
444 1152 8 20 i
468 1151 81 21 sådant
565 1150 62 29 syfte

461 1225 32 20 att
514 1230 26 15 en
562 1223 85 27 komité,
672 1223 33 22 till
727 1222 86 22 hvilken
839 1222 89 27 erfarne

389 1259 102 22 skolmän
513 1260 69 21 skulle
604 1260 103 26 inkallas,
729 1258 68 22 måtte
815 1258 113 22 nedsättas

387 1295 39 27 för
449 1296 33 21 att
496 1297 104 25 uppgöra
613 1295 88 27 förslag
717 1295 77 21 derom
809 1294 73 22 hvilka
897 1293 31 22 åt-

387 1331 86 27 gärder
488 1337 48 16 som
553 1331 66 21 borde
639 1331 103 27 vidtagas
757 1330 39 27 för
808 1331 32 20 att
854 1328 74 23 åstad-

390 1366 89 22 komma
494 1372 27 16 en
531 1367 70 21 bättre
611 1366 135 22 samverkan
755 1366 81 21 mellan
846 1360 82 56 Styret

388 1407 39 16 sen
442 1402 38 22 och
496 1402 88 26 skolan;
599 1403 60 20 samt
