1023 1656
100 114 52 23 vilja
161 114 74 19 utsedt
244 113 154 24 representant
408 113 58 20 eller:
472 113 184 24 representanter.
675 113 42 19 För
727 113 33 18 att
769 114 83 19 nämna

100 140 100 25 exempel
221 140 78 20 endast
313 139 49 20 från
377 140 26 19 de
420 140 88 19 senaste
524 139 274 30 landtdagsmannavalen,
813 139 38 18 har

100 167 140 20 minoriteten
262 167 65 20 bland
349 167 137 23 valmännen
506 167 81 24 afgjort
605 167 76 19 valens
696 165 83 25 utgång
793 166 7 19 i
814 165 37 20 föl-

99 194 64 24 jande
174 194 79 24 städer,
269 194 123 24 nämligen:

141 247 7 19 i
162 246 110 21 Nådendal
302 263 3 3 .
335 263 3 3 .
369 263 3 3 .
402 263 4 3 .
450 248 23 18 17
529 247 104 19 röstande
648 247 60 19 emot
735 247 27 19 40

143 289 9 9 »
163 274 120 19 Brahastad
302 289 3 4 .
336 289 3 4 .
370 289 3 4 .
403 289 4 4 .
451 275 23 18 19
577 289 8 9 »”
672 270 12 32 ja
737 274 25 19 73

144 316 7 9 v
163 301 84 24 Nystad
270 316 2 4 «
302 316 3 3 .
336 316 3 3 «
370 316 3 4 .«
403 316 4 3 .«
450 301 24 19 27
577 316 8 8 är
676 315 8 9 N
737 301 26 18 35

144 343 8 8 »
163 327 72 20 Kotka
269 343 3 4 .
302 343 4 4 .
336 343 3 4 .
403 343 4 4 «+
449 328 25 19 43
577 343 8 8 i
676 342 8 9 äi
736 327 27 20 60

143 370 8 8 »
164 355 136 19 Tavastehus
337 370 3 3 .
371 370 3 3 .
403 370 4 3 .
452 355 24 18 72
579 369 8 9 »”
678 369 8 9 »
727 354 38 19 184

143 397 8 8 »
164 381 132 24 Björneborg
335 397 2 3 .
370 397 4 3 .
404 397 3 3 .
438 381 37 20 188
491 381 54 22 (129)
578 396 8 9 ,
677 396 8 9 »
724 381 38 19 381
778 381 54 22 (258)

144 423 8 9 »
166 408 78 24 Viborg
268 423 3 4 .
302 423 4 4 .
336 423 3 4 .
369 423 4 4 .
404 423 3 4 .
437 408 39 19 250
578 423 8 9 =
677 423 8 8 »
723 408 40 19 483

172 462 40 19 Vid
237 462 104 24 samtliga
361 462 90 19 senaste
468 462 159 23 landtdagarna
642 462 39 19 har
700 462 32 19 uti
751 461 99 24 Borgare-

101 487 88 21 ständet
203 489 66 19 suttit
283 489 46 24 och,
346 487 27 26 pä
387 489 46 19 sätt
448 489 65 19 redan
529 489 122 24 anmärkts,
667 489 53 19 sitta
735 489 65 19 äfven
816 488 34 20 vid

101 515 71 20 denna
193 515 104 24 landtdag
315 516 183 24 representanter,
520 515 75 20 hvilka
618 515 71 20 blifvit
711 515 63 20 valda
788 515 22 20 af
824 520 27 16 en

101 543 112 19 minoritet
228 543 64 18 bland
308 542 138 20 stadsborna.
474 542 39 19 Uti
523 541 48 20 värt
582 542 50 19 land
643 543 108 18 existerar
760 541 92 20 sälunda

102 570 32 18 ett
154 568 199 25 missförhällande,
375 575 48 14 som
446 569 101 20 öfverallt
568 569 145 19 annorstädes
733 571 23 17 är
771 569 81 20 okändt

102 597 40 18 och
164 601 47 14 som
231 596 100 19 beröfvar
346 595 184 25 Borgareständet
545 596 130 19 karaktären
691 596 23 19 af
727 601 27 14 en
769 596 83 24 verklig

102 623 226 24 folkrepresentation,
355 623 88 19 hvilken
468 623 32 19 ett
521 623 157 19 utsträckande
700 623 23 19 af
743 623 108 19 valrätten

103 655 50 14 vore
175 650 69 24 egnad
266 650 33 19 att
321 650 84 19 skänka
428 650 130 19 detsamma.
594 650 41 19 Det
655 652 23 17 är
693 650 111 24 naturligt,
819 650 33 19 att

102 677 26 18 de
147 677 84 19 mindre
253 677 126 19 bemedlade
394 676 71 20 mäste
480 677 89 23 intagas
584 677 23 18 af
621 677 110 24 bitterhet,
747 676 26 20 dä
788 677 25 18 de
828 681 24 15 se

102 704 40 23 att,
157 704 54 19 huru
226 703 67 24 lifligt
314 704 40 19 och
374 703 106 24 enhälligt
499 704 63 19 deras
581 703 130 24 deltagande
729 704 6 19 i
752 703 58 20 valet
824 705 27 18 än

102 730 37 20 mä
153 736 58 17 vara,
226 730 75 20 hvilka
322 731 78 19 aktade
420 732 40 18 och
475 730 136 24 insigtsfulla
625 730 142 24 medborgare
782 731 26 19 de
822 732 28 18 än

103 758 108 23 uppställa
231 756 74 21 såsom
325 758 48 19 sina
392 758 134 24 kandidater,
541 762 78 19 segern
634 758 67 18 likväl
716 758 96 19 tillfaller
826 757 25 19 de

102 783 121 25 fätaligare,
238 789 50 15 men
304 784 138 24 förmögnare
457 784 186 20 motständarene.

174 811 9 19 I
205 811 51 24 följd
278 811 23 19 af
319 812 64 18 dessa
405 812 188 23 omständigheter
613 811 142 20 framstäldes
772 811 24 19 af
808 816 44 19 per-

103 843 70 18 soner,
189 843 47 14 som
252 838 96 19 önskade
363 838 131 24 förbättring
509 838 33 20 uti
552 837 165 25 ifrägavarande
728 838 124 24 afseenden,

103 864 35 20 vid
160 865 52 19 1894
231 864 35 20 års
285 865 104 23 landtdag
404 865 108 19 särskilda
526 865 195 25 petitionsförslag,
736 864 116 25 äsyftande

103 896 26 14 en
141 892 159 23 inskränkning
315 892 23 19 af
351 892 177 19 röstmaximum.
557 892 157 24 Ridderskapet
729 892 39 19 och
784 891 67 20 Adeln

103 919 59 18 samt
176 918 138 24 pluraliteten
333 918 3 19 i
351 918 184 24 Borgareständet
549 919 107 19 motsatte
671 919 34 23 sig
720 918 66 20 likväl
801 918 51 24 peti-

104 945 169 24 tionsförslagen
293 946 39 19 och
348 944 77 25 frågan
439 946 74 19 förföll
527 944 86 21 således
627 946 65 19 äfven
707 946 72 19 denna
789 944 63 25 gång.

104 972 97 19 Derefter
222 972 66 19 hafva
309 972 238 20 reformsträfvandena
566 971 47 21 åter
634 972 48 20 haft
702 972 34 20 till
755 972 39 20 sitt
808 971 44 20 mål

104 998 91 24 ändring
214 999 23 19 af
257 999 25 19 de
302 999 71 19 skilda
391 999 85 19 städers
491 999 155 24 valordningar
661 1000 6 18 i
682 999 106 19 frisinnad
803 999 50 19 rikt-

103 1026 59 23 ning.
197 1025 57 20 Enär
273 1026 120 19 emellertid
415 1026 119 20 understöd
554 1026 47 24 just
623 1026 22 19 af
665 1026 56 24 dem,
744 1031 48 15 som
812 1030 40 20 ega

103 1053 32 18 ett
149 1052 70 20 flertal
233 1053 77 24 röster,
321 1054 57 18 varit
388 1053 23 19 af
420 1053 71 19 nöden
501 1053 34 19 för
545 1053 122 19 reformens
677 1052 175 25 genomförande,

102 1078 66 20 hafva
183 1080 231 24 ansträngningarna
404 1074 14 35 i
430 1080 78 24 antydt
523 1080 58 23 syfte
597 1080 6 18 i
619 1080 32 19 ett
661 1079 54 20 fåtal
725 1080 39 19 fall
776 1080 76 18 krönts

102 1106 50 18 med
166 1105 116 25 framgång
301 1107 40 19 och
359 1106 202 20 missförhållandet
577 1106 106 20 existerar
698 1106 134 20 fortfarande
846 1106 6 19 i

103 1132 49 20 hela
166 1132 51 20 dess
232 1133 49 19 vidd
296 1133 32 19 uti
343 1134 26 18 de
384 1133 64 19 flesta
463 1134 79 19 städer.

174 1159 124 20 Emellertid
323 1160 88 24 bidraga
435 1160 63 19 äfven
522 1160 67 19 andra
614 1160 187 24 omständigheter
820 1160 34 19 till

103 1186 146 24 ställningens
273 1186 157 24 betänklighet.
465 1187 74 19 Redan
563 1187 35 19 vid
621 1187 51 19 1885
693 1186 36 21 års
751 1186 103 24 landtdag

102 1212 121 20 förfäktade
234 1213 25 19 de
269 1213 100 24 ifrigaste
379 1212 182 21 motständarene
571 1214 48 19 mot
628 1214 225 24 röstbegränsningen

103 1239 41 19 den
164 1238 64 26 äsigt,
248 1240 33 19 att
299 1240 246 25 landtdagsordningen,
565 1241 44 19 rätt
624 1240 121 24 uppfattad,
761 1240 93 20 bestäm-

102 1270 47 15 mer
170 1271 27 14 en
217 1266 134 24 obegränsad
367 1267 110 19 röstskala
491 1268 34 18 för
540 1268 103 18 städerna
658 1268 40 19 och
713 1268 34 18 att
761 1266 93 20 sälunda

102 1293 128 23 regeringen
249 1293 87 19 förfarit
355 1294 97 24 oriktigt,
471 1293 27 20 dä
513 1294 131 19 densamma
658 1294 100 20 faststält
772 1294 81 19 valord-

103 1319 84 25 ningar,
211 1325 48 16 som
285 1320 129 20 inskränkte
441 1321 138 19 röstantalet.
615 1320 94 20 Oaktadt
735 1321 26 19 de
786 1320 67 25 bevis,

104 1346 103 19 hvarmed
229 1347 68 24 sagda
316 1347 141 24 uppfattning
477 1348 66 19 redan
564 1346 27 21 dä
606 1348 132 24 vederlades,
753 1348 39 19 har
806 1347 48 20 den-
