1023 1653
277 119 274 22 Petitionsbetänkande
567 119 45 23 N:o
627 119 39 23 42.

381 488 179 27 Lagutskottets
586 488 78 22 andra
689 488 93 28 förslag
806 488 42 22 till

310 524 239 27 sammanjemkning
576 524 28 22 af
627 524 116 22 ståndens
769 524 78 22 delvis

310 559 143 29 skiljaktiga
467 560 82 21 beslut
565 560 43 21 vid
625 560 182 27 behandlingen
822 559 28 22 af

309 594 133 23 Utskottets
465 595 156 22 betänkande
644 595 44 23 N:o
708 596 14 21 8
738 596 10 21 i
763 595 83 22 anled-

310 631 62 27 ning
387 631 28 22 af
427 632 35 21 ett
477 632 68 22 inom
561 631 205 28 Borgareståndet
776 631 72 22 väckt

309 667 212 28 petitionsförslag
536 668 126 26 angående
679 667 127 23 ordnande
822 666 28 23 af

306 703 120 27 judarnes
449 703 9 21 i
482 703 81 22 landet
586 704 112 26 rättsliga
719 703 127 27 ställning.

167 776 43 19 Vid
232 776 197 25 handläggningen
452 776 25 20 af
497 776 121 20 Utskottets
642 776 68 20 första
736 782 110 14 samman-

92 812 214 25 jemkningsförslag
320 812 67 20 hafva
403 812 162 26 Ridderskapet
581 812 38 21 och
635 812 71 21 Adeln
722 814 58 18 samt
791 812 54 20 Bor-

94 846 142 27 gareständet
260 848 98 25 godkänt
372 847 111 26 förslaget,
501 848 118 20 hvaremot
634 848 81 21 Preste-
731 848 41 19 och
789 847 57 21 Bon-

96 882 120 22 deständen
240 883 107 20 förkastat
370 883 128 20 detsamma.
531 884 34 19 Då
582 884 121 20 emellertid
719 884 36 19 vid
770 884 75 19 betän-

95 918 94 21 kandets
213 919 92 25 tidigare
328 919 136 25 behandling
479 921 33 18 tre
528 919 65 20 stånd
608 920 80 19 uttalat
704 920 33 24 sig
752 919 34 19 för
800 919 46 19 vid-

95 954 96 26 tagande
216 954 24 20 af
256 955 78 25 åtgärd
350 955 6 19 i
372 954 84 26 frågan,
474 955 76 20 dervid
566 957 31 18 ett
612 956 64 19 stånd
692 955 103 20 omfattat
809 955 36 19 be-

95 991 128 22 tänkandet,
241 991 41 19 och
297 992 39 18 två
351 990 64 21 stånd
431 991 80 20 önskat
527 991 138 20 tilldelandet
680 991 25 19 af
718 991 69 20 större
803 991 43 19 rät-

94 1027 96 25 tigheter
213 1028 23 18 åt
256 1026 94 25 judarne
374 1027 29 18 än
424 1027 31 18 uti
473 1027 126 20 detsamma
614 1026 130 25 föreslagits,
760 1026 35 19 får
809 1026 36 20 Ut-

95 1063 81 19 skottet
191 1062 113 20 vördsamt
318 1062 81 20 föreslå

380 1135 31 19 att
434 1133 128 22 Ständerna
585 1134 49 21 ville
654 1134 80 26 förena
757 1134 34 25 sig
810 1139 36 15 om

309 1175 27 15 cn
358 1169 142 27 underdånig
513 1170 94 26 petition
622 1170 8 20 i
646 1169 34 22 det
695 1169 57 27 syfte
767 1169 78 21 utskot-

309 1206 39 20 tets
370 1206 164 26 ursprungliga
558 1205 134 22 betänkande
718 1204 127 23 innehåller.

164 1276 138 26 Helsingfors
318 1277 43 20 den
378 1278 25 18 29
420 1277 45 24 Maj
485 1279 63 18 1897.
