1042 1653
316 128 239 23 Petitionsbetänkande
571 129 38 22 N:o
625 128 30 23 61.
824 128 12 20 3

114 193 40 21 och
170 193 98 21 Peräntie
283 193 99 27 lägenhet
397 194 7 21 i
420 193 149 23 Nedertorneå
585 193 80 21 socken
677 193 8 21 i
695 192 120 28 Uleåborgs
825 192 41 22 län.

115 230 12 20 1
151 229 123 21 November
296 230 56 20 1897
376 230 80 21 funnos
478 230 37 20 vid
537 229 62 22 dessa
620 229 73 21 skolor
713 228 154 28 sammanlagdt

116 266 27 20 78
159 265 76 21 elever.

186 297 70 25 Äfven
280 300 26 22 de
329 301 263 27 kreatursskötareskolor,
615 307 47 15 som
678 300 69 22 skulle
762 300 105 27 förläggas

115 336 31 21 till
162 336 202 28 ofvanuppräknade
381 336 198 28 kronolägenheter,
594 336 64 21 hafva
668 335 81 28 begynt
761 335 34 22 sin
805 335 62 21 verk-

116 372 81 21 samhet
212 371 42 22 den
271 372 11 21 1
299 371 123 22 November
438 372 64 27 1896,
517 371 50 22 med
583 372 110 27 undantag
712 371 55 22 dock
783 371 21 21 af
819 371 48 21 sko-

115 407 61 22 lorna
199 407 12 21 å
233 407 107 22 Koivikko
364 407 41 22 och
428 407 123 28 Korsholm,
573 407 32 21 till
621 407 72 21 hvilka
708 407 51 28 inga
774 406 93 22 sökande

116 443 80 21 anmält
210 443 38 28 sig.

187 479 87 21 Antalet
289 479 73 21 skolor
377 485 47 15 som
440 479 87 28 nyligen
543 480 91 27 öppnats
650 479 51 21 eller
712 480 59 20 snart
782 479 84 20 komma

116 516 31 20 att
162 517 79 26 öppnas
265 516 23 20 är
303 515 90 21 sålunda
408 515 117 28 ingalunda
541 515 50 21 litet.
622 514 43 22 Det
680 515 42 20 kan
738 514 65 21 också
818 514 49 21 med

116 551 46 21 skäl
177 553 61 26 sägas
261 552 30 19 att
306 550 236 28 landthushållningens
558 550 65 22 behof
638 551 6 20 i
661 557 30 14 nu
707 550 160 28 ifrågavarande

117 587 99 21 afseende
231 586 70 21 blifvit
320 586 142 28 tillgodosedt,
478 587 40 20 och
534 587 23 20 är
573 586 36 21 det
626 587 31 20 att
678 586 87 28 hoppas,
781 587 30 20 att
825 592 44 21 nya

117 622 72 21 skolor
210 622 113 21 framdeles
346 622 60 21 skola
429 622 88 21 inrättas
539 623 7 20 i
570 622 41 21 den
627 621 50 22 mån
693 622 175 21 elevfrekvensen

117 658 40 21 och
176 658 78 21 antalet
273 658 188 21 inträdessökande
477 658 69 20 härtill
566 664 37 21 ger
619 658 113 28 tillräcklig
747 657 120 27 anledning.

118 694 63 22 Hvad
197 694 26 21 de
238 695 83 20 senaste
332 693 51 22 åren
396 694 139 28 vidkommer,
551 694 39 21 har
605 694 112 21 skolornas
733 693 56 21 antal
801 693 68 21 under

118 730 70 21 denna
203 730 30 21 tid
249 730 55 20 varit
318 729 103 28 följande:

296 759 67 28 Lägre
378 758 189 29 jordbruksskolor
683 759 185 22 Kreaturskötare-

737 789 73 21 skolor

331 818 36 15 med
376 817 52 19 2-årig
437 818 45 15 kurs.
504 813 10 28 —
520 818 37 15 med
567 818 52 19 1-årig
627 818 45 15 kurs.

120 844 56 20 1893
184 843 82 21 —1894
401 843 28 21 14
583 844 13 20 0
781 844 13 20 2

119 879 146 21 1894—1895
403 879 27 21 14
584 879 13 21 0
781 879 13 20 2

119 915 146 21 1895—1896
402 915 28 21 14
585 916 12 20 1
781 915 13 20 2

119 951 145 21 1896—1897
400 950 27 21 16
585 951 12 20 1
767 950 27 21 16

120 987 86 20 1897—
403 987 27 20 18
584 987 13 20 2
767 986 28 21 18

189 1021 64 22 Hvad
270 1021 101 22 beträffar
393 1028 31 14 nu
444 1021 160 29 ifrägavarande
627 1021 185 28 petitionsförslag,
831 1021 38 21 har

118 1057 36 22 det
168 1057 69 22 under
252 1064 63 15 mom.
332 1058 12 20 1
362 1057 114 22 omnämda
498 1058 47 21 icke
559 1057 81 22 -behöft
656 1057 21 21 af
693 1057 102 22 utskottet
811 1058 59 27 tagas

117 1093 7 21 i
152 1093 162 28 öfvervägande,
339 1095 52 20 enär
417 1093 244 28 Landtbruksstyrelsen
683 1093 66 21 redan
776 1093 6 20 i
808 1093 62 22 skrif-

117 1129 63 28 velse;
195 1129 33 21 för
247 1129 42 21 den
308 1129 27 21 30
352 1129 96 21 sistlidne
464 1129 90 21 Januari
570 1129 103 21 anmodat
689 1125 62 25 Östra
766 1129 103 21 Karelens

117 1164 223 29 landtbrukssällskap,
361 1166 31 20 att
413 1166 47 20 utse
478 1165 54 28 plats
557 1165 32 21 för
604 1172 27 14 en
646 1165 177 28 jordbruksskola
838 1164 33 22 för

118 1202 60 20 orten
194 1202 54 20 samt
262 1201 78 27 jämväl
356 1200 78 28 nödiga
450 1201 70 21 medel
540 1201 33 21 för
588 1201 77 21 skolan
680 1202 134 21 reserverats.

189 1236 53 21 Lika
264 1236 100 28 pätagligt
387 1238 30 26 är,
434 1238 30 19 att
480 1236 123 22 Ständenas
619 1237 130 21 medvärkan
764 1236 48 22 icke
827 1236 43 22 hel-

118 1272 32 21 ler
167 1272 101 22 behöfves
290 1272 33 21 för
345 1272 172 28 förverkligande
533 1272 21 21 af
569 1272 27 22 de
611 1273 8 21 i
635 1273 26 21 de
677 1273 68 28 öfriga
760 1272 111 28 petitions-

118 1307 106 28 förslagen
239 1308 93 21 uttalade
348 1308 194 28 önskningsmälen.
563 1308 42 21 Det
619 1308 61 21 torde
691 1308 34 21 väl
735 1308 48 21 icke
796 1308 74 20 kunna

117 1343 137 28 ifrågasättas,
270 1345 30 19 att
318 1343 63 22 äfven
397 1344 71 21 Norra
484 1340 135 25 Österbotten
635 1343 50 22 med
700 1344 49 21 dess
763 1343 107 28 jemförel-

111 1379 63 23 .sevis
193 1379 130 28 lägtstäende
341 1379 108 28 jordbruk
470 1380 118 27 förtjenade
611 1381 32 20 att
661 1380 8 20 i
688 1379 59 28 fråga
763 1386 35 14 om
813 1379 58 27 jord-

118 1414 139 22 bruksskolor
278 1415 87 21 komma
386 1415 7 21 i
414 1415 124 28 ätnjutande
563 1416 21 21 af
599 1422 82 15 samma
696 1415 113 27 förmäner,
824 1421 47 14 som

189 1455 207 20 Ekonomiutskottets
411 1456 127 19 betänkande
551 1455 38 20 N:o
603 1458 30 17 26.
