1020 1653
321 174 297 28 Petitionsmemorial.

160 239 117 37 Bondest.
673 244 42 23 N:o
730 244 50 22 115.

628 437 152 35 (Öfversättning).

255 503 47 20 Till
321 504 154 20 Hedervärda
496 504 189 20 Bondeständet.

161 568 38 19 Att
222 568 7 19 i
249 566 51 21 vära
321 566 255 21 landsortsförhällanden
597 568 33 19 för
647 567 132 20 närvarande
794 567 56 20 före-

90 596 70 20 finnas
176 595 206 25 missförhällanden,
395 595 73 21 hvilka
481 595 95 21 försvära
585 596 140 26 jordegarens
738 596 41 20 och
790 596 59 26 isyn-

91 624 74 21 nerhet
180 625 175 20 innehafvarenes
370 625 23 19 af
407 624 46 20 små
465 625 125 26 lägenheter
604 625 30 23 lif,
650 625 59 20 torde
722 625 64 20 redan
799 631 51 13 vara

90 655 33 18 ett
137 654 134 25 obestridligt
286 654 86 19 faktum.
397 654 36 19 Ett
447 654 65 19 bland
527 654 26 19 do
569 652 95 21 sväraste
679 654 22 19 af
713 654 63 19 dessa
784 654 65 19 miss-

91 681 148 21 förhällanden
261 683 24 19 är
301 684 51 18 utan
366 682 73 20 tvifvel
455 682 41 20 den
511 682 47 20 lösa
573 682 162 27 befolkningens
751 682 99 26 ständiga

91 711 89 20 tillväxt.
211 711 67 20 Häraf
297 711 61 26 följer
380 711 53 20 först
455 711 41 20 och
519 711 81 24 främst,
623 713 31 18 att
675 710 38 21 vär
727 711 123 26 landsbygd

91 739 83 26 nödgas
197 741 108 25 uppfostra
328 739 40 21 och
391 740 56 19 ända
468 740 33 20 till
524 740 61 19 deras
608 740 62 20 bästa
685 739 59 21 älder
759 739 91 26 uppföda

91 774 107 20 personer,
215 775 46 14 som
277 769 67 26 aldrig
359 768 22 21 ät
394 769 149 26 landsbygden
554 768 110 27 ätergälda
674 769 33 20 sin
720 769 130 26 uppfostran,

92 798 58 22 utan,
172 797 79 20 komna
273 797 31 20 till
326 798 102 19 arbetsför
450 797 65 24 älder,
530 798 103 19 utvandra
647 797 33 20 till
696 798 99 19 städerna
810 797 41 20 och

92 825 133 21 främmande
247 827 78 19 länder.
355 827 32 19 En
410 833 70 13 annan
502 827 53 26 följd
578 827 60 20 däraf
657 827 29 23 är,
702 827 31 19 att
748 827 42 19 den
804 825 47 21 lösa

93 854 130 27 befolkning,
245 861 46 14 som
306 855 139 20 kvarstannar
460 855 13 20 å
487 855 116 24 hemorten,
619 856 44 19 ofta
677 855 41 20 blir
732 855 32 20 för
779 855 72 26 fattig-

93 881 79 22 värden
192 890 27 13 en
240 887 52 22 tung
307 885 71 22 börda,
394 891 46 13 som
455 884 129 21 hämmande
598 884 99 20 invärkar
712 883 26 27 pä
754 884 96 19 kommu-

93 917 78 14 nernas
193 912 204 21 framätsträfvande.
427 913 32 20 En
477 914 68 25 tredje
560 913 52 26 följd
628 913 22 20 af
663 913 70 20 denna
748 913 41 19 den
805 912 47 20 lösa

93 940 163 27 befolkningens
279 942 81 19 tillväxt
382 943 23 19 är
428 943 29 18 ett
483 941 27 28 pä
532 941 78 27 mänga
634 943 55 19 orter
704 941 34 26 sig
752 941 100 27 yppande

92 969 134 20 sedefördärf
238 970 41 20 och
293 971 125 19 omoraliskt
427 971 29 19 lif.

163 997 40 20 Om
218 999 70 19 denna
303 999 47 20 lösa
360 999 129 26 befolkning,
502 999 67 20 sedan
581 999 42 20 den
635 999 90 20 kommit
734 998 32 20 till
775 1004 77 20 mogen

93 1023 59 22 ålder
172 1027 41 20 och
235 1027 69 20 blifvit
326 1028 108 23 arbetsför,
456 1028 72 19 kunde
550 1027 32 20 fås
598 1034 44 13 mer
657 1027 71 20 fästad
743 1027 36 20 vid
791 1027 61 26 jord-

93 1053 75 21 bruket
190 1056 137 20 öfrerhufvud
349 1058 56 18 samt
427 1055 79 22 förmås
522 1057 31 19 att
567 1057 49 20 odla
631 1057 26 19 de
672 1057 7 19 i
694 1057 82 19 statens
792 1055 60 26 värjo

93 1083 57 20 ännu
172 1083 24 20 sä
211 1085 73 26 rikligt
298 1085 109 26 befintliga
422 1085 159 24 ödemarkerna,
597 1085 69 20 skulle
681 1085 41 20 den
736 1085 49 19 icke
800 1084 52 20 alle-

93 1113 50 18 nast
165 1113 52 25 själf
237 1114 64 20 blifva
322 1114 88 27 lycklig,
433 1116 52 18 utan
508 1115 62 20 äfven
592 1115 60 19 snart
674 1114 71 26 nyttig
768 1113 32 20 för
815 1113 37 20 sitt

92 1140 117 21 fosterland
231 1143 41 20 och
294 1143 33 20 sin
348 1143 114 27 hembygd,
484 1143 41 20 den
541 1143 69 20 skulle
625 1142 111 27 återgälda
751 1142 33 20 sin
800 1148 52 20 upp-

93 1169 82 20 fostran
196 1171 41 20 och
263 1171 36 20 sitt
321 1172 111 26 uppehälle
454 1173 57 18 samt
531 1171 73 27 hjälpa
618 1171 73 26 gamla
705 1171 101 20 hemman
822 1172 30 18 att

93 1197 52 20 bära
167 1198 41 21 den
231 1201 94 25 ständigt
345 1201 95 20 växande
458 1201 142 23 skattebörda,
617 1207 46 14 som
679 1206 26 14 en
720 1206 30 20 ny
765 1199 31 20 tid
812 1199 40 20 och

93 1232 44 20 nya
152 1228 136 21 sträfvanden
304 1229 79 20 kräfva.

163 1255 35 21 Uti
221 1256 51 21 våra
293 1258 7 19 i
323 1259 81 19 statens
426 1258 61 26 värjo
504 1258 110 26 befintliga
628 1257 132 20 vidsträckta
774 1256 78 20 krono-

93 1283 80 26 skogar
195 1285 40 20 har
249 1287 150 26 bosättningen
414 1287 67 20 under
493 1287 26 20 de
535 1288 85 19 senaste
635 1285 125 21 årtiondena
774 1285 78 26 försig-

92 1311 48 26 gått
154 1313 180 28 hufvudsakligen
349 1322 78 19 genom
442 1316 35 19 det
493 1322 18 13 s.
526 1316 21 20 k.
558 1315 293 25 kronoskogstorpsystemet.

93 1340 49 20 Men
157 1342 7 18 i
180 1342 41 20 den
236 1344 60 23 form,
312 1344 30 19 uti
357 1344 86 20 hvilken
459 1344 59 20 detta
533 1346 82 24 system
630 1343 77 20 hittills
722 1343 81 22 värkat,
814 1342 38 19 har

92 1369 120 22 detsamma
228 1372 19 26 ej
261 1372 10 28 i
286 1372 114 26 tillräcklig
418 1373 53 25 grad
486 1373 112 26 befrämjat
613 1372 151 25 bosättningen
780 1372 7 18 i
802 1369 51 21 våra

92 1398 132 22 Ödemarker.
254 1402 31 18 År
309 1400 55 21 1894
385 1402 117 20 inrättades
524 1403 15 18 t.
555 1408 31 13 ex.
602 1402 8 19 i
624 1401 50 20 hela
688 1401 73 20 landet
776 1399 76 21 endast

95 1425 40 20 139
158 1434 43 19 nya
223 1429 181 26 kronoskogstorp
422 1429 40 20 och
478 1429 27 27 pä
521 1429 26 21 89
563 1428 291 28 anläggningsansökningar

91 1455 49 25 gafs
156 1457 30 18 ett
198 1457 95 26 jakande
308 1464 54 14 svar.
388 1458 69 20 Dessa
473 1458 27 20 89
515 1458 66 20 hafva
595 1459 56 26 förty
666 1458 106 26 möjligen
786 1457 67 20 under
