1025 1653
103 130 70 25 egnad
197 131 30 19 att
250 130 38 20 hos
312 130 48 20 vårt
383 130 43 20 folk
447 130 98 20 utveckla
566 130 234 25 samhörighetskänsla
816 130 38 19 och

103 160 85 25 politisk
204 160 69 20 enhet.
431 158 3 2 i

175 190 32 19 De
231 190 123 24 föreslagna
377 190 200 24 begränsningarna
597 195 51 14 vore
667 189 47 20 åter
730 195 26 13 en
772 189 82 25 garanti

104 220 77 22 derför,
206 220 31 19 att
259 219 71 25 någon
352 220 46 19 fara
419 225 77 19 genom
517 220 125 19 rösträttens
663 219 130 25 utvidgande
809 219 45 19 icke

103 250 83 19 komme
212 250 29 19 att
267 249 84 25 uppstå.
390 243 27 25 Åt
433 250 25 19 de
475 255 94 19 grupper
585 249 24 19 af
621 249 147 25 medborgare,
786 248 69 20 hvilka

104 280 65 18 redan
185 280 7 18 i
208 280 31 18 tre
256 279 110 20 årtionden
382 280 37 24 egt
432 279 120 20 kommunal
563 280 92 20 rösträtt,
668 279 38 19 bör
716 280 52 18 utan
778 279 76 19 tvekan

105 309 63 19 äfven
192 309 84 24 politisk
296 310 88 18 rösträtt
404 309 72 19 kunna
490 309 96 25 beviljas.
619 309 73 19 Härtill
708 309 100 23 kommer,
825 309 30 19 att

104 338 72 25 någon
193 339 87 22 skilnad,
297 338 57 20 hvad
364 338 239 25 bildningsståndpunkt
613 339 40 19 och
663 339 193 24 uppfattningssätt

104 369 136 22 vidkommer,
261 368 141 20 öfverhufvud
418 369 107 24 knappast
540 368 115 20 förefinnes
670 368 78 20 mellan
764 369 41 18 den
820 368 34 19 be-

105 399 72 19 suttna
200 398 40 20 och
264 399 112 19 obesuttna
399 398 152 25 befolkningen
574 399 7 18 i
604 398 47 20 vårt
669 398 55 19 land.
758 398 97 19 Tvärtom

105 428 65 19 hafva
185 428 99 20 besuttne
301 428 39 19 och
357 428 111 20 obesuttne
485 428 44 19 ofta
545 428 71 25 utgått
631 434 26 13 ur
673 434 82 13 samma
770 428 54 19 hem.

177 458 30 20 På
231 459 68 24 grund
320 458 24 19 af
362 458 56 19 hvad
439 458 63 19 ofvan
525 457 131 24 framhållits,
673 457 57 26 våga
746 458 27 23 vi,
790 458 66 19 under

106 488 84 19 förlitan
211 489 30 18 att
263 488 129 19 embetsmän
413 489 6 18 i
438 488 92 19 kronans
547 488 65 25 tjenst
627 487 40 20 och
683 487 172 20 folkskolelärare

105 519 83 18 komme
216 519 30 18 att
270 518 135 19 tillerkännas
432 519 42 18 rätt
498 519 31 18 att
551 518 56 24 välja
631 518 172 24 representanter
826 517 30 19 till

106 547 165 23 Presteståndet,
293 548 155 19 vördsammast
470 547 84 20 anhålla
575 548 35 18 det
628 547 132 20 hedervärda
776 547 79 19 Bonde-

106 577 85 20 ståndet
218 577 48 19 ville
289 578 48 19 med
361 578 26 18 de
411 577 69 25 öfriga
504 577 89 20 stånden
618 577 74 19 förena
716 577 34 25 sig
774 583 33 13 om
830 582 26 14 en

106 607 133 25 underdånig
254 608 87 24 petition
358 608 80 18 derom:

393 673 29 18 att
449 672 59 19 Hans
532 672 111 25 Kejserliga
665 672 95 24 Majestät
786 671 70 20 täcktes

321 702 42 19 låta
374 701 90 20 utarbeta
473 702 33 19 och
512 701 105 26 förelägga
629 701 227 20 nästsammanträdande

321 731 79 20 ständer
414 737 23 14 en
452 731 60 25 nådig
524 731 123 25 proposition
657 737 30 14 om
700 731 62 20 sådan
772 731 85 24 ändring

321 760 27 27 af
360 761 171 25 bestämningarna
547 761 82 20 rörande
648 761 209 25 landtdagsmannaval

322 791 32 19 till
369 791 147 24 Bondeståndet,
533 793 30 18 att
578 792 82 19 rösträtt
676 789 61 27 blefve
753 791 105 19 tillerkänd

321 821 74 19 enhvar
420 818 66 22 annan
506 821 29 24 på
558 821 65 19 landet
645 821 62 20 bosatt
730 821 128 24 medborgare,

322 857 40 13 som
377 851 87 24 åtnjuter
478 849 53 28 fulla
546 851 124 19 kommunala
686 851 120 24 rättigheter,
811 848 47 27 för-

323 882 51 18 utom
391 880 85 25 lagstadt
492 881 109 24 tjenstehjon
612 881 8 19 i
631 881 117 19 husbondens
758 881 41 19 kost
809 882 50 18 samt

322 911 137 24 gemenskapen
474 911 34 18 vid
523 911 22 19 de
561 911 68 19 aktiva
645 912 118 24 trupperna;

394 942 35 23 att,
453 940 42 19 med
516 941 131 19 bibehållande
666 939 26 27 af
704 941 32 18 det
751 940 107 19 medelbara

324 971 95 22 valsättet,
436 971 74 18 antalet
526 971 92 19 elektorer
633 970 83 19 sålunda
732 971 52 22 ökas,
798 971 30 17 att
838 976 22 12 en

323 1000 72 19 elektor
410 999 60 24 väljes
485 997 34 28 för
535 999 67 24 hvarje
611 998 49 27 fullt
671 999 84 20 tusental
764 1005 95 18 personer,

323 1029 84 20 hvarvid
427 1031 90 18 rösterna
533 1029 93 20 beräknas
641 1028 49 27 efter
706 1029 98 20 skattören
819 1029 42 19 med

323 1059 127 25 iakttagande
470 1058 65 27 deraf,
557 1061 29 18 att
601 1059 55 25 ingen
673 1060 8 19 i
697 1059 113 20 elektorsval
824 1057 37 27 får

324 1089 91 19 använda
430 1091 62 18 större
508 1089 79 20 röstetal
603 1090 25 18 än
644 1089 27 20 10
687 1091 67 18 röster.

182 1155 133 25 Helsingfors
331 1156 42 19 den
390 1157 12 18 8
419 1155 101 20 Februari
540 1157 61 18 1897.

219 1243 20 22 P.
255 1243 58 22 Aulin.
530 1243 27 28 .K.
574 1243 114 22 Kokkonen.

219 1273 66 22 Pekka
301 1273 85 22 Ahokas.
539 1274 54 27 Hugo
610 1273 110 27 Landgren.

218 1303 74 27 August
308 1303 68 21 Perho.
536 1303 45 21 Axel
597 1303 159 21 Tammelander.

219 1332 20 22 L.
255 1333 26 21 W.
298 1332 95 22 Laitinen.
535 1332 48 22 Juho
601 1332 99 22 Pitkänen.
