1017 1656
162 120 13 21 2
317 119 75 22 Ständ.
408 120 46 22 Pet.
471 133 28 2 —
515 120 152 22 Petitionsbet.
684 121 37 22 N:o
738 119 33 23 75.

160 185 101 22 nämnda
283 186 78 21 skolor
383 186 133 22 inhemtade
539 187 136 28 kunskaper,
696 187 49 21 dels
761 188 35 20 att
810 187 108 28 bibringa

162 220 52 21 dem
230 220 40 22 det
285 221 184 28 kunskapsmått,
493 229 49 14 som
562 221 114 22 erfordras
692 222 36 21 för
744 221 136 29 afläggande
896 221 25 22 af

162 255 191 22 studentexamen
369 256 55 21 eller
444 257 230 21 dimissionsexamen
690 257 39 21 vid
748 256 170 21 seminarierna.

162 290 44 21 Att
222 289 67 23 dessa
304 291 246 28 fortsättningskurser
566 291 58 28 fylla
639 293 34 20 ett
681 291 101 28 verkligt
790 291 129 28 bildnings-

161 324 73 22 behof
246 325 44 22 och
304 325 51 22 med
370 326 98 21 intresse
476 326 108 21 omfattas
600 326 26 21 af
639 326 163 27 allmänheten,
818 326 101 28 framgår

162 359 20 29 ej
199 359 62 22 blott
277 360 25 22 af
316 361 43 21 den
375 361 131 28 betydande
522 360 198 29 elevfrekvensen,
732 361 35 28 ity
782 363 35 19 att
832 361 87 21 antalet

163 394 77 22 elever
263 395 40 22 vid
326 395 275 29 fortsättningskurserna
617 399 25 18 är
657 396 8 21 i
682 396 38 21 det
742 398 115 19 närmaste
872 395 47 21 lika

162 431 59 19 stort
243 437 50 14 som
308 430 29 29 på
351 430 278 22 fruntimmersskolornas
652 431 84 28 högsta
753 431 93 27 klasser,
863 432 55 19 utan

162 464 44 21 ock
222 464 26 21 af
262 464 39 22 det
316 465 192 27 sakförhållande,
525 467 34 20 att
578 465 69 22 äfven
664 465 44 22 den
724 465 89 21 mindre
828 465 91 21 bemed-

162 498 52 22 lade
236 499 142 22 folkklassen
402 499 102 29 bidragit
519 500 37 21 till
571 499 194 22 underhållandet
780 500 26 21 af
819 499 101 22 nämnda

162 533 164 29 inrättningar.
355 535 46 21 För
424 535 44 21 den
491 537 115 19 närmaste
629 535 125 21 framtiden
778 534 66 21 torde
862 534 57 21 fort-

162 568 124 22 beståndet
301 569 25 22 af
339 569 97 22 berörda
457 569 81 22 kurser
556 570 137 28 visserligen
712 577 54 14 vara
781 569 139 22 säkerstäldt

164 611 84 20 genom
274 604 246 28 garantiförbindelser
549 604 25 21 af
595 605 106 20 enskilda
726 611 114 22 personer,
866 611 53 14 men

163 638 134 22 ovissheten
321 639 113 22 huruvida
457 639 44 21 den
524 639 90 29 privata
638 638 196 29 offervilligheten
850 639 69 21 äfven

163 672 123 22 framdeles
301 674 59 21 skall
375 674 79 21 kunna
469 674 37 21 för
517 674 65 21 deras
590 673 202 29 upprätthållande
800 674 118 28 påräknas,

163 710 25 18 är
203 709 76 27 egnad
294 710 34 20 att
344 709 71 21 verka
437 709 137 21 hämmande
590 709 28 28 på
633 709 65 21 deras
714 708 148 22 verksamhet
876 708 43 21 och

163 742 97 22 sålunda
276 743 121 29 äfventyra
413 744 100 21 nämnda
528 744 102 28 företags
646 744 108 20 existens.

232 777 34 21 På
281 778 75 28 grund
372 778 26 21 af
412 778 38 21 det
466 778 97 21 anförda
578 778 43 21 och
637 778 7 21 i
660 778 128 28 anledning
804 777 24 21 af
842 779 33 19 ett
882 776 37 22 till

163 811 187 23 Presterståndet
371 813 40 21 vid
437 812 157 22 innevaranda
616 812 111 28 landtdag
750 812 79 21 härom
851 812 68 21 fram-

164 846 72 21 stäldt
251 847 205 29 petitionsförslag,
476 848 23 20 få
514 848 129 21 Ständerna
659 848 6 20 i
682 846 186 28 underdånighet
882 854 38 14 an-

165 880 67 29 hålla,

440 947 32 20 att
487 946 137 28 Regeringen
647 946 65 20 måtte
728 945 47 21 med
791 944 128 28 tillräckliga

372 980 76 28 bidrag
470 980 132 22 understöda
624 980 206 27 läroinrättningar,
848 979 72 21 hvilka

374 1014 45 28 afse
428 1016 32 20 att
466 1015 101 27 fortsätta
582 1015 25 21 de
618 1014 137 28 femklassiga
762 1014 158 28 fruntimmers-

374 1049 110 23 skolornas
499 1050 75 21 kurser
589 1049 36 21 och
641 1049 88 28 utvidga
744 1048 107 22 elevernas
866 1048 54 21 kun-

371 1084 77 28 skaper
470 1084 92 27 därhän,
576 1086 31 20 att
623 1084 25 21 de
665 1084 76 22 kunna
756 1084 100 27 fortsätta
870 1082 50 22 sina

371 1119 85 21 studier
470 1119 36 21 vid
521 1119 63 28 högre
599 1118 221 28 Vildningsanstalter.

235 1180 112 23 Finlands
363 1182 99 21 Ständer
476 1182 131 22 framhärda
622 1184 42 19 etc.

236 1245 154 28 Helsingfors,
406 1245 43 22 den
466 1247 26 20 29
508 1245 45 28 Maj
572 1246 60 22 1897.

303 1447 101 17 Helsingfors,
415 1447 56 14 Finska
480 1447 174 16 Titteratursällskapets
665 1446 70 17 tryckeri,
746 1446 38 14 1897.
