1020 1659
166 148 154 26 stentryckaren
336 148 36 20 och
388 148 131 26 xylografen?
534 148 12 20 I
560 148 98 26 paragraf
674 148 25 19 15
716 148 83 25 stadgas
815 154 32 13 om
857 147 58 20 dessa

166 185 80 13 senares
267 178 87 24 arbeten,
378 180 31 18 att
431 178 24 20 de
479 178 79 26 åtnjuta
581 185 76 13 samma
677 178 67 26 skydd
760 184 42 13 som
818 178 61 19 alster
894 176 23 21 af

165 208 117 24 tecknande,
308 208 92 20 målande
422 208 47 20 eller
493 208 87 26 plastisk
603 209 102 23 konstart;
729 208 72 20 endast
816 207 98 26 fotografs

166 238 68 20 arbete
250 242 23 16 är
289 238 62 20 stäldt
366 240 7 17 i
388 240 30 18 ett
434 240 61 18 annat
511 239 36 19 och
563 242 65 16 sämre
644 238 129 23 förhållande,
790 240 23 23 ty
828 237 86 26 fotogra-

165 268 33 20 fen
221 272 23 16 är
266 268 62 20 redan
348 268 50 20 efter
416 269 12 19 5
444 270 22 18 år
483 268 96 20 beröfvad
595 268 70 26 hvarje
679 270 42 18 rätt
737 268 32 20 till
785 269 36 18 sitt
837 267 76 23 arbete;

166 299 36 19 och
225 298 60 20 äfven
308 298 65 20 denna
396 298 117 26 kortvariga
528 299 121 25 äganderätt
664 302 22 16 är
701 298 44 20 icke
760 297 114 25 obetingad,
892 299 22 24 ty

165 328 31 20 för
211 328 47 20 dess
274 328 114 20 erhållande
403 330 64 18 måste
482 328 69 26 hvarje
567 329 99 25 exemplar
682 328 23 20 af
718 328 50 20 hans
784 327 68 20 arbete
867 334 48 13 vara

165 358 77 20 försedt
265 358 43 20 icke
332 358 71 20 endast
425 359 45 19 med
493 359 57 19 firma
565 361 49 18 utan
630 358 59 20 äfven
704 358 46 20 med
765 358 34 20 det
815 358 57 23 årtal,
889 358 26 19 då

166 388 78 20 arbetet
260 388 51 20 först
326 388 75 26 utgafs.

239 418 10 20 I
264 418 98 26 paragraf
377 419 25 19 17
420 419 83 25 stadgas
520 419 69 19 vidare
600 420 30 18 att
642 426 31 12 om
687 434 3 9 ,
692 420 73 24 någon
775 420 49 17 utan
835 418 80 20 beställ-

167 450 49 24 ning
232 448 23 20 af
269 455 64 13 annan
350 448 64 20 utfört
430 448 118 26 fotografisk
564 448 116 26 afbildning
695 448 50 20 efter
760 450 91 22 naturen,
868 448 47 19 eller

166 484 72 19 genom
262 478 92 26 fotografi
378 478 104 26 återgifvit
505 479 118 24 konstvärk,
648 479 61 19 hvars
732 476 183 30 efterbildande'är

166 508 50 19 hvar
239 508 37 19 och
299 515 24 13 en
347 508 79 24 tillåtet,
450 510 32 18 må
505 509 62 19 denna
582 507 115 28 afbildning
713 508 44 20 icke
772 508 23 20 af
808 514 65 13 annan
889 510 26 23 på

166 538 118 25 fotografisk
300 541 42 23 väg
357 538 31 20 till
404 538 119 26 försäljning
539 538 123 26 eftergöras"
674 546 18 12 o.
710 545 15 13 s.
742 545 19 13 v.

237 568 67 19 Häraf
317 568 89 26 framgår
421 568 134 26 oförtydbart,
572 571 31 17 att
615 568 124 26 fotografens
750 568 73 23 arbete,
836 579 29 3 —
876 567 38 20 den

166 597 22 19 af
201 598 71 19 honom
290 598 139 26 själfständigt
443 598 82 20 utförda
540 598 68 20 bilden
624 611 36 12 —,
677 598 119 25 visserligen
812 597 63 20 under
890 604 24 12 en

165 627 30 19 tid
211 627 23 20 af
248 629 12 18 5
277 630 22 17 år
314 628 44 20 icke
372 630 32 17 mä
420 628 20 20 af
456 636 65 12 annan
537 630 26 24 pä
577 627 117 27 fotografisk
705 629 36 24 väg
753 628 31 19 till
795 626 118 26 försäljning

165 656 117 27 eftergöras,
304 665 44 13 men
369 660 42 18 mot
426 658 39 20 alla
480 658 63 20 andra
558 658 198 26 efterbildningssätt
771 660 43 17 stär
829 657 85 25 fotogra-

164 686 34 20 fen
214 688 60 19 äfven
291 688 61 20 under
368 688 65 20 denna
448 689 31 19 tid
493 688 89 20 rättslös.

238 718 11 18 I
273 719 35 18 vär
331 718 30 19 tid
384 718 102 20 användes
511 718 93 26 fotografi
625 720 65 18 säsom
706 716 102 27 grundval
823 717 32 19 för
869 717 46 19 alle-

167 747 67 19 handa
249 747 177 26 afbildningssätt,
443 748 36 20 och
495 748 113 26 fotografen
624 748 40 20 kan
680 748 17 26 ej
714 748 87 25 lagligen
812 747 103 19 förhindra

165 778 67 24 nägon
248 779 31 17 att
294 778 92 19 använda
401 778 50 20 hans
467 778 81 20 arbeten
564 778 36 20 och
616 778 115 26 därigenom
747 777 82 21 beröfva
843 778 71 18 honom

166 807 58 20 lönen
240 807 32 19 för
287 808 49 19 hans
353 808 69 19 mödor
437 808 36 20 och
488 808 116 20 kostnader.

238 838 69 20 Under
330 838 59 20 dessa
412 840 171 24 omständigheter
606 842 22 16 är
652 838 113 26 fotografen
781 850 27 2 —
825 838 18 19 d.
861 844 19 13 v.
897 844 16 13 s.

165 867 179 26 yrkesfotografen,
362 875 44 13 som
420 868 60 20 lifnär
496 871 32 23 sig
543 869 45 19 med
604 871 37 17 sitt
656 868 69 20 arbete
739 880 35 12 —,
787 871 64 17 sämre
861 868 53 19 stäld

165 900 26 16 än
211 899 66 24 nägon
293 905 65 13 annan
374 901 6 17 i
396 898 56 20 detta
467 899 53 23 land,
539 901 23 23 ty
577 899 40 19 han
633 899 36 19 har
685 898 17 26 ej
719 898 119 20 oinskränkt
853 900 60 23 ägan-

165 927 67 19 derätt
253 928 32 19 till
303 930 31 18 sin
354 928 103 26 egendom,
475 930 36 18 sitt
526 929 45 19 med
587 928 69 20 mödor
672 928 36 20 och
724 928 109 20 kostnader
847 927 67 20 ästad-

165 957 73 19 komna
254 958 73 21 arbete.

237 988 32 19 En
292 988 119 26 förändring
426 988 23 20 af
463 988 55 20 detta
533 988 177 20 missförhällande
726 991 27 21 är,
771 989 65 18 säsom
851 987 23 20 af
886 987 28 20 of-

166 1018 124 19 vanstäende
305 1018 93 25 framgär,
416 1018 121 26 nödvändig,
555 1019 37 19 och
602 1020 64 24 vägar
675 1018 36 26 jag
722 1018 67 19 därför
800 1017 115 26 ödmjukast

167 1047 81 19 anhälla

452 1080 29 18 att
495 1078 106 25 Vällofliga
611 1076 173 26 Borgareständet
792 1077 43 19 ville
843 1078 72 24 förena

380 1105 32 24 sig
430 1106 47 18 med
495 1106 44 23 mig
553 1105 8 19 i
575 1111 24 13 en
618 1103 132 25 underdänig
760 1104 90 24 petition,
866 1104 48 25 afse-

379 1132 49 19 ende
442 1132 142 25 afhjälpandet
598 1132 25 25 af
634 1132 53 19 detta
694 1132 33 24 för
734 1131 111 25 fotografer
855 1131 7 19 i
871 1129 45 21 vårt

380 1158 50 20 land
449 1164 152 20 ogynnsamma
620 1158 149 25 lagstadgande
789 1158 83 19 därhän
887 1159 29 18 att

380 1186 59 20 deras
458 1186 81 19 arbeten
557 1185 36 20 må
610 1186 101 19 likställas
725 1185 47 19 med
786 1185 69 19 andra
869 1190 45 19 gra-

377 1212 53 25 fiska
445 1213 86 23 arbeten,
545 1218 73 19 genom
630 1212 127 26 förändring
767 1212 8 19 i
784 1212 73 24 antydt
865 1212 49 24 syfte

380 1240 25 24 af
422 1240 12 22 $
455 1240 25 19 17
501 1240 26 24 af
541 1238 86 26 Nådiga
638 1239 149 25 förordningen
801 1239 25 25 af
837 1239 37 19 den
890 1238 25 20 15

379 1272 59 14 mars
462 1267 58 21 1880,
542 1265 106 26 angående
667 1266 118 25 författares
799 1266 36 19 och
849 1266 64 19 konst

378 1294 52 19 närs
444 1294 41 19 rätt
499 1294 29 19 till
542 1294 60 19 alster
616 1294 26 24 af
652 1294 34 19 sin
700 1292 135 20 värksamhet.

236 1332 128 26 Helsingfors
380 1333 38 19 den
435 1334 12 18 7
464 1333 89 20 februari
571 1333 63 19 1897.

451 1380 20 22 €.
489 1380 18 22 E.
523 1380 112 27 Holmberg.
