1023 1656
103 136 179 32 (Öfversättning.)

322 204 313 27 Petitionsmemorial.

211 271 114 35 Prestest.
649 274 44 23 N:o
711 274 36 22 61.

259 629 52 20 Till
326 629 164 26 högvördiga
505 629 209 20 Presteståndet.

180 707 33 20 Då
236 707 75 26 nådiga
334 707 226 26 landtdagsordningen
578 707 120 20 emanerade
714 714 49 13 voro
778 707 80 25 kyrkan

110 737 38 20 och
172 737 73 20 skolan
264 740 55 17 ännu
334 737 102 25 förenade,
453 737 64 20 ehuru
533 737 62 20 redan
612 737 27 19 då
654 744 37 13 var
705 736 107 25 bestämdt,
829 738 30 17 att

110 767 26 19 de
156 767 66 19 skulle
243 767 98 26 åtskiljas.
372 767 67 20 Bland
455 767 92 26 kyrkans
563 769 166 24 representanter
743 766 35 20 vid
793 766 65 19 landt-

110 797 93 25 dagarna
218 797 74 19 funnos
311 798 26 25 på
353 797 39 19 den
408 797 57 19 tiden
481 797 80 25 ganska
577 797 74 25 många
667 797 80 19 erfarne
763 796 97 20 skolmän.

111 827 74 19 Denna
201 827 127 20 sistnämnda
343 827 151 25 omständighet
510 827 7 19 i
532 827 93 25 förening
640 826 46 20 med
703 827 34 19 det
752 826 59 25 ringa
826 833 34 12 an-

110 857 30 19 tal
163 857 72 23 lärare,
261 863 41 13 som
325 863 50 13 voro
398 857 92 19 anstälde
506 857 37 19 vid
558 856 26 19 då
599 856 129 20 existerande
743 856 118 19 elementar-

112 887 95 19 läroverk
231 893 62 19 synes
315 887 62 19 hafva
395 887 55 19 varit
466 887 86 19 orsaken
569 886 74 26 dertill,
660 889 30 17 att
705 885 156 26 landtdagsord-

113 916 76 25 ningen
206 916 121 20 inskränkte
343 917 76 19 antalet
434 919 167 23 representanter
615 916 32 19 för
663 916 198 19 elementarlärover-

112 945 40 20 ken
176 946 7 19 i
206 946 152 25 presteståndet
380 946 31 19 till
435 947 23 18 så
478 946 20 19 få
519 953 43 13 som
577 946 62 25 högst
654 949 76 17 tvänne
745 945 31 20 för
792 945 71 26 hvarje

114 975 49 20 stift.
187 975 34 20 Nu
232 975 61 20 hafva
304 976 111 19 emellertid
427 976 25 19 de
463 976 180 25 omständigheter,
656 976 78 25 hvarpå
744 975 119 26 landtdags-

114 1005 125 26 ordningens
255 1005 151 20 ofvannämnda
421 1006 131 25 bestämning
567 1006 106 25 grundade
686 1006 37 25 sig,
742 1005 120 20 förändrats.

113 1035 60 20 Flere
189 1043 41 18 nya
246 1036 205 19 elementarläroverk
466 1035 62 20 hafva
544 1035 63 20 sedan
617 1036 48 19 dess
677 1037 97 24 uppstått.
797 1035 67 20 Bland

114 1065 26 19 de
155 1065 102 26 egentlige
273 1068 116 23 presternes
405 1068 166 23 representanter
586 1065 66 20 finnas
668 1072 84 13 numera
767 1065 61 25 högst
844 1064 20 19 få

115 1095 91 19 skolmän
231 1095 37 20 och
293 1095 70 20 dessas
382 1095 56 20 antal
454 1095 52 20 aftar
523 1097 23 18 år
561 1095 45 20 från
623 1097 27 18 år.
681 1095 38 20 Om
735 1095 59 20 äfven
810 1094 54 20 med-

116 1125 67 24 gifvas
199 1126 70 24 måste,
286 1127 30 18 att
331 1125 155 26 presterskapet
501 1125 6 19 i
524 1126 47 19 vårt
585 1125 49 20 land
649 1128 68 17 varmt
727 1132 81 19 gynnar
819 1125 46 19 sko-

114 1155 40 24 lan,
173 1157 23 17 är
215 1155 34 19 det
269 1155 51 19 dock
336 1155 23 19 af
371 1155 46 25 vigt
432 1155 32 19 för
480 1155 84 20 skolans
579 1155 125 25 utveckling,
721 1158 30 17 att
766 1155 6 19 i
788 1157 76 23 preste-

115 1184 82 20 ståndet
219 1185 109 19 förefinnes
351 1185 121 25 tillräckligt
495 1185 57 19 antal
567 1188 170 22 representanter,
753 1185 25 19 de
794 1185 36 19 der
846 1184 22 19 af

115 1220 52 19 egen
190 1214 115 20 erfarenhet
327 1215 68 19 känna
419 1215 200 19 skolförhållandena
642 1215 37 19 och
698 1215 83 19 skolans
800 1213 65 20 behof.

115 1243 31 20 Af
166 1243 61 20 dessa
242 1244 46 19 skäl
303 1244 62 19 borde
381 1245 78 19 antalet
474 1247 167 23 representanter
657 1244 31 20 för
703 1244 162 20 elementarläro-

115 1273 78 20 verken
209 1273 62 26 höjas.

189 1303 37 20 Uti
241 1303 40 20 den
297 1303 76 26 nådiga
383 1304 127 25 proposition
521 1303 128 20 beträffande
659 1303 133 20 förevarande
803 1303 63 25 fråga,

118 1340 43 12 som
176 1333 59 20 Hans
251 1333 117 26 Kejserliga
384 1333 96 26 Majestät
496 1333 87 26 förelagt
598 1341 28 12 nu
641 1333 122 20 församlade
774 1333 93 24 Ständer,

117 1363 38 19 har
171 1363 78 20 antalet
265 1363 22 20 af
301 1363 129 20 omförmälde
445 1363 68 20 lärare
529 1363 120 26 visserligen
665 1363 68 20 blifvit
748 1363 57 26 höjdt
816 1363 51 19 deri-

117 1399 74 18 genom
213 1395 31 17 att
267 1393 70 20 stiften
354 1399 83 13 numera
453 1396 35 17 äro
504 1393 52 26 fyra,
573 1393 36 20 och
626 1393 242 20 elementarläroverkens
