1023 1656
185 152 122 25 Kejserliga
314 153 101 24 Majestät
423 153 78 20 allena.
514 154 60 19 Blott
582 154 41 19 den
632 153 194 24 omständigheten
834 153 60 20 torde
902 153 38 20 det

186 179 83 20 tillåtas
282 185 36 14 oss
328 179 122 25 framhålla,
459 181 39 24 att,
507 186 37 15 om
551 181 233 24 valkorporationerna
792 180 59 19 inom
860 181 78 23 preste-

184 205 90 21 ståndet
294 207 142 20 tillerkännes
454 209 44 18 rätt
512 209 34 18 att
561 208 86 19 besluta
662 213 36 14 om
713 207 169 24 proportionella
897 207 41 24 val,

185 233 61 20 detta
264 234 83 19 valsätt
366 235 48 23 just
432 235 35 18 vid
486 235 161 24 universitetet,
662 235 38 19 der
716 235 55 19 dock
786 235 106 19 intresset
906 234 34 19 för

185 261 125 19 detsamma
325 261 55 19 varit
394 261 98 24 lifligast,
507 262 73 19 kunde
596 262 47 19 visa
657 262 33 23 sig
700 261 84 20 mindre
795 261 107 24 lämpligt,
912 260 28 20 då

185 287 111 24 nämligen
312 288 153 20 universitetet
479 293 50 19 eger
544 290 49 18 utse
609 289 55 19 blott
679 289 81 18 tvenne
770 288 169 24 landtdagsmän

185 314 7 19 i
202 313 168 25 presteståndet.
392 315 46 20 Med
453 315 119 24 anledning
582 316 68 24 häraf,
661 316 39 19 och
711 315 27 20 då
749 315 85 20 antalet
843 315 95 24 välmän,

186 341 68 24 enligt
270 341 41 20 den
322 342 34 19 vid
372 342 166 19 universitetets
553 343 89 19 senaste
658 342 237 24 landtdagsmannaval
906 342 32 19 be-

186 368 98 23 gagnade
306 369 107 24 vallängd,
429 369 48 24 steg
497 369 33 20 till
550 370 45 23 119,
613 369 87 20 således
715 369 33 19 till
764 369 100 24 omkring
879 367 23 23 %
916 368 24 19 af

186 395 132 20 valmännen
335 395 64 20 bland
414 396 169 24 presterskapet,
599 397 82 24 hoppas
697 397 27 23 vi,
740 397 32 18 att
787 396 37 19 det
838 397 19 23 ej
868 396 70 19 skulle

187 421 98 20 befinnas
300 423 83 23 obilligt
398 428 36 14 om
448 423 155 20 universitetet
618 423 146 24 berättigades
779 423 33 19 att
827 423 68 19 sända
910 421 28 20 åt-

186 449 112 19 minstone
313 449 13 19 3
340 449 167 25 landtdagsmän
523 451 7 18 i
544 449 170 25 presteståndet.

258 475 30 20 På
303 481 29 14 nu
347 477 89 19 anförda
451 477 48 19 skäl
514 476 72 20 tillåta
601 478 21 18 vi
638 482 36 15 oss
691 477 112 19 vördsamt
818 475 80 21 föreslå
911 481 27 14 en

186 501 135 26 underdånig
335 504 91 23 petition
441 504 24 19 af
478 504 86 19 landets
580 505 89 18 ständer
684 504 74 19 derom

473 556 29 18 att
514 555 60 19 Hans
589 555 114 24 Kejserliga
717 554 94 25 Majestät
820 554 72 19 täcktes
902 559 36 14 un-

401 581 36 20 der
457 581 73 25 nådigt
548 582 147 24 öfvervägande
710 583 54 22 taga,
779 581 105 19 huruvida
897 581 42 19 icke

401 608 7 19 i
417 608 24 19 L.
455 609 19 19 O.
485 609 99 24 stadgade
598 609 186 24 valkorporationer
798 608 56 19 inom
865 609 71 23 preste-

401 634 79 21 ständet
493 635 68 20 kunde
576 635 133 20 tillerkännas
723 636 42 18 rätt
778 636 34 23 att,
828 641 32 13 om
874 635 24 19 de
907 634 31 20 sä-

401 662 51 20 dant
461 663 89 19 önskade
560 663 36 19 och
604 663 47 19 med
660 662 78 24 nödiga
745 661 106 25 förbehåll,
862 662 77 19 besluta

403 689 28 19 till
445 688 67 21 sådan
526 690 123 24 valordning
661 690 34 24 för
704 689 235 24 landtdagsmannavals

398 716 134 25 förrättande,
548 718 29 18 att
590 722 15 14 s.
621 716 19 20 k.
654 716 158 24 proportionella
825 716 33 19 val
871 716 67 19 kunde

402 748 37 19 ega
458 748 54 19 rum,
528 744 55 19 samt
600 744 30 18 att
643 744 61 18 Hans
718 743 114 25 Kejserliga
846 742 94 25 Majestät

401 768 67 26 måtte,
483 770 66 20 derest
561 770 53 20 slika
628 770 74 20 valsätt
714 770 68 19 kunde
792 770 26 24 af
824 770 60 19 Hans
894 770 44 24 Kej-

402 797 75 24 serliga
491 797 94 24 Majestät
597 797 128 25 godkännas,
738 797 107 25 förelägga
861 796 78 20 landets

401 824 83 19 ständer
497 823 66 25 nådig
569 824 126 24 proposition
704 829 34 14 om
747 824 132 24 erforderliga
888 824 50 19 änd-

401 851 74 24 ringar
484 851 8 19 i
502 851 22 19 L.
543 851 32 19 O:s
588 851 129 25 stadganden
731 850 17 25 ej
761 850 81 20 mindre
856 856 33 14 om
898 851 40 19 val-

401 878 62 19 mäns
477 878 41 19 rätt
531 879 29 18 att
574 878 76 19 besluta
664 883 33 14 om
712 879 40 18 säit
765 878 34 19 och
810 878 88 24 ordning
905 878 35 24 för

401 904 225 24 landtdagsmannaval
640 906 28 18 än
678 905 59 24 äfven
746 910 33 14 om
790 904 75 19 antalet
874 904 63 20 landt-

402 931 103 24 dagsmän
519 937 43 14 som
577 932 133 19 universitetet
724 936 45 20 eger
783 932 47 18 utse.

258 986 138 25 Helsingfors
411 988 41 19 den
468 988 12 19 8
494 988 94 20 februari
604 989 60 19 1897-

256 1066 16 21 3.
289 1066 25 21 W.
331 1066 109 28 Runeberg.
646 1068 72 21 Robert
734 1068 132 21 Hermanson.

298 1421 109 19 Helsingfors,
417 1423 102 17 Osakeyhtiö
529 1423 61 14 Weilin
600 1424 12 13 &
622 1424 44 14 Göös
676 1414 109 27 Aktiebolag,
791 1414 39 24 1997.
