1023 1653
283 111 279 23 Petitionsbetänkande
577 111 46 23 N:o
638 112 39 22 45.
846 115 9 18 7

103 178 185 26 tillgodoseendet
310 178 25 20 af
355 179 37 19 sitt
416 179 145 20 ekonomiska
585 179 100 23 intresse,
709 179 57 19 vaka
792 179 65 20 äfven

104 214 63 20 öfver
183 214 181 20 beskaffenheten
380 214 24 20 af
418 214 44 20 den
478 214 157 25 efterbildning
649 215 45 19 han
710 214 86 20 tillåter.
821 214 37 20 Att

104 250 112 25 inrymma
239 250 135 20 konstnären
398 256 28 14 en
449 250 160 26 pröfningsrätt
632 250 7 20 i
655 250 60 20 detta
730 250 127 20 hänseende

106 286 138 20 beträffande
260 286 119 20 konstverk
395 291 47 15 som
460 286 75 20 tillhör
551 286 84 20 allmän
650 286 102 25 samling,
765 286 53 20 eller
827 287 31 18 att

105 323 15 17 t.
137 327 19 13 o.
174 327 28 13 m.
220 321 104 25 förpligta
338 322 93 19 vårdare
448 322 24 19 af
486 322 84 19 allmän
586 322 97 25 samling
698 324 38 21 att,
748 323 29 23 på
785 322 73 19 konst-

105 357 82 19 närens
210 357 90 24 vägnar,
317 357 73 20 därest
406 357 72 20 denne
495 357 24 20 är
535 357 155 24 frånvarande,
706 357 57 20 tillse
779 358 32 18 att
826 362 32 14 re-

105 392 161 25 produktionen
290 392 24 20 af
334 393 79 20 sådant
435 393 121 20 konstverk
579 393 51 20 sker
652 395 29 23 på
705 394 31 19 ett
751 393 44 20 sätt
810 398 48 14 som

106 427 56 21 efter
188 428 151 25 obligatoriskt
354 428 128 21 företeende
498 429 34 20 till
548 429 137 25 granskning
701 429 45 19 kan
761 428 97 25 godkän-

106 469 48 18 nas,
179 475 26 3 —
230 464 60 20 detta
314 464 68 20 skulle
399 464 131 26 visserligen
545 465 77 19 kunna
638 465 65 25 göras
718 464 32 20 till
766 463 92 21 föremål

106 499 34 20 för
162 501 31 19 ett
208 500 121 25 stadgande
345 501 6 19 i
368 501 72 25 lagen.
472 501 55 20 Men
543 501 43 20 den
601 501 113 24 praktiska
729 499 129 26 betydelsen

106 536 67 20 häraf
193 541 52 15 vore
269 536 111 20 sannolikt
404 536 86 26 ganska
513 536 70 26 ringa.
615 536 34 25 Ty
674 536 27 20 de
718 536 72 25 dåliga
806 535 53 20 eller

107 572 114 20 vårdslösa
245 572 209 25 efterbildningarna
478 572 39 20 ske
541 572 105 25 vanligen
662 572 47 20 icke
726 571 55 20 efter
796 571 62 25 origi-

107 608 48 19 nalt
179 608 125 22 konstverk,
329 610 53 18 utan
404 608 8 19 i
428 608 70 20 andra
515 608 54 20 eller
584 608 70 24 tredje
670 608 65 19 hand.
769 607 47 19 Och
832 606 27 20 då

107 644 25 18 är
156 643 36 20 det
216 644 18 23 ej
260 649 61 14 mera
340 644 136 19 konstnären
491 643 56 25 sjelf,
565 644 18 23 ej
601 644 70 19 heller
686 643 43 20 den
745 642 114 25 offentliga

107 679 137 25 samlingens
268 679 98 23 vårdare,
382 681 55 18 utan
452 679 183 25 reproducenten,
652 685 47 14 som
716 679 24 20 är
756 679 43 19 den
814 678 45 25 lag-

107 714 45 25 liga
168 715 185 20 rättsbevakaren.

178 750 113 20 Huruvida
314 751 58 25 legal
391 751 69 25 utväg
474 753 33 18 att
523 751 92 20 utverka
631 750 78 20 förbud
725 752 46 18 mot
788 749 72 26 dåliga

108 785 192 26 reproduktioners
323 786 131 26 försäljning
477 787 42 19 och
539 788 32 18 att
586 787 54 25 göra
655 787 51 19 slikt
721 785 79 20 förbud
816 785 44 26 gäl-

108 821 73 21 lande,
198 823 37 18 mä
255 822 76 19 kunna
346 822 187 26 ändamålsenligt
548 822 111 20 anordnas
667 821 34 20 för
715 821 85 20 sådana
815 821 45 22 fall,

108 856 30 20 då
154 857 18 24 ej
190 857 126 26 kränkning
330 857 25 20 af
369 858 43 20 den
428 858 111 20 artistiska
555 858 161 25 eganderätten
729 857 69 19 tillika
809 861 52 21 eger

108 898 57 17 rum,
190 893 23 19 är
236 893 34 20 för
291 893 65 26 öfrigt
372 899 28 14 en
413 893 94 25 juridisk
523 893 70 26 fråga,
609 893 32 20 till
657 894 66 19 hvars
739 892 121 21 utredande

109 928 215 27 Konstföreningens
340 929 108 21 direktion
463 930 83 19 saknar
561 930 136 24 kompetens.

178 965 34 19 Då
227 965 145 25 petitionären
388 966 7 18 i
411 966 163 24 motiveringen
588 965 24 19 af
626 965 43 20 den
679 965 70 24 tredje
760 964 101 24 förslags-

108 1000 100 24 punkten
224 1001 107 24 åberopar
347 1001 37 20 det
399 1001 126 20 förfarande
542 1007 47 14 som
606 1000 24 20 af
636 1000 204 25 Konstföreningen
855 999 7 19 i

109 1035 64 26 fråga
189 1041 36 14 om
242 1036 239 25 reproduktionsrätten
497 1036 33 20 till
546 1036 27 20 de
589 1036 24 20 af
626 1036 131 25 föreningen
771 1034 91 21 förvärf-

110 1071 57 20 vade
183 1071 118 20 konstverk
312 1072 118 25 iakttagits,
442 1072 62 20 torde
516 1073 77 19 härom
604 1073 54 19 böra
668 1072 86 20 lemnas
765 1070 97 25 följande

109 1107 140 26 upplysning.

180 1143 99 20 Emedan
288 1143 203 26 Konstföreningen
508 1144 25 19 är
548 1149 28 14 en
588 1143 131 20 association
730 1143 24 20 af
763 1141 100 22 enskilda

110 1178 42 19 och
169 1179 49 20 dess
234 1179 96 26 samling
345 1179 25 20 af
384 1180 120 19 konstverk
520 1179 48 20 icke
585 1179 144 25 ovilkorligen
744 1178 65 20 faller
824 1183 39 14 un-

110 1214 39 19 der
164 1214 116 25 kategorin
309 1230 7 8 ,
322 1215 84 23 allmän
427 1215 110 26 samling"
555 1215 69 25 enligt
642 1216 55 19 1880
714 1216 35 18 års
765 1214 44 25 lag,
826 1219 37 14 an-

110 1251 52 24 sågs
178 1250 37 20 det
230 1251 77 25 nödigt
322 1251 41 19 och
379 1251 134 25 berättigadt
529 1253 32 18 att
576 1251 37 19 vid
629 1251 66 24 inköp
711 1250 24 20 af
743 1249 120 20 konstverk

110 1291 82 20 genom
216 1286 66 20 skildt
303 1286 53 20 aftal
379 1286 109 25 precisera
505 1287 27 19 de
549 1286 133 25 ömsesidiga
697 1285 165 26 rättigheterna.

110 1321 43 19 Till
176 1326 28 15 en
228 1322 78 24 början
329 1321 119 24 fordrades,
472 1324 33 18 att
521 1322 107 20 konstnär
643 1322 37 19 vid
695 1321 132 25 försäljning
842 1319 25 21 af

110 1358 32 18 ett
164 1357 54 19 verk
240 1358 32 18 till
288 1357 130 26 föreningen
434 1358 70 20 skulle
520 1358 151 19 underteckna
687 1362 29 15 en
731 1356 133 20 förbindelse

110 1392 25 20 af
148 1392 99 20 innehåll
263 1395 32 17 att
310 1393 45 19 han
370 1395 24 18 åt
409 1393 199 25 konstföreningen
624 1392 93 21 öfverlät
727 1393 29 19 all
767 1392 44 20 den
822 1392 43 19 rätt

184 1439 107 19 Allmänna
302 1439 184 24 petitionsutskottets
498 1439 119 18 betänkande
630 1439 37 18 N:o
679 1439 29 18 25.
