1003 1659
176 119 13 19 2
353 117 278 23 Petitionsbetänkande
646 118 45 22 N:o
706 117 40 23 50.

175 189 175 27 understigande
373 189 144 28 tjenstetiden
537 190 7 21 i
566 190 115 28 åtskilliga
704 190 224 27 värnepligtssystem

175 227 16 19 t.
213 231 33 16 ex.
268 225 122 27 Rysslands
408 226 40 21 och
470 226 145 28 Frankrikes,
638 229 63 25 synts
725 226 116 22 Utskottet
857 226 70 21 såsom

176 261 36 22 för
235 261 72 22 finska
328 262 153 22 förhållanden
502 262 109 22 måhända
631 268 44 21 nog
689 262 63 27 långt
768 262 119 22 utsträckt.
917 262 11 21 I

175 297 148 22 betraktande
346 298 25 21 af
391 300 33 19 att
439 298 156 28 tjenstetidens
611 298 67 27 längd
695 298 78 22 endast
789 298 7 21 i
813 298 23 21 få
851 298 77 21 länder

175 333 143 28 understiger
336 336 35 20 tre
387 334 25 22 år
427 334 41 22 har
483 334 118 22 Utskottet
616 334 126 22 emellertid
757 336 55 20 trott
828 334 101 21 tillräck-

175 369 46 27 liga
237 369 51 22 skäl
303 370 50 22 icke
368 370 118 22 förefinnas
502 372 34 20 att
551 370 86 27 påyrka
653 376 26 16 en
696 370 142 27 förkortning
853 369 25 22 af
886 369 42 22 den

175 405 8 21 i
200 405 164 27 propositionen
380 405 126 28 föreslagna
522 405 163 28 tjenstetiden.*
719 405 72 27 Sagda
807 405 121 27 stadgande

175 440 50 22 blef
243 440 67 23 äfven
329 441 25 22 af
368 441 122 23 Ständerna
506 442 144 22 oförändradt
665 444 97 25 antaget.
794 442 50 21 Men
861 442 67 21 sedan

175 476 52 22 dess
244 476 67 23 hafva
327 478 112 27 äsigterna
455 477 67 23 äfven
538 478 58 22 inom
611 478 175 22 militärkretsar
802 478 96 21 ändrats.

248 512 46 23 För
313 515 34 20 att
362 514 74 21 kunna
452 514 42 22 öka
510 514 27 22 de
552 514 71 22 under
639 514 92 22 fanorna
747 514 88 22 kallade
850 514 77 27 rekry-

174 550 77 20 ternas
268 550 60 21 antal
343 550 40 21 och
399 550 126 28 derigenom
541 550 66 22 äfven
623 550 123 22 militärens
763 550 166 27 krigsnumerär

175 585 54 21 utan
252 586 154 22 motsvarande
422 586 102 28 stegring
539 586 25 21 af
577 586 191 27 militiebudgeten
784 586 56 21 hade
856 592 49 14 man
921 586 8 20 i

175 620 117 28 Tyskland
307 621 68 22 redan
391 622 35 22 för
441 628 40 21 par
493 622 118 22 decennier
622 622 68 22 sedan
701 622 72 27 börjat
783 620 146 24 hemförlofva

175 658 33 20 ett
231 657 125 27 betydande
373 658 59 22 antal
448 658 25 21 af
485 658 73 28 tredje
574 658 177 22 åldersklassens
768 658 106 26 soldater;
889 658 40 21 och

175 692 62 22 detta
252 692 168 29 förfaringssätt
436 694 108 22 anlitades
558 694 71 22 under
639 694 67 22 årens
717 694 50 27 lopp
781 694 41 21 allt
832 700 47 15 mer
889 694 39 21 och

174 734 54 22 mer,
246 729 26 21 så
290 730 33 20 att
338 729 7 21 i
361 730 76 27 början
453 730 25 21 af
494 732 56 20 1890
566 730 55 22 talet
636 730 99 27 två-årig
750 730 116 27 tjenstetid
882 729 45 22 fak-

173 763 60 22 tiskt
249 771 41 15 var
305 765 38 22 vid
359 765 128 23 infanteriet
502 765 80 23 införd.
606 766 34 22 Då
657 766 156 22 erfarenheten
828 766 101 22 utvisade

174 802 35 19 att
225 800 63 22 detta
302 800 51 23 icke
369 802 55 21 hade
440 802 67 27 något
523 802 92 28 menligt
625 801 122 28 inflytande
758 802 28 26 på
797 804 132 24 truppernas

174 836 135 28 utbildning,
326 836 49 23 blef
388 838 105 27 slutligen
508 844 78 21 genom
602 837 159 28 förordningen
777 837 25 22 af
816 838 42 21 den
870 839 12 20 3
894 844 36 15 au-

173 872 63 26 gusti
255 874 55 20 1893
327 873 98 27 två-årig
440 874 117 27 tjenstetid
572 874 93 27 stadgad
681 872 36 23 för
733 874 44 21 alla
792 874 68 26 tyska
869 875 60 25 trup-

175 913 40 21 per
232 908 50 22 med
298 908 112 29 undantag
425 909 25 22 af
458 910 132 22 kavalleriet
601 910 40 21 och
653 910 38 21 det
701 909 92 22 ridande
805 909 124 27 artilleriet,

174 942 36 22 för
226 944 79 22 hvilka
320 945 85 27 treårig
420 945 115 28 tjenstetid
551 945 138 23 fortfarande
704 946 116 21 bibehölls.
853 945 77 27 Enligt

172 978 120 24 fackmäns
307 983 78 25 utsago
401 981 40 22 har
458 982 71 21 denna
539 981 142 28 förkortning
692 981 25 21 af
725 981 145 27 tjenstetiden
880 981 50 21 icke

174 1014 135 24 förminskat
339 1016 41 22 den
408 1017 67 27 tyska
498 1018 86 21 arméns
609 1017 186 28 krigsduglighet.
834 1017 96 21 Sålunda

175 1051 84 21 uttalar
282 1052 35 27 sig
341 1058 27 16 en
392 1053 52 27 tysk
467 1052 186 22 militärtidskrift
677 1053 30 28 (v.
725 1053 89 21 Löbells
838 1053 91 21 Jahres-

173 1086 103 23 berichte
301 1088 55 22 iber
381 1088 36 22 die
440 1089 189 27 Veränderungen
655 1088 45 22 und
726 1089 149 21 Fortschritte
900 1089 29 21 im

174 1122 171 30 Militärwesen)
361 1124 75 22 härom
462 1125 28 26 pä
516 1124 96 28 följande
631 1127 55 19 sätt:
715 1124 61 29 ,Den
795 1124 70 22 under
880 1124 49 22 året

177 1159 57 21 1893
251 1158 36 22 för
297 1160 68 26 tyska
375 1159 129 23 infanteriet
514 1160 87 22 införda
612 1160 112 28 tvä-äriga
733 1160 145 28 tjenstetiden
889 1160 40 22 har

176 1194 50 22 icke
247 1194 105 23 inverkat
367 1196 30 26 pä
411 1197 133 26 truppernas
560 1196 100 22 taktiska
677 1196 133 28 utbildning.
827 1196 51 22 Man
889 1196 40 21 har

175 1230 50 22 icke
258 1231 95 22 allenast
382 1231 57 22 inom
467 1232 203 28 militärledningen
699 1234 53 20 utan
781 1232 67 22 äfven
871 1232 58 21 inom

175 1265 83 28 sjelfva
280 1269 122 25 trupperna
420 1268 69 22 redan
505 1268 66 28 länge
586 1268 59 22 varit
662 1268 25 21 af
701 1268 42 22 den
759 1268 66 27 äsigt,
843 1269 33 20 att:
892 1268 37 21 vid

174 1301 40 22 det
230 1302 113 23 intensiva
359 1303 40 22 och
414 1304 38 22 väl
467 1304 158 27 genomtänkta
642 1306 51 23 sätt,
710 1304 28 27 pä
754 1304 87 22 hvilket
856 1302 71 22 infan-

174 1337 68 22 teriet
259 1338 58 22 inom
334 1338 43 22 den
392 1340 67 26 tyska
474 1340 69 22 hären
554 1340 103 28 utbildas,
666 1340 40 21 två
714 1340 26 21 år
747 1342 38 19 äro
793 1339 136 27 fullkomligt

175 1378 43 22 nog
226 1372 36 23 för
273 1376 32 20 att
315 1374 115 27 uppfostra
442 1381 27 16 en
480 1375 78 25 soldat,
566 1376 93 21 hvilken
667 1375 64 23 såväl
742 1374 130 22 militäriskt
882 1381 46 15 som

174 1408 100 23 taktiskt
289 1412 25 19 är
330 1416 73 16 vuxen
418 1410 43 22 den
476 1411 104 21 moderna
596 1410 167 28 krigföringens
779 1410 147 28 fordringar."

248 1457 139 23 Lagutskottets
399 1458 116 19 betänkande
528 1458 38 19 N:o
578 1459 29 18 10.
