1003 1656
756 126 11 17 3

102 190 40 18 Den
161 189 109 24 behandling
286 195 38 12 som
340 189 60 18 hittils
411 189 33 18 hos
457 188 103 21 ständerna,
573 187 49 18 inom
634 186 111 24 regeringen
757 185 33 18 och

34 219 21 18 af
65 219 88 18 komitéer
165 221 65 20 egnats
242 218 65 23 frågan
319 223 29 12 om
360 217 120 24 möjligheten
493 217 21 18 af
525 222 22 13 en
559 216 50 23 dylik
619 215 115 19 institutions
743 214 47 18 infö-

34 247 57 19 rande
102 247 7 18 i
121 247 83 22 Finland,
214 247 87 18 särskildt
306 246 40 18 med
356 246 70 23 hänsyn
436 245 29 18 till
475 245 109 23 nyssnämda
593 244 119 23 synpunkter,
721 243 71 18 lämnar

35 282 23 13 en
72 276 93 18 värdefull
179 275 97 24 belysning
290 275 20 18 af
320 276 66 17 ämnet.
410 275 25 18 Vi
447 275 53 18 skola
512 274 7 18 i
531 274 73 18 korthet
616 274 64 18 beröra
692 273 68 18 enhvar
772 272 20 17 af

36 306 98 17 desamma.

169 475 16 17 1.
214 474 50 18 Den
278 473 70 24 högre
362 474 150 18 kommunens
528 473 138 23 omfattning.

108 539 8 18 I
129 539 77 18 främsta
217 542 77 15 rummet
306 539 32 18 har
350 545 42 12 man
403 539 29 18 till
445 539 41 18 stöd
499 540 28 17 för
538 539 72 18 åsikten
619 542 29 15 att
657 539 34 18 den
700 544 36 17 nya
746 538 49 18 kom-

40 573 65 13 munen
117 568 56 18 borde
186 569 76 17 omfatta
274 568 50 18 länet
336 568 32 18 och
380 568 41 18 icke
431 568 78 18 häradet
518 568 42 18 sökt
568 568 102 21 framhålla,
680 570 29 15 att
719 567 77 18 häradet

40 597 6 17 i
57 596 79 19 Finland
148 597 81 18 hvarken
241 597 69 17 fordom
321 597 72 23 utgjort
405 597 42 18 eller
459 597 30 18 för
498 597 112 18 närvarande
620 598 54 21 utgör
685 598 27 16 ett
722 595 74 19 område

41 626 28 17 för
86 625 203 23 förvaltningsärenden
307 625 43 18 eller
367 631 134 17 gemensamma
517 625 89 19 intressen
623 626 21 17 af
657 625 31 18 det
700 625 44 23 slag,
757 629 39 13 som

41 653 50 18 bilda
102 654 97 18 föremålet
211 655 29 17 för
251 655 11 17 &
275 659 32 13 ena
319 654 53 18 sidan
383 655 124 21 kommunens,
518 654 11 18 &
539 654 35 18 den
585 654 57 18 andra
652 653 142 23 länestyrelsens

41 683 116 18 omvårdnad.
181 683 71 18 Endast
270 683 62 22 frågor
349 683 77 18 rörande
443 683 142 22 vägabyggnad,
603 683 143 23 skjutshållning
763 682 33 17 och

41 711 139 23 kronouppbörd
195 711 87 19 hänförde
294 711 30 23 sig
335 711 29 19 till
376 711 81 22 häradet,
469 713 46 17 utan
527 713 29 17 att
568 711 103 23 därigenom
684 711 60 23 någon
756 712 42 17 när-

42 745 49 13 mare
108 740 111 23 gemenskap
237 740 66 18 mellan
320 740 85 18 häradets
423 741 106 17 kommuner
547 740 46 23 egde
610 746 40 12 rum
668 740 44 18 eller
724 744 43 14 vore
780 740 20 17 af

42 768 63 18 nöden.
129 769 29 17 En
174 770 19 16 at
209 769 21 17 de
242 769 100 23 viktigaste
354 769 182 23 förutsättningarna
548 770 29 17 för
589 775 22 12 en
623 769 56 18 sådan
692 768 106 19 institution

43 802 38 12 som
98 797 181 23 häradsförvaltning
296 798 88 18 saknades
400 798 68 22 därför,
480 798 94 22 nämligen
590 800 28 16 att
629 798 61 18 kunna
702 798 98 22 öfvertaga

44 826 111 21 funktioner,
173 826 63 18 hvilka
254 826 50 18 förut
321 826 11 18 å
346 827 161 23 statstjänstemän
519 827 105 18 ankommit.
647 827 40 17 Den
699 832 36 17 nya
747 826 52 18 insti-

43 854 84 19 tutionen
144 855 64 23 afsåge
226 855 88 23 därjämte
331 858 29 16 att
374 856 29 18 för
414 856 97 18 kulturens
524 856 76 22 höjande
612 856 6 17 i
631 856 49 18 olika
692 855 104 23 riktningar

44 884 125 18 åstadkomma
180 884 90 18 anstalter
282 885 32 17 och
325 884 76 23 vidtaga
412 885 88 23 åtgärder
512 885 74 18 utöfver
597 885 47 18 hvad
656 884 7 18 i
676 884 65 18 sådant
752 884 47 22 syfte

43 912 90 24 tillgjorts
151 913 21 17 af
187 913 197 23 statsmyndigheterna
402 914 44 17 eller
464 914 23 17 de
505 913 83 19 enskilda
599 914 139 17 kommunerna.
762 912 37 18 Det

45 941 59 18 kunde
116 943 78 21 antagas
206 944 29 16 att
246 942 78 18 sålunda
334 947 66 18 genom
411 942 115 23 länstingens
539 942 73 23 försorg
621 942 96 18 efterhand
726 942 72 17 komme

45 971 28 16 att
89 969 80 19 inrättas
187 975 22 13 en
227 970 32 18 och
271 976 60 12 annan
342 971 181 23 fortsättningsskola
535 971 73 18 utöfver
619 970 116 18 folkskolans
748 970 52 22 kurs,

45 998 114 18 landtbruks-
171 999 33 17 och
216 999 114 23 slöjdskolor,
346 999 77 22 sjukhus
435 1000 33 17 och
480 1001 58 16 annat
550 999 64 23 dylikt.
638 1000 42 18 Men
692 1004 22 13 en
726 998 74 18 härads-

45 1027 143 22 representation
206 1028 58 17 skulle
282 1028 6 17 i
301 1028 21 17 de
335 1028 53 18 flesta
401 1028 34 18 fall
448 1028 58 18 sakna
518 1028 58 18 medel
590 1028 22 18 til
624 1028 68 18 sådana
703 1026 98 19 inrättnin-

45 1060 43 18 gars
105 1055 168 23 åstadkommande,
292 1056 22 18 då
332 1056 75 18 häradet
425 1056 60 19 såsom
502 1057 112 17 omfattande
626 1062 21 12 en
660 1056 69 18 mindre
740 1060 60 18 grupp

46 1085 106 17 kommuner
169 1090 43 13 vore
230 1085 29 17 för
274 1087 54 21 svagt
343 1087 29 16 att
383 1085 82 23 uppbära
478 1086 97 22 desamma,
588 1085 94 18 hvaremot
694 1085 52 18 länet
758 1084 44 18 eller

46 1113 180 23 länstingsområdet,
245 1113 61 19 därest
322 1114 50 18 länet
389 1114 60 18 blefve
466 1114 68 22 deladt,
553 1114 31 18 väl
602 1114 84 18 mäktade
704 1113 99 23 tillgodose

47 1142 62 22 dylika
127 1142 94 18 intressen.
246 1142 36 18 Det
293 1148 43 12 vore
348 1142 72 18 därföre
433 1143 92 17 sannolikt
537 1145 30 16 att
579 1145 26 16 ett
616 1143 96 22 häradsvis
725 1142 77 18 ordnadt

47 1171 183 23 själfstyrelseorgan,
249 1171 28 18 för
294 1173 28 16 att
340 1172 45 18 dock
402 1172 62 18 lämna
482 1172 60 22 några
554 1172 42 22 spår
608 1172 21 18 af
640 1172 28 18 sin
680 1172 122 20 värksamhet,

47 1200 58 17 skulle
116 1199 57 23 draga
185 1200 30 17 till
228 1200 29 23 sig
269 1200 22 18 de
302 1200 95 23 uppgifter
408 1200 63 18 hvilka
483 1200 104 23 egentligen
599 1200 72 18 tillhöra
682 1200 116 18 kommunen.

47 1228 41 18 Men
106 1228 70 24 följden
193 1228 55 18 häraf
263 1228 59 19 blefve
340 1230 27 16 ett
385 1229 122 23 försvagande
523 1229 33 18 och
567 1229 157 23 undertryckande
736 1228 21 18 af
768 1228 31 17 det

47 1258 115 17 kommunala
180 1257 58 21 lifvet,
252 1262 38 13 som
301 1258 55 17 redan
368 1257 69 23 begynt
449 1257 23 23 pä
484 1257 170 18 tillfredsställande
667 1259 38 16 sätt
717 1256 86 19 utveckla

48 1286 34 22 sig.
106 1286 29 18 En
152 1286 185 22 länerepresentation
354 1286 76 18 behöfde
443 1286 82 18 däremot
537 1286 40 18 icke
589 1286 86 18 inkräkta
688 1286 23 22 pä
722 1286 82 17 kommu-

48 1320 65 12 nernas
126 1314 123 18 värksamhet.

117 1343 42 18 Med
171 1344 85 17 afseende
268 1343 12 18 &
292 1343 56 18 andra
360 1344 73 17 länders
446 1343 127 23 organisation
585 1343 6 18 i
601 1344 51 17 detta
661 1343 102 18 hänseende
773 1342 34 18 har

48 1372 61 18 vidare
121 1372 77 20 anförts,
216 1374 29 16 att
262 1372 132 18 mellanlänkar
405 1372 66 19 mellan
484 1373 113 17 kommunal-
609 1373 32 17 och
654 1371 151 23 provinsförvalt-

49 1401 45 22 ning
106 1401 64 18 blifvit
181 1401 91 18 inrättade
285 1401 63 18 endast
360 1401 38 21 där,
410 1401 74 18 hvarest
496 1401 131 18 kommunerna
639 1402 31 17 äro
683 1401 29 18 för
724 1400 39 18 smä
778 1401 29 16 att

49 1429 82 22 uppbära
143 1429 191 23 själfförvaltningens
346 1429 50 18 olika
407 1430 94 23 uppgifter
514 1432 48 15 samt
574 1429 62 18 tillika
648 1430 54 17 länen
714 1429 44 18 eller
766 1433 41 18 pro-

49 1458 84 18 vinserna
152 1458 20 18 sä
191 1460 55 21 stora,
264 1460 28 15 att
310 1458 52 18 deras
380 1458 181 23 förvaltningsorgan
579 1458 39 18 icke
631 1458 99 23 lämpligen
743 1457 62 18 kunna
