1020 1659
183 130 14 22 2
362 130 283 23 Petitionsbetänkande
660 130 45 22 N:o
725 129 37 23 57.

183 202 95 22 bönders
293 202 62 22 talan
372 210 36 15 om
424 206 103 19 närmare
538 203 171 23 bestämmande
721 202 26 22 af
755 202 50 22 dem
816 201 121 29 åliggande

182 238 157 28 skyldigheter
359 239 35 21 till
415 239 83 22 Jokkis
519 240 64 28 gods.
616 240 33 21 Ur
668 238 72 30 sagda
756 238 53 22 dom
824 238 113 21 inhemtas

182 274 69 21 bland
268 277 79 19 annat:

254 312 35 19 att
308 311 82 27 Kongl.
407 311 110 28 Majestät
532 311 9 22 i
557 311 94 29 Sverige
667 310 87 22 medels
770 312 40 20 två
826 309 110 22 särskilda

183 346 43 21 den
249 346 15 21 4
287 345 98 23 februari
407 347 57 22 1782
486 347 66 29 gifna
573 347 78 22 domar
669 346 36 22 uti
721 349 84 19 tvenne
821 345 116 22 tvistemål

184 382 96 21 emellan
303 382 115 30 ätskillige
438 383 149 22 innehafvare
609 383 26 22 af
652 383 84 22 Jokkis
758 382 57 29 gods
831 381 105 28 underly-

183 418 73 21 dande
271 418 138 29 lägenheter,
426 421 12 19 å
454 427 49 20 ena,
520 421 61 20 samt
596 419 131 22 dåvarande
738 425 84 22 egaren
833 417 26 22 af
866 417 71 29 sagda

182 453 63 30 gods,
269 456 30 27 på
322 455 70 21 andra
415 455 70 28 sidan,
510 455 112 22 förklarat
643 455 65 21 dessa
728 454 134 29 lägenheter
881 461 56 14 vara

184 489 114 22 såkallade
321 490 239 28 bördsrättshemman,
585 490 110 22 hvarmed
719 489 112 22 förstodes
853 489 84 22 sådana

182 526 131 29 lägenheter
335 528 27 27 ,&
377 526 79 22 hvilka
473 526 98 22 åboarne
587 529 58 19 samt
661 526 66 21 deras
743 525 194 22 efterkommande

182 561 125 22 bibehållas
322 562 39 22 vid
377 562 155 29 besittningen
549 562 27 22 af
587 562 142 27 hemmanen,
746 561 93 29 sålänge
855 561 28 21 de
891 561 45 21 till-

182 597 102 30 börligen
307 598 70 22 varda
399 598 184 29 vidmagthållna
607 598 42 22 och
673 598 100 22 äboarne
794 599 83 27 utgöra
892 597 43 22 den

181 636 65 19 ränta
270 634 42 21 och
333 634 138 29 skyldighet,
495 641 49 15 som
565 634 60 22 ifrän
641 634 63 21 äldre
720 633 60 22 tider
796 636 38 19 äro
850 641 86 14 samma

182 670 105 21 hemman
308 670 82 29 älagda
412 671 42 21 och
475 671 52 21 med
543 671 53 28 laga
611 670 62 22 kraft
689 677 78 15 vunna
783 670 79 21 domar
877 670 60 21 stad-

183 705 116 28 fästade
278 701 24 36 *;

254 744 34 19 att
309 742 84 29 Kongl.
415 742 107 29 Majestät
544 750 84 21 genom
646 743 79 28 utslag
741 742 43 21 den
800 743 30 20 24
846 742 90 29 augusti

183 778 58 21 1784
262 778 110 21 förklarat
393 779 167 22 ofvanberörda
580 779 77 21 domar
673 778 88 22 derhän
777 780 35 19 att
828 778 108 21 äboarnes

182 816 14 19 å
214 814 135 22 hemmanen
370 815 185 28 besittningsrätt
575 815 50 21 icke
645 815 101 21 sträckte
763 814 36 29 sig
814 814 37 21 till
867 814 70 21 andra

182 857 54 22 egor
256 850 8 21 i
285 850 59 28 äker,
367 853 51 26 äng,
439 851 73 28 hagar
530 851 44 21 och
597 858 74 14 annan
687 850 117 29 uppodlad
820 850 71 27 mark,
908 853 28 18 än

182 885 98 22 &boarne
295 886 30 21 dä
340 887 150 28 utskylderna
505 887 122 28 stadgades
642 886 120 29 verkligen
773 885 94 30 nyttjat,
878 889 58 18 samt

181 922 35 21 till
247 922 201 29 husbehofshygge
472 923 43 22 och
546 922 176 29 betesrättighet
747 925 31 26 pä
807 922 127 27 utmarken,

181 958 118 22 hvaremot
319 958 152 29 frälseegaren
490 959 62 28 finge
569 959 152 21 obehindradt
736 958 78 29 nyttja
830 958 42 21 och
887 958 48 29 lag-

181 994 61 29 ligen
258 994 98 23 förvalta
371 995 31 22 all
418 995 60 29 öfrig
493 995 146 22 hemmanens
656 995 154 28 tillhörighet;
827 994 43 22 och

253 1033 35 19 att
308 1024 51 29 Åbo
379 1031 89 22 hofrätt
488 1039 84 21 genom
591 1031 52 29 laga
659 1031 64 22 kraft
739 1038 89 14 vunnen
845 1030 52 21 dom
913 1030 26 21 af

182 1066 42 21 den
246 1067 30 20 20
296 1066 91 29 januari
412 1067 58 21 1844
493 1067 97 21 likasom
611 1067 68 22 äfven
700 1066 112 22 Senatens
832 1065 103 22 Justitie-

181 1102 156 29 departement
359 1110 82 21 genom
465 1103 175 28 ifrägavarande
656 1103 45 20 den
723 1102 13 21 9
758 1101 96 22 oktober
878 1102 58 21 1884

180 1137 65 29 gifna
266 1139 53 21 dom
339 1138 111 22 förklarat
469 1146 28 14 en
517 1139 44 21 den
581 1139 29 21 22
624 1138 44 29 juli
686 1138 58 22 1692
761 1137 27 22 af
800 1137 136 29 grefvinnan

181 1174 67 21 Anna
273 1174 72 21 Maria
367 1175 77 21 Kruus
468 1175 125 28 upprättad
614 1174 114 29 jordebok
748 1174 44 21 och
813 1181 28 14 en
864 1173 42 22 den
922 1174 14 21 9

178 1209 51 28 juni
253 1211 56 20 1651
332 1210 116 29 ingången
472 1210 232 29 dagsverksförening
727 1210 56 21 böra
800 1209 80 29 läggas
901 1209 35 21 till

180 1246 74 27 grund
275 1246 35 21 för
330 1246 273 22 bördsrättshemmanens
625 1253 69 15 onera
714 1246 36 21 till
772 1245 84 23 Jokkis
873 1245 61 28 gods,

180 1281 9 21 i
210 1282 102 29 enlighet
333 1282 108 22 hvarmed
464 1282 278 29 Justitiedepartementet
765 1282 81 21 fixerat
870 1281 65 28 dags-

181 1318 230 29 verksskyldigheten
426 1320 59 19 samt
506 1318 36 21 till
564 1318 81 29 belopp
665 1318 45 21 och
725 1317 158 22 beskaffenhet
900 1317 36 21 be-

180 1356 94 25 gränsat
297 1354 125 22 böndernes
448 1354 248 28 forslingsskyldighet,
719 1354 123 22 hvarutom
865 1353 71 27 utsigt

182 1391 97 27 öppnats
295 1390 35 21 för
345 1389 163 29 lägenheterna
523 1392 35 19 att
574 1390 85 22 erhålla
670 1390 120 22 bestämda
800 1388 137 23 tillskiftade

180 1424 143 30 skogslotter.

251 1474 108 18 Allmänna
368 1474 184 23 petitionsutskottels
565 1474 117 19 betänkande
695 1474 39 18 N:o
746 1474 30 18 29.
