1020 1656
179 131 13 20 2
366 129 270 23 Petitionsbetänkande
652 129 41 22 N:o
712 130 34 21 77.

180 197 66 22 dessa
272 198 218 22 missförhållanden
512 198 134 22 framhåller
670 199 46 21 han
731 198 83 22 främst
830 198 43 21 den
889 205 46 14 om-

180 233 141 28 ständighet,
344 235 35 20 att
401 233 111 29 tiggeriet
537 237 63 18 ännu
622 233 52 22 icke
694 233 124 22 allestädes
834 233 7 21 i
857 231 79 23 landet

180 267 92 22 kunnat
286 267 154 22 förekommas
457 270 59 20 samt
532 267 44 22 den
592 267 42 22 hos
645 267 28 22 de
681 268 76 28 lägsta
765 267 171 22 folkklasserna

179 301 128 23 rotfästade
322 302 79 22 blinda
417 302 57 22 tillit
489 302 37 22 till
541 301 171 30 fattigvårdens
721 302 62 29 hjelp
795 302 51 21 icke
854 301 81 28 aflägs-

179 344 49 15 nas.
264 337 79 22 Säsom
373 345 30 14 en
432 337 59 22 brist
520 337 50 22 åter
600 337 92 22 anföres
723 337 39 21 det
784 335 150 28 förhållande,

180 373 35 20 att
237 372 37 22 uti
295 371 169 30 förordningen
486 372 28 22 de
530 372 123 29 principer,
669 371 75 30 enligt
760 371 80 22 hvilka
855 371 79 28 fattig-

179 405 88 23 vården
283 407 70 22 borde
369 407 90 27 ordnas,
476 407 52 22 icke
542 411 39 18 äro
597 406 88 29 tydligt
695 406 110 28 uttalade,
815 406 120 22 äfvensom

180 443 35 20 att
236 441 37 22 uti
294 441 168 30 förordningen
481 442 52 21 icke
548 442 55 28 ingå
618 442 73 28 några
706 441 173 28 bestämningar
895 448 40 14 an-

179 475 91 29 gående
295 475 39 22 det
359 476 8 22 i
392 476 80 22 landet
495 476 71 22 redan
597 476 89 29 ganska
711 475 119 22 utbildade
855 475 79 29 fattig-

179 509 192 30 gårdssystemet;
400 513 35 20 att
460 511 144 29 stadganden
627 510 120 29 angående
770 510 39 22 det
831 512 52 26 sätt,
906 511 30 28 på

179 545 93 22 hvilket
290 545 103 27 vanföra,
415 545 91 29 idioter,
530 546 140 29 vansinniga
692 553 29 14 m.
737 545 23 23 fl.
772 545 84 22 sådana
880 545 55 22 böra

179 579 91 28 vårdas,
293 583 38 19 äro
353 580 148 29 bristfälliga,
521 581 99 22 likasom
636 580 70 22 äfven
723 580 157 29 stadgandena
895 587 38 14 an-

179 615 90 28 gående
288 615 252 30 fattigvårdsstyrelses
563 615 189 22 husbondevälde
776 615 42 22 och
834 615 100 28 förmyn-

180 649 113 30 dareskap
309 649 52 23 med
376 649 92 30 hänsyn
484 650 37 22 till
536 650 58 28 dem,
611 657 49 15 som
676 650 92 29 åtnjuta
790 649 70 30 hjelp,
876 651 59 20 samt

180 683 205 30 bestämningarna
400 692 37 15 om
453 685 149 22 hemortsrätt
617 693 28 14 m.
662 692 29 15 m.
707 685 53 21 icke
775 688 38 18 äro
824 684 110 22 tillfreds-

180 719 121 23 ställande.

248 754 82 22 Ehuru
352 754 123 22 Utskottet
498 755 139 28 visserligen
653 754 51 22 icke
721 754 40 22 vill
777 754 108 28 bestrida,
901 756 34 20 att

178 790 42 21 hos
247 796 38 15 oss
315 789 217 23 missförhällanden
554 789 143 23 beträffande
720 789 156 29 fattigvärden
900 789 34 21 uti

178 824 86 29 många
279 824 87 22 trakter
382 824 106 28 existera,
504 828 25 18 är
544 824 99 22 orsaken
657 824 81 22 härtill
753 824 75 28 enligt
838 824 96 22 Utskot-

179 860 45 20 tets
247 858 71 22 tanke
340 858 74 23 likväl
436 859 52 21 icke
511 860 25 21 så
558 859 94 28 mycket
674 860 35 20 att
732 858 57 22 söka
804 858 34 22 uti
854 858 80 29 fattig-

178 892 245 30 vårdsförordningen,
447 900 49 16 som
518 894 36 21 uti
578 893 44 22 den
646 893 180 29 omständighet,
845 895 34 19 att
890 892 44 22 för-

178 927 131 29 ordningen
330 928 53 22 icke
413 928 79 22 blifvit
514 928 84 28 riktigt
620 928 105 22 förstådd
748 928 55 22 eller
826 930 34 19 att
881 935 53 14 man

178 962 52 22 icke
260 962 67 22 alltid
349 962 63 23 velat
433 962 58 30 följa
514 963 139 27 densamma,
676 962 120 22 äfvensom
822 962 113 22 måhända

177 997 35 22 uti
236 996 73 23 andra
333 997 211 23 sakförhållanden.
575 997 120 29 Tiggeriet
708 997 66 22 torde
789 996 41 23 vid
845 1004 28 14 en
888 997 46 21 rik-

177 1031 36 29 tig
228 1032 149 28 tillämpning
404 1032 26 22 af
441 1032 167 28 förordningen
630 1034 108 26 nogsamt
754 1032 79 21 kunna
848 1032 85 28 stäfjas,

176 1066 98 28 hvilket,
297 1067 30 28 på
349 1068 48 20 sätt
412 1067 156 28 petitionären
590 1066 131 29 medgifvit,
744 1067 8 21 i
775 1074 29 14 en
827 1069 48 19 stor
897 1066 37 22 del

177 1100 26 22 af
230 1100 80 22 landet
339 1100 70 22 redan
439 1101 69 21 skett.
540 1102 34 20 De
590 1101 76 29 lägsta
681 1101 183 22 folkklassernas
879 1101 55 28 håg-

176 1135 78 22 löshet
276 1135 36 22 för
334 1136 37 21 sin
393 1136 106 22 utkomst
521 1136 30 28 på
573 1136 76 28 gamla
672 1136 71 28 dagar
765 1136 43 22 och
831 1136 39 22 det
892 1136 41 22 hos

177 1169 52 22 dem
252 1169 101 23 rådande
380 1170 213 22 betraktelsesättet
620 1170 120 29 angående
763 1170 170 30 fattigvårdens

177 1204 138 28 skyldighet
336 1206 35 20 att
386 1202 55 24 föda
456 1204 52 22 dem
524 1205 67 22 beror
603 1205 88 29 jemväl
707 1204 26 22 af
746 1204 72 22 andra
833 1207 100 19 omstän-

177 1238 108 29 digheter
299 1242 30 18 än
345 1238 92 29 sådana,
458 1246 49 15 som
522 1239 148 23 uteslutande
686 1246 84 22 genom
786 1239 148 29 lagstadgan-

176 1273 46 22 den
236 1274 79 22 kunna
331 1274 123 28 aflägsnas.

244 1307 181 30 Ifrågavarande
439 1308 150 29 förordnings
597 1310 13 21 9
621 1310 11 27 8
641 1308 130 29 medgifver
781 1308 152 29 fattigvårds-

176 1342 123 22 samhället
313 1344 48 20 rätt
376 1344 35 21 att
425 1350 85 22 genom
525 1343 112 22 särskildt
651 1343 143 29 reglemente
800 1343 52 22 fritt
861 1343 71 22 ordna

177 1377 51 22 sina
243 1377 339 29 fattigvårdsangelägenheter
603 1378 42 29 ,på
661 1380 48 19 sätt
724 1377 59 22 efter
798 1380 77 19 ortens
893 1379 39 20 sed

175 1412 43 22 och
234 1412 163 23 törhållanden
419 1414 75 21 finnes
516 1413 156 29 lämpligast",
689 1413 73 22 likväl
778 1413 103 28 sålunda,
898 1415 35 20 att

243 1453 210 20 Kommunalutskottets
465 1454 112 18 betänkande
587 1454 35 18 N:o
637 1456 16 16 9.
