1003 1656
195 128 11 18 2
428 127 222 23 Petitionsmemorial.

163 198 66 21 gagna
253 192 30 27 sig
298 192 21 21 af
334 192 50 25 dem,
403 192 100 22 förefaller
519 193 33 21 det
567 194 77 20 rättvist
659 196 29 18 att
709 192 120 28 beviljandet
851 192 22 21 af
887 195 30 19 ut-

163 221 164 28 skänkningsrätt
349 222 13 21 &
383 222 213 28 jernvägastationerna
618 222 77 28 gjordes
714 222 97 22 beroende
826 222 21 22 af
862 222 55 22 kom-

164 258 106 14 munernas
285 251 107 22 utlätande.

235 282 31 20 Pä
281 282 64 26 grund
360 282 22 21 af
396 282 53 21 hvad
465 282 62 22 ofvan
543 282 118 22 framhällits
677 282 73 21 tilläter
763 282 33 28 jag
809 282 40 28 mig
859 282 56 21 vörd-

163 314 51 18 samt
230 311 81 21 anhälla
326 314 29 18 att
370 312 121 22 hedervärda
506 312 148 21 Bondeständet
669 312 47 21 ville
731 312 6 20 i
753 312 92 21 afseende
860 312 12 20 &
887 319 30 13 re-

163 342 48 20 miss
226 341 32 21 till
274 341 128 28 vederbörligt
417 342 76 21 utskott
508 342 79 22 förorda
602 349 25 14 en
642 342 81 27 petition
738 342 77 21 derom:

451 410 33 19 att
500 408 65 21 Hans
581 408 119 27 Kejserliga
716 407 124 28 Majestät
834 403 9 36 i
849 407 68 22 näder

381 438 77 21 täcktes
481 439 112 27 förordna,
616 440 33 19 att
670 438 14 21 å
700 438 24 21 de
740 437 176 27 restaurationer,

380 474 46 14 som
443 468 37 21 vid
490 468 212 27 jernvägsstationer
715 469 39 20 äro
764 467 110 21 inrättade
882 467 36 28 för

380 499 101 20 resandes
494 498 67 27 behof,
573 498 58 27 finge
642 497 120 28 medgifvas
770 497 147 28 utskänkning

379 527 28 27 af
427 527 102 26 bränvin,
545 528 145 27 maltdrycker
705 527 38 21 och
758 534 89 21 svagare
863 534 50 13 rus-

380 557 95 27 drycker,
492 565 35 14 om
543 557 155 22 vederbörande
714 557 134 26 kommuner,
864 557 10 20 i
883 563 34 14 sa-

380 587 41 20 ken
436 587 75 27 hörda,
528 588 20 27 ej
563 589 101 20 motsätta
679 587 33 27 sig
728 587 139 25 densamma;

452 635 39 21 och
506 637 33 19 att
553 635 80 21 sådant
649 635 149 27 medgifvande
814 635 61 20 borde
883 636 35 19 ut-

382 665 75 20 verkas
472 665 36 27 för
525 665 35 21 två
576 665 26 20 år
617 665 9 20 i
641 665 82 26 sender,

451 715 61 18 samt
527 715 37 24 att,
581 713 27 20 då
628 712 166 27 lagstiftningen
809 711 109 28 angående

381 742 61 21 dessa
457 743 155 26 förhållanden
628 743 99 26 förnyas,
738 742 79 27 nödiga
829 742 89 20 bestäm-

380 771 83 28 ningar
478 772 88 27 införas
582 773 9 20 i
606 773 24 20 de
646 779 45 20 nya
707 771 193 28 förordningarna.

239 836 132 28 Helsingfors,
388 837 37 21 den
443 839 12 20 5
471 838 96 21 Februari
584 839 62 20 1897.

632 903 58 23 Antti
706 902 140 23 Tuomikoski.

238 967 77 21 Härom
331 967 77 22 förenar
423 968 39 27 sig:

677 998 44 23 Joh.
739 998 107 28 Haanpää.
