1009 1653
295 107 239 23 Petitionsbetänkande
550 107 36 23 N:o
604 106 38 23 55.

406 427 308 23 Ekonomiutskottets
742 426 102 23 betän-

306 462 92 24 kande
413 462 45 23 N:o
469 463 29 23 24
508 463 10 22 i
528 462 126 29 anledning
664 462 25 23 af
698 462 33 23 ett
741 461 9 24 i
761 461 84 30 Borga-

304 497 118 24 reståndet
444 498 130 24 framstäldt
590 497 198 31 petitionsförslag
803 503 41 18 an-

304 532 86 31 gående
400 534 168 30 Polytekniska
580 534 131 23 institutets
724 533 118 23 bibliotek.

162 595 131 21 Förenämda
312 595 180 27 petitionsförslag
508 595 38 21 har
562 595 22 21 af
599 594 178 28 Borgareståndet
792 594 53 20 hän-

92 631 84 27 skjutits
196 631 31 21 till
247 630 130 28 behandling
396 630 20 21 af
432 630 217 28 Ekonomiutskottet,
665 636 46 16 som
727 630 63 21 äfven
806 629 39 21 fått

92 666 33 21 del
142 666 21 21 af
178 666 36 21 vid
230 666 175 21 remissdebatten
421 666 57 21 fälda
493 666 122 27 yttranden.

162 785 36 21 Ett
213 785 102 21 bibliotek
339 784 32 21 för
394 784 160 28 vetenskapliga
569 785 97 21 ändamål
682 785 57 21 afser
754 785 46 22 dels
816 787 29 20 att

91 821 78 21 bereda
184 821 111 21 forskaren
310 820 81 21 tillfälle
407 820 32 21 till
456 820 129 21 omfattande
601 821 81 21 studier
697 821 60 22 öfver
772 821 73 28 hvarje

91 857 90 21 särskild
196 856 69 28 frågas
280 855 128 29 föregående
424 856 222 28 utvecklingsskeden,
663 857 45 21 dels
724 858 30 20 att
765 857 79 22 bereda

91 893 41 21 den
148 892 104 28 praktiskt
267 892 133 21 värksamme
415 891 143 22 fackmannen
574 892 109 28 möjlighet
694 894 30 20 att
734 893 51 28 följa
795 893 49 21 med

91 929 26 21 de
132 929 76 26 nyaste
223 928 128 27 framstegen
366 927 60 22 inom
441 928 54 21 hans
510 928 99 21 branche.

161 964 41 20 För
218 965 30 19 att
263 964 73 20 kunna
356 963 53 27 fylla
425 963 71 21 denna
512 963 80 21 dubbla
608 964 88 28 uppgift,
712 964 39 20 bör
767 966 29 19 ett
811 964 33 21 bi-

90 999 80 21 bliotek
197 999 107 21 innehålla
319 998 128 22 åtminstone
468 999 42 20 alla
526 999 174 28 grundläggande
716 999 53 21 värk
784 999 59 21 inom

90 1035 73 28 hvarje
183 1035 99 21 särskildt
302 1034 86 21 område
404 1035 41 20 och
461 1041 26 15 en
503 1035 125 27 fullständig
643 1035 52 27 följd
711 1035 21 20 af
748 1035 26 21 de
790 1036 54 20 mest

89 1071 121 27 betydande
230 1071 144 20 tidskrifterna
395 1070 7 21 i
418 1070 104 21 särskilda
538 1072 82 26 ämnen,
636 1071 111 21 äfvensom
762 1071 81 28 årligen

90 1107 150 27 kompletteras
255 1106 49 21 med
319 1106 158 27 nyutkommen
493 1107 111 20 litteratur.

160 1142 68 22 Dessa
250 1142 106 28 principer
379 1143 39 26 äga
442 1142 32 23 sin
498 1142 52 21 fulla
570 1142 134 28 tillämpning
720 1142 27 28 på
762 1142 36 21 det
813 1149 30 14 nu

89 1178 87 22 afsedda
190 1178 105 21 Tekniska
310 1177 212 22 Centralbiblioteket
538 1178 33 21 för
586 1178 96 21 Finland.

160 1214 42 21 För
217 1215 30 20 att
261 1213 58 22 bilda
334 1213 32 28 sig
382 1219 27 16 en
432 1213 147 28 föreställning
600 1220 36 15 om
652 1214 155 27 omfattningen
823 1213 21 21 af

88 1250 36 21 det
139 1250 71 25 behof,
230 1250 33 21 för
285 1249 80 21 hvilket
388 1249 146 28 föreliggande
557 1249 89 28 petition
669 1251 63 26 utgör
755 1251 30 20 ett
810 1251 33 19 ut-

88 1286 68 27 tryck,
171 1286 39 20 har
224 1285 103 22 utskottet
349 1285 137 22 införskaffat
510 1287 30 20 ett
564 1285 124 28 detaljeradt
710 1285 80 28 förslag
811 1285 32 21 till

88 1321 135 21 bibliotekets
239 1321 169 27 komplettering,
424 1328 46 14 som
484 1321 21 21 af
516 1321 104 21 särskilda
630 1321 117 21 facklärare
758 1321 36 20 vid
805 1327 37 21 po-

88 1357 122 27 lytekniska
230 1357 104 21 institutet
361 1356 96 22 sistlidne
480 1357 48 21 höst
550 1357 117 27 uppgjorts,
697 1356 41 22 och
759 1356 83 20 hvilkas

88 1392 245 28 kostnadsberäkningar
348 1392 38 22 här
401 1392 71 22 nedan
488 1392 84 22 anföras
588 1393 7 20 i
611 1392 155 28 sammandrag.

160 1433 206 20 Ekonomiutskottets
380 1433 128 19 betänkande
521 1433 37 18 N:o
572 1435 30 16 24.
