1014 1659
184 124 12 20 2
336 123 75 23 Ständ.
427 124 47 22 Pet.
490 138 28 2 —
533 125 155 23 Petitionsbet.
703 125 38 23 N:o
757 124 34 24 69.

252 186 11 21 I
279 186 28 22 de
321 187 65 21 flesta
408 188 134 28 europeiska
561 188 79 22 länder
654 189 41 21 har
710 188 156 22 landtbrukets
882 188 59 22 ställ-

182 220 57 29 ning
254 221 73 21 under
350 225 88 19 senaste
460 222 119 22 årtionden
594 223 99 28 påkallat
708 223 97 21 särskild
820 223 120 29 uppmärk-

183 256 87 21 samhet
284 256 51 22 från
350 260 85 18 statens
451 258 54 20 sida.
537 257 80 22 Såsom
632 265 30 13 en
676 258 133 28 nödvändig
824 258 116 21 förutsätt-

182 290 56 28 ning
259 290 36 22 för
314 292 104 28 åtgärder
433 292 34 21 till
482 292 170 28 upphjälpande
668 292 25 21 af
704 292 136 28 jordbruket
855 292 40 21 har
911 300 28 13 en

182 332 121 21 noggrann
318 326 122 28 utredning
453 326 24 22 af
486 326 307 22 landtbruksförhållandena
804 329 84 19 ansetts
900 329 39 19 nö-

182 359 46 28 dig,
244 359 7 21 i
266 360 87 22 hvilket
376 360 59 28 syfte
458 360 163 29 förbättringar
644 361 25 21 af
686 360 254 29 jordbruksstatistiken

181 394 110 28 vidtagits
306 395 43 21 och
364 397 109 26 enquéter
482 396 141 21 beträffande
633 396 135 21 hithörande
784 395 156 21 förhållanden

181 428 161 23 föranstaltats.

250 464 84 22 Medan
348 464 94 22 sålunda
457 472 28 14 en
500 464 57 29 liflig
567 465 133 28 utveckling
710 465 8 21 i
728 464 102 22 utlandet
841 467 37 26 egt
889 472 49 13 rum

180 499 30 27 på
232 498 172 29 ifrågavarande
428 500 97 24 område,
546 499 69 21 hafva
636 500 112 21 bristerna
771 499 7 21 i
798 499 43 21 den
863 498 74 22 finska

178 532 254 28 jordbruksstatistiken
447 534 40 21 allt
501 542 61 13 mera
580 534 125 21 framträdt.
736 534 81 21 Denna
832 533 105 25 statistik,

181 574 48 14 som
248 570 114 26 uppgöres
385 570 29 36 pä
435 569 76 28 grund
529 569 25 21 af
569 572 182 25 guvernörernes
769 568 167 22 ärsberättelser

181 602 43 20 och
245 598 122 42 publiceras
381 603 12 33 i
387 611 8 13 i
411 603 124 21 statistiska
553 586 171 46 centralbyråns
746 604 66 20 hvart
828 603 67 21 femte
911 604 24 19 år

179 636 161 22 utkommande
356 632 130 32 ,Öfversikt
501 638 26 21 af
542 638 110 21 Finlands
662 637 148 22 ekonomiska
818 637 113 21 tillstånd"

180 674 58 18 samt
262 671 8 21 i
296 672 50 21 dess
369 672 124 22 statistiska
519 672 88 25 årsbok,
631 676 23 17 är
676 672 128 28 bristfällig.
834 671 101 21 Sålunda

180 706 195 22 sammanblandar
391 707 44 21 den
448 707 209 28 jordbesittningen
667 707 52 21 med
732 706 135 28 jordbruket
878 709 58 18 samt

178 740 87 21 lemnar
291 740 50 22 icke
367 741 124 29 utredning
517 749 37 14 om
581 742 45 21 den
654 741 80 22 odlade
758 740 94 29 jordens
878 740 62 21 areal

179 774 43 22 och
237 776 153 28 användning.
420 776 83 21 Därtill
524 776 102 21 kommer
642 779 33 18 att
696 776 27 21 de
743 776 7 20 i
769 775 170 28 jordbrukssta-

178 808 94 23 tistiken
295 810 111 29 ingående
429 810 146 30 uppgifterna
596 811 33 21 till
652 813 48 19 stor
720 810 36 21 del
774 813 38 18 äro
826 809 108 29 felaktiga

179 844 43 21 och
240 844 152 22 vilseledande
415 849 57 18 samt
493 849 32 18 att
540 846 71 28 sagda
630 845 98 22 statistik
748 848 117 25 upprättas
884 844 52 22 med

178 878 71 22 sådan
263 879 147 29 långsamhet,
426 883 33 19 att
478 880 130 22 densamma
623 888 53 20 eger
692 880 80 21 endast
788 879 66 29 ringa
869 879 65 28 prak-

177 912 55 22 tiskt
242 914 76 20 värde.
334 914 113 22 Behofvet
456 915 25 21 af
487 922 28 14 en
523 914 127 22 förbättrad
659 913 224 29 jordbruksstatistik
895 914 40 20 har

178 948 42 21 ock
236 948 26 21 af
275 948 109 22 särskilda
399 950 159 28 myndigheter
573 950 73 20 under
662 952 88 18 senaste
760 948 34 22 tid
804 948 131 28 upprepade

177 984 86 27 gånger
293 983 138 22 framhållits.
465 984 101 21 Sålunda
595 984 65 28 afgaf
685 983 246 28 landtbruksstyrelsen

176 1017 71 21 redan
262 1019 24 19 år
303 1020 54 19 1893
372 1018 86 28 förslag
472 1018 35 22 till
522 1018 155 22 förbättrande
688 1018 26 22 af
721 1018 99 21 nämnda
830 1018 105 24 statistik,

177 1052 42 20 och
236 1059 84 15 samma
335 1054 24 20 år
374 1052 131 22 framstälde
521 1053 67 21 äfven
603 1056 145 26 guvernören
763 1052 7 21 i
784 1052 103 28 Nylands
902 1052 38 20 län

175 1086 43 21 hos
234 1086 99 22 Senaten
353 1088 110 21 särskilda
486 1088 175 28 anmärkningar
676 1090 48 19 mot
739 1086 196 28 tillförlitligheten

176 1120 26 21 af
214 1121 147 28 uppgifterna
375 1122 8 20 i
398 1122 271 22 landtbruksstatistiken.
700 1122 11 20 I
734 1121 123 28 anledning
872 1120 67 22 häraf

174 1155 126 21 hemstälde
322 1156 124 22 statistiska
469 1156 158 28 centralbyrån
651 1158 24 19 år
692 1158 56 19 1894
770 1155 69 21 bland
860 1157 77 23 annat,

175 1192 32 19 att
222 1190 8 20 i
246 1190 105 22 afseende
367 1192 13 20 å
395 1191 104 21 ärendets
514 1191 166 21 förberedande
692 1190 141 28 behandling
844 1189 93 22 central-

173 1224 75 28 byrån
263 1225 33 21 till
311 1225 87 21 biträde
414 1227 68 20 måtte
497 1225 104 22 tillsättas
617 1233 29 13 en
657 1225 96 21 särskild
764 1224 90 22 komité.
878 1224 56 20 Där-

174 1258 58 22 efter
254 1260 40 20 har
310 1260 80 28 frågan
412 1260 59 21 varit
489 1260 93 21 föremål
598 1260 35 22 för
650 1259 138 28 behandling
802 1259 8 21 i
826 1258 107 26 Senaten,

172 1300 53 14 men
241 1296 61 18 ännu
317 1294 49 21 icke
382 1294 87 22 hunnit
485 1294 106 29 slutligen
607 1294 98 28 afgöras.

243 1328 54 21 Med
311 1328 89 28 hänsyn
415 1328 33 22 till
464 1328 69 22 ofvan
547 1328 102 29 antydda
659 1328 193 28 omständigheter
863 1334 68 21 synes

172 1362 201 29 nödvändigheten
388 1363 26 21 af
427 1363 44 21 den
485 1371 31 13 nu
531 1364 131 28 föreslagna
671 1362 115 22 reformen
795 1362 49 22 icke
854 1362 78 20 kunna

171 1396 154 28 ifrågasättas;
342 1398 43 21 och
399 1398 71 21 borde
486 1398 129 21 densamma
630 1397 72 28 enligt
717 1397 139 21 Ständernas
872 1396 59 22 åsikt

172 1432 29 27 gå
215 1431 8 21 i
239 1432 117 21 enahanda
370 1432 109 28 riktning,
495 1439 48 15 som
559 1432 7 21 i
582 1432 114 28 åtskilliga
710 1431 78 21 länder
799 1432 29 27 på
839 1434 88 18 senaste
