1034 1656
388 107 210 22 Petitionsmemorial.

114 172 55 20 Ridd.
184 177 18 15 o.
218 171 67 21 Adeln.
786 172 34 22 N:o
837 172 32 21 11.

288 235 46 19 Till
355 234 177 24 Ridderskapet
552 234 41 20 och
614 235 82 20 Adeln.

304 286 122 20 Vördsamt
441 287 247 23 petitionsmemorial.

186 345 36 19 Vid
244 344 119 24 landtdagen
386 344 21 19 år
432 344 53 20 1888
505 344 61 20 afläto
582 345 109 19 Ständerna
706 351 24 13 en
745 345 21 19 af
780 346 89 23 samtliga

116 374 61 18 Stånd
195 373 95 19 omfattad
306 373 121 24 underdänig
443 374 82 24 petition
542 374 29 18 till
587 374 53 19 Hans
657 374 110 24 Kejserliga
776 374 95 24 Majestät

117 403 66 18 därom
209 404 41 23 att
271 402 72 23 nödiga
365 402 92 23 åtgärder
479 402 60 19 måtte
562 402 88 24 vidtagas
674 403 30 18 för
724 403 16 23 ej
756 403 75 18 mindre
848 409 22 12 en

117 431 90 24 grundlig
229 431 83 18 revision
335 430 21 19 af
374 431 77 18 landets
467 431 92 19 kartverk
574 433 25 17 än
614 431 37 19 ock
667 431 43 19 dess
725 431 145 19 fullkomnande

116 460 71 23 jämväl
210 460 43 18 med
274 459 91 19 afseende
389 459 12 19 å
419 460 76 19 landets
511 459 185 24 höjdförhållanden
712 459 31 20 för
758 462 35 22 att,
809 460 26 19 då
849 460 22 19 så

117 489 50 19 låter
189 489 29 23 sig
240 491 53 21 göra,
317 488 134 19 åstadkomma
476 491 28 16 ett
519 489 7 18 i
541 489 39 19 allo
596 489 100 24 tidsenligt
710 489 92 19 kartverk
819 489 54 19 öfver

117 519 87 19 landet".
234 518 69 19 Denna
324 517 83 24 petition
429 518 57 18 ledde
509 517 57 20 äfven
582 517 73 24 därtill,
671 520 29 17 att
716 517 121 24 Regeringen
853 517 20 19 åt

118 554 24 12 en
157 546 79 24 komité,
252 547 104 18 bestående
371 546 22 19 af
408 547 29 23 sju
453 552 101 19 personer,
570 547 88 24 uppdrog
674 549 28 16 att
717 547 98 18 inkomma
829 546 44 19 med

118 576 104 23 utredning
244 575 21 20 af
287 576 81 18 ärendet
389 575 99 19 äfvensom
511 577 29 18 att
559 575 63 19 utlåta
638 575 28 24 sig
682 581 30 13 om
728 575 36 19 och
779 575 6 18 i
801 575 73 19 hvilket

118 605 92 20 afseende
225 610 44 13 man
284 604 32 19 vid
332 605 33 18 det
379 603 99 20 blifvande
493 604 115 19 kartverket
622 606 50 17 samt
687 604 23 19 de
726 603 32 20 för
768 604 106 19 detsamma

119 633 143 24 oundgängliga
281 633 126 19 förarbetena
422 633 61 19 borde
498 635 56 22 tagas
570 633 74 23 hänsyn
659 633 29 18 till
704 633 125 24 möjligheten
846 634 29 17 att

119 662 134 19 åstadkomma
268 662 127 24 tillförlitliga
410 662 133 23 ekonomiska,
560 661 132 24 topografiska
702 661 37 20 och
750 661 61 19 andra
822 661 53 19 kart-

119 691 46 19 verk
181 690 54 19 öfver
250 691 67 18 landet

188 719 91 20 Komitén
301 719 83 24 begynte
407 719 43 19 sina
472 719 155 19 sammanträden
651 719 5 18 i
673 719 59 19 slutet
747 718 21 19 af
783 719 22 18 år
824 718 50 19 1889

120 748 36 19 och
171 748 36 19 har
222 748 109 19 sedermera
347 747 78 25 afgifvit
440 750 29 17 ett
483 747 101 25 vidlyftigt
598 748 130 23 betänkande,
744 747 54 19 hvari
813 747 61 19 komi-

119 777 34 18 tén
175 777 53 19 såväl
250 777 56 24 ingår
329 777 5 18 i
351 783 23 12 en
390 777 109 23 detaljerad
515 777 119 23 granskning
649 776 22 19 af
686 777 33 18 det
734 775 141 20 förhandenva-

119 806 61 19 rande
202 805 167 20 kartamaterialet
392 805 37 20 och
451 805 77 24 utgifna
547 805 74 24 kartor,
640 811 40 13 som
696 805 38 19 ock
749 804 83 19 föreslår
847 804 29 19 åt-

120 835 71 23 gärder
206 837 50 16 samt
270 834 117 23 framlägger
403 841 24 12 en
442 834 45 24 plan
503 834 31 19 för
546 834 160 19 kartaarbetenas
718 833 103 20 rationella
831 833 45 19 ord-

120 863 64 19 nande
203 863 6 18 i
224 863 72 19 landet.
327 862 91 20 Komiten
433 862 115 20 framhåller
564 863 42 19 däri
621 863 44 19 med
679 862 140 24 öfvertygande
835 861 42 20 skäl

121 892 37 18 den
173 892 104 23 tvingande
291 891 169 24 nödvändigheten
475 893 30 17 att
520 891 109 24 öfvergifva
644 892 33 18 det
692 891 76 23 hittills,
785 890 93 20 särskildt

121 920 51 19 inom
188 917 156 27 Öfverstyrelsen
359 920 31 19 för
405 920 153 24 landtmäteriet,
574 920 89 19 använda
678 922 60 17 sättet
752 919 31 19 för
798 920 78 18 kartors

121 949 129 24 hopsättande
265 954 68 18 genom
349 948 173 24 sammanfogande
537 948 22 20 af
574 955 23 13 en
612 949 70 23 mängd
698 950 62 18 större
777 948 36 19 och
828 948 48 18 min-

122 978 40 23 dre,
185 977 30 19 till
234 978 35 18 sitt
291 978 43 24 läge
356 978 44 18 icke
420 980 90 16 närmare
525 978 102 19 bestämda
642 977 132 24 kartstycken,
791 976 36 20 och
842 976 34 24 på-

121 1006 58 24 visar,
202 1008 29 17 att
253 1006 33 19 det
308 1008 22 17 är
352 1006 40 19 dels
416 1012 68 18 genom
503 1006 55 19 detta
574 1006 118 24 förfarande,
709 1006 41 18 dels
766 1011 67 19 genom
849 1007 28 17 ett

122 1035 92 19 okritiskt
228 1035 127 19 användande
371 1034 21 20 af
406 1034 118 25 fixpunkter,
536 1040 40 14 som
588 1041 23 13 en
622 1035 70 23 mängd
703 1035 80 19 allmänt
793 1034 84 19 bekanta

122 1063 26 19 fel
171 1064 6 18 i
200 1064 43 18 vårt
264 1064 93 19 kartverk
379 1064 95 24 uppstått.
505 1064 92 19 Komitén
613 1063 113 20 framhåller
741 1063 62 19 likaså
819 1062 59 20 efter-

122 1092 99 24 tryckligt,
244 1095 29 16 att
295 1093 6 18 i
323 1091 44 20 vårt
381 1093 46 18 land
443 1093 41 19 lika
499 1093 44 18 litet
558 1098 40 14 som
614 1093 6 18 i
636 1093 61 19 andra
712 1092 68 19 länder
796 1094 28 16 ett
839 1091 39 19 till-

122 1121 150 19 fredsställande
287 1122 92 18 kartverk
395 1122 38 18 kan
449 1121 151 24 åstadkommas,
616 1126 29 14 om
656 1122 107 18 detsamma
774 1120 43 20 icke
829 1120 50 19 fotas

122 1150 26 24 på
171 1156 23 12 en
217 1152 75 22 strängt
314 1150 134 24 vetenskaplig
467 1150 101 24 grundval,
584 1150 106 19 bestående
705 1150 32 18 för
751 1150 128 23 kartupptag-

122 1178 96 24 ningarna
240 1178 6 19 i
266 1178 67 24 planet
348 1178 22 19 af
385 1181 28 17 ett
429 1178 123 24 fullständigt
567 1181 35 17 nät
616 1178 22 20 af
651 1178 154 24 triangelkedjor
819 1178 60 23 jämte

123 1207 66 19 därtill
211 1207 86 19 hörande
320 1208 143 18 astronomiska
486 1208 36 18 och
545 1208 215 23 basmätningsarbeten
782 1206 43 24 och,
849 1206 31 18 för

122 1235 206 24 höjdförhållandenas
352 1236 143 24 fastställande,
519 1236 6 18 i
546 1239 28 16 ett
593 1238 34 17 nät
642 1236 22 19 af
677 1236 107 24 precisions
799 1234 80 20 nivelle-

122 1265 73 23 ringar.

192 1293 100 24 Enhälligt
307 1293 36 19 har
357 1293 86 19 komitén
459 1295 69 22 ansett,
544 1296 30 16 att
584 1294 188 23 triangulationerna
783 1292 37 20 och
830 1292 50 19 hvad

124 1322 66 18 därtill
212 1322 36 18 hör
266 1322 61 18 borde
343 1322 98 19 ombetros
457 1328 23 13 en
496 1322 68 19 därför
580 1322 92 19 särskildt
687 1321 86 20 inrättad
788 1321 91 19 kommis-

124 1351 48 23 sion,
196 1356 40 13 som
259 1350 50 20 dock
333 1350 30 19 för
386 1350 57 20 dessa
465 1350 81 20 arbeten
564 1350 84 20 behöfde
663 1350 56 20 bestå
734 1350 22 19 af
770 1350 69 19 endast
853 1352 28 16 ett

124 1378 49 20 fåtal
195 1379 130 19 medlemmar.
356 1378 128 20 Beträffande
508 1379 36 19 den
568 1379 112 24 myndighet
700 1379 48 23 åter,
764 1384 41 14 som
821 1378 60 19 borde

124 1407 101 24 öfvertaga
245 1407 70 24 själfva
330 1407 145 24 kartarbetena,
492 1407 37 19 har
544 1408 6 18 i
566 1407 22 19 så
603 1407 60 19 måtto
679 1407 113 24 skiljaktiga
808 1406 73 19 menin-
