1017 1656
168 118 84 26 stadgas
268 121 31 18 att
321 119 31 20 till
367 119 144 20 läroanstalter
526 119 31 19 för
573 119 176 25 qvinnobildning,
766 119 50 19 höra
826 118 92 20 fruntim-

167 149 129 25 mersskolor,
315 149 47 25 ,vid
377 149 71 19 hvilka
464 149 150 25 undervisning
629 149 104 19 meddelas
749 149 7 19 i
767 148 25 20 de
803 148 31 20 för
844 149 74 19 allmän

167 178 151 26 medborgerlig
335 178 92 26 bildning
438 179 75 25 nödiga
521 179 120 25 kunskaper
649 179 104 19 äfvensom
766 178 152 26 handslöjder*.

167 208 68 20 Häraf
252 215 67 19 synes,
344 212 30 16 att
397 208 224 20 fruntimmersskolans
642 209 94 25 syftemål
751 208 73 20 endast
840 209 78 25 stegvis

167 238 67 20 blifvit
258 239 54 19 klart
335 241 53 17 samt
411 241 30 17 att
464 239 219 25 fruntimmersskolan,
699 245 43 13 som
758 238 159 26 ursprungligen

167 268 94 26 åsyftade
277 271 30 17 att
323 276 49 12 vara
388 275 25 13 en
429 269 59 19 skola
503 268 32 20 för
550 268 147 25 öfverklassen,
713 275 28 13 nu
756 268 38 20 fått
810 269 31 19 till
857 268 61 20 ända-

167 298 39 20 mål
223 301 30 17 att
269 298 91 20 meddela
376 298 74 20 allmän
463 298 150 26 medborgerlig
629 298 99 26 bildning.

238 328 62 20 Hvad
316 328 64 26 fjerde
395 328 93 26 punkten
496 328 104 21 beträffar,
609 330 23 18 så
648 330 32 18 må
696 328 35 20 det
746 328 78 20 erinras
840 335 32 13 om
888 331 30 17 att

167 358 235 20 fruntimmersskolorna
425 358 66 26 enligt
508 359 56 19 1843
581 360 33 18 års
631 358 133 26 skolordning
780 365 48 13 voro
845 358 73 20 endast

166 388 133 26 tvåklassiga.
330 388 73 20 Redan
418 388 30 20 uti
464 388 39 20 den
519 390 23 18 år
563 389 55 19 1856
635 388 108 20 utfärdade
759 388 158 26 skolordningen

166 418 116 20 bestämdes
305 418 235 20 fruntimmersskolorna
563 418 52 20 dock
639 418 32 19 till
686 418 130 26 fyrklassiga,
831 425 45 13 men
892 424 25 14 en

167 448 64 25 fjerde
242 449 57 19 klass
307 448 60 20 fanns
381 449 161 24 endast
462 444 12 34 i
483 449 59 24 några
555 448 208 20 fruntimmersskolor
778 449 37 19 och
831 455 37 12 var
878 448 39 20 den

167 478 72 20 afsedd
255 478 73 20 endast
343 478 31 20 för
389 479 100 19 särskildt
504 478 113 25 begåfvade
633 479 72 19 elever.
737 474 123 23 Ändamålet
875 485 42 18 var,

167 511 30 16 att
221 508 94 20 eleverna
338 508 36 20 der
397 508 67 20 tillika
489 508 67 20 skulle
579 508 90 20 utbildas
692 508 31 19 för
746 508 170 19 lärarinnekallet.

166 538 74 19 Denna
254 538 32 20 för
301 541 76 17 tvänne
393 538 68 26 syften
477 538 85 20 afsedda
577 538 150 25 undervisning
743 539 11 18 å
770 538 146 19 fruntimmers-

166 568 108 20 skolornas
296 568 64 25 fjerde
383 568 56 20 klass
463 568 86 20 befanns
575 568 52 19 dock
651 571 58 17 snart
732 575 49 12 vara
804 568 112 25 opraktisk.

166 593 96 30 Ändring
277 598 7 19 i
299 598 57 20 detta
371 598 117 20 hänseende
503 598 83 25 gjordes
601 598 65 20 redan
684 599 62 18 1867.
771 598 71 25 Enligt
860 598 56 19 1872

166 629 34 18 års
224 628 133 25 skolordning
382 628 44 19 blef
450 628 39 20 den
515 628 103 25 egentliga
641 628 211 19 fruntimmersskolan
874 627 42 26 fyr-

166 658 84 25 klassig,
270 665 45 12 men
337 658 30 19 uti
389 658 132 25 Helsingfors
544 658 118 25 grundades
686 665 25 12 en
733 657 112 26 sjuklassig
861 657 55 20 frun-

166 687 155 26 timmersskola,
332 695 42 12 som
385 688 53 19 hade
454 688 31 19 till
501 688 54 25 syfte
571 691 30 16 att
617 688 93 19 meddela
725 694 25 13 en
761 687 155 26 fullständigare

166 717 121 26 uppfostran
311 717 45 20 med
380 718 138 19 vidsträktare
541 718 125 25 kunskaper.
696 718 32 19 En
752 719 23 18 år
796 717 56 20 1879
868 717 48 20 ned-

166 750 42 17 satt
231 747 75 20 komité
328 747 95 26 föreslog,
447 750 30 17 att
504 748 29 19 uti
561 747 125 26 fyrklassiga
709 747 208 20 fruntimmersskolor

166 777 66 26 tredje
255 777 38 20 och
315 777 64 26 fjerde
402 778 117 19 klassernas
535 778 74 19 kurser
635 777 66 20 skulle
725 780 60 23 göras
808 777 109 25 tvä-äriga.

166 807 48 20 Man
238 808 71 25 ansåg,
325 810 30 17 att
370 807 145 20 lärokurserna
531 809 26 24 på
572 807 57 20 detta
645 810 42 17 sätt
702 807 67 20 bättre
784 807 69 20 kunde
863 807 54 20 med-

166 837 74 19 hinnas
256 837 38 20 och
310 840 29 17 att
355 837 96 20 eleverna
467 837 66 20 skulle
548 837 63 20 blifva
627 843 102 20 mognare.
761 837 155 25 Förändringen

166 867 133 20 betraktades
307 874 43 13 som
359 874 24 13 en
391 867 174 26 interimsåtgärd,
573 867 84 20 emedan
667 869 78 18 statens
755 867 109 25 tillgångar
872 867 45 19 icke

168 897 65 19 tilläto
249 897 121 20 förökandet
385 897 23 20 af
421 897 118 20 klassernas
555 897 56 20 antal
626 897 35 19 vid
677 897 239 19 fruntimmersskolorna.

166 927 63 19 Detta
244 927 100 19 komitens
359 927 78 25 förslag
452 927 150 20 understöddes
618 927 23 19 af
647 923 165 29 Öfverstyrelsen
822 926 32 19 för
864 926 52 19 skol-

167 956 100 20 väsendet
290 957 37 19 och
351 959 29 17 ett
403 957 63 19 bland
484 957 100 19 Senatens
603 957 112 19 ledamöter
731 957 22 18 år
771 957 54 18 1881
844 956 73 20 tillsatt

167 986 85 20 utskott.
268 987 46 19 Men
331 987 62 19 saken
409 987 76 19 förblef
498 987 35 19 vid
544 987 34 19 det
589 987 72 25 gamla,
673 989 49 17 enär
732 987 58 18 Hans
803 986 114 25 Kejserliga

166 1016 97 25 Majestät
284 1016 45 20 icke
344 1017 79 19 täcktes
439 1017 70 19 bifalla
524 1023 25 13 en
565 1016 23 20 af
601 1017 87 19 Senaten
705 1016 26 20 dä
746 1016 60 25 gjord
821 1016 95 19 hemstäl-

166 1046 34 19 lan
216 1046 88 19 rörande
327 1046 120 25 skolfrågor.
477 1047 33 18 Då
533 1045 267 26 fruntimmersskolefrågan
825 1048 53 23 änyo
894 1047 23 18 år

168 1076 56 19 1885
242 1076 139 19 behandlades
397 1076 23 19 af
433 1076 94 26 Senaten,
539 1077 64 24 ansåg
611 1076 89 19 Senaten
710 1075 35 20 det
753 1075 131 26 nödvändigt,
893 1074 22 27 *)

168 1108 44 22 nätt
220 1105 67 20 införa
297 1113 76 12 samma
383 1106 140 25 läroprogram
534 1106 31 19 för
576 1106 40 19 alla
627 1106 22 19 af
657 1108 68 17 staten
736 1105 102 20 inrättade
853 1105 63 26 högre

166 1135 207 20 fruntimmersskolor
397 1136 38 19 och
457 1139 31 16 att
511 1136 71 19 skolan
606 1135 6 20 i
627 1135 131 26 Helsingfors
773 1135 7 19 i
796 1135 57 19 detta
868 1135 48 19 hän-

167 1165 76 20 seende
268 1165 63 20 borde
356 1165 55 25 tjena
438 1172 42 13 som
508 1167 76 18 norm.*
620 1166 47 19 Men
690 1165 83 20 emedan
792 1171 46 13 man
861 1164 55 20 fruk-

166 1195 48 19 tade
238 1198 30 17 att
291 1195 25 20 de
339 1195 125 26 sjuklassiga
479 1195 235 20 fruntimmersskolorna
729 1195 66 19 skulle
810 1194 106 20 förorsaka

166 1227 56 17 stora
245 1225 116 24 kostnader,
385 1225 88 25 föreslog
489 1225 94 25 Senaten,
601 1228 42 21 ,att
659 1224 235 20 fruntimmersskolorna
910 1224 6 19 i

166 1254 110 20 allmänhet
299 1255 49 19 böra
363 1255 88 20 inrättas
470 1255 45 19 med
531 1255 40 19 fem
586 1255 81 20 klasser
683 1255 38 19 och
736 1254 179 19 inträdesfordrin-

165 1291 65 18 garna
251 1285 7 18 i
273 1291 75 13 samma
364 1285 47 19 mån
428 1285 55 24 ökas,
499 1285 23 19 sä
537 1287 31 17 ate
583 1285 26 19 de
624 1284 88 25 ungefär
727 1284 79 20 komme
821 1287 31 16 att
866 1287 50 16 mot-

165 1321 61 12 svara
250 1314 35 19 det
307 1315 164 25 kunskapsmått,
495 1321 42 13 som
560 1314 55 20 förut
633 1313 130 21 meddelades
780 1313 28 20 uti
825 1313 91 20 fruntim-

164 1343 140 20 mersskolans
319 1344 7 19 i
341 1344 131 25 Helsingtors
487 1345 36 18 två
539 1345 67 24 lägsta
621 1344 86 25 klasser,
723 1343 70 20 hvilka
806 1343 35 20 vid
850 1343 67 20 denna

237 1408 18 22 +)
268 1408 258 23 Ecklesiastikexpeditionens
539 1409 96 16 berättelse
650 1409 124 16 1870-—1887.
