1045 1659
237 214 178 18 Ekonomiutskottets
435 214 106 18 betänkande
558 214 34 18 N:o
605 214 22 18 20
639 214 5 18 i
657 214 96 22 anledning
765 214 19 18 af
797 215 24 17 ett
833 214 27 18 till

170 242 127 22 Ridderskapet
315 243 32 17 och
368 243 55 17 Adeln
439 243 97 18 inlemnadt
548 243 150 23 petitionsförslag
709 242 92 23 angående
813 243 47 17 slakt

169 272 22 22 Gf
203 272 68 22 REMO
304 277 119 12 «sama
451 268 29 31 FÖR
506 285 33 4 VR
564 285 33 4 DR
622 285 33 4 VE
693 285 49 4 RI
767 285 33 4 WE
825 286 4 3 x
855 286 3 3 p

306 300 83 18 Finlands
402 300 84 18 Ständers
498 300 121 22 underdäniga
632 300 77 22 petition.

237 334 130 23 Lagutskottets
385 335 109 17 betänkande
512 334 34 18 N:o
559 335 11 17 8
582 335 6 17 i
603 334 95 23 anledning
711 335 19 17 af
742 335 25 17 ett
779 334 26 18 till
816 335 43 17 Bor-

168 364 111 22 gareständet
297 363 97 18 inlemnadt
411 363 149 23 petitionsförslag
578 364 91 22 angående
687 363 97 18 ordnandet
799 364 19 16 af
825 363 32 22 ju-

169 393 66 17 darnes
247 392 6 17 i
265 392 59 18 landet
336 392 78 23 rättsliga
426 392 82 23 ställning

304 421 131 23 Lagutskottets
447 421 65 23 förslag
524 421 27 17 till
563 406 178 37 sammanjämkning.

304 450 131 22 Lagutskottets
448 450 53 17 andra
512 450 68 22 förslag
592 450 26 17 till
630 450 177 22 sammanjämkning.

304 478 83 18 Finlands
399 478 82 18 Ständers
494 478 119 23 underdäniga
625 479 79 22 petition.

235 512 94 18 Allmänna
347 513 179 18 Petitionsutskottets
542 513 109 17 betänkande
664 513 33 17 N:o
711 513 22 17 22
745 513 5 17 i
763 513 94 23 anledning

167 542 19 17 af
204 542 26 17 ett
247 542 26 17 till
291 542 131 18 Bondeständet
440 542 72 22 ingifvet
528 542 149 22 petitionsförslag
689 542 91 22 angående
792 542 64 17 under-

166 570 158 23 visningsspräkets
336 571 6 17 i
354 571 115 17 kadettkären
481 571 103 22 förändring
596 570 26 18 till
634 571 52 17 finskt
706 584 3 4 .

236 600 179 22 Järnvägsutskottets
428 600 108 17 betänkande
549 600 33 17 N:o
595 600 11 17 3
618 606 6 10 i
636 599 95 23 anledning
743 600 18 17 af
771 580 83 47 särskilda

167 628 28 17 till
203 628 98 23 Höglofliga
310 628 77 18 Ständen
396 628 100 18 inlemnade
504 628 94 23 petitioner
607 628 90 23 angäende
708 628 147 22 kanaliserings-

163 652 84 32 arbeten.
359 670 32 4 NK
417 670 380 5 PMSIEMPIESS
649 653 68 31 YES
734 653 66 31 5:

304 686 179 22 Järnvägsutskottets
495 686 67 22 förslag
574 686 26 17 till
613 686 179 22 sammanjämkning.

304 714 83 18 Finlands
400 714 80 18 Ständers
494 714 119 23 underdäniga
625 715 80 22 petition.

234 748 94 18 Allmänna
343 748 178 18 Petitionsutskottets
539 749 108 17 betänkande
663 749 33 17 N:o
709 749 23 17 25
743 749 6 17 i
761 749 94 22 anledning

165 777 19 17 af
195 777 40 22 fyra
252 777 5 17 i
273 777 126 23 Ridderskapei
411 778 32 17 och
456 778 58 18 Adeln
527 779 46 16 samt
585 778 149 22 Borgareständet
745 778 66 22 ingifna
824 783 30 17 pe-

165 805 126 23 titionsförslag
305 806 91 23 angäende
408 806 83 17 särskilda
504 806 60 23 tillägg
576 807 33 16 och
621 807 94 22 ändringar
727 806 5 17 i
745 806 62 22 nädiga
818 806 35 17 för-

165 834 97 23 ordningen
279 835 19 17 af
315 836 33 16 den
368 836 22 17 15
408 835 46 17 Mars
468 836 44 17 1880
528 836 91 22 angäende
631 835 108 22 författares
751 835 33 17 och
795 835 59 17 konst-

164 864 46 16 närs
222 865 38 15 rätt
273 863 26 17 till
311 863 54 18 alster
376 864 19 17 af
407 864 26 17 sin
447 864 112 17 verksamhet
676 878 4 4 a

303 892 81 18 Finlands
397 893 82 17 Ständers
491 893 120 22 underdäniga
624 892 77 23 petition.

233 926 46 23 Lag-
298 927 31 17 och
347 927 178 17 Ekonomiutskottets
537 927 111 17 betänkande
661 927 33 17 N:o
708 927 22 17 10
743 927 5 17 i
760 926 94 23 anledning

163 954 20 18 af
194 955 65 17 tvenne
277 956 147 22 petitionsförslag
440 956 89 22 angäende
542 956 87 22 reglering
641 956 20 17 af
672 956 113 17 klockarenes
797 956 6 16 i
815 955 38 18 lan-

163 983 40 18 dets
217 984 199 22 evangelisk-lutherska
428 984 123 23 församlingar
563 984 85 22 aflö»ing

302 1012 83 18 Finlands
398 1014 82 16 Ständers
492 1013 121 22 underdäniga
625 1013 77 22 petition.

231 1046 94 19 Allmänna
341 1047 180 18 Petitionsutskottets
537 1047 110 17 betänkande
659 1047 33 17 N:o
705 1047 23 17 23
740 1047 40 17 med
792 1046 61 18 anled-

162 1074 43 23 ning
221 1076 20 16 af
252 1077 26 16 ett
289 1076 26 17 till
327 1076 134 18 Presteständet
472 1076 97 17 inlemnadt
581 1075 176 23 petitionsmemorial
769 1081 28 12 om
810 1076 43 17 ned-

163 1104 87 17 sättandet
263 1105 18 16 af
293 1110 22 12 en
327 1105 65 17 komite
404 1105 27 17 för
443 1105 84 17 särskilda
539 1104 112 22 skolfrägors
663 1104 130 23 undersökning

231 1132 94 18 Allmänna
344 1134 178 17 Petitionsutskottets
539 1133 110 17 betänkande
658 1133 33 17 N:o
706 1133 22 17 24
740 1134 5 16 i
758 1133 95 22 anledning

161 1160 20 18 af
192 1162 26 16 ett
229 1161 27 17 till
266 1162 130 18 Bondeständet
405 1162 98 17 inlemnadt
512 1162 175 22 petitionsmemoria!
695 1167 29 12 om
734 1167 21 12 en
765 1162 87 22 reorgani-

163 1190 55 17 sation
231 1190 19 18 af
268 1190 122 18 skolväsendet
402 1191 65 17 därhän
481 1192 27 16 att
522 1190 103 22 folkskolan
636 1190 71 18 komme
721 1192 25 16 att
758 1191 61 22 utgöra
831 1195 22 13 en

161 1218 65 18 allmän
239 1219 109 18 Dotfenskola
361 1220 27 17 för
400 1220 69 17 landets
481 1219 53 23 högre
547 1219 221 23 undervisningsanstalter

230 1247 95 19 Allmänna
343 1248 177 18 Petitionsutskottets
536 1248 111 17 betänkande
659 1248 34 17 N:o
706 1248 23 18 26
741 1248 40 17 med
793 1248 59 17 anled-

160 1275 43 23 ning
215 1276 19 17 af
252 1279 64 15 tvenne
329 1277 26 17 till
367 1277 127 22 Ridderskapet
506 1276 32 18 och
552 1276 57 18 Adeln
622 1278 46 16 samt
681 1276 133 18 Presteständet
826 1276 26 17 in-

160 1304 83 18 lemnade
256 1305 175 22 petitionsmemorial
442 1306 90 22 angäende
545 1306 165 17 ästadkommandet
722 1305 19 17 af
752 1305 101 23 lagstadgad

161 1333 76 19 kontroll
249 1334 50 18 öfver
310 1334 167 22 emigrantagenter
498 1348 4 4 .
847 1347 4 3 .

301 1363 80 18 Finlands
393 1363 83 17 Ständers
488 1348 120 37 underdåniga
615 1344 91 45 "petition.

230 1397 131 23 Lagutskottets
379 1398 109 17 betänkande
506 1397 34 18 N:o
560 1398 22 17 10
599 1398 6 16 i
623 1397 96 22 anledning
736 1396 19 18 af
767 1397 26 17 ett
804 1396 48 18 inom

159 1424 133 20 Bondeståndet
304 1426 52 18 väckt
369 1426 150 22 petitionsförslag
530 1426 91 23 angående
633 1426 109 22 förkortning
753 1425 19 18 af
782 1425 70 23 tjenste-

898 272 27 17 4.

896 396 28 18 422.

890 1105 29 17 47.

889 1334 29 18 49.
