1014 1653
820 111 12 19 5

109 176 81 26 Europa
205 176 64 20 under
286 176 64 20 1880-
366 176 37 20 och
421 175 119 21 1890-talen
556 176 5 20 i
578 176 94 20 afseende
685 176 12 20 å
708 175 152 27 komplettering

110 206 22 20 af
147 206 24 20 de
186 206 46 20 från
248 205 111 21 statistiken
373 205 91 21 erhållna
475 206 130 20 summariska
615 206 129 27 uppgifterna
754 206 107 20 anordnats

109 243 26 13 en
151 236 123 20 omfattande
290 235 106 27 forskning
411 236 45 20 med
471 236 95 20 ändamål
582 239 29 17 att
626 236 6 20 i
648 236 50 20 form
712 236 22 20 af
750 235 113 21 berättelser

110 266 104 26 angående
234 265 41 21 alla
290 265 31 20 till
337 265 215 27 landthushållningen
567 266 89 20 hörande
672 265 140 21 förhållanden
829 273 33 13 an-

111 295 68 21 skaffa
194 302 25 14 en
235 296 120 26 omständlig
375 296 107 26 utredning
503 303 32 13 om
557 296 23 20 de
597 296 109 26 tryckande
722 296 140 20 landtmanna-

110 325 154 20 förhållandena
287 329 51 16 samt
361 326 65 19 medel
449 326 30 19 till
505 326 66 20 dessas
597 326 141 20 förbättrande.
770 326 44 20 Och
837 326 26 26 på

111 355 58 21 dessa
184 355 128 27 forskningar
328 355 61 21 hafva
405 355 118 27 styrelserna
539 356 62 20 sedan
616 356 87 27 grundat
713 356 44 20 sina
768 355 94 27 åtgärder.

183 385 39 21 Om
238 393 47 12 man
301 385 35 20 hos
352 392 33 13 oss
404 385 74 20 önskar
494 386 80 27 vidtaga
590 386 146 20 verksammare
752 385 90 27 åtgärder
857 385 6 20 i

111 415 94 20 afseende
220 416 12 19 å
248 415 144 20 förbättrandet
408 415 21 20 af
445 416 35 20 vår
493 415 189 28 landthushållning
693 416 37 20 och
741 416 47 20 våra
798 415 64 20 landt-

111 445 221 25 mannaförhållanden,
349 447 22 18 är
387 445 62 27 enligt
463 446 41 20 min
520 446 61 20 tanke
597 453 26 13 en
633 446 57 27 dylik
701 446 105 26 forskning
816 445 47 20 nöd-

113 475 79 27 vändig.

183 505 41 27 Jag
238 505 91 21 anhåller
348 505 53 27 förty
421 506 34 20 det
476 506 46 20 ville
542 507 33 19 det
591 506 123 20 hedervärda
730 506 79 20 ståndet
824 513 39 13 om-

113 535 52 21 fatta
180 542 25 13 en
221 536 81 26 petition
318 536 74 24 därom,

399 603 31 19 att
451 602 62 21 Hans
530 602 120 28 Kejserliga
666 602 104 28 Majestät
786 601 76 22 täcktes

328 632 9 20 i
352 632 69 20 nåder
438 632 111 27 förordna,

399 663 33 19 att
454 662 40 20 vär
518 662 223 21 landtbruksstatistik
762 662 48 20 med
830 662 34 20 det

327 690 71 28 första
417 691 72 21 ställes
507 691 31 28 pä
559 699 26 14 en
609 691 73 22 sävidt
704 691 82 28 möjligt
810 691 52 21 tids-

330 721 57 27 enlig
402 721 44 27 fot;
468 723 58 19 samt

401 753 32 18 att
443 751 25 21 sä
479 751 45 28 fort
533 751 169 28 förhällandena
712 751 80 21 sädant
804 751 59 21 med-

328 781 62 27 gifva
418 788 27 13 en
469 781 313 28 landtmannaförhällandena
810 781 55 27 bely-

330 811 67 20 sande
413 811 83 21 allmän
511 811 115 28 forskning
642 811 117 22 anordnas.

187 876 133 27 Helsingfors,
337 877 38 20 den
393 878 12 19 8
422 877 95 20 Februari
535 878 62 20 1897.

577 943 26 21 A.
621 943 26 21 F.
666 943 127 21 Danielson.

378 1008 78 19 Härom
472 1008 79 20 förenar
566 1008 37 26 sig:

638 1073 47 21 Uno
702 1073 94 20 Bremer.
