1034 1650
790 131 27 19 27

98 188 6 21 i
120 188 44 21 den
181 190 52 19 mån
253 188 96 21 berörda
372 188 172 28 undersökning
568 188 91 21 utreder
682 188 52 21 dess
750 188 99 21 nödvän-

98 223 85 28 dighet,
207 223 117 21 äfvensom
348 223 107 22 förordna
470 225 35 19 att
521 223 176 22 Muonionniska
721 223 84 21 socken
826 222 26 21 af

98 259 171 28 Lappmarkens
293 259 68 21 härad
387 259 57 21 skall
468 259 7 21 i
492 259 107 21 afseende
615 261 13 19 å
644 259 149 28 beskattning
808 259 41 20 lik-

99 294 76 21 ställas
192 294 51 21 med
259 295 104 20 häradets
380 294 73 29 öfriga
469 295 144 25 kommuner;

171 331 58 26 17:0)
246 332 34 19 att
295 330 63 21 Hans
382 330 130 29 Kejserliga
535 330 109 28 Majestät
666 332 72 19 måtte
755 330 46 21 låta
818 331 31 19 år-

98 365 62 28 ligen
175 365 78 21 utdela
267 366 96 27 premier
379 367 23 20 åt
418 365 111 29 förtjenta
546 366 160 21 skönlitterära
722 365 127 25 författare,

99 401 57 21 efter
182 401 38 21 det
243 401 104 21 Svenska
372 402 42 20 och
444 401 86 21 Finska
545 401 247 28 litteratursällskapen
815 400 35 21 för

98 436 79 28 hvarje
201 439 60 26 gång
284 437 96 21 lemnats
403 437 92 21 tillfälle
521 439 34 19 att
578 440 104 25 uppgöra
704 436 87 28 förslag
814 436 35 21 till

101 472 64 28 dylik
180 471 131 29 utdelning;

171 509 58 26 18:0)
246 510 34 19 att
295 508 63 21 Hans
373 508 130 29 Kejserliga
519 508 108 29 Majestät
643 509 97 24 täcktes,
753 508 40 21 där
805 515 45 14 om-

100 543 183 29 ständigheterna
300 544 79 21 sådant
395 544 98 28 påkalla,
510 552 27 13 ur
553 544 113 21 allmänna
677 544 74 21 medel
763 545 30 27 på
805 543 45 21 viss

100 579 32 21 tid
148 579 85 28 bevilja
249 579 199 22 landskommuner
471 580 55 21 eller
542 580 42 21 ock
601 580 102 21 enskilda
720 579 131 28 föreningar

100 614 79 28 bidrag
195 614 35 21 till
246 614 129 29 aflöningen
390 614 26 21 af
429 622 28 14 en
474 615 72 21 första
562 615 164 21 ambulatorisk
747 615 104 27 sjukskö-

100 650 81 26 terska,
198 650 94 21 hvilken
312 651 72 20 under
407 650 135 29 provincial-
558 651 55 20 eller
629 650 221 21 kommunalläkares

100 685 100 22 kontroll
221 686 56 27 egde
301 688 33 19 att
358 686 161 21 kostnadsfritt
543 686 141 28 tillhandagä
700 687 151 20 kommunens

100 721 107 21 invånare
230 721 52 22 med
305 721 115 28 sjukvård,
445 722 43 21 och
512 724 34 19 att
569 722 81 21 sådant
675 721 79 28 bidrag
771 721 81 20 främst

100 757 70 20 borde
186 756 164 29 ifrägakomma
365 757 8 20 i
388 757 183 26 landskommun,
587 757 40 21 där
643 757 209 21 kommunalläkare

100 792 73 21 finnes
189 792 99 26 anstäld;

174 828 58 27 19:0)
257 829 34 19 att
312 827 64 22 Hans
402 827 131 29 Kejserliga
559 827 108 28 Majestät
690 827 54 22 ville
768 829 53 25 taga
844 826 7 21 i

102 862 174 29 öfvervägande,
293 865 28 26 pä
338 863 60 21 hvad
414 865 45 19 sätt
475 863 90 21 landets
576 863 140 28 kyrkoarkiv
728 863 41 20 och
782 862 70 21 andra

101 898 75 21 lokala
191 898 65 21 arkiv
271 898 26 21 af
311 899 103 28 offentlig
429 901 68 18 natur
513 899 76 20 kunde
605 898 74 21 bättre
696 901 29 18 än
738 897 113 22 härintills

101 934 100 27 skyddas
217 936 48 19 mot
281 933 129 22 förstörelse
427 934 42 21 och
486 937 66 25 göras
568 933 144 28 tillgängliga
729 933 35 22 för
780 933 72 20 forsk-

102 969 66 28 ning;

173 1007 59 25 20:0)
257 1008 33 18 att
313 1005 63 21 Hans
400 1005 108 28 Majestät
533 1005 39 21 vid
596 1005 209 28 reorganisationen
829 1004 26 21 af

101 1040 162 22 läkarevärden
286 1043 29 26 pä
338 1041 77 21 landet
439 1043 70 19 mätte
533 1040 60 22 fästa
617 1040 96 22 särskild
730 1040 122 28 uppmärk-

102 1076 87 21 samhet
205 1076 38 21 vid
260 1076 127 29 Uleåborgs
402 1077 50 21 läns
468 1076 8 21 i
492 1077 63 21 detta
571 1076 105 22 afseende
693 1078 59 19 mest
764 1075 88 22 vanlot-

101 1112 52 21 tade
169 1112 62 21 delar
247 1113 49 25 och,
313 1113 68 20 innan
404 1113 44 20 den
468 1112 118 21 definitiva
601 1113 144 27 regleringen
762 1118 91 21 genom-

102 1147 66 26 föres,
192 1147 93 28 vidtaga
311 1147 113 29 behöfliga
450 1148 210 28 interimsätgärder
686 1148 35 21 för
748 1147 104 28 tillgodo-

102 1183 93 20 seendet
211 1183 23 21 af
250 1183 65 21 dessa
331 1184 97 21 trakters
446 1183 73 22 behof
533 1183 26 22 af
571 1183 143 26 läkarevärd;

173 1220 59 26 21:0)
257 1221 34 19 att
316 1219 63 21 Hans
405 1219 110 28 Majestät
546 1219 87 21 täcktes
660 1219 45 21 låta
729 1218 49 21 före
801 1220 53 19 näst

102 1254 211 21 sammanträdande
339 1255 136 27 kyrkomöte
499 1257 104 25 uppgöra
626 1254 85 28 förslag
731 1253 35 22 till
783 1253 70 21 sådan

102 1289 97 28 ändring
214 1289 27 21 af
253 1289 44 21 den
313 1289 105 28 religiösa
434 1290 68 21 delen
518 1289 26 22 af
557 1290 28 21 de
601 1297 30 13 nu
648 1289 104 21 använda
768 1288 86 21 edsfor-

102 1324 109 26 mulären,
234 1331 49 14 som
306 1327 29 26 pä
359 1328 89 18 senaste
472 1325 137 28 kyrkomöte
633 1324 137 28 föreslagits,
788 1326 64 23 samt,

102 1359 68 21 sedan
185 1361 66 20 nästa
267 1360 147 27 kyrkomötes
431 1360 119 21 utlätande
561 1359 78 22 blifvit
649 1359 135 25 inhemtadt,
796 1358 58 21 före-

101 1395 68 28 lägga
185 1395 127 22 Ständerna
327 1396 39 21 vid
376 1398 52 18 näst
439 1395 213 21 sammanträdande
662 1395 112 27 landtdag
784 1394 70 27 nädig

102 1430 143 28 proposition
261 1431 116 27 angäende
394 1431 70 20 sädan
480 1431 107 27 ändring;
