1025 1653
109 118 49 20 nala
174 118 131 25 rättigheter.
338 119 67 19 Häraf
419 125 64 18 synes
500 119 90 24 framgå,
606 120 30 19 att
648 118 215 21 missförhällandena

109 149 66 19 redan
191 149 36 19 äro
244 148 86 20 allmänt
346 149 70 19 kända
432 149 39 19 och
488 149 94 19 erkända
598 149 39 19 och
654 149 30 19 att
701 149 40 19 den
757 148 105 20 allmänna

109 178 113 24 opinionen
238 178 82 19 fordrar
336 178 62 20 deras
415 184 64 14 snara
495 178 143 25 afhjelpande,
656 178 67 20 ehuru
734 178 128 24 visserligen

110 207 88 25 enighet
222 208 56 19 ännu
301 208 46 19 icke
371 208 81 19 ernätts
476 208 112 24 angäende
607 208 78 25 sjelfva
701 208 25 19 de
743 208 120 24 fordringar

109 238 48 19 med
174 237 40 19 alla
230 237 89 25 detaljer
334 243 49 13 man
399 238 36 19 vill
450 238 112 25 uppställa.

181 267 60 19 Hvad
264 266 54 20 först
341 267 40 19 och
405 268 75 19 främst
495 268 127 19 rösträttens
637 268 131 24 utvidgande
784 266 78 20 beträf-

110 297 38 23 far,
167 297 49 19 sker
232 297 58 19 detta
306 297 67 25 enligt
387 297 38 19 vär
442 297 57 25 äsigt
514 297 28 25 pä
558 298 31 19 ett
608 297 195 20 tillfredsställande
819 297 44 19 sätt

110 327 76 19 endast
202 332 34 13 om
252 326 28 25 pä
295 326 77 23 landet,
389 326 72 20 säsom
477 328 6 18 i
499 327 101 19 städerna
616 327 66 19 redan
698 328 24 18 är
738 327 65 22 fallet,
821 327 40 18 rät-

110 356 97 25 tigheten
223 357 31 18 att
268 356 87 25 deltaga
370 357 7 18 i
392 356 228 25 landtdagsmannaval
639 357 120 19 utsträckes
776 356 30 20 till
822 356 41 19 alla

110 386 26 19 de
160 386 139 25 medborgare
322 386 147 23 öfverhufvud,
494 387 72 19 hvilka
589 387 35 19 äro
646 386 28 25 pä
692 387 72 19 landet
779 386 84 19 bosatta

110 415 40 20 och
175 416 56 19 skatt
254 415 30 20 till
307 416 138 19 kommunens
461 422 161 19 gemensamma
636 416 67 19 behof
717 416 95 25 erlägga,
829 421 34 14 om

110 445 84 20 säledes
219 445 63 20 äfven
306 445 28 26 pä
357 446 147 25 landsbygden
520 447 41 18 den
576 446 99 25 politiska
691 447 114 18 rösträtten
821 445 41 20 lös-

111 477 64 23 göres
197 475 47 20 frän
268 475 33 20 sin
317 475 99 26 förening
432 476 47 19 med
495 476 111 20 bestämda
622 476 185 19 samhällsklasser
823 475 39 20 och

111 505 39 20 blir
171 506 6 19 i
196 505 80 25 princip
294 505 82 20 allmän.
408 506 8 19 I
432 506 58 19 detta
506 506 102 19 afseende
624 507 24 18 är
663 506 64 19 likväl
743 505 67 25 enligt
825 505 38 19 vär

112 535 57 25 äsigt
192 536 30 19 att
245 535 73 20 märka
342 537 35 22 att,
403 535 24 20 sä
451 535 62 26 länge
541 536 41 19 den
609 536 123 19 nuvarande
755 535 107 25 fyrdelade

112 565 196 25 representationen
328 565 7 19 i
356 565 47 20 värt
421 565 49 20 land
490 566 23 19 är
530 566 104 24 gällande,
652 565 159 20 Bondeständet
825 565 38 19 bör

111 594 69 21 hällas
204 595 24 20 sä
252 595 45 19 fritt
320 601 46 14 som
389 595 83 26 möjligt
496 595 46 20 frän
566 595 109 25 egentliga
698 595 164 26 tjenstemanna-

112 625 96 22 element,
234 625 88 19 emedan
345 625 169 20 Bondeständets
539 625 97 20 ändamål
660 626 23 19 är
705 626 31 19 att
757 624 106 20 företräda

109 655 47 25 just
183 655 40 18 den
253 655 96 24 verkliga
381 655 215 24 landtbefolkningen.
637 649 18 25 Å
666 655 66 19 andra
742 655 61 19 sidan
813 659 50 14 vore

112 684 36 20 det
168 684 51 23 åter,
241 684 67 24 enligt
327 684 39 20 vår
388 684 142 25 uppfattning,
548 684 115 20 tillsvidare
680 684 136 24 nödvändigt,
834 684 30 19 att

112 713 28 25 på
155 714 147 24 landsbygden
317 714 75 19 liksom
408 714 6 19 i
431 714 100 20 städerna
547 714 47 20 från
608 714 126 20 utöfvandet
745 714 23 19 af
777 714 87 19 rösträtt

112 743 123 25 undantaga
255 744 81 19 sådana
354 750 93 18 grupper
463 744 24 19 af
501 744 145 24 medborgare,
664 744 71 19 hvilka
749 744 73 24 intaga
838 749 26 13 en

112 773 122 25 utprägladt
256 774 105 19 beroende
381 774 106 24 ställning,
508 774 40 19 och
561 774 80 25 jemväl
657 774 41 19 alla
715 774 86 22 sådana,
819 778 45 14 som

113 804 46 19 icke
176 803 64 19 hafva
255 803 68 25 några
338 804 109 24 garantier
462 804 33 19 för
511 810 27 13 en
554 804 135 25 sjelfständig
704 803 99 20 utkomst.

184 833 42 19 Det
248 833 39 19 har
310 833 64 20 äfven
396 834 122 25 föreslagits
544 834 30 19 att
593 834 125 19 rösträttens
734 832 130 26 utvidgande

113 862 68 20 skulle
198 863 36 19 ske
250 862 28 26 pä
294 864 30 18 ett
340 864 69 22 annat,
427 869 46 13 som
489 864 36 19 det
540 864 113 22 förmenas,
666 863 137 25 försigtigare
815 863 48 22 sätt,

114 892 106 25 nemligen
236 892 90 20 sälunda
341 894 36 22 att,
395 893 91 19 förutom
502 894 26 18 de
544 894 65 19 redan
626 893 65 25 gifna,
709 892 104 20 särskilda
824 898 41 18 nya

114 928 94 19 grupper
226 922 24 20 af
269 923 140 25 medborgare
425 923 68 19 skulle
509 923 61 25 höjas
586 923 31 19 till
633 924 26 18 de
675 923 94 25 politiskt
785 922 80 25 myndi-

114 958 39 19 ges
171 952 62 20 antal.
265 952 56 20 Utan
345 952 73 20 tvifvel
437 953 68 19 skulle
522 953 63 19 äfven
601 953 57 19 detta
674 953 63 19 lända
753 952 66 20 saken
836 952 29 19 till

114 982 46 19 icke
183 982 61 24 ringa
264 982 84 19 bätnad.
382 982 47 20 Men
453 988 33 13 om
507 983 39 18 ock
567 982 27 25 pä
615 983 57 19 detta
695 983 42 18 sätt
757 982 51 19 flere
824 987 41 18 nya

115 1017 93 19 grupper
224 1011 70 20 blefve
312 1012 184 24 röstberättigade,
509 1012 25 19 sä
545 1012 67 19 skulle
623 1012 63 19 likväl
698 1012 130 20 fortfarande
840 1017 25 13 en

114 1041 34 19 del
168 1041 208 20 samhällsintressen
391 1042 100 19 förblifva
507 1042 187 25 orepresenterade
711 1041 40 20 och
768 1042 30 19 ott
813 1042 53 19 stort

115 1071 57 19 anta]
193 1071 145 24 medborgare,
362 1071 71 20 hvilka
453 1077 51 14 vore
523 1072 135 24 kompetenta
677 1071 40 20 och
733 1071 149 24 berättigade
875 1067 9 33 '

115 1101 31 19 att
161 1101 57 25 välja
233 1101 264 25 ständerrepresentanter,
516 1101 100 20 förblifva
631 1102 6 18 i
649 1102 29 19 ett
689 1101 94 25 politiskt
794 1106 72 19 omyn-

115 1131 185 24 dighetstillständ.
334 1131 31 24 Ty
380 1131 119 25 uppenbart
515 1132 29 21 är,
562 1132 30 18 att
608 1131 35 19 det
658 1137 51 13 vore
725 1131 96 25 omöjligt
837 1131 31 18 att

115 1161 7 18 i
138 1160 241 25 Landtdagsordningen
395 1161 110 24 uppräkna
522 1160 40 20 alla
579 1160 53 24 dem,
649 1166 46 14 som
711 1160 75 20 härvid
796 1160 72 19 kunna

115 1190 160 24 ifrägakomma.
308 1190 72 20 Redan
399 1196 28 13 nu
447 1190 68 20 finnas
533 1190 135 20 folkelement
684 1190 39 20 och
741 1190 54 20 efter
811 1189 57 20 hand

116 1219 84 25 uppstå,
226 1220 67 19 bildas
315 1220 40 19 och
372 1220 86 19 tillväxa
473 1226 42 19 nya
531 1220 86 23 sådana,
634 1220 72 19 hvilka
722 1220 33 19 för
771 1219 51 25 lång
839 1220 29 18 tid

117 1249 77 20 framät
208 1250 82 19 komme
307 1250 31 19 att
353 1249 34 20 stä
402 1250 86 19 utanför
503 1256 27 14 en
546 1250 56 24 dylik
618 1250 159 23 klassifikation.

186 1279 36 19 Ett
232 1279 76 20 sådant
319 1279 173 25 tilivägagäende
504 1280 23 19 är
538 1279 84 20 således
633 1280 46 19 icke
691 1279 80 25 egnadt
783 1279 31 19 att
821 1278 48 20 leda

117 1308 30 20 till
166 1308 69 20 mälet.
260 1309 107 25 Derjemte
383 1309 38 19 bör
437 1309 64 19 äfven
517 1309 153 24 ihägkommas,
683 1310 30 18 att
727 1310 41 18 den
779 1307 88 26 princip,

117 1338 67 25 enligt
199 1338 85 20 hvilken
295 1339 225 24 representationsrätt
530 1339 130 19 förbehällits
672 1338 105 20 särskilda
787 1338 83 19 klasser

117 1367 72 20 säsom
213 1369 30 18 ett
266 1368 141 25 privilegium,
433 1368 65 19 redan
515 1369 23 18 är
554 1368 134 25 öfvergifven
704 1369 47 18 icke
767 1368 53 19 blott
835 1367 35 19 vid
