1025 1656
206 219 26 19 Af
247 219 109 25 ingalunda
370 220 58 25 ringa
443 220 104 24 betydelse
563 226 47 13 vore
625 220 111 22 dessutom,
751 221 29 17 att
794 222 101 22 transpor-

136 249 33 17 ten
185 247 19 19 af
219 248 48 24 mjöl
282 248 38 19 och
335 254 53 19 gryn
402 248 45 20 från
463 248 102 25 Ryssland
581 248 78 20 komme
675 250 30 17 att
720 248 61 19 blifva
797 248 22 19 så
835 248 61 25 billig,

135 277 29 18 att
184 276 43 20 icke
250 276 83 20 allenast
355 277 112 19 Wuoksens
491 278 100 18 närmaste
614 277 134 25 omgifningar
770 276 54 20 deraf
846 277 50 19 hade

135 310 59 19 gagn,
216 306 48 18 utan
283 307 30 17 ett
333 305 117 25 nedgående
464 306 20 19 af
499 306 63 24 priset
583 305 26 25 på
628 306 66 19 denna
709 305 125 24 nödvändiga
850 312 47 12 vara

136 332 65 20 skulle
216 335 47 23 göra
278 334 31 24 sig
325 334 90 19 märkbar
430 334 69 20 utmed
515 334 44 20 hela
574 334 97 19 Karelska
681 334 74 24 banan;
772 336 21 22 ty
804 334 57 24 längs
872 334 24 19 de

135 362 60 23 ryska
215 362 108 19 kanalerna
337 362 69 20 kunde
421 363 46 25 mjöl
484 363 36 19 och
536 369 52 19 gryn
603 363 74 19 fraktas
694 362 30 20 till
740 362 101 20 Wuoksen
859 363 36 19 och

134 391 75 18 Antrea
223 390 176 25 jernvägsstation,
415 394 48 17 utan
478 394 30 16 att
524 392 29 19 för
568 392 55 18 detta
637 391 94 19 ändamål
747 391 82 19 behöfde
844 391 49 19 anli-

134 421 30 17 tas
181 418 157 27 Petersburgska
354 420 97 25 köpmäns
466 420 127 25 förmedling.

203 447 31 20 Då
249 448 24 19 de
289 451 46 17 nära
350 449 61 24 ryska
426 451 87 23 gränsen
528 449 84 25 belägna
627 449 145 19 kommunerna
786 449 42 19 haft
839 455 55 18 myc-

133 476 34 19 ket
182 478 28 17 att
227 476 55 20 utstå
292 483 72 18 genom
375 478 44 25 krig
430 478 37 19 och
478 477 25 20 då
513 477 96 26 följderna
620 478 19 18 af
649 477 24 20 de
684 477 132 24 olägenheter,
827 477 67 19 hvilka

133 504 84 25 tidigare
232 505 93 20 vidlådde
341 506 190 25 donationsgodsen,
545 506 36 19 allt
595 508 55 17 ännu
667 506 59 19 verka
741 506 117 19 hämmande
868 505 26 26 på

133 533 59 19 dessa
208 533 86 20 trakters
310 535 122 24 utveckling,
448 535 57 19 torde
520 541 46 13 man
582 534 19 19 få
612 535 82 24 hoppas,
706 536 29 17 att
745 534 78 19 landets
835 534 58 19 Stän-

133 562 41 24 der,
197 563 104 19 ömmande
323 563 31 19 för
376 563 151 25 ifrågavarande
549 565 64 18 orters
636 563 128 19 ekonomiska
789 563 104 24 förkofran,

133 590 56 19 skola
204 593 111 22 gynnsamt
331 593 87 24 upptaga
429 592 65 19 denna
506 592 36 19 vår
553 592 126 19 vördsamma
694 591 98 19 anhållan,
804 591 22 19 så
838 597 55 18 myc-

132 619 34 19 ket
182 625 41 13 mer
239 625 43 14 som
298 620 54 19 detta
368 621 110 24 angelägna
488 621 215 24 kanaliseringsarbete
718 620 63 25 enligt
794 619 99 20 anställda

132 647 132 26 beräkningar
284 649 78 19 komme
383 651 30 17 att
433 649 92 25 medtaga
540 655 25 14 en
581 649 85 24 kostnad
682 649 20 19 af
717 649 71 19 endast
802 648 90 24 800,000

133 676 64 25 mark;
214 677 37 18 och
267 677 51 25 våga
333 678 19 18 vi
368 678 78 19 derföre
462 678 101 19 vördsamt
578 677 84 24 anhålla,
677 679 31 18 att
722 677 35 20 det
768 677 125 19 Hedervärda

132 704 151 21 Bondeståndet
299 706 46 19 ville
360 707 122 19 understöda
498 706 36 19 vår
549 706 93 19 anhållan
657 706 78 19 derom:

338 771 27 17 att
383 769 109 20 Ständerna
506 769 33 25 för
553 769 33 19 sin
601 769 29 19 del
643 769 43 19 ville
702 769 72 19 besluta
784 769 32 18 och
832 769 7 18 i
853 775 38 12 un-

270 797 93 26 derdånig
375 798 83 24 petition
470 798 34 19 hos
516 797 57 20 Hans
584 798 108 25 Kejserliga
704 797 89 26 Majestät
805 797 86 24 anhålla,

270 827 27 18 att
316 826 106 19 Wuoksens
436 827 57 19 nedre
506 827 43 24 lopp
561 827 8 18 i
581 828 99 17 närmaste
695 826 83 25 framtid
789 825 58 20 måtte
859 826 32 19 ka-

270 854 95 19 naliseras
379 861 69 19 genom
463 855 114 24 Kiviniemi,
596 855 87 20 Suvanto
698 855 34 19 och
749 854 77 25 Taipale
840 854 52 19 ända

269 883 37 19 ned
323 883 29 19 till
370 883 94 25 Ladoga;
485 883 101 26 äfvensom
603 885 28 18 att
650 883 69 20 härtill
740 883 71 25 nödiga
832 883 61 19 medel

270 911 59 20 måtte
343 912 25 24 af
382 912 110 19 Ständerna
506 913 85 18 anvisas.

200 985 127 25 Helsingfors
343 985 39 20 den
399 987 11 18 6
426 986 93 19 Februari
536 986 60 20 1897.

235 1058 42 23 Erik
293 1058 69 29 Pöysti.
612 1059 80 23 Toomas
708 1059 81 23 Suokas.

239 1464 131 23 Helsingfors
384 1465 49 17 1898.
458 1465 128 23 Helsingfors
599 1464 178 24 Centraltryckeri.
