1025 1656
198 110 13 19 2

170 173 55 19 delar
247 172 22 20 af
290 173 43 19 vårt
356 173 46 20 land
425 174 75 19 lemnar
522 174 44 19 stöd
581 173 32 20 för
627 174 34 19 det
676 179 86 19 grymma
778 173 153 24 förfaringssätt,

169 201 75 20 hvilket
259 201 64 20 denna
337 202 84 24 petition
437 202 76 25 åsyftar
528 204 30 17 att
573 201 93 25 afskaffa,
682 203 56 19 torde
754 208 24 13 en
789 202 78 19 domare
877 202 53 19 svår-

170 231 51 23 ligen
236 231 68 18 kunna
318 231 89 24 tillämpa
422 231 145 20 ofvannämnda
571 227 15 34 $
603 231 7 19 i
621 231 114 24 strafflagen
745 231 26 24 på
781 231 150 24 ifrågavarande

171 261 40 17 sätt
233 259 84 19 såframt
335 259 44 20 icke
395 265 46 14 vare
456 261 30 23 sig
501 260 151 24 lagstadgandet
666 259 117 25 förtydligas
799 260 47 19 eller
859 265 26 18 ny
900 259 31 23 lag

171 287 73 20 stiftas.

239 317 36 18 Att
291 317 51 19 döda
358 316 46 24 djur
418 316 31 20 för
465 317 34 19 vår
515 323 48 18 egen
579 319 55 22 nytta
649 317 30 19 till
695 317 47 19 föda
756 317 49 19 eller
820 317 68 24 dylikt,
899 316 32 19 det

171 347 22 17 är
209 351 23 13 en
247 345 23 19 af
284 345 45 19 våra
344 345 124 24 rättigheter,
484 351 32 14 oss
531 346 81 19 anvisad
627 345 22 20 af
663 347 84 18 naturen
762 345 52 24 sjelf,
829 351 44 14 men
888 344 43 20 vårt

171 374 178 19 rättsmedvetande
365 374 37 19 och
417 374 35 19 vår
467 375 70 18 känsla
551 374 36 19 bör
602 374 93 24 förbjuda
710 380 31 13 oss
756 376 29 17 att
796 374 68 19 därvid
874 373 57 25 plåga

172 402 35 19 det
222 403 87 23 onödigt.

239 431 47 19 Men
310 431 64 19 denna
397 431 115 20 medkänsla
535 431 31 20 för
581 431 33 19 det
629 433 83 18 stumma
726 431 89 20 lidandet
829 433 23 17 är
866 433 66 22 tyvärr

170 459 43 20 icke
237 460 72 19 allmän
332 460 60 19 bland
416 460 69 24 folket,
508 459 67 20 därför
590 460 36 19 bör
640 460 33 24 lag
687 461 7 18 i
710 461 69 23 antydt
794 459 51 24 syfte
859 459 72 20 stiftas.

169 488 40 19 Det
230 488 63 24 ligger
317 495 23 12 en
362 489 86 24 oändlig,
464 489 115 19 förädlande
595 488 55 20 kraft
665 489 6 18 i
687 495 24 13 en
726 489 37 24 lag,
779 494 41 14 som
836 488 95 25 uppbäres

170 516 22 19 af
214 517 190 19 rättsmedvetandet
419 517 35 20 hos
471 518 24 19 de
510 517 85 24 bildade,
610 519 21 22 ty
646 518 37 19 den
700 517 114 25 uppfostrar
829 517 102 19 rättsmed-

171 546 94 19 vetandet
279 546 35 19 hos
331 546 24 19 de
371 546 99 19 obildade.

238 575 25 18 Vi
288 575 49 24 våga
362 575 67 19 derför
452 575 100 19 vördsamt
573 574 78 20 anbålla
673 580 31 13 om
725 574 155 24 Ridderskapets
895 573 36 20 och

172 603 72 19 Adelns
261 603 89 25 benägna
366 604 120 19 medvärkan
501 604 31 19 till
547 609 24 14 en
585 603 123 24 underdånig
722 603 83 24 petition
820 603 7 18 i
843 602 49 24 syfte
903 604 28 17 att

380 661 108 19 Ständerna
502 661 58 19 måtte
574 661 8 18 i
596 660 103 24 skrifvelse
715 660 29 19 till
754 660 58 19 Hans
822 659 109 25 Kejserliga

310 689 94 24 Majestät
418 689 85 23 anhålla,
519 691 30 17 att
562 689 58 19 Hans
635 689 110 24 Kejserliga
760 689 92 24 Majestät
863 689 69 19 täcktes

309 718 40 19 dels
365 718 41 20 låta
421 719 76 22 utröna,
514 724 30 14 om
559 718 34 20 och
609 718 29 19 till
653 717 75 20 hvilken
740 717 132 25 utsträckning
881 717 50 19 stad-

308 747 74 24 ganden
405 748 32 18 må
460 748 64 18 kunna
543 747 95 19 meddelas
649 747 14 19 i
683 746 56 24 syfte,
756 748 30 18 att
799 746 32 20 vid
845 747 51 24 slagt
909 747 26 23 af

309 776 87 24 hemdjur
418 776 70 19 minsta
511 776 80 24 möjliga
614 776 76 19 lidande
711 776 79 18 medelst
809 775 122 25 förutgäende

309 804 101 25 bedöfning
433 805 46 19 eller
499 805 29 24 på
543 806 59 18 annat
616 804 162 24 ändamålsenligt
791 805 40 18 sätt
846 804 85 24 tillfogas

309 834 73 23 djuren,
407 834 40 18 dels
471 834 33 19 och
522 834 65 18 därest
601 833 124 24 utredningen
740 833 68 19 därtill
822 833 109 24 föranleder

309 862 41 19 låta
372 862 87 20 utarbeta
483 862 57 24 nådig
553 862 121 24 proposition
689 862 8 18 i
712 863 68 21 ämnet,
797 863 28 18 att
839 863 92 18 nästsam-

310 891 140 19 manträdande
467 890 81 21 Ständer
562 890 117 25 föreläggas.

241 946 64 22 Gösta
319 952 37 16 von
372 947 101 22 Schoultz.
669 947 55 21 A.F.
740 946 121 28 Tigerstedt.

283 1414 104 16 Helsingfors,
398 1415 82 16 'Pidnings-
489 1415 12 13 &
510 1415 184 16 Tryckeriaktiebolagets
703 1415 70 16 tryckeri,
784 1415 38 13 1897.
