1036 1659
216 128 11 20 2

184 194 148 27 öfvervägande
355 194 55 20 antal
432 194 60 20 redan
515 193 80 27 tidigare
617 193 69 28 begått
706 194 58 25 brott,
787 194 51 20 varit
860 193 72 21 stadt
922 189 14 36 i

183 224 108 26 beständig
310 224 84 20 tillväxt.
425 224 31 20 De
478 224 30 20 till
529 224 108 20 tukthusen
657 224 95 20 inkomna
773 231 54 20 unga
846 224 86 29 manliga

184 253 109 27 fångarnas
316 254 55 20 antal
392 254 36 20 har
449 254 63 20 under
532 254 24 20 de
576 255 27 19 tio
622 258 77 16 senaste
715 254 47 20 åren
778 254 58 20 ökats
852 261 40 13 mer
906 256 26 18 än

183 283 45 27 fyra
238 284 74 26 gånger
321 286 57 18 —78
392 284 62 20 under
467 286 55 18 1896
534 288 52 16 emot
598 286 26 18 18
635 285 63 19 under
710 285 96 23 1887
782 279 27 35 —,
817 284 71 20 medan
899 291 34 13 an-

184 313 49 20 talet
252 314 102 26 nykomna
374 314 88 27 manliga
482 314 72 26 fångar
569 314 134 20 öfverhufvud
718 314 64 20 under
797 314 88 20 nämnda
900 321 32 19 pe-

183 344 41 19 riod
240 344 44 20 icke
299 351 35 13 ens
349 344 130 24 fördubblats,
497 356 26 3 —
536 344 43 21 516
595 344 63 20 under
675 345 56 19 1896
748 347 52 17 emot
817 345 40 19 281
870 344 63 20 under

185 374 63 20 1887.
279 374 94 20 Däremot
396 374 62 20 hafva
474 374 23 20 de
513 374 30 20 till
559 374 143 20 tukthusstraff
719 374 73 20 dömda
807 381 54 19 unga
876 374 56 20 kvin-

183 410 41 18 nor,
241 403 78 30 hvilkas
336 404 55 20 anta]
401 404 134 20 öfverhufvud
545 406 22 18 är
577 405 62 26 ringa,
652 404 57 20 ökats
720 404 5 20 i
736 404 47 20 vida
793 404 76 20 mindre
879 404 53 26 grad.

254 430 69 24 Äfven
340 434 92 20 siffrorna
447 434 56 20 öfver
518 441 54 20 unga
587 436 52 23 män,
653 434 72 20 dömda
736 434 30 20 till
777 434 155 27 fängelsestraff,

184 476 27 2 —
228 464 32 20 för
279 464 68 20 hvilka
367 464 166 27 &ldersuppgifter
552 464 67 20 finnas
639 464 71 20 endast
725 464 31 20 för
772 464 24 20 de
812 467 28 17 tre
856 467 76 17 senaste

183 494 53 24 &ren,
254 506 28 2 —
298 494 60 20 förete
374 501 24 13 en
415 494 192 27 anmärkningsvärd
624 494 80 26 ökning,
720 494 29 26 ity
765 497 29 17 att
810 494 56 20 deras
877 494 55 20 antal

172 524 37 26 "pä
225 526 29 17 tre
270 524 22 19 år
307 524 52 26 stigit
374 524 45 20 med
434 532 41 12 mer
490 526 26 18 än
534 526 41 19 100
585 523 34 29 o.
649 524 40 20 Till
704 524 67 26 någon
788 524 32 20 del
836 524 46 20 bero
898 531 33 13 an-

182 553 58 20 förda
261 553 97 27 ökningar
378 554 26 26 pä
425 554 151 26 tillämpningen
595 554 21 20 af
632 554 38 20 den
687 561 40 19 nya
743 554 124 26 strafflagen,
883 553 49 21 hvil-

183 583 40 20 ken
239 584 46 20 med
300 584 142 20 tukthusstraff
457 584 94 27 belägger
566 584 120 27 exempelvis
702 584 24 20 de
741 584 79 26 ganska
830 584 102 20 allmänna

183 613 174 27 tjufnadsbrotten,
373 614 31 20 för
419 614 69 20 hvilka
504 614 38 20 den
557 614 55 20 äldre
627 614 151 27 lagstiftningen
793 614 33 20 vid
837 614 24 20 de
871 614 61 20 första

182 650 82 14 resorna
279 643 95 27 stadgade
389 644 71 20 endast
476 644 115 20 bötesstraff
605 644 104 20 äfvensom
722 644 46 20 med
782 643 150 27 fängelsestraff

182 673 50 20 flere
256 674 42 20 ofta
317 674 161 20 förekommande
498 674 131 27 förbrytelser,
650 674 69 20 hvilka
739 674 53 20 förut
808 674 67 20 kunde
891 680 40 13 um-

182 703 66 27 gällas
264 704 45 20 med
323 704 141 26 jemförelsevis
479 704 56 26 ringa
550 704 55 20 böter
621 704 48 20 eller
684 704 132 26 kroppsplikt.
847 704 36 20 Ett
898 710 33 14 an-

182 736 36 17 nat
241 733 125 21 förhällande
389 741 45 19 eger
455 742 43 12 rum
519 734 45 20 med
585 734 24 20 de
629 734 31 20 för
675 734 110 20 lösdrifveri
802 733 30 21 till
848 733 84 21 allmänt

182 763 68 20 arbete
266 764 71 20 dömda
353 771 53 19 unga
422 771 96 19 personer,
535 764 62 20 bland
612 764 70 20 hvilka
697 764 116 20 kvinnorna
828 764 51 20 visat
890 766 41 17 ten-

183 793 50 20 dens
254 796 30 17 att
303 793 48 21 ökas
372 794 98 20 snabbare
485 796 27 18 än
527 795 93 23 männen,
637 797 28 17 ett
680 794 132 24 förhällande,
828 800 41 14 som
885 793 47 27 möj-

182 822 54 27 ligen
258 823 36 20 har
315 823 29 21 sin
366 824 65 26 grund
452 824 29 20 uti
502 823 63 21 under
580 831 68 13 senare
664 824 23 20 är
701 823 96 27 vidtagna
813 823 119 27 stränghets-

182 853 93 26 ätgärder
290 856 51 17 emot
356 854 147 26 prostituerade.
533 854 132 20 Vittnesbörd
681 860 30 14 om
728 853 167 27 förefintligheten
911 853 22 20 af

182 889 26 13 en
223 882 45 21 icke
282 883 56 27 ringa
353 883 126 27 brottslighet
488 884 63 20 bland
558 884 117 27 ungdomen
689 884 48 20 bära
747 883 41 20 alla
798 883 58 20 dessa
867 882 66 21 siffror

182 912 6 20 i
204 912 69 27 hvarje
288 912 101 22 händelse.

254 942 83 21 Jämväl
359 943 120 21 frekvensen
503 944 21 19 af
546 943 65 21 elever
634 944 28 20 uti
686 943 78 20 landets
787 946 74 17 tvenne
886 950 48 19 upp-

182 972 192 27 fostringsanstalter
396 973 32 20 för
449 974 129 26 minderårige
601 973 110 27 förbrytare
734 972 37 21 och
794 973 40 20 den
856 976 78 16 temme-

182 1001 54 27 ligen
261 1002 77 20 snabba
360 1002 102 28 ökningen
486 1003 21 20 af
529 1003 100 20 desamma
652 1004 29 19 uti
704 1003 39 20 den
767 1002 31 20 för
818 1009 69 20 gossar
906 1002 28 20 af-

182 1032 62 20 sedda
265 1032 141 27 inrättningen,
428 1040 58 19 synes
507 1033 5 19 i
529 1033 29 19 sin
574 1033 47 20 mån
636 1032 95 27 bestyrka
746 1032 140 27 nyssnämnda
901 1032 33 26 på-

182 1062 89 20 stående.

255 1092 89 20 Koivula
359 1092 212 27 uppfostringsanstalt
581 1092 31 20 för
622 1092 131 26 minderåriga
763 1092 89 26 manliga
863 1092 71 20 brotts-

182 1120 66 28 lingar
270 1125 86 23 emottog
377 1122 31 20 sin
431 1122 62 20 första
512 1122 64 21 intern
597 1122 38 20 den
657 1124 12 18 9
686 1122 55 20 Mars
759 1122 63 20 1891.
853 1121 40 21 Till
909 1129 24 12 en

182 1150 71 28 början
274 1155 96 23 upptogos
392 1152 102 20 därstädes
513 1159 68 20 gossar
601 1152 63 20 under
686 1153 26 19 15
734 1152 27 25 år,
782 1158 42 14 som
840 1152 51 26 gjort
906 1152 29 26 sig

182 1180 94 27 skyldige
292 1181 29 20 till
337 1182 64 26 gröfre
417 1186 71 16 vanart
504 1182 36 20 och
555 1182 26 26 på
597 1182 65 26 grund
678 1182 21 20 af
713 1182 58 26 intyg
784 1182 21 19 af
815 1181 58 27 polis-
887 1181 48 20 eller

182 1210 240 28 kommunalmyndighet,
444 1215 74 17 ansetts
534 1212 47 20 böra
597 1212 6 19 i
618 1211 213 27 uppfostringsanstalt
845 1211 89 20 insättas.

183 1240 82 20 Sådane
281 1241 75 20 funnos
371 1242 6 19 i
393 1242 62 26 sagda
470 1242 75 20 anstalt
560 1242 22 20 år
599 1243 62 23 1894,
678 1242 26 19 då
719 1240 119 28 strafflagen
849 1241 85 26 begynte

182 1270 109 27 tillämpas,
313 1272 35 19 44.
378 1271 68 21 Sedan
468 1272 44 20 dess
527 1272 36 20 har
578 1272 28 19 uti
621 1271 101 21 anstalten
738 1271 111 26 emottagits
865 1270 70 21 endast

182 1300 82 27 sådane,
291 1308 41 13 som
352 1301 26 26 på
398 1302 66 26 grund
483 1302 22 20 af
524 1301 117 27 strafflagen
663 1301 21 20 af
704 1300 86 21 domstol
805 1301 64 19 dömts
885 1300 49 20 att
924 1296 13 37 i

182 1330 215 27 uppfostringsanstalt
416 1332 88 20 insättas,
535 1332 41 20 Vid
596 1332 100 26 ingången
717 1331 21 19 af
758 1330 135 21 innevarande
913 1330 22 20 år

181 1359 52 20 hade
256 1360 29 20 uti
308 1360 100 20 anstalten
432 1361 80 27 intagits
533 1361 56 20 öfver
609 1361 37 20 allt
668 1362 41 19 128
731 1360 69 24 elever,
816 1360 58 20 däraf
889 1360 45 20 från

182 1389 175 21 stadskommuner
372 1390 34 25 82,
423 1390 63 21 bland
501 1390 69 21 hvilka
585 1392 28 19 48
630 1391 45 20 från
691 1390 134 27 Helsingfors,
846 1391 25 19 11
888 1390 45 20 från

183 1419 140 25 Tammerfors,
340 1421 12 19 5
368 1420 46 20 från
430 1414 52 31 Åbo,
498 1422 14 18 4
528 1420 44 20 från
588 1420 79 27 Nystad
683 1428 25 12 m.
725 1420 21 20 fl.
763 1423 51 17 samt
825 1420 27 20 46
864 1419 69 25 elever,
