1017 1653
102 172 71 20 kunna
188 172 96 20 utveckla
304 172 37 25 sig.
373 172 38 20 Om
426 172 103 25 nämligen
545 171 166 21 statsunderstöd
726 172 47 19 icke
789 171 64 20 bevil-

100 202 33 26 jas
156 204 21 18 åt
200 202 78 20 sådana
300 202 247 25 fortbildningsläroverk,
564 204 49 17 utan
629 201 90 20 tilldelas
735 201 120 25 samskolor,

104 233 66 19 såsom
186 238 28 13 nu
230 232 54 25 sker,
301 232 22 19 så
339 232 70 19 kunna
425 231 242 25 fortbildningsläroverk
683 231 46 19 icke
744 231 7 19 i
767 230 89 26 längden

103 262 46 20 med
175 261 94 20 enskilda
295 261 65 19 medel
383 262 120 25 uppehållas
527 261 37 19 och
583 261 106 23 föräldrar,
706 268 43 12 som
766 260 90 20 önskade

103 295 31 17 att
156 291 61 20 deras
240 291 79 19 döttrar
342 291 76 25 erhölle
441 292 64 24 högre
528 291 99 25 bildning,
652 294 35 16 äro
710 295 94 21 tvungna
826 293 30 17 att

104 324 54 17 sätta
183 321 61 20 dessa
266 320 7 19 i
297 321 118 19 samskolor.
454 320 90 21 Sålunda
567 320 109 25 befrämjar
700 320 122 25 regeringen
848 320 8 19 i

103 351 73 26 sjelfva
192 351 72 20 verket
280 350 90 25 ensidigt
385 350 166 26 samuppfostran
566 353 52 17 samt
633 350 92 19 hämmar
743 349 113 20 medelbart

102 380 248 21 fruntimmersskolornas
365 380 126 25 utveckling.
521 380 63 20 Detta
600 381 44 18 åter
659 381 44 18 står
718 379 46 20 icke
780 379 6 20 i
805 386 51 13 sam-

103 411 64 25 klang
189 410 46 20 med
259 410 38 19 den
319 410 126 20 omvårdnad
460 410 121 25 regeringen
598 409 102 20 härintills
716 412 62 23 egnat
794 409 26 20 de
836 409 23 20 af

104 441 118 20 densamma
248 440 104 19 inrättade
374 439 241 21 fruntimmersskolorna.
655 439 78 20 Genom
756 442 31 17 att
810 440 46 19 åter

103 470 127 21 understöda
245 470 64 25 enligt
325 470 54 19 olika
395 470 103 25 principer
513 469 108 26 inrättade,
632 469 31 20 för
674 469 87 26 qvinnor
772 469 85 20 afsedda

104 500 100 26 läroverk,
227 500 31 19 uti
281 499 70 20 hvilka
374 499 104 20 meddelas
494 502 29 17 ett
538 500 57 25 lägre
610 499 160 26 kunskapsmått
785 501 26 17 än
826 499 31 19 uti

105 533 79 17 statens
206 529 216 26 fruntimmersskolor,
446 529 73 20 vinner
535 532 66 17 staten
617 531 26 24 på
659 529 57 20 detta
732 529 83 20 område
830 535 25 13 en

104 560 112 25 tillräcklig
232 560 38 19 och
286 559 117 26 mångsidig
418 559 122 26 erfarenhet,
554 559 31 20 till
593 559 48 20 dess
649 561 79 18 statens
736 558 120 20 nuvarande

104 589 209 21 fruntimmersskolor
335 591 44 18 åter
403 590 65 19 måste
490 589 97 26 utvidgas
604 589 37 20 och
657 589 167 25 omorganiseras.

175 620 60 19 Emot
252 619 25 20 de
293 619 23 20 af
329 626 33 13 oss
378 619 86 20 anförda
479 619 46 20 skäl
540 619 41 20 kan
597 619 106 25 invändas,
719 620 31 18 att
766 618 91 25 regerin-

104 655 40 20 gen
168 650 7 18 i
197 650 64 24 högre
282 649 108 25 grad'hos
407 656 33 12 oss
456 652 26 16 än
498 649 134 19 annorstädes
647 648 108 26 befrämjat
772 648 84 25 gvinno-

105 678 125 26 bildningen.
261 679 46 19 Den
330 678 37 20 har
391 678 102 26 nemligen
516 685 74 19 genom
613 678 127 20 inrättandet
755 678 24 20 af
792 680 62 17 stats-

104 708 209 20 fruntimmersskolor
323 708 53 26 tagit
387 708 32 26 sig
430 715 26 13 an
467 708 208 26 qvinnobildningens
686 708 94 25 höjande,
792 707 65 20 under

105 739 35 19 det
163 741 30 17 att
208 738 213 20 fruntimmersskolan
443 738 7 19 i
465 738 50 20 flere
530 738 65 20 andra
610 738 72 20 länder
697 740 24 17 är
736 744 26 13 en
778 737 77 26 privat-

104 768 122 26 inrättning.
257 769 48 19 Men
321 769 12 19 å
348 768 65 20 andra
429 768 59 20 sidan
504 769 65 19 måste
585 768 34 19 det
635 768 120 25 medgifvas,
772 769 31 17 att
819 767 34 19 det

104 798 46 20 icke
166 798 71 20 höfves
252 798 123 25 regeringen
391 800 31 17 att
437 800 75 18 stanna
527 799 26 25 på
568 798 69 19 halfva
647 800 67 23 vägen
724 797 35 20 vid
771 796 83 21 utveck-

104 828 71 20 landet
196 828 22 20 af
230 828 211 25 bildningsanstalter,
458 834 43 13 som
517 827 116 20 densamma
649 827 48 25 sjelf
710 827 92 25 inrättat,
818 826 38 20 och

105 860 31 18 att
152 858 113 26 öfvergifva
280 857 180 26 bildningssyften,
476 864 42 13 som
535 857 39 20 den
589 857 32 20 för
636 857 32 25 sig
683 856 97 27 uppstält.

176 888 30 19 På
229 887 68 26 grund
321 887 22 20 af
367 887 35 20 alli
419 887 56 20 detta
490 888 53 24 våga
559 887 21 20 vi
595 887 74 20 föreslå
685 894 25 12 en
726 886 130 25 underdänig

104 918 87 25 petition
207 918 69 19 derom

392 960 29 18 att
444 959 112 25 regeringen
579 958 41 20 med
643 958 123 25 tillräckliga
787 957 69 25 bidrag

320 989 59 19 måtte
397 988 116 20 understöda
529 988 94 24 läroverk,
639 988 68 19 hvilka
721 988 62 19 under
797 993 59 14 namn

321 1018 25 24 af
354 1018 235 25 fortbildningsläroverk
605 1018 46 19 eller
666 1017 190 25 fortbildningskur-

320 1054 36 17 ser,
372 1048 91 23 förenade
479 1048 41 19 med
535 1048 62 25 någon
605 1047 195 24 fruntimmersskola
810 1047 47 19 eller

321 1078 112 24 fristående,
449 1078 92 25 antingen
557 1077 68 20 bereda
639 1077 45 20 sina
699 1077 60 20 elever
776 1076 82 24 tillfälle

321 1109 30 18 att
373 1108 81 25 utvidga
477 1107 22 20 de
513 1107 116 25 kunskaper,
644 1113 40 14 som
699 1107 30 19 uti
739 1106 119 25 femklassig

320 1137 192 25 fruntimmersskola
527 1137 102 19 meddelats
644 1137 47 23 dem,
707 1137 47 19 eller
766 1135 35 21 ock
812 1136 44 24 för-

321 1167 68 19 bereda
404 1167 41 19 dem
461 1167 33 23 för
509 1166 154 20 studentexamen
678 1166 47 20 eller
739 1166 118 24 yrkesskola.

178 1226 136 26 Helsingfors,
331 1226 39 20 den
387 1227 13 19 8
417 1226 100 20 Februari
536 1226 62 20 1897.

214 1286 21 21 H.
252 1285 107 22 Melander.
498 1284 70 22 Sakari
585 1284 19 22 A.
620 1284 129 22 Westerlund.
