1023 1656
212 111 76 23 Ständ.
305 112 48 22 Pet.
370 125 25 3 —
412 110 153 25 Petitionsbet.
581 110 40 25 N:o
636 112 35 22 44.
810 113 12 21 3

66 178 94 28 Ladoga
181 185 77 14 vunne
281 186 28 14 en
332 178 78 22 direkt
430 179 143 21 förbindelse
588 179 53 21 med
656 179 91 21 landets
760 178 63 29 järn-

66 215 103 25 vägsnät,
186 212 40 22 har
240 220 54 14 man
307 213 89 28 jämväl
411 215 59 20 trott
492 214 37 28 sig
544 214 80 21 kunna
639 216 88 19 emotse
741 221 29 13 en
786 214 37 20 be-

66 247 86 28 tydligt
167 247 60 21 ökad
243 247 64 21 såväl
322 255 93 21 person-
432 255 48 14 som
504 248 129 29 godstrafik
655 248 6 22 å
677 248 28 22 de
722 249 102 20 närmast

66 281 98 29 belägna
179 282 107 22 banorna.
316 277 106 27 Äfvenså
444 282 42 22 har
505 283 108 28 antagits,
631 285 34 19 att
679 283 38 21 för
731 283 28 21 de
774 282 50 22 vid-

66 316 102 22 sträckta
182 316 8 22 i
205 316 179 22 Vuoksendalen
399 317 52 22 från
466 318 93 21 Jääskis
576 318 59 21 ända
645 318 38 21 till
693 317 130 22 Kiviniemi

66 350 121 30 befintliga
209 351 166 29 vedskogarna,
398 352 80 22 hvilka
494 352 37 22 för
546 352 143 22 närvarande
704 352 70 22 hafva
789 353 35 20 ett

66 386 66 27 ringa
153 386 75 28 värde,
253 394 29 14 en
305 387 103 21 utmärkt
430 387 132 28 afsättning
580 388 30 27 på
625 387 35 22 S:t
683 387 139 27 Petersburg

66 420 74 21 skulle
156 424 87 25 öppnas
259 428 83 21 genom
357 429 33 14 nu
404 421 88 29 yrkade
507 421 164 29 kanalisering,
686 425 55 18 enär
751 421 71 28 gång-

66 455 54 21 bara
141 455 117 29 vedpriset
279 457 77 20 vester
378 463 38 14 om
434 456 130 22 Kiviniemi
579 456 8 21 i
603 456 109 22 medeltal
726 457 70 27 utgör
812 456 10 21 1

66 490 64 21 mark
146 491 28 21 25
188 490 70 29 penni
273 491 37 21 för
324 490 154 29 kubikmeter,
489 499 54 14 men
553 491 41 21 vid
602 491 93 28 Taipale
709 490 115 29 mynning

66 525 30 28 på
110 525 110 21 stranden
235 525 26 21 af
274 525 95 29 Ladoga
384 527 14 21 3
413 525 65 22 mark
489 526 37 21 för
536 525 154 22 kubikmeter.
707 525 117 28 Slutligen

68 559 40 22 har
130 559 126 30 åberopats,
281 562 34 19 att
338 560 40 21 det
400 560 70 29 ryska
484 560 82 29 mjölet
581 560 52 21 icke
649 560 82 28 skulle,
748 559 76 22 därest

67 593 125 22 detsamma
207 594 131 29 uppköptes
355 595 8 20 i
379 595 107 21 Sermaks
502 595 71 31 hamn
589 595 30 28 på
634 595 106 28 sydöstra
751 595 73 20 stran-

68 628 44 21 den
128 629 25 21 af
166 629 94 28 Ladoga
283 631 60 20 samt
365 629 198 29 transporterades
581 637 84 21 genom
681 629 44 22 den
740 629 84 28 ifråga-

67 665 59 19 satta
141 663 104 29 kanalen,
261 664 9 21 i
284 664 90 29 Viborg
388 664 97 29 betinga
501 664 36 28 sig
548 663 138 23 nämnvärdt
696 663 72 28 högre
776 663 47 28 pris

67 701 29 18 än
110 698 9 21 i
134 698 34 22 S:t
182 699 147 28 Petersburg.

135 732 101 23 Härmed
252 741 68 21 synes
336 733 59 22 dock
410 733 52 22 icke
470 741 56 14 vara
533 733 93 29 afgjort,
639 735 34 20 att
681 733 28 22 de
718 732 106 29 åsyftade

68 767 130 22 fördelarna
212 768 123 29 verkligen
350 769 36 20 stå
401 768 8 21 i
425 768 126 29 tillbörligt
566 768 145 21 förhållande
726 767 37 22 till
778 767 44 22 den

66 801 36 23 för
124 802 124 29 företagets
271 803 154 22 realiserande
450 803 151 28 erforderliga
624 802 135 22 kostnaden.
788 801 36 30 Ty

66 837 70 22 redan
151 845 32 14 nu
198 837 78 22 kunde
297 837 113 29 flottning
432 837 26 22 af
478 837 67 22 stock
561 845 43 21 ega
618 845 51 14 rum
684 837 38 22 till
736 837 88 21 Antrea

66 874 48 19 mot
136 872 44 21 den
202 872 55 29 föga
278 872 71 22 strida
372 874 126 20 strömmen
518 872 78 22 eller
588 867 13 39 i
613 874 138 19 strömmens
766 871 58 21 rikt-

66 906 58 28 ning
146 907 37 21 till
204 907 104 28 Ladoga;
332 907 75 21 likaså
421 907 79 21 kunde
515 907 125 21 vedflottor
655 907 167 28 transporteras

67 948 82 21 genom
162 940 93 29 Taipale
271 942 13 20 å
299 943 59 19 samt
373 941 79 22 vidare
460 941 38 21 till
508 941 35 21 S:t
554 941 147 28 Petersburg.
720 940 104 22 Bristan-

68 975 28 21 de
111 975 181 29 företagsamhet
300 976 43 21 och
351 976 46 21 den
404 976 53 28 låga
465 976 153 28 ståndpunkt,
629 975 72 22 hvarå
711 975 112 29 sjöfarten

66 1010 28 28 på
109 1010 94 28 Ladoga
217 1010 104 22 befinner
337 1010 43 29 sig,
388 1010 70 22 hafva
474 1018 63 14 mera
551 1014 29 18 än
591 1009 151 23 naturhinder
752 1009 72 23 vållat

66 1046 34 20 att
122 1052 131 15 resurserna
275 1045 39 22 vid
337 1045 123 22 Vuoksens
483 1046 70 21 nedre
573 1045 55 29 lopp
643 1044 85 22 hittills
745 1044 79 22 blifvit

67 1079 59 22 blott
141 1080 73 22 delvis
230 1080 187 28 tillgodogjorda.
447 1080 47 21 För
509 1080 86 28 import
610 1080 26 22 af
648 1080 55 28 rysk
720 1078 104 30 spanmål

67 1114 95 29 erbjuda
177 1114 37 29 sig
236 1115 48 21 åter
308 1115 25 21 så
355 1115 84 28 många
458 1114 189 30 transportleder,
663 1116 34 20 att
713 1116 34 20 ett
761 1113 62 22 kost-

68 1151 60 19 samt
142 1149 250 29 kanaliseringsarbete
407 1149 37 22 för
459 1150 65 21 detta
541 1149 107 22 ändamål
663 1149 20 29 ej
700 1156 69 21 synes
785 1148 39 21 be-

68 1184 88 28 höfligt,
172 1184 136 29 isynnerhet
323 1191 38 15 om
373 1184 256 28 järnvägsförbindelse
640 1184 8 21 i
656 1191 29 14 en
694 1190 53 14 snar
755 1183 69 21 fram-

69 1218 35 22 tid
118 1219 66 21 ernås
199 1219 99 21 emellan
313 1219 28 21 de
356 1219 50 21 inre
422 1218 94 22 delarne
531 1218 26 22 af
569 1218 80 22 landet
657 1218 42 22 och
706 1216 118 30 Ryssland

68 1254 69 22 äfven
153 1253 64 22 öfver
232 1254 167 28 Lahdenpohja
414 1253 56 22 eller
485 1254 146 28 Kronoborg.

136 1288 35 21 Då
186 1288 145 29 synpunkter
346 1288 26 22 af
386 1288 50 22 vikt
451 1288 98 22 sålunda
565 1288 79 22 kunna
659 1287 91 22 anföras
761 1285 63 23 såväl

65 1323 36 21 för
116 1330 48 15 som
180 1325 62 20 emot
255 1323 117 29 yrkandet
386 1324 30 28 på
430 1322 113 22 Vuoksen
564 1323 89 21 flodens
671 1321 153 29 fullständiga

65 1358 162 28 kanalisering,
244 1358 43 22 och
302 1366 30 13 en
346 1358 132 28 betydande
490 1358 119 21 landsdels
621 1357 149 22 ekonomiska
778 1356 45 22 för-

65 1393 37 21 del
125 1393 41 21 bör
189 1396 71 25 vägas
278 1395 49 18 mot
345 1400 29 13 en
388 1392 122 21 förutsedd
526 1392 138 28 statsutgift,
685 1398 49 15 som
749 1390 75 28 enligt

65 1428 128 27 beräkning
208 1427 26 22 af
248 1422 186 33 Öfverstyrelsen
449 1427 37 21 för
506 1430 55 25 väg-
577 1426 42 21 och
638 1426 184 28 vattenbyggna-
