1017 1656
167 100 14 21 6
348 100 279 23 Petitionsbetänkande
643 100 45 23 N:o
704 100 36 22 70.

168 175 30 26 pä
218 172 60 21 intet
298 172 34 22 vis
348 172 109 22 behofvet
473 172 55 22 eller
543 172 165 30 lämpligheten
724 172 26 22 af
762 180 28 14 en
805 172 115 22 undervis-

168 208 154 29 ningsanstalt
337 208 70 22 sädan
423 208 153 29 petitionären
592 208 68 22 tänkt
670 208 36 29 sig
716 208 136 28 densamma,
862 216 58 13 eme-

168 244 45 22 dan
229 252 53 14 man
298 244 51 22 med
365 244 49 22 skäl
430 244 46 22 kan
492 244 94 22 betvifla
601 244 150 29 möjligheten
767 244 26 21 af
806 246 34 19 att
850 244 71 22 under

168 280 80 22 endast
264 282 40 20 två
320 280 154 22 läseterminer
489 280 158 22 åstadkomma
664 282 48 27 ,ett
726 280 146 29 grundligare
887 280 33 21 in-

168 316 127 28 trängande
310 316 9 21 i
334 316 44 21 den
394 316 172 29 vetenskapliga
582 316 160 28 forskningen*
760 316 36 21 för
808 323 111 21 personer,

168 352 79 21 hvilka
263 352 49 21 icke
328 352 97 28 tidigare
441 352 92 22 erhållit
548 360 28 13 en
592 352 36 21 för
639 352 63 21 detta
714 352 106 21 ändamål
829 351 91 29 lämpad

168 388 189 28 underbyggnad.
383 388 69 22 Såväl
476 388 7 21 i
500 388 124 29 anledning
640 388 26 22 af
678 388 64 22 detta
757 391 100 19 moment
872 394 49 14 som

168 423 68 23 äfven
260 424 51 21 med
336 424 104 22 afseende
460 427 13 19 å
492 424 39 22 det
547 424 70 22 andra
632 427 125 19 momentet
772 424 7 21 i
796 424 124 28 ordningen

168 460 41 21 har
232 460 115 22 dessutom
370 460 138 22 framhållits
525 460 179 29 olämpligheten
721 460 26 21 af
767 462 35 19 att
821 460 50 29 just
885 459 36 22 för

167 496 147 28 närvarande,
340 496 29 22 då
392 497 94 28 enighet
509 496 93 22 vunnits
626 504 38 14 om
682 498 35 19 att
733 496 45 21 alla
794 495 127 30 disponibla

168 532 88 21 krafter
280 532 55 21 böra
358 532 159 22 koncentreras
540 535 30 26 på
597 535 34 19 ett
653 532 111 22 intensivt
787 532 75 22 arbete
885 531 36 22 för

168 568 100 21 ökandet
292 568 41 21 och
356 569 165 21 utvecklandet
540 569 26 21 af
578 569 156 21 folkskolorna
750 568 42 21 och
808 568 28 21 de
851 568 69 21 redan

167 604 142 21 existerande
325 605 71 28 högre
411 604 314 29 folkbildningsanstalterna,
736 611 46 22 nya
792 604 128 29 fordringar

166 642 116 27 upptagas
297 642 29 27 på
342 640 194 30 folkbildningens
553 648 111 21 program,
681 640 80 22 hvilka
770 647 54 15 vore
835 639 85 28 egnade

167 678 35 19 att
214 676 90 29 splittra
320 676 58 22 både
394 677 85 28 åsigter
494 677 44 22 och
554 677 92 21 krafter.

239 712 67 22 Hvad
323 712 107 29 slutligen
447 713 39 21 det
502 713 69 21 femte
588 712 43 22 och
646 713 56 21 sista
718 712 108 29 förslaget
836 711 83 22 beträf-

166 747 36 22 far
218 754 38 15 om
271 748 139 21 inrättandet
430 749 26 21 af
474 756 28 14 en
524 749 96 21 särskild
644 747 221 30 centralmyndighet
884 747 36 22 för

166 783 188 22 handhafvandet
370 784 26 21 af
409 784 45 22 alla
470 784 35 21 till
521 784 183 29 folkbildningen
720 784 98 21 hörande
829 783 90 29 angelä-

165 819 117 29 genheter,
300 819 40 22 har
362 820 122 21 Utskottet
499 820 86 21 uttalat
600 820 36 29 sig
652 822 48 19 mot
716 820 124 21 detsamma
856 819 63 22 såväl

166 855 26 22 af
213 855 40 22 det
274 855 140 30 principiella
435 856 56 28 skäl,
509 859 35 18 att
560 864 28 13 en
604 856 120 29 tudelning
740 856 26 21 af
778 856 43 21 den
837 856 81 28 högsta

165 891 103 22 centrala
282 891 122 29 ledningen
423 892 27 21 af
463 892 161 22 skolväsendet
639 899 54 14 vore
709 892 73 29 egnad
798 894 35 19 att
848 894 70 26 ytter-

165 927 72 28 ligare
254 927 81 29 skärpa
351 927 176 29 divergenserna
543 928 83 21 mellan
642 927 154 29 folkbildning
812 927 42 22 och
867 935 16 13 s.
896 927 21 22 k.

164 963 72 28 högre
261 963 109 29 bildning,
395 963 79 22 hvilka
502 964 58 21 dock
583 963 55 22 böra
661 965 36 20 stå
720 963 8 22 i
747 963 43 22 den
806 966 112 19 närmaste

164 999 141 29 gemenskap
328 999 52 22 med
404 999 134 28 hvarandra,
559 1007 47 14 som
630 1000 43 21 ock
697 999 27 22 af
744 1000 42 21 den
802 999 66 22 orsak
884 1001 34 20 att

164 1034 126 23 initiativet
305 1035 35 21 till
356 1038 34 19 ett
406 1035 86 30 förslag
510 1043 37 14 om
563 1035 87 30 ökning
665 1035 27 22 af
704 1035 191 22 arbetskrafterna
910 1035 8 20 i

164 1072 35 20 ett
214 1071 152 28 styrelseverk
386 1071 66 22 torde
472 1071 55 22 böra
544 1073 57 28 utgå
617 1071 109 29 antingen
742 1071 51 22 från
808 1071 110 28 Regerin-

164 1113 45 22 gen
226 1106 55 21 eller
296 1107 174 28 ifrågavarande
488 1107 136 30 myndighet
640 1107 59 29 själf,
711 1115 52 14 men
772 1107 50 21 icke
834 1109 84 19 ansetts

163 1141 130 22 tillkomma
308 1141 134 23 Ständerna.

236 1178 35 21 På
296 1178 147 23 förenämnda
468 1179 100 29 grunder
594 1179 35 22 får
656 1179 121 22 Utskottet
802 1179 116 21 vördsamt

163 1213 122 22 hemställa

452 1247 31 20 att
504 1247 150 26 förevarande
669 1246 189 27 petitionsförslag
873 1245 44 21 icke

379 1281 68 22 måtte
460 1283 119 26 föranleda
594 1281 74 28 någon
685 1281 82 28 åtgärd
780 1281 56 27 från
852 1281 64 21 Stän-

380 1318 82 21 dernas
478 1319 56 20 sida.

234 1357 150 30 Helsingfors,
415 1359 123 21 Allmänna
562 1359 229 28 petitionsutskottet,
818 1358 43 21 den
887 1358 29 21 27

162 1392 59 29 april
239 1393 63 22 1897.

236 1441 107 20 Allmänna
355 1443 181 22 petitionsutskottets
549 1443 117 19 betänkande
680 1443 36 18 N:o
728 1443 31 18 28.
