1028 1656
175 146 12 20 2
308 146 83 22 Ständ.
405 146 53 23 Pet.
474 160 27 2 —
516 146 174 24 Petitionsbet.
705 147 44 22 N:o
765 147 35 22 78.

175 214 113 27 bindelser,
302 214 26 22 de
344 223 15 13 s.
375 215 20 21 k.
410 216 91 28 löpande
516 216 195 28 förskrifningarna.
725 216 46 21 Det
785 215 145 29 egendomliga

174 248 34 21 för
227 248 62 22 dessa
309 249 105 22 urkunder
436 252 30 25 är,
480 253 33 19 att
528 250 40 22 den
584 250 155 29 fordringsrätt,
753 250 33 22 till
802 250 86 22 hvilken
902 249 27 22 de

174 282 88 23 hänföra
284 284 38 28 sig,
343 284 23 21 sä
388 286 50 20 nära
459 285 109 21 anknutits
590 284 37 22 vid
649 284 76 29 själfva
747 285 133 28 handlingen,
898 287 32 19 att

173 317 69 22 denna
264 318 98 22 framstår
383 318 69 22 såsom
474 319 74 22 bärare
571 319 23 21 af
608 319 65 29 sagda
688 321 47 25 rätt,
748 319 85 22 hvilken
848 318 78 27 därför,

172 355 50 18 utan
245 355 32 19 att
298 352 84 22 beröras
405 353 22 21 af
445 353 196 22 rättsförhållandet
655 354 77 21 mellan
747 353 127 29 gäldenären
888 353 39 21 och

173 386 26 22 de
214 394 105 21 personer,
334 395 45 14 som
394 388 90 28 tidigare
500 389 56 21 varit
570 389 7 21 i
592 388 115 28 besittning
722 388 23 22 af
759 388 115 26 urkunden,
885 388 43 21 till-

172 420 96 22 kommer
284 421 41 22 den
340 425 82 18 senaste
436 423 121 28 rättmätige
572 422 151 22 innehafvaren
741 422 66 21 däraf.
837 422 38 21 Sin
891 421 37 22 all-

172 457 108 20 männaste
296 456 133 29 användning
444 457 38 21 har
496 457 161 28 ifrågavarande
673 457 54 21 form
743 457 22 21 af
779 457 106 21 urkunder
897 457 30 20 uti

171 490 82 27 vexeln,
275 499 47 13 men
342 491 62 22 äfven
427 491 27 22 de
476 492 23 21 af
521 495 75 23 staten,
619 492 123 21 kommuner
757 491 50 22 eller
822 491 104 22 allmänna

171 524 209 30 kreditinrättningar
395 526 82 29 utgifna
492 526 139 29 obligationer
646 529 35 19 äro
697 526 48 22 icke
760 526 65 21 sällan
840 525 86 22 iklädda

171 559 82 22 formen
276 560 22 21 af
320 561 146 21 innehafvare-
482 561 52 21 eller
548 561 150 29 orderpapper,
712 561 116 28 hvarjämte
844 561 39 20 och
899 560 27 21 då

170 594 135 28 utgifvandet
327 594 23 22 af
370 595 91 29 löpande
484 595 164 29 förskrifningar
662 597 7 20 i
684 595 91 22 Finland
789 595 54 27 icke,
858 595 68 21 såsom

170 628 61 22 fallet
256 631 23 18 är
300 630 7 20 i
329 629 51 22 flere
399 630 65 21 andra
479 630 79 27 länder,
572 638 75 21 genom
663 630 158 29 lagstiftningen
836 630 8 20 i
858 629 68 28 någon

170 662 48 22 män
240 663 127 28 inskränkts,
389 664 108 22 desamma
518 665 78 28 jämväl
618 665 37 21 vid
676 665 84 28 privata
782 663 143 22 länetransak-

169 697 69 22 tioner
252 698 46 21 ofta
312 698 84 22 komma
410 699 33 21 till
458 699 140 28 användning.
613 699 114 21 Dessutom
735 699 42 21 kan
787 698 40 22 den
835 698 90 29 löpande

169 731 110 22 urkunden
300 732 62 22 äfven
384 735 62 26 göras
466 733 34 22 till
514 737 146 25 representant
674 733 35 21 för
723 733 66 22 andra
803 733 123 28 rättigheter

169 768 27 19 än
218 766 85 28 sädana,
324 775 44 14 som
391 768 130 29 uppkomma
541 768 23 22 af
586 767 206 22 länetransaktioner.
821 767 67 22 Detta
902 769 24 19 är

169 802 130 28 exempelvis
314 802 60 22 fallet
389 803 48 22 med
452 803 216 28 försäkringspolicer,
679 802 147 29 bolagsaktier,
836 801 88 22 konnäs-

169 839 82 18 sement
266 839 55 19 samt
334 837 150 29 upplagsbevis
499 837 40 22 och
554 840 106 20 warrants.

237 870 35 21 En
292 871 54 28 följd
363 871 23 22 af
400 871 160 30 ifrägavarande
576 871 115 22 urkunders
707 871 105 28 egenskap
827 873 32 19 att
873 878 50 14 vara

168 904 74 22 bärare
258 905 22 21 af
296 913 25 13 en
336 906 100 28 rättighet
452 908 23 19 är
490 906 117 21 emellertid
622 909 37 23 att,
669 905 28 22 dä
706 905 109 21 urkunden
825 905 97 21 förstörts

168 939 51 21 eller
240 939 129 28 förkommit,
390 940 48 22 dess
462 948 60 21 egare
542 940 48 22 icke
604 941 8 20 i
627 940 71 28 vanlig
713 939 88 29 ordning
816 939 41 21 kan
871 940 51 27 göra

168 974 38 21 sitt
220 974 91 29 anspräk
326 974 104 29 gällande,
444 975 117 28 hvarjämte
572 976 8 20 i
590 974 60 29 fräga
660 982 35 14 om
705 974 217 28 innehafvarepapper

167 1011 55 18 samt
237 1008 143 30 orderpapper
395 1009 49 21 med
459 1009 75 21 blanco
549 1009 144 21 indossament
707 1008 46 22 fara
768 1008 113 28 föreligger
890 1011 32 18 att

167 1042 67 28 nägon
258 1050 68 14 annan
348 1045 26 19 än
395 1043 41 21 den
459 1046 54 18 rätte
529 1043 182 28 fordringsegaren
727 1042 60 27 skall,
801 1042 65 21 sedan
880 1042 41 21 han

165 1076 29 29 pä
215 1078 132 28 orättmätigt
368 1080 43 19 sätt
431 1078 89 21 kommit
535 1078 7 20 i
557 1077 116 29 besittning
687 1077 23 21 af
724 1076 133 29 handlingen,
871 1078 51 27 göra

165 1110 54 22 bruk
234 1111 24 21 af
272 1111 122 22 densamma
408 1112 33 22 till
456 1112 85 28 förfäng
556 1112 34 21 för
604 1114 53 19 rätte
673 1119 82 21 egaren.
777 1111 43 21 För
829 1114 32 18 att
871 1111 50 21 räda

166 1144 38 22 bot
226 1146 7 20 i
256 1146 62 21 dessa
340 1146 37 22 fall
400 1146 38 22 har
460 1148 31 20 uti
514 1147 52 21 flere
586 1146 156 28 lagstiftningar
761 1146 109 28 upptagits
885 1146 37 21 det

166 1187 15 13 s.
193 1180 20 20 k.
224 1180 302 28 mortifikationsförfarandet,
536 1181 135 28 hvarigenom
684 1188 25 13 en
720 1180 82 21 urkund
812 1180 23 21 af
844 1180 76 28 ifräga-

165 1214 93 22 varande
277 1214 150 22 beskaffenhet
444 1215 104 21 förklaras
563 1215 95 27 kraftlös,
673 1214 108 22 hvarefter
795 1214 49 21 dess
860 1221 60 21 egare

165 1248 41 22 kan
222 1248 85 22 komma
321 1250 32 20 till
370 1250 31 20 sin
416 1252 44 19 rätt
469 1250 99 28 antingen
578 1257 75 21 genom
661 1252 32 18 att
703 1249 70 21 utföra
783 1249 38 21 sitt
830 1248 90 28 anspräk

165 1286 44 18 mot
230 1283 126 28 gäldenären
379 1284 51 21 eller
448 1284 22 21 af
485 1284 67 21 denne
568 1284 89 21 utverka
671 1284 32 28 sig
718 1291 26 13 en
759 1291 28 20 ny
801 1282 82 22 urkund
898 1282 22 22 af

164 1324 81 14 samma
260 1317 91 22 innehäll
367 1326 44 13 som
426 1318 42 22 den
482 1318 90 22 dödade.

232 1352 67 21 Hvad
314 1352 41 21 den
370 1352 70 22 finska
454 1354 68 20 rätten
538 1352 109 27 beträffar,
662 1352 115 21 förefinnas
793 1352 30 20 uti
839 1352 26 20 68
880 1351 40 21 och

165 1387 26 19 69
214 1386 24 28 88
261 1386 23 21 af
304 1386 160 29 Vexelstadgan
484 1387 22 20 af
521 1387 41 20 den
577 1388 27 19 29
619 1387 59 20 Mars
695 1387 54 20 1858
765 1386 155 27 bestämningar

163 1427 34 14 om
213 1420 152 21 mortifikation
379 1421 23 21 af
416 1421 127 28 accepterad
558 1421 67 26 vexel,
639 1421 117 28 hvarjämte
772 1421 30 20 uti
817 1419 103 22 särskilda

162 1454 148 29 förordningar
332 1455 84 28 stadgas
440 1463 34 14 om
498 1455 96 22 dödande
619 1455 22 21 af
656 1456 56 21 vissa
727 1455 66 22 andra
808 1453 111 22 urkunder,
