1034 1653
324 111 299 27 Petitionsmemorial.

167 175 118 37 Bondest.
689 180 43 22 N:o
747 179 40 23 52.

639 410 150 26 (Öfversättning).

271 507 45 19 Till
334 507 154 19 Hedervärda
506 507 190 19 Bondeståndet.

170 563 78 26 Frågan
260 569 33 13 om
308 563 102 21 ordnande
424 564 20 19 af
459 564 39 20 den
506 564 128 26 jordegarene
644 564 127 25 betungande
783 564 75 25 skjuts-

102 592 201 26 ningsskyldigheten
325 592 36 19 har
382 592 28 20 alt
425 592 61 20 sedan
500 593 55 19 tiden
571 594 29 18 för
615 592 65 26 Borgå
695 592 96 25 landtdag
807 592 52 20 varit

102 620 82 20 föremål
202 621 30 19 för
253 620 122 26 behandling
394 621 34 19 vid
445 621 39 19 alla
498 622 87 19 därefter
599 622 6 18 i
621 621 84 20 Finland
720 621 68 19 hållna
803 622 55 18 stän-

102 649 108 20 dermöten.
239 649 40 19 Det
298 651 45 21 sätt,
361 650 76 25 hvarpå
452 650 65 19 denna
532 652 63 23 tunga
609 650 156 25 ursprungligen
780 650 7 18 i
802 650 57 19 forna

103 677 51 20 tider
176 677 52 20 varit
248 677 34 20 vid
303 677 167 26 jordegendomen
492 678 71 23 fästad,
585 679 35 18 har
640 678 43 20 icke
699 678 71 19 vunnit
785 677 73 20 under-

103 706 45 20 stöd
163 706 19 19 af
197 706 33 19 det
244 706 100 19 allmänna
359 707 166 25 rättsbegreppet.
560 700 108 32 Åsigterna
687 707 60 19 hafva
761 706 44 20 icke
821 706 38 19 för-

103 735 83 19 ändrats
208 741 36 13 ens
260 735 62 19 sedan
337 735 135 25 skjutsnings-
492 735 38 20 och
547 735 312 26 gästgifverihållningsskyldig-

103 763 60 20 heten
182 769 72 19 genom
276 763 54 20 1734
352 763 33 20 års
406 763 33 26 lag
454 764 36 19 och
505 764 228 25 gästgifveriordningen
747 764 20 19 af
783 769 77 14 samma

103 791 23 20 år
147 791 103 20 förenades
274 792 45 19 med
340 792 193 25 jordlägenheterna.
564 792 38 19 Vid
624 793 25 19 de
669 793 58 19 flesta
742 792 118 25 landtdagar

103 820 36 19 har
153 820 81 20 erkänts
249 820 120 25 riktigheten
383 821 21 19 af
418 821 39 19 den
472 821 114 25 grundsats,
601 823 30 18 att
642 821 83 19 trafiken
736 821 61 19 borde
807 826 52 19 upp-

103 849 47 20 bära
172 849 30 25 sig
223 849 45 25 själf
290 849 37 20 och
349 849 39 20 den
411 851 63 24 tunga
496 850 115 20 densamma
633 850 76 19 medför
731 849 69 25 skiljas
815 848 45 20 från

102 877 175 26 jordegendomen.

173 906 39 19 Vid
234 906 147 25 behandlingen
400 906 12 20 å
434 907 53 20 1867
504 906 33 20 års
551 906 96 25 landtdag
662 907 21 19 af
697 907 39 19 den
752 905 109 21 ständerna

104 934 26 20 då
152 935 98 25 förelagda
272 935 46 20 nåd.
339 935 151 25 propositionen
504 935 103 25 angående
622 935 111 20 ordnandet
748 935 21 19 af
784 935 76 24 skjuts-

103 963 117 25 hållningen
240 963 37 19 och
292 964 164 24 gästgifverierna
471 963 103 20 framhöllo
590 963 107 20 ständerna
711 964 44 19 »det
769 963 92 24 önskliga

104 991 42 20 deri
166 993 30 18 att
215 992 187 25 jordlägenheterna
412 992 68 27 måtte
494 992 45 19 från
555 992 34 19 det
603 992 45 19 dem
664 992 105 25 åliggande
784 991 76 25 skjuts-

104 1020 153 25 ningsbesväret
279 1020 99 25 frigöras.»
407 1021 66 18 Äfven
494 1021 111 19 1877—78
627 1020 33 19 års
683 1020 81 19 ständer
778 1019 83 25 ansägo,

104 1048 67 20 såsom
194 1049 24 19 de
239 1049 68 19 härom
328 1049 88 19 uttalade
432 1049 60 19 orden
507 1049 54 24 lyda,
576 1049 65 19 denna
656 1049 90 19 befrielse
762 1048 99 19 »särdeles

104 1077 114 20 önskvärd»
248 1077 43 20 Den
310 1077 30 20 till
356 1077 111 20 sistnämda
482 1077 95 25 landtdag
592 1077 73 20 aflåtna
680 1077 45 20 nåd.
741 1076 119 27 propositio-

104 1111 40 14 nen
163 1105 57 26 afsåg
234 1105 114 20 lindrandet
362 1106 20 19 af
396 1106 66 19 denna
476 1106 185 25 jordlägenheterna
676 1105 106 26 åliggande
797 1107 64 23 tunga

104 1134 121 25 därigenom,
246 1136 30 18 att
298 1134 30 20 till
348 1134 120 25 deltagande
490 1135 43 19 däri
556 1134 65 20 skulle
643 1134 104 25 förpliktas
765 1135 32 18 1:0o
813 1133 48 20 all
850 1129 14 35 i

104 1163 76 19 mantal
202 1165 40 18 satt
264 1163 44 25 jord
330 1163 38 19 och
390 1163 33 20 2:o
446 1163 113 25 skattlagda
581 1165 44 23 torp
641 1163 37 19 och
694 1163 95 25 utjordar,
804 1162 57 24 bruk,

104 1191 91 25 fabriker,
218 1191 63 26 sågar,
303 1191 178 25 tullmjölkvarnar,
502 1191 137 26 ölbryggerier
654 1191 37 20 och
706 1191 155 20 bränvinsbrän-

104 1220 71 24 nerier,
190 1220 24 19 sä
228 1222 30 17 att
272 1220 72 19 endast
358 1220 134 19 lotshemman
506 1220 37 19 och
554 1220 232 25 sjöpostförarehemman
797 1219 66 20 skulle

104 1254 48 13 vara
174 1249 86 19 därifrån
282 1249 93 19 befriade.
405 1249 60 19 Detta
487 1249 51 19 dock
560 1249 43 19 med
625 1248 64 20 vilkor
702 1250 30 18 att
747 1248 25 19 de
787 1248 76 19 därför-

104 1277 61 19 innan
186 1277 87 20 befriade
286 1277 166 25 jordlägenheter,
468 1277 69 20 hvilka
551 1283 28 14 nu
595 1277 65 20 skulle
675 1277 106 19 ähvälfvas
797 1276 66 19 denna

105 1305 121 25 skyldighet,
241 1306 66 19 därför
322 1305 5 19 i
342 1307 29 17 ett
386 1306 30 18 för
431 1306 28 19 alt
474 1305 73 20 erhölle
563 1312 25 13 en
600 1305 141 19 motsvarande
752 1305 110 25 penninge-

105 1334 117 25 ersättning.
252 1334 35 19 Ett
309 1334 72 19 sädant
405 1334 49 19 halft
477 1334 110 19 närmande
608 1334 31 19 till
660 1334 38 19 den
720 1334 19 19 af
754 1333 109 19 ständerna

105 1362 83 25 tidigare
203 1362 88 20 uttalade
306 1362 135 25 grundsatsen
456 1362 75 25 ansägo
547 1362 108 20 ständerna
664 1362 31 25 sig
705 1362 26 19 dä
741 1362 43 19 icke
794 1362 70 18 kunna

105 1391 112 25 godkänna,
236 1391 118 25 isynnerhet
375 1397 43 13 som
437 1391 35 19 det
486 1391 111 25 föreslagna
612 1390 85 20 ökandet
711 1391 20 19 af
745 1390 26 20 de
786 1390 77 24 skjuts-

105 1419 155 25 ningsskyldige
282 1419 66 20 skulle
370 1419 85 20 medfört
477 1420 122 19 kännbarare
617 1419 78 19 lättnad
710 1419 72 19 endast
797 1418 7 19 i
819 1418 44 19 lan-
