1009 1656
82 108 188 34 (Öfversättning)

441 400 41 27 II.

156 471 32 22 De
205 471 117 27 principer,
347 477 46 16 som
417 471 61 27 ligga
500 471 34 21 till
559 471 72 27 grund
654 471 35 22 för
709 471 129 22 Utskottets

83 507 141 22 betänkande
248 506 41 22 och
313 506 211 27 landtdagsmannen
549 507 112 21 Oittinens
684 513 27 15 m.
732 506 33 23 fi:s
782 507 55 26 peti-

83 543 144 26 tionsförslag
242 545 38 19 äro
303 543 49 21 icke
369 543 63 21 ensi
448 543 50 21 värt
515 543 52 21 land
582 549 50 21 nya.
666 543 71 22 Deras
754 543 82 20 anhän-

84 585 54 21 gare
154 579 53 27 vilja
222 578 62 27 gifva
300 579 37 21 det
353 579 117 26 praktiska
486 579 88 21 arbetet
590 585 27 15 en
633 581 73 19 större
722 578 116 27 betydelse

84 617 29 19 än
129 615 37 21 det
182 614 35 22 för
233 614 139 22 närvarande
388 615 40 20 har
447 615 39 21 och
511 615 83 26 hoppas
618 617 34 19 att
675 615 48 21 med
747 615 91 20 skolans

84 650 96 27 tillhjelp
204 651 74 20 kunna
301 650 150 27 ävägabringa
467 650 71 22 denna
554 650 89 22 reform.
674 651 163 26 Kärnpunkten

85 687 7 20 i
108 686 27 21 de
150 686 163 27 utläggningar,
330 692 46 15 som
392 686 28 27 gä
436 686 7 21 i
459 686 72 21 denna
547 687 107 26 riktning,
671 689 25 18 är
712 688 32 19 att
760 686 27 21 de
798 692 39 15 nu-

84 722 98 22 varande
198 722 200 22 lärdomsskolorna
414 724 38 20 äro
469 723 157 27 organiserade
638 722 139 22 uteslutande
789 722 49 22 med

86 758 181 22 studentexamen
291 759 71 21 säsom
386 758 43 21 mäl
450 758 40 21 och
515 760 33 20 att
567 758 75 22 derför
659 759 104 21 eleverna
780 757 58 22 efter

86 795 34 21 sin
143 794 140 27 absolvering
298 794 26 21 af
340 794 94 21 nämnda
450 794 75 22 skolor
542 796 37 19 äro
596 794 137 22 främmande
749 794 35 21 för
800 794 39 21 det

85 830 117 27 praktiska
218 830 70 26 lifvet,
306 829 91 23 hvarför
413 830 176 21 lärdomsskolan
605 830 68 22 borde
689 836 77 21 genom
785 830 52 21 kur-

86 872 42 20 ser,
145 872 46 15 som
208 866 120 21 afslutades
345 866 13 20 ä
374 866 82 21 midten
474 866 24 20 af
512 866 188 21 lärdomsskolans
709 865 130 22 nuvarande

85 902 61 27 kurs,
169 902 61 21 delas
246 902 24 21 sä
287 904 32 19 att
336 902 41 21 den
394 902 62 26 lägre
472 901 141 28 afdelningen
632 902 72 21 skulle
720 901 118 27 tillgodose

84 938 38 21 det
143 938 117 26 praktiska
275 937 77 22 lifvets
368 937 171 28 bildningskraf,
556 938 78 21 medan
651 938 41 21 den
709 938 69 26 högre
794 936 42 22 för-

84 973 96 22 beredde
199 973 35 21 för
258 973 186 22 studentexamen.
477 974 76 21 Under
578 974 82 21 sädana
682 972 155 23 förhällanden

84 1012 26 18 är
132 1009 38 21 det
196 1009 49 21 med
261 1010 41 20 full
318 1012 46 19 rätt
379 1010 117 21 Utskottet
512 1010 7 20 i
536 1010 39 21 sitt
591 1009 141 22 betänkande
748 1009 48 27 (sid.
814 1009 24 28 5)

84 1044 98 28 päpekar
206 1048 32 18 att
262 1044 214 28 petitionsförslaget
497 1045 85 27 äsyftar
606 1047 45 25 ,ett
674 1046 92 20 allmänt
781 1044 56 22 infö-

84 1080 69 22 rande
166 1080 25 22 af
205 1080 42 22 den
264 1081 155 27 organisation,
436 1087 45 15 som
498 1081 68 21 redan
584 1081 70 21 tinnes
669 1080 129 28 genomförd
810 1081 29 26 pä

84 1116 154 27 realyceernas
254 1116 44 22 fem
309 1116 73 27 lägsta
393 1116 87 22 klasser
492 1129 28 3 —
534 1116 47 20 —*%.
608 1116 44 22 Det
662 1119 25 19 är
698 1116 76 22 derför
788 1116 50 21 skäl

84 1154 34 19 att
140 1152 132 27 undersöka,
290 1152 76 22 hvilka
382 1152 95 22 resultat
494 1152 60 22 detta
570 1154 83 25 system
672 1153 38 21 hos
727 1158 35 15 oss
779 1152 59 21 med-

84 1188 51 21 fört.
152 1200 28 3 —
198 1188 99 21 Nämnda
313 1190 81 25 system
412 1188 49 21 blef
474 1188 68 22 redan
559 1188 71 21 under
641 1188 97 22 läseäret
751 1189 87 19 1891—

85 1225 27 19 92
129 1223 69 22 infört
213 1224 37 21 vid
266 1224 97 22 svenska
380 1224 39 21 och
435 1224 73 22 finska
523 1224 133 27 reallyceum
672 1224 8 21 i
696 1223 142 27 Helsingfors

84 1258 113 23 äfvensom
222 1259 71 22 finska
316 1260 132 26 reallyceum
474 1260 6 20 i
504 1260 90 26 Viborg.
625 1260 11 20 I
653 1260 65 21 dessa
733 1259 104 21 läroverk

85 1295 27 21 ha
128 1295 92 21 sålunda
237 1296 104 21 eleverna
357 1296 28 26 pä
401 1295 42 21 den
460 1295 127 21 nuvarande
602 1295 65 27 sjette
678 1295 90 21 klassen
780 1294 58 22 efter

84 1332 33 20 att
132 1330 67 22 hafva
210 1331 127 27 genomgått
348 1331 68 22 femte
427 1331 91 22 klassen
530 1331 126 22 absolverat
667 1330 97 22 afslutad
776 1330 61 22 kurs.

85 1361 32 26 Är
140 1366 38 22 det
202 1367 27 20 dä
248 1367 67 26 nägot
331 1369 72 19 större
420 1367 59 21 anta]
497 1367 81 27 elever,
596 1373 44 15 som
658 1366 90 22 sälunda
766 1365 73 28 afgätt

84 1401 51 22 frän
158 1401 67 23 femte
249 1403 89 21 klassen
364 1402 34 21 för
422 1405 33 18 att
476 1409 56 20 egna
548 1403 35 26 sig
598 1403 24 20 ät
637 1402 117 27 praktiska
769 1402 70 21 banor
