1000 1656
417 394 245 37 Reservation

532 473 21 20 -
684 499 164 26 (Öfversättning.)

238 530 288 30 Rusdryckslagstiftningen
541 531 39 22 har
596 531 72 22 städse
684 532 80 28 utgjort
779 531 89 22 föremål
884 531 34 22 för

166 566 104 22 Finlands
286 566 97 22 ständers
399 567 106 22 särskilda
520 567 137 22 omvårdnad.
690 567 49 22 Och
756 567 160 29 otvifvelaktigt

166 602 66 22 hafva
243 602 27 21 de
280 610 77 21 genom
367 603 160 29 lagstiftningen
539 603 143 30 åvägabragta
693 603 206 29 inskränkningarna
909 603 8 21 i

165 637 61 29 fråga
242 645 35 14 om
297 639 165 29 tillverkniogen
485 639 40 22 och
546 639 154 29 försäljningen
722 639 23 22 af
765 639 151 29 rusdrycker
903 633 16 40 i

166 675 32 20 sin
214 673 50 22 mån
280 674 92 29 bidragit
392 675 33 21 till
441 675 41 22 den
499 675 122 29 minskning
635 676 8 21 i
659 675 158 22 förbrukandet
832 675 23 21 af
870 683 46 13 rus-

166 709 98 29 drycker,
280 718 45 13 som
340 710 29 29 på
379 713 84 19 senaste
473 711 56 22 tider
540 711 38 22 allt
588 711 106 29 tydligare
704 711 122 21 framträdt.
848 711 68 21 Brän-

167 745 223 30 vinsförbrukningen,
411 754 45 14 som
477 747 67 28 enligt
564 747 110 22 utlåtande
694 746 24 22 af
734 748 56 20 1890
807 747 34 21 års
857 747 59 21 brän-

166 781 130 23 vinskomite
311 782 68 22 under
394 782 50 22 åren
462 784 146 21 1881—1888
624 782 98 30 utgjorde
738 783 8 20 i
759 782 101 22 medeltal
874 784 42 25 2,24

165 817 49 22 liter
229 825 38 14 ren
288 818 85 21 alkohol
393 818 34 22 för
447 819 74 28 hvarje
539 827 77 20 person
635 826 36 14 om
686 818 52 27 året,
754 818 42 21 kan
811 818 105 22 beräknas

165 853 69 22 under
256 853 24 22 år
300 855 57 21 1895
378 854 66 23 hafva
464 855 81 28 utgjort
564 855 91 22 allenast
678 856 11 20 1
712 855 50 21 liter
777 862 38 13 ren
832 853 84 22 alkohol

165 897 39 20 per
218 897 84 21 person.

237 925 67 22 Hvad
324 925 171 30 maltdryckerna
515 926 134 22 vidkommer
672 925 56 22 hade
750 925 165 28 tillverkningen

165 960 23 21 af
209 960 115 27 desamma,
347 969 46 14 som
416 961 23 22 år
463 963 56 20 1891
544 962 94 29 uppgick
661 961 56 22 ända
737 962 33 21 till
786 961 129 28 24,932,000

165 996 54 27 liter,
243 997 68 21 under
333 997 27 21 de
383 997 95 28 följande
498 997 51 22 åren
569 997 107 29 betydligt
697 997 94 29 nedgått,
806 997 112 21 hvaremot

165 1039 81 14 samma
261 1032 139 29 tillverkning
415 1033 46 21 åter
476 1033 68 22 under
559 1036 85 19 senaste
660 1033 24 21 år
699 1032 107 29 betydligt
822 1032 94 28 ökats”),

164 1067 85 22 hvilket
269 1075 63 22 synes
352 1069 72 21 utvisa
444 1071 32 19 att
495 1070 27 19 än
541 1068 74 22 vidare
632 1069 169 28 begränsningar
816 1069 23 20 af
854 1068 62 21 dessa

164 1103 104 28 dryckers
283 1104 127 29 försäljning
425 1112 51 14 vore
492 1104 115 29 behöfliga.

236 1132 135 36 Åtgärderna
386 1140 33 21 till
434 1140 159 22 inskränkande
609 1140 23 21 af
644 1135 272 38 rusdrycksförsäljningen

164 1174 67 22 hafva
251 1175 61 22 alltid
331 1175 81 29 åsyftat
434 1179 31 18 att
481 1176 63 28 stäfja
559 1176 136 22 missbruken
711 1178 53 19 utan
780 1178 32 19 att
827 1176 8 20 i
850 1175 64 28 högre

164 1210 53 29 grad
232 1210 97 23 försvåra
345 1211 132 22 erhållandet
492 1212 23 21 af
536 1211 63 22 dessa
615 1211 93 29 drycker
722 1211 36 21 för
773 1210 103 25 ändamål,
893 1210 23 21 af

164 1245 75 22 hvilka
262 1247 90 28 menliga
375 1247 78 28 följder
475 1247 48 22 icke
547 1249 56 20 varit
625 1250 32 19 att
680 1247 106 22 förvänta.
817 1246 49 22 Och
886 1245 28 22 då

164 1281 272 30 bränvinsförbrukningen
452 1283 81 22 kunnat
549 1283 129 29 nedbringas
694 1282 48 22 från
758 1284 43 25 2,24
816 1282 49 21 liter
879 1282 32 21 till

237 1341 18 23 +)
264 1343 10 16 I
286 1343 53 17 detta
356 1343 90 17 afseende
461 1343 91 18 hänvisas
569 1343 30 18 till
614 1343 225 22 Bevillningsutskottets
852 1342 63 17 betän-

163 1371 64 17 kande
240 1377 32 12 n:o
284 1372 16 22 3,
312 1372 79 18 hvarest
403 1373 12 17 å
427 1378 42 17 pag.
483 1373 10 16 2
505 1373 55 22 ingår
572 1373 77 22 uppgift
658 1378 32 12 om
700 1373 134 16 maltskattens
844 1371 69 22 belopp

164 1401 61 17 under
238 1401 45 18 åren
296 1401 123 18 1884—1896.

236 1436 182 19 Ekonomiutskottets
431 1437 109 18 betänkande
552 1437 35 18 N:o
599 1437 31 18 25.
