1017 1656
256 127 280 24 Petitionsbetänkande
551 128 43 23 N:o
610 128 39 22 46.
819 128 11 20 7

74 199 43 23 och
136 199 53 22 med
206 199 91 22 mindre
317 200 127 28 omgångar
462 199 109 23 förenadt
583 201 47 20 sätt
643 203 29 18 än
684 198 148 30 regleringen

74 234 23 22 af
123 234 183 29 presterskapets
332 234 72 28 löner,
430 233 62 23 helst
520 234 28 22 de
574 234 122 28 intressen,
724 241 48 14 som
791 232 41 23 vid

74 269 119 28 reglering
212 269 23 22 af
253 269 121 21 klockares
393 268 105 29 aflöning
516 269 92 22 komma
626 271 35 20 att
678 269 101 27 beröras,
792 271 40 18 äro

74 303 167 29 jämförelsevis
268 303 90 22 mindre
384 303 145 22 omfattande
556 303 43 22 och
626 302 178 23 förhållandena
824 302 8 21 i

74 337 72 30 öfrigt
163 337 90 22 mindre
271 338 144 22 invecklade.

143 373 34 21 På
203 372 77 29 grund
307 373 23 28 af
346 372 64 23 hvad
434 372 98 23 sålunda
557 372 89 23 anförts
663 372 36 22 får
716 372 116 21 utskottet

73 407 119 22 vördsamt
210 407 94 22 föreslå:

349 475 34 19 att
406 473 126 22 Ständerna
550 473 51 21 ville
616 473 10 21 i
640 473 138 27 underdänig
790 479 40 21 pe-

280 507 65 22 tition
368 507 93 22 anhålla
483 508 36 21 det
540 507 64 22 Hans
626 507 122 28 Kejserliga
764 507 68 28 Magje-

280 544 44 19 stät
334 542 10 21 i
353 542 69 21 nåder
433 543 79 20 täcktes
523 542 35 22 till
568 542 180 21 nästkommande
761 542 71 21 landi-

280 577 41 27 dag
342 577 70 28 afläta
434 577 69 28 nädig
516 577 138 28 proposition
670 577 111 27 angäende
796 583 35 14 re-

277 611 86 28 glering
381 611 29 28 af
422 611 136 21 klockarenes
572 611 10 20 i
597 611 85 21 landets
696 610 134 29 evangelisk-

280 646 111 21 lutherska
405 645 161 29 församlingar
581 646 106 28 aflöning.

143 798 12 21 I
181 797 173 30 behandlingen
382 799 23 21 af
432 798 66 22 detta
526 798 84 22 ärende
636 798 71 23 hafva
734 798 98 29 deltagit

73 832 157 22 ordföranden
256 840 47 15 von
329 833 79 21 Pfaler
435 836 59 20 samt
519 833 157 23 ledamöterne
698 833 133 29 Stjernvall,

73 866 142 30 Furuhjelm,
243 875 46 15 von
315 868 131 28 Frenckell,
475 868 85 28 Walle,
587 868 29 21 K.
635 868 27 22 A.
683 868 148 27 Schroderus,

72 901 18 21 I.
109 901 28 21 R.
156 902 119 28 Forsman,
295 902 123 29 Grönroos,
437 903 26 21 L.
483 903 133 29 Runeberg,
636 903 116 27 Koivisto,
766 902 66 22 Tam-

72 935 120 23 melander
211 936 43 22 och
272 936 87 29 Pöysti.

141 1005 154 29 Helsingfors,
323 1006 23 22 af
372 1006 61 29 Lag-
460 1006 44 22 och
528 1006 239 28 Ekonomiutskottet,
786 1005 45 22 den

74 1040 14 21 6
107 1039 48 29 Maj
178 1040 70 22 1897.

143 1486 47 23 Lag-
204 1488 30 17 och
248 1487 183 19 Ekonomiutskottets
444 1488 111 18 betänkande
567 1489 37 17 N:o
616 1489 28 18 10.
