1003 1653
257 117 252 22 Petitionsbetänkande
524 117 38 22 N:o
579 116 34 23 51.
803 116 15 21 9

334 487 204 28 Reservation.

128 568 103 22 Emedan
246 568 24 21 vi
285 567 51 22 icke
351 568 79 21 kunna
441 567 81 22 förena
534 575 37 14 oss
583 575 37 14 om
631 568 111 21 flertalets
752 567 63 22 inom

59 603 120 22 Utskottet
201 602 150 29 afstyrkande
373 602 126 27 uttalande,
519 602 92 21 anhålla
633 602 24 21 vi
678 603 35 20 att
728 601 86 22 härme-

60 637 59 21 delst
142 637 119 21 vördsamt
282 636 25 21 få
324 636 123 22 framhålla
462 637 41 20 vår
518 636 125 21 afvikande
658 636 157 28 uppfattning.

127 670 37 22 Då
185 671 82 28 frågan
289 677 37 14 om
350 678 28 13 en
400 670 138 28 utveckling
561 670 26 21 af
608 670 44 21 den
668 670 148 21 kommunala

59 705 169 28 sjelfstyrelsen
252 712 83 21 genom
358 704 122 22 införande
496 704 26 21 af
535 704 103 28 länsting
653 704 41 22 vid
710 705 54 21 1885
779 704 37 21 års

59 738 112 29 landtdag
192 738 86 28 förföll,
298 738 87 22 skedde
402 738 39 22 det
456 738 49 26 dels
521 738 79 22 derför
615 740 34 20 att
664 738 152 28 meningarna

59 780 55 14 voro
130 772 81 22 delade
225 772 97 22 rörande
337 772 75 22 länets
426 772 139 29 lämplighet
581 773 73 21 såsom
670 772 92 22 område
780 772 37 21 för

60 814 29 14 en
110 807 129 29 lifskraftig
258 807 157 29 sjelfstyrelse,
432 806 49 28 dels
496 807 26 21 af
535 807 45 21 den
596 807 126 28 anledning
737 808 35 20 att
788 806 28 21 de

59 841 172 29 befogenheter,
253 842 44 20 den
312 841 86 28 nådiga
412 841 176 28 propositionen
602 841 139 21 tillerkände
756 840 60 22 läns-

59 875 82 29 tinget,
164 876 87 28 ganska
274 876 95 21 allmänt
391 876 98 28 ansågos
512 875 79 22 alltför
613 876 72 28 knapt
700 875 115 21 tillmätta.

59 909 110 21 Deremot
192 910 101 21 erkände
309 910 44 21 alla
368 910 94 30 frågans
478 912 63 26 stora
552 910 60 28 vigt,
628 910 25 21 så
668 912 34 19 att
717 911 16 19 t.
750 916 20 14 o.
786 916 29 14 m.

59 943 28 22 de
105 943 149 22 medlemmar
275 944 26 22 af
313 944 60 29 Lag-
389 944 43 22 och
447 944 251 28 Ekonomieutskottet,
715 951 48 14 som
778 950 39 21 yr-

59 978 60 21 kade
141 978 30 27 på
193 978 149 21 förkastande
357 978 26 21 af
396 978 45 21 den
456 978 86 29 nådiga
557 978 183 29 propositionen,
756 977 60 21 före-

60 1011 64 29 slogo
140 1019 29 14 en
185 1012 193 28 ständerpetition
393 1013 8 20 i
416 1012 40 21 det
467 1012 68 29 syfte,
547 1015 46 24 ,att
604 1020 29 13 en
642 1012 88 21 komité
741 1011 75 22 skulle

59 1045 108 22 tillsättas
182 1046 37 21 för
234 1048 34 19 att
283 1047 87 27 utreda,
387 1054 85 21 genom
485 1047 82 21 hvilka
577 1049 72 19 större
661 1047 55 21 eller
727 1045 89 22 mindre

59 1079 148 23 kommunala
229 1081 108 21 samfund
360 1081 45 21 den
427 1081 117 21 nationela
560 1081 168 28 sjelfstyrelsen
743 1080 8 21 i
765 1081 51 20 vårt

59 1114 55 21 land
136 1115 52 20 bäst
210 1115 77 21 kunde
307 1115 119 22 befordras
442 1115 44 22 och
501 1115 8 21 i
524 1115 63 22 hvad
602 1116 53 20 mån
670 1115 145 21 administra-

58 1148 49 21 tiva
121 1148 136 22 funktioner
272 1149 79 21 kunde
367 1150 13 20 å
395 1149 67 21 dessa
477 1149 149 21 öfverföras."

127 1182 144 22 Flerehanda
285 1183 200 28 omständigheter
496 1183 71 22 hafva
574 1183 134 27 förorsakat,
718 1184 34 20 att
762 1181 55 22 ifrå-

59 1217 130 27 gavarande
211 1217 170 21 reformärende
404 1217 101 21 derefter
520 1217 46 22 fått
581 1217 69 22 hvila.
680 1217 36 21 Då
731 1216 39 22 det
784 1223 32 14 nu

58 1250 9 22 i
81 1251 158 29 petitionsväg
254 1252 49 21 åter
319 1251 93 29 bringas
428 1251 62 22 inför
506 1251 135 28 Ständerna,
658 1251 53 21 sker
726 1251 39 21 det
774 1257 42 14 un-

59 1284 40 22 der
121 1286 147 28 väsentligen
289 1285 139 31 förändrade
450 1285 170 22 förhållanden.
658 1284 159 28 Temmeligen

58 1319 96 22 allmänt
168 1320 66 21 torde
249 1315 102 32 numera,
369 1320 73 21 delvis
458 1320 30 28 på
503 1320 77 28 grund
596 1320 26 21 af
633 1320 9 21 i
652 1320 97 27 Sverige
759 1325 58 15 vun-

57 1360 46 15 nen
126 1353 137 28 erfarenhet,
287 1354 45 21 den
354 1354 61 29 åsigt
438 1354 63 29 gjort
518 1355 36 28 sig
570 1354 112 29 gällande,
699 1356 35 19 att
749 1353 26 22 af
788 1360 29 14 en

57 1387 151 29 sjelfstyrelse
231 1388 62 21 inom
317 1388 28 21 de
367 1389 84 27 trånga
473 1391 102 25 gränser,
599 1395 48 14 som
665 1387 112 29 förslaget
792 1387 25 20 år

126 1427 207 19 Kommunalutskottets
346 1428 113 18 betänkande
470 1427 34 19 N:o
520 1429 14 16 7.
