1034 1653
202 151 26 21 10
361 151 279 23 Petitionsbetänkande
656 152 46 22 N:o
718 152 37 22 38.

242 216 76 23 Hvad
338 216 53 23 åter
409 217 123 23 beträffar
551 218 121 28 förslaget
692 219 36 21 att
740 218 51 22 helt
801 217 45 22 och
856 217 77 22 hållet

174 251 89 28 aflyfta
281 251 197 29 ifrågavarande
499 253 79 28 tunga
598 252 56 22 från
677 252 49 22 den
745 252 8 22 i
763 252 94 22 mantal
867 253 66 20 satta

172 285 99 29 jorden,
300 286 27 22 så
354 286 47 22 har
427 286 122 22 utskottet
573 286 92 22 härvid
689 286 104 22 beaktat
812 286 71 22 såväl
901 286 31 22 de

173 320 63 25 skäl,
265 326 53 15 som
346 320 25 21 af
399 320 143 22 Ständerna
566 321 166 22 härförinnan
757 321 8 21 i
789 320 91 22 sådant
899 320 34 21 af-

173 353 92 23 seende
282 353 142 30 åberopats,
444 361 53 16 som
516 355 46 22 ock
582 355 49 22 den
650 355 219 28 omständigheten
889 356 42 24 att,

172 388 80 22 sedan
270 388 183 30 förordningen
473 389 24 22 af
515 389 50 22 den
586 389 31 22 12
632 389 143 22 November
787 389 67 22 1883
865 389 68 22 trädt

171 423 8 21 i
206 423 118 28 gällande
349 423 74 26 kraft,
447 423 278 30 skjutsningsbesväret
743 423 83 22 blifvit
844 423 39 22 för
901 423 31 22 de

172 457 275 30 skjutsningsskyldige
474 459 8 21 i
510 458 248 29 anmärkningsvärd
785 458 63 29 grad
872 457 60 22 min-

172 491 82 26 skadt,
274 491 97 23 hvilket
388 492 79 23 bland
486 494 78 21 annat
582 493 113 28 framgår
714 492 80 26 däraf,
809 493 35 21 att
855 492 77 29 enligt

172 525 49 22 den
249 526 36 21 till
313 526 143 22 Ständerna
480 526 43 22 vid
548 526 67 23 1888
636 527 40 21 års
695 526 123 29 landtdag
837 526 94 22 aflåtna

171 560 95 28 nådiga
292 561 189 28 propositionen
506 561 191 29 sammanlagda
720 561 118 28 beloppet
857 560 25 22 af
901 560 30 22 de

172 594 178 29 ersättningar,
370 595 86 22 hvilka
475 596 39 22 för
534 595 356 29 skjutsningsentreprenader
907 594 26 22 af

171 628 31 22 de
222 628 275 31 skjutsningsskyldige
516 630 39 22 för
574 630 121 28 perioden
710 629 172 23 1885-—1887
895 629 37 21 år-

170 662 68 29 ligen
269 663 106 26 erlades,
406 664 110 29 uppgick
550 664 36 22 till
613 664 69 22 cirka
710 663 114 26 295,000
851 663 79 26 mark,

170 697 91 22 medan
290 697 13 22 å
332 698 80 22 andra
431 699 72 21 sidan
528 699 7 21 i
556 699 89 28 några,
665 705 40 15 om
725 698 46 22 ock
790 698 89 22 endast
897 697 33 26 få,

170 731 156 27 kommuner,
346 732 256 29 skjutsningstungan
621 733 36 22 till
676 733 46 22 och
741 733 57 21 med
813 732 118 22 förvand-

170 765 48 22 lats
238 766 36 22 till
293 773 30 15 en
337 767 185 22 inkomstkälla.
556 767 50 22 För
619 767 122 28 perioden
756 766 175 23 1888—1890

172 799 61 27 åter,
254 800 32 22 då
306 801 25 22 af
348 801 100 22 landets
467 802 117 28 samtliga
594 801 50 22 951
660 801 178 29 gästgifverier
851 800 79 22 redan

170 833 51 23 905
242 835 149 29 öfvertagits
410 836 32 28 på
462 836 177 28 entreprenad,
667 836 67 22 hade
754 835 176 28 entreprenad-

170 875 115 16 summan
313 869 106 30 nedgätt
446 870 36 22 till
506 877 20 15 c.
552 870 115 26 218,000
692 870 79 22 mark.
809 869 52 23 Och
881 869 48 22 den

169 903 147 29 minskning
334 904 8 21 i
362 904 286 29 skjutsningsbesväret,
663 911 54 16 som
731 904 145 22 åstadkoms
889 910 41 22 ge-

169 943 59 16 nom
257 938 68 22 1883
354 938 41 22 års
420 939 160 29 förordning,
608 939 114 22 kommer
740 938 127 22 sannolikt
895 939 35 20 att

169 971 148 29 ytterligare
343 973 84 28 fortgå
455 973 8 21 i
488 973 63 28 följd
572 973 24 22 af
615 973 31 22 de
665 973 139 28 ändringar
823 973 8 20 i
849 972 82 21 förbe-

168 1005 77 22 rörda
256 1006 157 29 författning,
437 1013 53 16 som
510 1007 66 22 skett
594 1013 92 22 genom
704 1006 182 29 förordningen
906 1005 26 22 af

169 1039 50 22 den
238 1040 34 22 20
291 1040 138 23 December
449 1041 76 26 1888,
545 1041 104 22 hvilken
669 1041 89 22 trädde
777 1041 8 21 i
803 1040 68 22 kraft
881 1040 49 22 den

170 1074 12 21 1
204 1073 107 24 Januari
331 1075 76 22 1891.
440 1075 11 22 I
471 1075 56 22 stöd
546 1076 74 21 häraf
639 1075 47 22 har
704 1075 122 22 utskottet
839 1075 90 25 ansett,

170 1109 36 20 att
219 1109 117 28 grunden
355 1109 40 22 för
413 1109 165 23 omförmälda
597 1109 107 22 besvärs
722 1109 142 29 utgörande
877 1108 54 22 icke

168 1141 48 23 bör
235 1143 101 26 ändras,
356 1143 87 23 förrän
462 1144 88 22 vidare
569 1144 145 22 erfarenhet
731 1143 134 22 inhemtats
890 1149 40 16 om

168 1176 191 30 verkningarna
379 1178 26 22 af
423 1178 31 22 de
473 1178 38 22 för
530 1178 105 29 frågans
653 1178 103 29 lösning
774 1179 85 20 senast
878 1177 52 22 vid-

168 1211 79 28 tagna
266 1211 162 29 åtgärderna,
447 1212 65 22 helst
525 1219 35 15 nu
569 1213 178 28 ifrågakomna
758 1211 95 29 förslag
863 1211 68 22 dess-

167 1246 70 21 utom
256 1245 80 22 skulle
355 1246 79 23 verka
453 1247 129 29 rubbning
601 1247 8 22 i
627 1247 100 22 landets
744 1246 185 28 skattesystem,

167 1279 79 28 något
270 1286 54 16 som
344 1280 55 23 icke
424 1282 61 21 utan
505 1281 149 29 erforderlig
673 1280 156 23 omfattande
848 1279 83 23 utred-

166 1313 62 29 ning
247 1313 51 23 kan
316 1314 192 30 ifrågakomma.

236 1347 36 23 På
291 1349 84 27 grund
395 1349 26 22 af
437 1349 69 22 hvad
520 1349 106 22 sålunda
644 1348 105 26 anförts,
761 1348 38 22 får
809 1348 122 22 utskottet

165 1381 132 23 vördsamt
315 1382 105 23 föreslå:

240 1490 47 23 Lag-
303 1490 32 17 och
348 1489 183 19 Ekonomiutskottets
543 1489 111 18 betänkande
666 1488 38 17 N:o
718 1488 16 17 6.
