1000 1653
267 147 239 23 Petitionsbetänkande
524 147 35 23 N:o
576 147 38 23 52.
772 148 12 19 9

60 219 101 29 påpekats
177 219 26 22 de
219 219 141 28 olägenheter,
376 219 72 21 hvilka
461 219 88 21 härröra
564 219 21 21 af
601 225 27 15 en
644 218 118 28 opraktiskt
777 224 37 15 an-

60 255 111 21 anordnad
186 255 215 28 slöjdundervisning.
426 254 105 22 Särskildt
545 255 39 21 har
599 254 92 28 uttalats,
707 255 30 20 att
751 254 64 27 slöjd-

60 291 182 28 undervisningen
263 291 8 21 i
294 290 147 22 folkskolorna
455 291 8 21 i
479 291 58 21 detta
558 290 99 22 afseende
681 290 90 22 kommit
787 289 27 29 på

60 327 93 28 afvägar,
168 327 7 20 i
191 327 36 21 det
242 328 30 20 att
287 326 99 22 eleverna
402 326 22 21 få
436 327 115 28 förfärdiga
565 326 145 28 hvarjehanda
721 325 93 28 föremål,

60 369 47 15 som
131 363 38 21 alls
191 363 66 28 ingen
279 363 93 28 egentlig
395 363 139 28 användning
555 362 86 21 hafva
633 357 12 38 i
658 362 117 27 allmogens
791 361 24 21 lif

61 400 52 20 utan
128 405 47 15 mer
195 398 86 22 tillhöra
295 398 78 28 lyxens
390 398 93 29 område,
499 398 78 22 medan
593 398 95 22 deremot
703 397 111 22 undervis-

61 435 80 28 ningen
157 435 7 20 i
181 435 166 28 förfärdigandet
362 435 21 20 af
393 435 167 28 nödvändigaste
571 434 142 28 slöjdartiklar
723 433 91 22 försum-

61 477 51 15 mas.
143 470 50 23 Med
217 471 116 28 anledning
354 471 60 21 häraf
432 471 39 20 har
486 471 7 20 i
509 470 103 22 utskottet
626 470 75 21 främst
715 469 99 22 betonats

60 506 185 28 nödvändigheten
268 506 27 28 af,
310 507 31 20 att
366 506 36 21 vid
425 505 322 28 handarbetsundervisningens
765 505 49 21 ord-

60 542 70 21 nande
145 541 28 29 på
189 543 30 20 ett
236 541 203 29 ändamålsenligare
457 543 41 21 sätt
515 542 76 28 början
607 541 64 23 måtte
687 543 62 27 göras
764 541 49 21 med

60 578 121 21 folkskolan
198 578 41 22 och
249 578 100 21 särskildt
374 578 99 22 afseende
489 578 65 22 fästas
570 578 41 28 vid,
632 579 30 20 att
679 578 41 21 den
735 578 7 20 i
759 577 54 22 folk-

60 614 75 21 skolan
155 614 126 22 meddelade
297 614 182 28 undervisningen
502 614 64 22 måtte
588 614 107 21 oafbrutet
717 613 70 28 fortgå
806 614 7 20 i

60 656 81 15 samma
163 650 95 27 riktning
273 650 7 20 i
296 650 231 21 handtverksskolorna
550 656 47 15 som
620 650 32 21 för
670 650 106 21 ernående
792 650 21 20 af

61 685 57 22 detta
132 685 43 22 mål
191 685 62 22 äfven
269 685 223 28 fortsättningskurser
507 685 112 22 anordnas.

131 721 75 22 Såsom
227 728 26 15 en
270 721 113 28 olägenhet
405 721 36 21 vid
463 721 43 22 den
530 721 214 28 slöjdundervisning,
766 727 46 15 som

60 757 108 22 meddelas
183 757 64 22 äfven
262 757 114 22 fullvuxna
386 764 109 21 personer,
507 758 39 21 har
556 759 80 20 ansetts
646 759 31 20 att
689 757 124 22 densamma

61 793 185 28 hufvudsakligast
261 793 56 22 afser
332 793 167 28 förfärdigandet
515 793 21 22 af
548 793 106 28 lyxsaker.
681 793 132 28 Visserligen

61 829 39 21 har
116 829 12 21 å
143 829 67 21 andra
225 829 61 22 sidan
301 829 60 22 inom
377 829 102 22 utskottet
495 829 124 22 framhållits
631 831 30 20 att
673 829 140 22 landtbefolk-

59 865 80 27 ningen
162 865 122 22 utomlands
305 866 44 27 just
371 865 124 28 derigenom
519 865 82 22 kunnat
623 865 64 28 draga
707 865 68 22 fördel
791 865 22 20 af

59 901 33 21 sin
102 901 179 28 slöjdkunnighet,
293 903 30 20 att
336 901 41 22 den
385 901 40 22 lärt
433 902 32 27 sig
473 903 31 20 att
513 902 97 21 tillverka
617 901 196 22 konstindustriella

59 937 93 22 föremål.
183 937 74 22 Likväl
268 937 189 28 torde,
344 933 11 37 i
362 937 95 28 händelse
471 944 50 15 man
529 938 63 21 äfven
605 938 38 21 hos
656 945 35 14 oss
703 937 26 29 på
741 937 71 22 lands-

59 972 100 28 byggden
175 973 93 28 begynte
285 973 79 21 sträfva
379 974 7 20 i
402 973 71 22 denna
488 974 99 27 riktning,
601 974 45 21 fara
657 980 50 15 vara
718 974 33 20 för
760 974 53 20 han-

59 1008 42 21 den
126 1009 30 20 att
181 1015 50 15 man
257 1009 7 20 i
290 1009 70 22 stället
387 1009 34 22 för
445 1009 66 28 något
534 1009 93 28 prydligt
655 1009 157 22 åstadskomme

59 1043 48 22 dess
126 1045 94 28 motsats,
241 1045 87 22 arbeten
350 1045 79 22 sådana
449 1052 47 15 som
519 1045 65 28 några
612 1045 31 22 till
666 1045 147 28 nyssnämnda

58 1080 125 29 utställning
205 1081 8 20 i
233 1081 83 28 Viborg
338 1081 90 22 insända
450 1083 85 26 mattor,
556 1081 72 22 hvilka
652 1088 51 15 voro
729 1081 84 28 prydda

58 1116 50 21 med
135 1117 166 28 »anilinfärgade
322 1124 62 15 rosor
404 1117 21 21 af
448 1118 27 21 18
499 1119 56 20 tums
574 1117 68 22 bredd
662 1118 7 21 i
689 1118 122 21 diameter».

131 1151 29 22 Af
176 1153 26 21 de
218 1153 159 28 önskningsmål
401 1153 72 22 hvilka
489 1154 22 21 af
527 1153 210 29 slöjdkunnighetens
761 1155 51 20 vän-

58 1194 39 15 ner
113 1188 126 23 framställas
250 1189 36 21 vid
297 1189 59 28 fråga
369 1196 36 14 om
413 1189 294 29 handarbetsskicklighetens
719 1189 93 28 höjande

58 1224 41 21 och
114 1225 21 20 af
150 1225 73 21 hvilka
244 1225 65 21 likväl
331 1225 72 28 några,
425 1225 75 22 främst
515 1225 74 29 frågan
605 1233 35 14 om
655 1225 120 22 inrättande
791 1225 22 21 af

58 1259 179 29 slöjdseminarier
259 1261 41 22 och
315 1263 30 20 ett
360 1267 98 16 museum
481 1262 33 21 för
532 1262 103 27 hemslöjd
651 1262 75 21 endast
741 1261 71 22 såsom

57 1295 195 29 framtidsätgärder
275 1297 73 21 kunna
371 1297 86 22 komma
479 1298 69 21 under
563 1298 141 28 ompröfning,
720 1298 38 21 har
777 1298 35 20 ut-

58 1331 79 22 skottet
157 1333 70 21 ansett
245 1332 42 22 den
302 1333 7 21 i
324 1333 203 29 petitionsförslaget
544 1334 90 21 berörda
649 1334 111 28 principen
776 1340 36 14 om

57 1367 192 29 arbetsfördelning
257 1368 66 22 redan
333 1375 31 15 nu
372 1370 90 27 förtjena
468 1371 99 21 närmare
573 1370 120 28 utredning,
702 1371 51 20 enär
761 1375 51 15 man

58 1403 45 21 deri
125 1405 51 20 trott
197 1404 32 27 sig
248 1404 60 21 finna
327 1405 35 21 det
381 1405 166 22 verksammaste
570 1406 69 21 medel
655 1406 32 21 för
703 1404 108 25 vinnande

128 1444 208 20 Ekonomiutskottets
350 1446 127 19 betänkande
490 1446 38 19 N:o
541 1447 32 18 22.
