1025 1656
168 107 12 20 8
348 107 278 23 Petitionsbetänkande
641 107 45 23 N:o
702 107 38 23 42.

167 177 42 22 och
228 178 58 21 barn
300 178 127 22 bibehållas
442 179 40 21 vid
498 179 71 29 sagda
584 179 97 26 förmån,
697 179 62 22 intill
775 179 51 22 dess
843 180 77 21 derom

166 214 175 29 vederbörligen
357 215 142 21 annorlunda
514 215 156 22 förordnades.

238 257 52 27 2:0).
307 256 84 22 Judisk
403 257 91 28 qvinna,
503 264 49 14 som
562 257 79 28 ingick
652 257 116 28 giftermål
778 257 53 22 med
839 257 80 28 judisk

166 299 59 19 man,
249 292 95 21 hvilken
367 293 52 21 med
438 292 106 29 behörigt
560 292 105 21 tillstånd
681 292 9 21 i
705 292 79 22 landet
799 293 35 28 sig
849 300 70 21 uppe-

166 327 68 26 hölle,
254 327 74 22 skulle
347 327 66 29 njuta
429 335 85 14 samma
530 330 46 19 rätt
591 328 37 21 till
642 327 95 22 vistelse
751 328 7 21 i
772 328 85 26 landet,
871 335 50 15 som

166 370 106 15 mannen.

238 406 51 27 3:0).
321 405 157 22 Förenämnde
500 405 69 29 judar
592 405 72 22 borde
688 405 42 22 hos
749 405 170 22 vederbörande

165 443 115 26 guvernör
302 441 97 21 utverka
414 441 35 28 sig
464 441 206 29 vistelsebiljetter,
688 441 74 22 stälda
777 443 30 26 på
823 444 33 19 ett
872 443 24 20 år
911 442 7 21 i

165 477 81 21 sender
270 479 58 19 samt
347 477 148 28 upptagande
509 477 87 28 jemväl
613 477 65 22 deras
695 477 94 21 hustrur
805 477 42 21 och
862 477 58 22 barn

164 512 119 22 äfvensom
298 513 172 28 boningsorter;
486 513 42 22 och
545 513 74 21 skulle
638 513 40 21 det
693 520 55 14 vara
761 513 98 28 judarne
875 513 44 22 för-

164 548 82 29 bjudet
269 551 34 18 att
327 548 52 22 från
402 549 27 21 de
454 549 50 21 dem
521 548 107 22 anvisade
645 548 191 29 boningsorterna
851 549 69 28 flytta

163 584 36 21 till
222 585 72 21 andra
318 587 61 19 orter
403 585 61 22 inom
488 585 78 22 landet
590 588 29 19 än
643 585 107 21 städerna
765 585 152 28 Helsingfors,

164 613 51 29 Åbo
232 621 44 21 och
291 621 103 29 Wiborg.

235 664 53 27 4:0).
319 664 41 21 Uti
383 664 66 21 dessa
472 664 75 22 städer
570 664 62 28 finge
653 663 100 29 judarne
768 663 70 21 hafva
854 670 66 22 syna-

163 706 73 22 gogor
260 699 42 21 och
326 699 39 22 vid
381 700 51 21 dem
448 700 61 21 hålla
524 700 107 21 rabbiner
648 700 43 21 och
707 700 70 28 nödig
793 699 126 29 betjening,

162 734 129 29 hvarjemte
309 736 52 20 dem
377 736 73 21 skulle
467 744 53 13 vara
536 736 86 21 tillåtet
640 738 34 19 att
690 736 98 21 anställa
801 735 71 21 lärare
883 734 36 22 för

163 770 49 22 sina
232 770 68 22 barns
317 771 174 29 undervisning;
509 772 42 21 och
567 772 121 21 ankomme
706 772 39 20 det
761 773 30 27 på
807 770 110 22 Senatens

163 806 286 29 Ekonomiedepartement
474 810 34 18 att
529 810 23 19 åt
566 807 64 29 jude,
648 814 48 15 som
713 807 52 21 från
780 809 70 19 annat
865 807 54 21 land

162 842 78 22 blifvit
266 842 77 22 kallad
370 843 35 21 till
431 844 87 25 rabbin,
544 843 90 29 betjent
658 844 40 20 vid
722 850 118 22 synagoga
864 842 55 22 eller

165 878 149 26 barnalärare,
337 879 104 21 meddela
465 879 103 21 tillstånd
592 881 35 19 att
642 880 8 20 i
666 879 79 21 landet
760 879 71 21 vistas
847 879 73 21 under

162 914 44 21 den
223 914 34 22 tid
273 915 45 21 han
336 915 70 21 sådan
421 915 140 29 anställning
577 916 120 20 innehade.

235 957 52 27 5:0).
319 956 12 22 I
354 956 106 22 afseende
484 959 13 19 å
520 957 92 28 närings
636 956 100 22 idkande
760 956 61 28 finge
837 956 82 28 ifråga-

161 992 100 22 varande
275 992 69 28 judar
360 992 90 29 åtnjuta
468 1000 85 14 samma
568 995 47 19 rätt
631 1000 49 14 som
697 992 70 22 andra
782 992 51 21 icke
843 992 74 21 finske

161 1028 160 28 medborgare;
339 1029 58 21 dock
413 1031 35 19 att
465 1029 26 21 de
507 1029 50 21 icke
572 1036 55 14 vore
644 1028 143 28 berättigade
805 1030 34 19 att
854 1030 63 18 utom

161 1063 45 21 den
228 1064 181 26 stadskommun,
434 1065 92 21 hvarest
550 1065 28 21 de
600 1071 56 15 voro
682 1064 99 25 bosatta,
805 1063 36 21 för
859 1071 58 21 egen

160 1098 56 22 eller
232 1107 86 14 annans
335 1100 97 28 räkning
447 1100 54 22 idka
515 1100 83 21 handel
610 1100 55 20 eller
678 1102 71 19 annat
759 1098 159 29 näringsyrke,

160 1136 34 20 att
214 1137 30 26 på
263 1135 160 29 landsbygden
439 1136 118 28 kringresa
575 1136 43 20 och
633 1136 111 28 uppköpa
760 1134 157 22 landtmanna-

160 1170 69 22 alster
246 1173 58 19 samt
322 1173 33 19 att
371 1171 120 22 fortskaffa
507 1179 67 14 varor
589 1171 85 21 mellan
687 1173 60 19 orter
758 1171 62 21 inom
831 1170 84 21 landet.

232 1214 52 27 6:0).
316 1213 61 22 Jude
397 1214 75 21 skulle
487 1221 54 14 vara
557 1213 120 29 förbjudet
693 1215 35 19 att
743 1212 84 22 bivista
843 1213 73 20 mark-

159 1249 45 21 nad
220 1251 65 20 utom
300 1249 85 22 honom
401 1250 95 21 anvisad
512 1250 141 28 boningsort.

232 1292 52 27 7:0).
315 1291 12 22 I
350 1292 109 21 händelse
483 1292 34 21 till
540 1292 94 21 vistelse
658 1292 6 20 i
689 1291 78 21 landet
786 1289 130 29 berättigad

156 1325 57 29 jude
236 1326 48 22 fem
307 1329 24 19 år
355 1327 54 22 eller
431 1327 131 22 derutöfver
578 1327 197 28 hufvudsakligen
791 1325 125 29 uppehölle

158 1362 36 28 sig
216 1364 66 20 utom
303 1363 85 26 landet,
411 1371 55 14 vore
485 1364 45 21 han
546 1363 110 28 förlustig
672 1363 141 28 rättigheten
829 1364 34 19 att
879 1361 35 21 till

157 1398 79 21 landet
253 1399 140 21 återkomma
409 1399 42 21 och
469 1399 34 28 sig
519 1399 116 22 derstädes
652 1399 113 21 nedsätta.

229 1447 139 22 Lagutskottets
381 1447 116 18 betänkande
510 1446 36 19 N:o
559 1447 17 18 8.
