1031 1653
298 98 235 22 Petitionsbetänkandet
548 98 35 22 N:o
597 98 35 22 40.
808 100 13 20 5

92 160 114 29 påyrkats.
236 161 85 22 Endast
343 160 70 28 några
435 161 87 21 mindre
545 161 170 28 önskningsmål
733 161 64 21 torde
817 166 33 16 ar-

93 196 107 21 betarene
211 195 113 28 uppställa
332 195 91 22 utöfver
431 195 148 22 förenämnda
587 195 102 28 anspråk,
698 195 68 22 bland
773 194 77 22 hvilka

91 230 170 28 önskningsmål
277 230 106 21 särskildt
398 229 140 27 framhållits,
554 231 33 20 att
602 230 149 28 lärlingarnes
766 229 84 22 arbets-

92 264 34 22 tid
140 264 70 22 borde
225 264 81 22 ordnas
323 264 30 26 så,
368 265 33 20 att
417 264 66 22 dessa
498 264 77 22 blefve
589 264 7 22 i
612 264 90 22 tillfälle
717 265 34 21 att
765 264 86 28 åtnjuta

93 298 35 22 för
147 298 167 22 handtverkare
331 298 80 22 afsedd
430 299 168 27 undervisning.
629 298 173 28 Otvifvelaktigt
816 299 34 20 ut-

92 333 43 28 gör
145 332 67 23 också
223 333 148 21 nattarbetets
384 333 114 22 ordnande
510 333 91 28 frågans
611 332 134 29 kärnpunkt.
763 332 87 22 Visser-

93 367 61 28 ligen
172 367 45 22 kan
236 373 52 15 man
306 367 69 21 tänka
394 367 42 28 sig,
455 369 34 19 att
503 367 171 22 förhållandena
688 367 60 22 inom
763 367 87 28 bageri-

91 402 69 27 yrket
178 401 75 22 kunde
272 401 147 29 fördelaktigt
437 402 81 21 ordnas
538 401 68 22 äfven
624 401 28 28 på
671 403 32 20 ett
723 402 68 21 annat
806 401 44 22 sätt

92 437 30 21 än
137 442 82 23 genom
241 436 149 21 nattarbetets
412 436 149 27 förbjudande
584 436 71 21 delvis
675 436 56 21 eller
745 435 48 22 helt
807 435 42 22 och

92 471 82 28 stadga
185 470 75 22 hållet.
284 470 41 22 Om
336 477 52 14 man
398 472 15 19 t.
423 477 36 15 ex.
468 470 89 28 åtnöjde
569 470 36 28 sig
615 470 50 22 med
676 471 33 20 att
719 476 82 22 genom
811 470 39 27 lag

94 505 103 27 förbjuda
219 505 180 21 nattarbetarens
419 505 148 21 användande
588 511 36 15 om
645 505 74 27 dagen
737 505 8 21 i
765 504 84 26 arbete,

94 539 43 22 och
159 540 34 20 att
215 539 132 21 arbetarene
370 538 69 22 borde
463 538 106 22 förunnas
593 541 70 19 8—10
681 538 100 22 timmars
803 537 46 23 oaf-

92 574 82 22 bruten
184 574 101 26 hvilotid,
296 574 73 21 skulle
379 574 70 21 redan
459 574 133 28 härigenom
603 580 27 15 en
640 573 103 28 betydlig
752 572 97 28 lindring

91 608 173 28 åvägabringas.
293 608 86 22 Genom
394 608 118 22 införande
527 608 26 22 af
565 614 29 15 en
609 608 142 28 bestämning
765 607 84 26 derom,

92 644 34 19 att
148 642 133 21 arbetarene
303 642 70 21 borde
396 642 99 22 fördelas
514 642 7 21 i
540 644 91 24 tvenne,
645 642 128 21 hvarandra
791 641 7 22 i
813 643 36 19 tur

92 676 123 27 aflösande,
238 683 105 21 grupper,
361 683 68 21 synes
449 683 28 15 en
497 676 68 22 sådan
587 676 172 28 arbetsordning
774 676 75 21 kunna

94 710 155 29 förverkligas.

162 745 51 22 Men
229 745 68 22 redan
313 745 81 28 sjelfva
409 745 146 22 arbetssättet
565 745 7 22 i
582 745 134 28 bagerierna
731 740 24 27 är
770 744 79 25 sådant

92 780 35 20 att
149 779 134 22 åtminstone
301 779 7 22 i
329 780 27 21 de
380 779 87 22 mindre
489 779 136 28 bagerierna
647 779 52 22 hela
721 779 134 28 personalen

95 813 71 22 måste
192 814 114 27 samtidigt
333 814 79 21 vara
403 809 17 36 i
435 814 85 26 arbete,
547 814 90 21 hvadan
665 814 190 27 skiftessystemet

94 847 43 22 blir
156 848 107 28 omöjligt.
293 848 117 21 Hvarthän
430 849 63 20 detta
511 848 169 28 skiftessystem
695 854 82 15 annars
792 847 63 22 leder

95 881 110 29 framgick
231 882 83 28 tydligt
336 882 7 21 i
366 882 83 28 Norge,
473 882 28 22 då
523 888 84 23 genom
631 885 55 21 1885
709 882 35 22 års
768 881 86 22 författ-

94 917 55 27 ning
174 918 33 20 ett
234 917 72 27 dylikt
331 918 85 26 system
443 917 74 21 skulle
540 917 93 22 införas.
672 917 77 22 Skilda
771 916 84 22 skiften

95 950 35 22 för
148 951 91 27 ombyte
262 951 81 22 funnos
367 957 46 22 nog
431 951 34 22 till
484 953 99 25 namnet,
603 958 50 15 men
672 952 7 21 i
697 951 157 31 verkligheten

92 985 129 27 gestaltade
240 985 36 28 sig
294 986 70 21 saken
379 985 31 26 så,
426 987 33 20 att
474 986 76 27 begge
566 986 97 21 skiftena
679 985 106 22 arbetade
798 985 56 27 jem-

94 1019 60 22 sides
177 1019 47 22 ofta
246 1019 52 22 hela
322 1019 139 22 arbetstiden
480 1020 28 27 på
527 1026 28 15 en
574 1020 57 21 eller
649 1026 40 22 par
703 1020 93 21 timmar.
807 1019 46 22 när.

94 1053 51 22 Den
168 1053 57 22 enda
247 1053 143 29 bestämning
413 1060 54 20 som,
483 1054 8 21 i
506 1054 109 22 händelse
638 1054 137 22 nattarbetet
794 1053 60 22 bibe-

94 1087 79 27 hölles,
188 1087 75 22 kunde
279 1088 102 22 medföra
396 1089 90 28 verklig
501 1090 71 26 nytta,
590 1095 54 16 vore
659 1089 44 21 den
718 1090 33 20 att
765 1088 88 27 socker-

95 1121 156 29 bageriarbete
266 1121 20 28 ej
302 1122 61 29 finge
383 1122 87 23 utföras
489 1129 82 22 genom
586 1123 71 21 andra
673 1123 28 21 än
717 1122 76 22 derför
808 1122 45 22 sär-

91 1155 71 22 skildt
182 1156 102 22 aflönade
299 1157 110 21 arbetare.

162 1190 51 22 Men
228 1191 68 21 äfven
312 1197 36 15 om
367 1191 249 22 arbetsförhållandena
633 1191 60 22 inom
708 1191 146 28 bageriyrket

94 1231 82 22 genom
191 1225 152 28 nyssnämnda
358 1225 169 29 bestämningar
543 1225 74 22 kunde
633 1226 7 21 i
655 1226 73 28 någon
744 1225 50 22 mån
808 1225 45 22 för-

94 1259 92 27 bättras,
209 1265 54 16 vore
286 1259 58 22 dock
367 1266 28 15 en
419 1259 70 22 sådan
513 1260 136 28 förbättring
671 1260 54 28 föga
747 1259 106 22 tillfreds-

92 1293 118 22 ställande.
245 1293 78 28 Lagen
346 1294 25 22 af
391 1293 24 23 år
440 1297 55 18 1885
518 1294 7 21 i
547 1294 76 28 Norge
645 1294 58 22 hade
725 1294 71 27 åtnöjt
818 1293 35 29 sig

94 1328 52 21 med
161 1328 77 28 dylika
260 1328 86 22 mindre
368 1328 197 28 inskränkningar,
589 1334 51 16 men
665 1328 38 22 det
721 1328 78 22 visade
818 1328 35 28 sig

93 1363 63 21 snart
178 1368 44 22 nog
245 1364 33 19 att
300 1362 104 28 sakläget
426 1368 83 22 genom
533 1362 130 22 densamma
686 1362 49 22 icke
761 1368 92 22 synner-

93 1396 61 28 ligen
178 1396 153 22 förändrades.
361 1396 142 28 Visserligen
525 1397 66 26 hade,
606 1396 28 29 på
653 1397 48 22 sätt
723 1396 68 22 äfven
807 1396 22 22 af
845 1396 7 22 i

162 1437 193 19 Ekonomiutskottets
369 1437 116 20 betänkande
500 1437 38 20 N:o
553 1438 30 19 19.
