1031 1656
204 133 12 20 8
360 132 280 23 Petitionsbetänkande
655 133 43 22 N:o
714 132 38 23 38.

247 193 35 22 att
308 192 39 23 för
374 193 69 22 tiden
473 193 119 29 gällande
614 193 142 29 skjutslega
775 199 61 16 vore
855 192 83 23 alltför

175 226 43 29 läg
246 227 46 22 och
320 227 79 22 borde
421 227 115 30 skäligen
554 227 74 29 höjas
649 229 64 20 samt
731 227 152 22 bestämmas
902 227 37 22 till

175 261 69 22 olika
263 261 100 29 belopp,
383 262 43 22 allt
446 262 62 22 efter
526 262 68 22 olika
612 261 85 23 lokala
715 261 188 27 förhällanden;

247 297 36 21 att
309 296 180 23 samfärdselns
511 296 176 29 befrämjande
708 296 80 22 mäste
809 295 129 23 betraktas

176 330 85 22 säsom
287 337 30 16 en
340 331 99 22 landets
467 331 193 29 angelägenhet,
685 330 46 23 och
755 331 97 22 enhvar
873 330 66 23 med-

176 364 111 29 borgare
307 365 67 28 förty
393 371 63 16 vara
474 365 90 29 pligtig
583 367 35 20 att
636 365 8 22 i
663 365 159 22 förhällande
835 365 36 22 till
884 365 55 22 sina

176 399 139 22 inkomster
332 399 84 23 därtill
428 399 115 30 bidraga,
558 400 46 22 där
617 399 106 23 tillskott
735 399 101 23 utöfver
849 399 91 30 skjuts-

178 433 77 30 legan
274 434 172 27 erfordrades;
467 435 65 21 samt

248 469 36 21 att
311 468 203 29 skjutsanstalter
542 469 46 22 och
618 469 135 28 hällskjuts
779 469 54 22 icke
861 467 79 23 borde

177 501 185 30 ifrägakomma
374 503 14 22 å
402 503 79 22 andra
495 503 126 22 allmänna
634 504 89 28 vägar,
735 504 33 22 än
787 503 46 22 där
845 503 32 22 de
896 503 44 22 äro

181 537 40 22 för
240 536 167 23 samfärdseln
426 538 26 22 af
470 537 119 23 behofvet
607 538 143 28 påkallade,
764 538 47 22 och
823 537 117 29 följaktli-

177 577 51 23 gen
247 571 120 30 indragas
387 572 14 22 å
420 573 88 28 vägar,
530 572 34 29 pä
582 572 88 22 hvilka
689 572 110 23 trafiken
817 572 66 22 visat
901 571 39 30 sig

178 611 63 16 vara
262 606 101 22 alldeles
382 606 138 30 obetydlig.

248 640 55 23 Den
330 641 174 22 förstnämnda
532 641 26 22 af
585 641 107 22 anförda
720 641 112 29 grunder
855 641 85 28 syntes

179 674 112 23 komitön
313 681 63 16 vara
396 675 101 23 alldeles
516 675 156 30 obestridlig,
691 675 120 23 hvarföre
830 675 110 22 komiten

179 709 113 29 föreslog
309 709 183 29 upphäfvande
511 710 25 22 af
554 710 31 23 de
604 710 212 30 lagstadganden,
835 709 9 23 i
857 709 83 29 grund

181 743 26 23 af
224 744 89 22 hvilka
331 744 279 30 skjutsningsbesväret
628 745 119 29 utgjorde
767 746 34 21 ett
814 744 49 23 den
877 744 64 28 opri-

179 778 150 29 viligierade
347 779 90 28 jorden
456 779 32 29 pä
507 779 85 23 landet
611 779 136 29 äliggande
766 785 64 16 onus
848 778 46 23 och
906 779 35 21 in-

179 812 108 23 förande
307 813 25 22 af
349 813 160 29 bestämning
532 814 88 22 därom
639 815 36 21 att
693 814 115 28 samtlige
826 813 116 23 medlem-

180 853 55 15 mar
253 847 8 22 i
280 847 152 23 kommunen
456 848 80 22 skulle
564 854 110 17 ansvara
697 848 40 22 för
756 848 49 22 den
823 847 117 27 kostnad,

179 881 125 23 hvarmed
318 882 92 28 skjuts-
425 882 47 22 och
485 882 299 29 gästgifverihällningen
797 882 144 22 öfversköte

180 915 70 23 hvad
270 917 197 27 entreprenören
485 917 87 22 därför
590 917 65 29 egde
675 917 26 22 af
716 917 31 22 de
760 916 107 22 resande
880 923 62 22 upp-

179 949 72 23 bära.

251 984 114 23 Berörda
385 985 26 21 af
424 985 110 22 komitön
547 985 146 29 föreslagna
705 984 185 30 hufvudgrund
903 984 39 23 för

181 1019 143 28 utgörande
352 1019 26 22 af
404 1019 196 29 ifrägavarande
623 1020 93 22 besvär
735 1019 52 23 blef
805 1019 137 22 emellertid

181 1052 54 22 icke
256 1053 26 22 af
300 1053 71 22 Hans
391 1054 141 29 Kejserliga
550 1054 118 29 Majestät
683 1054 128 29 godkänd.
839 1053 41 23 Uti
893 1053 49 22 den

181 1087 37 22 till
248 1087 67 23 1882
345 1088 40 22 ärs
413 1088 123 29 landtdag
564 1088 95 22 aflätna
685 1088 191 29 propositionen
902 1094 41 16 an-

180 1121 101 29 gäende
299 1122 142 22 ordnandet
461 1122 25 22 af
504 1123 230 29 skjutshällningen
747 1122 47 23 och
807 1122 136 29 gästgifve-

180 1156 86 22 rierna
284 1156 130 22 framhölls
434 1157 83 26 äfven,
536 1157 122 22 hurusom
678 1157 144 23 Ständerna
835 1156 109 29 uttryck-

180 1190 69 28 ligen
277 1190 97 27 uttalat,
404 1191 42 22 det
468 1191 31 23 de
518 1192 53 22 icke
590 1192 101 28 gillade,
712 1193 36 21 att
766 1191 178 29 skyldigheten

181 1224 36 22 till
235 1225 143 28 utgörande
398 1225 25 22 af
441 1226 133 28 hällskjuts
594 1226 46 22 och
656 1226 135 22 underhåll
803 1225 26 22 af
841 1225 103 29 gästgif-

181 1258 54 22 veri
254 1259 34 28 pä
306 1259 87 22 landet
411 1260 150 22 utsträcktes
580 1260 36 22 till
629 1260 214 29 jordlägenheter,
857 1260 87 22 hvilka

181 1292 33 29 pä
242 1293 84 29 grund
355 1294 26 22 af
407 1294 43 29 lag
472 1301 60 15 vore
551 1294 113 23 därifrän
683 1294 122 26 befriade,
826 1295 64 21 samt
908 1294 37 22 till

181 1327 151 23 industriela
358 1328 171 30 inrättningar
556 1329 130 22 äfvensom
715 1328 145 29 skattlagda
887 1329 57 28 torp

181 1361 47 22 och
256 1362 123 29 utjordar,
408 1363 127 27 hvarföre,
555 1370 39 15 om
614 1364 111 22 nämnda
744 1363 145 29 skyldighet
911 1363 33 28 pä

180 1396 89 23 landet
297 1397 132 22 ähvälfdes
454 1398 164 22 kommunens
638 1398 117 29 samtliga
774 1397 169 26 medlemmar,

182 1430 69 23 detta
274 1431 124 22 innebure
418 1438 30 16 en
468 1432 148 29 förändring
634 1433 8 22 i
662 1433 49 22 den
730 1432 121 29 riktning,
873 1431 72 23 Stän-

253 1479 50 23 Lag-
317 1479 32 18 och
363 1480 183 18 Ekonomiutskottets
558 1481 112 18 betänkande
681 1480 38 18 N:o
733 1483 16 16 6.
