1025 1659
187 120 12 18 2
325 118 81 22 Ständ.
422 118 52 22 Pet.
493 131 23 3 —
534 118 172 22 Petitionsbet.
722 118 40 22 N:o
777 118 35 21 42.

256 184 91 29 Frågan
362 184 78 22 härom
455 185 94 21 väcktes
565 185 70 21 redan
651 192 83 21 genom
750 192 28 14 en
794 184 40 21 vid
846 186 54 20 1872
912 186 35 19 års

186 219 110 28 landtdag
311 219 117 21 framstäld
441 219 97 29 petition
549 220 43 20 och
602 220 41 20 har
655 219 68 22 äfven
734 219 39 22 vid
783 220 54 20 flere
847 219 100 29 följande

187 254 135 28 landtdagar
337 254 59 21 varit
411 254 93 21 föremål
520 254 36 21 för
573 254 139 22 Ständernas
726 254 145 28 behandling,
882 254 65 21 hvar-

185 288 71 30 jämte
275 288 104 26 Senaten,
396 289 69 21 sedan
481 296 29 14 en
525 288 36 22 för
577 289 129 21 ändamålet
721 288 79 22 tillsatt
815 288 85 22 komité
916 288 31 22 af-

187 323 85 21 lemnat
296 323 143 21 betänkande
465 324 42 20 och
533 323 86 29 förslag
642 323 118 29 angående
785 323 103 22 vilkoren
913 323 34 21 för

185 358 82 28 judars
285 358 91 22 vistelse
398 359 43 21 och
459 358 132 29 bosättning
609 359 8 21 i
635 358 106 28 Finland,
760 360 24 19 år
801 360 55 19 1884
871 358 77 29 ingick

187 393 52 21 med
258 393 142 29 underdånig
423 394 134 21 hemställan
580 401 37 14 om
636 394 114 21 aflåtande
768 393 34 21 till
821 393 127 21 Ständerna

188 428 23 22 af
225 428 71 28 nådig
311 428 141 28 proposition
467 428 8 22 i
491 431 81 19 ämnet.
596 428 77 28 Sagda
688 428 134 22 hemställan
831 428 49 22 blef
889 428 58 21 dock

187 462 92 22 lemnad
293 464 55 20 utan
364 462 112 23 afseende.

259 497 132 22 Sedermera
400 498 145 22 meddelades
556 505 83 21 genom
650 497 253 29 Kansliexpeditionens
915 497 32 21 till

189 532 104 28 samtliga
315 535 139 25 guvernörer
477 533 86 21 aflåtna
586 532 120 22 skrifvelse
730 532 24 22 af
776 533 43 21 den
839 534 26 19 29
887 532 60 21 Mars

190 569 54 19 1889
261 567 111 22 särskilda
386 568 40 20 här
441 568 90 21 bosatta
546 575 109 21 personer
671 567 25 21 af
709 567 99 22 mosaisk
818 567 129 21 trosbekän-

188 602 63 21 nelse
267 602 106 26 tillstånd,
390 605 32 19 att
436 602 108 22 försedda
557 602 51 22 med
619 602 25 22 af
652 602 171 22 vederbörande
834 604 113 26 guvernör

188 636 108 22 utfärdad
314 636 166 29 vistelsebiljett
498 637 37 21 för
550 644 28 14 en
594 637 33 21 tid
643 637 24 21 af
681 637 69 28 högst
765 644 39 14 sex
819 636 106 22 månader
940 636 8 21 i

189 673 91 27 gången
296 671 70 29 jämte
388 672 80 21 hustru
493 672 41 21 och
557 672 57 21 barn
633 672 140 21 kvarstanna
792 672 8 20 i
814 672 77 20 landet
906 671 42 21 och

188 706 105 21 nedsätta
308 706 35 28 sig
358 708 29 26 på
402 706 60 22 vissa
477 706 114 29 uppgifna
604 709 67 23 orter,
683 706 59 22 dock
752 706 51 22 med
814 706 38 22 det
862 706 85 21 undan-

188 743 39 25 tag
246 743 33 19 att
302 741 70 28 sagda
390 741 104 22 tillåtelse
512 741 51 21 icke
578 741 67 29 gälde
660 741 36 21 för
711 741 58 21 barn
783 741 72 21 under
870 741 78 28 längre

188 775 35 21 tid
238 778 29 18 än
287 776 27 21 de
332 776 112 22 förblefve
460 776 8 21 i
482 776 50 21 sina
547 776 123 22 föräldrars
686 776 53 22 hem
754 776 52 21 eller
822 775 59 22 intill
897 776 50 21 dess

189 810 28 21 de
232 810 77 22 blifvit
323 810 58 29 gifta
397 810 52 23 eller
465 811 114 22 inkallade
593 811 8 21 i
617 810 160 30 militärtjenst.
802 810 146 22 Beträffande

189 845 75 29 öfriga
289 846 112 22 mosaiska
424 846 177 22 trosbekännare
625 846 131 22 anbefaldes
780 848 168 26 guvernörerne

189 882 33 19 att
244 880 93 29 vidtaga
358 881 110 21 särskilda
488 881 36 22 för
543 882 65 21 deras
627 882 123 21 utvisande
764 881 138 21 föreskrifna
917 882 30 20 åt-

188 915 89 28 gärder,
300 919 168 25 guvernörerne
490 916 70 22 likväl
583 916 106 28 obetaget
712 919 39 23 att,
770 916 29 21 då
817 916 132 21 bevekande

189 950 193 28 omständigheter
398 950 145 26 förekomme,
560 951 116 21 utsträcka
691 950 112 22 terminen
817 950 35 21 för
862 950 86 28 utflytt-

189 984 87 28 ningen
295 984 33 22 till
351 986 115 28 utgången
486 985 25 21 af
528 987 24 19 år
569 987 61 19 1889.
661 984 83 22 Tillika
759 984 123 29 beviljades
898 984 28 21 de
941 984 8 21 i

189 1018 78 22 landet
283 1019 128 21 kvarblifna
424 1020 98 28 judarne
538 1020 109 28 rättighet
662 1022 33 18 att
706 1021 12 19 å
730 1019 49 21 sina
788 1019 161 28 boningsorter

190 1052 94 29 försälja
293 1054 235 22 handtverksarbeten
539 1055 44 21 och
593 1054 72 22 andra
673 1054 128 28 slöjdalster
810 1053 24 21 af
842 1061 56 21 egen
906 1053 43 21 till-

189 1088 120 28 verkning,
321 1091 33 19 att
363 1088 54 22 idka
427 1089 110 28 mångleri
547 1089 52 21 med
610 1088 157 29 hvarjehanda
778 1088 89 28 ringare
878 1088 70 25 kram,

190 1122 119 22 äfvensom
328 1126 33 18 att
382 1123 36 22 för
440 1124 70 28 öfrigt
530 1124 81 21 utöfva
629 1124 38 21 det
686 1123 156 28 näringsfång,
858 1122 91 22 hvartill

189 1158 29 21 de
241 1158 148 22 därförinnan
411 1158 8 22 i
441 1159 144 28 vederbörlig
608 1158 99 29 ordning
730 1158 88 22 erhållit
840 1158 107 21 tillstånd.

189 1193 110 21 Däremot
318 1193 47 21 blef
388 1193 38 21 det
447 1193 51 22 dem
521 1194 116 28 förbjudet
660 1196 33 18 att
712 1193 85 21 bivista
814 1192 135 22 marknader

189 1230 64 19 utom
272 1228 64 21 deras
355 1228 160 28 boningsorter
534 1231 57 19 samt
607 1231 32 18 att
654 1230 29 26 på
699 1227 160 29 landsbygden
873 1227 76 28 kring-

189 1270 51 14 resa
259 1263 43 21 och
324 1262 54 22 idka
399 1263 83 21 handel
501 1263 53 21 eller
573 1262 136 26 handtverk,
725 1262 95 21 likasom
836 1264 32 19 att
883 1262 66 28 flytta

189 1296 34 22 till
239 1297 72 21 andra
326 1300 60 18 orter
401 1297 62 21 inom
478 1297 98 21 Finland
592 1300 29 18 än
634 1297 147 29 Helsingfors
792 1297 44 21 och
846 1296 103 28 Wiborg,

189 1331 40 21 vid
245 1332 106 28 äfventyr
368 1334 38 23 att,
422 1332 75 22 därest
513 1332 28 22 de
557 1332 145 22 öfverträdde
718 1331 66 22 dessa
799 1330 84 22 förbud
897 1331 52 21 eller

189 1366 122 21 beträddes
327 1366 52 22 med
394 1366 88 29 tiggeri,
498 1366 99 29 liderligt
613 1367 43 21 och
672 1366 98 28 osedligt
784 1366 102 21 lefverne
897 1366 52 21 eller

190 1400 73 22 andra
282 1400 154 30 förbrytelser,
456 1401 53 22 eller
527 1402 42 20 ock
587 1401 111 29 befogadt
712 1400 94 22 klander
822 1402 47 19 mot
885 1400 64 21 deras
