1000 1653
265 113 239 23 Petitionsbetänkande
521 113 37 23 N:o
575 113 37 22 52.
783 114 11 19 7

77 184 42 28 liga
142 184 157 28 slöjdskolorna
321 184 49 21 med
398 184 99 21 afseende
520 184 13 21 å
556 184 62 21 deras
641 184 134 21 verksamhet
797 184 30 20 att

78 220 145 21 åstadkomma
244 221 61 25 nytta
327 220 55 20 varit
404 220 26 21 de
449 220 95 28 kvinliga
559 220 105 28 betydligt
679 220 147 27 underlägsna.

77 256 11 20 I
109 256 26 21 de
156 256 95 27 manliga
267 255 157 27 slöjdskolorna
440 256 38 20 har
493 256 47 21 icke
556 256 57 27 följts
628 255 71 28 någon
715 254 111 28 regelbun-

77 292 41 20 den
140 291 168 27 arbetsordning,
329 291 74 27 hvarje
424 291 47 21 elev
486 292 39 20 har
540 291 39 21 fått
591 291 45 21 fritt
652 291 55 27 välja
723 291 34 21 det
772 291 54 21 före-

76 327 42 21 mål
140 327 41 20 han
205 327 47 27 sjelf
273 327 77 20 önskat
365 327 104 27 tillverka,
484 328 52 19 utan
552 328 30 19 att
598 327 74 20 dervid
687 326 59 21 ledas
761 326 66 27 enligt

76 363 134 26 systematisk
226 362 223 28 undervisningsplan,
465 363 69 20 ehuru
548 362 140 21 Direktionen
700 363 72 20 derom
783 363 43 20 sär-

78 399 64 20 skildt
164 398 62 28 gifvit
249 398 136 21 föreskrifter.
416 398 176 28 Förfärdigandet
614 399 22 20 af
658 398 63 21 enkla
739 397 87 22 föremål

76 434 39 21 har
130 435 33 20 för
178 435 36 20 det
230 435 66 20 mesta
312 434 118 27 åsidosatts,
446 434 110 21 hvaremot
572 434 164 27 tillverkningen
751 434 22 21 af
782 435 44 20 mö-

75 470 35 21 bel
132 470 40 21 och
195 470 66 21 andra
276 469 86 22 svårare
378 469 88 22 föremål
483 470 53 21 varit
552 470 42 21 den
611 470 133 27 vanligaste.»
777 469 49 22 Men

76 506 35 21 det
134 513 46 14 som
204 506 38 20 här
257 507 60 26 säges
341 512 35 14 om
397 505 26 21 de
440 506 132 27 slöjdskolor,
589 506 72 20 hvilka
676 505 151 28 upprätthållas

76 542 22 20 af
112 541 102 21 Finlands
228 541 107 21 allmänna
348 540 162 29 Slöjdförening,
521 548 51 20 eger
580 541 155 27 otvifvelaktigt
745 541 32 21 sin
788 540 39 28 gil-

78 578 65 27 tighet
164 578 64 20 äfven
248 577 133 21 beträffande
403 577 67 28 öfriga
486 577 111 21 enahanda
613 577 100 21 anstalter
728 577 7 20 i
749 576 77 22 landet.

79 613 163 28 Mångenstädes
260 613 97 21 vidlåder
380 613 74 21 främst
477 613 26 21 de
526 613 94 27 manliga
642 619 49 15 men
715 612 67 22 delvis
797 612 30 21 äf-

78 655 40 15 ven
140 649 26 21 de
183 649 94 27 kvinliga
293 649 101 20 skolorna
410 655 81 14 samma
506 648 156 28 bristfällighet:
679 648 148 21 undervisnin-

76 691 40 21 gen
132 686 24 19 är
171 685 112 27 famlande,
305 685 41 20 och
362 686 52 19 utan
430 684 28 21 all
474 685 93 27 enhetlig
585 685 55 27 plan.
671 684 78 27 Många
764 684 63 27 slöjd-

77 720 72 21 skolor
170 720 64 21 hafva
255 720 23 21 så
301 720 44 21 helt
368 720 40 21 och
431 719 65 22 hållet
519 720 75 21 afvikit
612 720 46 21 från
674 721 33 20 sin
723 719 105 28 egentliga

75 756 83 27 uppgift
184 757 29 20 att
238 756 110 21 elevernas
374 755 145 28 handledning
540 756 135 21 uteslutande
697 756 69 21 blifvit
791 755 36 22 be-

76 791 80 22 roende
172 792 20 20 af
208 791 104 28 tillfälliga
336 791 184 28 omständigheter,
541 792 7 20 i
568 792 36 21 det
620 793 29 20 att
664 792 100 21 skolorna
782 797 45 15 om-

76 827 77 21 bildats
176 827 32 21 till
231 829 30 20 ett
281 827 57 28 slags
360 827 129 26 verkstäder,
506 828 38 21 der
560 827 176 28 tillgodoseendet
754 827 22 21 af
794 833 33 15 or-

78 865 47 19 tens
146 863 105 28 tillfälliga
271 863 70 28 behof,
364 863 40 21 och
430 864 232 27 penningeförtjensten
688 869 64 21 synas
777 869 51 14 vara

79 899 155 22 hufvudsaken.
258 899 32 21 De
306 899 124 22 berättelser
446 899 40 22 och
502 899 158 28 förteckningar
675 899 60 22 öfver
744 899 84 21 utförda

79 935 87 21 arbeten
182 941 46 15 som
245 935 103 21 särskilda
364 935 73 28 dylika
452 935 128 28 slöjdskolor
591 935 82 28 afgifvit
683 935 31 21 till
725 935 103 21 Industri-

78 971 104 26 styrelsen
195 971 70 21 utvisa
281 971 82 27 tydligt,
378 971 88 21 hvilken
482 971 94 27 riktning
592 971 62 21 dessa
669 971 83 21 skolors
768 970 60 21 verk-

80 1006 82 21 samhet
185 1006 94 27 inslagit:
303 1013 27 14 en
354 1006 50 28 lång
419 1007 54 20 serie
490 1007 86 20 arbeten
592 1006 86 27 utföras,
702 1012 50 15 men
767 1005 61 22 dessa

78 1041 78 21 sträfva
179 1041 21 21 åt
224 1042 56 20 olika
298 1042 120 27 riktningar
441 1043 41 20 och
497 1043 84 20 tillhöra
596 1042 68 21 skilda
680 1041 107 22 områden.
817 1041 11 20 I

76 1077 66 28 några
163 1077 146 28 redogörelser
330 1078 39 20 har
392 1080 13 19 t.
430 1085 33 14 ex.
487 1078 69 21 under
576 1078 47 27 fyra
641 1078 69 21 skilda
725 1077 103 27 rubriker,

79 1113 195 28 »arbetsredskap»,
293 1113 115 28 »möbler»,
423 1113 203 28 »husgerådssaker»
643 1114 40 21 och
695 1113 133 28 »byggnads-

77 1149 119 28 tillbehör»,
212 1149 130 28 uppräknats
352 1156 28 15 en
390 1149 82 28 ganska
482 1149 76 28 brokig
569 1149 90 28 samling
670 1149 87 21 föremäl
767 1149 62 20 hvart

78 1185 21 20 af
114 1185 36 21 sitt
160 1185 103 21 särskilda
274 1185 45 28 slag
331 1185 53 22 eller
394 1185 66 28 nägra
470 1185 22 21 fä
502 1185 126 21 tillhörande
639 1191 80 15 samma
729 1184 99 27 branche,

78 1221 86 20 hvarför
180 1221 35 20 det
231 1221 41 20 kan
288 1221 138 28 ifrägasättas,
442 1227 36 14 om
494 1227 38 15 ens
548 1227 26 15 en
591 1221 33 21 del
641 1221 21 20 af
677 1221 99 21 eleverna
788 1226 41 14 un-

80 1256 38 21 der
133 1256 41 21 den
191 1257 60 20 korta
267 1257 30 20 tid
313 1257 127 21 lärokursen
456 1257 86 28 fortgär,
557 1257 39 20 har
611 1257 54 20 varit
680 1257 7 20 i
703 1256 81 21 tillfälle
800 1257 30 19 att

79 1292 65 21 vinna
165 1292 113 28 tillräcklig
301 1293 105 27 färdighet
422 1293 6 20 i
445 1293 122 21 utförandet
590 1293 21 20 af
626 1293 6 20 i
655 1293 75 20 skolan
746 1291 82 28 förelig-

77 1328 69 27 gande
164 1328 112 28 uppgifter.
308 1328 43 20 Vid
374 1334 27 15 en
420 1328 58 21 blick
496 1328 28 28 pä
544 1328 145 21 inkomsterna
710 1328 40 20 och
766 1327 63 27 utgif-

78 1365 60 19 terna
166 1364 8 20 i
199 1364 175 27 redogörelserna
402 1364 72 21 finner
501 1370 49 14 man
578 1364 45 21 åter
653 1365 30 19 att
708 1363 121 21 inkomsten

78 1398 46 22 frän
146 1399 152 28 försäljningen
320 1400 22 20 af
363 1400 111 20 elevernas
496 1400 87 21 arbeten
602 1401 62 26 utgör
687 1406 26 14 en
737 1398 92 22 särdeles

147 1439 209 20 Ekonomiutskottets
370 1440 128 19 betänkande
511 1441 38 18 N:o
562 1442 32 17 22.
