1006 1653
265 108 255 24 Petitionsbetänkande
536 108 38 23 N:o
591 108 34 23 54.
781 110 10 20 7

72 184 38 26 got
124 181 62 21 öfver
209 180 95 28 700,000
319 180 60 22 mark
395 180 23 22 af
433 180 63 22 orsak
512 183 32 19 att
559 180 53 22 flere
628 180 23 22 af
666 180 49 22 dem
731 180 34 21 för
776 183 48 19 sent

74 217 79 21 anmält
173 217 33 28 sig
221 216 33 22 till
275 216 97 29 lyftande
393 216 23 22 af
435 216 63 22 lånen
519 216 51 22 eller
591 216 46 22 helt
652 216 41 22 och
708 216 66 22 hållet
789 224 34 13 ur-

74 252 86 22 aktlåtit
181 255 33 19 att
235 252 83 21 anmäla
334 252 32 29 sig
388 252 41 22 och
450 252 33 21 till
499 252 41 22 och
555 252 49 22 med
621 254 74 27 vägrat
710 255 32 18 att
757 254 67 19 emot-

72 292 50 25 taga
138 288 48 21 dem
202 288 105 28 beviljade
322 288 134 29 lånebelopp.

143 324 53 21 Med
212 324 104 21 afseende
332 324 52 21 därå
400 327 32 18 att
447 323 104 22 behofvet
564 324 23 21 af
602 324 35 21 lån
648 324 57 21 visat
715 324 33 28 sig
758 325 67 20 störst

72 361 8 20 i
96 359 26 22 de
144 359 124 29 nordligare
284 359 70 26 länen,
369 359 119 22 hemstälde
505 359 160 27 statskontoret,
681 362 32 19 att
728 359 38 22 vid
781 359 44 21 för-

73 395 113 29 delningen
210 395 23 21 af
248 395 27 22 de
291 395 122 28 disponibla
428 395 85 22 medlen
530 397 78 20 största
623 395 63 22 delen
701 395 66 21 måtte
782 395 43 21 till-

74 431 59 22 delas
144 431 95 28 Kuopio,
251 431 67 22 Wasa
328 431 41 22 och
379 431 122 29 Uleåborgs
512 431 42 27 län,
562 431 83 22 hvilket
653 431 64 22 äfven
725 431 100 28 iakttogs.

143 467 44 21 För
215 467 119 22 utredande
362 466 28 28 af,
411 467 74 22 hvilka
512 467 79 29 belopp
613 467 155 21 kommunerna
792 473 33 14 er-

73 503 61 21 hållit
150 503 22 21 af
188 503 163 27 ifrågavarande
366 503 77 26 medel,
453 503 39 21 har
506 503 35 21 för
556 503 106 21 utskottet
672 503 99 21 företetts
781 502 44 21 för-

74 538 102 29 teckning
194 538 139 29 upptagande
349 538 27 22 de
392 538 126 22 kommuner
532 539 59 21 inom
606 538 73 29 hvarje
695 539 41 26 län,
751 537 75 23 hvilka

73 574 29 29 på
124 574 69 29 grund
217 574 23 21 af
267 575 57 21 1890
340 574 34 22 års
390 574 122 29 fördelning
527 575 79 28 uttagit
620 574 35 22 lån
670 575 65 27 jämte
750 573 75 22 dessas

74 610 84 29 belopp.

133 646 75 28 Enligt
222 646 72 21 denna
308 646 136 29 förteckning
460 646 100 29 utgåfvos
576 646 35 21 lån

74 694 57 21 inom
147 693 98 36 Nylands
260 694 53 22 län.
338 711 5 5 .
368 711 5 5 .
398 711 65 5 ss.
488 712 34 5 +.»
548 712 34 4 <.
608 712 5 5 2
626 693 23 22 åt
672 695 12 20 5
702 694 125 21 kommuner

103 738 9 11 >
151 721 49 30 Åbo
216 737 18 14 o.
247 729 144 29 Björneborgs
406 711 36 40 län
466 726 35 37 sov
512 726 19 37 om
556 748 5 4 a
575 726 16 37 or
637 739 8 10 »
660 731 26 20 12
763 738 8 10 »

102 775 8 9 »
128 765 136 22 Tavastehus
420 775 134 13 Jaiks
610 783 4 5 +
674 767 12 20 D
763 774 9 10 »

102 810 8 10 »
129 801 101 28 Wiborgs
420 811 9 10 %
460 819 34 5 sos
520 820 4 4 io
550 819 64 5 ia;
660 803 26 20 JD
762 810 9 9 »

102 845 9 11 »
129 837 90 28 Kuopio
422 846 9 11 5
462 855 34 5 ms
522 855 4 5 =
552 855 64 5 omx
637 838 51 21 318
764 847 9 9 »

103 881 9 11 >
130 872 66 22 Wasa
421 883 9 9 K
460 891 34 4 me
520 891 64 4 sas
610 891 4 4 +
636 875 51 19 122
763 881 9 11 »

103 917 8 11 »
129 908 121 29 Uleäborgs
421 918 104 13 ETU
580 918 66 13 EEEI
675 910 12 20 /
763 917 10 10 >

542 951 86 22 Summa
646 952 40 20 101
694 951 132 21 kummuner.

147 1003 47 21 Lån
210 1003 34 22 till
268 1003 76 29 högsta
360 1003 79 29 belopp
456 1003 51 22 eller
524 1004 78 26 10,000
617 1003 59 22 mark
692 1003 55 22 hade
763 1002 66 29 utgif-

76 1040 43 21 vits
140 1039 22 22 åt
180 1039 156 28 jämförelsevis
352 1039 24 21 få
391 1039 131 27 kommuner,
541 1040 4 21 i
560 1039 98 29 Nylands
673 1039 35 21 län
724 1039 68 21 likväl
807 1039 22 21 åt

78 1077 14 20 4
108 1075 23 21 af
146 1075 48 21 hela
210 1075 81 22 antalet
307 1076 19 25 5,
342 1083 49 13 men
406 1076 8 20 i
429 1068 49 29 Åbo
495 1075 41 22 och
550 1075 144 29 Björneborgs
707 1075 35 21 län
753 1074 77 22 endast

78 1111 22 21 åt
117 1112 19 25 6,
151 1111 58 21 inom
224 1111 90 28 Kuopio
328 1111 35 21 län
374 1111 22 21 ät
407 1112 19 25 8,
437 1112 58 21 inom
506 1111 120 29 Uleåborgs
636 1111 35 21 län
681 1111 23 21 ät
716 1111 28 21 10
752 1118 19 13 o.
782 1118 16 13 s.
809 1118 20 13 v.

147 1146 68 22 Hvad
232 1147 47 21 åter
290 1147 134 21 vidkommer
437 1149 65 20 sättet
514 1147 34 21 för
558 1147 164 28 användningen
733 1146 23 21 af
766 1146 63 22 dessa

79 1182 35 21 län
130 1183 38 21 har
183 1183 137 28 naturligtvis
336 1183 118 21 detsamma
470 1183 7 21 i
493 1183 69 29 nägon
578 1183 48 21 män
642 1183 116 28 pävärkats
769 1183 24 20 af
803 1181 26 22 de

79 1219 150 28 reglementen,
245 1218 74 22 hvilka
334 1219 23 20 af
373 1219 153 21 kommunerna
542 1219 28 28 pä
584 1219 69 28 grund
669 1219 23 21 af
707 1218 27 22 de
750 1218 23 21 af
786 1221 44 25 sty-

80 1255 70 20 relsen
166 1254 115 22 faststälda
295 1254 147 22 länevilkoren
458 1256 112 27 uppgjorts
583 1255 40 21 och
634 1255 23 20 af
669 1253 161 24 vederbörande

80 1289 137 23 Guvernörer
239 1290 132 21 stadfästats.
402 1291 53 21 Men
475 1291 144 28 reglementen
634 1290 70 21 förmå
719 1289 112 30 själffallet

78 1325 51 29 föga
152 1327 85 25 uträtta,
260 1326 73 21 därest
356 1326 48 21 icke
426 1326 96 21 medlens
546 1326 130 28 förvaltning
691 1325 49 22 frän
756 1325 75 28 början

81 1361 106 22 anordnas
203 1362 7 20 i
226 1361 95 29 enlighet
335 1362 50 21 med
401 1362 38 22 det
449 1362 98 28 äsyftade
558 1362 125 26 ändamälet,
694 1360 137 30 jordbrukets

80 1396 152 29 befrämjande,
252 1397 92 22 hvarvid
364 1398 88 27 mycket
466 1398 63 22 beror
544 1398 23 21 af
582 1398 160 25 kommunerna,
756 1396 75 22 hvilka

150 1438 208 19 Ekonomiutskottets
373 1439 127 18 betänkande
514 1439 37 18 N:o
564 1440 29 17 23.
