1017 1656
176 121 14 21 2
357 120 279 22 Petitionsbetänkande
651 120 44 23 N:o
710 120 37 23 78.

175 192 174 29 lagstiftningen
365 192 8 21 i
383 194 77 27 någon
471 194 54 20 mån
536 192 136 28 inskränkts,
685 192 115 22 desamma
810 192 68 22 äfven
889 192 39 22 vid

176 227 90 29 privata
289 228 219 22 lånetransaktioner
532 228 50 21 ofta
604 228 91 22 komma
718 228 35 22 till
774 228 153 28 användning.

175 263 52 21 Men
243 263 44 21 den
298 264 96 28 löpande
410 264 118 21 urkunden
546 264 45 21 kan
606 264 115 22 dessutom
731 267 68 26 göras
811 264 35 21 till
854 272 74 21 repre-

175 302 91 19 sentant
289 299 68 22 äfven
379 299 35 22 för
440 300 70 22 andra
541 300 136 28 rättigheter
707 303 28 19 än
764 300 91 27 sådana,
879 307 49 14 som

175 335 140 29 uppkomma
326 335 25 22 af
364 336 228 21 lånetransaktioner.
617 336 71 22 Detta
703 339 24 19 är
738 336 137 29 exempelvis
885 336 42 21 fal-

175 371 31 21 let
231 372 51 21 med
304 371 230 29 försäkringspolicer,
563 372 159 29 bolagsaktier,
754 372 174 22 konnässement

175 409 59 19 samt
244 407 162 29 upplagsbevis
423 407 43 22 och
481 410 117 19 warrants.

247 443 36 21 En
306 442 57 30 följd
387 442 27 22 af
428 443 176 28 ifrågavarande
621 444 126 21 urkunders
762 444 115 28 egenskap
893 446 35 18 att

175 486 55 14 vara
247 478 76 22 bärare
339 479 26 21 af
377 486 28 14 en
428 479 112 29 rättighet
555 482 25 18 är
599 479 125 21 emellertid
741 482 40 25 att,
798 480 29 20 då
843 479 83 21 urkun-

175 514 44 22 den
241 514 106 22 förstörts
370 514 54 22 eller
446 514 140 29 förkommit,
612 515 49 22 dess
678 523 67 21 egare
760 515 50 21 icke
825 515 8 21 i
849 514 78 29 vanlig

175 550 98 29 ordning
290 550 44 22 kan
359 553 56 27 göra
441 550 41 22 sitt
505 552 99 28 anspråk
630 551 111 29 gällande,
768 550 126 29 hvarjemte
919 550 7 22 i

174 586 67 29 fråga
256 594 38 14 om
309 586 233 30 innehafvarepapper
554 589 59 19 samt
624 587 151 29 orderpapper
784 586 52 22 med
847 586 80 22 blanco

175 622 155 22 indossament
352 622 49 22 fara
424 622 123 30 föreligger
576 625 36 19 att
634 625 76 27 någon
734 630 74 14 annan
831 625 29 19 än
883 622 43 22 den

174 660 60 20 rätte
257 658 198 29 fordringsegaren
479 658 64 28 skall,
570 659 69 21 sedan
662 658 45 22 han
730 660 30 27 på
783 658 143 28 orättmätigt

175 696 46 20 sätt
246 694 97 22 kommit
368 694 8 22 i
400 694 127 29 besittning
551 694 26 22 af
598 694 145 29 handlingen,
761 697 54 24 göra
829 694 58 22 bruk
903 694 23 21 af

175 730 131 22 densamma
321 730 36 21 till
372 730 92 29 förfång
486 730 36 22 för
544 733 59 19 rätte
626 738 89 21 egaren.
746 730 46 22 För
815 732 34 19 att
871 730 56 21 råda

174 766 41 22 bot
230 766 9 21 i
255 766 64 22 dessa
335 766 41 22 fall
391 766 41 22 har
447 766 35 22 uti
496 766 54 22 flere
567 766 171 29 lagstiftningar
753 765 118 29 upptagits
887 765 38 21 det

175 809 17 14 s.
211 802 22 21 k.
251 802 322 27 mortifikationsförfarandet,
590 802 149 28 hvarigenom
754 809 28 14 en
797 801 90 22 urkund
903 800 26 22 af

174 838 175 28 ifrågavarande
371 838 157 22 beskaffenhet
551 838 110 21 förklaras
690 837 101 27 kraftlös,
812 836 115 22 hvarefter

175 873 50 22 dess
249 880 67 22 egare
334 873 45 21 kan
395 874 91 21 komma
502 873 36 21 till
553 873 35 22 sin
604 875 47 20 rätt
667 873 109 29 antingen
791 880 83 21 genom
889 875 35 19 att

174 909 77 22 utföra
267 909 40 21 sitt
323 909 97 29 anspråk
436 912 48 18 mot
500 909 136 29 gäldenären
648 908 54 22 eller
713 908 26 22 af
747 908 72 22 denne
829 908 97 22 utverka

175 944 36 30 sig
233 952 28 14 en
286 952 31 22 ny
340 945 90 21 urkund
450 945 26 21 af
488 952 86 14 samma
590 944 101 22 innehåll
707 951 48 15 som
772 944 41 21 den
831 944 93 21 dödade.

246 980 294 22 Mortifikationsinstitutet
550 980 42 22 har
601 980 82 22 vunnit
693 980 34 21 sin
735 978 129 28 utbildning
873 979 51 22 huf-

175 1016 150 29 vudsakligen
341 1016 6 21 i
364 1016 122 29 Tyskland,
506 1011 115 26 Österrike
637 1016 43 21 och
695 1015 120 22 Schweitz.
841 1015 81 28 Enligt

173 1051 55 29 tysk
251 1054 52 25 rätt,
329 1051 108 22 hvarmed
461 1051 43 22 den
526 1051 145 22 österrikiska
687 1051 43 21 och
745 1050 179 22 schweitziska
912 1046 15 38 i

174 1087 39 22 det
234 1087 128 29 väsentliga
378 1087 219 27 öfverensstämmer,
614 1087 41 21 bör
671 1087 106 21 anhållan
795 1093 36 15 om
847 1086 78 21 morti-

173 1123 97 21 fikation
281 1125 67 26 göras
371 1123 41 21 hos
438 1123 170 22 vederbörande
633 1121 124 29 underrätt,
782 1122 79 22 dervid
887 1122 39 21 det

174 1158 89 29 åligger
282 1158 198 29 fordringsegaren
500 1158 54 21 eller
575 1158 144 28 gäldenären,
740 1157 8 22 i
763 1157 108 22 händelse
887 1157 38 21 dö-

175 1194 91 28 dandet,
286 1196 74 19 såsom
376 1194 107 21 stundom
499 1197 25 18 är
539 1193 71 28 fallet,
628 1193 51 22 sker
694 1193 35 22 uti
745 1193 43 22 den
804 1193 120 22 sistnämn-

173 1230 39 21 des
235 1230 102 28 intresse,
361 1232 35 19 att
418 1230 76 21 lemna
518 1229 127 22 domstolen
660 1229 85 29 nödiga
759 1228 166 30 upplysningar

171 1266 118 29 angående
305 1266 44 21 den
364 1265 120 22 förkomna
499 1265 130 22 urkundens
637 1265 158 22 beskaffenhet
805 1265 43 21 och
858 1264 63 22 inne-

172 1301 48 22 håll
236 1304 60 19 samt
310 1301 72 22 förete
402 1301 119 22 sannolika
545 1301 49 22 skäl
617 1301 36 22 för
676 1303 35 19 att
736 1300 45 22 han
807 1300 118 28 verkligen

172 1337 96 22 förlorat
290 1337 131 22 densamma
444 1337 42 21 och
507 1336 87 29 jemväl
610 1344 54 15 vara
680 1336 84 22 beredd
779 1338 35 19 att
829 1335 51 22 med
897 1335 28 21 ed

171 1373 108 22 bekräfta
292 1373 141 29 riktigheten
449 1372 26 22 af
488 1373 65 21 dessa
568 1373 49 21 sina
632 1371 124 30 uppgifter.
787 1371 84 22 Finnes
887 1378 38 14 an-

173 1409 127 28 sökningen
324 1409 106 29 befogad,
454 1408 104 23 utfärdar
582 1408 127 22 domstolen
729 1407 116 28 stämning
860 1409 13 20 &
889 1414 36 14 ur-

245 1457 130 23 Lagutskottets
388 1456 109 19 betänkande
510 1456 35 19 N:o
558 1457 28 18 15.
