1025 1656
290 130 311 27 Petitionsmemorial.

178 201 73 22 Ridd.
268 201 44 22 och
330 201 78 22 Adeln
633 201 44 22 N:o
693 202 21 21 1.

311 527 129 20 Vördsamt
458 527 129 20 memorial.

144 593 71 19 Ehuru
239 593 196 25 religionsfrihetens
458 593 79 26 princip
561 593 79 20 alltmer
663 593 73 20 vunnit
752 593 71 20 erkän-

73 622 67 20 nande
160 623 7 18 i
188 623 37 19 vår
245 622 130 26 lagstiftning
391 624 84 24 qvarstå
490 623 58 24 dock,
564 623 31 19 till
611 623 49 25 följd
677 623 22 20 af
713 623 110 20 dissenter-

72 653 72 25 lagens
167 653 153 20 inskränkande
342 653 172 25 bestämmanden,
534 653 198 25 missförhållanden,
754 653 70 19 hvilka

74 689 31 13 om
128 683 26 19 de
174 682 45 20 icke
240 689 73 19 genom
333 683 35 25 lag
390 683 74 19 ordnas
480 683 57 20 skola
553 683 139 20 åstadkomma
708 683 62 20 oreda
786 683 37 19 och

73 712 152 26 förvecklingar
243 712 60 20 äfven
323 713 6 19 i
348 713 35 19 det
404 713 116 25 borgerliga
542 713 111 20 samhället.
689 713 135 26 Kyrkolagen

73 742 104 26 förbjuder
201 745 30 17 att
256 746 66 22 ,emot
344 742 112 20 föräldrars
480 743 48 20 eller
549 743 110 19 mälsmäns
674 743 103 19 bestämdt
793 746 30 16 ut-

74 772 68 20 talade
164 772 61 26 vilja"
251 772 30 20 till
302 772 39 26 dop
363 772 95 20 befordra
478 773 51 19 barn
549 772 62 20 födda
633 773 23 19 af
671 773 153 19 medlemmar
811 768 16 34 i

74 802 39 20 den
135 802 106 20 lutherska
261 802 87 26 kyrkan.
379 803 67 19 Dessa
466 803 74 25 odöpta
556 804 50 18 barn
623 802 62 20 hafva
700 803 88 25 tidigare
804 802 23 20 af

74 832 153 26 presterskapet
250 834 25 24 på
299 832 92 20 anmälan
416 833 121 20 antecknats
560 833 7 19 i
587 833 175 25 kyrkoböckerna,
778 839 46 13 men

74 863 27 25 på
122 862 86 20 sednare
229 862 30 20 tid
279 862 62 20 hafva
360 862 45 20 icke
426 863 86 19 allenast
527 862 63 20 redan
606 863 129 19 antecknade
750 862 74 26 odöpta

75 892 51 20 barn
149 892 66 20 blifvit
238 900 25 12 ur
286 892 134 26 kyrkoboken
444 893 6 19 i
473 893 80 26 tysthet
575 893 116 25 utstrukna,
715 895 49 17 utan
787 893 38 19 har

75 922 154 26 presterskapet
249 922 60 20 äfven
327 925 74 17 nästan
417 922 85 20 allmänt
516 922 66 26 börjat
598 925 64 23 vägra
677 925 31 17 att
724 922 101 20 anteckna

75 952 77 20 sådana
168 952 23 20 af
203 952 106 20 lutherska
325 952 101 20 föräldrar
442 952 62 20 födda
514 959 46 13 men
571 952 75 26 odöpta
656 953 51 19 barn
719 953 37 19 och
768 952 57 20 detta

74 982 117 20 förfarande
207 982 37 20 har
259 982 60 20 äfven
335 982 74 20 vunnit
425 982 144 26 domkapitlets
585 982 156 26 godkännande.

146 1012 33 19 Då
194 1012 171 26 kyrkoböckerna
380 1012 31 20 för
426 1012 129 20 närvarande
571 1015 34 17 äro
622 1012 25 20 de
663 1012 53 20 enda
732 1012 93 20 fullstän-

76 1042 48 25 diga
138 1042 108 26 laggiltiga
261 1042 88 25 register
365 1042 57 20 öfver
437 1042 99 20 Finlands
552 1042 138 26 medborgare,
707 1044 23 18 så
745 1042 81 20 befinna

76 1072 32 25 sig
123 1072 60 20 dessa
199 1072 75 26 odöpta
289 1072 38 20 och
344 1072 140 20 oantecknade
498 1072 59 20 äfven
571 1072 81 20 utanför
665 1072 33 20 det
709 1072 117 26 borgerliga

76 1102 111 20 samhället.
227 1102 84 20 Tillåtes
340 1109 28 12 nu
394 1105 29 17 ett
449 1102 74 20 sådant
549 1102 277 26 oefterrättlighetstillstånd

75 1131 91 26 fortfara,
183 1133 22 18 så
220 1135 95 23 uppväxa
331 1132 109 20 efterhand
455 1139 25 13 en
497 1132 60 20 skara
575 1132 134 26 medborgare
720 1132 106 26 angående

76 1161 81 20 hvilkas
179 1161 107 25 föräldrar,
311 1161 111 21 födelseort
445 1162 37 20 och
506 1162 75 25 datum,
603 1162 52 25 frejd
676 1169 16 13 o.
714 1169 15 13 s.
749 1169 18 12 v.
787 1162 40 19 alla

76 1191 92 26 rättsligt
190 1192 95 25 gällande
308 1192 213 25 bevisningsmaterial
544 1192 81 20 saknas.
665 1192 43 25 Jag
730 1191 98 21 behöfver

76 1221 45 20 icke
140 1221 79 26 påpeka
237 1222 84 20 hvilken
340 1222 67 24 oreda,
429 1221 31 20 för
476 1224 30 18 att
521 1222 45 20 icke
582 1224 49 23 säga
647 1222 105 25 orättvisa,
769 1221 61 20 häraf

76 1251 42 19 kan
141 1252 75 25 uppstå
236 1251 43 20 ifall
300 1258 25 13 en
347 1251 64 20 sådan
432 1258 75 19 person
527 1252 60 20 söker
608 1251 80 20 inträde
704 1252 7 19 i
726 1252 102 23 läroverk,

76 1281 66 19 kallas
165 1281 53 19 inför
241 1281 87 20 domstol
352 1282 66 19 såsom
442 1281 66 20 vittne
531 1282 49 19 eller
601 1284 46 23 part
669 1282 49 19 eller
740 1288 32 13 om
787 1281 41 19 han

77 1310 88 20 inkallas
181 1311 31 19 till
228 1311 138 25 fullgörandet
380 1311 22 20 af
411 1311 32 20 sin
454 1312 122 25 värneplikt,
588 1318 31 13 om
630 1312 41 19 han
682 1311 53 20 skall
746 1311 82 25 deltaga

77 1340 7 20 i
100 1340 99 25 arfskifte,
216 1341 49 26 ingå
280 1341 115 26 äktenskap
412 1349 16 12 o.
445 1341 19 20 d.
496 1337 61 26 Öfver
573 1341 60 20 dessa
645 1341 75 26 odöpta
731 1347 98 20 personer

77 1371 42 25 bör,
136 1377 61 19 synes
213 1371 47 25 mig,
277 1374 28 17 ett
321 1371 104 26 laggiltigt
441 1371 88 26 register
544 1371 59 20 föras.
620 1383 29 2 —
660 1371 27 20 Så
700 1371 91 25 önskligt
802 1374 26 16 än

77 1403 30 17 ett
130 1401 40 20 alla
189 1401 133 25 medborgare
338 1401 126 20 omfattande
480 1401 135 26 civilregister
630 1407 55 19 vore,
702 1401 58 20 torde
776 1401 53 19 dock

77 1433 55 16 ännu
148 1431 45 19 icke
209 1431 56 19 tiden
281 1438 50 13 vara
347 1431 48 20 inne
411 1431 31 19 till
458 1431 153 20 framställande
628 1431 22 19 af
661 1432 23 18 så
695 1431 44 19 vidt
750 1430 79 26 gående
