1006 1653
261 115 254 23 Petitionsbetänkande
531 115 38 23 N:o
586 115 34 23 54.
773 117 13 19 5

68 182 100 22 hemtade
183 182 181 28 upplysningarna
376 181 62 22 torde
455 181 66 22 också
536 189 51 14 vara
603 181 82 29 egnade
701 184 31 19 att
744 180 73 29 belysa

66 217 92 23 nämnda
174 217 109 29 spörsmål.

138 253 32 21 På
186 255 43 19 sätt
245 253 64 22 äfven
325 254 8 20 i
348 252 209 30 petitionsförslaget
572 252 91 27 anföres,
678 252 39 22 har
727 252 41 22 den
779 260 39 13 nu-

70 289 100 26 varande,
190 289 35 21 för
247 288 127 30 utgifvande
397 288 24 22 af
436 288 136 22 kommunala
588 288 120 28 odlingslån
723 287 96 27 afsedda,

72 325 80 21 fonden
168 326 98 20 inrättats
283 324 27 29 på
326 324 68 28 grund
411 324 23 21 af
449 324 48 22 nåd.
514 324 64 28 kung.
592 324 43 22 den
651 326 28 19 14
694 324 45 28 Maj
756 324 63 26 1890,

70 361 139 28 hvarigenom
224 360 48 22 från
288 361 73 28 fattig-
377 360 41 21 och
429 360 194 22 arbetshusfonden
635 360 32 21 till
677 359 141 22 statsverkets

71 396 162 29 utlåningsfond
256 396 135 22 öfverfördes
414 397 115 26 2,000,000
551 396 67 26 mark,
633 396 78 22 hvaraf
725 397 94 26 400,000

73 433 61 21 mark
156 432 148 22 reserverades
326 432 35 21 för
381 432 127 29 utgifvande
525 432 22 21 af
563 431 35 22 lån
614 432 22 21 åt
651 432 97 21 enskilde
763 431 56 29 jord-

72 470 62 27 ägare
150 468 40 22 och
206 468 121 22 återstoden
344 468 114 21 anvisades
474 468 35 21 för
523 467 97 30 utlåning
635 467 22 22 åt
666 468 154 21 kommunerna

70 507 58 19 emot
152 505 12 20 3
180 504 28 28 %
224 506 60 19 ränta
300 504 42 21 och
357 503 28 29 på
401 505 28 20 20
446 503 34 22 års
496 503 205 29 återbetalningstid.
731 503 89 21 Fördel-

72 541 51 27 ning
138 540 23 21 af
176 540 84 21 medlen
276 540 28 28 på
319 539 27 22 de
357 539 70 22 skilda
441 540 63 20 länen
515 539 82 22 skedde
608 539 64 22 äfven
683 539 137 22 omedelbart-

71 575 111 29 Därjemte
204 578 90 19 utsattes
310 575 23 21 af
348 575 29 21 K.
393 575 93 21 Senaten
503 583 26 13 en
546 576 45 20 viss
606 575 39 26 tid,
659 576 58 20 inom
732 575 88 22 hvilken

70 611 28 22 de
113 611 131 27 kommuner,
259 611 74 22 hvilka
348 611 23 21 af
386 611 85 21 medlen
487 611 96 21 önskade
599 611 79 21 erhålla
694 611 35 21 lån
744 611 35 21 för
788 611 32 20 in-

73 647 109 22 rättandet
197 647 23 21 af
235 647 136 21 kommunala
386 646 169 29 odlingsfonder,
571 647 73 21 derom
660 646 66 23 borde
734 647 39 20 hos
784 654 37 13 ve-

71 683 133 21 derbörande
227 683 116 21 Guv<:ör
366 682 89 22 anhålla.
487 683 78 21 Denna
589 682 38 27 tid,
649 683 87 21 hvarom
753 682 68 28 kung-

71 719 85 28 gjordes
178 719 140 21 förenämnda
340 719 41 21 den
405 720 27 20 14
454 719 45 28 Maj
518 719 63 26 1890,
597 719 69 21 skulle
681 718 140 28 tilländalöpa

74 754 49 22 med
144 754 107 29 utgängen
272 755 23 21 af
310 754 66 28 sagda
392 754 28 21 är.
452 755 34 20 De
503 755 70 21 skilda
589 755 73 20 länens
678 754 87 22 andelar
781 753 40 22 och

73 790 27 22 de
122 791 58 20 inom
202 791 48 21 dem
273 791 90 21 ansökta
383 790 107 29 beloppen
506 790 83 29 framgä
604 791 23 20 af
643 790 93 29 följande
751 789 69 23 tablä:

276 828 66 32 Andel.
464 832 80 23 Lyftadt
556 832 73 23 belopp.
690 831 107 24 Besparing.

72 862 97 29 Nylands
185 863 35 20 län
252 863 92 26 130,000
360 863 60 20 mark
444 857 11 38 =
465 863 79 26 45,000
561 862 60 21 mark
644 857 13 38 =
667 863 78 26 85,000
761 861 60 22 mark

70 890 48 30 Åbo
130 898 40 21 och
180 898 62 29 Björ-

102 934 90 29 neborgs
208 935 35 20 län
250 935 93 25 200,000
388 943 8 10 >»
468 935 79 25 81,500
592 943 8 10 —»
657 935 92 26 118,500
783 942 9 11 >

75 970 66 21 T:hus
220 979 9 11 >
254 971 92 25 140,000
390 979 9 10 »
469 971 78 24 50,000
589 980 8 9 >»
673 971 78 24 90,000
786 978 9 10 »

73 1005 100 28 W:borgs
218 1015 8 9 —»
251 1006 92 26 150,000
387 1015 8 10 »
468 1007 78 25 68650
591 1014 8 11 »
633 990 28 47 =
674 1005 79 26 81350
787 1013 9 10 >

74 1041 32 21 S:t
112 1041 134 21 Michels
211 1037 35 36 län
254 1042 91 26 110,000
364 1037 9 36 —
389 1052 8 9 »
469 1043 79 25 38,000
589 1051 9 10 >
673 1041 78 26 72,000
785 1050 9 9 »

76 1077 88 28 Kuopio
198 1086 8 10 »
252 1078 92 26 140000
388 1087 8 9 »
452 1078 93 25 117000
589 1087 9 10 »
628 1062 32 47 ==
673 1076 80 27 23,000
786 1085 9 10 »

76 1112 67 22 Wasa
198 1122 8 10 =»
251 1113 93 26 200,000
388 1121 8 11 »
424 1098 16 45 =
453 1113 92 26 193,000
590 1123 7 8 >
689 1113 63 26 7,000
785 1120 10 11 »

74 1147 94 29 U:borgs
198 1157 8 10 »
250 1149 92 23 130,000
387 1159 8 8 >»
449 1150 92 23 130,000
585 1158 8 10 >
704 1161 29 2 —

176 1190 36 21 S:n
230 1191 114 26 1,200,000
388 1200 8 10 »
446 1192 94 25 723150
583 1199 10 11 »
622 1177 19 45 =
659 1191 94 25 476850
786 1199 10 10 >

130 1226 55 21 Med
196 1226 105 21 Senatens
312 1226 106 21 särskilda
426 1226 98 21 tillständ
532 1225 118 29 beviljades
661 1226 34 21 för
703 1225 121 28 Uleäborgs

76 1261 35 22 län
127 1261 87 22 utöfver
229 1262 50 21 dess
295 1262 62 21 andel
373 1262 124 29 ytterligare
514 1263 77 25 68,000
608 1262 65 21 mark.

143 1297 77 22 Såsom
236 1297 22 22 af
273 1297 71 22 denna
358 1297 59 22 tablå
432 1298 95 28 framgår
540 1297 55 22 hade
606 1297 67 22 under
683 1296 142 23 omförmälda

72 1332 69 22 första
153 1332 206 29 ansökningsperiod
370 1332 27 29 pä
408 1333 27 21 de
447 1333 70 21 skilda
530 1333 63 21 länen
605 1332 104 22 fördelats
720 1339 105 15 samman-

72 1368 45 28 lagt
133 1369 113 26 1,200'000
262 1368 66 22 mark.
347 1368 35 22 Dä
394 1368 120 22 emellertid
530 1369 34 21 för
579 1368 164 22 kommunernas
759 1367 66 22 behof

72 1407 130 18 reserverats
219 1404 74 21 inalles
311 1405 113 26 1,600,000
441 1404 67 26 mark,
524 1404 109 21 förefanns
649 1404 84 21 säledes
747 1406 32 18 ett
788 1402 37 22 be-

143 1445 192 18 Ekonomieutskottets
348 1446 111 17 betänkande
471 1451 30 12 n:o
514 1447 29 16 23.
