1025 1656
221 134 13 19 2

195 197 66 20 denna
277 198 42 19 sida
334 203 31 15 om
381 198 105 20 Kiviniemi
500 198 7 20 i
522 198 93 20 medeltal
631 198 12 20 1
654 198 56 20 mark
725 198 27 20 25
762 198 61 25 penni
835 204 36 19 per
883 198 70 20 kubik-

195 228 70 23 meter,
287 232 43 14 men
354 227 32 19 vid
401 227 82 25 Taipale
498 228 93 24 mynning
606 228 26 24 pä
647 228 95 19 stranden
757 227 23 20 af
792 227 81 25 Ladoga
889 228 63 23 erläg-

194 260 35 18 ges
249 254 68 20 derför
335 254 13 20 3
366 256 56 19 mark
437 262 36 18 per
488 256 131 20 kubikmeter.
649 256 83 20 Ensamt
746 256 115 25 härigenom
877 256 75 20 komme

195 283 94 25 sydöstra
303 284 86 20 Finland
404 286 30 18 att
445 285 59 20 vinna
520 291 24 13 en
560 285 130 24 oberäknelig
704 284 72 21 fördel.

264 312 74 20 Vidare
361 313 63 20 skulle
446 314 115 24 härigenom
575 314 32 20 för
622 314 108 20 nordöstra
744 314 38 20 och
797 314 61 20 södra
869 313 84 21 Finland

195 342 77 24 öppnas
294 346 24 15 en
339 347 27 19 ny
380 342 37 20 och
432 342 98 25 betydligt
545 343 71 20 lättare
631 343 121 24 handelsväg
767 342 31 20 till
813 343 60 20 södra
888 345 65 17 strän-

195 370 63 20 derna
279 370 22 20 af
321 370 88 25 Ladoga.
436 371 79 20 Största
537 372 58 20 delen
618 372 22 19 af
661 372 35 20 det
718 372 30 19 till
771 377 33 14 oss
819 372 134 24 importerade

194 398 62 25 ryska
278 399 68 25 mjölet
368 400 104 25 uppköpes
493 401 7 19 i
523 400 77 20 Sermes
622 400 27 25 pä
663 401 93 24 sydöstra
771 401 94 19 stranden
881 400 21 20 af
914 400 39 20 La-

195 428 58 24 doga,
269 428 101 21 hvarifrän
386 429 107 20 detsamma
508 429 73 20 forslas
595 430 56 24 längs
667 430 24 19 de
706 430 27 24 pä
748 430 60 19 södra
824 430 94 19 stranden
933 428 22 21 af

195 457 82 24 Ladoga
291 457 108 27 befintliga,
414 459 7 19 i
436 459 74 24 otaliga
525 458 70 25 bugter
610 459 76 24 gäende
699 459 109 20 kanalerna
818 459 37 19 och
866 459 87 19 kommer

195 486 62 19 sedan
280 491 70 19 genom
370 493 24 13 en
418 487 36 25 dyr
475 487 118 24 förmedling
612 488 7 19 i
635 487 29 20 S:t
679 487 121 24 Petersburg
815 487 30 20 till
860 487 92 20 Finland.

195 514 48 20 Man
263 514 36 20 har
313 515 97 20 beräknat
425 518 30 18 att
470 517 56 19 detta
541 516 53 25 mjöl,
611 522 41 14 som
667 517 7 18 i
690 516 108 25 synnerhet
812 517 64 18 under
890 516 63 19 nödär

195 543 44 20 icke
255 543 40 20 kan
310 544 7 19 i
331 545 45 19 värt
386 545 47 19 land
448 545 105 26 undvaras,
569 545 51 20 efter
634 545 112 20 Wuoksens
762 545 133 24 kanalisering
908 545 45 19 icke

195 572 78 19 komme
295 575 30 17 att
347 573 59 20 kosta
426 574 7 19 i
448 574 74 25 Viborg
537 577 51 17 stort
602 580 61 19 mera,
679 577 25 17 än
720 575 108 19 detsamma
842 579 27 14 nu
884 573 69 20 kostar

195 601 6 19 i
217 601 30 20 S:t
263 601 126 26 Petersburg.
418 602 37 21 Att
470 603 99 24 importen
584 603 22 19 af
619 603 57 24 ryskt
690 603 47 24 mjöl
752 603 45 20 frän
810 603 77 19 Sermes
897 602 56 19 öfver

195 629 111 21 Sordavala
328 631 30 20 till
380 632 60 19 södra
462 632 85 19 Finland
570 632 45 20 icke
635 632 40 20 kan
690 632 49 19 bära
754 632 38 24 sig,
808 634 24 17 är
846 637 24 14 en
885 633 67 18 natur-

195 659 27 24 lig
236 659 43 20 sak.

265 688 126 20 Beträffande
413 689 134 20 kostnaderna
562 689 31 20 för
608 689 152 25 ifrägavarande
776 689 176 24 kanaliseringsar-

195 716 46 20 bete
261 717 22 19 sä
299 717 63 20 skulle
378 718 99 19 desamma
492 719 61 23 enligt
568 718 93 20 officiella
676 718 101 25 uppgifter
792 718 115 24 uppgående
923 717 29 20 till

195 745 92 25 omkring
309 745 92 25 800,000
424 747 62 24 mark,
508 747 81 20 hvartill
611 748 100 19 eventuelt
726 747 37 19 bör
778 747 67 24 läggas
862 745 91 25 100,000

195 774 64 24 mark,
281 780 32 14 om
334 775 98 24 nämligen
448 776 115 19 utförandet
578 776 22 20 af
613 782 24 14 en
653 776 118 25 vägbrytare
787 776 33 19 vid
835 775 117 25 mynningen

195 802 23 20 af
230 803 82 24 Taipale
328 803 88 21 befinnes
431 805 127 23 nödvändigt.

265 831 10 20 I
297 832 107 20 förlitande
426 833 68 25 derpä,
517 835 30 18 att
569 834 96 19 Karelens
688 835 98 18 varmaste
805 832 148 24 önskningsmäl

195 865 32 14 om
248 860 114 21 Wuoksens
384 862 134 24 kanalisering
539 863 44 19 icke
607 863 56 19 alltid
684 862 57 19 skola
756 862 98 25 besvikas,
870 861 50 24 väga
935 861 17 19 vi

197 889 82 20 anhälla
294 895 30 14 om
340 891 129 24 Högvördiga
483 891 162 20 Presteständets
659 891 121 20 medverkan
796 890 76 20 dertill:

472 957 32 18 att
525 954 125 21 Ständerna
671 953 38 20 för
730 953 36 20 sin
788 953 36 20 del
837 953 67 20 mätte
919 953 34 20 be-

403 983 59 20 sluta
483 983 39 20 och
543 983 40 20 hos
602 983 61 20 Hans
683 982 129 26 Kejserliga
828 981 126 26 Majestät
942 977 15 36 i

404 1012 174 27 underdänighet
599 1012 91 20 anhälla
712 1017 34 14 om
768 1011 159 25 kanalisering
945 1010 10 19 i

403 1043 113 18 närmaste
536 1041 93 20 framtid
647 1041 28 19 af
690 1040 122 19 Wuoksens
824 1039 68 20 nedre
907 1039 48 25 lopp

402 1076 78 20 genom
496 1070 120 19 Kiviniemi
630 1069 55 24 fors,
700 1068 97 20 Suvanto
811 1068 35 25 sjö
853 1067 38 20 och
905 1067 50 20 Tai-

401 1099 52 25 pale
468 1099 13 20 å
496 1099 37 20 till
547 1099 95 26 Ladoga,
657 1099 58 19 samt

472 1129 32 18 att
520 1127 37 20 för
571 1127 70 20 denna
653 1126 159 26 kanalisering
823 1125 79 26 nödiga
912 1130 43 14 me-

404 1156 36 20 del
455 1157 66 19 mätte
536 1156 95 20 anvisas.

267 1217 125 26 Helsingfors
407 1220 37 19 den
461 1219 12 20 8
488 1219 88 20 februari
592 1217 62 23 1897,

267 1286 24 22 A.
307 1286 109 28 Bergroth.
486 1286 24 23 A.
527 1286 22 23 0.
565 1285 116 28 Blomberg.
749 1283 24 23 A.
789 1283 98 23 Auvinen.

267 1337 61 23 Juuso
345 1337 101 29 Hedberg.
749 1336 24 22 A.
790 1335 22 22 G.
828 1335 63 22 Valle.

341 1444 110 41 Helsingfors
465 1458 50 17 1897.
540 1457 110 22 Helsingfors
662 1442 153 41 Centraltryckeri.
