1028 1656
216 118 14 21 4
390 117 255 24 Petitionsbetänkande
660 117 38 23 N:o
715 117 34 23 63.

186 182 139 23 undvikande
345 183 22 21 af
387 183 141 27 konkurrens,
551 184 75 29 inköpt
647 184 52 22 eller
715 183 222 23 arrenderad:blifver

188 221 82 20 statens
286 219 149 22 mellankomst
451 220 24 22 så
490 220 87 29 mycket
591 219 166 29 nödvändigare.

261 255 45 23 Vid
333 258 84 20 senaste
441 256 102 28 landtdag
561 256 131 22 inlemnades
709 263 26 15 en
751 256 93 28 petition
859 255 23 22 af
897 263 40 14 un-

186 291 60 29 gefär
275 291 116 30 enahanda
416 292 57 29 syfte
506 300 45 14 fom
575 292 41 22 den
638 300 30 14 nu
694 292 168 28 ifrågavarande,
890 299 48 14 men

189 328 66 28 ansåg
278 328 212 28 jernvägsutskottet,
511 328 32 22 till
564 328 82 22 hvilket
662 328 233 30 petitionsmemorialet
910 328 28 21 då

189 363 45 22 blef
250 364 139 27 remitteradt,
404 367 31 19 att
451 364 109 29 förslaget,
576 364 27 22 då
618 364 89 22 ärendet
719 364 65 22 redan
798 372 38 14 var
848 364 89 22 föremål

189 399 34 22 för
245 400 114 29 styrelsens
382 400 107 29 pröfning,
505 400 48 22 icke
569 400 65 22 borde
650 400 111 22 föranleda
777 400 32 22 till
821 400 68 29 någon
906 399 31 22 åt-

186 435 51 28 gärd
262 435 47 22 från
332 436 131 22 Ständernas
487 437 52 26 sida,
562 437 83 22 hvilket
668 437 65 21 äfven
753 436 121 22 sedermera
893 436 45 22 blef

190 471 130 23 Ständernas
337 473 75 22 beslut.

258 508 127 29 Iogeniören
401 510 7 21 i
425 509 72 22 Saima
513 509 87 22 distrikt
615 509 38 22 har
667 517 88 14 numera
765 509 47 21 låtit
823 508 114 23 verkställa

187 544 158 30 undersökning
369 545 40 22 och
433 547 96 27 uppgöra
553 545 184 28 kostnadsförslag
759 545 35 21 för
809 544 129 22 inrättandet

186 580 22 21 af
228 580 43 22 den
290 581 123 28 ifrågasatta
434 581 170 29 transportleden
620 581 34 22 för
670 581 67 22 stock.
768 581 35 22 De
819 580 118 29 uppgjorda

187 616 212 30 kostnadsförslagen
427 617 90 22 omfatta
537 620 79 19 tvenne
638 617 119 27 alternativ,
779 617 37 21 det
836 624 40 14 ena
894 616 43 22 slu-

186 652 65 22 tande
273 653 28 28 på
319 655 93 25 348,000
434 653 59 22 mark
510 653 57 22 afser
582 653 100 22 stockens
698 653 132 28 öfverföring
846 652 90 23 hufvud-

186 688 104 29 sakligast
315 696 76 21 genom
417 697 26 14 en
470 689 125 29 smalspårig
620 690 99 27 jernväg;
744 689 37 21 det
806 688 70 27 andra,
899 687 37 23 vid

186 724 84 22 hvilket
293 725 86 22 kanaler
402 725 41 22 och
466 725 211 29 upphalningsbanor
702 725 69 21 skulle
795 725 83 21 komma
904 724 33 21 till

188 760 142 29 användning,
354 761 82 29 uppgär
456 761 33 22 till
511 762 92 26 389,000
624 761 66 22 mark.
721 761 12 20 I
749 760 119 28 jemförelse
888 759 48 22 med

187 796 40 21 den
250 799 61 26 nyttä
333 805 26 14 en
382 797 59 29 dylik
461 797 144 28 transportled
627 797 69 21 skulle
717 796 103 27 medföra,
840 795 96 22 förefalla

187 832 142 22 kostnaderna
351 833 34 21 för
407 834 48 21 dess
478 833 121 21 inrättande
620 833 129 28 obetydliga.
780 832 89 21 Ensamt
889 831 47 22 från

187 868 86 22 Statens
297 869 82 28 skogar,
403 869 89 28 belägna
512 870 57 21 inom
591 869 96 21 omrädet
709 869 34 20 för
763 868 71 22 Saima
854 870 83 19 vatten-

186 906 87 27 system,
296 904 47 27 kan,
362 905 67 28 enligt
444 905 37 22 det
497 905 114 27 utlätande,
628 912 44 14 som
689 904 169 29 Forststyrelsen
874 903 63 28 afgif-

187 941 31 20 vit
233 941 7 20 i
257 940 69 22 denna
341 940 67 29 fräga,
418 941 81 28 ärligen
510 941 97 28 försäljas
618 941 99 28 omkring
729 941 92 26 105,000
832 942 104 19 stammar.

187 976 34 21 En
237 976 168 29 prisförhöjning
420 977 23 21 af
459 977 76 21 endast
552 978 10 19 1
580 977 59 21 mark
655 984 39 21 per
709 979 54 18 stam
775 976 68 21 skulle
854 975 82 22 säledes

186 1015 83 18 ensamt
279 1012 34 21 för
323 1012 75 22 Staten
409 1015 108 20 motsvara
528 1020 26 14 en
565 1013 55 21 ökad
634 1013 94 21 inkomst
739 1012 22 21 af
771 1011 61 23 öfver
845 1012 91 26 100,000

186 1047 61 22 mark
263 1056 34 14 om
313 1048 52 22 året.

258 1084 34 21 Då
313 1084 70 22 denna
403 1084 60 30 fråga
483 1085 135 28 naturligtvis
634 1085 63 21 berör
713 1084 94 28 mäktiga
822 1084 40 21 och
879 1086 57 19 stora

186 1119 97 22 enskilda
304 1121 111 24 intressen,
435 1121 65 22 hafva
520 1121 31 21 uti
571 1121 134 28 tidningarne
721 1121 87 27 intagits
824 1121 113 27 uppsatser

186 1155 39 22 och
242 1155 92 22 utdelats
351 1164 106 21 anonyma
467 1157 134 28 flygskrifter
611 1156 73 22 hvilka
695 1155 112 22 framhålla
817 1155 119 22 ändamåls-

187 1191 96 22 lösheten
297 1191 22 22 af
329 1192 70 21 denna
410 1193 149 28 transportled.
583 1192 74 22 Såsom
669 1191 164 29 hufvudsakligt
843 1191 50 22 stöd
903 1191 33 22 för

186 1227 71 22 denna
279 1227 54 29 åsigt
353 1228 39 21 har
412 1228 122 27 föreburits,
549 1231 32 19 att
595 1228 110 29 säglimret
721 1227 65 22 redan
802 1228 53 27 tagit
870 1227 43 21 slut
929 1228 7 20 i

187 1263 106 22 Savolaks
317 1264 41 21 och
378 1265 7 20 i
406 1264 105 22 Karelens
528 1264 83 29 skogar.
642 1264 14 21 I
671 1264 41 21 och
728 1263 34 22 för
778 1263 158 28 undersökning

186 1299 22 21 af
225 1299 64 22 dessa
305 1299 154 28 förhållanden,
475 1300 38 21 har
526 1300 141 22 Guvernören
684 1299 61 22 öfver
757 1299 89 29 Kuopio
858 1299 35 21 län
906 1299 31 21 in-

186 1335 78 22 samlat
282 1336 110 28 uppgifter
407 1336 48 21 från
472 1336 159 22 vederbörande
647 1335 195 22 länsmansdistrikt
858 1335 6 21 i
875 1335 61 21 Kuo-

186 1371 35 28 pio
246 1371 34 21 län
302 1371 41 22 och
359 1371 94 30 framgår
467 1372 23 21 af
506 1372 41 22 den
563 1372 114 22 skrifvelse
694 1371 141 22 Guvernören
851 1371 86 21 insändt

187 1407 32 20 till
245 1407 273 30 Kammar-Expeditionen
534 1409 7 20 i
556 1408 121 29 Kejserliga
694 1407 99 25 Senaten,
809 1409 31 20 att
855 1409 82 19 ensamt

258 1449 181 18 Ekononviutskottets
453 1450 108 19 betänkande
574 1449 34 18 N:o
625 1451 30 16 28.
