<?xml version="1.0" encoding="UTF-8"?>
<alto xmlns="http://www.loc.gov/standards/alto/ns-v3#" xmlns:xlink="http://www.w3.org/1999/xlink" xmlns:xsi="http://www.w3.org/2001/XMLSchema-instance" xsi:schemaLocation="http://www.loc.gov/standards/alto/ns-v3# http://www.loc.gov/alto/v3/alto-3-0.xsd">
	<Description>
		<MeasurementUnit>pixel</MeasurementUnit>
		<sourceImageInformation>
			<fileName>/tmp/tess_g9zb2tqo_input.PNG</fileName>
		</sourceImageInformation>
		<OCRProcessing ID="OCR_0">
			<ocrProcessingStep>
				<processingSoftware>
					<softwareName>tesseract 5.3.4</softwareName>
				</processingSoftware>
			</ocrProcessingStep>
		</OCRProcessing>
	</Description>
	<Layout>
		<Page WIDTH="1023" HEIGHT="1656" PHYSICAL_IMG_NR="0" ID="page_0">
			<PrintSpace HPOS="0" VPOS="0" WIDTH="1023" HEIGHT="1656">
				<ComposedBlock ID="cblock_0" HPOS="178" VPOS="118" WIDTH="570" HEIGHT="24">
					<TextBlock ID="block_0" HPOS="178" VPOS="118" WIDTH="570" HEIGHT="24">
						<TextLine ID="line_0" HPOS="178" VPOS="118" WIDTH="570" HEIGHT="24">
							<String ID="string_0" HPOS="178" VPOS="122" WIDTH="25" HEIGHT="18" WC="0.96" CONTENT="14"/><SP WIDTH="157" VPOS="122" HPOS="203"/>
							<String ID="string_1" HPOS="360" VPOS="118" WIDTH="280" HEIGHT="23" WC="0.91" CONTENT="Petitionsbetänkande"/><SP WIDTH="16" VPOS="118" HPOS="640"/>
							<String ID="string_2" HPOS="656" VPOS="119" WIDTH="38" HEIGHT="23" WC="0.96" CONTENT="N:o"/><SP WIDTH="16" VPOS="119" HPOS="694"/>
							<String ID="string_3" HPOS="710" VPOS="118" WIDTH="38" HEIGHT="23" WC="0.95" CONTENT="45."/>
						</TextLine>
					</TextBlock>
				</ComposedBlock>
				<ComposedBlock ID="cblock_1" HPOS="174" VPOS="192" WIDTH="758" HEIGHT="491">
					<TextBlock ID="block_1" HPOS="174" VPOS="192" WIDTH="756" HEIGHT="128">
						<TextLine ID="line_1" HPOS="174" VPOS="192" WIDTH="756" HEIGHT="23">
							<String ID="string_4" HPOS="174" VPOS="192" WIDTH="53" HEIGHT="20" WC="0.89" CONTENT="närs"/><SP WIDTH="16" VPOS="192" HPOS="227"/>
							<String ID="string_5" HPOS="243" VPOS="192" WIDTH="45" HEIGHT="19" WC="0.96" CONTENT="rätt"/><SP WIDTH="15" VPOS="192" HPOS="288"/>
							<String ID="string_6" HPOS="303" VPOS="192" WIDTH="32" HEIGHT="20" WC="0.96" CONTENT="till"/><SP WIDTH="16" VPOS="192" HPOS="335"/>
							<String ID="string_7" HPOS="351" VPOS="192" WIDTH="66" HEIGHT="20" WC="0.96" CONTENT="alster"/><SP WIDTH="15" VPOS="192" HPOS="417"/>
							<String ID="string_8" HPOS="432" VPOS="192" WIDTH="25" HEIGHT="20" WC="0.95" CONTENT="af"/><SP WIDTH="13" VPOS="192" HPOS="457"/>
							<String ID="string_9" HPOS="470" VPOS="192" WIDTH="33" HEIGHT="20" WC="0.93" CONTENT="sin"/><SP WIDTH="17" VPOS="192" HPOS="503"/>
							<String ID="string_10" HPOS="520" VPOS="192" WIDTH="149" HEIGHT="23" WC="0.91" CONTENT="värksamhet,"/><SP WIDTH="12" VPOS="192" HPOS="669"/>
							<String ID="string_11" HPOS="681" VPOS="192" WIDTH="40" HEIGHT="20" WC="0.96" CONTENT="har"/><SP WIDTH="10" VPOS="192" HPOS="721"/>
							<String ID="string_12" HPOS="731" VPOS="192" WIDTH="127" HEIGHT="20" WC="0.96" CONTENT="Utskottet"/><SP WIDTH="-8" VPOS="192" HPOS="858"/>
							<String ID="string_13" HPOS="850" VPOS="188" WIDTH="12" HEIGHT="35" WC="0.96" CONTENT="i"/><SP WIDTH="7" VPOS="188" HPOS="862"/>
							<String ID="string_14" HPOS="869" VPOS="192" WIDTH="61" HEIGHT="20" WC="0.95" CONTENT="detta"/>
						</TextLine>
						<TextLine ID="line_2" HPOS="175" VPOS="228" WIDTH="755" HEIGHT="26">
							<String ID="string_15" HPOS="175" VPOS="228" WIDTH="165" HEIGHT="25" WC="0.96" CONTENT="sammanhang"/><SP WIDTH="20" VPOS="228" HPOS="340"/>
							<String ID="string_16" HPOS="360" VPOS="228" WIDTH="84" HEIGHT="24" WC="0.96" CONTENT="jämväl"/><SP WIDTH="24" VPOS="228" HPOS="444"/>
							<String ID="string_17" HPOS="468" VPOS="228" WIDTH="60" HEIGHT="20" WC="0.96" CONTENT="velat"/><SP WIDTH="24" VPOS="228" HPOS="528"/>
							<String ID="string_18" HPOS="552" VPOS="228" WIDTH="64" HEIGHT="20" WC="0.96" CONTENT="ställa"/><SP WIDTH="23" VPOS="228" HPOS="616"/>
							<String ID="string_19" HPOS="639" VPOS="228" WIDTH="77" HEIGHT="25" WC="0.95" CONTENT="ifråga,"/><SP WIDTH="21" VPOS="228" HPOS="716"/>
							<String ID="string_20" HPOS="737" VPOS="228" WIDTH="109" HEIGHT="20" WC="0.96" CONTENT="huruvida"/><SP WIDTH="15" VPOS="228" HPOS="846"/>
							<String ID="string_21" HPOS="861" VPOS="230" WIDTH="69" HEIGHT="24" WC="0.96" CONTENT="något"/>
						</TextLine>
						<TextLine ID="line_3" HPOS="175" VPOS="263" WIDTH="755" HEIGHT="26">
							<String ID="string_22" HPOS="175" VPOS="264" WIDTH="77" HEIGHT="24" WC="0.93" CONTENT="skydd,"/><SP WIDTH="25" VPOS="264" HPOS="252"/>
							<String ID="string_23" HPOS="277" VPOS="263" WIDTH="86" HEIGHT="21" WC="0.89" CONTENT="utöfver"/><SP WIDTH="21" VPOS="263" HPOS="363"/>
							<String ID="string_24" HPOS="384" VPOS="264" WIDTH="59" HEIGHT="20" WC="0.96" CONTENT="hvad"/><SP WIDTH="16" VPOS="264" HPOS="443"/>
							<String ID="string_25" HPOS="459" VPOS="264" WIDTH="74" HEIGHT="20" WC="0.96" CONTENT="denna"/><SP WIDTH="15" VPOS="264" HPOS="533"/>
							<String ID="string_26" HPOS="548" VPOS="264" WIDTH="38" HEIGHT="25" WC="0.96" CONTENT="lag"/><SP WIDTH="16" VPOS="264" HPOS="586"/>
							<String ID="string_27" HPOS="602" VPOS="264" WIDTH="98" HEIGHT="22" WC="0.96" CONTENT="innebär,"/><SP WIDTH="16" VPOS="264" HPOS="700"/>
							<String ID="string_28" HPOS="716" VPOS="269" WIDTH="53" HEIGHT="15" WC="0.96" CONTENT="vore"/><SP WIDTH="16" VPOS="269" HPOS="769"/>
							<String ID="string_29" HPOS="785" VPOS="263" WIDTH="33" HEIGHT="20" WC="0.93" CONTENT="för"/><SP WIDTH="16" VPOS="263" HPOS="818"/>
							<String ID="string_30" HPOS="834" VPOS="263" WIDTH="96" HEIGHT="26" WC="0.93" CONTENT="fotogra-"/>
						</TextLine>
						<TextLine ID="line_4" HPOS="175" VPOS="298" WIDTH="546" HEIGHT="22">
							<String ID="string_31" HPOS="175" VPOS="298" WIDTH="33" HEIGHT="21" WC="0.96" CONTENT="fer"/><SP WIDTH="16" VPOS="298" HPOS="208"/>
							<String ID="string_32" HPOS="224" VPOS="300" WIDTH="52" HEIGHT="19" WC="0.96" CONTENT="med"/><SP WIDTH="16" VPOS="300" HPOS="276"/>
							<String ID="string_33" HPOS="292" VPOS="299" WIDTH="103" HEIGHT="21" WC="0.93" CONTENT="afseende"/><SP WIDTH="16" VPOS="299" HPOS="395"/>
							<String ID="string_34" HPOS="411" VPOS="301" WIDTH="14" HEIGHT="18" WC="0.87" CONTENT="å"/><SP WIDTH="16" VPOS="301" HPOS="425"/>
							<String ID="string_35" HPOS="441" VPOS="300" WIDTH="63" HEIGHT="20" WC="0.96" CONTENT="deras"/><SP WIDTH="17" VPOS="300" HPOS="504"/>
							<String ID="string_36" HPOS="521" VPOS="300" WIDTH="67" HEIGHT="20" WC="0.96" CONTENT="alster"/><SP WIDTH="16" VPOS="300" HPOS="588"/>
							<String ID="string_37" HPOS="604" VPOS="299" WIDTH="25" HEIGHT="20" WC="0.96" CONTENT="af"/><SP WIDTH="13" VPOS="299" HPOS="629"/>
							<String ID="string_38" HPOS="642" VPOS="299" WIDTH="79" HEIGHT="20" WC="0.96" CONTENT="nöden."/>
						</TextLine>
					</TextBlock>
					<TextBlock ID="block_2" HPOS="176" VPOS="335" WIDTH="756" HEIGHT="276">
						<TextLine ID="line_5" HPOS="248" VPOS="335" WIDTH="682" HEIGHT="25">
							<String ID="string_39" HPOS="248" VPOS="335" WIDTH="75" HEIGHT="20" WC="0.96" CONTENT="Ehuru"/><SP WIDTH="22" VPOS="335" HPOS="323"/>
							<String ID="string_40" HPOS="345" VPOS="336" WIDTH="110" HEIGHT="20" WC="0.95" CONTENT="Utskottet"/><SP WIDTH="19" VPOS="336" HPOS="455"/>
							<String ID="string_41" HPOS="474" VPOS="336" WIDTH="57" HEIGHT="19" WC="0.96" CONTENT="altså"/><SP WIDTH="15" VPOS="336" HPOS="531"/>
							<String ID="string_42" HPOS="546" VPOS="336" WIDTH="71" HEIGHT="19" WC="0.96" CONTENT="håller"/><SP WIDTH="15" VPOS="336" HPOS="617"/>
							<String ID="string_43" HPOS="632" VPOS="335" WIDTH="54" HEIGHT="23" WC="0.95" CONTENT="före,"/><SP WIDTH="17" VPOS="335" HPOS="686"/>
							<String ID="string_44" HPOS="703" VPOS="337" WIDTH="32" HEIGHT="18" WC="0.96" CONTENT="att"/><SP WIDTH="15" VPOS="337" HPOS="735"/>
							<String ID="string_45" HPOS="750" VPOS="336" WIDTH="68" HEIGHT="24" WC="0.93" CONTENT="något"/><SP WIDTH="16" VPOS="336" HPOS="818"/>
							<String ID="string_46" HPOS="834" VPOS="335" WIDTH="96" HEIGHT="20" WC="0.90" CONTENT="omedel-"/>
						</TextLine>
						<TextLine ID="line_6" HPOS="176" VPOS="370" WIDTH="754" HEIGHT="26">
							<String ID="string_47" HPOS="176" VPOS="371" WIDTH="49" HEIGHT="19" WC="0.93" CONTENT="bart"/><SP WIDTH="23" VPOS="371" HPOS="225"/>
							<String ID="string_48" HPOS="248" VPOS="371" WIDTH="85" HEIGHT="20" WC="0.91" CONTENT="aktuelt"/><SP WIDTH="25" VPOS="371" HPOS="333"/>
							<String ID="string_49" HPOS="358" VPOS="371" WIDTH="69" HEIGHT="20" WC="0.92" CONTENT="behof"/><SP WIDTH="15" VPOS="371" HPOS="427"/>
							<String ID="string_50" HPOS="442" VPOS="372" WIDTH="48" HEIGHT="19" WC="0.96" CONTENT="icke"/><SP WIDTH="16" VPOS="372" HPOS="490"/>
							<String ID="string_51" HPOS="506" VPOS="371" WIDTH="119" HEIGHT="25" WC="0.96" CONTENT="föreligger"/><SP WIDTH="16" VPOS="371" HPOS="625"/>
							<String ID="string_52" HPOS="641" VPOS="372" WIDTH="32" HEIGHT="18" WC="0.96" CONTENT="till"/><SP WIDTH="15" VPOS="372" HPOS="673"/>
							<String ID="string_53" HPOS="688" VPOS="371" WIDTH="95" HEIGHT="19" WC="0.96" CONTENT="revision"/><SP WIDTH="17" VPOS="371" HPOS="783"/>
							<String ID="string_54" HPOS="800" VPOS="370" WIDTH="25" HEIGHT="20" WC="0.96" CONTENT="af"/><SP WIDTH="11" VPOS="370" HPOS="825"/>
							<String ID="string_55" HPOS="836" VPOS="371" WIDTH="94" HEIGHT="20" WC="0.96" CONTENT="berörda"/>
						</TextLine>
						<TextLine ID="line_7" HPOS="176" VPOS="406" WIDTH="755" HEIGHT="26">
							<String ID="string_56" HPOS="176" VPOS="406" WIDTH="137" HEIGHT="26" WC="0.96" CONTENT="författning,"/><SP WIDTH="21" VPOS="406" HPOS="313"/>
							<String ID="string_57" HPOS="334" VPOS="407" WIDTH="40" HEIGHT="20" WC="0.96" CONTENT="har"/><SP WIDTH="17" VPOS="407" HPOS="374"/>
							<String ID="string_58" HPOS="391" VPOS="408" WIDTH="109" HEIGHT="19" WC="0.96" CONTENT="Utskottet"/><SP WIDTH="16" VPOS="408" HPOS="500"/>
							<String ID="string_59" HPOS="516" VPOS="407" WIDTH="61" HEIGHT="22" WC="0.96" CONTENT="dock,"/><SP WIDTH="17" VPOS="407" HPOS="577"/>
							<String ID="string_60" HPOS="594" VPOS="407" WIDTH="52" HEIGHT="19" WC="0.96" CONTENT="med"/><SP WIDTH="16" VPOS="407" HPOS="646"/>
							<String ID="string_61" HPOS="662" VPOS="407" WIDTH="87" HEIGHT="25" WC="0.96" CONTENT="hänsyn"/><SP WIDTH="17" VPOS="407" HPOS="749"/>
							<String ID="string_62" HPOS="766" VPOS="406" WIDTH="71" HEIGHT="20" WC="0.96" CONTENT="därtill"/><SP WIDTH="16" VPOS="406" HPOS="837"/>
							<String ID="string_63" HPOS="853" VPOS="408" WIDTH="32" HEIGHT="18" WC="0.93" CONTENT="att"/><SP WIDTH="15" VPOS="408" HPOS="885"/>
							<String ID="string_64" HPOS="900" VPOS="406" WIDTH="31" HEIGHT="20" WC="0.92" CONTENT="fö-"/>
						</TextLine>
						<TextLine ID="line_8" HPOS="176" VPOS="442" WIDTH="754" HEIGHT="26">
							<String ID="string_65" HPOS="176" VPOS="442" WIDTH="124" HEIGHT="20" WC="0.90" CONTENT="revarande"/><SP WIDTH="23" VPOS="442" HPOS="300"/>
							<String ID="string_66" HPOS="323" VPOS="443" WIDTH="186" HEIGHT="25" WC="0.87" CONTENT="petitionsärende"/><SP WIDTH="27" VPOS="443" HPOS="509"/>
							<String ID="string_67" HPOS="536" VPOS="442" WIDTH="59" HEIGHT="21" WC="0.91" CONTENT="afser"/><SP WIDTH="21" VPOS="442" HPOS="595"/>
							<String ID="string_68" HPOS="616" VPOS="442" WIDTH="124" HEIGHT="26" WC="0.92" CONTENT="tryggande"/><SP WIDTH="21" VPOS="442" HPOS="740"/>
							<String ID="string_69" HPOS="761" VPOS="442" WIDTH="25" HEIGHT="20" WC="0.96" CONTENT="af"/><SP WIDTH="19" VPOS="442" HPOS="786"/>
							<String ID="string_70" HPOS="805" VPOS="442" WIDTH="125" HEIGHT="26" WC="0.96" CONTENT="betydande"/>
						</TextLine>
						<TextLine ID="line_9" HPOS="177" VPOS="478" WIDTH="754" HEIGHT="27">
							<String ID="string_71" HPOS="177" VPOS="478" WIDTH="145" HEIGHT="20" WC="0.96" CONTENT="ekonomiska"/><SP WIDTH="19" VPOS="478" HPOS="322"/>
							<String ID="string_72" HPOS="341" VPOS="479" WIDTH="114" HEIGHT="26" WC="0.95" CONTENT="intressen,"/><SP WIDTH="23" VPOS="479" HPOS="455"/>
							<String ID="string_73" HPOS="478" VPOS="481" WIDTH="53" HEIGHT="18" WC="0.93" CONTENT="trott"/><SP WIDTH="16" VPOS="481" HPOS="531"/>
							<String ID="string_74" HPOS="547" VPOS="478" WIDTH="125" HEIGHT="21" WC="0.91" CONTENT="Ständerna"/><SP WIDTH="15" VPOS="478" HPOS="672"/>
							<String ID="string_75" HPOS="687" VPOS="478" WIDTH="29" HEIGHT="20" WC="0.96" CONTENT="ha"/><SP WIDTH="16" VPOS="478" HPOS="716"/>
							<String ID="string_76" HPOS="732" VPOS="478" WIDTH="47" HEIGHT="20" WC="0.95" CONTENT="skäl"/><SP WIDTH="17" VPOS="478" HPOS="779"/>
							<String ID="string_77" HPOS="796" VPOS="480" WIDTH="32" HEIGHT="18" WC="0.96" CONTENT="att"/><SP WIDTH="15" VPOS="480" HPOS="828"/>
							<String ID="string_78" HPOS="843" VPOS="479" WIDTH="32" HEIGHT="19" WC="0.93" CONTENT="till"/><SP WIDTH="16" VPOS="479" HPOS="875"/>
							<String ID="string_79" HPOS="891" VPOS="479" WIDTH="40" HEIGHT="19" WC="0.91" CONTENT="Re-"/>
						</TextLine>
						<TextLine ID="line_10" HPOS="177" VPOS="514" WIDTH="755" HEIGHT="26">
							<String ID="string_80" HPOS="177" VPOS="514" WIDTH="119" HEIGHT="26" WC="0.92" CONTENT="geringens"/><SP WIDTH="20" VPOS="514" HPOS="296"/>
							<String ID="string_81" HPOS="316" VPOS="515" WIDTH="123" HEIGHT="20" WC="0.93" CONTENT="beaktande"/><SP WIDTH="21" VPOS="515" HPOS="439"/>
							<String ID="string_82" HPOS="460" VPOS="514" WIDTH="144" HEIGHT="23" WC="0.91" CONTENT="öfverlämna,"/><SP WIDTH="21" VPOS="514" HPOS="604"/>
							<String ID="string_83" HPOS="625" VPOS="514" WIDTH="6" HEIGHT="20" WC="0.96" CONTENT="i"/><SP WIDTH="20" VPOS="514" HPOS="631"/>
							<String ID="string_84" HPOS="651" VPOS="514" WIDTH="59" HEIGHT="20" WC="0.96" CONTENT="hvad"/><SP WIDTH="20" VPOS="514" HPOS="710"/>
							<String ID="string_85" HPOS="730" VPOS="516" WIDTH="51" HEIGHT="18" WC="0.96" CONTENT="mån"/><SP WIDTH="17" VPOS="516" HPOS="781"/>
							<String ID="string_86" HPOS="798" VPOS="520" WIDTH="28" HEIGHT="14" WC="0.93" CONTENT="en"/><SP WIDTH="16" VPOS="520" HPOS="826"/>
							<String ID="string_87" HPOS="842" VPOS="515" WIDTH="90" HEIGHT="19" WC="0.92" CONTENT="utveck-"/>
						</TextLine>
						<TextLine ID="line_11" HPOS="176" VPOS="550" WIDTH="756" HEIGHT="26">
							<String ID="string_88" HPOS="176" VPOS="550" WIDTH="48" HEIGHT="26" WC="0.96" CONTENT="ling"/><SP WIDTH="24" VPOS="550" HPOS="224"/>
							<String ID="string_89" HPOS="248" VPOS="550" WIDTH="25" HEIGHT="20" WC="0.93" CONTENT="af"/><SP WIDTH="21" VPOS="550" HPOS="273"/>
							<String ID="string_90" HPOS="294" VPOS="550" WIDTH="153" HEIGHT="26" WC="0.91" CONTENT="stadgandena"/><SP WIDTH="19" VPOS="550" HPOS="447"/>
							<String ID="string_91" HPOS="466" VPOS="551" WIDTH="7" HEIGHT="19" WC="0.96" CONTENT="i"/><SP WIDTH="21" VPOS="551" HPOS="473"/>
							<String ID="string_92" HPOS="494" VPOS="550" WIDTH="83" HEIGHT="21" WC="0.96" CONTENT="nämda"/><SP WIDTH="18" VPOS="550" HPOS="577"/>
							<String ID="string_93" HPOS="595" VPOS="551" WIDTH="38" HEIGHT="25" WC="0.96" CONTENT="lag"/><SP WIDTH="18" VPOS="551" HPOS="633"/>
							<String ID="string_94" HPOS="651" VPOS="555" WIDTH="52" HEIGHT="15" WC="0.96" CONTENT="vore"/><SP WIDTH="19" VPOS="555" HPOS="703"/>
							<String ID="string_95" HPOS="722" VPOS="550" WIDTH="25" HEIGHT="20" WC="0.95" CONTENT="af"/><SP WIDTH="16" VPOS="550" HPOS="747"/>
							<String ID="string_96" HPOS="763" VPOS="550" WIDTH="169" HEIGHT="20" WC="0.96" CONTENT="förhållandena"/>
						</TextLine>
						<TextLine ID="line_12" HPOS="178" VPOS="586" WIDTH="110" HEIGHT="25">
							<String ID="string_97" HPOS="178" VPOS="586" WIDTH="110" HEIGHT="25" WC="0.96" CONTENT="påkallad."/>
						</TextLine>
					</TextBlock>
					<TextBlock ID="block_3" HPOS="179" VPOS="621" WIDTH="753" HEIGHT="62">
						<TextLine ID="line_13" HPOS="248" VPOS="621" WIDTH="684" HEIGHT="26">
							<String ID="string_98" HPOS="248" VPOS="622" WIDTH="33" HEIGHT="20" WC="0.96" CONTENT="På"/><SP WIDTH="15" VPOS="622" HPOS="281"/>
							<String ID="string_99" HPOS="296" VPOS="622" WIDTH="71" HEIGHT="25" WC="0.96" CONTENT="grund"/><SP WIDTH="16" VPOS="622" HPOS="367"/>
							<String ID="string_100" HPOS="383" VPOS="622" WIDTH="24" HEIGHT="20" WC="0.96" CONTENT="af"/><SP WIDTH="13" VPOS="622" HPOS="407"/>
							<String ID="string_101" HPOS="420" VPOS="622" WIDTH="37" HEIGHT="20" WC="0.96" CONTENT="det"/><SP WIDTH="15" VPOS="622" HPOS="457"/>
							<String ID="string_102" HPOS="472" VPOS="622" WIDTH="93" HEIGHT="20" WC="0.96" CONTENT="anförda"/><SP WIDTH="15" VPOS="622" HPOS="565"/>
							<String ID="string_103" HPOS="580" VPOS="622" WIDTH="34" HEIGHT="20" WC="0.95" CONTENT="får"/><SP WIDTH="16" VPOS="622" HPOS="614"/>
							<String ID="string_104" HPOS="630" VPOS="622" WIDTH="109" HEIGHT="20" WC="0.93" CONTENT="Utskottet"/><SP WIDTH="14" VPOS="622" HPOS="739"/>
							<String ID="string_105" HPOS="753" VPOS="622" WIDTH="113" HEIGHT="20" WC="0.91" CONTENT="vördsamt"/><SP WIDTH="10" VPOS="622" HPOS="866"/>
							<String ID="string_106" HPOS="876" VPOS="621" WIDTH="56" HEIGHT="21" WC="0.92" CONTENT="före-"/>
						</TextLine>
						<TextLine ID="line_14" HPOS="179" VPOS="658" WIDTH="277" HEIGHT="25">
							<String ID="string_107" HPOS="179" VPOS="658" WIDTH="33" HEIGHT="19" WC="0.96" CONTENT="slå"/><SP WIDTH="16" VPOS="658" HPOS="212"/>
							<String ID="string_108" HPOS="228" VPOS="663" WIDTH="29" HEIGHT="15" WC="0.95" CONTENT="en"/><SP WIDTH="16" VPOS="663" HPOS="257"/>
							<String ID="string_109" HPOS="273" VPOS="658" WIDTH="92" HEIGHT="25" WC="0.95" CONTENT="petition"/><SP WIDTH="16" VPOS="658" HPOS="365"/>
							<String ID="string_110" HPOS="381" VPOS="658" WIDTH="75" HEIGHT="20" WC="0.96" CONTENT="därom"/>
						</TextLine>
					</TextBlock>
				</ComposedBlock>
				<ComposedBlock ID="cblock_2" HPOS="393" VPOS="717" WIDTH="542" HEIGHT="313">
					<TextBlock ID="block_4" HPOS="393" VPOS="717" WIDTH="542" HEIGHT="313">
						<TextLine ID="line_15" HPOS="465" VPOS="717" WIDTH="467" HEIGHT="27">
							<String ID="string_111" HPOS="465" VPOS="719" WIDTH="33" HEIGHT="20" WC="0.95" CONTENT="att"/><SP WIDTH="23" VPOS="719" HPOS="498"/>
							<String ID="string_112" HPOS="521" VPOS="718" WIDTH="136" HEIGHT="26" WC="0.95" CONTENT="Regeringen"/><SP WIDTH="23" VPOS="718" HPOS="657"/>
							<String ID="string_113" HPOS="680" VPOS="717" WIDTH="49" HEIGHT="21" WC="0.95" CONTENT="ville"/><SP WIDTH="16" VPOS="717" HPOS="729"/>
							<String ID="string_114" HPOS="745" VPOS="718" WIDTH="51" HEIGHT="25" WC="0.96" CONTENT="taga"/><SP WIDTH="16" VPOS="718" HPOS="796"/>
							<String ID="string_115" HPOS="812" VPOS="717" WIDTH="8" HEIGHT="21" WC="0.93" CONTENT="i"/><SP WIDTH="16" VPOS="717" HPOS="820"/>
							<String ID="string_116" HPOS="836" VPOS="717" WIDTH="96" HEIGHT="27" WC="0.89" CONTENT="öfvervä-"/>
						</TextLine>
						<TextLine ID="line_16" HPOS="393" VPOS="751" WIDTH="538" HEIGHT="29">
							<String ID="string_117" HPOS="393" VPOS="754" WIDTH="78" HEIGHT="26" WC="0.96" CONTENT="gande,"/><SP WIDTH="16" VPOS="754" HPOS="471"/>
							<String ID="string_118" HPOS="487" VPOS="753" WIDTH="114" HEIGHT="21" WC="0.95" CONTENT="huruvida"/><SP WIDTH="16" VPOS="753" HPOS="601"/>
							<String ID="string_119" HPOS="617" VPOS="753" WIDTH="44" HEIGHT="21" WC="0.96" CONTENT="icke"/><SP WIDTH="15" VPOS="753" HPOS="661"/>
							<String ID="string_120" HPOS="676" VPOS="751" WIDTH="84" HEIGHT="28" WC="0.96" CONTENT="nådiga"/><SP WIDTH="8" VPOS="751" HPOS="760"/>
							<String ID="string_121" HPOS="768" VPOS="752" WIDTH="163" HEIGHT="27" WC="0.96" CONTENT="förordningen"/>
						</TextLine>
						<TextLine ID="line_17" HPOS="395" VPOS="788" WIDTH="538" HEIGHT="28">
							<String ID="string_122" HPOS="395" VPOS="790" WIDTH="28" HEIGHT="26" WC="0.93" CONTENT="af"/><SP WIDTH="12" VPOS="790" HPOS="423"/>
							<String ID="string_123" HPOS="435" VPOS="790" WIDTH="42" HEIGHT="20" WC="0.96" CONTENT="den"/><SP WIDTH="16" VPOS="790" HPOS="477"/>
							<String ID="string_124" HPOS="493" VPOS="790" WIDTH="28" HEIGHT="20" WC="0.96" CONTENT="15"/><SP WIDTH="16" VPOS="790" HPOS="521"/>
							<String ID="string_125" HPOS="537" VPOS="795" WIDTH="65" HEIGHT="15" WC="0.96" CONTENT="mars"/><SP WIDTH="17" VPOS="795" HPOS="602"/>
							<String ID="string_126" HPOS="619" VPOS="789" WIDTH="58" HEIGHT="21" WC="0.96" CONTENT="1880"/><SP WIDTH="15" VPOS="789" HPOS="677"/>
							<String ID="string_127" HPOS="692" VPOS="788" WIDTH="73" HEIGHT="21" WC="0.93" CONTENT="kunde"/><SP WIDTH="11" VPOS="788" HPOS="765"/>
							<String ID="string_128" HPOS="776" VPOS="788" WIDTH="106" HEIGHT="26" WC="0.90" CONTENT="erfordra"/><SP WIDTH="10" VPOS="788" HPOS="882"/>
							<String ID="string_129" HPOS="892" VPOS="790" WIDTH="41" HEIGHT="19" WC="0.91" CONTENT="än-"/>
						</TextLine>
						<TextLine ID="line_18" HPOS="398" VPOS="824" WIDTH="536" HEIGHT="28">
							<String ID="string_130" HPOS="398" VPOS="825" WIDTH="67" HEIGHT="27" WC="0.91" CONTENT="dring"/><SP WIDTH="23" VPOS="825" HPOS="465"/>
							<String ID="string_131" HPOS="488" VPOS="826" WIDTH="9" HEIGHT="20" WC="0.95" CONTENT="i"/><SP WIDTH="23" VPOS="826" HPOS="497"/>
							<String ID="string_132" HPOS="520" VPOS="824" WIDTH="56" HEIGHT="27" WC="0.96" CONTENT="syfte"/><SP WIDTH="23" VPOS="824" HPOS="576"/>
							<String ID="string_133" HPOS="599" VPOS="826" WIDTH="32" HEIGHT="20" WC="0.96" CONTENT="att"/><SP WIDTH="16" VPOS="826" HPOS="631"/>
							<String ID="string_134" HPOS="647" VPOS="824" WIDTH="139" HEIGHT="26" WC="0.96" CONTENT="tillförsäkra"/><SP WIDTH="15" VPOS="824" HPOS="786"/>
							<String ID="string_135" HPOS="801" VPOS="824" WIDTH="133" HEIGHT="21" WC="0.96" CONTENT="konstnärer"/>
						</TextLine>
						<TextLine ID="line_19" HPOS="397" VPOS="859" WIDTH="536" HEIGHT="29">
							<String ID="string_136" HPOS="397" VPOS="861" WIDTH="37" HEIGHT="21" WC="0.96" CONTENT="och"/><SP WIDTH="13" VPOS="861" HPOS="434"/>
							<String ID="string_137" HPOS="447" VPOS="861" WIDTH="125" HEIGHT="27" WC="0.93" CONTENT="fotografer"/><SP WIDTH="13" VPOS="861" HPOS="572"/>
							<String ID="string_138" HPOS="585" VPOS="860" WIDTH="149" HEIGHT="21" WC="0.92" CONTENT="vidsträktare"/><SP WIDTH="10" VPOS="860" HPOS="734"/>
							<String ID="string_139" HPOS="744" VPOS="859" WIDTH="189" HEIGHT="27" WC="0.90" CONTENT="upphofsmanna-"/>
						</TextLine>
						<TextLine ID="line_20" HPOS="395" VPOS="895" WIDTH="538" HEIGHT="28">
							<String ID="string_140" HPOS="395" VPOS="897" WIDTH="46" HEIGHT="21" WC="0.95" CONTENT="rätt"/><SP WIDTH="22" VPOS="897" HPOS="441"/>
							<String ID="string_141" HPOS="463" VPOS="897" WIDTH="33" HEIGHT="21" WC="0.95" CONTENT="till"/><SP WIDTH="22" VPOS="897" HPOS="496"/>
							<String ID="string_142" HPOS="518" VPOS="897" WIDTH="84" HEIGHT="21" WC="0.96" CONTENT="alstren"/><SP WIDTH="16" VPOS="897" HPOS="602"/>
							<String ID="string_143" HPOS="618" VPOS="896" WIDTH="28" HEIGHT="27" WC="0.96" CONTENT="af"/><SP WIDTH="12" VPOS="896" HPOS="646"/>
							<String ID="string_144" HPOS="658" VPOS="896" WIDTH="35" HEIGHT="21" WC="0.93" CONTENT="sin"/><SP WIDTH="15" VPOS="896" HPOS="693"/>
							<String ID="string_145" HPOS="708" VPOS="895" WIDTH="140" HEIGHT="22" WC="0.91" CONTENT="värksamhet"/><SP WIDTH="16" VPOS="895" HPOS="848"/>
							<String ID="string_146" HPOS="864" VPOS="895" WIDTH="44" HEIGHT="27" WC="0.95" CONTENT="och,"/><SP WIDTH="17" VPOS="895" HPOS="908"/>
							<String ID="string_147" HPOS="925" VPOS="896" WIDTH="8" HEIGHT="20" WC="0.96" CONTENT="i"/>
						</TextLine>
						<TextLine ID="line_21" HPOS="395" VPOS="930" WIDTH="539" HEIGHT="28">
							<String ID="string_148" HPOS="395" VPOS="932" WIDTH="103" HEIGHT="22" WC="0.96" CONTENT="händelse"/><SP WIDTH="16" VPOS="932" HPOS="498"/>
							<String ID="string_149" HPOS="514" VPOS="931" WIDTH="74" HEIGHT="23" WC="0.95" CONTENT="sådan"/><SP WIDTH="15" VPOS="931" HPOS="588"/>
							<String ID="string_150" HPOS="603" VPOS="932" WIDTH="98" HEIGHT="26" WC="0.96" CONTENT="ändring"/><SP WIDTH="13" VPOS="932" HPOS="701"/>
							<String ID="string_151" HPOS="714" VPOS="932" WIDTH="83" HEIGHT="26" WC="0.96" CONTENT="funnes"/><SP WIDTH="15" VPOS="932" HPOS="797"/>
							<String ID="string_152" HPOS="812" VPOS="931" WIDTH="27" HEIGHT="27" WC="0.93" CONTENT="af"/><SP WIDTH="11" VPOS="931" HPOS="839"/>
							<String ID="string_153" HPOS="850" VPOS="930" WIDTH="84" HEIGHT="28" WC="0.88" CONTENT="förkäl-"/>
						</TextLine>
						<TextLine ID="line_22" HPOS="397" VPOS="968" WIDTH="538" HEIGHT="27">
							<String ID="string_154" HPOS="397" VPOS="969" WIDTH="96" HEIGHT="21" WC="0.91" CONTENT="landena"/><SP WIDTH="21" VPOS="969" HPOS="493"/>
							<String ID="string_155" HPOS="514" VPOS="968" WIDTH="113" HEIGHT="27" WC="0.96" CONTENT="påkallad,"/><SP WIDTH="14" VPOS="968" HPOS="627"/>
							<String ID="string_156" HPOS="641" VPOS="968" WIDTH="115" HEIGHT="26" WC="0.93" CONTENT="förelägga"/><SP WIDTH="16" VPOS="968" HPOS="756"/>
							<String ID="string_157" HPOS="772" VPOS="968" WIDTH="163" HEIGHT="21" WC="0.89" CONTENT="nästsamman-"/>
						</TextLine>
						<TextLine ID="line_23" HPOS="397" VPOS="1003" WIDTH="493" HEIGHT="27">
							<String ID="string_158" HPOS="397" VPOS="1005" WIDTH="110" HEIGHT="21" WC="0.92" CONTENT="trädande"/><SP WIDTH="15" VPOS="1005" HPOS="507"/>
							<String ID="string_159" HPOS="522" VPOS="1004" WIDTH="97" HEIGHT="22" WC="0.92" CONTENT="Ständer"/><SP WIDTH="13" VPOS="1004" HPOS="619"/>
							<String ID="string_160" HPOS="632" VPOS="1004" WIDTH="138" HEIGHT="26" WC="0.96" CONTENT="proposition"/><SP WIDTH="17" VPOS="1004" HPOS="770"/>
							<String ID="string_161" HPOS="787" VPOS="1003" WIDTH="8" HEIGHT="21" WC="0.96" CONTENT="i"/><SP WIDTH="15" VPOS="1003" HPOS="795"/>
							<String ID="string_162" HPOS="810" VPOS="1004" WIDTH="80" HEIGHT="20" WC="0.96" CONTENT="ämnet."/>
						</TextLine>
					</TextBlock>
				</ComposedBlock>
				<ComposedBlock ID="cblock_3" HPOS="184" VPOS="1063" WIDTH="750" HEIGHT="56">
					<TextBlock ID="block_5" HPOS="184" VPOS="1063" WIDTH="750" HEIGHT="56">
						<TextLine ID="line_24" HPOS="257" VPOS="1063" WIDTH="677" HEIGHT="26">
							<String ID="string_163" HPOS="257" VPOS="1064" WIDTH="145" HEIGHT="25" WC="0.96" CONTENT="Helsingfors,"/><SP WIDTH="21" VPOS="1064" HPOS="402"/>
							<String ID="string_164" HPOS="423" VPOS="1064" WIDTH="121" HEIGHT="20" WC="0.93" CONTENT="Allmänna"/><SP WIDTH="20" VPOS="1064" HPOS="544"/>
							<String ID="string_165" HPOS="564" VPOS="1063" WIDTH="216" HEIGHT="26" WC="0.90" CONTENT="petitionsutskottet,"/><SP WIDTH="22" VPOS="1063" HPOS="780"/>
							<String ID="string_166" HPOS="802" VPOS="1063" WIDTH="43" HEIGHT="19" WC="0.96" CONTENT="den"/><SP WIDTH="17" VPOS="1063" HPOS="845"/>
							<String ID="string_167" HPOS="862" VPOS="1064" WIDTH="11" HEIGHT="17" WC="0.96" CONTENT="3"/><SP WIDTH="18" VPOS="1064" HPOS="873"/>
							<String ID="string_168" HPOS="891" VPOS="1063" WIDTH="43" HEIGHT="23" WC="0.96" CONTENT="maj"/>
						</TextLine>
						<TextLine ID="line_25" HPOS="184" VPOS="1101" WIDTH="63" HEIGHT="18">
							<String ID="string_169" HPOS="184" VPOS="1101" WIDTH="63" HEIGHT="18" WC="0.96" CONTENT="1897."/>
						</TextLine>
					</TextBlock>
				</ComposedBlock>
				<ComposedBlock ID="cblock_4" HPOS="182" VPOS="1210" WIDTH="757" HEIGHT="207">
					<TextBlock ID="block_6" HPOS="182" VPOS="1210" WIDTH="757" HEIGHT="207">
						<TextLine ID="line_26" HPOS="254" VPOS="1210" WIDTH="684" HEIGHT="28">
							<String ID="string_170" HPOS="254" VPOS="1213" WIDTH="11" HEIGHT="19" WC="0.93" CONTENT="I"/><SP WIDTH="19" VPOS="1213" HPOS="265"/>
							<String ID="string_171" HPOS="284" VPOS="1213" WIDTH="102" HEIGHT="20" WC="0.96" CONTENT="ärendets"/><SP WIDTH="22" VPOS="1213" HPOS="386"/>
							<String ID="string_172" HPOS="408" VPOS="1213" WIDTH="87" HEIGHT="25" WC="0.95" CONTENT="slutliga"/><SP WIDTH="16" VPOS="1213" HPOS="495"/>
							<String ID="string_173" HPOS="511" VPOS="1212" WIDTH="137" HEIGHT="25" WC="0.95" CONTENT="behandling"/><SP WIDTH="16" VPOS="1212" HPOS="648"/>
							<String ID="string_174" HPOS="664" VPOS="1211" WIDTH="67" HEIGHT="20" WC="0.95" CONTENT="hafva"/><SP WIDTH="17" VPOS="1211" HPOS="731"/>
							<String ID="string_175" HPOS="748" VPOS="1210" WIDTH="101" HEIGHT="26" WC="0.93" CONTENT="deltagit:"/><SP WIDTH="18" VPOS="1210" HPOS="849"/>
							<String ID="string_176" HPOS="867" VPOS="1210" WIDTH="71" HEIGHT="20" WC="0.92" CONTENT="ordfö-"/>
						</TextLine>
						<TextLine ID="line_27" HPOS="182" VPOS="1246" WIDTH="755" HEIGHT="24">
							<String ID="string_177" HPOS="182" VPOS="1248" WIDTH="86" HEIGHT="21" WC="0.96" CONTENT="randen"/><SP WIDTH="23" VPOS="1248" HPOS="268"/>
							<String ID="string_178" HPOS="291" VPOS="1249" WIDTH="115" HEIGHT="19" WC="0.96" CONTENT="Melander"/><SP WIDTH="24" VPOS="1249" HPOS="406"/>
							<String ID="string_179" HPOS="430" VPOS="1249" WIDTH="41" HEIGHT="19" WC="0.96" CONTENT="och"/><SP WIDTH="15" VPOS="1249" HPOS="471"/>
							<String ID="string_180" HPOS="486" VPOS="1248" WIDTH="153" HEIGHT="20" WC="0.93" CONTENT="ledamöterna"/><SP WIDTH="16" VPOS="1248" HPOS="639"/>
							<String ID="string_181" HPOS="655" VPOS="1247" WIDTH="155" HEIGHT="23" WC="0.92" CONTENT="Wallensköld,"/><SP WIDTH="17" VPOS="1247" HPOS="810"/>
							<String ID="string_182" HPOS="827" VPOS="1246" WIDTH="49" HEIGHT="20" WC="0.96" CONTENT="frih."/><SP WIDTH="17" VPOS="1246" HPOS="876"/>
							<String ID="string_183" HPOS="893" VPOS="1251" WIDTH="44" HEIGHT="15" WC="0.96" CONTENT="von"/>
						</TextLine>
						<TextLine ID="line_28" HPOS="182" VPOS="1282" WIDTH="757" HEIGHT="27">
							<String ID="string_184" HPOS="182" VPOS="1284" WIDTH="142" HEIGHT="23" WC="0.90" CONTENT="Willebrand,"/><SP WIDTH="22" VPOS="1284" HPOS="324"/>
							<String ID="string_185" HPOS="346" VPOS="1284" WIDTH="47" HEIGHT="19" WC="0.93" CONTENT="frih."/><SP WIDTH="18" VPOS="1284" HPOS="393"/>
							<String ID="string_186" HPOS="411" VPOS="1285" WIDTH="22" HEIGHT="19" WC="0.91" CONTENT="E."/><SP WIDTH="19" VPOS="1285" HPOS="433"/>
							<String ID="string_187" HPOS="452" VPOS="1284" WIDTH="148" HEIGHT="23" WC="0.90" CONTENT="Cedercreutz,"/><SP WIDTH="17" VPOS="1284" HPOS="600"/>
							<String ID="string_188" HPOS="617" VPOS="1284" WIDTH="25" HEIGHT="20" WC="0.92" CONTENT="U."/><SP WIDTH="17" VPOS="1284" HPOS="642"/>
							<String ID="string_189" HPOS="659" VPOS="1282" WIDTH="106" HEIGHT="27" WC="0.96" CONTENT="Lindelöf,"/><SP WIDTH="17" VPOS="1282" HPOS="765"/>
							<String ID="string_190" HPOS="782" VPOS="1283" WIDTH="96" HEIGHT="22" WC="0.93" CONTENT="Heman,"/><SP WIDTH="17" VPOS="1283" HPOS="878"/>
							<String ID="string_191" HPOS="895" VPOS="1282" WIDTH="44" HEIGHT="19" WC="0.90" CONTENT="Au-"/>
						</TextLine>
						<TextLine ID="line_29" HPOS="183" VPOS="1318" WIDTH="756" HEIGHT="27">
							<String ID="string_192" HPOS="183" VPOS="1319" WIDTH="75" HEIGHT="24" WC="0.91" CONTENT="vinen,"/><SP WIDTH="22" VPOS="1319" HPOS="258"/>
							<String ID="string_193" HPOS="280" VPOS="1320" WIDTH="112" HEIGHT="23" WC="0.90" CONTENT="Boisman,"/><SP WIDTH="23" VPOS="1320" HPOS="392"/>
							<String ID="string_194" HPOS="415" VPOS="1320" WIDTH="95" HEIGHT="25" WC="0.95" CONTENT="Nyberg,"/><SP WIDTH="24" VPOS="1320" HPOS="510"/>
							<String ID="string_195" HPOS="534" VPOS="1319" WIDTH="129" HEIGHT="24" WC="0.93" CONTENT="Hellström,"/><SP WIDTH="25" VPOS="1319" HPOS="663"/>
							<String ID="string_196" HPOS="688" VPOS="1319" WIDTH="106" HEIGHT="22" WC="0.92" CONTENT="Oittinen,"/><SP WIDTH="15" VPOS="1319" HPOS="794"/>
							<String ID="string_197" HPOS="809" VPOS="1318" WIDTH="73" HEIGHT="20" WC="0.96" CONTENT="Perho"/><SP WIDTH="16" VPOS="1318" HPOS="882"/>
							<String ID="string_198" HPOS="898" VPOS="1318" WIDTH="41" HEIGHT="19" WC="0.96" CONTENT="och"/>
						</TextLine>
						<TextLine ID="line_30" HPOS="182" VPOS="1353" WIDTH="757" HEIGHT="28">
							<String ID="string_199" HPOS="182" VPOS="1355" WIDTH="113" HEIGHT="20" WC="0.91" CONTENT="Jalkanen"/><SP WIDTH="24" VPOS="1355" HPOS="295"/>
							<String ID="string_200" HPOS="319" VPOS="1357" WIDTH="59" HEIGHT="18" WC="0.93" CONTENT="samt"/><SP WIDTH="21" VPOS="1357" HPOS="378"/>
							<String ID="string_201" HPOS="399" VPOS="1356" WIDTH="172" HEIGHT="25" WC="0.91" CONTENT="suppleanterna"/><SP WIDTH="23" VPOS="1356" HPOS="571"/>
							<String ID="string_202" HPOS="594" VPOS="1355" WIDTH="136" HEIGHT="22" WC="0.93" CONTENT="Vartiainen,"/><SP WIDTH="24" VPOS="1355" HPOS="730"/>
							<String ID="string_203" HPOS="754" VPOS="1353" WIDTH="116" HEIGHT="21" WC="0.90" CONTENT="Frenckell"/><SP WIDTH="28" VPOS="1353" HPOS="870"/>
							<String ID="string_204" HPOS="898" VPOS="1353" WIDTH="41" HEIGHT="20" WC="0.95" CONTENT="och"/>
						</TextLine>
						<TextLine ID="line_31" HPOS="183" VPOS="1391" WIDTH="207" HEIGHT="26">
							<String ID="string_205" HPOS="183" VPOS="1391" WIDTH="22" HEIGHT="21" WC="0.90" CONTENT="C."/><SP WIDTH="17" VPOS="1391" HPOS="205"/>
							<String ID="string_206" HPOS="222" VPOS="1391" WIDTH="23" HEIGHT="20" WC="0.94" CONTENT="E."/><SP WIDTH="18" VPOS="1391" HPOS="245"/>
							<String ID="string_207" HPOS="263" VPOS="1391" WIDTH="127" HEIGHT="26" WC="0.96" CONTENT="Holmberg."/>
						</TextLine>
					</TextBlock>
				</ComposedBlock>
				<ComposedBlock ID="cblock_5" HPOS="256" VPOS="1454" WIDTH="516" HEIGHT="24">
					<TextBlock ID="block_7" HPOS="256" VPOS="1454" WIDTH="516" HEIGHT="24">
						<TextLine ID="line_32" HPOS="256" VPOS="1454" WIDTH="516" HEIGHT="24">
							<String ID="string_208" HPOS="256" VPOS="1455" WIDTH="108" HEIGHT="18" WC="0.90" CONTENT="Allmänna"/><SP WIDTH="9" VPOS="1455" HPOS="364"/>
							<String ID="string_209" HPOS="373" VPOS="1455" WIDTH="183" HEIGHT="23" WC="0.89" CONTENT="petitionsutskottets"/><SP WIDTH="14" VPOS="1455" HPOS="556"/>
							<String ID="string_210" HPOS="570" VPOS="1455" WIDTH="116" HEIGHT="18" WC="0.96" CONTENT="betänkande"/><SP WIDTH="13" VPOS="1455" HPOS="686"/>
							<String ID="string_211" HPOS="699" VPOS="1454" WIDTH="37" HEIGHT="18" WC="0.96" CONTENT="N:o"/><SP WIDTH="12" VPOS="1454" HPOS="736"/>
							<String ID="string_212" HPOS="748" VPOS="1454" WIDTH="24" HEIGHT="17" WC="0.93" CONTENT="25"/>
						</TextLine>
					</TextBlock>
				</ComposedBlock>
			</PrintSpace>
		</Page>
	</Layout>
</alto>
