1034 1656
211 128 12 20 6
363 128 279 23 Petitionsbetänkande
657 128 45 23 N:o
718 128 39 23 38.

182 195 72 21 stone
279 194 61 22 söka
363 194 115 29 aflägsna
497 194 32 22 de
548 194 170 29 olägenheter,
738 194 122 22 hvarmed
879 194 60 22 håll-

183 228 128 29 skjutsens
330 229 142 28 utgörande
490 229 25 22 in
535 230 91 20 natura
645 235 61 15 vore
725 228 113 26 förenad,
858 228 7 22 i
878 228 61 22 hvil-

181 262 44 23 ket
244 262 66 29 syfte
328 263 124 29 föreslogs
472 264 36 21 att
526 263 230 29 skjutshållningen
770 262 79 23 borde
859 263 81 22 öfver-

182 297 44 22 allt
244 297 8 21 i
271 297 85 23 landet
373 297 122 29 utbjudas
514 298 33 28 på
566 297 168 29 entreprenad
753 297 57 23 med
829 297 110 22 kommu-

182 338 80 15 nerna
289 332 156 22 förbehållen
473 333 51 21 rätt
546 333 35 21 att
604 332 92 28 pröfva
719 332 46 22 och
785 333 94 27 antaga
898 338 41 16 an-

182 365 95 27 buden,
296 366 165 29 hvarigenom
479 366 184 22 kommunerna
682 366 92 29 själfva
793 366 8 22 i
814 366 125 29 väsentlig

181 400 58 22 mån
259 400 98 22 komme
375 401 8 21 i
402 401 96 22 tillfälle
519 402 35 21 att
572 401 101 29 ingripa
692 401 36 21 uti
747 400 46 23 och
808 400 79 23 verka
900 400 39 22 för

182 435 112 22 nämnda
312 435 57 26 mål,
390 436 130 21 äfvensom
540 435 158 30 skjutslegan
711 435 43 22 vid
770 435 168 28 entreprenad

182 469 62 29 utgå
264 469 35 22 till
317 470 112 29 förhöjdt
447 470 93 29 belopp
553 471 39 21 för
606 472 36 20 att
657 470 98 22 minska
766 470 172 29 ersättningen

181 504 47 21 och
247 504 34 28 på
299 504 31 22 de
349 505 107 22 resande
475 505 105 22 hvälfva
598 511 31 16 en
648 505 80 22 större
748 504 40 23 del
807 505 26 22 af
847 504 91 28 skjuts-

180 538 226 29 ningskostnaden.
444 540 43 21 Att
518 539 114 22 däremot
662 539 99 22 frikalla
789 539 31 22 de
847 539 91 28 skjuts-

180 573 194 28 ningsskyldiga
402 573 182 29 fastigheterna
612 573 56 22 från
696 573 83 22 denna
798 573 75 29 utgift
891 573 46 22 och

180 607 147 28 öfverflytta
345 607 146 23 densamma
510 608 33 28 på
556 608 98 22 landets
668 608 56 22 hela
738 607 199 29 skattdragande

180 641 149 30 befolkning
353 642 82 22 såsom
455 643 117 28 personel
591 642 67 23 skatt
677 642 81 22 skulle
776 643 64 22 dock
860 642 77 29 enligt

180 676 190 28 propositionen
389 677 210 29 ovedersägligen
618 677 122 22 innefatta
754 683 31 16 en
798 677 137 28 obillighet.

180 710 56 22 Den
256 712 38 21 art
307 711 25 21 af
345 711 170 29 beskattning,
529 711 331 29 hållskjutsningsbesväret
869 711 68 22 inne-

180 744 54 27 bar,
264 745 65 22 hade
356 745 81 22 under
461 746 82 21 sekler
562 746 83 28 ålegat
663 745 219 30 jordfastigheten,
902 745 35 22 in-

180 779 55 28 gått
253 779 8 22 i
279 779 200 23 bestämmandet
499 780 25 22 af
542 780 57 22 dess
620 780 78 22 värde
718 780 46 22 och
783 780 76 29 tagits
876 780 7 21 i
898 779 39 22 be-

179 813 111 29 räkning
317 814 42 22 vid
387 814 102 28 köpslut
516 815 46 21 och
590 815 80 22 andra
698 814 179 29 afhandlingar
896 821 39 15 om

178 847 49 23 den
256 848 65 22 fasta
340 849 164 28 egendomen,
524 849 105 22 hvarför
648 855 31 16 en
697 849 148 28 fullständig
864 849 71 22 efter-

178 882 46 28 gift
247 882 57 22 från
322 883 69 22 detta
409 883 93 22 besvär
521 883 80 22 skulle
620 884 91 28 utgöra
730 889 31 16 en
780 883 98 22 förmån
897 883 38 22 för

177 916 31 22 de
236 917 150 22 nuvarande
410 917 168 30 jordegarene
596 919 62 21 utan
677 917 179 22 motsvarande
876 917 59 29 ålig-

176 951 85 28 gande
280 951 56 22 från
355 951 74 22 deras
449 952 54 22 sida
522 952 46 22 och
582 952 33 29 på
630 952 82 29 öfriga
722 951 212 29 skattdragandes

177 984 150 23 bekostnad.
364 986 57 22 Men
449 986 106 22 emedan
576 993 31 16 en
627 986 67 23 ökad
713 986 156 29 befolkning,
889 987 46 21 ste-

176 1019 65 28 grad
269 1020 131 22 industriel
427 1021 169 26 verksamhet,
617 1020 116 30 stigande
753 1021 117 28 välmåga
889 1020 46 22 och

179 1053 43 22 allt
240 1053 149 30 därigenom
401 1055 109 29 lifligare
521 1055 149 22 samfärdsel
680 1055 80 22 måste
770 1055 63 28 göra
843 1055 92 28 skjuts-

176 1087 195 30 ningsbesväret
389 1089 40 22 för
447 1089 186 29 jordbrukaren
652 1089 82 22 under
750 1089 111 22 tidernas
874 1089 60 28 lopp

175 1128 53 16 mer
256 1123 46 22 och
323 1129 53 16 mer
400 1124 147 28 tryckande,
569 1124 135 28 påkallade
722 1123 146 29 billigheten
888 1123 46 22 och

175 1162 31 16 en
234 1157 162 22 förutseende
423 1158 119 22 omtanke
570 1158 14 22 å
612 1158 79 22 andra
717 1158 73 22 sidan
813 1159 35 20 att
866 1157 67 22 inom

174 1190 104 23 kretsen
297 1191 26 22 af
340 1192 65 26 dem,
419 1199 53 15 som
489 1192 117 29 uppburo
617 1192 186 29 skjutsningen,
814 1191 119 30 indroges

175 1225 44 22 allt
245 1225 61 23 flere
334 1226 107 23 element
467 1227 46 22 och
540 1227 182 22 företrädesvis
741 1227 39 26 de,
800 1226 87 22 hvilka
909 1226 25 22 af

174 1259 101 23 landets
301 1260 313 23 kommunikationsmedel
641 1261 67 22 hade
732 1261 93 22 största
843 1260 88 23 fördel.

174 1293 36 22 På
230 1294 84 29 grund
332 1295 75 22 häraf
418 1295 111 22 innehöll
540 1295 189 29 propositionen
739 1295 96 28 förslag
845 1295 87 22 därom

174 1329 37 20 att
237 1328 9 22 i
273 1329 279 29 skjutsningsbesväret
578 1330 81 22 skulle
678 1329 134 22 framdeles
831 1329 102 28 deltaga

174 1362 33 22 all
236 1362 8 22 i
266 1363 94 22 mantal
383 1365 50 21 satt
451 1364 190 29 jordegendom,
662 1364 26 22 af
705 1363 69 23 hvad
793 1365 75 21 natur
886 1363 46 22 och

173 1396 178 23 beskaffenhet
379 1398 49 22 den
456 1399 32 21 än
515 1405 69 19 vore,
610 1399 76 28 jämte
709 1397 145 30 skattlagda
876 1399 56 27 torp

242 1474 50 22 T.ag-
305 1474 32 17 och
349 1474 185 19 Ekonomiutskottets
546 1475 111 18 betänkande
670 1477 36 15 N:o
720 1476 16 17 6.
