1017 1659
164 133 14 20 4
297 132 84 24 Ständ.
397 133 53 23 Pet.
466 146 28 3 —
509 133 174 23 Petitionsbet.
696 133 46 23 N:o
757 133 39 23 68.

165 205 151 22 hemmanen
341 205 192 29 underlydande
559 206 136 28 skogarna,
723 207 65 21 samt
806 206 8 21 i
832 205 94 23 sådant

166 239 44 22 fall
236 240 127 22 huruvida
391 241 178 27 torpsystemet
596 240 57 22 med
679 240 105 22 därmed
802 240 123 22 förenade

166 274 216 29 inskränkningar
400 274 8 22 i
427 274 248 28 dispositionsrätten
694 274 37 22 till
747 274 105 29 skogen,
866 281 56 15 men

166 308 57 22 med
248 309 8 21 i
281 309 76 28 öfrigt
379 308 144 30 betryggad
547 309 204 29 besittningsrätt
770 309 36 22 till
824 310 99 27 torpen,

167 350 61 15 vore
248 344 36 21 att
301 343 149 29 föredragas
470 343 105 23 framför
594 344 265 28 nybyggessystemet.

235 378 58 22 Med
320 378 100 28 hänsyn
447 378 36 22 till
510 378 69 22 hvad
608 378 78 22 ofvan
713 378 159 26 framhållits,
897 377 27 22 få

168 412 144 22 Ständerna
331 412 7 22 i
356 412 205 29 underdånighet
581 413 109 26 anhålla,

443 482 37 21 att
515 482 82 21 Eders
628 481 144 29 Kejserliga
802 480 124 29 Majestät

375 516 93 22 täcktes
495 515 27 23 åt
547 522 30 16 en
603 516 40 22 för
662 515 152 23 ändamålet
832 515 93 22 tillsatt

374 550 95 22 komité
486 551 138 28 uppdraga
643 552 38 20 att
699 550 160 22 undersöka:

512 619 90 23 hvilka
639 619 123 29 åtgärder
795 618 41 23 för
866 619 58 21 när-

443 654 116 22 varande
595 655 46 21 äro
675 654 11 22 i
716 654 86 22 andra
832 653 94 22 länder

443 688 126 29 vidtagna
587 689 41 21 för
641 688 180 28 befrämjande
834 688 32 22 af
875 688 50 22 den

444 723 56 22 lösa
514 723 193 29 befolkningens
721 722 147 29 bosättning
878 721 47 23 och

443 758 138 22 resultaten
601 758 32 22 af
649 758 145 26 desamma;

513 804 103 22 hvilken
647 803 144 22 erfarenhet
820 802 106 22 vunnits

443 845 90 22 genom
553 839 30 21 de
601 839 11 21 i
630 838 116 22 Finland
762 838 11 22 i
786 838 138 22 enahanda

443 873 66 29 syfte
527 873 126 29 vidtagna
670 872 176 29 tillgöranden
857 872 69 22 samt

443 908 126 21 särskildt
595 907 32 23 af
651 908 32 21 de
707 907 71 22 olika
800 907 125 28 systemen

445 941 40 23 för
511 942 206 22 kolonisationen
745 942 70 22 inom
837 941 88 22 krono-

440 976 142 28 jordarna;

513 1022 131 22 huruvida
680 1021 183 29 medgifvande
896 1020 33 22 af

444 1057 52 21 rätt
519 1057 40 21 till
583 1056 131 29 skatteköp
739 1056 33 22 af
786 1055 139 29 nybygges-

444 1091 119 22 hemman
582 1091 67 22 visat
667 1091 40 28 sig
723 1090 118 22 medföra
853 1089 72 22 miss-

445 1126 64 21 bruk
533 1126 10 21 i
567 1125 119 23 afseende
711 1124 16 22 å
751 1123 174 30 skogsvården

445 1160 52 26 och,
526 1167 41 15 om
594 1160 31 22 så
652 1166 58 16 vore
735 1159 80 25 fallet,
835 1158 90 22 hvilka

445 1194 122 29 åtgärder
604 1194 40 22 för
680 1192 180 24 motverkande
896 1191 32 23 af

445 1229 74 22 dessa
540 1228 133 23 missbruk.
693 1228 77 22 borde
788 1227 135 28 vidtagas;

444 1264 67 21 samt

513 1309 132 22 huruvida
670 1308 60 23 från
754 1308 42 22 det
815 1307 111 23 allmän-

445 1350 48 16 nas
505 1344 60 22 sida
578 1343 123 29 åtgärder
714 1342 78 23 borde
804 1342 121 28 vidtagas

446 1378 40 22 för
504 1379 38 21 att
559 1378 40 22 för
611 1377 207 29 ifrågavarande
833 1376 92 22 befolk-

445 1412 64 28 ning
528 1412 149 23 underlätta
695 1411 187 23 anskaffandet
896 1410 33 22 af

446 1448 53 28 eget
512 1446 141 29 jordbruk;
