<?xml version="1.0" encoding="UTF-8"?>
<alto xmlns="http://www.loc.gov/standards/alto/ns-v3#" xmlns:xlink="http://www.w3.org/1999/xlink" xmlns:xsi="http://www.w3.org/2001/XMLSchema-instance" xsi:schemaLocation="http://www.loc.gov/standards/alto/ns-v3# http://www.loc.gov/alto/v3/alto-3-0.xsd">
	<Description>
		<MeasurementUnit>pixel</MeasurementUnit>
		<sourceImageInformation>
			<fileName>/tmp/tess_4nvveq2g_input.PNG</fileName>
		</sourceImageInformation>
		<OCRProcessing ID="OCR_0">
			<ocrProcessingStep>
				<processingSoftware>
					<softwareName>tesseract 5.3.4</softwareName>
				</processingSoftware>
			</ocrProcessingStep>
		</OCRProcessing>
	</Description>
	<Layout>
		<Page WIDTH="1023" HEIGHT="1656" PHYSICAL_IMG_NR="0" ID="page_0">
			<PrintSpace HPOS="0" VPOS="0" WIDTH="1023" HEIGHT="1656">
				<ComposedBlock ID="cblock_0" HPOS="280" VPOS="113" WIDTH="388" HEIGHT="24">
					<TextBlock ID="block_0" HPOS="280" VPOS="113" WIDTH="388" HEIGHT="24">
						<TextLine ID="line_0" HPOS="280" VPOS="113" WIDTH="388" HEIGHT="24">
							<String ID="string_0" HPOS="280" VPOS="113" WIDTH="277" HEIGHT="24" WC="0.90" CONTENT="Petitionsbetänkande"/><SP WIDTH="15" VPOS="113" HPOS="557"/>
							<String ID="string_1" HPOS="572" VPOS="114" WIDTH="45" HEIGHT="23" WC="0.95" CONTENT="N:o"/><SP WIDTH="15" VPOS="114" HPOS="617"/>
							<String ID="string_2" HPOS="632" VPOS="114" WIDTH="36" HEIGHT="23" WC="0.90" CONTENT="45."/>
						</TextLine>
					</TextBlock>
				</ComposedBlock>
				<ComposedBlock ID="cblock_1" HPOS="314" VPOS="453" WIDTH="538" HEIGHT="309">
					<TextBlock ID="block_1" HPOS="314" VPOS="453" WIDTH="538" HEIGHT="309">
						<TextLine ID="line_1" HPOS="384" VPOS="453" WIDTH="467" HEIGHT="28">
							<String ID="string_3" HPOS="384" VPOS="453" WIDTH="156" HEIGHT="22" WC="0.91" CONTENT="Allmänna"/><SP WIDTH="38" VPOS="453" HPOS="540"/>
							<String ID="string_4" HPOS="578" VPOS="453" WIDTH="273" HEIGHT="28" WC="0.90" CONTENT="petitionsutskot-"/>
						</TextLine>
						<TextLine ID="line_2" HPOS="315" VPOS="489" WIDTH="536" HEIGHT="27">
							<String ID="string_5" HPOS="315" VPOS="489" WIDTH="59" HEIGHT="22" WC="0.92" CONTENT="tets"/><SP WIDTH="16" VPOS="489" HPOS="374"/>
							<String ID="string_6" HPOS="390" VPOS="489" WIDTH="197" HEIGHT="22" WC="0.93" CONTENT="betänkande"/><SP WIDTH="13" VPOS="489" HPOS="587"/>
							<String ID="string_7" HPOS="600" VPOS="489" WIDTH="45" HEIGHT="22" WC="0.95" CONTENT="N:o"/><SP WIDTH="8" VPOS="489" HPOS="645"/>
							<String ID="string_8" HPOS="653" VPOS="489" WIDTH="29" HEIGHT="22" WC="0.95" CONTENT="25"/><SP WIDTH="11" VPOS="489" HPOS="682"/>
							<String ID="string_9" HPOS="693" VPOS="490" WIDTH="10" HEIGHT="21" WC="0.95" CONTENT="i"/><SP WIDTH="13" VPOS="490" HPOS="703"/>
							<String ID="string_10" HPOS="716" VPOS="489" WIDTH="135" HEIGHT="27" WC="0.96" CONTENT="anledning"/>
						</TextLine>
						<TextLine ID="line_3" HPOS="314" VPOS="524" WIDTH="538" HEIGHT="29">
							<String ID="string_11" HPOS="314" VPOS="525" WIDTH="28" HEIGHT="22" WC="0.96" CONTENT="af"/><SP WIDTH="16" VPOS="525" HPOS="342"/>
							<String ID="string_12" HPOS="358" VPOS="525" WIDTH="56" HEIGHT="28" WC="0.96" CONTENT="fyra"/><SP WIDTH="18" VPOS="525" HPOS="414"/>
							<String ID="string_13" HPOS="432" VPOS="525" WIDTH="10" HEIGHT="21" WC="0.93" CONTENT="i"/><SP WIDTH="15" VPOS="525" HPOS="442"/>
							<String ID="string_14" HPOS="457" VPOS="524" WIDTH="180" HEIGHT="29" WC="0.91" CONTENT="Ridderskapet"/><SP WIDTH="7" VPOS="524" HPOS="637"/>
							<String ID="string_15" HPOS="644" VPOS="525" WIDTH="47" HEIGHT="22" WC="0.93" CONTENT="och"/><SP WIDTH="11" VPOS="525" HPOS="691"/>
							<String ID="string_16" HPOS="702" VPOS="525" WIDTH="78" HEIGHT="22" WC="0.91" CONTENT="Adeln"/><SP WIDTH="10" VPOS="525" HPOS="780"/>
							<String ID="string_17" HPOS="790" VPOS="525" WIDTH="62" HEIGHT="22" WC="0.96" CONTENT="samt"/>
						</TextLine>
						<TextLine ID="line_4" HPOS="315" VPOS="560" WIDTH="537" HEIGHT="29">
							<String ID="string_18" HPOS="315" VPOS="560" WIDTH="205" HEIGHT="28" WC="0.90" CONTENT="Borgareståndet"/><SP WIDTH="10" VPOS="560" HPOS="520"/>
							<String ID="string_19" HPOS="530" VPOS="560" WIDTH="99" HEIGHT="28" WC="0.91" CONTENT="ingifna"/><SP WIDTH="11" VPOS="560" HPOS="629"/>
							<String ID="string_20" HPOS="640" VPOS="560" WIDTH="212" HEIGHT="29" WC="0.90" CONTENT="petitionsförslag"/>
						</TextLine>
						<TextLine ID="line_5" HPOS="316" VPOS="596" WIDTH="535" HEIGHT="28">
							<String ID="string_21" HPOS="316" VPOS="596" WIDTH="126" HEIGHT="27" WC="0.96" CONTENT="angående"/><SP WIDTH="15" VPOS="596" HPOS="442"/>
							<String ID="string_22" HPOS="457" VPOS="596" WIDTH="123" HEIGHT="23" WC="0.96" CONTENT="särskilda"/><SP WIDTH="14" VPOS="596" HPOS="580"/>
							<String ID="string_23" HPOS="594" VPOS="597" WIDTH="88" HEIGHT="27" WC="0.96" CONTENT="tillägg"/><SP WIDTH="15" VPOS="597" HPOS="682"/>
							<String ID="string_24" HPOS="697" VPOS="596" WIDTH="47" HEIGHT="23" WC="0.92" CONTENT="och"/><SP WIDTH="8" VPOS="596" HPOS="744"/>
							<String ID="string_25" HPOS="752" VPOS="596" WIDTH="99" HEIGHT="23" WC="0.92" CONTENT="ändrin-"/>
						</TextLine>
						<TextLine ID="line_6" HPOS="315" VPOS="631" WIDTH="536" HEIGHT="29">
							<String ID="string_26" HPOS="315" VPOS="638" WIDTH="44" HEIGHT="21" WC="0.96" CONTENT="gar"/><SP WIDTH="23" VPOS="638" HPOS="359"/>
							<String ID="string_27" HPOS="382" VPOS="632" WIDTH="9" HEIGHT="22" WC="0.96" CONTENT="i"/><SP WIDTH="24" VPOS="632" HPOS="391"/>
							<String ID="string_28" HPOS="415" VPOS="632" WIDTH="90" HEIGHT="28" WC="0.96" CONTENT="nådiga"/><SP WIDTH="15" VPOS="632" HPOS="505"/>
							<String ID="string_29" HPOS="520" VPOS="632" WIDTH="183" HEIGHT="28" WC="0.96" CONTENT="förordningen"/><SP WIDTH="16" VPOS="632" HPOS="703"/>
							<String ID="string_30" HPOS="719" VPOS="632" WIDTH="28" HEIGHT="23" WC="0.96" CONTENT="af"/><SP WIDTH="13" VPOS="632" HPOS="747"/>
							<String ID="string_31" HPOS="760" VPOS="632" WIDTH="48" HEIGHT="22" WC="0.96" CONTENT="den"/><SP WIDTH="15" VPOS="632" HPOS="808"/>
							<String ID="string_32" HPOS="823" VPOS="631" WIDTH="28" HEIGHT="23" WC="0.96" CONTENT="15"/>
						</TextLine>
						<TextLine ID="line_7" HPOS="315" VPOS="667" WIDTH="537" HEIGHT="28">
							<String ID="string_33" HPOS="315" VPOS="674" WIDTH="65" HEIGHT="16" WC="0.95" CONTENT="mars"/><SP WIDTH="24" VPOS="674" HPOS="380"/>
							<String ID="string_34" HPOS="404" VPOS="667" WIDTH="59" HEIGHT="23" WC="0.89" CONTENT="1880"/><SP WIDTH="23" VPOS="667" HPOS="463"/>
							<String ID="string_35" HPOS="486" VPOS="668" WIDTH="126" HEIGHT="27" WC="0.95" CONTENT="angående"/><SP WIDTH="25" VPOS="668" HPOS="612"/>
							<String ID="string_36" HPOS="637" VPOS="668" WIDTH="143" HEIGHT="23" WC="0.95" CONTENT="författares"/><SP WIDTH="25" VPOS="668" HPOS="780"/>
							<String ID="string_37" HPOS="805" VPOS="667" WIDTH="47" HEIGHT="23" WC="0.96" CONTENT="och"/>
						</TextLine>
						<TextLine ID="line_8" HPOS="317" VPOS="703" WIDTH="535" HEIGHT="23">
							<String ID="string_38" HPOS="317" VPOS="703" WIDTH="132" HEIGHT="22" WC="0.96" CONTENT="konstnärs"/><SP WIDTH="23" VPOS="703" HPOS="449"/>
							<String ID="string_39" HPOS="472" VPOS="704" WIDTH="50" HEIGHT="22" WC="0.96" CONTENT="rätt"/><SP WIDTH="14" VPOS="704" HPOS="522"/>
							<String ID="string_40" HPOS="536" VPOS="704" WIDTH="42" HEIGHT="22" WC="0.96" CONTENT="till"/><SP WIDTH="15" VPOS="704" HPOS="578"/>
							<String ID="string_41" HPOS="593" VPOS="704" WIDTH="75" HEIGHT="22" WC="0.96" CONTENT="alster"/><SP WIDTH="14" VPOS="704" HPOS="668"/>
							<String ID="string_42" HPOS="682" VPOS="704" WIDTH="28" HEIGHT="22" WC="0.96" CONTENT="af"/><SP WIDTH="14" VPOS="704" HPOS="710"/>
							<String ID="string_43" HPOS="724" VPOS="704" WIDTH="39" HEIGHT="21" WC="0.93" CONTENT="sin"/><SP WIDTH="19" VPOS="704" HPOS="763"/>
							<String ID="string_44" HPOS="782" VPOS="703" WIDTH="70" HEIGHT="22" WC="0.92" CONTENT="värk-"/>
						</TextLine>
						<TextLine ID="line_9" HPOS="315" VPOS="739" WIDTH="102" HEIGHT="23">
							<String ID="string_45" HPOS="315" VPOS="739" WIDTH="102" HEIGHT="23" WC="0.96" CONTENT="samhet."/>
						</TextLine>
					</TextBlock>
				</ComposedBlock>
				<ComposedBlock ID="cblock_2" HPOS="100" VPOS="811" WIDTH="753" HEIGHT="111">
					<TextBlock ID="block_2" HPOS="100" VPOS="811" WIDTH="753" HEIGHT="111">
						<TextLine ID="line_10" HPOS="100" VPOS="811" WIDTH="753" HEIGHT="23">
							<String ID="string_46" HPOS="100" VPOS="812" WIDTH="144" HEIGHT="22" WC="0.92" CONTENT="(Ridderskapet"/><SP WIDTH="16" VPOS="812" HPOS="244"/>
							<String ID="string_47" HPOS="260" VPOS="811" WIDTH="34" HEIGHT="18" WC="0.93" CONTENT="och"/><SP WIDTH="17" VPOS="811" HPOS="294"/>
							<String ID="string_48" HPOS="311" VPOS="811" WIDTH="59" HEIGHT="18" WC="0.90" CONTENT="Adeln"/><SP WIDTH="12" VPOS="811" HPOS="370"/>
							<String ID="string_49" HPOS="382" VPOS="821" WIDTH="22" HEIGHT="3" WC="0.92" CONTENT="—"/><SP WIDTH="14" VPOS="821" HPOS="404"/>
							<String ID="string_50" HPOS="418" VPOS="811" WIDTH="188" HEIGHT="18" WC="0.90" CONTENT="Petitionsmemorial"/><SP WIDTH="17" VPOS="811" HPOS="606"/>
							<String ID="string_51" HPOS="623" VPOS="811" WIDTH="34" HEIGHT="18" WC="0.96" CONTENT="N:o"/><SP WIDTH="19" VPOS="811" HPOS="657"/>
							<String ID="string_52" HPOS="676" VPOS="812" WIDTH="27" HEIGHT="17" WC="0.92" CONTENT="19."/><SP WIDTH="17" VPOS="812" HPOS="703"/>
							<String ID="string_53" HPOS="720" VPOS="812" WIDTH="133" HEIGHT="22" WC="0.92" CONTENT="Borgarestån-"/>
						</TextLine>
						<TextLine ID="line_11" HPOS="148" VPOS="840" WIDTH="654" HEIGHT="24">
							<String ID="string_54" HPOS="148" VPOS="841" WIDTH="32" HEIGHT="18" WC="0.93" CONTENT="det"/><SP WIDTH="13" VPOS="841" HPOS="180"/>
							<String ID="string_55" HPOS="193" VPOS="851" WIDTH="21" HEIGHT="3" WC="0.90" CONTENT="—"/><SP WIDTH="17" VPOS="851" HPOS="214"/>
							<String ID="string_56" HPOS="231" VPOS="840" WIDTH="188" HEIGHT="18" WC="0.90" CONTENT="Petitionsmemorial"/><SP WIDTH="16" VPOS="840" HPOS="419"/>
							<String ID="string_57" HPOS="435" VPOS="840" WIDTH="33" HEIGHT="18" WC="0.96" CONTENT="N:o"/><SP WIDTH="18" VPOS="840" HPOS="468"/>
							<String ID="string_58" HPOS="486" VPOS="841" WIDTH="28" HEIGHT="18" WC="0.92" CONTENT="19."/><SP WIDTH="26" VPOS="841" HPOS="514"/>
							<String ID="string_59" HPOS="540" VPOS="841" WIDTH="134" HEIGHT="23" WC="0.92" CONTENT="Ridderskapet"/><SP WIDTH="18" VPOS="841" HPOS="674"/>
							<String ID="string_60" HPOS="692" VPOS="841" WIDTH="34" HEIGHT="18" WC="0.93" CONTENT="och"/><SP WIDTH="17" VPOS="841" HPOS="726"/>
							<String ID="string_61" HPOS="743" VPOS="840" WIDTH="59" HEIGHT="18" WC="0.93" CONTENT="Adeln"/>
						</TextLine>
						<TextLine ID="line_12" HPOS="214" VPOS="870" WIDTH="530" HEIGHT="24">
							<String ID="string_62" HPOS="214" VPOS="881" WIDTH="21" HEIGHT="2" WC="0.92" CONTENT="—"/><SP WIDTH="13" VPOS="881" HPOS="235"/>
							<String ID="string_63" HPOS="248" VPOS="870" WIDTH="188" HEIGHT="18" WC="0.92" CONTENT="Petitionsmemorial"/><SP WIDTH="13" VPOS="870" HPOS="436"/>
							<String ID="string_64" HPOS="449" VPOS="870" WIDTH="34" HEIGHT="18" WC="0.95" CONTENT="N:o"/><SP WIDTH="16" VPOS="870" HPOS="483"/>
							<String ID="string_65" HPOS="499" VPOS="872" WIDTH="29" HEIGHT="16" WC="0.93" CONTENT="20."/><SP WIDTH="25" VPOS="872" HPOS="528"/>
							<String ID="string_66" HPOS="553" VPOS="871" WIDTH="157" HEIGHT="23" WC="0.90" CONTENT="Borgareståndet"/><SP WIDTH="14" VPOS="871" HPOS="710"/>
							<String ID="string_67" HPOS="724" VPOS="881" WIDTH="20" HEIGHT="3" WC="0.90" CONTENT="—"/>
						</TextLine>
						<TextLine ID="line_13" HPOS="335" VPOS="900" WIDTH="285" HEIGHT="22">
							<String ID="string_68" HPOS="335" VPOS="900" WIDTH="191" HEIGHT="19" WC="0.91" CONTENT="Petitionsmemorial"/><SP WIDTH="12" VPOS="900" HPOS="526"/>
							<String ID="string_69" HPOS="538" VPOS="901" WIDTH="33" HEIGHT="18" WC="0.95" CONTENT="N:o"/><SP WIDTH="13" VPOS="901" HPOS="571"/>
							<String ID="string_70" HPOS="584" VPOS="902" WIDTH="36" HEIGHT="20" WC="0.95" CONTENT="37)."/>
						</TextLine>
					</TextBlock>
				</ComposedBlock>
				<ComposedBlock ID="cblock_3" HPOS="100" VPOS="962" WIDTH="756" HEIGHT="455">
					<TextBlock ID="block_3" HPOS="100" VPOS="962" WIDTH="754" HEIGHT="97">
						<TextLine ID="line_14" HPOS="172" VPOS="962" WIDTH="682" HEIGHT="26">
							<String ID="string_71" HPOS="172" VPOS="962" WIDTH="160" HEIGHT="25" WC="0.91" CONTENT="Ridderskapet"/><SP WIDTH="24" VPOS="962" HPOS="332"/>
							<String ID="string_72" HPOS="356" VPOS="962" WIDTH="41" HEIGHT="20" WC="0.93" CONTENT="och"/><SP WIDTH="15" VPOS="962" HPOS="397"/>
							<String ID="string_73" HPOS="412" VPOS="962" WIDTH="73" HEIGHT="20" WC="0.91" CONTENT="Adeln"/><SP WIDTH="16" VPOS="962" HPOS="485"/>
							<String ID="string_74" HPOS="501" VPOS="964" WIDTH="58" HEIGHT="18" WC="0.93" CONTENT="samt"/><SP WIDTH="15" VPOS="964" HPOS="559"/>
							<String ID="string_75" HPOS="574" VPOS="962" WIDTH="187" HEIGHT="26" WC="0.90" CONTENT="Borgareståndet"/><SP WIDTH="15" VPOS="962" HPOS="761"/>
							<String ID="string_76" HPOS="776" VPOS="962" WIDTH="30" HEIGHT="20" WC="0.96" CONTENT="ha"/><SP WIDTH="16" VPOS="962" HPOS="806"/>
							<String ID="string_77" HPOS="822" VPOS="962" WIDTH="32" HEIGHT="19" WC="0.96" CONTENT="till"/>
						</TextLine>
						<TextLine ID="line_15" HPOS="101" VPOS="997" WIDTH="753" HEIGHT="27">
							<String ID="string_78" HPOS="101" VPOS="998" WIDTH="121" HEIGHT="20" WC="0.91" CONTENT="Allmänna"/><SP WIDTH="25" VPOS="998" HPOS="222"/>
							<String ID="string_79" HPOS="247" VPOS="998" WIDTH="220" HEIGHT="24" WC="0.91" CONTENT="petitionsutskottets"/><SP WIDTH="31" VPOS="998" HPOS="467"/>
							<String ID="string_80" HPOS="498" VPOS="998" WIDTH="136" HEIGHT="26" WC="0.93" CONTENT="behandling"/><SP WIDTH="30" VPOS="998" HPOS="634"/>
							<String ID="string_81" HPOS="664" VPOS="997" WIDTH="121" HEIGHT="25" WC="0.91" CONTENT="hänskjutit"/><SP WIDTH="25" VPOS="997" HPOS="785"/>
							<String ID="string_82" HPOS="810" VPOS="998" WIDTH="44" HEIGHT="19" WC="0.92" CONTENT="sär-"/>
						</TextLine>
						<TextLine ID="line_16" HPOS="100" VPOS="1033" WIDTH="694" HEIGHT="26">
							<String ID="string_83" HPOS="100" VPOS="1033" WIDTH="73" HEIGHT="20" WC="0.92" CONTENT="skilda"/><SP WIDTH="15" VPOS="1033" HPOS="173"/>
							<String ID="string_84" HPOS="188" VPOS="1033" WIDTH="32" HEIGHT="20" WC="0.93" CONTENT="till"/><SP WIDTH="16" VPOS="1033" HPOS="220"/>
							<String ID="string_85" HPOS="236" VPOS="1033" WIDTH="70" HEIGHT="26" WC="0.92" CONTENT="sagda"/><SP WIDTH="16" VPOS="1033" HPOS="306"/>
							<String ID="string_86" HPOS="322" VPOS="1033" WIDTH="69" HEIGHT="20" WC="0.92" CONTENT="Ständ"/><SP WIDTH="16" VPOS="1033" HPOS="391"/>
							<String ID="string_87" HPOS="407" VPOS="1033" WIDTH="86" HEIGHT="26" WC="0.92" CONTENT="ingifna"/><SP WIDTH="15" VPOS="1033" HPOS="493"/>
							<String ID="string_88" HPOS="508" VPOS="1033" WIDTH="188" HEIGHT="26" WC="0.91" CONTENT="petitionsförslag"/><SP WIDTH="15" VPOS="1033" HPOS="696"/>
							<String ID="string_89" HPOS="711" VPOS="1034" WIDTH="83" HEIGHT="22" WC="0.92" CONTENT="därom,"/>
						</TextLine>
					</TextBlock>
					<TextBlock ID="block_4" HPOS="100" VPOS="1069" WIDTH="756" HEIGHT="348">
						<TextLine ID="line_17" HPOS="176" VPOS="1069" WIDTH="678" HEIGHT="25">
							<String ID="string_90" HPOS="176" VPOS="1070" WIDTH="20" HEIGHT="24" WC="0.96" CONTENT="1)"/><SP WIDTH="16" VPOS="1070" HPOS="196"/>
							<String ID="string_91" HPOS="212" VPOS="1070" WIDTH="32" HEIGHT="19" WC="0.96" CONTENT="att"/><SP WIDTH="14" VPOS="1070" HPOS="244"/>
							<String ID="string_92" HPOS="258" VPOS="1070" WIDTH="63" HEIGHT="19" WC="0.93" CONTENT="Hans"/><SP WIDTH="16" VPOS="1070" HPOS="321"/>
							<String ID="string_93" HPOS="337" VPOS="1069" WIDTH="124" HEIGHT="25" WC="0.92" CONTENT="Kejserliga"/><SP WIDTH="15" VPOS="1069" HPOS="461"/>
							<String ID="string_94" HPOS="476" VPOS="1070" WIDTH="104" HEIGHT="24" WC="0.91" CONTENT="Majestät"/><SP WIDTH="15" VPOS="1070" HPOS="580"/>
							<String ID="string_95" HPOS="595" VPOS="1070" WIDTH="85" HEIGHT="20" WC="0.90" CONTENT="täcktes"/><SP WIDTH="14" VPOS="1070" HPOS="680"/>
							<String ID="string_96" HPOS="694" VPOS="1070" WIDTH="46" HEIGHT="19" WC="0.91" CONTENT="läta"/><SP WIDTH="15" VPOS="1070" HPOS="740"/>
							<String ID="string_97" HPOS="755" VPOS="1069" WIDTH="99" HEIGHT="25" WC="0.91" CONTENT="uppgöra"/>
						</TextLine>
						<TextLine ID="line_18" HPOS="100" VPOS="1104" WIDTH="754" HEIGHT="26">
							<String ID="string_98" HPOS="100" VPOS="1105" WIDTH="43" HEIGHT="19" WC="0.94" CONTENT="och"/><SP WIDTH="9" VPOS="1105" HPOS="143"/>
							<String ID="string_99" HPOS="152" VPOS="1110" WIDTH="81" HEIGHT="20" WC="0.93" CONTENT="genom"/><SP WIDTH="11" VPOS="1110" HPOS="233"/>
							<String ID="string_100" HPOS="244" VPOS="1105" WIDTH="68" HEIGHT="25" WC="0.92" CONTENT="nädig"/><SP WIDTH="12" VPOS="1105" HPOS="312"/>
							<String ID="string_101" HPOS="324" VPOS="1105" WIDTH="134" HEIGHT="25" WC="0.93" CONTENT="proposition"/><SP WIDTH="11" VPOS="1105" HPOS="458"/>
							<String ID="string_102" HPOS="469" VPOS="1104" WIDTH="114" HEIGHT="26" WC="0.92" CONTENT="förelägga"/><SP WIDTH="11" VPOS="1104" HPOS="583"/>
							<String ID="string_103" HPOS="594" VPOS="1104" WIDTH="260" HEIGHT="21" WC="0.92" CONTENT="nästsammanträdande"/>
						</TextLine>
						<TextLine ID="line_19" HPOS="101" VPOS="1140" WIDTH="754" HEIGHT="26">
							<String ID="string_104" HPOS="101" VPOS="1140" WIDTH="96" HEIGHT="21" WC="0.91" CONTENT="Ständer"/><SP WIDTH="22" VPOS="1140" HPOS="197"/>
							<String ID="string_105" HPOS="219" VPOS="1142" WIDTH="31" HEIGHT="19" WC="0.96" CONTENT="ett"/><SP WIDTH="23" VPOS="1142" HPOS="250"/>
							<String ID="string_106" HPOS="273" VPOS="1140" WIDTH="126" HEIGHT="26" WC="0.93" CONTENT="lagförslag,"/><SP WIDTH="17" VPOS="1140" HPOS="399"/>
							<String ID="string_107" HPOS="416" VPOS="1140" WIDTH="152" HEIGHT="21" WC="0.91" CONTENT="innefattande"/><SP WIDTH="16" VPOS="1140" HPOS="568"/>
							<String ID="string_108" HPOS="584" VPOS="1141" WIDTH="70" HEIGHT="20" WC="0.92" CONTENT="sädan"/><SP WIDTH="16" VPOS="1141" HPOS="654"/>
							<String ID="string_109" HPOS="670" VPOS="1141" WIDTH="94" HEIGHT="25" WC="0.96" CONTENT="ändring"/><SP WIDTH="15" VPOS="1141" HPOS="764"/>
							<String ID="string_110" HPOS="779" VPOS="1140" WIDTH="25" HEIGHT="20" WC="0.93" CONTENT="af"/><SP WIDTH="12" VPOS="1140" HPOS="804"/>
							<String ID="string_111" HPOS="816" VPOS="1142" WIDTH="39" HEIGHT="18" WC="0.91" CONTENT="nä-"/>
						</TextLine>
						<TextLine ID="line_20" HPOS="101" VPOS="1175" WIDTH="754" HEIGHT="27">
							<String ID="string_112" HPOS="101" VPOS="1177" WIDTH="53" HEIGHT="25" WC="0.91" CONTENT="diga"/><SP WIDTH="23" VPOS="1177" HPOS="154"/>
							<String ID="string_113" HPOS="177" VPOS="1176" WIDTH="158" HEIGHT="26" WC="0.96" CONTENT="förordningen"/><SP WIDTH="25" VPOS="1176" HPOS="335"/>
							<String ID="string_114" HPOS="360" VPOS="1177" WIDTH="43" HEIGHT="20" WC="0.96" CONTENT="den"/><SP WIDTH="25" VPOS="1177" HPOS="403"/>
							<String ID="string_115" HPOS="428" VPOS="1179" WIDTH="25" HEIGHT="17" WC="0.96" CONTENT="15"/><SP WIDTH="22" VPOS="1179" HPOS="453"/>
							<String ID="string_116" HPOS="475" VPOS="1182" WIDTH="60" HEIGHT="15" WC="0.95" CONTENT="mars"/><SP WIDTH="26" VPOS="1182" HPOS="535"/>
							<String ID="string_117" HPOS="561" VPOS="1178" WIDTH="55" HEIGHT="19" WC="0.93" CONTENT="1880"/><SP WIDTH="25" VPOS="1178" HPOS="616"/>
							<String ID="string_118" HPOS="641" VPOS="1176" WIDTH="116" HEIGHT="26" WC="0.93" CONTENT="angående"/><SP WIDTH="24" VPOS="1176" HPOS="757"/>
							<String ID="string_119" HPOS="781" VPOS="1175" WIDTH="74" HEIGHT="21" WC="0.92" CONTENT="förfat-"/>
						</TextLine>
						<TextLine ID="line_21" HPOS="101" VPOS="1212" WIDTH="755" HEIGHT="22">
							<String ID="string_120" HPOS="101" VPOS="1214" WIDTH="59" HEIGHT="18" WC="0.92" CONTENT="tares"/><SP WIDTH="24" VPOS="1214" HPOS="160"/>
							<String ID="string_121" HPOS="184" VPOS="1213" WIDTH="41" HEIGHT="19" WC="0.91" CONTENT="och"/><SP WIDTH="24" VPOS="1213" HPOS="225"/>
							<String ID="string_122" HPOS="249" VPOS="1213" WIDTH="117" HEIGHT="20" WC="0.91" CONTENT="konstnärs"/><SP WIDTH="15" VPOS="1213" HPOS="366"/>
							<String ID="string_123" HPOS="381" VPOS="1213" WIDTH="45" HEIGHT="19" WC="0.96" CONTENT="rätt"/><SP WIDTH="15" VPOS="1213" HPOS="426"/>
							<String ID="string_124" HPOS="441" VPOS="1213" WIDTH="32" HEIGHT="19" WC="0.93" CONTENT="till"/><SP WIDTH="16" VPOS="1213" HPOS="473"/>
							<String ID="string_125" HPOS="489" VPOS="1213" WIDTH="67" HEIGHT="20" WC="0.92" CONTENT="alster"/><SP WIDTH="16" VPOS="1213" HPOS="556"/>
							<String ID="string_126" HPOS="572" VPOS="1212" WIDTH="24" HEIGHT="20" WC="0.96" CONTENT="af"/><SP WIDTH="13" VPOS="1212" HPOS="596"/>
							<String ID="string_127" HPOS="609" VPOS="1212" WIDTH="35" HEIGHT="20" WC="0.93" CONTENT="sin"/><SP WIDTH="14" VPOS="1212" HPOS="644"/>
							<String ID="string_128" HPOS="658" VPOS="1212" WIDTH="149" HEIGHT="22" WC="0.92" CONTENT="värksamhet,"/><SP WIDTH="17" VPOS="1212" HPOS="807"/>
							<String ID="string_129" HPOS="824" VPOS="1213" WIDTH="32" HEIGHT="18" WC="0.96" CONTENT="att"/>
						</TextLine>
						<TextLine ID="line_22" HPOS="102" VPOS="1247" WIDTH="753" HEIGHT="26">
							<String ID="string_130" HPOS="102" VPOS="1248" WIDTH="242" HEIGHT="25" WC="0.91" CONTENT="reproduktionsrätten"/><SP WIDTH="20" VPOS="1248" HPOS="344"/>
							<String ID="string_131" HPOS="364" VPOS="1249" WIDTH="33" HEIGHT="19" WC="0.93" CONTENT="till"/><SP WIDTH="24" VPOS="1249" HPOS="397"/>
							<String ID="string_132" HPOS="421" VPOS="1248" WIDTH="173" HEIGHT="20" WC="0.92" CONTENT="arkitektoniska"/><SP WIDTH="16" VPOS="1248" HPOS="594"/>
							<String ID="string_133" HPOS="610" VPOS="1249" WIDTH="42" HEIGHT="19" WC="0.93" CONTENT="och"/><SP WIDTH="16" VPOS="1249" HPOS="652"/>
							<String ID="string_134" HPOS="668" VPOS="1247" WIDTH="187" HEIGHT="21" WC="0.92" CONTENT="ornamentsteck-"/>
						</TextLine>
						<TextLine ID="line_23" HPOS="102" VPOS="1278" WIDTH="754" HEIGHT="32">
							<String ID="string_135" HPOS="102" VPOS="1284" WIDTH="87" HEIGHT="26" WC="0.92" CONTENT="ningar,"/><SP WIDTH="24" VPOS="1284" HPOS="189"/>
							<String ID="string_136" HPOS="213" VPOS="1284" WIDTH="202" HEIGHT="20" WC="0.91" CONTENT="konstindustriella"/><SP WIDTH="23" VPOS="1284" HPOS="415"/>
							<String ID="string_137" HPOS="438" VPOS="1278" WIDTH="179" HEIGHT="31" WC="0.92" CONTENT="kompositioner,"/><SP WIDTH="25" VPOS="1278" HPOS="617"/>
							<String ID="string_138" HPOS="642" VPOS="1284" WIDTH="107" HEIGHT="25" WC="0.92" CONTENT="originala"/><SP WIDTH="17" VPOS="1284" HPOS="749"/>
							<String ID="string_139" HPOS="766" VPOS="1283" WIDTH="90" HEIGHT="20" WC="0.92" CONTENT="dekora-"/>
						</TextLine>
						<TextLine ID="line_24" HPOS="101" VPOS="1318" WIDTH="754" HEIGHT="25">
							<String ID="string_140" HPOS="101" VPOS="1320" WIDTH="129" HEIGHT="20" WC="0.92" CONTENT="tionsmotiv"/><SP WIDTH="16" VPOS="1320" HPOS="230"/>
							<String ID="string_141" HPOS="246" VPOS="1322" WIDTH="58" HEIGHT="18" WC="0.93" CONTENT="samt"/><SP WIDTH="16" VPOS="1322" HPOS="304"/>
							<String ID="string_142" HPOS="320" VPOS="1320" WIDTH="99" HEIGHT="20" WC="0.92" CONTENT="mönster"/><SP WIDTH="13" VPOS="1320" HPOS="419"/>
							<String ID="string_143" HPOS="432" VPOS="1320" WIDTH="42" HEIGHT="20" WC="0.93" CONTENT="och"/><SP WIDTH="16" VPOS="1320" HPOS="474"/>
							<String ID="string_144" HPOS="490" VPOS="1320" WIDTH="108" HEIGHT="20" WC="0.92" CONTENT="modeller"/><SP WIDTH="14" VPOS="1320" HPOS="598"/>
							<String ID="string_145" HPOS="612" VPOS="1320" WIDTH="33" HEIGHT="19" WC="0.93" CONTENT="till"/><SP WIDTH="11" VPOS="1320" HPOS="645"/>
							<String ID="string_146" HPOS="656" VPOS="1318" WIDTH="122" HEIGHT="25" WC="0.90" CONTENT="konstslöjä"/><SP WIDTH="9" VPOS="1318" HPOS="778"/>
							<String ID="string_147" HPOS="787" VPOS="1320" WIDTH="68" HEIGHT="18" WC="0.92" CONTENT="mätte"/>
						</TextLine>
						<TextLine ID="line_25" HPOS="101" VPOS="1355" WIDTH="755" HEIGHT="26">
							<String ID="string_148" HPOS="101" VPOS="1356" WIDTH="89" HEIGHT="20" WC="0.92" CONTENT="tillhöra"/><SP WIDTH="16" VPOS="1356" HPOS="190"/>
							<String ID="string_149" HPOS="206" VPOS="1356" WIDTH="200" HEIGHT="25" WC="0.91" CONTENT="upphofsmannen,"/><SP WIDTH="17" VPOS="1356" HPOS="406"/>
							<String ID="string_150" HPOS="423" VPOS="1357" WIDTH="33" HEIGHT="19" WC="0.93" CONTENT="att"/><SP WIDTH="15" VPOS="1357" HPOS="456"/>
							<String ID="string_151" HPOS="471" VPOS="1356" WIDTH="107" HEIGHT="20" WC="0.92" CONTENT="konstnär"/><SP WIDTH="16" VPOS="1356" HPOS="578"/>
							<String ID="string_152" HPOS="594" VPOS="1356" WIDTH="83" HEIGHT="19" WC="0.91" CONTENT="erhölle"/><SP WIDTH="16" VPOS="1356" HPOS="677"/>
							<String ID="string_153" HPOS="693" VPOS="1355" WIDTH="116" HEIGHT="26" WC="0.96" CONTENT="möjlighet"/><SP WIDTH="15" VPOS="1355" HPOS="809"/>
							<String ID="string_154" HPOS="824" VPOS="1356" WIDTH="32" HEIGHT="18" WC="0.96" CONTENT="att"/>
						</TextLine>
						<TextLine ID="line_26" HPOS="100" VPOS="1390" WIDTH="756" HEIGHT="27">
							<String ID="string_155" HPOS="100" VPOS="1393" WIDTH="96" HEIGHT="19" WC="0.90" CONTENT="utvärka"/><SP WIDTH="22" VPOS="1393" HPOS="196"/>
							<String ID="string_156" HPOS="218" VPOS="1391" WIDTH="79" HEIGHT="21" WC="0.92" CONTENT="förbud"/><SP WIDTH="22" VPOS="1391" HPOS="297"/>
							<String ID="string_157" HPOS="319" VPOS="1393" WIDTH="48" HEIGHT="18" WC="0.93" CONTENT="mot"/><SP WIDTH="21" VPOS="1393" HPOS="367"/>
							<String ID="string_158" HPOS="388" VPOS="1391" WIDTH="115" HEIGHT="26" WC="0.91" CONTENT="spridning"/><SP WIDTH="23" VPOS="1391" HPOS="503"/>
							<String ID="string_159" HPOS="526" VPOS="1392" WIDTH="41" HEIGHT="19" WC="0.96" CONTENT="och"/><SP WIDTH="21" VPOS="1392" HPOS="567"/>
							<String ID="string_160" HPOS="588" VPOS="1390" WIDTH="130" HEIGHT="27" WC="0.96" CONTENT="försäljning"/><SP WIDTH="16" VPOS="1390" HPOS="718"/>
							<String ID="string_161" HPOS="734" VPOS="1390" WIDTH="25" HEIGHT="21" WC="0.93" CONTENT="af"/><SP WIDTH="13" VPOS="1390" HPOS="759"/>
							<String ID="string_162" HPOS="772" VPOS="1390" WIDTH="84" HEIGHT="20" WC="0.92" CONTENT="sädana"/>
						</TextLine>
					</TextBlock>
				</ComposedBlock>
				<ComposedBlock ID="cblock_4" HPOS="176" VPOS="1437" WIDTH="522" HEIGHT="25">
					<TextBlock ID="block_5" HPOS="176" VPOS="1437" WIDTH="522" HEIGHT="25">
						<TextLine ID="line_27" HPOS="176" VPOS="1437" WIDTH="522" HEIGHT="25">
							<String ID="string_163" HPOS="176" VPOS="1441" WIDTH="106" HEIGHT="18" WC="0.93" CONTENT="Allmänna"/><SP WIDTH="10" VPOS="1441" HPOS="282"/>
							<String ID="string_164" HPOS="292" VPOS="1438" WIDTH="183" HEIGHT="24" WC="0.90" CONTENT="petitionsutskottets"/><SP WIDTH="14" VPOS="1438" HPOS="475"/>
							<String ID="string_165" HPOS="489" VPOS="1438" WIDTH="117" HEIGHT="18" WC="0.96" CONTENT="betänkande"/><SP WIDTH="13" VPOS="1438" HPOS="606"/>
							<String ID="string_166" HPOS="619" VPOS="1437" WIDTH="38" HEIGHT="18" WC="0.96" CONTENT="N:o"/><SP WIDTH="12" VPOS="1437" HPOS="657"/>
							<String ID="string_167" HPOS="669" VPOS="1437" WIDTH="29" HEIGHT="18" WC="0.86" CONTENT="25."/>
						</TextLine>
					</TextBlock>
				</ComposedBlock>
			</PrintSpace>
		</Page>
	</Layout>
</alto>
