1023 1656
176 118 147 20 valmännens
344 118 60 19 krets
423 118 112 24 utvidgats
549 118 108 24 betydligt
671 118 87 20 utöfver
772 118 51 20 dess
838 118 91 24 tidigare

176 146 97 23 gränser.
302 145 107 24 Derjemte
431 145 39 19 har
487 150 28 14 en
530 145 136 19 tillväxande
681 144 99 25 bildning
795 146 69 24 spridt
878 145 50 24 poli-

175 172 56 19 tiskt
250 172 94 19 intresse
361 172 40 19 och
416 172 68 24 insigt
498 172 35 19 till
547 173 91 23 kretsar,
653 172 90 20 hvarest
757 172 65 20 dessa
837 172 91 24 tidigare

175 198 92 25 mycket
281 198 69 20 sällan
366 199 63 19 stodo
444 200 33 18 att
491 198 66 20 finna.
583 198 95 20 Sälunda
692 199 130 19 framträder
838 199 32 19 till
885 199 44 19 val-

176 231 70 14 urnan
262 231 29 14 nu
306 226 33 19 för
349 226 59 19 tiden
418 226 68 24 jemte
496 226 26 19 de
533 226 139 24 förmögnare
685 226 132 19 valmännen
828 226 32 19 ett
870 226 57 19 stort

175 253 61 19 antal
252 252 147 25 medborgare,
414 253 26 19 de
455 253 37 19 der
506 253 50 19 med
571 253 87 24 hänsyn
673 252 33 20 till
719 252 97 24 bildning
827 253 39 19 och
877 253 49 24 poli-

175 280 45 19 tisk
230 278 99 25 förmäga
339 281 37 18 äro
385 280 117 24 jemngoda
513 280 48 19 med
573 280 25 19 de
608 280 154 19 förstnämnda
772 280 40 19 och
823 280 103 19 stundom

177 306 126 20 ofverträffa
317 306 56 25 dem,
389 306 68 20 ehuru
472 307 26 19 de
513 307 49 19 med
578 306 103 20 afseende
696 305 13 20 ä
723 306 153 24 förmögenhet
890 308 36 18 äro

175 333 49 19 dem
239 333 152 24 underlägsna.
416 333 39 19 Att
469 334 37 19 det
522 334 91 19 oaktadt
627 334 26 19 de
668 333 143 25 stadganden,
826 338 49 15 som
885 333 39 19 till-

174 360 77 20 delade
261 360 26 20 de
297 360 114 24 förmögne
421 360 118 24 afgörande
550 360 90 20 makten
651 360 35 19 vid
697 360 115 20 städernas
822 360 104 24 politiska

174 387 43 25 val,
227 387 34 19 uti
276 387 237 24 landtdagsordningen
526 388 107 19 förblifvit
648 387 148 24 oförändrade,
812 389 23 17 är
845 392 27 14 en
883 392 42 14 om-

174 414 133 24 ständighet,
322 414 66 19 hvars
403 414 98 25 skadliga
516 414 76 25 följder
606 413 49 21 från
665 414 103 24 landtdag
778 414 33 19 till
822 414 104 24 landtdag

173 441 118 20 framträdt
305 441 40 20 allt
359 441 113 24 tydligare.

246 468 31 19 De
291 468 63 19 häraf
366 468 126 20 föranledda
506 467 223 20 missförhällandena
745 473 50 14 voro
811 467 25 20 sä
847 473 77 19 uppen-

174 495 52 19 bara
248 495 39 20 och
309 495 79 20 oredan
410 495 7 20 i
437 495 65 24 öfrigt
517 494 25 21 sä
557 496 51 22 stor,
623 495 34 19 att
671 495 122 19 Ständerna
808 495 66 19 redan
889 495 35 19 vid

175 522 52 19 1882
243 521 36 20 ärs
294 522 103 24 landtdag
411 522 134 24 ianledning
560 522 24 19 af
596 521 195 25 petitionsförslag,
802 527 47 14 som
861 521 63 20 fram-

173 549 66 19 stälts
260 549 23 19 af
300 549 182 25 representanter,
501 549 96 19 hörande
617 549 34 19 till
668 548 72 20 skilda
757 549 85 24 partier,
858 549 66 19 afläto

173 580 27 15 en
225 575 134 25 underdänig
383 576 97 24 petition,
504 576 89 19 hvilken
618 575 100 24 äsyftade
740 575 120 24 förklaring
884 575 39 20 och

173 602 94 25 ändring
285 603 22 19 af
325 603 238 24 landtdagsordningen
583 603 87 24 derhän,
689 603 34 18 att
738 602 48 24 ,vid
800 602 122 23 landtdags-

172 630 121 19 mannaval
307 630 7 19 i
329 629 104 20 Finlands
447 630 74 19 städer
535 635 27 14 en
573 628 128 25 gemensam
713 629 129 24 valordning
853 629 69 19 blefve

171 656 122 25 tillämpad,
303 657 88 19 hvilken
403 657 63 19 bland
477 657 70 19 annat
556 656 70 19 skulle
637 655 112 20 innehälla
759 656 164 23 bestämningar

172 682 114 25 angäende
306 683 40 20 den
365 684 84 19 minsta
467 682 69 25 ärliga
556 683 103 24 inkomst,
675 688 49 14 som
743 683 35 19 vid
794 681 79 21 sädant
887 683 35 19 val

171 710 112 19 medförde
298 711 98 23 rösträtt,
411 711 59 19 samt
484 709 114 25 angående
613 710 37 19 det
664 710 80 23 högsta
757 709 113 24 röstantal,
880 709 42 20 den

173 737 171 24 valberättigade
354 737 58 24 finge
421 736 119 21 använda.”
557 737 46 19 Med
614 736 118 24 anledning
742 736 64 19 häraf
814 736 106 19 förelades

171 764 36 19 vid
223 764 52 19 1885
290 763 35 20 års
335 764 104 24 landtdag
449 769 26 14 en
486 763 66 24 nådig
561 764 141 24 proposition,
715 763 33 20 uti
758 763 88 20 hvilken
858 763 64 19 bland

171 791 69 19 annat
264 791 113 24 föreslogs,
399 791 34 19 att
454 791 73 24 hvarje
549 791 88 19 valman
659 790 53 24 egde
731 789 86 24 åtnjuta
830 790 92 19 rösträtt

171 817 69 24 enligt
262 817 66 20 sådan
351 818 76 23 grund,
442 819 32 18 att
489 823 27 14 en
532 817 97 20 inkomst
644 817 23 20 af
680 817 40 19 800
734 817 62 19 mark
810 817 111 19 medförde

170 849 27 14 en
219 845 48 19 röst
288 845 39 19 och
342 845 74 24 hvarje
430 844 48 20 från
493 845 40 19 och
549 844 49 19 med
613 849 28 14 en
656 844 99 19 inkomst
768 843 24 20 af
805 843 39 20 800
858 843 63 20 mark

170 870 61 21 åsatt
245 871 97 20 skattöre
360 877 27 14 en
401 873 48 18 röst
463 871 56 20 ända
534 871 33 20 till
582 871 25 19 25
624 872 77 23 röster,
716 870 84 19 hvilket
817 875 51 15 vore
885 870 37 19 det

169 898 81 24 högsta
264 898 97 25 röstetal,
377 899 103 19 hvarmed
496 897 73 25 någon
579 898 54 23 egde
643 898 66 19 rösta.
734 897 37 19 Ett
782 897 139 24 gemensamt

169 925 164 20 ständerbeslut
353 925 52 20 kom
427 925 66 19 likväl
508 925 47 20 icke
570 925 34 19 till
621 924 64 20 stånd
701 924 41 19 och
756 923 77 24 frågan
847 924 74 19 förföll

169 951 94 20 sålunda
277 952 33 19 för
324 952 41 19 den
381 951 92 25 gången.

241 979 97 19 Derefter
356 979 40 19 'har
415 984 26 14 'en
456 979 87 24 rörelse,
558 977 117 25 åsyftande
690 978 33 19 ett
736 977 65 20 friare
816 977 40 20 och
870 977 51 19 rätt-

171 1005 70 20 visare
262 1005 87 25 valsätt,
365 1005 69 25 spridt
449 1005 33 24 sig
497 1005 34 20 till
545 1005 40 20 allt
600 1005 73 19 vidare
688 1005 84 18 kretsar
787 1004 39 19 och
842 1003 79 20 vunnit

168 1032 54 24 liflig
243 1033 135 23 anslutning.
407 1032 48 20 Men
477 1031 137 20 motståndet
634 1032 48 19 mot
695 1031 72 20 denna
781 1031 81 19 rörelse
881 1031 39 18 har

168 1059 66 20 äfven
257 1059 27 24 på
305 1059 50 20 flere
375 1058 44 21 håll
438 1059 72 20 blifvit
529 1059 105 19 starkare.
663 1057 96 20 Sålunda
778 1058 38 19 har
831 1057 7 19 i
852 1056 68 25 några

168 1086 74 19 städer
264 1086 41 19 den
323 1085 127 25 föråldrade,
470 1085 149 24 obegränsade
633 1085 126 20 röstskalan
775 1084 68 24 tagits
859 1084 6 19 i
880 1084 39 19 för-

167 1118 52 15 svar
233 1113 49 20 mot
295 1113 43 19 alla
352 1113 191 24 ändringsförsök;
557 1113 35 18 till
607 1112 40 19 och
662 1111 50 20 med
727 1112 39 19 har
781 1115 51 15 man
844 1111 31 19 uti
885 1111 33 19 ett

167 1145 39 19 par
227 1140 79 24 städer,
328 1140 90 19 hvarest
438 1140 121 19 rösträtten
579 1139 49 20 med
644 1138 49 20 stöd
709 1138 23 19 af
745 1138 40 19 och
800 1138 5 19 i
818 1137 101 24 enlighet

166 1167 50 19 med
239 1167 146 23 anvisningen
407 1167 33 19 uti
461 1166 252 24 landtdagsordningens
735 1165 26 19 12
768 1160 12 34 S
802 1164 72 20 blifvit
888 1164 30 19 in-

167 1193 100 25 skränkt,
281 1193 85 20 försökt
380 1192 118 21 återinföra
507 1193 42 19 den
560 1193 58 19 förra
627 1191 149 25 obegränsade
786 1191 131 20 röstskalan.

166 1220 33 20 En
221 1220 150 24 begränsning
392 1220 23 19 af
434 1220 120 19 rösträtten
576 1219 33 20 till
631 1219 60 24 lägre
712 1221 28 17 än
755 1218 26 19 25
795 1219 70 18 röster
879 1218 40 19 har

166 1247 113 20 härintills
293 1246 55 20 fåtts
362 1247 35 19 till
411 1246 65 21 stånd
490 1247 57 19 blott
561 1247 7 18 i
581 1246 93 24 ungefär
684 1250 27 15 en
722 1245 103 24 tredjedel
839 1245 23 19 af
875 1245 43 19 lan-

165 1273 50 20 dets
230 1274 79 19 städer.

239 1300 44 20 Och
305 1300 67 19 likväl
393 1300 67 20 hafva
474 1300 63 19 valen
553 1300 33 19 till
601 1299 105 24 samtliga
720 1298 128 24 landtdagar
863 1298 55 19 eftor

165 1326 24 20 är
211 1327 54 20 1885
285 1327 98 24 tydligen
405 1327 195 24 vidhandengifvit,
623 1327 34 19 att
677 1325 44 25 der,
736 1325 90 20 hvarest
841 1330 27 14 en
883 1324 34 19 del

164 1353 91 20 valmän
270 1359 41 19 ega
320 1355 62 23 tjugu
392 1353 82 25 gånger
484 1353 25 20 så
518 1353 81 24 många
609 1354 71 19 röster
690 1357 49 14 som
749 1352 73 23 andra,
833 1351 85 20 kunnat

164 1381 97 24 inträffa,
275 1381 33 19 att
329 1381 141 20 minoriteten
492 1381 23 19 af
535 1381 133 19 valmännen
691 1375 60 34 emot
763 1375 153 34 majoritetens
