1025 1656
281 110 279 24 Petitionsbetänkande
576 111 43 23 N:o
634 111 39 22 42.
847 114 12 18 5

104 182 54 21 idka
179 182 111 28 mängleri
306 182 51 21 med
374 182 96 28 nytjade
486 183 80 22 kläder
583 183 42 21 och
642 183 70 21 andra
728 182 133 29 begagnade

104 218 118 28 persedlar
237 225 29 14 m.
283 225 28 14 m.
329 218 119 22 äfvensom
464 221 34 19 att
514 218 75 22 drifva
605 218 85 22 handel
705 219 52 21 med
773 218 88 28 hvarje-

105 253 76 21 handa
196 253 90 28 ringare
297 254 74 26 kram;
382 254 42 21 och
436 254 141 22 förklaredes
588 261 83 21 genom
682 254 130 28 Kejserliga
822 253 39 22 Se-

104 290 82 20 natens
201 288 153 22 cirkulärbref
362 289 35 21 till
408 289 106 29 samtliga
526 292 140 26 guvernörer
677 289 27 22 af
713 292 27 18 15
752 289 108 21 Februari

108 326 56 20 1876
181 327 34 19 att
231 325 65 21 dessa
312 325 172 29 bestämningar
500 326 75 21 skulle
593 325 114 29 tillämpas
721 325 87 29 jämväl
824 325 37 21 be-

106 360 112 22 träffande
234 360 35 22 till
285 361 70 28 sagda
371 362 111 28 manskap
493 362 102 21 hörande
607 361 130 21 bekännare
748 360 26 22 af
782 361 79 21 mosai-

106 396 41 21 ska
162 396 117 22 trosläran.
311 396 140 29 Härigenom
468 397 59 21 hade
543 397 70 21 likväl
625 397 50 21 icke
686 396 175 29 lagstiftningen

106 432 117 28 angäende
247 432 97 28 judarne
370 432 8 21 i
397 432 71 29 öfrigt
488 433 125 28 undergätt
628 434 77 26 nägon
721 432 140 28 förändring,

107 470 56 19 utan
179 467 76 29 hafva,
271 470 73 19 säsom
356 468 26 21 af
390 468 129 28 äberopade
529 467 215 29 passförordningar
755 467 106 29 framgär,

109 504 28 20 de
153 504 96 21 rörande
267 504 50 21 dem
334 504 121 21 utfärdade
475 504 62 22 äldre
555 504 157 28 stadgandena
722 503 140 22 fortfarande

108 542 87 18 ansetts
213 539 142 29 tillämpliga.

179 576 80 20 Denna
286 575 110 29 judarnes
428 576 80 21 osäkra
535 576 110 28 ställning
668 576 41 20 har
736 574 126 22 emellertid

107 610 69 29 gifvit
192 611 123 28 anledning
331 611 35 21 till
383 611 111 21 särskilda
505 611 79 21 försök
595 613 34 19 att
640 612 138 20 härutinnan
790 611 72 21 ästad-

107 646 92 22 komma
219 654 28 14 en
267 646 133 29 förändring
416 646 35 22 till
468 647 38 21 det
522 647 81 21 bättre.
636 646 77 22 Sedan
728 646 81 28 frägan
825 653 37 14 om

108 682 127 22 ordnandet
259 682 26 22 af
302 682 110 29 judarnes
433 682 110 29 ställning
565 690 82 21 genom
670 690 28 14 en
714 682 97 29 petition
826 682 36 21 till

109 720 57 19 1872
190 720 35 19 ärs
251 718 109 28 landtdag
384 718 97 21 kommit
504 720 29 26 pä
557 718 180 29 dagordningen,
754 718 40 21 har
810 718 53 21 den-

108 760 85 14 samma
220 754 127 21 sedermera
370 754 39 21 vid
432 754 55 20 flere
511 754 136 28 landtdagar
670 754 8 20 i
702 756 75 26 någon
802 753 58 22 form

107 789 60 21 varit
190 789 95 22 föremål
309 789 35 22 för
368 790 133 21 ständernas
528 790 146 28 behandling,
691 797 52 13 men
759 791 55 19 utan
830 792 34 18 att

110 827 30 26 pä
156 826 75 20 denna
246 828 45 26 väg
306 826 52 20 leda
374 825 36 21 till
426 828 70 26 nägot
512 825 97 29 positivt
624 826 103 20 resultat.
754 825 53 21 Med
818 825 46 31 lika

110 861 56 21 liten
189 861 120 29 framgång
333 861 69 22 hafva
427 861 78 22 försök
530 862 73 28 gjorts
625 864 34 18 att
674 862 7 20 i
698 861 166 22 administrativ

110 900 45 26 väg
171 897 112 22 förbättra
296 898 110 28 judarnes
418 898 115 28 ställning.
558 897 101 22 Sälunda
670 897 76 22 beslöt
758 897 105 26 Senaten,

111 933 70 21 sedan
204 941 28 13 en
256 936 23 18 år
304 936 57 18 1884
384 934 83 21 tillsatt
491 934 86 20 komit6
593 933 111 21 inlemnat
720 933 143 21 betänkande

111 969 42 21 och
177 969 86 29 förslag
286 970 117 28 angäende
426 970 105 21 vilkoren
555 969 35 22 för
611 969 81 29 judars
713 968 92 22 vistelse
822 968 41 22 och

111 1004 133 29 bosättning
266 1005 8 21 i
297 1005 105 26 Finland,
427 1008 35 19 att
477 1005 36 21 till
529 1005 64 21 Hans
610 1005 130 28 Kejserliga
756 1004 109 28 Majestät

111 1041 53 28 ingä
187 1041 52 21 med
263 1041 135 21 hemställan
415 1048 36 14 om
468 1041 114 21 aflätande
599 1040 26 21 af
637 1041 70 28 nädig
722 1039 142 29 proposition

111 1076 35 21 till
171 1077 120 20 ständerna
315 1077 52 20 med
388 1076 87 29 förslag
491 1077 36 20 till
543 1076 38 29 lag
596 1077 7 20 i
620 1076 83 28 antydt
720 1075 67 28 syfte.
819 1074 46 22 Vid

111 1112 163 29 föredragning
297 1112 26 21 af
340 1113 71 28 sagda
427 1112 137 21 hemställan
580 1112 58 21 hade
655 1111 63 22 Hans
734 1111 131 28 Kejserliga

111 1147 115 29 Majestät,
251 1148 72 28 enligt
344 1147 26 22 af
384 1147 221 22 Statssekreteraren
622 1147 35 22 för
673 1147 98 22 Finland
788 1147 77 20 derom

111 1183 35 22 till
163 1183 243 28 Generalguvernören
429 1183 84 22 afläten
529 1183 120 21 skrifvelse
666 1183 26 21 af
705 1183 44 21 den
766 1184 27 19 20
809 1182 56 21 Juni

113 1219 150 21 1887
172 1215 9 36 *
190 1219 73 21 funnit
279 1219 48 21 skäl
344 1219 50 21 icke
410 1219 143 22 förekomma
569 1222 35 18 att
618 1219 6 21 i
636 1219 166 21 vidsträcktare
813 1219 53 19 män

111 1258 29 19 än
164 1255 82 21 dittills
270 1255 83 22 bereda
376 1255 114 21 mosaiska
515 1255 178 21 trosbekännare
713 1253 100 22 tillträde
830 1253 35 20 till

111 1291 79 21 landet
213 1293 64 24 samt,
301 1291 27 20 dä
353 1293 77 26 nägon
453 1291 98 20 särskild
574 1289 239 30 lagstiftningsätgärd
829 1289 37 21 be-

112 1327 111 21 träffande
247 1326 8 21 i
278 1326 96 21 Finland
399 1326 106 21 vistande
527 1326 69 28 judar
611 1326 50 21 icke
678 1327 79 26 syntes
773 1332 54 13 vara
843 1323 26 22 af

112 1362 224 28 omständigheterna
352 1362 115 28 päkallad,
484 1361 119 22 förordnat
619 1363 34 19 att
669 1361 81 28 frägan
762 1367 36 14 om
809 1359 57 22 före-

111 1397 113 28 läggande
241 1397 26 21 af
279 1397 143 28 proposition
438 1397 6 21 i
462 1399 77 19 ämnet
555 1397 73 21 skulle
645 1396 97 22 förfalla.

183 1445 128 23 Lagutskotlets
324 1445 107 17 betänkande
444 1445 37 17 N:o
495 1445 17 17 8.
