1031 1653
317 118 258 24 Petitionsbetänkande
591 119 37 24 N:o
646 120 34 23 63.

419 435 275 24 Ekonomiutskottets
716 436 167 23 betänkande

348 472 36 23 N:o
400 472 31 22 28
448 472 6 21 i
468 472 110 28 anledning
605 472 27 23 af
650 473 32 22 ett
700 473 5 22 i
725 471 159 24 Bondeståndet

346 507 118 23 framställt
498 508 185 28 petitionsförslag
712 507 110 29 angående
854 509 29 21 in-

348 544 109 22 rättandet
474 543 26 23 af
512 549 26 17 en
549 544 147 28 transportled
707 543 35 23 för
753 544 63 22 stock
828 543 54 24 ifrån

347 579 202 28 Saimavattendrag
575 580 31 22 till
627 579 156 29 Kymmeneelfs
800 580 82 23 vatten-

347 616 89 26 system.

205 650 148 22 Omförmälda
369 650 183 29 petitionsförslag
568 650 38 22 har
621 650 23 22 af
654 650 162 23 Bondeståndet
832 651 51 21 hän-

133 686 86 29 skjutits
235 686 32 22 till
283 686 128 28 behandling
426 686 23 22 af
464 686 219 22 Ekonomiutskottet.

205 788 39 22 Ett
260 787 213 29 anmärkningsvärdt
489 788 179 27 sakförhållande,
683 796 46 15 som
745 789 65 22 redan
821 789 62 28 länge

134 825 102 29 tilldragit
252 825 32 28 sig
300 825 188 28 uppmärksamhet
503 825 23 22 af
542 825 26 21 de
584 832 108 21 personer,
705 832 45 15 som
763 825 85 22 beröras
861 824 23 22 af

136 861 123 26 detsamma,
275 862 23 20 är
313 861 111 22 skilnaden
440 861 77 22 mellan
533 861 135 28 stockprisen
680 861 30 21 uti
722 862 57 20 östra
791 861 91 21 Finland

134 897 40 22 och
197 896 69 29 öfriga
289 896 58 22 delar
370 897 22 21 af
413 896 78 22 landet.
526 897 169 21 Petitionärerna
716 896 118 27 framhålla,
852 899 32 19 att

134 933 62 28 kring
215 932 108 22 trakterna
342 932 23 22 af
385 932 87 29 Päijäne
488 935 154 26 vattensystem
659 932 69 22 skulle
744 932 81 22 betalas
842 934 12 20 3
871 934 13 19 &

135 970 13 19 4
164 968 80 28 gånger
260 968 111 28 mera”per
386 971 54 19 stam
457 970 26 19 än
499 969 7 20 i
523 969 107 21 trakterna
641 969 63 27 kring
716 968 72 22 Saima
799 971 84 19 vatten-

132 1006 88 26 system.
241 1003 139 29 Riktigheten
396 1004 24 21 af
434 1005 176 28 petitionärernas
627 1004 87 29 uppgift
730 1003 38 22 har
779 1003 105 22 utskottet

132 1039 48 22 icke
196 1040 57 21 varit
269 1040 7 21 i
292 1039 83 22 tillfälle
390 1042 32 19 att
437 1039 136 28 kontrollera,
588 1047 49 14 men
655 1040 48 22 med
721 1039 99 22 säkerhet
840 1042 43 19 tor-

132 1075 27 22 de
180 1075 73 22 kunna
272 1078 93 26 antagas,
383 1078 31 19 att
438 1075 159 30 stockpriserna
614 1076 63 27 kring
692 1076 88 28 Päijäne
796 1078 87 19 vattnen

132 1111 35 22 väl
182 1113 37 20 äro
235 1111 89 22 dubbelt
340 1112 64 28 högre
421 1113 26 20 än
470 1111 62 29 kring
554 1112 71 21 Saima
645 1114 162 26 vattensystem.
838 1111 46 22 Gu-

133 1149 103 20 vernören
260 1147 62 22 öfver
343 1147 88 29 Kuopio
453 1148 35 21 län
512 1148 117 29 uppgifver
644 1149 7 20 i
667 1148 32 21 sin
719 1147 113 22 berättelse
850 1147 34 22 för

132 1183 23 22 år
172 1185 64 25 1891,
252 1186 31 19 att
299 1185 67 27 priset
376 1184 34 21 för
426 1184 122 28 sågtimmer
559 1185 7 20 i
576 1184 89 29 Kuopio
676 1184 33 21 län
724 1184 18 28 ej
756 1183 128 29 öfverstiger

132 1221 28 20 20
184 1221 65 27 penni
271 1227 38 22 per
331 1220 106 27 kubikfot,
459 1220 76 21 medan
558 1221 67 28 priset
648 1221 5 20 i
668 1220 66 21 Wasa
750 1219 35 22 län
801 1219 82 29 uppgår

132 1255 32 22 till
179 1257 28 20 45
224 1257 13 20 a
252 1257 28 20 46
294 1256 37 27 1/10
347 1257 65 28 penni
428 1256 33 21 för
477 1263 79 14 samma
573 1255 58 22 mått.
656 1255 31 22 Af
702 1255 180 29 Forststyrelsens

134 1294 85 19 senaste
231 1291 115 22 berättelse
358 1292 148 22 innefattande
517 1292 45 21 året
572 1293 57 20 1894
638 1291 99 29 framgår,
745 1293 32 20 att
784 1291 36 22 vid
830 1299 52 14 sam-

132 1334 34 14 ma
181 1327 34 21 års
231 1327 186 22 virkesauktioner
433 1327 108 22 betalades
557 1328 35 20 för
607 1327 122 29 sågtimmer
744 1327 49 21 från
805 1327 76 21 krono-

131 1363 105 27 skogarne
252 1364 7 20 i
276 1363 65 22 Wasa
354 1364 35 20 län
404 1363 48 21 från
469 1364 12 20 5
498 1364 32 21 till
553 1365 5 19 7
577 1363 59 22 mark
648 1370 38 22 per
697 1365 54 20 stam
762 1362 77 22 medan
850 1362 34 22 för

132 1400 84 28 timmer
231 1398 48 22 från
295 1399 89 28 Kuopio
395 1399 34 21 län
443 1399 76 22 endast
530 1399 89 22 betaltes
630 1399 49 21 från
690 1400 12 20 2
714 1399 32 21 till
758 1400 14 21 4
785 1398 59 22 mark
856 1399 27 21 50

203 1441 183 20 Ekonomiutskottets
399 1441 111 18 betänkande
524 1441 34 18 N:o
567 1441 29 18 28.
