1039 1656
176 147 13 20 4
305 147 82 23 Ständ.
405 148 53 23 Pet.
478 161 23 3 —
519 148 173 24 Petitionsbet.
708 149 43 23 N:o
767 149 38 23 36.

176 216 142 27 ningsmedel
337 224 53 15 vore
406 218 85 27 nödigt.
517 219 50 26 Nya
584 219 86 20 sådana
686 219 84 26 skolor,
786 219 105 27 förtjenta
906 219 26 20 af

176 251 144 27 statsbidrag,
343 252 80 21 kunna
445 253 37 20 väl
505 253 91 28 uppstå,
619 260 52 14 men
688 253 29 21 då
733 253 66 21 äfven
815 253 117 27 möjlighet

176 285 124 27 föreligger,
323 288 32 19 att
373 287 75 26 någon
468 287 24 21 af
509 287 27 21 de
553 294 31 14 nu
600 287 142 22 existerande
758 287 109 21 skolorna
883 294 48 14 om-

176 319 75 22 bildas
270 320 33 21 till
325 321 161 22 landtmanna-
503 322 44 21 och
563 322 211 27 husmodersskola,
790 323 42 20 har
848 324 30 19 ett
894 329 38 14 an-

176 354 49 27 slag
240 355 35 20 för
291 355 45 21 åtta
352 355 78 22 skolor
446 358 84 19 ansetts
546 363 55 14 vara
616 355 33 22 till
666 357 71 26 fylles.

245 389 128 22 Ständerna
392 390 69 21 hafva
480 391 78 20 därför
573 391 92 21 beslutit
680 393 32 18 att
728 391 34 20 för
777 390 154 21 instundande

176 423 165 28 budgetperiod
369 424 83 28 bevilja
480 425 34 21 till
540 425 60 21 detta
626 425 109 21 ändamål
763 425 169 26 sammanlagdt

176 457 78 27 24,000
277 459 66 20 mark
366 459 35 21 för
423 459 31 27 år,
476 467 28 13 ur
526 459 79 22 hvilka
628 459 73 22 medel
718 459 124 21 understöd
858 459 74 21 skulle

176 492 99 26 utgifvas
301 493 22 20 åt
346 493 27 21 de
396 493 181 28 folkhögskolor,
602 501 50 14 som
674 500 82 21 genom
779 496 63 19 arten
858 493 25 22 af
896 493 35 22 sin

176 526 165 28 undervisning
355 528 44 21 och
414 533 82 22 genom
512 531 31 18 ett
558 528 131 27 tillräckligt
704 529 62 20 antal
782 528 73 21 elever
873 530 59 19 samt

176 566 82 21 genom
285 564 32 18 att
342 562 73 21 under
438 569 28 14 en
489 562 32 21 tid
545 563 25 20 af
588 563 70 20 minst
673 563 38 20 två
727 563 25 20 år
767 562 69 21 hafva
852 562 79 21 varit
920 558 14 35 i

176 595 153 28 verksamhet,
345 596 58 21 visat
419 597 33 27 sig
468 597 54 27 fylla
538 599 30 18 ett
582 597 96 26 verkligt
689 597 79 25 behof;
780 597 44 20 och
835 597 22 20 få
868 596 63 21 Stän-

176 629 71 21 derna
271 630 58 28 förty
352 631 42 21 hos
411 631 71 22 Eders
500 631 122 28 Kejserliga
639 631 104 28 Majestät
758 631 7 21 i
781 631 151 26 underdånig-

176 664 38 21 het
230 665 102 21 anhålla:

452 736 32 20 att
509 735 27 27 af
555 734 198 28 bevillningsmedel
778 734 116 22 understöd
908 734 28 27 af

384 769 64 25 3,000
472 770 64 20 mark
556 769 83 28 årligen
662 770 65 20 måtte
742 769 88 27 beviljas
844 769 48 21 dem
908 769 27 27 af

383 804 83 20 landets
480 804 170 27 folkhögskolor,
666 810 47 14 som
730 804 68 20 under
816 810 25 14 en
852 804 79 20 arbets-

384 837 31 21 tid
429 838 27 27 af
468 839 35 20 två
519 838 27 21 år
559 845 79 20 genom
654 840 60 19 arten
731 838 27 28 af
770 838 34 21 sin
822 837 110 21 undervis-

384 872 54 28 ning
455 872 55 21 visat
523 872 33 28 sig
572 873 100 27 befordra
682 872 102 28 praktisk
797 872 135 28 medborger-

385 906 29 28 lig
430 906 104 28 bildning.

245 967 117 28 Därjämte
378 968 22 21 få
416 968 127 22 Ständerna
559 975 155 21 underdänigst
738 976 102 14 anmäla:

451 1034 31 18 alt
504 1034 27 18 ett
550 1032 75 28 belopp
640 1032 28 27 af
680 1032 78 25 24,000
771 1032 64 20 mark
850 1032 35 27 för
900 1032 32 24 år,

383 1066 49 20 eller
456 1066 76 20 inalles
556 1066 76 26 72,000
655 1066 71 25 mark,
745 1066 70 28 blifvit
828 1066 36 28 för
879 1066 52 20 åren

385 1100 142 21 1898—1900
542 1101 27 27 af
581 1101 124 21 Ständerna
715 1101 36 27 för
762 1100 170 28 ifrågavarande

383 1134 108 21 ändamål
505 1135 103 27 anslaget.

245 1197 112 22 Finlands
373 1198 97 21 Ständer
485 1198 132 21 framhärda
633 1201 39 18 etc.

245 1237 149 27 Helsingfors,
411 1238 44 21 den
471 1239 25 20 21
515 1238 43 27 Maj
578 1239 60 20 1897.

280 1457 22 1 —
322 1457 316 32 Holsingfors
446 1453 56 44 1897.
515 1457 116 32 Helsingfors
640 1457 155 32 Uentraltryckeri.
