1034 1653
200 128 28 18 24

170 186 83 25 behåll,
270 188 69 19 måtte
355 186 26 21 af
394 186 139 21 statsverket
552 185 187 22 subventioneras
755 186 52 20 med
825 187 93 23 750,000

170 222 76 25 mark;

241 260 35 18 att
292 257 35 22 för
343 258 43 21 den
402 258 108 21 händelse
526 258 69 20 innan
611 258 188 20 nästkommande
810 257 109 27 landtdag

169 292 24 21 af
209 293 81 21 staden
306 294 183 25 Fredrikshamn,
506 295 33 19 ett
555 293 131 28 aktiebolag
702 293 54 21 eller
767 293 89 21 enskild
867 300 52 13 man

169 328 110 21 utverkas
305 329 133 20 koncession
465 330 13 19 å
505 328 121 28 byggande
652 328 26 21 af
701 335 27 14 en
754 327 165 29 normalspårig

170 362 83 22 bibana
278 363 50 22 från
351 365 75 27 någon
452 363 96 28 lämplig
571 363 74 28 punkt
669 365 13 19 å
704 363 215 21 Kouvola—Kotka

167 397 100 30 järnväg
283 399 35 21 till
334 399 187 21 Fredrikshamns
539 399 56 24 stad,
613 398 113 29 företaget
747 401 76 20 måtte,
848 399 71 21 under

170 433 121 27 förbehåll,
316 435 51 20 dem
389 435 64 21 Hans
477 434 130 29 Kejserliga
630 434 107 29 Majestät
752 434 73 21 finner
840 435 80 27 nödigt

170 469 144 27 föreskrifva,
330 470 26 21 af
369 470 131 21 statsmedel
517 470 187 21 subventioneras
720 470 52 21 med
789 477 27 14 en
833 477 86 14 summa

169 504 27 21 af
209 507 96 24 400,000
321 506 73 25 mark;

242 542 35 19 att
292 541 132 21 ekonomisk
436 540 171 29 undersökning
617 540 26 22 af
652 541 38 21 det
701 540 96 22 emellan
808 540 111 28 Päijänne

170 575 35 29 sjö
222 576 43 21 och
281 576 111 22 Karelska
414 576 74 22 banan
503 576 98 29 belägna
616 576 136 28 landskapet
767 578 71 19 måtte
854 576 6 20 i
878 576 41 21 och

170 611 35 21 för
229 608 126 25 utrönande
381 612 22 21 af
426 612 145 28 lämpligaste
595 615 69 18 sättet
681 612 35 21 för
732 612 52 21 dess
800 612 118 21 förseende

171 647 50 20 med
237 647 78 21 vidare
331 647 123 28 järnvägar
469 648 136 21 verkställas
621 648 41 21 och
680 650 33 18 att
730 648 79 20 därvid
825 647 94 28 lämplig

169 682 102 21 befunna
285 682 177 29 järnvägslinjer
478 685 71 19 måtte
565 683 91 21 okulärt
671 683 135 28 besiktigas;
823 685 34 18 att
867 683 52 20 ban-

171 718 134 21 sträckorna
321 718 207 21 Heinola—Lahtis
545 719 42 21 och
598 719 263 28 Nyslott—Kronoborg
872 719 47 20 där-

167 753 74 27 jämte
265 755 70 20 måtte
361 754 171 21 instrumentalt
555 754 139 21 undersökas
718 754 42 21 och
784 754 135 21 alternativa

170 788 139 29 banprojekt
324 790 42 20 och
382 789 196 28 kostnadsförslag
594 790 51 21 med
662 789 145 28 tillämpning
823 789 26 21 af
857 789 62 21 såväl

170 825 66 20 smal-
259 832 48 14 som
326 825 229 29 normalspårsystem
572 825 34 22 för
623 825 50 21 dem
689 827 129 26 uppgöras;
835 826 33 19 att
885 824 34 21 till

169 860 190 21 nästkommande
385 861 109 28 landtdag
510 863 71 19 måtte
598 861 79 21 aflåtas
693 860 69 29 nådig
778 860 141 29 proposition

169 896 118 27 angående
311 896 121 28 byggande
456 901 23 16 at
502 904 29 14 en
552 896 98 29 järnväg
674 896 49 21 från
745 896 95 28 Nyslott
856 895 63 22 öfver

169 930 154 27 Elisenvaara,
348 932 116 21 eventuelt
485 932 60 21 Alho
562 932 84 21 station
662 932 39 21 vid
716 931 113 22 Karelska
844 931 75 21 banan

169 966 36 20 till
228 966 149 28 Kronoborgs
401 967 69 21 hamn
485 967 39 21 vid
539 967 106 28 Ladoga;
661 969 59 19 samt
736 969 34 19 att
786 967 133 20 ekonomisk

169 1001 172 28 undersökning
361 1001 27 21 af
408 1002 115 21 mellersta
547 997 147 26 Österbotten
715 1002 6 20 i
738 1002 42 21 och
804 1001 35 22 för
860 1003 59 19 utre-

169 1036 74 21 dande
259 1036 27 21 af
298 1036 143 29 lämpligaste
458 1039 70 19 sättet
543 1037 35 22 för
594 1037 102 28 fyllande
713 1037 26 21 af
752 1037 51 21 dess
816 1036 72 21 behof
896 1036 26 21 af

166 1071 125 28 järnvägar
307 1072 7 21 i
331 1072 71 21 sinom
419 1073 33 20 tid
469 1075 71 18 måtte
555 1073 120 25 anställas;

241 1108 45 26 5:0)
311 1109 33 19 att
367 1107 69 28 nådig
459 1107 141 28 proposition
624 1109 70 20 måtte
716 1107 128 28 föreläggas
860 1109 59 19 näst-

169 1142 212 21 sammanträdande
401 1142 97 22 Ständer
515 1150 36 14 om
568 1143 125 28 stadgande
710 1143 85 20 därhän
812 1144 39 25 att,
869 1142 50 21 obe-

167 1177 86 21 roende
277 1177 25 21 af
322 1178 42 21 den
382 1178 34 21 för
432 1178 79 28 hvarje
529 1181 46 18 orts
591 1173 109 26 meridian
716 1178 105 28 gällande
837 1177 82 21 medel-

168 1213 75 26 soltid,
260 1213 63 20 tiden
338 1213 35 22 för
389 1213 44 21 alla
450 1216 60 19 orter
525 1214 7 21 i
548 1214 78 21 landet
642 1214 58 21 skall
716 1213 63 21 såväl
794 1213 7 21 i
819 1213 100 28 rättsligt

168 1255 49 13 som
233 1248 126 28 borgerligt
375 1249 128 21 hänseende
519 1249 111 21 beräknas
646 1249 58 21 efter
720 1256 28 13 en
764 1248 36 21 för
810 1248 52 21 hela
873 1249 46 20 lan-

167 1283 40 20 det
231 1291 130 20 gemensam
386 1284 115 26 medeltid,
525 1284 118 21 äfvensom
668 1287 34 18 att
724 1284 7 21 i
748 1283 171 29 propositionen

167 1320 72 19 måtte
260 1319 54 27 ingå
330 1319 86 28 förslag
431 1326 37 14 om
484 1320 43 20 den
543 1319 118 26 meridian,
677 1320 35 20 till
728 1319 94 21 hvilken
838 1319 81 21 omför-

168 1353 75 21 mälda
260 1354 107 21 medeltid
385 1354 131 29 lämpligast
532 1355 76 21 kunde
624 1354 118 26 hänföras;

241 1390 44 26 6:0)
308 1392 34 18 att
366 1390 200 28 läraretjensterna
584 1390 7 20 i
608 1390 68 28 tyska
692 1390 42 20 och
751 1390 92 20 franska
859 1391 60 26 språ-

166 1424 45 20 ken
236 1424 63 21 såväl
322 1425 39 20 vid
385 1425 112 20 klassiska
512 1425 77 28 lyceer
605 1432 48 14 som
669 1425 39 21 vid
724 1425 195 27 normallyceerna
