<?xml version="1.0" encoding="UTF-8"?>
<alto xmlns="http://www.loc.gov/standards/alto/ns-v3#" xmlns:xlink="http://www.w3.org/1999/xlink" xmlns:xsi="http://www.w3.org/2001/XMLSchema-instance" xsi:schemaLocation="http://www.loc.gov/standards/alto/ns-v3# http://www.loc.gov/alto/v3/alto-3-0.xsd">
	<Description>
		<MeasurementUnit>pixel</MeasurementUnit>
		<sourceImageInformation>
			<fileName>/tmp/tess_zws2d_sn_input.PNG</fileName>
		</sourceImageInformation>
		<OCRProcessing ID="OCR_0">
			<ocrProcessingStep>
				<processingSoftware>
					<softwareName>tesseract 5.3.4</softwareName>
				</processingSoftware>
			</ocrProcessingStep>
		</OCRProcessing>
	</Description>
	<Layout>
		<Page WIDTH="1025" HEIGHT="1659" PHYSICAL_IMG_NR="0" ID="page_0">
			<PrintSpace HPOS="0" VPOS="0" WIDTH="1025" HEIGHT="1659">
				<ComposedBlock ID="cblock_0" HPOS="168" VPOS="118" WIDTH="630" HEIGHT="26">
					<TextBlock ID="block_0" HPOS="168" VPOS="118" WIDTH="630" HEIGHT="26">
						<TextLine ID="line_0" HPOS="168" VPOS="118" WIDTH="630" HEIGHT="26">
							<String ID="string_0" HPOS="168" VPOS="120" WIDTH="14" HEIGHT="20" WC="0.96" CONTENT="4"/><SP WIDTH="118" VPOS="120" HPOS="182"/>
							<String ID="string_1" HPOS="300" VPOS="118" WIDTH="84" HEIGHT="24" WC="0.91" CONTENT="Ständ."/><SP WIDTH="16" VPOS="118" HPOS="384"/>
							<String ID="string_2" HPOS="400" VPOS="120" WIDTH="54" HEIGHT="23" WC="0.93" CONTENT="Pet."/><SP WIDTH="18" VPOS="120" HPOS="454"/>
							<String ID="string_3" HPOS="472" VPOS="133" WIDTH="23" HEIGHT="3" WC="0.90" CONTENT="—"/><SP WIDTH="20" VPOS="133" HPOS="495"/>
							<String ID="string_4" HPOS="515" VPOS="120" WIDTH="171" HEIGHT="24" WC="0.90" CONTENT="Petitionsbet."/><SP WIDTH="16" VPOS="120" HPOS="686"/>
							<String ID="string_5" HPOS="702" VPOS="120" WIDTH="43" HEIGHT="23" WC="0.93" CONTENT="N:o"/><SP WIDTH="15" VPOS="120" HPOS="745"/>
							<String ID="string_6" HPOS="760" VPOS="120" WIDTH="38" HEIGHT="22" WC="0.96" CONTENT="64."/>
						</TextLine>
					</TextBlock>
				</ComposedBlock>
				<ComposedBlock ID="cblock_1" HPOS="169" VPOS="188" WIDTH="760" HEIGHT="270">
					<TextBlock ID="block_1" HPOS="169" VPOS="188" WIDTH="760" HEIGHT="125">
						<TextLine ID="line_1" HPOS="170" VPOS="188" WIDTH="757" HEIGHT="29">
							<String ID="string_7" HPOS="170" VPOS="188" WIDTH="75" HEIGHT="21" WC="0.95" CONTENT="skatta"/><SP WIDTH="24" VPOS="188" HPOS="245"/>
							<String ID="string_8" HPOS="269" VPOS="188" WIDTH="27" HEIGHT="22" WC="0.96" CONTENT="de"/><SP WIDTH="23" VPOS="188" HPOS="296"/>
							<String ID="string_9" HPOS="319" VPOS="189" WIDTH="105" HEIGHT="21" WC="0.96" CONTENT="enskilda"/><SP WIDTH="22" VPOS="189" HPOS="424"/>
							<String ID="string_10" HPOS="446" VPOS="190" WIDTH="195" HEIGHT="21" WC="0.96" CONTENT="medlemmarnas"/><SP WIDTH="16" VPOS="190" HPOS="641"/>
							<String ID="string_11" HPOS="657" VPOS="190" WIDTH="133" HEIGHT="26" WC="0.96" CONTENT="inkomster,"/><SP WIDTH="17" VPOS="190" HPOS="790"/>
							<String ID="string_12" HPOS="807" VPOS="190" WIDTH="44" HEIGHT="21" WC="0.93" CONTENT="och"/><SP WIDTH="16" VPOS="190" HPOS="851"/>
							<String ID="string_13" HPOS="867" VPOS="190" WIDTH="60" HEIGHT="27" WC="0.92" CONTENT="skyl-"/>
						</TextLine>
						<TextLine ID="line_2" HPOS="169" VPOS="222" WIDTH="758" HEIGHT="30">
							<String ID="string_14" HPOS="169" VPOS="222" WIDTH="108" HEIGHT="27" WC="0.92" CONTENT="digheten"/><SP WIDTH="19" VPOS="222" HPOS="277"/>
							<String ID="string_15" HPOS="296" VPOS="224" WIDTH="34" HEIGHT="20" WC="0.93" CONTENT="för"/><SP WIDTH="15" VPOS="224" HPOS="330"/>
							<String ID="string_16" HPOS="345" VPOS="224" WIDTH="87" HEIGHT="21" WC="0.91" CONTENT="enhvar"/><SP WIDTH="16" VPOS="224" HPOS="432"/>
							<String ID="string_17" HPOS="448" VPOS="226" WIDTH="31" HEIGHT="19" WC="0.96" CONTENT="att"/><SP WIDTH="16" VPOS="226" HPOS="479"/>
							<String ID="string_18" HPOS="495" VPOS="224" WIDTH="54" HEIGHT="28" WC="0.93" CONTENT="själf"/><SP WIDTH="13" VPOS="224" HPOS="549"/>
							<String ID="string_19" HPOS="562" VPOS="225" WIDTH="109" HEIGHT="27" WC="0.92" CONTENT="uppgifva"/><SP WIDTH="16" VPOS="225" HPOS="671"/>
							<String ID="string_20" HPOS="687" VPOS="224" WIDTH="66" HEIGHT="22" WC="0.96" CONTENT="dessa"/><SP WIDTH="16" VPOS="224" HPOS="753"/>
							<String ID="string_21" HPOS="769" VPOS="224" WIDTH="44" HEIGHT="21" WC="0.96" CONTENT="blir"/><SP WIDTH="15" VPOS="224" HPOS="813"/>
							<String ID="string_22" HPOS="828" VPOS="224" WIDTH="99" HEIGHT="21" WC="0.96" CONTENT="sålunda"/>
						</TextLine>
						<TextLine ID="line_3" HPOS="169" VPOS="257" WIDTH="760" HEIGHT="29">
							<String ID="string_23" HPOS="169" VPOS="264" WIDTH="29" HEIGHT="14" WC="0.96" CONTENT="en"/><SP WIDTH="23" VPOS="264" HPOS="198"/>
							<String ID="string_24" HPOS="221" VPOS="257" WIDTH="132" HEIGHT="27" WC="0.95" CONTENT="nödvändig"/><SP WIDTH="23" VPOS="257" HPOS="353"/>
							<String ID="string_25" HPOS="376" VPOS="258" WIDTH="162" HEIGHT="28" WC="0.95" CONTENT="förutsättning"/><SP WIDTH="23" VPOS="258" HPOS="538"/>
							<String ID="string_26" HPOS="561" VPOS="259" WIDTH="35" HEIGHT="21" WC="0.96" CONTENT="för"/><SP WIDTH="23" VPOS="259" HPOS="596"/>
							<String ID="string_27" HPOS="619" VPOS="266" WIDTH="27" HEIGHT="14" WC="0.96" CONTENT="en"/><SP WIDTH="18" VPOS="266" HPOS="646"/>
							<String ID="string_28" HPOS="664" VPOS="259" WIDTH="80" HEIGHT="21" WC="0.96" CONTENT="rättvis"/><SP WIDTH="16" VPOS="259" HPOS="744"/>
							<String ID="string_29" HPOS="760" VPOS="258" WIDTH="128" HEIGHT="27" WC="0.96" CONTENT="fördelning"/><SP WIDTH="15" VPOS="258" HPOS="888"/>
							<String ID="string_30" HPOS="903" VPOS="258" WIDTH="26" HEIGHT="21" WC="0.96" CONTENT="af"/>
						</TextLine>
						<TextLine ID="line_4" HPOS="170" VPOS="291" WIDTH="169" HEIGHT="22">
							<String ID="string_31" HPOS="170" VPOS="291" WIDTH="169" HEIGHT="22" WC="0.90" CONTENT="skattebördan."/>
						</TextLine>
					</TextBlock>
					<TextBlock ID="block_2" HPOS="169" VPOS="326" WIDTH="758" HEIGHT="132">
						<TextLine ID="line_5" HPOS="239" VPOS="326" WIDTH="688" HEIGHT="28">
							<String ID="string_32" HPOS="239" VPOS="326" WIDTH="33" HEIGHT="21" WC="0.96" CONTENT="På"/><SP WIDTH="15" VPOS="326" HPOS="272"/>
							<String ID="string_33" HPOS="287" VPOS="327" WIDTH="73" HEIGHT="26" WC="0.95" CONTENT="grund"/><SP WIDTH="16" VPOS="327" HPOS="360"/>
							<String ID="string_34" HPOS="376" VPOS="328" WIDTH="25" HEIGHT="20" WC="0.95" CONTENT="af"/><SP WIDTH="14" VPOS="328" HPOS="401"/>
							<String ID="string_35" HPOS="415" VPOS="328" WIDTH="60" HEIGHT="20" WC="0.96" CONTENT="hvad"/><SP WIDTH="17" VPOS="328" HPOS="475"/>
							<String ID="string_36" HPOS="492" VPOS="328" WIDTH="68" HEIGHT="21" WC="0.96" CONTENT="ofvan"/><SP WIDTH="17" VPOS="328" HPOS="560"/>
							<String ID="string_37" HPOS="577" VPOS="328" WIDTH="86" HEIGHT="21" WC="0.96" CONTENT="anförts"/><SP WIDTH="18" VPOS="328" HPOS="663"/>
							<String ID="string_38" HPOS="681" VPOS="329" WIDTH="42" HEIGHT="21" WC="0.96" CONTENT="och"/><SP WIDTH="16" VPOS="329" HPOS="723"/>
							<String ID="string_39" HPOS="739" VPOS="328" WIDTH="52" HEIGHT="21" WC="0.96" CONTENT="med"/><SP WIDTH="12" VPOS="328" HPOS="791"/>
							<String ID="string_40" HPOS="803" VPOS="328" WIDTH="124" HEIGHT="26" WC="0.96" CONTENT="anledning"/>
						</TextLine>
						<TextLine ID="line_6" HPOS="169" VPOS="360" WIDTH="758" HEIGHT="29">
							<String ID="string_41" HPOS="169" VPOS="360" WIDTH="25" HEIGHT="21" WC="0.96" CONTENT="af"/><SP WIDTH="13" VPOS="360" HPOS="194"/>
							<String ID="string_42" HPOS="207" VPOS="363" WIDTH="30" HEIGHT="18" WC="0.96" CONTENT="ett"/><SP WIDTH="16" VPOS="363" HPOS="237"/>
							<String ID="string_43" HPOS="253" VPOS="361" WIDTH="34" HEIGHT="20" WC="0.93" CONTENT="till"/><SP WIDTH="16" VPOS="361" HPOS="287"/>
							<String ID="string_44" HPOS="303" VPOS="361" WIDTH="166" HEIGHT="28" WC="0.92" CONTENT="Ridderskapet"/><SP WIDTH="16" VPOS="361" HPOS="469"/>
							<String ID="string_45" HPOS="485" VPOS="363" WIDTH="44" HEIGHT="20" WC="0.93" CONTENT="och"/><SP WIDTH="16" VPOS="363" HPOS="529"/>
							<String ID="string_46" HPOS="545" VPOS="362" WIDTH="72" HEIGHT="22" WC="0.91" CONTENT="Adeln"/><SP WIDTH="16" VPOS="362" HPOS="617"/>
							<String ID="string_47" HPOS="633" VPOS="363" WIDTH="39" HEIGHT="21" WC="0.96" CONTENT="vid"/><SP WIDTH="16" VPOS="363" HPOS="672"/>
							<String ID="string_48" HPOS="688" VPOS="362" WIDTH="155" HEIGHT="22" WC="0.93" CONTENT="innevarande"/><SP WIDTH="11" VPOS="362" HPOS="843"/>
							<String ID="string_49" HPOS="854" VPOS="362" WIDTH="73" HEIGHT="21" WC="0.91" CONTENT="landt-"/>
						</TextLine>
						<TextLine ID="line_7" HPOS="169" VPOS="395" WIDTH="758" HEIGHT="29">
							<String ID="string_50" HPOS="169" VPOS="395" WIDTH="44" HEIGHT="27" WC="0.96" CONTENT="dag"/><SP WIDTH="22" VPOS="395" HPOS="213"/>
							<String ID="string_51" HPOS="235" VPOS="395" WIDTH="7" HEIGHT="21" WC="0.96" CONTENT="i"/><SP WIDTH="25" VPOS="395" HPOS="242"/>
							<String ID="string_52" HPOS="267" VPOS="396" WIDTH="76" HEIGHT="20" WC="0.93" CONTENT="ämnet"/><SP WIDTH="23" VPOS="396" HPOS="343"/>
							<String ID="string_53" HPOS="366" VPOS="396" WIDTH="93" HEIGHT="27" WC="0.91" CONTENT="ingifvet"/><SP WIDTH="22" VPOS="396" HPOS="459"/>
							<String ID="string_54" HPOS="481" VPOS="397" WIDTH="193" HEIGHT="27" WC="0.92" CONTENT="petitionsförslag"/><SP WIDTH="23" VPOS="397" HPOS="674"/>
							<String ID="string_55" HPOS="697" VPOS="397" WIDTH="22" HEIGHT="21" WC="0.93" CONTENT="få"/><SP WIDTH="23" VPOS="397" HPOS="719"/>
							<String ID="string_56" HPOS="742" VPOS="397" WIDTH="126" HEIGHT="21" WC="0.91" CONTENT="Ständerna"/><SP WIDTH="16" VPOS="397" HPOS="868"/>
							<String ID="string_57" HPOS="884" VPOS="397" WIDTH="43" HEIGHT="20" WC="0.96" CONTENT="hos"/>
						</TextLine>
						<TextLine ID="line_8" HPOS="170" VPOS="429" WIDTH="668" HEIGHT="29">
							<String ID="string_58" HPOS="170" VPOS="430" WIDTH="71" HEIGHT="21" WC="0.92" CONTENT="Eders"/><SP WIDTH="19" VPOS="430" HPOS="241"/>
							<String ID="string_59" HPOS="260" VPOS="429" WIDTH="121" HEIGHT="28" WC="0.96" CONTENT="Kejserliga"/><SP WIDTH="17" VPOS="429" HPOS="381"/>
							<String ID="string_60" HPOS="398" VPOS="431" WIDTH="104" HEIGHT="27" WC="0.96" CONTENT="Majestät"/><SP WIDTH="16" VPOS="431" HPOS="502"/>
							<String ID="string_61" HPOS="518" VPOS="431" WIDTH="6" HEIGHT="21" WC="0.93" CONTENT="i"/><SP WIDTH="17" VPOS="431" HPOS="524"/>
							<String ID="string_62" HPOS="541" VPOS="432" WIDTH="183" HEIGHT="26" WC="0.91" CONTENT="underdånighet"/><SP WIDTH="15" VPOS="432" HPOS="724"/>
							<String ID="string_63" HPOS="739" VPOS="432" WIDTH="99" HEIGHT="26" WC="0.96" CONTENT="anhålla,"/>
						</TextLine>
					</TextBlock>
				</ComposedBlock>
				<ComposedBlock ID="cblock_2" HPOS="376" VPOS="500" WIDTH="553" HEIGHT="374">
					<TextBlock ID="block_3" HPOS="376" VPOS="500" WIDTH="553" HEIGHT="374">
						<TextLine ID="line_9" HPOS="445" VPOS="500" WIDTH="482" HEIGHT="28">
							<String ID="string_64" HPOS="445" VPOS="502" WIDTH="31" HEIGHT="18" WC="0.83" CONTENT="alt"/><SP WIDTH="15" VPOS="502" HPOS="476"/>
							<String ID="string_65" HPOS="491" VPOS="500" WIDTH="82" HEIGHT="28" WC="0.96" CONTENT="nådiga"/><SP WIDTH="15" VPOS="500" HPOS="573"/>
							<String ID="string_66" HPOS="588" VPOS="500" WIDTH="158" HEIGHT="28" WC="0.96" CONTENT="förordningen"/><SP WIDTH="16" VPOS="500" HPOS="746"/>
							<String ID="string_67" HPOS="762" VPOS="500" WIDTH="27" HEIGHT="28" WC="0.96" CONTENT="af"/><SP WIDTH="12" VPOS="500" HPOS="789"/>
							<String ID="string_68" HPOS="801" VPOS="501" WIDTH="39" HEIGHT="20" WC="0.96" CONTENT="den"/><SP WIDTH="17" VPOS="501" HPOS="840"/>
							<String ID="string_69" HPOS="857" VPOS="501" WIDTH="14" HEIGHT="20" WC="0.93" CONTENT="8"/><SP WIDTH="15" VPOS="501" HPOS="871"/>
							<String ID="string_70" HPOS="886" VPOS="501" WIDTH="41" HEIGHT="20" WC="0.92" CONTENT="De-"/>
						</TextLine>
						<TextLine ID="line_10" HPOS="377" VPOS="535" WIDTH="550" HEIGHT="28">
							<String ID="string_71" HPOS="377" VPOS="535" WIDTH="83" HEIGHT="21" WC="0.91" CONTENT="cember"/><SP WIDTH="12" VPOS="535" HPOS="460"/>
							<String ID="string_72" HPOS="472" VPOS="536" WIDTH="55" HEIGHT="20" WC="0.93" CONTENT="1873"/><SP WIDTH="11" VPOS="536" HPOS="527"/>
							<String ID="string_73" HPOS="538" VPOS="536" WIDTH="114" HEIGHT="27" WC="0.92" CONTENT="angäende"/><SP WIDTH="8" VPOS="536" HPOS="652"/>
							<String ID="string_74" HPOS="660" VPOS="535" WIDTH="267" HEIGHT="28" WC="0.90" CONTENT="kommunalförvaltning"/>
						</TextLine>
						<TextLine ID="line_11" HPOS="377" VPOS="569" WIDTH="549" HEIGHT="29">
							<String ID="string_75" HPOS="377" VPOS="569" WIDTH="7" HEIGHT="21" WC="0.96" CONTENT="i"/><SP WIDTH="22" VPOS="569" HPOS="384"/>
							<String ID="string_76" HPOS="406" VPOS="570" WIDTH="49" HEIGHT="20" WC="0.96" CONTENT="stad"/><SP WIDTH="21" VPOS="570" HPOS="455"/>
							<String ID="string_77" HPOS="476" VPOS="570" WIDTH="40" HEIGHT="20" WC="0.93" CONTENT="och"/><SP WIDTH="16" VPOS="570" HPOS="516"/>
							<String ID="string_78" HPOS="532" VPOS="570" WIDTH="83" HEIGHT="28" WC="0.90" CONTENT="nädiga"/><SP WIDTH="15" VPOS="570" HPOS="615"/>
							<String ID="string_79" HPOS="630" VPOS="570" WIDTH="157" HEIGHT="28" WC="0.96" CONTENT="förordningen"/><SP WIDTH="17" VPOS="570" HPOS="787"/>
							<String ID="string_80" HPOS="804" VPOS="570" WIDTH="27" HEIGHT="27" WC="0.96" CONTENT="af"/><SP WIDTH="11" VPOS="570" HPOS="831"/>
							<String ID="string_81" HPOS="842" VPOS="570" WIDTH="41" HEIGHT="20" WC="0.96" CONTENT="den"/><SP WIDTH="18" VPOS="570" HPOS="883"/>
							<String ID="string_82" HPOS="901" VPOS="570" WIDTH="25" HEIGHT="20" WC="0.96" CONTENT="15"/>
						</TextLine>
						<TextLine ID="line_12" HPOS="376" VPOS="604" WIDTH="551" HEIGHT="28">
							<String ID="string_83" HPOS="376" VPOS="604" WIDTH="92" HEIGHT="28" WC="0.96" CONTENT="Augusti"/><SP WIDTH="12" VPOS="604" HPOS="468"/>
							<String ID="string_84" HPOS="480" VPOS="605" WIDTH="61" HEIGHT="24" WC="0.93" CONTENT="1883,"/><SP WIDTH="14" VPOS="605" HPOS="541"/>
							<String ID="string_85" HPOS="555" VPOS="604" WIDTH="150" HEIGHT="28" WC="0.92" CONTENT="innefattande"/><SP WIDTH="12" VPOS="604" HPOS="705"/>
							<String ID="string_86" HPOS="717" VPOS="604" WIDTH="107" HEIGHT="21" WC="0.93" CONTENT="särskilda"/><SP WIDTH="14" VPOS="604" HPOS="824"/>
							<String ID="string_87" HPOS="838" VPOS="604" WIDTH="89" HEIGHT="21" WC="0.93" CONTENT="ändrin-"/>
						</TextLine>
						<TextLine ID="line_13" HPOS="376" VPOS="638" WIDTH="550" HEIGHT="28">
							<String ID="string_88" HPOS="376" VPOS="646" WIDTH="41" HEIGHT="20" WC="0.94" CONTENT="gar"/><SP WIDTH="16" VPOS="646" HPOS="417"/>
							<String ID="string_89" HPOS="433" VPOS="639" WIDTH="7" HEIGHT="20" WC="0.92" CONTENT="i"/><SP WIDTH="15" VPOS="639" HPOS="440"/>
							<String ID="string_90" HPOS="455" VPOS="639" WIDTH="136" HEIGHT="27" WC="0.92" CONTENT="densamma,"/><SP WIDTH="12" VPOS="639" HPOS="591"/>
							<String ID="string_91" HPOS="603" VPOS="640" WIDTH="65" HEIGHT="20" WC="0.92" CONTENT="mätte"/><SP WIDTH="13" VPOS="640" HPOS="668"/>
							<String ID="string_92" HPOS="681" VPOS="639" WIDTH="143" HEIGHT="21" WC="0.91" CONTENT="underkastas"/><SP WIDTH="10" VPOS="639" HPOS="824"/>
							<String ID="string_93" HPOS="834" VPOS="638" WIDTH="92" HEIGHT="22" WC="0.96" CONTENT="revision"/>
						</TextLine>
						<TextLine ID="line_14" HPOS="377" VPOS="673" WIDTH="551" HEIGHT="29">
							<String ID="string_94" HPOS="377" VPOS="673" WIDTH="7" HEIGHT="21" WC="0.96" CONTENT="i"/><SP WIDTH="15" VPOS="673" HPOS="384"/>
							<String ID="string_95" HPOS="399" VPOS="674" WIDTH="25" HEIGHT="20" WC="0.96" CONTENT="de"/><SP WIDTH="16" VPOS="674" HPOS="424"/>
							<String ID="string_96" HPOS="440" VPOS="674" WIDTH="64" HEIGHT="26" WC="0.95" CONTENT="delar,"/><SP WIDTH="17" VPOS="674" HPOS="504"/>
							<String ID="string_97" HPOS="521" VPOS="681" WIDTH="46" HEIGHT="14" WC="0.93" CONTENT="som"/><SP WIDTH="17" VPOS="681" HPOS="567"/>
							<String ID="string_98" HPOS="584" VPOS="675" WIDTH="76" HEIGHT="20" WC="0.92" CONTENT="beröra"/><SP WIDTH="15" VPOS="675" HPOS="660"/>
							<String ID="string_99" HPOS="675" VPOS="674" WIDTH="127" HEIGHT="28" WC="0.92" CONTENT="grunderna"/><SP WIDTH="11" VPOS="674" HPOS="802"/>
							<String ID="string_100" HPOS="813" VPOS="674" WIDTH="39" HEIGHT="21" WC="0.96" CONTENT="och"/><SP WIDTH="15" VPOS="674" HPOS="852"/>
							<String ID="string_101" HPOS="867" VPOS="675" WIDTH="61" HEIGHT="19" WC="0.96" CONTENT="sättet"/>
						</TextLine>
						<TextLine ID="line_15" HPOS="376" VPOS="708" WIDTH="552" HEIGHT="28">
							<String ID="string_102" HPOS="376" VPOS="708" WIDTH="36" HEIGHT="27" WC="0.96" CONTENT="för"/><SP WIDTH="15" VPOS="708" HPOS="412"/>
							<String ID="string_103" HPOS="427" VPOS="709" WIDTH="40" HEIGHT="21" WC="0.96" CONTENT="den"/><SP WIDTH="16" VPOS="709" HPOS="467"/>
							<String ID="string_104" HPOS="483" VPOS="709" WIDTH="146" HEIGHT="21" WC="0.96" CONTENT="kommunala"/><SP WIDTH="17" VPOS="709" HPOS="629"/>
							<String ID="string_105" HPOS="646" VPOS="708" WIDTH="170" HEIGHT="28" WC="0.95" CONTENT="beskattningen,"/><SP WIDTH="16" VPOS="708" HPOS="816"/>
							<String ID="string_106" HPOS="832" VPOS="715" WIDTH="47" HEIGHT="14" WC="0.94" CONTENT="samt"/><SP WIDTH="12" VPOS="715" HPOS="879"/>
							<String ID="string_107" HPOS="891" VPOS="710" WIDTH="37" HEIGHT="19" WC="0.94" CONTENT="att"/>
						</TextLine>
						<TextLine ID="line_16" HPOS="377" VPOS="743" WIDTH="549" HEIGHT="28">
							<String ID="string_108" HPOS="377" VPOS="743" WIDTH="68" HEIGHT="27" WC="0.92" CONTENT="nädig"/><SP WIDTH="18" VPOS="743" HPOS="445"/>
							<String ID="string_109" HPOS="463" VPOS="744" WIDTH="134" HEIGHT="27" WC="0.93" CONTENT="proposition"/><SP WIDTH="22" VPOS="744" HPOS="597"/>
							<String ID="string_110" HPOS="619" VPOS="744" WIDTH="157" HEIGHT="20" WC="0.89" CONTENT="innehällande"/><SP WIDTH="19" VPOS="744" HPOS="776"/>
							<String ID="string_111" HPOS="795" VPOS="744" WIDTH="25" HEIGHT="20" WC="0.93" CONTENT="de"/><SP WIDTH="15" VPOS="744" HPOS="820"/>
							<String ID="string_112" HPOS="835" VPOS="743" WIDTH="91" HEIGHT="21" WC="0.92" CONTENT="ändrin-"/>
						</TextLine>
						<TextLine ID="line_17" HPOS="376" VPOS="778" WIDTH="553" HEIGHT="28">
							<String ID="string_113" HPOS="376" VPOS="785" WIDTH="42" HEIGHT="20" WC="0.95" CONTENT="gar"/><SP WIDTH="14" VPOS="785" HPOS="418"/>
							<String ID="string_114" HPOS="432" VPOS="778" WIDTH="28" HEIGHT="28" WC="0.95" CONTENT="af"/><SP WIDTH="12" VPOS="778" HPOS="460"/>
							<String ID="string_115" HPOS="472" VPOS="779" WIDTH="100" HEIGHT="20" WC="0.93" CONTENT="nämnda"/><SP WIDTH="15" VPOS="779" HPOS="572"/>
							<String ID="string_116" HPOS="587" VPOS="778" WIDTH="163" HEIGHT="28" WC="0.95" CONTENT="förordningar,"/><SP WIDTH="16" VPOS="778" HPOS="750"/>
							<String ID="string_117" HPOS="766" VPOS="785" WIDTH="46" HEIGHT="14" WC="0.93" CONTENT="som"/><SP WIDTH="17" VPOS="785" HPOS="812"/>
							<String ID="string_118" HPOS="829" VPOS="778" WIDTH="7" HEIGHT="20" WC="0.90" CONTENT="i"/><SP WIDTH="8" VPOS="778" HPOS="836"/>
							<String ID="string_119" HPOS="844" VPOS="778" WIDTH="85" HEIGHT="20" WC="0.90" CONTENT="berördt"/>
						</TextLine>
						<TextLine ID="line_18" HPOS="377" VPOS="813" WIDTH="550" HEIGHT="27">
							<String ID="string_120" HPOS="377" VPOS="813" WIDTH="99" HEIGHT="27" WC="0.92" CONTENT="afseende"/><SP WIDTH="22" VPOS="813" HPOS="476"/>
							<String ID="string_121" HPOS="498" VPOS="814" WIDTH="74" HEIGHT="20" WC="0.96" CONTENT="kunde"/><SP WIDTH="24" VPOS="814" HPOS="572"/>
							<String ID="string_122" HPOS="596" VPOS="820" WIDTH="63" HEIGHT="14" WC="0.92" CONTENT="anses"/><SP WIDTH="19" VPOS="820" HPOS="659"/>
							<String ID="string_123" HPOS="678" VPOS="813" WIDTH="126" HEIGHT="27" WC="0.91" CONTENT="päkallade,"/><SP WIDTH="19" VPOS="813" HPOS="804"/>
							<String ID="string_124" HPOS="823" VPOS="813" WIDTH="66" HEIGHT="20" WC="0.91" CONTENT="mätte"/><SP WIDTH="14" VPOS="813" HPOS="889"/>
							<String ID="string_125" HPOS="903" VPOS="813" WIDTH="24" HEIGHT="19" WC="0.96" CONTENT="sä"/>
						</TextLine>
						<TextLine ID="line_19" HPOS="376" VPOS="848" WIDTH="458" HEIGHT="26">
							<String ID="string_126" HPOS="376" VPOS="849" WIDTH="63" HEIGHT="19" WC="0.93" CONTENT="snart"/><SP WIDTH="13" VPOS="849" HPOS="439"/>
							<String ID="string_127" HPOS="452" VPOS="848" WIDTH="37" HEIGHT="20" WC="0.92" CONTENT="ske"/><SP WIDTH="15" VPOS="848" HPOS="489"/>
							<String ID="string_128" HPOS="504" VPOS="848" WIDTH="45" HEIGHT="20" WC="0.92" CONTENT="kan"/><SP WIDTH="16" VPOS="848" HPOS="549"/>
							<String ID="string_129" HPOS="565" VPOS="848" WIDTH="124" HEIGHT="21" WC="0.92" CONTENT="Ständerna"/><SP WIDTH="16" VPOS="848" HPOS="689"/>
							<String ID="string_130" HPOS="705" VPOS="848" WIDTH="129" HEIGHT="26" WC="0.92" CONTENT="föreläggas."/>
						</TextLine>
					</TextBlock>
				</ComposedBlock>
				<ComposedBlock ID="cblock_3" HPOS="240" VPOS="916" WIDTH="427" HEIGHT="21">
					<TextBlock ID="block_4" HPOS="240" VPOS="916" WIDTH="427" HEIGHT="21">
						<TextLine ID="line_20" HPOS="240" VPOS="916" WIDTH="427" HEIGHT="21">
							<String ID="string_131" HPOS="240" VPOS="916" WIDTH="112" HEIGHT="21" WC="0.93" CONTENT="Finlands"/><SP WIDTH="16" VPOS="916" HPOS="352"/>
							<String ID="string_132" HPOS="368" VPOS="916" WIDTH="96" HEIGHT="21" WC="0.92" CONTENT="Ständer"/><SP WIDTH="16" VPOS="916" HPOS="464"/>
							<String ID="string_133" HPOS="480" VPOS="916" WIDTH="132" HEIGHT="21" WC="0.92" CONTENT="framhärda"/><SP WIDTH="16" VPOS="916" HPOS="612"/>
							<String ID="string_134" HPOS="628" VPOS="918" WIDTH="39" HEIGHT="19" WC="0.96" CONTENT="etc."/>
						</TextLine>
					</TextBlock>
				</ComposedBlock>
				<ComposedBlock ID="cblock_4" HPOS="241" VPOS="979" WIDTH="392" HEIGHT="28">
					<TextBlock ID="block_5" HPOS="241" VPOS="979" WIDTH="392" HEIGHT="28">
						<TextLine ID="line_21" HPOS="241" VPOS="979" WIDTH="392" HEIGHT="28">
							<String ID="string_135" HPOS="241" VPOS="979" WIDTH="149" HEIGHT="27" WC="0.96" CONTENT="Helsingfors,"/><SP WIDTH="16" VPOS="979" HPOS="390"/>
							<String ID="string_136" HPOS="406" VPOS="980" WIDTH="44" HEIGHT="20" WC="0.96" CONTENT="den"/><SP WIDTH="16" VPOS="980" HPOS="450"/>
							<String ID="string_137" HPOS="466" VPOS="981" WIDTH="26" HEIGHT="19" WC="0.96" CONTENT="25"/><SP WIDTH="18" VPOS="981" HPOS="492"/>
							<String ID="string_138" HPOS="510" VPOS="980" WIDTH="44" HEIGHT="27" WC="0.96" CONTENT="Maj"/><SP WIDTH="20" VPOS="980" HPOS="554"/>
							<String ID="string_139" HPOS="574" VPOS="980" WIDTH="59" HEIGHT="21" WC="0.96" CONTENT="1897."/>
						</TextLine>
					</TextBlock>
				</ComposedBlock>
				<ComposedBlock ID="cblock_5" HPOS="448" VPOS="1102" WIDTH="210" HEIGHT="9">
					<TextBlock ID="block_6" HPOS="448" VPOS="1102" WIDTH="210" HEIGHT="9">
						<TextLine ID="line_22" HPOS="448" VPOS="1102" WIDTH="210" HEIGHT="9">
							<String ID="string_140" HPOS="448" VPOS="1105" WIDTH="99" HEIGHT="2" WC="0.0" CONTENT="am"/><SP WIDTH="12" VPOS="1105" HPOS="547"/>
							<String ID="string_141" HPOS="559" VPOS="1102" WIDTH="32" HEIGHT="8" WC="0.26" CONTENT="a"/>
						</TextLine>
					</TextBlock>
				</ComposedBlock>
				<ComposedBlock ID="cblock_6" HPOS="320" VPOS="1435" WIDTH="472" HEIGHT="25">
					<TextBlock ID="block_7" HPOS="320" VPOS="1435" WIDTH="472" HEIGHT="25">
						<TextLine ID="line_23" HPOS="320" VPOS="1435" WIDTH="472" HEIGHT="25">
							<String ID="string_142" HPOS="320" VPOS="1435" WIDTH="109" HEIGHT="23" WC="0.96" CONTENT="Helsingfors"/><SP WIDTH="14" VPOS="1435" HPOS="429"/>
							<String ID="string_143" HPOS="443" VPOS="1438" WIDTH="49" HEIGHT="17" WC="0.93" CONTENT="1897."/><SP WIDTH="27" VPOS="1438" HPOS="492"/>
							<String ID="string_144" HPOS="519" VPOS="1437" WIDTH="109" HEIGHT="23" WC="0.87" CONTENT="Helsingfors"/><SP WIDTH="13" VPOS="1437" HPOS="628"/>
							<String ID="string_145" HPOS="641" VPOS="1436" WIDTH="151" HEIGHT="23" WC="0.91" CONTENT="Centraltryckeri."/>
						</TextLine>
					</TextBlock>
				</ComposedBlock>
			</PrintSpace>
		</Page>
	</Layout>
</alto>
