1045 1656
395 489 199 31 Innehåll:

790 522 83 15 Petitions-

817 540 30 13 bet.

188 571 141 18 Statsutskottets
348 569 108 19 betänkande
474 569 34 18 N:o
526 569 23 18 10
567 569 5 18 i
585 569 94 22 anledning
691 569 18 18 af
721 569 25 18 ett
758 569 47 17 inom

119 599 131 18 Bondeständet
266 599 97 18 inlemnadt
380 598 149 23 petitionsförslag
547 598 92 23 angående
657 599 35 16 rätt
707 598 27 17 för
754 597 50 18 land-

119 629 65 17 bönder
196 628 32 17 och
241 629 68 21 torpare
321 627 23 23 pä
356 627 71 22 Anjala
435 627 86 46 maarata
530 627 26 17 att
564 627 56 17 inlösa
629 627 19 17 af
657 627 40 17 dem
706 626 99 18 bebrukade

119 657 71 17 andelar
202 657 18 16 af
232 657 113 16 detsamma
335 653 13 30 .

188 685 139 18 Statsutskottets
345 665 115 47 betänkande
472 669 34 33 N:o
514 669 32 32 u
565 683 5 18 i
572 669 2 3 |
588 665 93 46 anledning
687 669 24 32 at
716 668 90 33 "särskilda

120 714 47 17 inom
184 713 76 22 Preste-,
278 713 86 22 Borgare-
383 713 32 17 och
427 713 137 17 Bondestånden
576 712 101 18 inlemnade
689 712 116 23 petitionsför-

120 742 40 23 slag
172 747 28 13 om
212 742 94 17 anvisande
319 742 18 17 af
349 741 58 18 medel
418 741 29 18 för
458 741 95 18 understöd
565 741 18 17 åt
595 741 69 18 landets
672 741 135 22 folkhögskolor.

257 770 82 18 Finlands
351 770 84 18 Ständers
446 770 120 22 underdåniga
578 770 79 22 petition.

189 810 178 18 Ekonomiutskottets
379 810 109 17 betänkande
500 809 34 18 N:o
547 810 21 17 17
581 810 6 17 i
599 809 96 24 anledning
706 810 18 18 af
736 810 15 22 ej
762 810 45 17 min-

121 839 30 18 dre
168 839 41 22 fyra
225 839 152 23 petitionsförslag,
390 839 103 17 framstälda
504 839 26 17 ett
542 839 48 17 inom
601 839 62 22 hvarje
676 839 54 17 Stånd
742 839 5 16 i
760 839 47 22 syfte

121 869 26 16 att
158 868 64 17 bereda
240 867 119 23 vanvårdade,
372 867 93 18 vanartade
484 867 32 17 och
532 867 63 22 sedligt
607 867 108 18 vilsekomna
727 867 47 18 barn
785 873 22 12 en

121 897 46 17 efter
186 897 52 16 deras
255 897 86 17 sinnesart
358 896 70 22 lämpad
447 896 110 23 uppfostran,
576 897 21 16 än
616 896 26 17 ett
659 896 5 17 i
677 896 132 17 Presteståndet

121 925 94 22 framlagdt
232 925 81 17 särskildt
325 924 149 23 petitionsförslag
486 930 28 12 om
527 925 62 17 sådant
601 924 60 23 tillägg
673 924 27 18 till
711 925 98 17 förordnin-

123 959 33 17 gen
169 953 18 18 af
199 953 32 18 den
245 954 21 17 17
279 953 46 18 Mars
338 954 44 17 1879
401 953 91 23 angående
504 953 89 18 allmänna
605 953 122 24 fattigvården,
737 954 25 17 att
773 953 35 18 fat-

121 982 153 23 tigvårdsstyrelse
290 983 53 16 sattes
361 982 5 17 i
385 981 69 18 tillfälle
466 983 26 16 att
505 982 70 23 vidtaga
587 982 129 18 verksammare
729 982 80 23 åtgärder

121 1011 28 17 för
160 1010 97 18 beredande
275 1011 18 17 af
305 1010 52 23 nödig
368 1011 42 16 vård
423 1011 32 17 och
467 1011 104 22 uppfostran
583 1011 18 17 åt
613 1011 110 17 vanvårdade
736 1011 42 17 barn

258 1039 178 18 Ekonomiutskottets
448 1039 66 22 förslag
526 1039 26 18 till
564 1039 176 23 sammanjämkning.

260 1067 83 18 Finlands
355 1067 84 18 Ständers
450 1068 120 23 underdåniga
582 1068 79 22 petition.

192 1108 43 22 Lag-
248 1107 32 18 och
292 1107 179 18 Ekonomiutskottets
483 1108 111 17 betänkande
605 1108 34 17 N:o
652 1108 11 17 6
675 1107 5 18 i
689 1107 94 22 anledning
791 1107 19 18 af

122 1137 64 16 tvenne
208 1136 27 17 till
256 1136 131 18 Bondeståndet
407 1136 100 18 inlemnade
526 1136 175 46 kansa
719 1135 89 23 angäende

122 1164 165 23 skjutshällningen
299 1165 32 17 och
341 1165 155 22 gästyifverierna
514 1179 4 3 .
543 1179 4 4 .

192 1193 200 18 Kommunalutskottets
406 1193 109 18 betänkande
528 1193 33 18 N:o
573 1179 11 32 5
597 1194 6 17 i
602 1178 108 38 änleänän
717 1178 20 33 af
745 1178 64 33 työnto

122 1221 6 17 i
140 1221 130 18 Bondeständet
287 1221 99 18 inlemnade
407 1222 148 23 petitionsförslag
572 1222 91 23 angäende
680 1221 99 23 beviljande
791 1221 21 18 af

125 1249 62 24 bidrag
205 1250 33 17 och
256 1250 144 23 amorteringslän
419 1251 18 16 ät
448 1251 128 17 kommunerna
587 1251 27 17 för
625 1250 186 23 folkskolebyggnader

259 1278 83 18 Finlands
354 1279 84 17 Ständers
450 1279 121 22 uoderdäniga
583 1279 79 22 petition.

191 1318 178 18 Ekonomiutskottets
388 1319 109 17 betänkande
515 1319 33 18 N:o
568 1320 21 17 19
607 1319 6 17 i
631 1319 94 23 anledning
737 1319 19 18 af
768 1319 42 18 etti

123 1346 148 23 Borgareständet
282 1347 99 18 framstäldt
393 1343 148 55 potitionsförslag
552 1348 91 47 angondo
656 1348 88 17 ordnande
756 1348 19 17 af
783 1353 28 12 ar-

123 1375 87 18 betstiden
222 1376 28 17 för
260 1376 167 22 bageriarbetarene

260 1410 83 18 Finlands
356 1411 83 17 Ständers
451 1390 128 44 underdåniga
583 1391 78 42 petition.

847 1011 30 18 37.
