1025 1656
176 111 36 24 jad
227 110 278 24 undervisningsverksamhet
517 110 63 18 måste
593 110 123 21 inskränkas,
730 109 46 19 eller
789 109 41 18 helt
842 108 38 19 och
891 108 41 18 hål-

179 141 28 18 let
219 140 113 24 nedläggas,
345 141 47 17 utan
404 140 76 18 bristen
492 140 26 23 på
530 140 160 23 penningemedel
702 138 110 20 föranleder
825 139 64 21 äfven,
903 138 29 18 att

179 175 45 13 man
242 170 44 18 icke
299 170 62 23 vågar
374 175 34 13 ens
421 170 79 18 försöka
512 170 126 18 anordnande
650 170 23 18 af
684 169 139 23 undervisning
835 169 26 23 på
874 169 57 20 orter,

179 200 36 18 där
231 200 63 18 sådan
311 201 16 24 ej
342 200 52 18 förut
405 200 108 22 bedrifvits,
526 200 7 18 i
546 200 47 24 följd
605 200 73 18 hvaraf
688 200 44 18 hela
746 200 36 18 den
796 204 25 13 nu
834 199 98 23 ifrågava-

180 230 61 18 rande
260 231 149 18 verksamheten
427 230 43 18 icke
488 230 84 19 allenast
589 231 16 23 ej
623 230 26 23 på
665 230 101 23 tidsenligt
778 230 40 18 sätt
831 229 101 18 utvecklas

178 261 48 17 utan
239 261 58 22 tynar
309 260 49 19 bort.

251 291 36 17 Att
302 291 20 17 vi
340 290 62 18 under
420 290 75 18 sådana
514 290 134 18 förhållanden
663 290 52 18 ännu
728 290 33 18 äro
775 289 56 23 långt
843 289 89 23 aflägsna

179 320 44 18 från
240 320 34 18 det
289 320 44 22 mål,
347 320 78 18 hvartill
438 321 19 17 vi
470 320 60 18 borde
543 320 80 22 sträfva,
637 320 97 22 nämligen
748 320 29 17 att
789 319 39 18 alla
841 319 92 18 arbetare

179 350 63 18 skulle
255 350 60 18 hafva
327 350 37 18 lätt
376 350 75 18 tillfälle
464 351 30 17 att
506 350 86 18 inhemta
604 349 31 19 för
647 350 43 18 dem
700 350 76 22 nyttiga
784 349 117 23 kunskaper,
910 348 23 18 är

179 380 40 18 lika
238 380 97 24 sjelffallet
354 385 41 13 som
412 380 113 23 beklagligt.
550 380 28 18 På
594 380 136 23 landsbygden
746 380 63 17 finnas
822 378 110 23 betydande

180 410 153 18 industricentra
346 410 35 18 där
394 410 36 18 alls
442 411 59 22 ingen
513 410 141 23 undervisning
667 410 30 18 för
710 410 54 17 äldre
776 413 93 19 personer
882 408 50 18 med-

181 439 60 18 delas.
267 439 40 18 Och
324 441 16 23 ej
359 445 38 17 nog
410 440 84 17 därmed.
520 434 65 24 Äfven
597 440 6 17 i
616 440 84 17 flértalet
713 439 67 18 städer
792 439 64 18 lemna
869 438 23 18 de
905 438 28 18 äl-

181 469 35 18 dre
229 469 115 19 arbetarnes
357 470 139 23 undervisning
508 470 35 18 allt
555 470 47 17 eller
615 469 117 18 åtminstone
745 469 78 22 mycket
836 467 59 24 öfrigt
904 468 29 18 att

181 498 68 23 önska,
269 500 28 22 ity
315 500 30 17 att
363 500 139 22 undervisning
514 500 93 23 antingen
620 500 36 17 alls
669 499 43 18 icke
724 499 104 21 meddelas,
842 498 47 18 eller
904 497 29 18 att

180 529 55 18 detta
253 530 45 18 sker
310 530 6 17 i
329 530 117 23 otillräcklig
462 530 141 23 utsträckning,
622 530 47 17 eller
681 529 97 23 slutligen,
792 529 29 18 att
833 528 100 18 undervis-

180 559 73 23 ningen
267 559 71 18 saknar
351 560 37 17 den
400 560 159 23 planmässighet,
573 565 41 13 som
626 559 58 24 utgör
697 559 28 18 ett
737 558 126 23 oeftergifligt
872 557 61 18 vilkor

179 589 32 18 för
224 589 107 19 ernåendet
344 590 22 18 af
376 590 44 18 fullt
432 590 179 18 tillfredsställande
624 590 88 18 resultat.
730 589 58 18 Detta
800 588 65 18 kunde
877 587 56 18 emel-

179 619 57 18 lertid
249 620 70 17 vinnas
332 625 31 12 om
376 620 164 23 undervisningen
559 619 120 24 försigginge
691 619 67 23 *enligt
776 619 50 22 plan,
846 623 41 13 som
903 617 30 19 för

179 649 179 19 statssubventions
371 650 114 24 ätnjutande
497 650 64 18 kunde
574 650 114 18 fastställas.

253 679 69 18 Säsom
339 684 25 13 en
380 680 117 18 illustration
516 680 28 17 till
561 685 47 17 nyss
625 679 84 19 berörda
722 678 166 23 omständigheter
900 678 33 17 vill

176 710 37 23 jag
234 709 73 18 nämna
328 710 30 17 att
377 710 37 18 den
435 710 252 23 elementarundervisning,
709 715 41 12 som
771 709 22 18 af
812 709 121 22 Helsingfors

180 739 188 24 Arbetareförening
384 739 102 19 bedrifvits
504 740 63 18 under
579 740 26 18 tio
618 740 33 18 ärs
664 740 34 22 tid,
712 740 63 17 denna
787 739 71 18 termin
871 739 62 17 mäste

179 769 97 22 inställas,
294 769 81 18 emedan
388 770 181 23 Stadsfullmäktige
581 770 80 23 afslagit
674 769 133 23 ansökningen
821 773 30 14 om
865 768 69 23 anslag

180 797 31 19 för
231 799 62 18 sädan
311 799 146 24 undervisning,
474 800 80 18 oaktadt
573 800 44 17 dess
634 799 119 23 behöflighet
765 799 60 18 borde
838 799 53 22 ligga
904 797 30 19 för

179 827 63 24 öppen
263 829 42 22 dag,
325 829 49 18 enär
392 829 29 18 till
439 829 144 18 hufvudstaden
601 830 74 23 årligen
688 829 94 18 strömma
794 828 139 18 hundradetals

179 858 56 18 äldre
255 858 95 23 arbetare,
369 864 41 13 som
429 859 61 18 sakna
509 859 24 18 de
549 859 49 18 allra
614 859 62 18 första
693 859 111 23 grunderna
821 859 23 17 af
854 858 80 18 allmänt

180 888 86 18 vetande
283 888 36 18 och
331 889 72 21 hvilka,
416 889 26 23 pä
455 889 40 18 sätt
507 889 136 18 erfarenheten
656 890 57 20 visat,
726 889 43 18 icke
781 889 67 17 kunna
861 887 73 19 förmäs

180 918 31 17 att
223 917 74 19 besöka
310 918 23 18 de
347 919 78 23 vanliga
438 919 95 18 skolorna.

252 948 37 18 Det
307 953 47 13 vore
373 950 125 22 naturligtvis
517 948 239 24 arbetareföreningarnas
776 948 48 23 pligt
844 948 29 17 att
885 946 48 19 söka

182 977 62 19 verka
257 977 30 19 för
299 978 29 18 att
341 978 75 18 tillfälle
429 979 29 18 till
470 979 123 18 inhemtande
606 979 22 18 af
638 979 78 23 nyttiga
728 978 112 22 kunskaper
851 977 82 18 beredes

181 1007 58 18 äfven
258 1008 24 18 de
300 1008 54 18 äldre
371 1008 103 19 arbetarne
490 1009 36 18 och
543 1009 58 17 dessa
613 1009 113 23 uppfostras
739 1008 28 18 till
780 1008 91 22 upplysta
883 1007 51 17 med-

181 1036 91 24 borgare,
289 1042 44 14 men
350 1038 68 22 tyvärr
434 1038 36 18 har
482 1038 177 19 arbetarerörelsen
672 1039 6 17 i
692 1038 44 18 vårt
748 1038 46 18 land
807 1038 51 17 inom
871 1037 63 17 flerta-

182 1067 28 18 let
222 1066 113 24 föreningar
347 1068 26 23 pä
386 1069 78 17 senaste
477 1069 27 17 tid
517 1069 79 22 inslagit
609 1074 23 12 en
645 1074 26 17 ny
683 1068 92 22 riktning,
789 1072 42 13 som
844 1066 90 18 framkal-

180 1096 29 18 lat
221 1096 100 24 beklaglig
333 1098 137 23 misstämning
481 1099 40 17 mot
534 1099 58 17 dessa
604 1098 113 23 föreningar
729 1098 37 18 och
777 1097 87 18 minskat
877 1096 56 18 deras

179 1126 57 18 såväl
253 1127 139 19 intellektuella
409 1134 41 12 som
463 1129 108 17 materiella
583 1128 74 18 krafter
670 1128 81 22 därhän,
765 1128 29 17 att
807 1127 61 22 något
880 1126 54 18 verk-

179 1157 53 17 samt
245 1157 114 23 ingripande
371 1158 43 18 icke
427 1158 44 18 från
484 1158 54 18 detta
549 1158 40 18 håll
601 1158 39 18 kan
653 1158 104 24 påräknas.

253 1187 29 17 Då
298 1187 33 18 det
348 1188 83 18 sålunda
443 1188 6 18 i
463 1188 46 24 följd
522 1189 23 17 af
554 1188 32 18 vid
601 1190 44 17 1891
660 1189 33 17 års
706 1188 94 22 landtdag
812 1186 36 19 och
861 1187 6 17 i
880 1186 55 18 detta

180 1216 101 18 memorial
297 1218 87 21 antydda
400 1218 166 23 omständigheter
585 1218 143 22 otvifvelaktigt
741 1218 23 18 är
776 1217 30 18 att
818 1216 74 22 befara,
905 1216 30 18 att

179 1244 25 19 de
221 1246 55 18 äldre
295 1247 114 18 arbetarnes
425 1248 140 23 undervisning
581 1248 121 18 fortfarande
714 1248 86 18 kommer
813 1247 29 17 att
854 1246 61 18 blifva
928 1246 7 18 i

179 1274 40 23 hög
237 1276 50 22 grad
303 1276 120 19 försummad
440 1283 30 13 om
483 1278 64 18 staten
561 1279 16 23 ej
591 1278 67 18 träder
670 1277 100 19 ordnande
782 1277 37 18 och
831 1276 103 24 hjelpande

179 1305 90 22 emellan,
286 1306 36 18 och
341 1307 48 17 enär
405 1307 162 19 arbetarekårens
580 1307 83 25 höjande
675 1308 7 17 i
695 1308 88 21 bildning
796 1306 138 22 obestridligen

179 1334 58 23 utgör
251 1336 32 17 det
295 1336 155 19 verksammaste
463 1337 118 19 korrektivet
593 1338 40 18 mot
645 1338 127 22 spridningen
784 1337 23 17 af
814 1337 24 17 de
846 1336 89 18 radikala

178 1364 60 23 ideer,
257 1370 40 14 som
314 1366 62 18 under
389 1371 70 14 senare
471 1367 28 18 tid
511 1367 74 23 begynt
597 1368 59 17 vinna
668 1367 66 23 insteg
746 1366 58 19 bland
818 1367 49 17 våra
880 1367 54 18 arbe-
