1023 1653
816 109 28 21 15

92 188 28 14 en
148 180 88 29 ganska
259 180 89 29 ensidig
368 180 97 22 relation
488 188 38 14 om
549 180 28 22 de
599 180 90 29 åsigter,
712 187 48 15 som
783 180 62 21 inom

93 216 98 22 Senaten
209 216 119 27 uttalades,
346 216 70 22 innan
432 216 93 22 ärendet
540 216 156 22 understäldes
712 216 64 22 Hans
790 216 55 28 Kej-

94 252 81 29 serliga
186 252 118 28 Majestäts
315 252 130 28 afgörande.
460 252 92 22 Främst
562 252 42 21 har
614 252 120 21 Utskottet
744 252 103 28 aftryckt

94 290 32 19 ett
146 288 78 28 längre
246 288 107 28 yttrande
376 287 26 22 af
420 288 86 21 vordne
527 287 81 22 chefen
623 287 36 22 för
675 287 171 29 militieexpedi-

94 323 77 22 tionen
195 323 221 29 generallöjtnanten
438 323 119 27 Järnefelt,
580 323 99 28 afgifvet
699 324 43 20 den
762 324 30 20 28
807 330 38 15 no-

95 359 91 22 vember
203 359 58 22 1895
276 359 37 21 vid
331 359 132 29 preliminär
473 359 141 29 behandling
625 359 26 22 af
659 367 27 14 en
696 359 52 22 från
757 359 89 21 kadett-

95 395 81 22 kårens
192 395 101 22 direktor
308 395 131 21 inkommen
455 395 170 29 framställning
640 402 38 15 om
693 395 106 29 åtgärder
811 395 36 21 till

95 431 155 22 förbättrande
272 431 26 21 af
315 431 195 28 undervisningen
530 431 8 21 i
553 431 70 29 ryska
639 431 43 22 ock
697 431 73 22 finska
786 433 61 27 språ-

94 467 51 25 ken,
162 467 35 22 uti
213 467 89 22 hvilket
316 467 107 28 yttrande
434 467 222 29 generallöjtnanten
666 467 118 28 Järnefelt,
796 467 51 22 med

95 503 165 21 framhållande
276 503 23 21 af
314 503 39 21 det
368 503 84 21 vackra
468 502 115 22 föredöme
599 503 69 28 ryska
682 510 76 14 armen
768 503 79 28 erbjöd

95 539 71 21 under
187 540 88 20 senaste
297 537 114 29 kampanj,
432 538 87 21 uttalar
542 538 159 22 allvarsamma
715 538 133 29 bekymmer

95 574 96 22 rörande
214 574 172 22 förhållandena
408 574 62 21 inom
491 576 41 20 vår
548 574 119 22 inhemska
682 574 84 22 militär
782 574 42 22 och
839 574 8 21 i

96 610 123 28 anledning
242 609 68 22 häraf
330 610 70 20 bland
416 612 70 19 annat
501 610 101 28 påyrkar
617 612 35 19 att
667 610 73 21 finska
755 610 93 28 språket

96 648 71 19 måtte
190 645 85 21 införas
298 647 74 19 såsom
396 645 187 28 grundläggande
607 646 68 28 språk
697 645 40 22 vid
758 645 89 21 kadett-

96 681 76 22 kåren.
204 681 53 21 Men
277 681 120 22 Utskottet
417 681 42 21 har
478 681 127 21 underlåtit
622 681 121 22 framhålla
757 683 35 20 att
808 681 39 22 vid

96 717 99 21 nämnda
209 717 165 21 sammanträde
390 724 28 14 en
434 724 74 14 annan
524 717 98 21 medlem
633 717 26 22 af
666 717 104 27 Senaten,
780 717 68 21 äfven

97 753 45 20 han
161 752 15 22 f.
194 752 20 21 d.
232 752 90 27 militär,
339 752 8 21 i
362 754 35 19 ett
412 752 80 29 längre
508 753 146 28 andragande
670 753 64 21 sökte
749 753 49 22 visa
814 754 34 20 att

98 787 79 22 chefen
201 787 35 22 för
259 787 241 30 militieexpeditionen
523 787 65 22 öfver
607 788 89 21 landets
717 788 132 21 officerskår

96 823 53 22 fällt
164 831 28 14 en
208 826 79 26 sträng
302 823 59 28 dom,
378 831 48 14 som
442 823 70 22 kåren
531 825 42 28 ,på
588 824 59 21 intet
660 826 46 19 sätt
716 823 130 29 förtjänat."

97 859 28 28 Ej
142 859 71 22 heller
228 859 41 22 har
284 859 120 22 Utskottet
419 861 75 19 ansett
507 859 82 29 nödigt
602 863 89 24 nämna,
703 861 34 20 att
748 859 29 22 då
785 863 63 18 ären-

97 897 38 20 det
150 895 58 22 efter
223 895 116 22 verkstäld
355 895 125 28 beredning
496 895 45 22 den
554 896 28 21 27
595 895 117 22 december
723 895 57 22 1896
791 903 57 21 upp-

96 934 53 26 togs
164 931 35 21 till
215 931 79 28 slutlig
308 931 146 28 behandling,
470 931 132 22 nuvarande
619 931 78 22 chefen
713 931 36 22 för
758 931 90 22 militie-

98 967 158 28 expeditionen
276 967 109 21 likaledes
400 967 8 21 i
424 969 34 19 ett
474 967 79 28 längre
569 967 145 28 andragande
729 967 119 21 förordade

98 1002 38 21 det
160 1001 26 22 af
207 1002 162 21 kadettkårens
394 1001 101 22 direktor
519 1002 43 21 och
582 1002 157 29 pedagogiska
763 1002 86 21 komité

97 1037 133 22 framstälda
245 1037 92 29 förslag.

168 1073 53 21 Kan
237 1073 39 22 det
292 1081 64 14 anses
371 1073 107 29 lämpligt
494 1076 41 25 att,
553 1076 74 19 såsom
637 1074 131 22 Utskottets
778 1073 71 29 majo-

97 1109 54 21 ritet
166 1109 95 27 förfarit,
278 1109 8 21 i
302 1111 33 19 ett
351 1109 88 28 ärende,
458 1109 68 22 hvars
541 1109 174 30 handläggning
729 1109 63 22 inom
802 1111 47 27 sty-

97 1144 73 22 relsen
185 1147 78 26 pågår,
280 1144 89 29 afgifva
384 1145 88 22 vitsord
488 1152 38 14 om
541 1145 134 22 uttalanden
686 1145 26 22 af
719 1145 131 28 Regentens

96 1180 136 29 rådgifvare,
257 1180 58 21 hade
335 1181 121 21 Utskottet
475 1181 137 21 åtminstone
629 1181 50 21 bort
694 1180 100 29 fullfölja
810 1181 40 21 sitt

97 1215 57 22 först
174 1215 105 30 inslagna
299 1216 129 21 förfarande
450 1216 42 21 och
512 1216 24 21 in
553 1219 92 19 extenso
661 1217 105 28 aftrycka
782 1218 68 19 samt-

97 1251 47 28 liga
170 1251 244 22 senats-medlemmars
437 1252 142 21 uttalanden.
614 1252 11 21 I
648 1252 76 21 stället
746 1252 42 21 har
807 1251 43 22 Ut-

98 1287 86 21 skottet
210 1287 147 28 godtyckligt
382 1287 121 29 utplockat
531 1287 103 22 enskilda
656 1288 99 29 punkter
776 1295 26 13 ur
823 1287 28 21 de

98 1322 88 28 afgifna
206 1322 137 28 yttrandena
362 1322 43 22 och
421 1322 35 22 för
467 1323 184 21 understödande
661 1322 27 22 af
694 1322 157 22 minoritetens

98 1358 60 28 åsigt
182 1360 112 26 upprepat
317 1366 28 13 en
369 1358 37 21 del
426 1358 99 29 tidigare
546 1358 137 22 framhållna
697 1359 56 22 skäl.
785 1358 65 21 Huru

97 1393 113 29 opartiskt
232 1393 120 22 Utskottet
374 1394 82 22 härvid
476 1394 91 22 förfarit
587 1394 102 29 framgår
703 1397 16 19 t.
737 1402 33 14 ex.
787 1393 68 22 deraf
