1020 1659
172 118 14 21 6
354 118 277 23 Petitionsbetänkande
647 118 44 23 N:o
707 118 37 22 58.

173 193 63 19 utom
248 190 34 22 alt
292 190 82 22 tvifvel
385 193 34 19 att
429 190 174 30 ifrågavarande
611 190 265 29 undervisningsföretag
886 190 38 22 be-

172 226 62 22 finna
251 226 36 29 sig
301 226 8 22 i
326 229 33 19 ett
369 227 93 29 prekärt
472 227 57 29 läge,
540 227 93 29 sålänge
644 227 27 21 de
681 226 144 22 uteslutande
836 226 53 22 bero
901 226 26 22 af

172 262 125 21 understöd
318 262 49 22 från
387 262 232 28 stadskommunerna,
638 262 79 22 hvilka
732 262 137 28 näppeligen
885 265 38 18 äro

172 298 106 28 benägna
293 300 34 20 att
341 300 56 27 göra
414 298 68 22 altför
500 301 62 19 stora
571 298 159 29 uppoffringar
740 298 36 21 för
786 298 76 21 saken.
889 298 35 21 De

171 334 125 28 uppgifter,
308 342 48 14 som
367 334 8 22 i
382 334 255 29 petitionsmemorialen
645 334 114 22 meddelas
768 336 73 20 såsom
849 341 74 14 exem-

170 369 38 29 pel
226 372 31 26 på
279 370 43 21 den
343 370 131 29 anslutning
494 370 79 28 dylika
589 370 201 22 elementarkurser
805 372 52 19 rönt
872 370 51 21 från

172 406 265 29 arbetarbefolkningens
456 406 54 27 sida,
527 406 65 29 gifva
608 406 59 22 dock
682 406 186 28 ovedersägligen
884 406 40 22 vid

171 441 91 22 handen
279 444 34 19 att
329 442 73 22 denna
418 442 321 29 undervisningsvärksamhet
748 442 55 28 fyllt
813 444 34 20 ett
856 442 67 22 värk-

170 477 44 29 ligt
230 477 73 22 behof
317 478 42 21 och
375 481 34 19 att
425 486 82 21 genom
523 478 50 22 dess
584 478 148 29 upphörande
748 485 27 14 en
791 478 133 28 nödvändig

170 513 87 21 vorden
273 513 54 22 länk
343 514 7 21 i
366 516 53 20 värt
433 514 243 29 folkbildningsarbete
692 514 72 21 skulle
779 513 113 22 bortfalla.

242 549 46 21 För
319 552 34 18 att
384 550 132 21 säkerställa
546 550 28 21 de
604 550 70 21 redan
700 550 7 20 i
733 551 63 27 gäng
824 549 99 22 varande

170 585 233 22 elementarkurserna
427 586 42 21 och
492 586 121 21 framkalla
635 593 46 21 nya
704 585 89 29 företag
816 587 24 19 af
859 585 64 21 detta

170 620 56 29 slag,
249 628 54 14 vore
323 621 39 21 det
382 622 76 21 därför
476 621 102 29 önskligt
595 624 35 19 att
645 624 75 19 staten
736 622 90 28 deltoge
842 621 8 21 i
865 629 58 21 upp-

169 656 166 22 rätthällandet
354 657 26 21 af
392 657 174 29 ifrägavarande
582 657 170 29 undervisning.
783 658 70 20 Detta
868 664 55 14 vore

170 692 69 22 äfven
262 692 8 22 i
293 692 43 22 full
356 693 233 22 öfverensstämmelse
609 694 52 20 med
677 693 43 21 den
739 693 94 29 princip,
850 700 49 14 som
915 693 7 21 i

169 730 53 20 värt
248 728 52 22 land
329 728 64 30 följts
417 729 140 22 beträffande
581 729 253 29 folkbildningsarbetet
858 729 66 21 öfver

170 764 98 22 hufvud.
302 764 92 22 Samma
417 765 55 28 skäl,
496 772 48 15 som
568 765 95 22 förmätt
685 768 74 18 staten
783 767 34 19 att
840 772 83 22 genom

170 800 203 29 subventionering
396 801 27 21 af
444 801 130 27 folkskolor,
598 801 218 22 handtvärksskolor
839 808 29 14 m.
892 808 29 14 m.

170 835 91 22 biträda
282 836 161 22 kommunerna
463 836 40 22 vid
524 837 190 29 tillgodoseendet
730 836 26 22 af
767 836 154 29 bildningsbe-

170 872 88 28 hofvet,
282 875 41 19 när
345 872 38 22 det
403 873 72 28 gäller
494 872 56 22 barn
571 873 54 21 eller
645 873 108 29 ungdom,
774 872 46 22 tala
836 872 36 22 för
888 875 35 19 att

169 907 83 29 bidrag
280 916 26 14 ur
337 908 113 22 allmänna
476 909 73 21 medel
570 909 88 28 jämväl
684 909 55 21 böra
768 908 95 29 beviljas
887 908 35 22 till

169 943 152 22 bekostandet
344 944 26 22 af
389 944 27 21 de
439 944 174 29 ifrägavarande
635 944 231 22 elementarkurserna
887 944 35 21 för

169 987 79 14 vuxna
259 980 108 21 arbetare,
392 980 76 22 Jämte
480 980 38 22 det
534 980 206 22 statsunderstödet
751 980 73 22 skulle
835 980 88 21 skänka

170 1016 76 21 denna
262 1016 320 29 undervisningsvärksamhet
598 1017 71 29 nödig
680 1016 110 22 stabilitet
800 1016 43 21 och
854 1016 68 21 äfven

169 1051 8 21 i
194 1051 109 29 fattigare
325 1052 135 22 kommuner
481 1052 136 29 möjliggöra
637 1052 187 29 igängsättandet
840 1051 26 22 af
878 1051 44 21 ele-

169 1088 175 28 mentarkurser,
365 1088 73 22 skulle
459 1088 91 29 önsklig
569 1089 100 21 kontroll
690 1088 64 22 öfver
774 1087 148 22 arbetarföre-

169 1123 124 29 ningarnas
301 1124 312 29 folkbildningssträfvanden
618 1124 132 29 härigenom
756 1124 77 21 kunna
838 1125 84 26 äväga-

169 1159 100 29 bringas,
285 1162 72 26 nägot
372 1167 49 14 som
436 1160 51 22 med
503 1160 88 29 hänsyn
602 1160 36 22 till
649 1160 28 22 de
688 1167 98 21 omogna
795 1159 126 27 tendenser,

168 1194 82 22 hvilka
269 1197 30 27 på
324 1203 77 14 senare
425 1196 58 21 tider
506 1196 87 22 kunnat
616 1203 94 15 varsnas
732 1196 62 20 inom
814 1195 61 21 vissa
899 1194 26 22 af

169 1230 65 22 dessa
250 1230 136 30 föreningar,
407 1231 125 29 ingalunda
550 1239 53 14 vore
620 1230 131 30 obehöfligt.
783 1230 138 22 Statsbidra-

168 1268 52 26 gets
235 1266 137 29 utgifvande
391 1267 75 21 kunde
490 1267 75 21 därför
587 1267 126 29 lämpligen
733 1266 116 22 förbindas
870 1266 51 21 med

168 1301 40 21 det
224 1302 81 28 vilkor,
322 1304 35 20 att
373 1302 113 28 kurserna,
503 1310 53 14 vare
572 1303 35 28 sig
623 1303 28 21 de
666 1302 107 22 inrättats
789 1302 27 22 af
823 1302 98 21 arbetar-

168 1336 107 30 förening
285 1338 54 21 eller
355 1346 73 14 annan
445 1338 151 30 korporation,
613 1338 91 29 ätnjuta
720 1338 80 28 anslag
810 1338 26 21 af
843 1337 78 22 veder-

167 1372 102 22 börande
285 1374 115 27 kommun,
417 1374 89 22 hvilket
522 1377 85 19 ansetts
622 1374 96 28 erbjuda
732 1373 91 29 garanti
838 1373 36 22 för
887 1375 35 19 att

168 1408 28 22 de
212 1412 116 19 motsvara
343 1410 74 22 afsedt
433 1410 111 22 ändamäl.

242 1458 107 18 Allmänna
362 1459 179 22 petitionsutskottets
554 1458 117 18 betänkande
684 1458 37 18 N:o
733 1458 31 18 30.
