1023 1656
166 135 32 25 sig
214 136 47 19 med
277 136 99 26 tillfälligt
391 136 82 20 arbete"
491 136 63 20 hafva
564 136 68 20 blifvit
642 136 92 20 räknade
744 138 15 18 t.
768 143 30 13 ex.
809 136 109 20 utöfvarne

166 165 22 20 af
212 165 162 27 hyrkuskyrket,
400 166 61 20 äfven
487 166 83 23 sådana,
596 173 43 14 som
665 166 8 20 i
696 166 32 20 sin
751 166 77 20 rörelse
851 167 67 19 såsom

165 195 95 20 biträden
280 196 91 20 användt
399 195 92 21 aflönade
512 196 85 25 tjenare,
622 197 151 25 byggmästare,
799 196 73 20 idkare
898 196 23 20 af

166 225 131 26 sjelfständig
312 226 168 26 handelsrörelse,
494 226 33 20 till
542 226 38 20 och
595 226 45 20 med
657 226 82 25 sådana,
756 232 42 14 som
809 226 7 19 i
826 226 26 20 de
862 226 55 20 kom-

165 255 82 19 munala
272 256 58 19 valen
353 256 78 20 enhvar
454 259 35 23 egt
512 256 28 20 25
561 258 72 18 röster.
664 256 70 20 Såsom
750 255 168 26 kofferdisjömän

166 284 62 20 hafva
244 292 26 12 ur
284 286 106 25 röstlängd
406 286 104 20 uteslutits
526 286 114 20 oberoende
655 289 53 23 män,
724 286 70 19 hvilka
811 286 107 20 benämnts

167 315 79 25 sjömän
262 315 22 19 af
298 315 38 20 den
352 316 66 25 orsak,
434 319 31 17 att
480 316 25 20 de
521 317 68 24 någon
604 317 56 25 gång
676 316 6 19 i
698 316 84 20 verlden
798 316 120 25 tjenstgjort

166 352 42 12 som
224 344 84 20 sådana.

238 375 38 19 Om
299 375 119 25 tolkningen
444 376 23 19 af
489 375 157 25 ifrågavarande
669 376 153 20 bestämmelser
840 376 77 19 tillåtes

165 404 86 20 fortfara
268 405 37 19 och
320 405 106 20 utvecklas
441 406 8 18 i
462 405 80 26 antydd
552 405 98 26 riktning,
661 406 90 19 kommer
762 412 46 13 man
820 405 96 25 slutligen

166 434 84 25 derhän,
275 437 30 17 att
324 435 71 19 endast
411 438 79 17 statens
506 436 38 19 ooh
560 435 212 26 stadsmyndigheters
788 435 128 26 tjenstemän,

165 464 175 26 pensionstagare,
364 468 29 16 ett
414 466 79 19 mindre
508 465 56 20 antal
579 465 117 20 handlande
712 466 37 19 och
764 465 65 19 andra
845 464 71 21 affärs-

165 494 72 20 idkare
262 494 104 20 äfvensom
388 496 65 24 några
469 495 44 19 rika
529 495 125 25 gårdsegare
670 498 34 16 äro
720 494 128 26 berättigade
864 497 30 17 att
909 495 7 19 i

165 524 34 19 val
218 524 23 20 af
256 524 157 26 landtdagsmän
432 526 31 18 till
479 525 175 25 Borgareståndet
670 525 86 25 deltaga.
787 525 48 19 Alla
850 524 66 20 andra

166 554 96 20 stadsbor
285 554 95 20 hänföras
403 555 32 19 till
458 555 108 25 kategorin
592 555 18 25 yi
629 562 68 12 annan
720 555 64 25 tjenst
807 554 106 20 anstälde"

165 582 51 21 eller
226 584 32 19 till
269 584 77 20 antalet
356 584 23 20 af
389 600 9 9 ,,
402 585 52 26 dem,
466 592 42 12 som
520 584 85 26 försörja
616 585 32 25 sig
658 584 46 20 med
715 584 99 26 tillfälligt
825 585 90 19 arbete".

167 613 24 25 »I
214 620 80 14 annans
316 614 76 26 tjenst*
417 614 46 20 med
486 616 42 18 års-
548 615 49 19 eller
612 615 120 19 månadslön
748 618 35 16 äro
799 618 14 16 t.
830 621 29 13 ex.
876 615 40 19 alla

165 643 158 26 privatbankers
347 644 37 20 och
405 644 64 20 andra
491 644 72 26 bolags
584 644 140 20 föreståndare
740 644 38 20 och
794 644 121 26 tjenstemän

164 673 42 19 lika
223 674 23 19 så
262 674 34 19 väl
312 681 41 13 som
369 674 93 20 handels-
479 675 37 19 och
532 674 164 20 fabriksaffärers
712 677 52 17 samt
779 674 137 20 handtverks-

164 703 100 20 rörelsers
280 703 115 26 förvaltare,
410 704 148 26 föreståndare,
575 704 77 26 tjenare
668 704 38 20 och
722 704 40 20 fast
778 704 94 20 anstälda
883 711 31 12 ar-

164 733 76 19 betare.
273 748 9 10 ,
286 734 47 19 Med
348 734 99 25 tillfälligt
463 734 81 20 arbete"
562 734 74 20 lifnära
652 734 32 26 sig
700 734 39 20 alla
755 734 32 25 de,
804 734 70 19 hvilka
889 735 27 25 pä

164 763 126 26 beställning
305 763 67 20 utföra
387 764 75 25 arbete,
478 764 80 20 säledes
573 767 74 17 nästan
663 764 40 20 alla
713 764 151 19 handtverkare
878 764 36 19 och

162 792 61 20 äfven
247 792 26 20 de
296 792 58 21 flesta
377 793 157 20 fabriksidkare.
572 794 31 20 De
624 794 58 20 flesta
698 793 126 26 gärdsegare
839 794 76 19 förlora

162 822 66 20 likasä
244 822 32 20 sin
292 826 91 22 rösträtt,
399 824 84 19 emedan
499 823 60 20 äfven
576 824 24 19 de
616 825 26 24 pä
658 826 42 18 sätt
711 824 49 19 eller
770 827 64 16 annat
844 824 71 18 kunna

162 859 50 12 vara
235 852 20 25 yi
276 860 78 12 annans
370 853 76 26 tjenst*
465 854 49 19 eller
529 853 98 20 förskaffa
643 854 33 24 sig
691 853 134 20 biinkomster
840 860 74 18 genom

164 897 4 9 »
170 882 109 26 tillfälligt
294 883 89 19 arbete”.

234 912 42 20 Det
291 912 57 20 torde
364 913 44 19 icke
424 913 88 19 behöfva
527 912 132 26 vidlyftigare
674 913 123 24 framhållas,
810 913 52 19 huru
874 912 41 20 oef-

162 940 100 27 tergifligt
283 942 34 20 det
338 945 27 22 är,
381 945 30 17 att
428 943 25 19 de
469 942 128 26 stadganden
613 943 6 19 i
636 944 26 18 12
680 943 12 25 8
708 943 23 19 L.
748 942 29 25 O.,
794 942 70 20 hvilka
880 943 33 19 be-

161 974 47 16 röra
224 974 112 18 rösträtten
355 972 35 20 vid
406 973 33 19 val
455 972 32 20 till
502 972 180 26 Borgareståndet,
699 973 22 19 så
737 975 59 17 snart
812 979 42 13 som
866 973 48 25 möj-

160 1000 40 26 ligt
215 1001 78 26 tydligt
309 1002 36 19 och
361 1002 54 20 klart
430 1002 120 20 formuleras
566 1005 52 17 samt
629 1005 30 17 att
670 1002 26 20 de
706 1002 83 25 obilliga
804 1002 109 20 inskränk-

161 1030 103 25 ningarna
279 1031 7 19 i
302 1031 101 20 desamma
419 1032 106 19 uteslutas.
556 1032 63 19 Detta
634 1031 54 26 syfte
704 1031 80 25 vinnes,
800 1038 31 13 om
848 1031 66 26 sagda

160 1061 110 24 paragrafs
287 1061 11 19 3
315 1068 57 13 mom.
384 1061 107 20 förändras
506 1061 8 20 i
530 1061 38 20 den
580 1061 98 26 riktning,
690 1068 42 13 som
743 1061 7 19 i
761 1061 153 20 ofvannämnda

161 1089 82 26 Nådiga
260 1091 124 25 proposition
400 1091 31 20 till
449 1092 56 19 1885
520 1092 33 19 års
564 1091 100 26 landtdag
674 1091 104 25 föreslogs,
790 1091 38 19 och
839 1091 73 20 formu-

160 1119 54 20 leras
230 1126 44 13 som
290 1120 68 25 följer:

307 1201 9 9 n
319 1186 95 24 Rösträtt
429 1186 121 20 tillkommer
566 1186 28 25 ej:

233 1239 82 24 gvinna,
330 1239 39 26 gift
385 1240 50 19 eller
451 1239 61 26 ogift;

233 1268 47 26 den,
296 1275 42 13 som
353 1272 23 17 är
391 1269 109 20 frälseman
517 1269 49 20 eller
581 1269 59 20 hörer
656 1270 32 19 till
703 1269 167 25 Presteständet
861 1264 13 35 ;

232 1299 151 25 gemenskapen
400 1299 34 19 vid
451 1299 24 20 de
491 1299 69 20 aktiva
575 1302 123 23 trupperna;

232 1327 91 26 lagstadt
339 1329 131 25 tjenstehjon;

232 1357 46 24 den,
294 1365 42 12 som
352 1358 67 20 häftar
435 1358 31 20 för
477 1358 50 20 flere
538 1362 25 16 än
574 1358 169 26 nästföregäende
754 1360 56 18 årets
822 1359 90 25 oguldna

159 1386 186 27 stadsutskylder.*
