1025 1656
175 79 13 21 2
355 79 279 23 Petitionsbetänkande
649 79 45 23 N:o
710 78 37 23 42.

175 150 35 22 för
233 158 29 14 en
285 150 169 30 framställning
476 152 36 20 till
535 152 134 28 regeringen
693 159 37 14 om
750 151 139 27 utvidgande
905 150 26 22 af

174 186 142 22 härvarande
336 187 80 29 judars
435 188 140 27 rättigheter,
594 188 78 21 dervid
689 189 40 20 två
745 187 66 21 stånd
827 187 102 21 förordat

175 222 133 22 tilldelande
332 223 26 22 af
378 223 150 29 fullständiga
551 223 183 29 medborgerliga
753 223 136 29 rättigheter
904 224 24 20 åt

172 258 104 28 judarne,
301 259 41 22 har
364 260 166 28 Lagutskottet
550 262 74 19 ansett
644 259 33 27 sig
693 259 39 22 vid
747 259 181 22 framställandet

175 294 26 22 af
221 295 87 29 förslag
328 296 36 20 till
385 296 221 29 sammanjemkning
624 296 56 21 böra
695 295 56 29 följa
767 303 28 13 en
810 295 118 27 medelväg

176 331 84 21 mellan
285 332 88 21 Preste-
399 332 43 21 och
467 332 189 22 Bondeståndens
679 332 75 21 beslut
777 334 14 19 &
809 339 42 14 ena
870 334 58 19 samt

174 367 169 30 Ridderskapet
367 368 42 22 och
432 368 86 22 Adelns
542 368 42 22 och
605 368 204 29 Borgareståndets
825 368 74 21 beslut
915 370 13 19 &

174 403 71 22 andra
268 404 64 21 sidan
353 404 102 29 sälunda,
472 407 34 20 att
522 404 36 22 till
573 404 75 30 grund
664 404 35 22 för
715 404 212 29 sammanjemknin-

174 447 44 21 gen
242 440 60 29 lagts
325 441 131 21 Utskottets
476 441 151 27 betänkande,
644 449 52 13 men
712 441 74 21 dertill
803 440 75 29 fogats
895 442 33 19 ett

174 475 83 30 tillägg
280 476 8 21 i
311 477 38 21 det
372 477 67 28 syfte,
465 479 34 20 att
522 477 126 29 petitionen
669 477 87 29 jemväl
780 477 89 22 komme
893 479 35 19 att

174 511 115 23 innehälla
310 513 168 29 framställning
495 521 36 14 om
547 513 113 29 utvidgad
675 513 138 28 näringsrätt
829 513 35 22 för
879 520 46 14 mo-

174 547 75 22 saiska
273 549 184 27 trosbekännare;
482 549 42 22 och
549 549 35 22 fär
598 550 121 21 Utskottet
734 549 62 29 förty
812 549 116 22 vördsamt

173 583 84 22 föreslä
288 587 34 18 att
353 584 126 22 Ständerna
508 585 54 22 ville
592 585 78 22 förena
699 585 35 29 sig
763 593 37 14 om
825 585 101 28 följande

174 619 120 22 klämmar:

460 659 32 20 att
515 658 35 21 det
565 657 8 22 i
589 657 244 28 Kansliexpeditionens
861 657 64 27 skrif-

389 693 55 22 velse
460 693 29 27 af
499 694 41 21 den
555 693 29 22 29
598 693 62 22 Mars
670 693 57 22 1889
738 694 103 27 stadgade
851 693 76 27 förbud

382 729 41 26 för
449 729 54 22 barn
528 731 24 26 af
574 729 108 22 mosaiska
706 729 169 27 trosförvandter
895 731 32 19 att

390 764 55 27 efter
465 765 104 28 ingånget
584 765 121 26 äktenskap
722 765 120 27 gvarblifva
857 765 8 20 i
881 765 46 21 lan-

390 801 34 21 det
439 801 67 27 blefve
522 801 130 27 upphäfvet;

461 838 32 20 att
511 836 79 27 judisk
606 836 89 27 kvinna,
712 843 43 14 som
772 836 66 28 ingär
853 835 73 22 äkten-

389 872 54 27 skap
459 873 47 21 med
516 872 78 28 judisk
605 879 58 20 man,
674 872 88 22 hvilken
775 872 47 21 med
833 871 94 28 behörigt

389 908 100 21 tillstånd
502 909 8 20 i
527 908 73 22 landet
621 909 33 28 sig
676 908 131 27 uppehåller,
822 907 57 28 finge
895 909 30 20 ät-

389 943 65 28 njuta
470 951 83 14 samma
568 946 44 19 rätt
628 944 34 21 till
678 943 85 22 vistelse
778 943 8 22 i
799 943 73 22 landet
883 951 42 14 som

388 987 96 14 mannen
490 986 6 19 ;

460 1017 31 20 att
505 1016 107 21 mosaiska
628 1015 169 22 trosbekännare
812 1016 64 21 mätte
891 1015 33 22 be-

389 1051 63 28 viljas
474 1053 44 20 rätt
534 1053 32 20 att
581 1051 8 22 i
605 1052 57 21 vissa
677 1051 36 27 för
728 1052 79 21 sådant
823 1052 102 21 ändamål

387 1087 26 27 af
436 1088 128 28 regeringen
586 1088 46 21 dem
648 1088 105 21 anvisade
769 1088 72 21 städer
857 1087 68 27 hafva

386 1130 123 21 synagogor
529 1124 37 21 och
582 1124 36 21 vid
633 1124 46 21 dem
696 1123 60 22 hålla
771 1123 77 22 rabbin
862 1123 63 28 jemte

387 1159 66 28 nödig
469 1159 121 28 betjening;
606 1159 111 28 äfvensom

459 1197 32 19 att
509 1195 95 22 bemälda
620 1195 169 22 trosbekännare
805 1195 118 27 tillförsäk-

386 1231 63 21 rades
474 1233 46 20 rätt
544 1233 30 20 att
597 1231 9 21 i
628 1233 70 20 större
721 1231 153 28 utsträckning
895 1234 29 19 än

386 1267 47 21 dem
448 1273 31 15 nu
495 1269 27 19 är
533 1265 118 30 medgifvet
666 1267 53 22 idka
735 1267 88 28 näring.

242 1330 144 30 Helsingfors
403 1332 43 21 den
463 1333 28 21 24
507 1333 45 28 Maj
572 1333 63 22 1897.

240 1420 129 23 Lagutskottets
381 1422 109 19 betänkande
502 1423 36 18 N:o
550 1424 18 17 8.
