<?xml version="1.0" encoding="UTF-8"?>
<alto xmlns="http://www.loc.gov/standards/alto/ns-v3#" xmlns:xlink="http://www.w3.org/1999/xlink" xmlns:xsi="http://www.w3.org/2001/XMLSchema-instance" xsi:schemaLocation="http://www.loc.gov/standards/alto/ns-v3# http://www.loc.gov/alto/v3/alto-3-0.xsd">
	<Description>
		<MeasurementUnit>pixel</MeasurementUnit>
		<sourceImageInformation>
			<fileName>/tmp/tess_xif9ymcw_input.PNG</fileName>
		</sourceImageInformation>
		<OCRProcessing ID="OCR_0">
			<ocrProcessingStep>
				<processingSoftware>
					<softwareName>tesseract 5.3.4</softwareName>
				</processingSoftware>
			</ocrProcessingStep>
		</OCRProcessing>
	</Description>
	<Layout>
		<Page WIDTH="1000" HEIGHT="1656" PHYSICAL_IMG_NR="0" ID="page_0">
			<PrintSpace HPOS="0" VPOS="0" WIDTH="1000" HEIGHT="1656">
				<ComposedBlock ID="cblock_0" HPOS="138" VPOS="216" WIDTH="618" HEIGHT="101">
					<TextBlock ID="block_0" HPOS="138" VPOS="216" WIDTH="618" HEIGHT="97">
						<TextLine ID="line_0" HPOS="290" VPOS="216" WIDTH="317" HEIGHT="28">
							<String ID="string_0" HPOS="290" VPOS="216" WIDTH="317" HEIGHT="28" WC="0.92" CONTENT="Petitionsmemorial."/>
						</TextLine>
						<TextLine ID="line_1" HPOS="138" VPOS="280" WIDTH="618" HEIGHT="37">
							<String ID="string_1" HPOS="138" VPOS="280" WIDTH="95" HEIGHT="37" WC="0.91" CONTENT="Borg.st."/><SP WIDTH="435" VPOS="280" HPOS="233"/>
							<String ID="string_2" HPOS="668" VPOS="284" WIDTH="39" HEIGHT="23" WC="0.96" CONTENT="N:o"/><SP WIDTH="15" VPOS="284" HPOS="707"/>
							<String ID="string_3" HPOS="722" VPOS="283" WIDTH="34" HEIGHT="23" WC="0.96" CONTENT="39."/>
						</TextLine>
					</TextBlock>
				</ComposedBlock>
				<ComposedBlock ID="cblock_1" HPOS="695" VPOS="454" WIDTH="133" HEIGHT="19">
					<TextBlock ID="block_1" HPOS="695" VPOS="454" WIDTH="133" HEIGHT="19">
						<TextLine ID="line_2" HPOS="695" VPOS="454" WIDTH="133" HEIGHT="19">
							<String ID="string_4" HPOS="695" VPOS="454" WIDTH="133" HEIGHT="19" WC="0.79" CONTENT="(Öfversättning.)"/>
						</TextLine>
					</TextBlock>
				</ComposedBlock>
				<ComposedBlock ID="cblock_2" HPOS="229" VPOS="544" WIDTH="443" HEIGHT="26">
					<TextBlock ID="block_2" HPOS="229" VPOS="544" WIDTH="443" HEIGHT="26">
						<TextLine ID="line_3" HPOS="229" VPOS="544" WIDTH="443" HEIGHT="26">
							<String ID="string_5" HPOS="229" VPOS="544" WIDTH="50" HEIGHT="20" WC="0.93" CONTENT="Till"/><SP WIDTH="14" VPOS="544" HPOS="279"/>
							<String ID="string_6" HPOS="293" VPOS="544" WIDTH="140" HEIGHT="26" WC="0.91" CONTENT="Vällofliga"/><SP WIDTH="15" VPOS="544" HPOS="433"/>
							<String ID="string_7" HPOS="448" VPOS="544" WIDTH="224" HEIGHT="26" WC="0.92" CONTENT="Borgareständet."/>
						</TextLine>
					</TextBlock>
				</ComposedBlock>
				<ComposedBlock ID="cblock_3" HPOS="72" VPOS="641" WIDTH="769" HEIGHT="834">
					<TextBlock ID="block_3" HPOS="72" VPOS="641" WIDTH="769" HEIGHT="834">
						<TextLine ID="line_4" HPOS="141" VPOS="641" WIDTH="688" HEIGHT="27">
							<String ID="string_8" HPOS="141" VPOS="643" WIDTH="45" HEIGHT="20" WC="0.96" CONTENT="Den"/><SP WIDTH="23" VPOS="643" HPOS="186"/>
							<String ID="string_9" HPOS="209" VPOS="642" WIDTH="131" HEIGHT="20" WC="0.92" CONTENT="kommunala"/><SP WIDTH="22" VPOS="642" HPOS="340"/>
							<String ID="string_10" HPOS="362" VPOS="642" WIDTH="152" HEIGHT="26" WC="0.91" CONTENT="sjelfstyrelsen"/><SP WIDTH="21" VPOS="642" HPOS="514"/>
							<String ID="string_11" HPOS="535" VPOS="642" WIDTH="8" HEIGHT="20" WC="0.96" CONTENT="i"/><SP WIDTH="22" VPOS="642" HPOS="543"/>
							<String ID="string_12" HPOS="565" VPOS="642" WIDTH="71" HEIGHT="20" WC="0.96" CONTENT="landet"/><SP WIDTH="19" VPOS="642" HPOS="636"/>
							<String ID="string_13" HPOS="655" VPOS="641" WIDTH="53" HEIGHT="21" WC="0.93" CONTENT="hade"/><SP WIDTH="18" VPOS="641" HPOS="708"/>
							<String ID="string_14" HPOS="726" VPOS="641" WIDTH="103" HEIGHT="26" WC="0.92" CONTENT="knappast"/>
						</TextLine>
						<TextLine ID="line_5" HPOS="72" VPOS="670" WIDTH="757" HEIGHT="28">
							<String ID="string_15" HPOS="72" VPOS="672" WIDTH="65" HEIGHT="26" WC="0.95" CONTENT="några"/><SP WIDTH="15" VPOS="672" HPOS="137"/>
							<String ID="string_16" HPOS="152" VPOS="673" WIDTH="23" HEIGHT="19" WC="0.96" CONTENT="är"/><SP WIDTH="14" VPOS="673" HPOS="175"/>
							<String ID="string_17" HPOS="189" VPOS="672" WIDTH="54" HEIGHT="20" WC="0.96" CONTENT="varit"/><SP WIDTH="14" VPOS="672" HPOS="243"/>
							<String ID="string_18" HPOS="257" VPOS="672" WIDTH="7" HEIGHT="19" WC="0.93" CONTENT="i"/><SP WIDTH="15" VPOS="672" HPOS="264"/>
							<String ID="string_19" HPOS="279" VPOS="672" WIDTH="140" HEIGHT="24" WC="0.91" CONTENT="värksamhet,"/><SP WIDTH="16" VPOS="672" HPOS="419"/>
							<String ID="string_20" HPOS="435" VPOS="671" WIDTH="26" HEIGHT="20" WC="0.96" CONTENT="dä"/><SP WIDTH="15" VPOS="671" HPOS="461"/>
							<String ID="string_21" HPOS="476" VPOS="671" WIDTH="36" HEIGHT="21" WC="0.93" CONTENT="vid"/><SP WIDTH="15" VPOS="671" HPOS="512"/>
							<String ID="string_22" HPOS="527" VPOS="671" WIDTH="126" HEIGHT="26" WC="0.92" CONTENT="landtdagen"/><SP WIDTH="15" VPOS="671" HPOS="653"/>
							<String ID="string_23" HPOS="668" VPOS="670" WIDTH="65" HEIGHT="20" WC="0.93" CONTENT="första"/><SP WIDTH="15" VPOS="670" HPOS="733"/>
							<String ID="string_24" HPOS="748" VPOS="671" WIDTH="81" HEIGHT="25" WC="0.95" CONTENT="gången"/>
						</TextLine>
						<TextLine ID="line_6" HPOS="73" VPOS="698" WIDTH="757" HEIGHT="28">
							<String ID="string_25" HPOS="73" VPOS="700" WIDTH="79" HEIGHT="26" WC="0.92" CONTENT="förslag"/><SP WIDTH="15" VPOS="700" HPOS="152"/>
							<String ID="string_26" HPOS="167" VPOS="700" WIDTH="86" HEIGHT="21" WC="0.96" CONTENT="väcktes"/><SP WIDTH="15" VPOS="700" HPOS="253"/>
							<String ID="string_27" HPOS="268" VPOS="708" WIDTH="32" HEIGHT="12" WC="0.96" CONTENT="om"/><SP WIDTH="16" VPOS="708" HPOS="300"/>
							<String ID="string_28" HPOS="316" VPOS="700" WIDTH="48" HEIGHT="20" WC="0.93" CONTENT="dess"/><SP WIDTH="15" VPOS="700" HPOS="364"/>
							<String ID="string_29" HPOS="379" VPOS="700" WIDTH="128" HEIGHT="26" WC="0.92" CONTENT="utvidgande"/><SP WIDTH="17" VPOS="700" HPOS="507"/>
							<String ID="string_30" HPOS="524" VPOS="700" WIDTH="32" HEIGHT="20" WC="0.93" CONTENT="till"/><SP WIDTH="15" VPOS="700" HPOS="556"/>
							<String ID="string_31" HPOS="571" VPOS="700" WIDTH="152" HEIGHT="20" WC="0.86" CONTENT="vidsträcktare"/><SP WIDTH="11" VPOS="700" HPOS="723"/>
							<String ID="string_32" HPOS="734" VPOS="698" WIDTH="96" HEIGHT="21" WC="0.95" CONTENT="områden"/>
						</TextLine>
						<TextLine ID="line_7" HPOS="74" VPOS="728" WIDTH="757" HEIGHT="27">
							<String ID="string_33" HPOS="74" VPOS="733" WIDTH="26" HEIGHT="16" WC="0.94" CONTENT="än"/><SP WIDTH="15" VPOS="733" HPOS="100"/>
							<String ID="string_34" HPOS="115" VPOS="730" WIDTH="140" HEIGHT="20" WC="0.93" CONTENT="kommunens."/><SP WIDTH="25" VPOS="730" HPOS="255"/>
							<String ID="string_35" HPOS="280" VPOS="729" WIDTH="73" HEIGHT="20" WC="0.93" CONTENT="Redan"/><SP WIDTH="15" VPOS="729" HPOS="353"/>
							<String ID="string_36" HPOS="368" VPOS="729" WIDTH="36" HEIGHT="20" WC="0.96" CONTENT="vid"/><SP WIDTH="18" VPOS="729" HPOS="404"/>
							<String ID="string_37" HPOS="422" VPOS="730" WIDTH="54" HEIGHT="20" WC="0.93" CONTENT="1872"/><SP WIDTH="16" VPOS="730" HPOS="476"/>
							<String ID="string_38" HPOS="492" VPOS="730" WIDTH="34" HEIGHT="19" WC="0.88" CONTENT="&amp;rs"/><SP WIDTH="15" VPOS="730" HPOS="526"/>
							<String ID="string_39" HPOS="541" VPOS="729" WIDTH="100" HEIGHT="26" WC="0.92" CONTENT="landtdag"/><SP WIDTH="15" VPOS="729" HPOS="641"/>
							<String ID="string_40" HPOS="656" VPOS="728" WIDTH="127" HEIGHT="20" WC="0.92" CONTENT="inlemnades"/><SP WIDTH="14" VPOS="728" HPOS="783"/>
							<String ID="string_41" HPOS="797" VPOS="728" WIDTH="34" HEIGHT="19" WC="0.96" CONTENT="till"/>
						</TextLine>
						<TextLine ID="line_8" HPOS="73" VPOS="756" WIDTH="758" HEIGHT="28">
							<String ID="string_42" HPOS="73" VPOS="758" WIDTH="177" HEIGHT="26" WC="0.88" CONTENT="Borgareständet"/><SP WIDTH="14" VPOS="758" HPOS="250"/>
							<String ID="string_43" HPOS="264" VPOS="760" WIDTH="31" HEIGHT="18" WC="0.93" CONTENT="ett"/><SP WIDTH="14" VPOS="760" HPOS="295"/>
							<String ID="string_44" HPOS="309" VPOS="758" WIDTH="186" HEIGHT="26" WC="0.92" CONTENT="petitionsförslag,"/><SP WIDTH="16" VPOS="758" HPOS="495"/>
							<String ID="string_45" HPOS="511" VPOS="758" WIDTH="44" HEIGHT="20" WC="0.93" CONTENT="deri"/><SP WIDTH="16" VPOS="758" HPOS="555"/>
							<String ID="string_46" HPOS="571" VPOS="758" WIDTH="100" HEIGHT="26" WC="0.93" CONTENT="föreslogs"/><SP WIDTH="12" VPOS="758" HPOS="671"/>
							<String ID="string_47" HPOS="683" VPOS="756" WIDTH="148" HEIGHT="27" WC="0.92" CONTENT="upprättandet"/>
						</TextLine>
						<TextLine ID="line_9" HPOS="74" VPOS="785" WIDTH="757" HEIGHT="28">
							<String ID="string_48" HPOS="74" VPOS="787" WIDTH="24" HEIGHT="20" WC="0.95" CONTENT="af"/><SP WIDTH="19" VPOS="787" HPOS="98"/>
							<String ID="string_49" HPOS="117" VPOS="794" WIDTH="25" HEIGHT="13" WC="0.93" CONTENT="en"/><SP WIDTH="21" VPOS="794" HPOS="142"/>
							<String ID="string_50" HPOS="163" VPOS="787" WIDTH="140" HEIGHT="26" WC="0.88" CONTENT="regelbunden"/><SP WIDTH="23" VPOS="787" HPOS="303"/>
							<String ID="string_51" HPOS="326" VPOS="787" WIDTH="165" HEIGHT="26" WC="0.96" CONTENT="representation"/><SP WIDTH="22" VPOS="787" HPOS="491"/>
							<String ID="string_52" HPOS="513" VPOS="787" WIDTH="7" HEIGHT="19" WC="0.96" CONTENT="i"/><SP WIDTH="23" VPOS="787" HPOS="520"/>
							<String ID="string_53" HPOS="543" VPOS="786" WIDTH="52" HEIGHT="20" WC="0.96" CONTENT="form"/><SP WIDTH="20" VPOS="786" HPOS="595"/>
							<String ID="string_54" HPOS="615" VPOS="786" WIDTH="23" HEIGHT="20" WC="0.93" CONTENT="af"/><SP WIDTH="15" VPOS="786" HPOS="638"/>
							<String ID="string_55" HPOS="653" VPOS="786" WIDTH="92" HEIGHT="26" WC="0.93" CONTENT="länsting"/><SP WIDTH="14" VPOS="786" HPOS="745"/>
							<String ID="string_56" HPOS="759" VPOS="785" WIDTH="32" HEIGHT="20" WC="0.96" CONTENT="för"/><SP WIDTH="16" VPOS="785" HPOS="791"/>
							<String ID="string_57" HPOS="807" VPOS="785" WIDTH="24" HEIGHT="20" WC="0.96" CONTENT="de"/>
						</TextLine>
						<TextLine ID="line_10" HPOS="74" VPOS="815" WIDTH="757" HEIGHT="27">
							<String ID="string_58" HPOS="74" VPOS="816" WIDTH="54" HEIGHT="20" WC="0.93" CONTENT="inom"/><SP WIDTH="19" VPOS="816" HPOS="128"/>
							<String ID="string_59" HPOS="147" VPOS="816" WIDTH="60" HEIGHT="20" WC="0.96" CONTENT="länen"/><SP WIDTH="15" VPOS="816" HPOS="207"/>
							<String ID="string_60" HPOS="222" VPOS="816" WIDTH="108" HEIGHT="26" WC="0.96" CONTENT="befintliga"/><SP WIDTH="16" VPOS="816" HPOS="330"/>
							<String ID="string_61" HPOS="346" VPOS="815" WIDTH="95" HEIGHT="21" WC="0.96" CONTENT="enskilda"/><SP WIDTH="14" VPOS="815" HPOS="441"/>
							<String ID="string_62" HPOS="455" VPOS="816" WIDTH="160" HEIGHT="20" WC="0.93" CONTENT="kommunernas"/><SP WIDTH="15" VPOS="816" HPOS="615"/>
							<String ID="string_63" HPOS="630" VPOS="822" WIDTH="151" HEIGHT="20" WC="0.93" CONTENT="gemensamma"/><SP WIDTH="15" VPOS="822" HPOS="781"/>
							<String ID="string_64" HPOS="796" VPOS="821" WIDTH="35" HEIGHT="13" WC="0.90" CONTENT="an-"/>
						</TextLine>
						<TextLine ID="line_11" HPOS="75" VPOS="843" WIDTH="758" HEIGHT="27">
							<String ID="string_65" HPOS="75" VPOS="844" WIDTH="152" HEIGHT="26" WC="0.92" CONTENT="gelägenheter."/><SP WIDTH="30" VPOS="844" HPOS="227"/>
							<String ID="string_66" HPOS="257" VPOS="844" WIDTH="83" HEIGHT="26" WC="0.96" CONTENT="Frågan"/><SP WIDTH="22" VPOS="844" HPOS="340"/>
							<String ID="string_67" HPOS="362" VPOS="845" WIDTH="76" HEIGHT="25" WC="0.95" CONTENT="ansågs"/><SP WIDTH="23" VPOS="845" HPOS="438"/>
							<String ID="string_68" HPOS="461" VPOS="844" WIDTH="115" HEIGHT="20" WC="0.95" CONTENT="emellertid"/><SP WIDTH="23" VPOS="844" HPOS="576"/>
							<String ID="string_69" HPOS="599" VPOS="844" WIDTH="26" HEIGHT="20" WC="0.96" CONTENT="då"/><SP WIDTH="21" VPOS="844" HPOS="625"/>
							<String ID="string_70" HPOS="646" VPOS="851" WIDTH="50" HEIGHT="13" WC="0.95" CONTENT="vara"/><SP WIDTH="21" VPOS="851" HPOS="696"/>
							<String ID="string_71" HPOS="717" VPOS="843" WIDTH="33" HEIGHT="20" WC="0.96" CONTENT="för"/><SP WIDTH="20" VPOS="843" HPOS="750"/>
							<String ID="string_72" HPOS="770" VPOS="843" WIDTH="63" HEIGHT="25" WC="0.95" CONTENT="tidigt"/>
						</TextLine>
						<TextLine ID="line_12" HPOS="74" VPOS="871" WIDTH="759" HEIGHT="28">
							<String ID="string_73" HPOS="74" VPOS="874" WIDTH="63" HEIGHT="19" WC="0.96" CONTENT="väckt"/><SP WIDTH="15" VPOS="874" HPOS="137"/>
							<String ID="string_74" HPOS="152" VPOS="873" WIDTH="38" HEIGHT="20" WC="0.96" CONTENT="och"/><SP WIDTH="15" VPOS="873" HPOS="190"/>
							<String ID="string_75" HPOS="205" VPOS="873" WIDTH="70" HEIGHT="20" WC="0.95" CONTENT="alltför"/><SP WIDTH="15" VPOS="873" HPOS="275"/>
							<String ID="string_76" HPOS="290" VPOS="880" WIDTH="93" HEIGHT="19" WC="0.95" CONTENT="omogen,"/><SP WIDTH="16" VPOS="880" HPOS="383"/>
							<String ID="string_77" HPOS="399" VPOS="873" WIDTH="84" HEIGHT="21" WC="0.96" CONTENT="hvarför"/><SP WIDTH="16" VPOS="873" HPOS="483"/>
							<String ID="string_78" HPOS="499" VPOS="873" WIDTH="40" HEIGHT="20" WC="0.96" CONTENT="den"/><SP WIDTH="15" VPOS="873" HPOS="539"/>
							<String ID="string_79" HPOS="554" VPOS="873" WIDTH="76" HEIGHT="21" WC="0.93" CONTENT="förföll."/><SP WIDTH="26" VPOS="873" HPOS="630"/>
							<String ID="string_80" HPOS="656" VPOS="873" WIDTH="48" HEIGHT="20" WC="0.96" CONTENT="Men"/><SP WIDTH="15" VPOS="873" HPOS="704"/>
							<String ID="string_81" HPOS="719" VPOS="872" WIDTH="63" HEIGHT="20" WC="0.96" CONTENT="redan"/><SP WIDTH="15" VPOS="872" HPOS="782"/>
							<String ID="string_82" HPOS="797" VPOS="871" WIDTH="36" HEIGHT="20" WC="0.96" CONTENT="vid"/>
						</TextLine>
						<TextLine ID="line_13" HPOS="75" VPOS="900" WIDTH="758" HEIGHT="28">
							<String ID="string_83" HPOS="75" VPOS="902" WIDTH="117" HEIGHT="26" WC="0.93" CONTENT="påföljande"/><SP WIDTH="23" VPOS="902" HPOS="192"/>
							<String ID="string_84" HPOS="215" VPOS="902" WIDTH="100" HEIGHT="26" WC="0.91" CONTENT="landtdag"/><SP WIDTH="21" VPOS="902" HPOS="315"/>
							<String ID="string_85" HPOS="336" VPOS="902" WIDTH="127" HEIGHT="20" WC="0.96" CONTENT="framträdde"/><SP WIDTH="20" VPOS="902" HPOS="463"/>
							<String ID="string_86" HPOS="483" VPOS="902" WIDTH="40" HEIGHT="20" WC="0.96" CONTENT="den"/><SP WIDTH="19" VPOS="902" HPOS="523"/>
							<String ID="string_87" HPOS="542" VPOS="903" WIDTH="49" HEIGHT="24" WC="0.95" CONTENT="åter,"/><SP WIDTH="16" VPOS="903" HPOS="591"/>
							<String ID="string_88" HPOS="607" VPOS="902" WIDTH="67" HEIGHT="20" WC="0.96" CONTENT="denna"/><SP WIDTH="15" VPOS="902" HPOS="674"/>
							<String ID="string_89" HPOS="689" VPOS="902" WIDTH="56" HEIGHT="26" WC="0.95" CONTENT="gång"/><SP WIDTH="14" VPOS="902" HPOS="745"/>
							<String ID="string_90" HPOS="759" VPOS="901" WIDTH="7" HEIGHT="19" WC="0.96" CONTENT="i"/><SP WIDTH="15" VPOS="901" HPOS="766"/>
							<String ID="string_91" HPOS="781" VPOS="900" WIDTH="52" HEIGHT="20" WC="0.96" CONTENT="form"/>
						</TextLine>
						<TextLine ID="line_14" HPOS="76" VPOS="930" WIDTH="756" HEIGHT="26">
							<String ID="string_92" HPOS="76" VPOS="930" WIDTH="23" HEIGHT="20" WC="0.95" CONTENT="af"/><SP WIDTH="12" VPOS="930" HPOS="99"/>
							<String ID="string_93" HPOS="111" VPOS="934" WIDTH="76" HEIGHT="17" WC="0.93" CONTENT="tvenne"/><SP WIDTH="15" VPOS="934" HPOS="187"/>
							<String ID="string_94" HPOS="202" VPOS="931" WIDTH="177" HEIGHT="25" WC="0.90" CONTENT="petitionsförslag"/><SP WIDTH="16" VPOS="931" HPOS="379"/>
							<String ID="string_95" HPOS="395" VPOS="931" WIDTH="7" HEIGHT="19" WC="0.96" CONTENT="i"/><SP WIDTH="10" VPOS="931" HPOS="402"/>
							<String ID="string_96" HPOS="412" VPOS="930" WIDTH="146" HEIGHT="26" WC="0.96" CONTENT="ridderskapet"/><SP WIDTH="11" VPOS="930" HPOS="558"/>
							<String ID="string_97" HPOS="569" VPOS="931" WIDTH="38" HEIGHT="20" WC="0.96" CONTENT="och"/><SP WIDTH="12" VPOS="931" HPOS="607"/>
							<String ID="string_98" HPOS="619" VPOS="931" WIDTH="59" HEIGHT="20" WC="0.96" CONTENT="adeln"/><SP WIDTH="12" VPOS="931" HPOS="678"/>
							<String ID="string_99" HPOS="690" VPOS="933" WIDTH="53" HEIGHT="17" WC="0.93" CONTENT="samt"/><SP WIDTH="10" VPOS="933" HPOS="743"/>
							<String ID="string_100" HPOS="753" VPOS="932" WIDTH="79" HEIGHT="24" WC="0.91" CONTENT="preste-"/>
						</TextLine>
						<TextLine ID="line_15" HPOS="76" VPOS="958" WIDTH="759" HEIGHT="28">
							<String ID="string_101" HPOS="76" VPOS="959" WIDTH="88" HEIGHT="25" WC="0.96" CONTENT="ståndet,"/><SP WIDTH="23" VPOS="959" HPOS="164"/>
							<String ID="string_102" HPOS="187" VPOS="959" WIDTH="71" HEIGHT="21" WC="0.96" CONTENT="hvilka"/><SP WIDTH="23" VPOS="959" HPOS="258"/>
							<String ID="string_103" HPOS="281" VPOS="960" WIDTH="101" HEIGHT="20" WC="0.96" CONTENT="hvardera"/><SP WIDTH="21" VPOS="960" HPOS="382"/>
							<String ID="string_104" HPOS="403" VPOS="960" WIDTH="80" HEIGHT="25" WC="0.96" CONTENT="förslag"/><SP WIDTH="15" VPOS="960" HPOS="483"/>
							<String ID="string_105" HPOS="498" VPOS="960" WIDTH="96" HEIGHT="26" WC="0.96" CONTENT="åsyftade"/><SP WIDTH="15" VPOS="960" HPOS="594"/>
							<String ID="string_106" HPOS="609" VPOS="959" WIDTH="108" HEIGHT="21" WC="0.96" CONTENT="införande"/><SP WIDTH="16" VPOS="959" HPOS="717"/>
							<String ID="string_107" HPOS="733" VPOS="958" WIDTH="23" HEIGHT="20" WC="0.96" CONTENT="af"/><SP WIDTH="13" VPOS="958" HPOS="756"/>
							<String ID="string_108" HPOS="769" VPOS="958" WIDTH="66" HEIGHT="26" WC="0.96" CONTENT="årliga"/>
						</TextLine>
						<TextLine ID="line_16" HPOS="75" VPOS="986" WIDTH="760" HEIGHT="29">
							<String ID="string_109" HPOS="75" VPOS="988" WIDTH="98" HEIGHT="26" WC="0.90" CONTENT="länsting."/><SP WIDTH="31" VPOS="988" HPOS="173"/>
							<String ID="string_110" HPOS="204" VPOS="988" WIDTH="30" HEIGHT="20" WC="0.96" CONTENT="På"/><SP WIDTH="22" VPOS="988" HPOS="234"/>
							<String ID="string_111" HPOS="256" VPOS="989" WIDTH="68" HEIGHT="25" WC="0.96" CONTENT="grund"/><SP WIDTH="22" VPOS="989" HPOS="324"/>
							<String ID="string_112" HPOS="346" VPOS="988" WIDTH="23" HEIGHT="20" WC="0.96" CONTENT="af"/><SP WIDTH="12" VPOS="988" HPOS="369"/>
							<String ID="string_113" HPOS="381" VPOS="989" WIDTH="115" HEIGHT="19" WC="0.93" CONTENT="utskottets"/><SP WIDTH="15" VPOS="989" HPOS="496"/>
							<String ID="string_114" HPOS="511" VPOS="988" WIDTH="147" HEIGHT="27" WC="0.91" CONTENT="tillstyrkande"/><SP WIDTH="15" VPOS="988" HPOS="658"/>
							<String ID="string_115" HPOS="673" VPOS="987" WIDTH="107" HEIGHT="21" WC="0.93" CONTENT="utlåtande"/><SP WIDTH="15" VPOS="987" HPOS="780"/>
							<String ID="string_116" HPOS="795" VPOS="986" WIDTH="40" HEIGHT="20" WC="0.93" CONTENT="för-"/>
						</TextLine>
						<TextLine ID="line_17" HPOS="76" VPOS="1016" WIDTH="758" HEIGHT="27">
							<String ID="string_117" HPOS="76" VPOS="1017" WIDTH="65" HEIGHT="20" WC="0.96" CONTENT="enade"/><SP WIDTH="16" VPOS="1017" HPOS="141"/>
							<String ID="string_118" HPOS="157" VPOS="1017" WIDTH="32" HEIGHT="26" WC="0.95" CONTENT="sig"/><SP WIDTH="16" VPOS="1017" HPOS="189"/>
							<String ID="string_119" HPOS="205" VPOS="1017" WIDTH="60" HEIGHT="20" WC="0.96" CONTENT="äfven"/><SP WIDTH="18" VPOS="1017" HPOS="265"/>
							<String ID="string_120" HPOS="283" VPOS="1018" WIDTH="112" HEIGHT="19" WC="0.96" CONTENT="ständerna"/><SP WIDTH="18" VPOS="1018" HPOS="395"/>
							<String ID="string_121" HPOS="413" VPOS="1017" WIDTH="68" HEIGHT="20" WC="0.96" CONTENT="denna"/><SP WIDTH="15" VPOS="1017" HPOS="481"/>
							<String ID="string_122" HPOS="496" VPOS="1018" WIDTH="55" HEIGHT="25" WC="0.96" CONTENT="gång"/><SP WIDTH="16" VPOS="1018" HPOS="551"/>
							<String ID="string_123" HPOS="567" VPOS="1025" WIDTH="32" HEIGHT="12" WC="0.96" CONTENT="om"/><SP WIDTH="16" VPOS="1025" HPOS="599"/>
							<String ID="string_124" HPOS="615" VPOS="1020" WIDTH="29" HEIGHT="17" WC="0.95" CONTENT="att"/><SP WIDTH="16" VPOS="1020" HPOS="644"/>
							<String ID="string_125" HPOS="660" VPOS="1017" WIDTH="37" HEIGHT="20" WC="0.95" CONTENT="hos"/><SP WIDTH="16" VPOS="1017" HPOS="697"/>
							<String ID="string_126" HPOS="713" VPOS="1016" WIDTH="121" HEIGHT="26" WC="0.96" CONTENT="regeringen"/>
						</TextLine>
						<TextLine ID="line_18" HPOS="76" VPOS="1045" WIDTH="758" HEIGHT="27">
							<String ID="string_127" HPOS="76" VPOS="1046" WIDTH="82" HEIGHT="19" WC="0.96" CONTENT="anhålla"/><SP WIDTH="22" VPOS="1046" HPOS="158"/>
							<String ID="string_128" HPOS="180" VPOS="1053" WIDTH="32" HEIGHT="12" WC="0.95" CONTENT="om"/><SP WIDTH="23" VPOS="1053" HPOS="212"/>
							<String ID="string_129" HPOS="235" VPOS="1046" WIDTH="63" HEIGHT="26" WC="0.95" CONTENT="nådig"/><SP WIDTH="22" VPOS="1046" HPOS="298"/>
							<String ID="string_130" HPOS="320" VPOS="1046" WIDTH="129" HEIGHT="26" WC="0.95" CONTENT="proposition"/><SP WIDTH="15" VPOS="1046" HPOS="449"/>
							<String ID="string_131" HPOS="464" VPOS="1046" WIDTH="107" HEIGHT="26" WC="0.93" CONTENT="angående"/><SP WIDTH="16" VPOS="1046" HPOS="571"/>
							<String ID="string_132" HPOS="587" VPOS="1045" WIDTH="247" HEIGHT="26" WC="0.91" CONTENT="länsrepresentationens"/>
						</TextLine>
						<TextLine ID="line_19" HPOS="77" VPOS="1074" WIDTH="758" HEIGHT="27">
							<String ID="string_133" HPOS="77" VPOS="1074" WIDTH="113" HEIGHT="21" WC="0.92" CONTENT="införande."/><SP WIDTH="31" VPOS="1074" HPOS="190"/>
							<String ID="string_134" HPOS="221" VPOS="1075" WIDTH="131" HEIGHT="26" WC="0.95" CONTENT="Regeringen"/><SP WIDTH="23" VPOS="1075" HPOS="352"/>
							<String ID="string_135" HPOS="375" VPOS="1075" WIDTH="89" HEIGHT="20" WC="0.95" CONTENT="tillsatte"/><SP WIDTH="16" VPOS="1075" HPOS="464"/>
							<String ID="string_136" HPOS="480" VPOS="1075" WIDTH="7" HEIGHT="19" WC="0.96" CONTENT="i"/><SP WIDTH="15" VPOS="1075" HPOS="487"/>
							<String ID="string_137" HPOS="502" VPOS="1075" WIDTH="113" HEIGHT="26" WC="0.96" CONTENT="anledning"/><SP WIDTH="14" VPOS="1075" HPOS="615"/>
							<String ID="string_138" HPOS="629" VPOS="1075" WIDTH="23" HEIGHT="20" WC="0.96" CONTENT="af"/><SP WIDTH="13" VPOS="1075" HPOS="652"/>
							<String ID="string_139" HPOS="665" VPOS="1075" WIDTH="67" HEIGHT="19" WC="0.96" CONTENT="denna"/><SP WIDTH="15" VPOS="1075" HPOS="732"/>
							<String ID="string_140" HPOS="747" VPOS="1074" WIDTH="88" HEIGHT="25" WC="0.95" CONTENT="petition"/>
						</TextLine>
						<TextLine ID="line_20" HPOS="77" VPOS="1103" WIDTH="760" HEIGHT="27">
							<String ID="string_141" HPOS="77" VPOS="1104" WIDTH="23" HEIGHT="19" WC="0.96" CONTENT="år"/><SP WIDTH="19" VPOS="1104" HPOS="100"/>
							<String ID="string_142" HPOS="119" VPOS="1104" WIDTH="53" HEIGHT="19" WC="0.96" CONTENT="1880"/><SP WIDTH="21" VPOS="1104" HPOS="172"/>
							<String ID="string_143" HPOS="193" VPOS="1110" WIDTH="24" HEIGHT="13" WC="0.93" CONTENT="en"/><SP WIDTH="20" VPOS="1110" HPOS="217"/>
							<String ID="string_144" HPOS="237" VPOS="1103" WIDTH="84" HEIGHT="25" WC="0.90" CONTENT="komité,"/><SP WIDTH="16" VPOS="1103" HPOS="321"/>
							<String ID="string_145" HPOS="337" VPOS="1103" WIDTH="85" HEIGHT="20" WC="0.93" CONTENT="hvilken"/><SP WIDTH="17" VPOS="1103" HPOS="422"/>
							<String ID="string_146" HPOS="439" VPOS="1103" WIDTH="52" HEIGHT="26" WC="0.91" CONTENT="egde"/><SP WIDTH="15" VPOS="1103" HPOS="491"/>
							<String ID="string_147" HPOS="506" VPOS="1106" WIDTH="94" HEIGHT="24" WC="0.91" CONTENT="uppgöra"/><SP WIDTH="14" VPOS="1106" HPOS="600"/>
							<String ID="string_148" HPOS="614" VPOS="1104" WIDTH="78" HEIGHT="25" WC="0.96" CONTENT="förslag"/><SP WIDTH="15" VPOS="1104" HPOS="692"/>
							<String ID="string_149" HPOS="707" VPOS="1103" WIDTH="33" HEIGHT="20" WC="0.96" CONTENT="till"/><SP WIDTH="15" VPOS="1103" HPOS="740"/>
							<String ID="string_150" HPOS="755" VPOS="1103" WIDTH="34" HEIGHT="26" WC="0.96" CONTENT="lag"/><SP WIDTH="16" VPOS="1103" HPOS="789"/>
							<String ID="string_151" HPOS="805" VPOS="1109" WIDTH="32" HEIGHT="13" WC="0.96" CONTENT="om"/>
						</TextLine>
						<TextLine ID="line_21" HPOS="77" VPOS="1131" WIDTH="759" HEIGHT="27">
							<String ID="string_152" HPOS="77" VPOS="1132" WIDTH="216" HEIGHT="25" WC="0.91" CONTENT="länsrepresentation,"/><SP WIDTH="19" VPOS="1132" HPOS="293"/>
							<String ID="string_153" HPOS="312" VPOS="1133" WIDTH="39" HEIGHT="19" WC="0.96" CONTENT="och"/><SP WIDTH="16" VPOS="1133" HPOS="351"/>
							<String ID="string_154" HPOS="367" VPOS="1132" WIDTH="36" HEIGHT="20" WC="0.96" CONTENT="vid"/><SP WIDTH="19" VPOS="1132" HPOS="403"/>
							<String ID="string_155" HPOS="422" VPOS="1133" WIDTH="55" HEIGHT="20" WC="0.96" CONTENT="1882"/><SP WIDTH="16" VPOS="1133" HPOS="477"/>
							<String ID="string_156" HPOS="493" VPOS="1133" WIDTH="33" HEIGHT="20" WC="0.93" CONTENT="års"/><SP WIDTH="15" VPOS="1133" HPOS="526"/>
							<String ID="string_157" HPOS="541" VPOS="1133" WIDTH="100" HEIGHT="25" WC="0.92" CONTENT="landtdag"/><SP WIDTH="15" VPOS="1133" HPOS="641"/>
							<String ID="string_158" HPOS="656" VPOS="1131" WIDTH="103" HEIGHT="21" WC="0.90" CONTENT="förelades"/><SP WIDTH="15" VPOS="1131" HPOS="759"/>
							<String ID="string_159" HPOS="774" VPOS="1131" WIDTH="62" HEIGHT="20" WC="0.95" CONTENT="sedan"/>
						</TextLine>
						<TextLine ID="line_22" HPOS="78" VPOS="1159" WIDTH="759" HEIGHT="28">
							<String ID="string_160" HPOS="78" VPOS="1161" WIDTH="111" HEIGHT="20" WC="0.96" CONTENT="ständerna"/><SP WIDTH="21" VPOS="1161" HPOS="189"/>
							<String ID="string_161" HPOS="210" VPOS="1167" WIDTH="24" HEIGHT="14" WC="0.96" CONTENT="en"/><SP WIDTH="16" VPOS="1167" HPOS="234"/>
							<String ID="string_162" HPOS="250" VPOS="1161" WIDTH="6" HEIGHT="19" WC="0.95" CONTENT="i"/><SP WIDTH="17" VPOS="1161" HPOS="256"/>
							<String ID="string_163" HPOS="273" VPOS="1161" WIDTH="93" HEIGHT="26" WC="0.96" CONTENT="enlighet"/><SP WIDTH="15" VPOS="1161" HPOS="366"/>
							<String ID="string_164" HPOS="381" VPOS="1161" WIDTH="46" HEIGHT="20" WC="0.93" CONTENT="med"/><SP WIDTH="15" VPOS="1161" HPOS="427"/>
							<String ID="string_165" HPOS="442" VPOS="1161" WIDTH="105" HEIGHT="20" WC="0.91" CONTENT="komiténs"/><SP WIDTH="15" VPOS="1161" HPOS="547"/>
							<String ID="string_166" HPOS="562" VPOS="1161" WIDTH="78" HEIGHT="26" WC="0.96" CONTENT="förslag"/><SP WIDTH="14" VPOS="1161" HPOS="640"/>
							<String ID="string_167" HPOS="654" VPOS="1160" WIDTH="105" HEIGHT="27" WC="0.96" CONTENT="uppgjord"/><SP WIDTH="15" VPOS="1160" HPOS="759"/>
							<String ID="string_168" HPOS="774" VPOS="1159" WIDTH="63" HEIGHT="26" WC="0.96" CONTENT="nådig"/>
						</TextLine>
						<TextLine ID="line_23" HPOS="78" VPOS="1189" WIDTH="760" HEIGHT="26">
							<String ID="string_169" HPOS="78" VPOS="1190" WIDTH="127" HEIGHT="25" WC="0.95" CONTENT="proposition"/><SP WIDTH="23" VPOS="1190" HPOS="205"/>
							<String ID="string_170" HPOS="228" VPOS="1190" WIDTH="6" HEIGHT="19" WC="0.96" CONTENT="i"/><SP WIDTH="23" VPOS="1190" HPOS="234"/>
							<String ID="string_171" HPOS="257" VPOS="1193" WIDTH="74" HEIGHT="17" WC="0.94" CONTENT="ämnet."/><SP WIDTH="32" VPOS="1193" HPOS="331"/>
							<String ID="string_172" HPOS="363" VPOS="1189" WIDTH="162" HEIGHT="21" WC="0.93" CONTENT="Vederbörande"/><SP WIDTH="22" VPOS="1189" HPOS="525"/>
							<String ID="string_173" HPOS="547" VPOS="1191" WIDTH="81" HEIGHT="20" WC="0.96" CONTENT="utskott"/><SP WIDTH="19" VPOS="1191" HPOS="628"/>
							<String ID="string_174" HPOS="647" VPOS="1189" WIDTH="74" HEIGHT="26" WC="0.96" CONTENT="vidtog"/><SP WIDTH="18" VPOS="1189" HPOS="721"/>
							<String ID="string_175" HPOS="739" VPOS="1189" WIDTH="48" HEIGHT="20" WC="0.93" CONTENT="flere"/><SP WIDTH="16" VPOS="1189" HPOS="787"/>
							<String ID="string_176" HPOS="803" VPOS="1192" WIDTH="35" HEIGHT="17" WC="0.92" CONTENT="än-"/>
						</TextLine>
						<TextLine ID="line_24" HPOS="78" VPOS="1217" WIDTH="760" HEIGHT="27">
							<String ID="string_177" HPOS="78" VPOS="1218" WIDTH="84" HEIGHT="26" WC="0.90" CONTENT="dringar"/><SP WIDTH="15" VPOS="1218" HPOS="162"/>
							<String ID="string_178" HPOS="177" VPOS="1219" WIDTH="7" HEIGHT="18" WC="0.96" CONTENT="i"/><SP WIDTH="15" VPOS="1219" HPOS="184"/>
							<String ID="string_179" HPOS="199" VPOS="1219" WIDTH="162" HEIGHT="25" WC="0.96" CONTENT="propositionen,"/><SP WIDTH="16" VPOS="1219" HPOS="361"/>
							<String ID="string_180" HPOS="377" VPOS="1225" WIDTH="46" HEIGHT="14" WC="0.96" CONTENT="men"/><SP WIDTH="16" VPOS="1225" HPOS="423"/>
							<String ID="string_181" HPOS="439" VPOS="1218" WIDTH="110" HEIGHT="21" WC="0.96" CONTENT="förordade"/><SP WIDTH="16" VPOS="1218" HPOS="549"/>
							<String ID="string_182" HPOS="565" VPOS="1219" WIDTH="54" HEIGHT="20" WC="0.96" CONTENT="dock"/><SP WIDTH="15" VPOS="1219" HPOS="619"/>
							<String ID="string_183" HPOS="634" VPOS="1219" WIDTH="6" HEIGHT="19" WC="0.93" CONTENT="i"/><SP WIDTH="15" VPOS="1219" HPOS="640"/>
							<String ID="string_184" HPOS="655" VPOS="1218" WIDTH="119" HEIGHT="21" WC="0.91" CONTENT="hufvudsak"/><SP WIDTH="15" VPOS="1218" HPOS="774"/>
							<String ID="string_185" HPOS="789" VPOS="1217" WIDTH="49" HEIGHT="20" WC="0.96" CONTENT="dess"/>
						</TextLine>
						<TextLine ID="line_25" HPOS="79" VPOS="1246" WIDTH="760" HEIGHT="27">
							<String ID="string_186" HPOS="79" VPOS="1247" WIDTH="150" HEIGHT="26" WC="0.96" CONTENT="godkännande"/><SP WIDTH="24" VPOS="1247" HPOS="229"/>
							<String ID="string_187" HPOS="253" VPOS="1247" WIDTH="22" HEIGHT="20" WC="0.96" CONTENT="af"/><SP WIDTH="20" VPOS="1247" HPOS="275"/>
							<String ID="string_188" HPOS="295" VPOS="1247" WIDTH="119" HEIGHT="21" WC="0.92" CONTENT="ständerna."/><SP WIDTH="29" VPOS="1247" HPOS="414"/>
							<String ID="string_189" HPOS="443" VPOS="1247" WIDTH="118" HEIGHT="20" WC="0.91" CONTENT="Ständerna"/><SP WIDTH="22" VPOS="1247" HPOS="561"/>
							<String ID="string_190" HPOS="583" VPOS="1248" WIDTH="68" HEIGHT="19" WC="0.92" CONTENT="hunno"/><SP WIDTH="24" VPOS="1248" HPOS="651"/>
							<String ID="string_191" HPOS="675" VPOS="1247" WIDTH="53" HEIGHT="20" WC="0.96" CONTENT="dock"/><SP WIDTH="23" VPOS="1247" HPOS="728"/>
							<String ID="string_192" HPOS="751" VPOS="1246" WIDTH="46" HEIGHT="21" WC="0.96" CONTENT="icke"/><SP WIDTH="19" VPOS="1246" HPOS="797"/>
							<String ID="string_193" HPOS="816" VPOS="1247" WIDTH="23" HEIGHT="19" WC="0.96" CONTENT="så"/>
						</TextLine>
						<TextLine ID="line_26" HPOS="79" VPOS="1274" WIDTH="761" HEIGHT="28">
							<String ID="string_194" HPOS="79" VPOS="1276" WIDTH="107" HEIGHT="25" WC="0.95" CONTENT="grundligt"/><SP WIDTH="22" VPOS="1276" HPOS="186"/>
							<String ID="string_195" HPOS="208" VPOS="1276" WIDTH="104" HEIGHT="20" WC="0.96" CONTENT="behandla"/><SP WIDTH="22" VPOS="1276" HPOS="312"/>
							<String ID="string_196" HPOS="334" VPOS="1276" WIDTH="81" HEIGHT="26" WC="0.96" CONTENT="frågan,"/><SP WIDTH="22" VPOS="1276" HPOS="415"/>
							<String ID="string_197" HPOS="437" VPOS="1283" WIDTH="45" HEIGHT="13" WC="0.96" CONTENT="som"/><SP WIDTH="23" VPOS="1283" HPOS="482"/>
							<String ID="string_198" HPOS="505" VPOS="1276" WIDTH="47" HEIGHT="21" WC="0.96" CONTENT="dess"/><SP WIDTH="23" VPOS="1276" HPOS="552"/>
							<String ID="string_199" HPOS="575" VPOS="1277" WIDTH="45" HEIGHT="25" WC="0.96" CONTENT="vigt"/><SP WIDTH="18" VPOS="1277" HPOS="620"/>
							<String ID="string_200" HPOS="638" VPOS="1275" WIDTH="103" HEIGHT="25" WC="0.96" CONTENT="fordrade,"/><SP WIDTH="16" VPOS="1275" HPOS="741"/>
							<String ID="string_201" HPOS="757" VPOS="1274" WIDTH="83" HEIGHT="21" WC="0.96" CONTENT="hvarför"/>
						</TextLine>
						<TextLine ID="line_27" HPOS="80" VPOS="1303" WIDTH="759" HEIGHT="28">
							<String ID="string_202" HPOS="80" VPOS="1305" WIDTH="118" HEIGHT="20" WC="0.96" CONTENT="densamma"/><SP WIDTH="15" VPOS="1305" HPOS="198"/>
							<String ID="string_203" HPOS="213" VPOS="1305" WIDTH="68" HEIGHT="20" WC="0.96" CONTENT="denna"/><SP WIDTH="14" VPOS="1305" HPOS="281"/>
							<String ID="string_204" HPOS="295" VPOS="1305" WIDTH="57" HEIGHT="26" WC="0.96" CONTENT="gång"/><SP WIDTH="15" VPOS="1305" HPOS="352"/>
							<String ID="string_205" HPOS="367" VPOS="1305" WIDTH="41" HEIGHT="20" WC="0.95" CONTENT="fick"/><SP WIDTH="16" VPOS="1305" HPOS="408"/>
							<String ID="string_206" HPOS="424" VPOS="1305" WIDTH="89" HEIGHT="21" WC="0.94" CONTENT="förfalla."/><SP WIDTH="25" VPOS="1305" HPOS="513"/>
							<String ID="string_207" HPOS="538" VPOS="1305" WIDTH="132" HEIGHT="26" WC="0.91" CONTENT="Regeringen"/><SP WIDTH="11" VPOS="1305" HPOS="670"/>
							<String ID="string_208" HPOS="681" VPOS="1304" WIDTH="94" HEIGHT="21" WC="0.91" CONTENT="lemnade"/><SP WIDTH="12" VPOS="1304" HPOS="775"/>
							<String ID="string_209" HPOS="787" VPOS="1303" WIDTH="52" HEIGHT="20" WC="0.96" CONTENT="dock"/>
						</TextLine>
						<TextLine ID="line_28" HPOS="79" VPOS="1333" WIDTH="760" HEIGHT="27">
							<String ID="string_210" HPOS="79" VPOS="1333" WIDTH="46" HEIGHT="20" WC="0.96" CONTENT="icke"/><SP WIDTH="22" VPOS="1333" HPOS="125"/>
							<String ID="string_211" HPOS="147" VPOS="1333" WIDTH="64" HEIGHT="20" WC="0.96" CONTENT="saken"/><SP WIDTH="18" VPOS="1333" HPOS="211"/>
							<String ID="string_212" HPOS="229" VPOS="1333" WIDTH="111" HEIGHT="25" WC="0.96" CONTENT="beroende,"/><SP WIDTH="15" VPOS="1333" HPOS="340"/>
							<String ID="string_213" HPOS="355" VPOS="1336" WIDTH="49" HEIGHT="17" WC="0.96" CONTENT="utan"/><SP WIDTH="17" VPOS="1336" HPOS="404"/>
							<String ID="string_214" HPOS="421" VPOS="1333" WIDTH="88" HEIGHT="21" WC="0.96" CONTENT="tillsatte"/><SP WIDTH="16" VPOS="1333" HPOS="509"/>
							<String ID="string_215" HPOS="525" VPOS="1341" WIDTH="25" HEIGHT="13" WC="0.96" CONTENT="en"/><SP WIDTH="15" VPOS="1341" HPOS="550"/>
							<String ID="string_216" HPOS="565" VPOS="1341" WIDTH="28" HEIGHT="19" WC="0.93" CONTENT="ny"/><SP WIDTH="15" VPOS="1341" HPOS="593"/>
							<String ID="string_217" HPOS="608" VPOS="1334" WIDTH="83" HEIGHT="24" WC="0.93" CONTENT="komité,"/><SP WIDTH="16" VPOS="1334" HPOS="691"/>
							<String ID="string_218" HPOS="707" VPOS="1333" WIDTH="85" HEIGHT="20" WC="0.93" CONTENT="hvilken"/><SP WIDTH="16" VPOS="1333" HPOS="792"/>
							<String ID="string_219" HPOS="808" VPOS="1339" WIDTH="31" HEIGHT="13" WC="0.92" CONTENT="er-"/>
						</TextLine>
						<TextLine ID="line_29" HPOS="79" VPOS="1361" WIDTH="762" HEIGHT="27">
							<String ID="string_220" HPOS="79" VPOS="1362" WIDTH="42" HEIGHT="20" WC="0.96" CONTENT="höll"/><SP WIDTH="16" VPOS="1362" HPOS="121"/>
							<String ID="string_221" HPOS="137" VPOS="1363" WIDTH="6" HEIGHT="18" WC="0.96" CONTENT="i"/><SP WIDTH="15" VPOS="1363" HPOS="143"/>
							<String ID="string_222" HPOS="158" VPOS="1362" WIDTH="96" HEIGHT="26" WC="0.96" CONTENT="uppdrag"/><SP WIDTH="15" VPOS="1362" HPOS="254"/>
							<String ID="string_223" HPOS="269" VPOS="1365" WIDTH="36" HEIGHT="22" WC="0.96" CONTENT="att,"/><SP WIDTH="17" VPOS="1365" HPOS="305"/>
							<String ID="string_224" HPOS="322" VPOS="1362" WIDTH="47" HEIGHT="20" WC="0.96" CONTENT="med"/><SP WIDTH="15" VPOS="1362" HPOS="369"/>
							<String ID="string_225" HPOS="384" VPOS="1362" WIDTH="118" HEIGHT="21" WC="0.96" CONTENT="beaktande"/><SP WIDTH="15" VPOS="1362" HPOS="502"/>
							<String ID="string_226" HPOS="517" VPOS="1362" WIDTH="23" HEIGHT="21" WC="0.96" CONTENT="af"/><SP WIDTH="9" VPOS="1362" HPOS="540"/>
							<String ID="string_227" HPOS="549" VPOS="1363" WIDTH="24" HEIGHT="20" WC="0.96" CONTENT="de"/><SP WIDTH="11" VPOS="1363" HPOS="573"/>
							<String ID="string_228" HPOS="584" VPOS="1363" WIDTH="54" HEIGHT="20" WC="0.95" CONTENT="inom"/><SP WIDTH="11" VPOS="1363" HPOS="638"/>
							<String ID="string_229" HPOS="649" VPOS="1361" WIDTH="88" HEIGHT="21" WC="0.96" CONTENT="stånden"/><SP WIDTH="12" VPOS="1361" HPOS="737"/>
							<String ID="string_230" HPOS="749" VPOS="1361" WIDTH="92" HEIGHT="20" WC="0.94" CONTENT="uttalade"/>
						</TextLine>
						<TextLine ID="line_30" HPOS="80" VPOS="1389" WIDTH="760" HEIGHT="28">
							<String ID="string_231" HPOS="80" VPOS="1391" WIDTH="112" HEIGHT="25" WC="0.90" CONTENT="åsigterna,"/><SP WIDTH="16" VPOS="1391" HPOS="192"/>
							<String ID="string_232" HPOS="208" VPOS="1391" WIDTH="52" HEIGHT="26" WC="0.96" CONTENT="ånyo"/><SP WIDTH="17" VPOS="1391" HPOS="260"/>
							<String ID="string_233" HPOS="277" VPOS="1393" WIDTH="48" HEIGHT="24" WC="0.95" CONTENT="taga"/><SP WIDTH="16" VPOS="1393" HPOS="325"/>
							<String ID="string_234" HPOS="341" VPOS="1391" WIDTH="64" HEIGHT="20" WC="0.96" CONTENT="saken"/><SP WIDTH="16" VPOS="1391" HPOS="405"/>
							<String ID="string_235" HPOS="421" VPOS="1391" WIDTH="66" HEIGHT="20" WC="0.92" CONTENT="under"/><SP WIDTH="16" VPOS="1391" HPOS="487"/>
							<String ID="string_236" HPOS="503" VPOS="1391" WIDTH="97" HEIGHT="26" WC="0.92" CONTENT="pröfning"/><SP WIDTH="15" VPOS="1391" HPOS="600"/>
							<String ID="string_237" HPOS="615" VPOS="1394" WIDTH="53" HEIGHT="17" WC="0.96" CONTENT="samt"/><SP WIDTH="12" VPOS="1394" HPOS="668"/>
							<String ID="string_238" HPOS="680" VPOS="1390" WIDTH="109" HEIGHT="21" WC="0.96" CONTENT="förbereda"/><SP WIDTH="11" VPOS="1390" HPOS="789"/>
							<String ID="string_239" HPOS="800" VPOS="1389" WIDTH="40" HEIGHT="20" WC="0.96" CONTENT="den"/>
						</TextLine>
						<TextLine ID="line_31" HPOS="81" VPOS="1419" WIDTH="760" HEIGHT="26">
							<String ID="string_240" HPOS="81" VPOS="1419" WIDTH="6" HEIGHT="19" WC="0.96" CONTENT="i"/><SP WIDTH="23" VPOS="1419" HPOS="87"/>
							<String ID="string_241" HPOS="110" VPOS="1419" WIDTH="47" HEIGHT="20" WC="0.96" CONTENT="hela"/><SP WIDTH="22" VPOS="1419" HPOS="157"/>
							<String ID="string_242" HPOS="179" VPOS="1419" WIDTH="49" HEIGHT="20" WC="0.96" CONTENT="dess"/><SP WIDTH="24" VPOS="1419" HPOS="228"/>
							<String ID="string_243" HPOS="252" VPOS="1419" WIDTH="55" HEIGHT="21" WC="0.96" CONTENT="vidd."/><SP WIDTH="32" VPOS="1419" HPOS="307"/>
							<String ID="string_244" HPOS="339" VPOS="1419" WIDTH="74" HEIGHT="21" WC="0.93" CONTENT="Denna"/><SP WIDTH="20" VPOS="1419" HPOS="413"/>
							<String ID="string_245" HPOS="433" VPOS="1420" WIDTH="85" HEIGHT="25" WC="0.92" CONTENT="komité,"/><SP WIDTH="16" VPOS="1420" HPOS="518"/>
							<String ID="string_246" HPOS="534" VPOS="1427" WIDTH="44" HEIGHT="13" WC="0.93" CONTENT="som"/><SP WIDTH="15" VPOS="1427" HPOS="578"/>
							<String ID="string_247" HPOS="593" VPOS="1420" WIDTH="49" HEIGHT="20" WC="0.93" CONTENT="aflät"/><SP WIDTH="14" VPOS="1420" HPOS="642"/>
							<String ID="string_248" HPOS="656" VPOS="1420" WIDTH="38" HEIGHT="20" WC="0.96" CONTENT="sitt"/><SP WIDTH="15" VPOS="1420" HPOS="694"/>
							<String ID="string_249" HPOS="709" VPOS="1419" WIDTH="132" HEIGHT="20" WC="0.96" CONTENT="betänkande"/>
						</TextLine>
						<TextLine ID="line_32" HPOS="81" VPOS="1447" WIDTH="760" HEIGHT="28">
							<String ID="string_250" HPOS="81" VPOS="1449" WIDTH="23" HEIGHT="18" WC="0.96" CONTENT="år"/><SP WIDTH="26" VPOS="1449" HPOS="104"/>
							<String ID="string_251" HPOS="130" VPOS="1449" WIDTH="59" HEIGHT="23" WC="0.96" CONTENT="1883,"/><SP WIDTH="23" VPOS="1449" HPOS="189"/>
							<String ID="string_252" HPOS="212" VPOS="1448" WIDTH="115" HEIGHT="26" WC="0.96" CONTENT="uppgjorde"/><SP WIDTH="25" VPOS="1448" HPOS="327"/>
							<String ID="string_253" HPOS="352" VPOS="1451" WIDTH="31" HEIGHT="17" WC="0.96" CONTENT="ett"/><SP WIDTH="22" VPOS="1451" HPOS="383"/>
							<String ID="string_254" HPOS="405" VPOS="1448" WIDTH="86" HEIGHT="27" WC="0.95" CONTENT="förslag,"/><SP WIDTH="26" VPOS="1448" HPOS="491"/>
							<String ID="string_255" HPOS="517" VPOS="1449" WIDTH="81" HEIGHT="20" WC="0.96" CONTENT="hvilket"/><SP WIDTH="14" VPOS="1449" HPOS="598"/>
							<String ID="string_256" HPOS="612" VPOS="1449" WIDTH="7" HEIGHT="19" WC="0.96" CONTENT="i"/><SP WIDTH="16" VPOS="1449" HPOS="619"/>
							<String ID="string_257" HPOS="635" VPOS="1449" WIDTH="73" HEIGHT="25" WC="0.93" CONTENT="många"/><SP WIDTH="23" VPOS="1449" HPOS="708"/>
							<String ID="string_258" HPOS="731" VPOS="1447" WIDTH="110" HEIGHT="20" WC="0.90" CONTENT="afseenden"/>
						</TextLine>
					</TextBlock>
				</ComposedBlock>
			</PrintSpace>
		</Page>
	</Layout>
</alto>
