1020 1653
103 141 71 19 kunna
188 140 97 20 utveckla
305 141 37 25 sig.
374 141 38 20 Om
427 141 103 25 nämligen
546 141 167 19 statsunderstöd
728 142 46 19 icke
790 141 66 20 bevil-

101 171 33 25 jas
157 172 21 18 åt
201 170 77 20 sådana
301 170 248 26 fortbildningsläroverk,
565 173 49 17 utan
631 170 89 20 tilldelas
736 171 121 24 samskolor,

105 201 65 19 såsom
186 207 28 13 nu
231 200 53 25 sker,
301 201 23 19 så
339 200 71 20 kunna
426 200 243 26 fortbildningsläroverk
685 200 45 20 icke
746 201 7 19 i
769 200 89 26 längden

104 230 45 20 med
176 230 93 20 enskilda
295 230 66 20 medel
384 230 120 26 uppehållas
527 230 38 20 och
584 230 107 23 föräldrar,
708 237 42 13 som
766 230 92 20 önskade

104 263 31 17 att
157 260 60 20 deras
240 260 80 19 döttrar
342 260 76 20 erhölle
441 260 64 25 högre
529 260 100 25 bildning,
653 263 35 17 äro
712 265 93 21 tvungna
827 263 31 17 att

104 292 54 18 sätta
184 290 60 19 dessa
267 289 6 19 i
297 290 118 20 samskolor.
454 290 91 20 Sålunda
568 290 110 25 befrämjar
701 290 122 26 regeringen
850 290 7 19 i

104 319 72 26 sjelfva
192 319 72 20 verket
280 319 90 25 ensidigt
386 320 165 25 samuppfostran
567 322 52 17 samt
635 320 92 19 hämmar
744 320 114 19 medelbart

104 349 246 20 fruntimmersskolornas
366 349 125 26 utveckling.
522 349 63 20 Detta
600 350 44 19 åter
660 350 45 19 står
720 349 44 20 icke
781 350 6 19 i
806 356 51 13 sam-

103 379 64 25 klang
189 378 46 21 med
259 379 38 19 den
319 379 126 20 omvårdnad
461 379 121 26 regeringen
598 379 103 20 härintills
718 382 61 23 egnat
795 379 25 20 de
838 379 22 20 af

105 409 117 20 densamma
249 408 103 20 inrättade
375 408 241 21 fruntimmersskolorna.
656 409 78 20 Genom
757 412 31 17 att
810 410 48 19 åter

104 439 126 20 understöda
246 439 63 25 enligt
325 439 55 19 olika
395 439 103 26 principer
514 439 108 25 inrättade,
633 439 32 19 för
675 439 88 25 qvinnor
773 439 85 20 afsedda

104 469 100 25 läroverk,
227 468 31 19 uti
281 468 70 20 hvilka
374 468 104 21 meddelas
494 471 30 17 ett
539 469 57 25 lägre
611 469 159 26 kunskapsmått
785 472 27 16 än
827 469 31 19 uti

105 501 78 17 statens
206 498 216 26 fruntimmersskolor,
445 498 74 20 vinner
535 501 67 17 staten
618 500 26 24 på
660 499 57 20 detta
733 499 82 19 område
831 505 25 13 en

105 528 111 25 tillräcklig
233 528 37 19 och
285 528 118 25 mångsidig
418 528 122 25 erfarenhet,
554 528 31 20 till
593 528 49 20 dess
650 530 79 18 statens
737 528 120 20 nuvarande

104 558 208 20 fruntimmersskolor
335 559 45 18 åter
402 559 65 19 måste
491 558 97 25 utvidgas
604 558 38 20 och
658 558 167 26 omorganiseras.

175 588 60 19 Emot
252 587 25 20 de
292 588 23 19 af
328 594 34 13 oss
378 588 86 19 anförda
479 588 46 19 skäl
540 588 41 19 kan
597 588 107 25 invändas,
721 590 30 18 att
766 588 92 25 regerin-

105 624 39 19 gen
167 618 7 19 i
197 618 64 25 högre
282 617 108 25 grad'hos
406 624 33 13 oss
455 620 26 17 än
498 618 134 19 annorstädes
648 618 108 25 befrämjat
772 618 85 25 gvinno-

106 647 124 25 bildningen.
261 648 45 19 Den
330 648 37 19 har
390 647 103 26 nemligen
517 654 73 18 genom
612 648 128 19 inrättandet
756 648 23 19 af
792 650 62 17 stats-

104 676 208 21 fruntimmersskolor
323 676 53 26 tagit
386 677 33 25 sig
429 684 26 12 an
466 677 210 26 qvinnobildningens
687 677 93 25 höjande,
792 677 66 20 under

105 707 35 20 det
162 709 30 17 att
208 707 212 19 fruntimmersskolan
443 707 6 19 i
465 706 49 21 flere
530 707 64 20 andra
610 707 72 20 länder
698 710 23 17 är
736 713 26 14 en
778 707 78 26 privat-

105 736 120 26 inrättning.
257 737 47 19 Men
320 737 12 19 &
348 736 64 20 andra
429 737 59 19 sidan
504 737 65 19 måste
584 737 35 19 det
634 737 122 25 medgifvas,
772 739 31 17 att
818 737 35 19 det

105 766 45 20 icke
165 766 72 20 höfves
253 766 121 25 regeringen
391 768 30 18 att
437 769 74 17 stanna
527 767 26 25 pä
568 766 69 20 halfva
647 769 67 23 vägen
725 767 35 20 vid
771 767 84 19 utveck-

104 796 70 20 landet
194 796 23 19 af
230 796 211 25 bildningsanstalter,
457 803 43 13 som
517 796 116 20 densamma
649 796 49 25 sjelf
711 797 91 25 inrättat,
818 796 38 20 och

105 828 30 18 att
151 825 114 26 öfvergifva
279 825 180 26 bildningssyften,
475 833 42 12 som
534 826 39 19 den
589 826 31 19 för
636 826 33 25 sig
684 826 96 26 uppstält.

175 856 31 19 Pä
229 855 67 26 grund
320 855 22 20 af
366 856 36 19 alli
418 855 56 20 detta
490 857 53 24 väga
559 856 20 20 vi
595 855 74 20 föreslä
685 863 26 13 en
726 856 130 25 underdänig

104 885 86 26 petition
206 885 69 20 derom

391 929 29 18 att
443 927 112 26 regeringen
578 927 42 20 med
643 927 123 25 tillräckliga
786 927 70 25 bidrag

319 957 59 19 måtte
396 957 116 19 understöda
527 957 95 24 läroverk,
638 957 69 19 hvilka
722 957 60 19 under
797 963 58 13 namn

320 986 25 24 af
353 986 235 25 fortbildningsläroverk
604 987 47 19 eller
666 986 189 25 fortbildningskur-

319 1023 36 16 ser,
371 1016 91 24 förenade
477 1016 42 19 med
534 1016 62 25 någon
605 1016 195 23 fruntimmersskola
810 1017 47 18 eller

320 1046 112 24 fristående,
448 1046 93 25 antingen
557 1046 67 19 bereda
639 1046 44 19 sina
699 1046 60 19 elever
775 1046 81 24 tillfälle

320 1077 29 18 att
372 1076 81 25 utvidga
475 1076 22 19 de
513 1076 115 24 kunskaper,
644 1082 39 13 som
699 1076 30 19 uti
739 1075 118 26 femklassig

319 1106 192 23 fruntimmersskola
526 1105 102 20 meddelats
644 1105 47 24 dem,
707 1106 46 19 eller
766 1104 34 21 ock
810 1105 46 24 för-

320 1135 68 20 bereda
403 1135 41 20 dem
459 1136 34 23 för
507 1135 155 20 studentexamen
678 1135 46 20 eller
739 1135 117 25 yrkesskola.

177 1194 136 26 Helsingfors,
330 1195 39 20 den
386 1195 13 19 8
416 1195 99 20 Februari
535 1195 62 20 1897.

212 1253 21 22 H.
251 1253 106 22 Melander.
496 1253 72 22 Sakari
584 1253 19 22 A.
619 1253 130 22 Westerlund.
