1003 1653
261 112 252 23 Petitionsbetänkande
527 112 38 22 N:o
582 111 33 22 51.

338 519 301 22 Kommunalutskottets
653 517 166 24 betänkande

269 553 38 23 N:o
331 553 11 22 7
365 554 8 21 i
396 553 121 29 anledning
539 553 26 22 af
580 553 38 22 två
633 552 113 23 särskilda
760 553 59 22 inom

269 588 85 21 Preste-
365 588 40 22 och
414 587 195 29 Borgarestånden
616 587 84 22 väckta
706 587 113 29 petitions-

270 622 85 29 förslag
373 623 116 28 angående
507 622 104 23 bildande
634 622 26 22 af
679 621 140 23 häradskom-

270 662 78 16 muner
363 657 40 21 och
418 657 118 21 införande
553 657 25 21 af
591 656 228 28 häradsförvaltning.

103 718 150 23 (Presteståndet.
267 729 20 3 —
300 718 182 18 Petitionsmemorial
494 719 34 17 N:o
540 720 28 17 40.
591 718 160 23 Borgareståndet.
763 727 23 3 —

306 746 183 19 Petitionsmemorial
501 747 34 18 N:o
547 748 37 19 39).

135 804 90 22 Genom
239 804 214 28 protokollsutdrag
467 804 70 21 hafva
551 804 89 21 Preste-
656 804 44 22 och
709 804 111 28 Borgare-

67 838 97 22 stånden
181 838 38 22 till
233 838 144 28 behandling
391 838 26 22 af
429 838 256 22 Kommunalutskottet
700 838 121 22 öfverlem-

66 874 41 20 nat
120 872 94 29 bilagda
229 874 86 20 tvänne
330 872 239 29 petitionsmemorial;
586 872 99 22 hvarhos
700 872 121 22 Utskottet

67 906 93 22 erhållit
178 906 37 22 del
229 906 26 22 af
268 906 27 22 de
310 906 40 22 vid
365 907 191 21 remissdebatten
570 907 63 21 inom
648 906 173 22 Presteståndet

67 940 89 29 afgifna
170 940 131 28 yttranden.

136 1106 93 28 Frågan
244 1113 37 15 om
297 1105 131 22 inrättande
444 1106 26 21 af
483 1113 28 14 en
522 1105 87 22 ordnad
620 1105 118 29 periodisk
748 1112 75 21 repre-

69 1141 116 21 sentation
207 1141 37 21 för
267 1143 72 19 större
362 1140 109 22 områden
493 1144 29 17 än
545 1141 167 20 kommunerna
729 1139 94 21 väcktes

68 1174 42 22 hos
128 1181 37 15 oss
179 1174 41 22 vid
237 1175 54 21 1872
307 1175 36 21 års
358 1174 112 28 landtdag
485 1182 84 21 genom
584 1176 35 19 ett
633 1174 63 22 inom
712 1174 112 28 Borgare-

69 1209 92 21 ståndet
179 1209 128 21 inlemnadt
322 1208 201 30 petitionsförslag
538 1216 37 14 om
590 1208 121 22 införande
727 1208 25 21 af
764 1208 61 20 läns-

69 1243 56 29 ting.
159 1243 126 21 Allmänna
306 1243 218 27 besvärsutskottet,
547 1242 37 22 till
606 1242 68 22 hvars
696 1241 129 28 beredning

69 1277 94 22 ärendet
177 1277 80 22 blifvit
272 1277 152 27 remitteradt,
441 1277 100 21 erkände
556 1276 38 22 väl
605 1278 34 20 att
649 1276 101 22 nämnda
760 1275 65 21 insti-

68 1311 77 21 tution
160 1318 54 15 vore
229 1311 26 21 af
269 1313 48 20 stor
332 1311 119 28 betydelse
466 1311 37 22 för
514 1311 85 22 folkets
609 1310 216 26 framåtskridande,

69 1352 53 14 men
143 1345 79 21 kunde
237 1345 58 28 icke,
313 1345 95 22 oaktadt
423 1345 164 22 institutionen
602 1345 8 21 i
626 1345 97 28 Sverige
739 1343 87 28 ,,under

70 1379 28 21 de
116 1379 39 22 nio
175 1379 24 21 år
214 1378 45 22 den
275 1379 61 21 varit
350 1379 9 21 i
374 1379 148 22 verksamhet
537 1379 154 28 fördelaktigt
706 1377 97 29 ingripit
818 1377 9 21 i

138 1418 207 19 Kommunalutskottets
357 1419 114 18 betänkande
483 1419 35 18 N:o
532 1419 14 17 7.
