1028 1653
387 103 181 27 Petitionsförslag.

98 165 55 23 Ridd.
169 172 18 16 o.
202 166 67 22 Adeln.
770 165 34 21 N:o
820 164 32 22 13.

207 395 46 20 Till
268 394 135 25 Höglofiiga
418 395 176 24 Ridderskapet
609 395 42 20 och
665 395 83 19 Adeln.

286 453 126 20 Vördsamt
426 453 247 24 petitionsmemoria]l.

168 511 68 19 Under
258 511 24 18 de
302 514 77 16 senaste
395 511 46 19 ären
456 511 59 19 hafva
530 517 24 13 en
568 511 71 23 mängd
655 511 92 23 ätgärder
762 510 92 23 vidtagits

99 540 53 19 säväl
168 539 44 19 frän
227 540 99 18 enskildas
342 545 40 13 som
399 539 266 25 djurskyddsföreningarnas
678 539 42 19 sida
731 538 31 20 för
771 538 83 19 befräm-

99 568 58 24 jande
172 568 22 19 af
208 570 28 17 ett
250 568 106 19 humanare
371 568 114 20 förfarande
500 568 33 19 vid
548 568 89 19 kreaturs
654 568 56 24 slagt.

168 596 86 20 Likvisst
276 599 22 16 är
320 599 52 17 ännu
392 597 132 19 förhällandet
538 596 76 24 sädant,
629 599 30 17 att
675 597 32 18 det
723 598 72 17 största
810 594 44 20 fler-

99 626 49 18 talet
163 625 44 24 djur
221 625 7 19 i
243 624 43 20 vårt
300 625 46 19 land
362 626 72 24 slagtas
450 626 26 24 pä
491 628 28 16 ett
534 628 46 20 sätt,
596 631 40 13 som
651 626 43 18 icke
705 624 149 20 öfverensstäm-

100 660 41 13 mer
162 654 43 19 med
227 654 124 18 menniskans
364 654 72 24 pligter
450 654 6 19 i
472 654 72 19 hennes
560 654 123 19 förhällande
698 654 30 18 till
744 653 75 23 djuren,
835 655 20 21 ty

101 683 63 24 gamla
178 682 57 24 bruk,
250 682 50 19 huru
316 688 87 18 grymma
418 683 23 18 de
457 685 25 16 än
497 685 41 21 äro,
554 682 41 19 läta
610 683 44 18 icke
669 683 36 18 lätt
716 681 94 20 förändra
820 681 35 24 sig,

101 711 36 19 och
152 711 122 24 svärigheten
290 713 30 17 att
334 711 6 18 i
357 711 23 19 de
396 711 106 19 bestäende
517 711 149 19 förhällandena
682 711 135 18 ästadkomma
832 715 22 13 en

101 739 113 24 förändring
235 739 39 19 blir
296 739 57 19 äfven
374 742 70 22 större,
467 740 26 19 dä
515 742 29 17 ett
557 740 81 19 mildare
653 739 169 23 behandlingssätt
836 737 22 20 af

101 769 69 23 djuren
191 768 38 19 blir
251 767 91 20 förenadt
360 769 45 18 med
419 769 64 24 nägon
498 774 31 13 om
545 770 24 17 än
584 769 55 23 ringa
654 767 84 20 kostnad
754 767 48 19 eller
817 772 39 13 om-

102 803 50 18 sorg,
175 796 79 19 hvartill
277 797 86 19 kommer
385 799 29 17 att
436 797 44 19 värt
495 797 55 19 lands
566 797 114 24 befolkning
695 799 46 16 växt
755 801 39 18 upp
810 798 46 16 utan

101 828 30 16 att
146 825 43 19 dess
205 825 58 19 tanke
279 825 65 19 blifvit
359 825 45 20 förd
418 826 26 24 pä
459 826 80 23 djurens
555 826 98 19 lidanden.

169 854 9 19 I
194 854 23 18 de
232 853 58 20 flesta
305 855 75 18 trakter
395 854 22 19 af
431 854 44 19 vårt
489 855 47 18 land
551 854 66 25 tillgär
631 854 75 24 slagten
722 853 25 24 pä
763 853 33 18 det
811 854 45 21 sätt,

101 884 30 17 att
149 883 65 23 djuret
228 883 110 19 kullkastas
353 883 83 19 medelst
450 889 41 18 rep,
508 883 66 24 djuret
588 883 65 24 lägges
669 889 25 12 nu
709 882 26 24 pä
750 887 49 18 rygg
813 881 43 19 med

102 911 85 19 fötterna
202 911 78 19 bundna
295 911 67 24 uppät,
378 911 100 20 hvarefter
493 912 44 19 dess
553 912 41 19 hals
610 914 47 17 utan
672 911 66 19 vidare
749 910 107 24 uppskäres

101 940 37 19 och
160 942 121 22 matstrupen
303 941 92 23 utdrages
419 943 49 16 samt
491 940 99 20 ombindes
610 940 31 19 för
655 942 30 17 att
700 940 33 18 det
747 939 54 22 blod,
817 944 39 13 som

102 969 87 18 kommer
210 968 43 18 frän
273 968 135 24 halsädrorna,
424 969 18 23 ej
458 969 49 19 skall
523 969 61 19 blifva
598 969 122 23 förorenadt;
736 968 44 18 hela
796 967 62 19 denna

102 997 79 18 hemska
196 996 101 24 operation
312 997 46 18 sker
373 999 46 17 utan
435 997 25 19 all
476 997 113 24 bedöfning.

171 1025 9 18 I
204 1025 77 24 Sverige
305 1025 53 19 säväl
374 1031 41 14 som
430 1026 26 23 pä
470 1026 70 23 mänga
556 1025 68 20 ställen
640 1025 26 24 pä
680 1025 127 19 kontinenten
823 1023 35 20 har

103 1059 44 14 man
171 1056 58 21 egnat
251 1053 120 25 slagtfrägan
397 1055 59 23 nödig
482 1054 177 25 uppmärksamhet.
689 1054 8 18 I
722 1053 136 24 Hertigdömet

103 1082 207 24 Sachsen-Meiningen
324 1083 105 24 stadgades
445 1089 68 18 genom
529 1083 32 24 lag
576 1083 22 19 af
612 1083 36 18 den
664 1083 26 18 23
701 1082 42 23 Maj
757 1081 51 19 1891
821 1081 36 19 och

102 1111 7 18 i
124 1111 149 24 Konungariket
289 1111 85 19 Sachsen
391 1111 86 24 följande
493 1112 28 23 är,
538 1114 30 17 att
582 1111 163 24 blodaftappning
760 1110 31 19 vid
808 1110 50 23 slagt

103 1139 21 28 af
138 1139 39 20 alla
192 1139 82 24 husdjur
289 1140 50 19 skall
354 1140 78 24 föregäs
447 1140 22 19 af
482 1140 112 23 bedöfning.
617 1140 58 19 Säväl
691 1140 6 18 i
707 1139 100 24 Tyskland
817 1144 40 13 som

103 1165 100 22 Österrike
225 1167 107 20 förefinnas
347 1169 98 19 särskilda
459 1169 147 19 bestämmelser
621 1169 31 18 för
667 1169 118 23 slagtsättet,
802 1167 55 19 hvar-

103 1197 75 24 igenom
196 1197 142 19 humanitetens
360 1197 113 24 fordringar
493 1197 119 24 tillgodoses.
644 1198 7 18 I
668 1197 88 19 Schveitz
772 1198 22 17 är
809 1196 50 23 slagt

103 1228 47 16 utan
171 1225 106 24 bedöfning
300 1225 104 24 förbjuden
426 1231 68 19 genom
518 1226 101 24 grundlag,
643 1226 129 23 uppkommen
791 1230 67 18 genom

103 1254 70 19 allmän
189 1253 168 26 folkomröstning,
373 1257 84 22 antagen
476 1255 60 19 1893.

171 1283 9 18 I
203 1283 78 24 Sverige
304 1283 36 19 har
362 1286 77 16 senaste
462 1284 81 23 riksdag
558 1283 81 19 anhällit
654 1289 30 12 om
699 1285 30 17 att
743 1281 114 25 regeringen

103 1311 44 18 ville
169 1311 79 23 vidtaga
270 1311 72 24 nödiga
364 1312 92 23 åtgärder
478 1312 33 19 för
526 1311 130 24 slagtfrägans
672 1311 84 19 humana
771 1310 86 19 lösande.

171 1340 67 23 Enligt
252 1346 26 12 nu
294 1340 90 23 gällande
400 1339 91 25 strafflag
507 1341 26 18 43
550 1340 44 24 kap.
610 1340 10 25 I
637 1340 11 19 5
664 1340 38 18 kan
719 1340 37 18 den
771 1337 87 25 straffas,

103 1368 77 19 hvilken
201 1368 32 19 vid
258 1383 9 10 ,
270 1368 119 24 behandling
407 1368 21 20 af
443 1374 59 19 egnas
518 1369 48 19 eller
581 1368 70 20 andras
667 1368 81 19 kreatur
763 1368 52 23 gjort
829 1367 29 23 sig

103 1396 76 24 skyldig
194 1396 29 19 till
233 1397 102 23 uppenbar
345 1398 109 23 grymhet".
478 1397 31 19 Då
519 1397 108 19 emellertid
637 1396 71 20 häfden
719 1397 7 18 i
736 1396 122 19 vidsträckta
