1011 1656
222 121 85 22 Ständ.
324 121 54 22 Pet.
397 134 25 3 —
436 121 174 23 Petitionsbet.
628 122 43 22 N:o
686 121 40 22 46.
837 123 11 19 5

95 193 92 22 dernas
214 193 84 26 tanke,
319 193 212 29 församlingarna
561 193 141 29 medgifvas
730 193 132 29 tämligen
848 189 18 38 |)

96 227 137 22 vidsträckt
255 228 76 22 frihet
352 229 36 21 att
406 228 84 28 lämpa
514 228 145 29 aflöningen
679 228 62 22 efter
760 228 31 22 de
810 227 38 22 för

95 261 89 30 hvarje
208 263 39 21 ort
271 263 109 28 säregna
405 262 184 27 förhållanden,
615 263 134 22 hvarutom
771 262 77 29 regle-

95 297 89 28 ringen
211 297 85 22 kunde
323 297 151 22 verkställas
496 297 32 28 på
548 299 34 20 ett
604 297 104 22 enklare
727 297 45 22 och
791 297 56 22 med

95 331 96 22 mindre
219 331 140 30 omgångar
387 331 118 22 förenadt
523 332 50 21 sätt
592 332 32 21 än
644 331 159 29 regleringen
823 331 25 22 af

95 365 200 29 presterskapets
325 366 78 26 löner,
432 366 65 23 helst
515 366 32 22 de
565 366 132 26 intressen,
717 372 53 16 som
788 366 8 22 i
815 372 33 15 nu

95 399 167 23 förevarande
281 400 43 22 fall
342 401 99 21 komme
462 402 35 21 att
509 401 112 26 beröras,
636 401 43 22 äro
697 400 151 29 jämförelse-

95 434 38 22 vis
160 435 96 22 mindre
283 435 155 22 omfattande
467 435 45 22 och
536 435 192 22 förhållandena
747 435 7 22 i
773 435 76 28 öfrigt

94 469 96 22 mindre
208 469 155 22 invecklade.

163 503 34 22 På
217 504 82 29 grund
315 504 24 22 af
352 504 68 22 hvad
434 503 107 22 sålunda
558 504 96 22 anförts
668 504 24 22 få
705 503 143 23 Ständerna

94 538 8 21 i
121 538 202 29 underdånighet
342 538 115 22 anhålla:

368 609 38 21 att
436 608 81 22 Eders
552 607 144 30 Kejserliga
727 607 121 29 Majestät

300 643 93 22 täcktes
419 643 41 22 till
486 642 213 23 nästkommande
721 642 126 29 landtdag

300 677 84 23 aflåta
414 677 83 29 nådig
518 677 162 29 proposition
713 676 134 30 angående

299 712 127 29 reglering
458 712 32 22 af
516 712 161 22 klockarenes
709 712 10 21 i
747 711 100 23 landets

300 746 286 30 evangelisk-lutherska
607 746 186 29 församlingar
810 746 36 22 af-

300 780 96 30 löning.

163 849 120 23 Finlands
304 849 108 23 Ständer
431 850 146 22 framhärda
596 851 45 21 etc.

164 918 167 30 Helsingfors,
350 919 49 23 den
424 919 31 23 19
474 920 49 29 Maj
547 920 75 22 1897.

234 1435 110 22 Helsingfors
358 1436 49 17 1897.
432 1436 110 22 Helsingfors
555 1436 152 23 Centraltryckeri.
