1034 1656
281 129 278 23 Petitionsbetänkande
575 129 42 22 N:o
633 129 40 22 60.

376 501 199 22 Statsutskottets
591 501 155 22 betänkande
763 502 41 21 N:o
822 501 36 27 14,

307 536 9 21 i
342 535 136 28 anledning
506 535 27 22 af
555 536 37 22 ett
617 536 9 21 i
652 535 207 28 Borgareständet

308 569 142 23 framstäldt
477 569 213 29 petitionsförslag
720 576 39 16 om
786 569 72 28 utgif-

307 604 79 22 vande
409 603 27 23 af
456 604 42 22 län
514 610 31 16 ur
560 604 142 22 statsmedel
717 604 42 22 för
774 603 85 29 uppfö-

308 638 76 23 rande
397 638 27 22 af
436 638 79 22 sunda
531 639 237 22 arbetarebostäder.

171 738 71 24 Detta
263 737 206 32 petitionsförslag
491 737 80 32 (Borg.
594 739 28 22 st.
645 737 46 24 N:o
711 737 41 30 64)
771 737 46 24 har
836 737 25 24 af

103 772 201 33 Borgareständet
322 772 150 31 hänskjutits
489 771 39 24 till
542 771 189 32 Statsutskottet,
744 779 49 16 som
807 772 53 23 där-

103 807 72 32 jämte
199 807 72 24 äfven
295 807 46 24 fätt
364 809 120 29 emottaga
508 809 33 21 ett
563 806 39 24 vid
622 807 107 24 ärendets
749 806 85 24 remiss
853 806 8 23 i

104 841 94 25 ständet
216 841 103 32 afgifvet
336 841 117 31 yttrande.

172 875 275 29 Petitionsmemorialet,
474 883 51 16 som
556 875 142 24 framhäller
728 875 82 32 vigten
838 875 25 24 af

105 912 35 22 att
158 910 84 24 bereda
260 910 45 24 den
319 910 113 32 fattigare
447 909 170 32 befolkningen
631 910 77 24 sunda
722 910 42 23 och
777 909 86 31 billiga

105 944 107 25 bostäder
239 944 43 24 och
309 944 85 24 därvid
415 944 8 24 i
444 944 96 24 korthet
561 944 97 32 redogör
679 944 33 24 för
731 944 64 24 hvad
814 951 49 17 som

106 979 36 24 för
166 978 158 25 anskaffande
343 979 25 23 af
386 978 42 24 län
447 978 39 24 till
505 978 148 32 uppförande
672 979 25 23 af
714 978 92 24 sädana
824 978 39 24 bo-

106 1014 78 24 städer
207 1013 82 24 blifvit
310 1013 118 32 tillejordt
446 1013 9 23 i
474 1013 128 32 åtskilliga
621 1014 24 23 af
663 1013 108 31 Europas
791 1015 74 21 stater

107 1048 122 24 äfvensom
258 1048 63 24 huru
348 1048 87 32 frågan
463 1048 145 24 åtminstone
632 1048 9 23 i
660 1047 177 24 hufvudstaden
856 1047 9 23 i

106 1085 33 21 ett
166 1082 68 24 antal
261 1082 45 24 fall
333 1082 114 32 gestaltat
466 1082 39 32 sig
523 1082 43 24 hos
586 1090 46 23 oss,
650 1084 133 28 utmynnar
801 1082 8 23 i
828 1082 37 23 det

106 1116 108 31 yrkande
233 1119 36 21 att
287 1116 25 24 af
330 1116 126 24 allmänna
475 1117 136 23 statsmede]
632 1118 71 23 måtte
719 1116 101 32 beviljas
833 1118 33 22 ett

109 1151 81 32 belopp
209 1151 25 24 af
252 1152 62 23 ända
333 1151 39 23 till
393 1151 132 31 1,000,000
544 1151 69 24 mark
633 1154 34 21 att
685 1151 125 24 användas
827 1150 39 24 till

108 1186 140 32 utgifvande
271 1186 25 24 af
318 1186 42 23 län
380 1188 61 21 emot
460 1186 12 23 4
486 1185 28 32 %,
533 1188 70 22 ränta
622 1186 36 24 för
676 1185 147 32 uppförande
842 1184 25 24 af

108 1220 78 24 sunda
207 1220 224 30 arbetarebostäder,
456 1220 44 24 och
525 1220 79 24 skulle
623 1221 91 23 sädana
733 1220 41 24 län
794 1219 73 24 bevil-

107 1255 52 31 jas:
184 1254 25 31 a)
231 1256 25 22 ät
278 1254 147 30 kommuner,
444 1262 50 16 som
513 1255 81 23 därom
613 1255 106 30 anhälla,
737 1257 59 21 utan
815 1256 51 22 sär-

108 1289 65 24 skild
191 1288 113 24 säkerhet
325 1288 54 24 och:
401 1288 23 31 b)
447 1290 25 23 åt
490 1289 77 31 bolag,
585 1289 87 24 hvilka
690 1289 82 31 åsyfta
790 1289 77 23 bostä-

108 1324 53 23 ders
184 1323 148 31 uppförande
356 1323 8 23 i
382 1323 102 24 främsta
503 1326 103 21 rummet
623 1324 36 24 för
679 1324 188 31 bolagsmännen

109 1360 61 22 emot
205 1357 269 32 inteckningssäkerhet
510 1358 40 24 till
587 1358 82 32 belopp
701 1357 168 24 motsvarande

109 1392 63 23 ända
189 1392 38 23 till
248 1390 26 33 3,
293 1392 25 23 af
336 1392 45 23 den
400 1392 144 24 intecknade
562 1393 102 30 gårdens
679 1393 24 23 af
715 1392 154 30 värderings-

110 1428 56 21 män
185 1425 159 32 uppskattade
363 1426 79 23 värde.

182 1475 141 18 Statsutskottets
336 1475 112 18 betänkande
460 1475 36 18 N:o
509 1476 28 17 14.
