1025 1656
179 107 12 19 2
360 106 277 23 Petitionsbetänkande
653 106 43 23 N:o
712 106 38 22 43.

177 179 41 19 net
238 176 27 22 af
282 178 156 28 pedagogiska
458 178 103 21 komitén
575 178 40 22 vid
631 178 153 22 kadettkåren
802 178 43 22 och
860 179 8 21 i
883 182 51 18 när-

178 216 71 18 maste
267 212 236 23 öfverensstämmelse
519 214 52 21 med
586 214 62 22 hvad
666 214 104 22 komitén
793 216 74 26 yttrat
891 215 43 21 hos

160 255 5 3 >
178 244 184 33 Öfverstyrelsen
374 248 35 22 för
420 249 219 21 militärläroverken
648 250 7 21 i
663 249 159 29 kejsardömet
830 249 103 23 förordat

178 284 111 22 särskilda
303 284 160 29 förändringar
478 284 8 22 i
501 285 195 29 undervisningen
707 285 27 21 af
742 285 75 22 finska
828 286 100 28 språket.

177 320 81 29 Enligt
274 320 84 29 nådiga
373 321 154 28 kungörelsen
543 320 26 22 af
581 322 44 20 den
642 324 27 18 28
679 321 52 29 juni
744 323 56 19 1888
812 322 120 28 angående

177 356 98 29 ändring
290 357 7 20 i
313 356 111 22 särskilda
440 357 62 21 delar
521 356 26 22 af
554 357 84 29 nådiga
648 357 152 29 reglementet
811 357 35 21 för
857 357 76 22 finska

177 392 151 22 kadettkåren
344 391 26 22 af
383 392 44 21 den
444 394 27 19 22
488 400 59 14 mars
565 394 56 20 1865
638 393 107 28 anslogos
762 392 35 22 för
813 393 117 21 undervis-

177 428 86 28 ningen
277 428 8 20 i
300 427 74 22 finska
390 428 100 28 språket,
506 428 97 21 likasom
618 428 69 22 äfven
708 428 36 22 för
768 429 44 21 den
835 428 94 22 franska

177 464 270 29 spräkundervisningen,
479 464 37 21 nio
542 464 171 26 veckotimmar,
740 464 128 29 hvarjämte
895 465 38 21 be-

177 500 100 21 stämdes
301 501 34 19 att
358 500 113 28 topografi
494 500 74 21 skulle
592 500 131 28 föredragas
744 502 30 27 pä
795 501 70 27 ryska
890 501 42 21 och

177 536 98 21 svenska
295 537 59 19 samt
372 536 98 21 militära
486 536 155 28 reglementen
657 538 31 26 pä
703 536 70 28 ryska
790 536 42 22 och
848 536 80 22 finska.

177 572 124 21 Dessutom
317 571 148 22 förordnades
484 574 35 19 att
541 572 8 21 i
573 572 73 28 öfriga
669 572 139 26 läroämnen,
832 579 48 14 som
909 572 19 28 ej

177 607 132 29 föredragas
331 609 30 27 pä
376 608 76 28 ryska,
469 608 193 28 undervisningen
679 608 74 21 skulle
770 608 115 21 meddelas
902 610 30 26 pä

177 644 88 20 ettdera
281 642 26 22 af
320 643 28 21 de
364 643 119 22 inhemska
498 644 99 28 språken
612 644 72 28 enligt
701 644 112 21 direktors
824 644 45 26 val,
883 651 48 14 som

177 679 26 21 af
223 678 183 29 krigsministern
430 680 119 28 godkänts.
581 680 36 20 De
641 679 26 21 af
682 680 82 20 kärens
781 679 102 22 direktor
898 687 32 13 nu

176 714 130 29 föreslagna
321 714 189 30 förändringarna
525 714 142 22 innefattade
688 714 142 22 beträffande
857 715 76 21 finska

178 751 102 28 spräket:
305 753 34 19 att
357 750 27 22 af
396 751 28 21 de
440 750 36 22 för
491 750 195 29 undervisningen
701 751 8 21 i
725 750 93 22 franska
835 751 93 28 spräket

177 788 13 19 &
206 786 27 22 de
250 786 114 22 allmänna
380 786 116 22 klasserna
515 786 110 29 anslagna
649 788 87 20 tretton
759 786 171 26 veckotimmar,

177 824 40 19 tvä
239 822 91 21 timmar
353 822 8 20 i
383 822 95 26 veckan,
499 822 42 21 och
557 822 26 21 af
597 822 27 21 de
640 822 35 21 för
692 822 69 28 tyska
777 822 154 28 spräkunder-

177 858 120 28 visningen
316 860 13 19 å
345 858 202 28 specialklasserna
561 858 120 22 bestämda
696 858 52 28 fyra
763 858 165 21 veckotimmar

177 900 28 14 en
228 894 79 21 timme
329 893 8 21 i
360 894 88 21 veckan
472 894 73 21 skulle
569 894 116 22 användas
706 894 36 21 till
762 893 127 22 förökande
906 893 27 21 af

176 929 87 21 antalet
281 930 90 21 timmar
387 929 35 22 för
438 930 194 28 undervisningen
647 930 7 21 i
670 930 76 21 finska
763 930 93 28 språket
873 931 12 19 å
901 930 29 20 de

177 964 114 22 allmänna
313 965 126 26 klasserna;
464 968 34 18 att
519 966 166 28 undervisning
708 966 7 20 i
739 965 74 21 finska
837 965 94 28 språket

175 1000 50 21 icke
246 1000 78 22 vidare
340 1001 74 21 skulle
430 1008 42 22 ega
488 1008 50 14 rum
553 1003 13 19 å
583 1001 210 29 specialklasserna,
812 1008 52 14 men
881 1001 48 21 där-

176 1038 62 19 emot
254 1037 13 20 å
283 1043 28 14 en
326 1036 57 21 hvar
399 1036 26 21 af
438 1037 65 20 dessa
519 1037 92 25 klasser,
629 1036 110 29 jämsides
763 1036 52 21 med
832 1036 96 21 inläran-

176 1071 39 21 det
238 1071 27 21 af
284 1072 27 21 de
335 1071 98 22 militära
449 1073 169 28 reglementena
634 1074 29 27 på
679 1073 77 27 ryska,
774 1073 34 20 ett
825 1071 26 22 af
864 1072 65 21 dessa

175 1107 156 28 reglementen
341 1107 60 22 läsas
412 1110 30 26 på
452 1108 73 21 finska
541 1109 100 27 språket,
657 1110 60 19 samt
733 1110 34 19 att
784 1108 64 21 detta
859 1108 69 28 språk

176 1142 74 21 skulle
266 1143 27 21 af
305 1143 28 21 de
349 1143 75 22 elever
440 1146 13 19 å
468 1144 73 28 tredje
558 1144 184 28 specialklassen,
762 1143 79 22 hvilka
865 1143 64 22 skola

175 1178 154 22 utdimitteras
353 1179 35 21 till
411 1179 74 22 finska
508 1182 101 26 trupper,
634 1179 163 29 obligatoriskt
813 1179 116 22 användas

175 1213 39 22 vid
230 1213 45 22 alla
291 1213 48 22 före
355 1215 198 28 utdimitteringen
572 1216 99 21 skeende
694 1215 162 28 mönstringar,
881 1222 48 14 som

175 1249 48 22 afse
240 1250 89 21 enskild
346 1251 245 28 soldatundervisning.

248 1285 75 22 Sedan
341 1286 215 29 krigsministerium
580 1287 111 21 förklarat
715 1286 81 22 hinder
820 1286 20 29 ej
868 1289 63 18 möta

175 1323 34 19 att
233 1321 28 22 de
285 1322 95 21 sålunda
403 1322 130 29 föreslagna
553 1322 153 29 ändringarna
726 1323 8 20 i
749 1322 75 21 finska
838 1322 91 21 kadett-

174 1357 83 21 kårens
273 1357 146 29 läseordning
440 1358 124 21 försöksvis
587 1358 110 26 infördes,
722 1357 102 29 företogs
848 1357 81 29 frågan

174 1392 36 21 till
231 1392 141 29 behandling
392 1393 8 22 i
415 1393 131 29 Kejserliga
562 1393 105 22 Senaten.
700 1393 46 22 Vid
762 1393 106 22 ärendets
885 1393 45 22 för-

248 1441 108 18 Allmänna
367 1441 180 22 petitionsutskottets
560 1441 118 18 betänkande
691 1441 38 18 N:o
741 1442 31 17 22.
