1023 1656
338 99 289 29 Petitionsmemorial.

213 169 73 23 Ridd.
302 169 46 23 och
365 170 77 22 Adeln
656 169 44 23 N:o
717 170 35 22 14.

168 463 55 20 Till
239 463 163 26 Höglofliga
418 463 211 26 Ridderskapet
645 463 47 20 och
709 463 91 20 Adeln.

179 522 77 21 Redan
272 524 23 18 år
312 523 55 20 1882
385 523 149 26 petitionerade
544 523 101 20 Finlands
657 523 88 20 Ständer
756 524 26 25 på
793 521 67 26 grund

108 553 24 20 af
143 555 29 18 ett
186 553 45 20 från
247 553 174 25 Borgareståndet
437 554 103 25 utgånget
556 553 79 25 förslag
649 553 38 20 hos
702 553 59 20 Hans
777 552 82 25 Kejser-

108 583 43 26 liga
173 583 96 25 Majestät
293 589 31 14 om
340 582 147 27 föreläggande
503 583 23 20 af
540 589 24 14 en
581 583 127 26 proposition
724 583 31 19 till
771 581 88 26 följande

108 613 100 26 landtdag
223 612 106 26 angående
345 613 100 25 utvidgad
466 615 88 18 rösträtt
568 613 32 20 till
616 613 89 20 nämnda
721 612 65 21 Stånd
801 612 7 19 i
825 612 35 19 akt

109 643 38 20 och
167 643 88 25 mening,
272 645 31 17 att
318 649 25 13 en
360 643 33 19 del
409 643 23 19 af
445 643 26 19 de
487 643 151 25 restriktioner,
654 643 71 20 hvilka
740 642 65 25 enligt
819 641 40 20 Nå-

108 673 50 25 diga
173 672 120 20 Manifestet
309 672 22 19 af
340 673 39 19 den
391 673 28 19 20
439 673 56 19 Mars
514 673 56 20 1879
587 673 83 19 vidlåda
686 673 68 19 denna
769 674 90 22 rösträtt,

110 704 61 18 måtte
195 702 119 26 upphäfvas.
345 703 31 19 En
400 702 64 20 sådan
480 703 126 26 proposition
622 703 102 20 förelades
739 703 60 19 äfven
815 701 45 20 från

109 732 133 26 regeringens
266 732 45 20 sida
337 733 56 19 1885
415 733 34 19 års
465 733 89 19 Ständer
570 733 38 20 och
623 733 59 19 Hans
698 732 107 26 Majestäts
821 731 38 20 för-

110 763 44 26 slag
170 762 59 25 afsåg
244 764 31 17 att
290 762 108 25 valrätten,
415 769 43 13 som
474 763 66 25 enligt
555 763 56 19 förut
627 762 88 20 nämnda
731 762 52 20 Nåd.
796 761 63 20 Mani-

109 792 41 20 fest
170 792 46 19 icke
236 792 79 20 tillkom
333 808 6 8 ,
346 791 249 27 kofferdisjömanskapet,
612 792 152 26 gemenskapen
774 791 35 20 vid
824 791 35 20 mi-

109 822 73 20 litären
203 824 53 17 samt
276 822 102 19 allmänna
395 822 37 20 och
449 822 95 20 enskilda
560 823 63 19 verks
639 823 38 19 och
693 821 167 27 korporationers

108 852 170 25 vaktbetjäning*
304 852 44 19 icke
371 852 64 19 heller
458 852 64 25 ,dem,
539 859 43 13 som
598 855 35 17 äro
649 851 95 21 anstälda
760 852 7 19 i
782 857 78 14 annans

108 882 64 25 tjenst
188 882 49 19 eller
252 881 95 26 ständiga
363 882 70 19 arbete
449 882 50 19 eller
515 882 112 25 daglönare
643 882 49 20 eller
709 881 64 20 andra
783 881 76 26 dylika,

109 918 42 13 som
167 911 86 26 försörja
268 912 33 25 sig
316 911 45 20 med
377 912 99 25 tillfälligt
492 913 70 18 arbete
579 912 49 19 eller
644 912 51 25 dem,
706 912 71 19 hvilka
788 911 73 20 endast

108 941 32 20 för
163 941 171 26 själfförsörjning
354 941 71 20 utöfva
445 943 63 24 något
529 942 72 26 yrke",
617 949 28 12 nu
662 941 65 20 skulle
743 941 117 20 utsträckas

109 973 23 18 så
154 971 50 25 vidt,
227 974 32 17 att
282 973 23 18 af
325 971 88 20 nämnda
428 971 162 26 folkkategorier
605 972 74 19 endast
697 987 9 10 ,
709 971 151 26 gemenskapen

108 1001 36 20 vid
167 1001 25 20 de
215 1001 70 20 aktiva
307 1004 111 23 trupperna
442 1004 53 17 samt
518 1002 92 25 lagstadt
632 1001 131 26 tjänstehjon,
779 1007 42 14 som
837 1003 24 17 är

108 1031 7 20 i
130 1031 132 20 husbondens
277 1031 61 20 kost"
355 1031 66 20 skulle
437 1031 102 20 uteslutas
555 1032 46 19 från
617 1034 86 17 rösträtt
718 1031 32 20 till
761 1031 99 25 Borgare-

109 1061 88 20 ståndet.
228 1061 46 20 Som
297 1061 77 20 bekant
396 1061 122 26 godkändes
539 1061 68 20 denna
622 1061 134 26 formulering
772 1061 23 20 af
807 1061 53 25 Lag-

109 1091 100 20 utskottet
232 1091 35 19 vid
293 1091 55 20 1885
373 1092 32 19 års
429 1091 101 26 landtdag
546 1091 37 20 och
599 1092 7 19 i
621 1091 37 20 allt
673 1091 112 25 väsentligt
801 1090 59 20 äfven

108 1120 23 20 af
152 1121 90 19 Stånden
266 1121 35 19 vid
325 1128 76 13 samma
424 1121 106 26 landtdag,
546 1128 46 13 men
611 1121 84 26 frågans
711 1120 150 27 förknippande

108 1150 45 20 med
172 1151 97 25 förslaget
287 1158 32 12 om
335 1151 116 20 röstskalan
467 1151 74 26 bragte
556 1151 54 20 båda
625 1151 138 20 tillsammans
777 1152 27 25 på
819 1150 41 20 fall.

109 1180 41 20 Vid
175 1181 56 19 1888
251 1181 34 19 års
301 1181 99 25 landtdag
415 1183 90 23 upptogs
521 1181 68 20 denna
604 1181 59 25 fråga
679 1182 44 19 åter
739 1181 6 19 i
761 1181 99 25 Borgare-

108 1210 83 20 ståndet
207 1210 22 19 af
242 1210 39 20 den
297 1211 7 18 i
320 1212 23 18 så
357 1211 74 25 många
447 1210 111 20 afseenden
574 1211 55 20 klart
640 1211 108 19 blickande
759 1211 22 19 E.
793 1211 67 19 Rönn-

108 1240 58 24 bäck,
182 1247 42 12 som
241 1240 5 19 i
264 1247 25 13 en
305 1240 85 26 petition
410 1240 64 20 bland
490 1243 64 17 annat
569 1241 114 26 stämplade
698 1240 61 20 ofvan
775 1239 86 21 anförda

108 1270 153 24 uteslutningar
276 1270 46 19 från
337 1272 112 17 rösträtten
461 1277 43 12 som
518 1285 9 10 ,
531 1270 98 20 skriande
640 1271 131 20 orättvisor".
790 1270 71 19 Ehuru

108 1299 112 26 petitionen
236 1300 107 25 hänskjöts
359 1300 31 19 till
406 1300 87 25 utskott,
509 1300 56 20 hann
581 1300 40 20 den
637 1303 73 23 tyvärr
725 1300 46 19 icke
782 1300 79 20 komma

108 1329 66 20 under
188 1329 126 26 behandling
335 1329 35 20 vid
386 1329 68 20 denna
470 1329 101 26 landtdag
587 1330 38 20 och
641 1332 110 18 momentet
766 1331 95 24 qvarstår

108 1359 37 19 allt
167 1359 127 20 fortfarande
317 1359 6 19 i
347 1359 31 20 sin
402 1359 55 20 förra
481 1359 52 20 form
554 1360 7 19 i
577 1360 13 25 8
609 1361 26 18 12
652 1359 23 20 af
688 1361 37 18 vår
741 1359 119 26 landtdags-

109 1389 93 25 ordning.
