1020 1656
202 137 12 19 2

172 205 104 25 professor
297 205 71 25 Sering
383 206 36 19 har
434 205 68 21 såsom
517 212 26 13 en
557 205 50 26 följd
622 206 56 19 häraf
691 205 53 20 intill
759 205 104 26 utgången
877 205 20 19 af
911 204 22 20 år

174 234 55 20 1894
249 234 62 19 redan
331 234 21 19 åt
368 234 60 24 7,081
444 234 57 20 forna
519 234 197 26 jordbruksarbetare
730 234 110 20 anskaffats
855 234 77 19 mindre

172 268 52 20 egna
245 262 121 26 lägenheter,
387 262 30 20 till
432 263 78 19 arealen
526 263 61 19 oftast
602 263 158 25 understigande
776 263 25 19 10
816 263 26 19 ha
858 262 74 26 (Hand-

172 291 126 20 wörterbuch
313 291 35 20 der
363 291 234 20 Staatswissenschaften
612 292 10 19 I
638 291 102 26 Supplem.
756 291 36 20 sid.
808 292 42 19 584
865 291 32 25 c.).

243 320 12 19 1
269 320 90 25 England
372 322 72 23 antogs
460 320 22 20 år
499 320 54 20 1892
569 320 39 20 den
621 326 16 14 s.
658 315 22 35 k.
679 319 89 21 Small
784 320 147 24 Holdings

171 348 58 25 Act,
241 348 27 26 pä
282 349 64 25 grund
361 349 20 19 af
395 349 82 19 hvilken
491 349 33 25 lag
536 349 64 19 försök
610 351 58 23 göras
679 351 31 17 att
721 355 72 19 genom
805 349 126 19 kommuner-

172 382 36 14 nas
231 377 115 25 bemedling
366 378 89 19 anskaffa
476 378 77 19 mindre
575 377 97 25 odlingar,
691 377 31 20 till
737 377 78 20 arealen
830 378 59 24 högst
905 377 26 19 20

170 405 32 25 ha,
218 405 21 20 åt
254 406 39 19 den
308 406 107 20 obesuttna
428 406 343 25 jordbruksarbetarebefolkningen.

240 434 15 20 I
282 435 75 25 Sverige
372 435 84 20 tillsatte
472 435 100 25 styrelsen
587 435 26 25 pä
628 435 94 20 anhållan
734 435 20 19 af
770 435 53 20 1891
837 435 32 20 års
880 435 52 20 riks-

171 463 39 25 dag
232 469 27 14 en
280 463 85 20 särskild
387 464 80 22 komitö,
483 469 43 14 som
542 464 64 19 under
621 463 48 20 åren
686 464 54 19 1892
756 463 38 20 och
810 464 54 19 1893
878 463 54 26 afgaf

171 493 30 18 ett
216 491 66 26 digert
296 492 131 25 betänkande,
439 493 57 19 hvari
512 492 82 20 föresläs
604 493 87 24 kraftiga
699 492 92 25 ätgärder
800 492 45 19 frän
856 494 75 18 statens

172 520 44 19 sida
232 521 30 19 för
279 521 127 20 anskaffande
421 521 20 20 af
456 523 75 18 smärre
547 521 116 25 lägenheter
673 521 21 20 åt
703 521 228 25 jordbruksarbetarena.

241 549 14 19 I
280 549 102 20 Danmark
404 550 37 19 har
463 549 94 20 likaledes
584 549 27 26 pä
633 550 87 19 initiativ
737 550 20 19 af
774 549 99 25 styrelsen
894 549 37 20 och

170 577 107 26 riksdagen
298 578 60 19 sedan
383 578 22 19 är
428 579 55 19 1894
506 578 51 19 varit
579 578 71 20 tillsatt
665 585 25 13 en
706 579 80 23 komit6,
802 578 56 19 hvari
872 578 25 19 bl.
913 585 16 12 a.

172 607 30 18 tre
212 606 197 25 jordbruksarbetare
424 607 51 20 varit
490 607 112 24 ledamöter,
618 607 37 20 och
670 607 53 25 afgaf
738 607 65 20 denna
814 607 73 19 komitö
898 613 32 13 om

171 641 114 14 sommaren
308 636 54 19 1896
385 637 30 18 ett
430 635 91 26 utförligt
536 635 128 25 betänkande,
679 636 7 19 i
702 635 76 20 hvilket
794 635 92 25 åtgärder
901 635 30 19 för

170 663 130 20 anskaffande
314 664 20 19 af
349 664 43 19 små
407 664 115 25 lägenheter
536 664 21 19 åt
566 664 196 25 jordbruksarbetare
772 664 89 19 föreslås.
879 664 50 25 Lag-

170 692 75 25 förslag
267 693 7 18 i
294 693 65 19 denna
381 692 56 26 fråga
453 693 56 19 torde
525 693 117 25 regeringen
659 705 28 2 —-
700 693 23 19 så
738 693 42 19 vidt
796 699 43 13 man
857 693 19 19 af
891 692 38 20 tid-

169 720 138 25 ningsnotiser
324 721 39 20 kan
386 721 54 20 sluta
455 733 28 2 —
497 722 7 19 i
519 722 104 19 december
639 722 55 19 1896
709 721 93 26 framlagt
817 721 30 20 för
860 721 68 20 Folke-

170 749 70 25 tinget.

242 841 58 20 Hvad
320 841 149 20 förhållandena
483 842 37 19 hos
535 848 34 13 oss
584 842 98 24 beträffar,
698 841 38 20 kan
751 848 46 13 man
811 841 43 20 icke
870 841 59 25 draga

169 869 7 19 i
192 869 129 25 tvifvelsmål,
336 872 29 17 att
380 871 16 24 ej
413 870 285 25 landsbygdsarbetarefrågan
721 872 21 17 är
763 877 25 13 en
803 870 19 19 af
835 871 24 18 de
870 870 58 19 vikti-

168 899 58 24 gaste
249 898 166 26 samhällsfrågor,
439 905 42 14 som
501 899 56 20 inom
572 899 44 20 kort
631 899 83 25 kraftigt
729 899 51 20 skall
795 899 60 25 draga
870 900 58 18 stats-

168 927 115 19 makternas
298 927 178 25 uppmärksamhet
491 928 29 19 till
536 928 36 25 sig.

242 955 42 20 Vår
305 956 205 25 arbetarebefolkning
532 956 26 25 på
579 956 72 24 landet,
667 956 96 20 hvarmed
779 956 19 19 vi
813 955 62 20 förstå
890 956 37 19 den

168 983 122 26 befolkning,
312 990 42 13 som
377 985 170 25 hufvudsakligen
566 985 60 19 lifnär
640 985 32 24 sig
688 985 44 19 med
747 985 66 19 arbete
827 985 37 18 hos
876 984 52 25 jord-

168 1012 119 25 brukarena,
298 1013 38 19 kan
346 1019 46 13 man
404 1013 65 20 indela
481 1013 6 19 i
501 1016 30 17 tre
541 1013 178 26 hufvudgrupper:
731 1015 85 23 torpare,
825 1013 104 25 lagstadda

168 1041 123 25 tjenstehjon
306 1041 37 20 och
358 1041 38 20 den
412 1047 16 14 s.
443 1042 19 19 k.
477 1042 42 19 lösa
533 1042 237 25 arbetarebefolkningen.

241 1069 150 20 Allmänhetens
418 1071 38 19 och
481 1071 59 19 äfven
563 1071 166 19 statsmakternas
752 1070 176 25 uppmärksamhet

167 1097 36 20 har
225 1097 28 26 på
268 1104 68 14 senare
351 1099 53 19 tider
418 1099 61 20 redan
494 1099 6 19 i
515 1099 60 25 högre
587 1099 49 25 grad
651 1099 72 19 riktats
738 1098 26 26 på
780 1098 147 25 torparefrågan.

167 1125 46 20 Man
237 1127 36 19 har
288 1127 79 25 påvisat
383 1127 58 20 svåra
457 1127 188 20 missförhållanden
660 1128 6 19 i
683 1129 115 24 torparenas
814 1127 113 19 nuvarande

167 1154 100 26 ställning
289 1155 36 20 och
347 1156 71 19 skridit
440 1156 31 19 till
493 1156 136 19 förbättrande
647 1156 20 19 af
686 1156 121 19 densamma.
837 1155 90 20 Redan
915 1150 16 34 i

168 1183 36 19 sitt
219 1189 48 14 svar
281 1183 25 26 på
322 1190 25 13 en
362 1185 20 18 af
395 1184 56 20 Hans
461 1185 112 25 Kejserliga
584 1185 103 24 Majestäts
699 1184 73 25 nådiga
782 1184 146 25 propositioner

167 1211 100 26 föreslogo
283 1212 93 20 Finlands
391 1213 81 20 ständer
487 1213 34 19 vid
534 1214 54 19 1885
604 1213 32 19 års
651 1213 101 25 landtdag,
767 1215 29 17 att
812 1213 54 19 Hans
881 1212 46 25 Kej-

167 1240 74 25 serliga
264 1241 90 24 Majestät
376 1241 78 20 täcktes
472 1241 41 20 låta
528 1242 91 19 utarbeta
634 1242 38 19 och
687 1241 30 20 till
732 1241 118 20 ständernas
865 1241 62 19 hand-

167 1268 100 26 läggning
281 1269 122 20 öfverlämna
414 1272 30 17 ett
459 1270 107 25 lagförslag
581 1277 32 12 om
624 1270 25 20 bl.
661 1277 16 12 a.
688 1270 83 20 arrende
781 1270 20 19 af
810 1269 49 26 jord,
869 1269 58 19 hvar-

167 1297 46 19 med
236 1297 7 19 i
268 1298 83 19 främsta
371 1300 88 18 rummet
481 1299 101 24 åsyftades
605 1299 111 19 utredande
738 1299 20 18 af
779 1298 149 20 förhållandena

166 1325 87 20 emellan
276 1328 78 23 torpare
376 1327 38 20 och
428 1327 109 25 jordegare.
567 1327 44 20 Med
626 1327 111 25 anledning
751 1327 57 20 häraf
822 1327 57 19 afläts
894 1326 33 19 det

166 1353 77 20 äskade
259 1355 93 24 förslaget
366 1355 33 20 till
416 1356 53 19 1891
486 1356 33 19 års
534 1356 102 25 landtdag.
672 1356 46 19 Men
736 1356 108 19 ständerna
852 1355 75 24 ansågo

166 1382 31 25 sig
218 1383 46 19 icke
284 1383 67 20 kunna
373 1384 106 25 godkänna
501 1385 54 19 detta
569 1385 79 24 förslag,
664 1386 50 17 utan
728 1384 79 20 anhöllo
822 1385 30 18 att
867 1383 20 20 åt
903 1389 24 14 en

166 1411 88 20 särskild
272 1411 75 20 komité
370 1413 66 19 skulle
458 1413 77 20 lämnas
554 1413 7 19 i
582 1413 93 26 uppdrag
690 1415 30 17 att
734 1413 115 19 införskaffa
878 1418 48 19 nog-

164 1445 100 18 grannare
279 1441 107 25 utredning
401 1441 6 20 i
422 1441 70 26 frågan
508 1443 51 18 samt
574 1443 29 18 att
618 1441 26 26 på
659 1441 67 20 denna
740 1441 67 26 grund
821 1443 29 18 ett
865 1441 61 20 detal-
