<?xml version="1.0" encoding="UTF-8"?>
<alto xmlns="http://www.loc.gov/standards/alto/ns-v3#" xmlns:xlink="http://www.w3.org/1999/xlink" xmlns:xsi="http://www.w3.org/2001/XMLSchema-instance" xsi:schemaLocation="http://www.loc.gov/standards/alto/ns-v3# http://www.loc.gov/alto/v3/alto-3-0.xsd">
	<Description>
		<MeasurementUnit>pixel</MeasurementUnit>
		<sourceImageInformation>
			<fileName>/tmp/tess_9xesd7pt_input.PNG</fileName>
		</sourceImageInformation>
		<OCRProcessing ID="OCR_0">
			<ocrProcessingStep>
				<processingSoftware>
					<softwareName>tesseract 5.3.4</softwareName>
				</processingSoftware>
			</ocrProcessingStep>
		</OCRProcessing>
	</Description>
	<Layout>
		<Page WIDTH="1003" HEIGHT="1659" PHYSICAL_IMG_NR="0" ID="page_0">
			<PrintSpace HPOS="0" VPOS="0" WIDTH="1003" HEIGHT="1659">
				<ComposedBlock ID="cblock_0" HPOS="171" VPOS="118" WIDTH="581" HEIGHT="24">
					<TextBlock ID="block_0" HPOS="171" VPOS="118" WIDTH="581" HEIGHT="24">
						<TextLine ID="line_0" HPOS="171" VPOS="118" WIDTH="581" HEIGHT="24">
							<String ID="string_0" HPOS="171" VPOS="120" WIDTH="14" HEIGHT="21" WC="0.96" CONTENT="6"/><SP WIDTH="173" VPOS="120" HPOS="185"/>
							<String ID="string_1" HPOS="358" VPOS="118" WIDTH="278" HEIGHT="24" WC="0.91" CONTENT="Petitionsbetänkande"/><SP WIDTH="16" VPOS="118" HPOS="636"/>
							<String ID="string_2" HPOS="652" VPOS="120" WIDTH="45" HEIGHT="22" WC="0.95" CONTENT="N:o"/><SP WIDTH="16" VPOS="120" HPOS="697"/>
							<String ID="string_3" HPOS="713" VPOS="118" WIDTH="39" HEIGHT="24" WC="0.96" CONTENT="49."/>
						</TextLine>
					</TextBlock>
				</ComposedBlock>
				<ComposedBlock ID="cblock_1" HPOS="169" VPOS="192" WIDTH="758" HEIGHT="454">
					<TextBlock ID="block_1" HPOS="169" VPOS="192" WIDTH="758" HEIGHT="454">
						<TextLine ID="line_1" HPOS="171" VPOS="192" WIDTH="754" HEIGHT="26">
							<String ID="string_4" HPOS="171" VPOS="193" WIDTH="92" HEIGHT="23" WC="0.96" CONTENT="agenter"/><SP WIDTH="20" VPOS="193" HPOS="263"/>
							<String ID="string_5" HPOS="283" VPOS="193" WIDTH="162" HEIGHT="24" WC="0.93" CONTENT="yrkesmässigt"/><SP WIDTH="26" VPOS="193" HPOS="445"/>
							<String ID="string_6" HPOS="471" VPOS="194" WIDTH="109" HEIGHT="19" WC="0.90" CONTENT="bedrifves"/><SP WIDTH="23" VPOS="194" HPOS="580"/>
							<String ID="string_7" HPOS="603" VPOS="194" WIDTH="6" HEIGHT="19" WC="0.93" CONTENT="i"/><SP WIDTH="25" VPOS="194" HPOS="609"/>
							<String ID="string_8" HPOS="634" VPOS="193" WIDTH="112" HEIGHT="25" WC="0.92" CONTENT="bygderna"/><SP WIDTH="22" VPOS="193" HPOS="746"/>
							<String ID="string_9" HPOS="768" VPOS="194" WIDTH="39" HEIGHT="19" WC="0.96" CONTENT="och"/><SP WIDTH="22" VPOS="194" HPOS="807"/>
							<String ID="string_10" HPOS="829" VPOS="192" WIDTH="96" HEIGHT="26" WC="0.96" CONTENT="mången"/>
						</TextLine>
						<TextLine ID="line_2" HPOS="171" VPOS="224" WIDTH="756" HEIGHT="26">
							<String ID="string_11" HPOS="171" VPOS="224" WIDTH="58" HEIGHT="26" WC="0.95" CONTENT="gång"/><SP WIDTH="26" VPOS="224" HPOS="229"/>
							<String ID="string_12" HPOS="255" VPOS="231" WIDTH="80" HEIGHT="19" WC="0.96" CONTENT="genom"/><SP WIDTH="22" VPOS="231" HPOS="335"/>
							<String ID="string_13" HPOS="357" VPOS="226" WIDTH="71" HEIGHT="20" WC="0.93" CONTENT="falska"/><SP WIDTH="21" VPOS="226" HPOS="428"/>
							<String ID="string_14" HPOS="449" VPOS="226" WIDTH="175" HEIGHT="24" WC="0.91" CONTENT="förespeglingar"/><SP WIDTH="18" VPOS="226" HPOS="624"/>
							<String ID="string_15" HPOS="642" VPOS="226" WIDTH="80" HEIGHT="20" WC="0.93" CONTENT="väcker"/><SP WIDTH="15" VPOS="226" HPOS="722"/>
							<String ID="string_16" HPOS="737" VPOS="226" WIDTH="190" HEIGHT="24" WC="0.91" CONTENT="emigrationslust"/>
						</TextLine>
						<TextLine ID="line_3" HPOS="171" VPOS="258" WIDTH="755" HEIGHT="25">
							<String ID="string_17" HPOS="171" VPOS="259" WIDTH="40" HEIGHT="19" WC="0.96" CONTENT="hos"/><SP WIDTH="20" VPOS="259" HPOS="211"/>
							<String ID="string_18" HPOS="231" VPOS="264" WIDTH="110" HEIGHT="19" WC="0.96" CONTENT="personer,"/><SP WIDTH="29" VPOS="264" HPOS="341"/>
							<String ID="string_19" HPOS="370" VPOS="264" WIDTH="47" HEIGHT="15" WC="0.96" CONTENT="som"/><SP WIDTH="16" VPOS="264" HPOS="417"/>
							<String ID="string_20" HPOS="433" VPOS="260" WIDTH="23" HEIGHT="18" WC="0.96" CONTENT="af"/><SP WIDTH="14" VPOS="260" HPOS="456"/>
							<String ID="string_21" HPOS="470" VPOS="260" WIDTH="48" HEIGHT="19" WC="0.93" CONTENT="sina"/><SP WIDTH="15" VPOS="260" HPOS="518"/>
							<String ID="string_22" HPOS="533" VPOS="258" WIDTH="240" HEIGHT="21" WC="0.92" CONTENT="lefnadsförhållanden"/><SP WIDTH="15" VPOS="258" HPOS="773"/>
							<String ID="string_23" HPOS="788" VPOS="264" WIDTH="81" HEIGHT="15" WC="0.95" CONTENT="annars"/><SP WIDTH="15" VPOS="264" HPOS="869"/>
							<String ID="string_24" HPOS="884" VPOS="259" WIDTH="42" HEIGHT="20" WC="0.95" CONTENT="alls"/>
						</TextLine>
						<TextLine ID="line_4" HPOS="171" VPOS="291" WIDTH="754" HEIGHT="26">
							<String ID="string_25" HPOS="171" VPOS="291" WIDTH="47" HEIGHT="20" WC="0.96" CONTENT="icke"/><SP WIDTH="24" VPOS="291" HPOS="218"/>
							<String ID="string_26" HPOS="242" VPOS="291" WIDTH="71" HEIGHT="20" WC="0.93" CONTENT="skulle"/><SP WIDTH="24" VPOS="291" HPOS="313"/>
							<String ID="string_27" HPOS="337" VPOS="292" WIDTH="119" HEIGHT="19" WC="0.91" CONTENT="föranledts"/><SP WIDTH="25" VPOS="292" HPOS="456"/>
							<String ID="string_28" HPOS="481" VPOS="293" WIDTH="33" HEIGHT="18" WC="0.96" CONTENT="att"/><SP WIDTH="24" VPOS="293" HPOS="514"/>
							<String ID="string_29" HPOS="538" VPOS="292" WIDTH="116" HEIGHT="24" WC="0.94" CONTENT="utvandra,"/><SP WIDTH="24" VPOS="292" HPOS="654"/>
							<String ID="string_30" HPOS="678" VPOS="292" WIDTH="40" HEIGHT="19" WC="0.96" CONTENT="har"/><SP WIDTH="23" VPOS="292" HPOS="718"/>
							<String ID="string_31" HPOS="741" VPOS="292" WIDTH="115" HEIGHT="19" WC="0.93" CONTENT="Utskottet"/><SP WIDTH="17" VPOS="292" HPOS="856"/>
							<String ID="string_32" HPOS="873" VPOS="293" WIDTH="52" HEIGHT="24" WC="0.90" CONTENT="jäm-"/>
						</TextLine>
						<TextLine ID="line_5" HPOS="170" VPOS="323" WIDTH="756" HEIGHT="22">
							<String ID="string_33" HPOS="170" VPOS="324" WIDTH="37" HEIGHT="19" WC="0.95" CONTENT="väl"/><SP WIDTH="26" VPOS="324" HPOS="207"/>
							<String ID="string_34" HPOS="233" VPOS="325" WIDTH="76" HEIGHT="19" WC="0.95" CONTENT="ansett"/><SP WIDTH="24" VPOS="325" HPOS="309"/>
							<String ID="string_35" HPOS="333" VPOS="323" WIDTH="74" HEIGHT="22" WC="0.90" CONTENT="såsom"/><SP WIDTH="15" VPOS="323" HPOS="407"/>
							<String ID="string_36" HPOS="422" VPOS="325" WIDTH="112" HEIGHT="20" WC="0.90" CONTENT="afsevärdt"/><SP WIDTH="24" VPOS="325" HPOS="534"/>
							<String ID="string_37" HPOS="558" VPOS="325" WIDTH="40" HEIGHT="20" WC="0.96" CONTENT="här"/><SP WIDTH="15" VPOS="325" HPOS="598"/>
							<String ID="string_38" HPOS="613" VPOS="325" WIDTH="76" HEIGHT="20" WC="0.96" CONTENT="kunna"/><SP WIDTH="25" VPOS="325" HPOS="689"/>
							<String ID="string_39" HPOS="714" VPOS="327" WIDTH="137" HEIGHT="18" WC="0.93" CONTENT="omnämnas."/><SP WIDTH="34" VPOS="327" HPOS="851"/>
							<String ID="string_40" HPOS="885" VPOS="325" WIDTH="41" HEIGHT="20" WC="0.94" CONTENT="För"/>
						</TextLine>
						<TextLine ID="line_6" HPOS="171" VPOS="357" WIDTH="754" HEIGHT="26">
							<String ID="string_41" HPOS="171" VPOS="357" WIDTH="66" HEIGHT="24" WC="0.96" CONTENT="öfrigt"/><SP WIDTH="14" VPOS="357" HPOS="237"/>
							<String ID="string_42" HPOS="251" VPOS="357" WIDTH="61" HEIGHT="20" WC="0.96" CONTENT="torde"/><SP WIDTH="15" VPOS="357" HPOS="312"/>
							<String ID="string_43" HPOS="327" VPOS="358" WIDTH="23" HEIGHT="19" WC="0.96" CONTENT="af"/><SP WIDTH="13" VPOS="358" HPOS="350"/>
							<String ID="string_44" HPOS="363" VPOS="357" WIDTH="166" HEIGHT="25" WC="0.95" CONTENT="ifrågavarande"/><SP WIDTH="15" VPOS="357" HPOS="529"/>
							<String ID="string_45" HPOS="544" VPOS="359" WIDTH="110" HEIGHT="24" WC="0.96" CONTENT="uppgifter"/><SP WIDTH="15" VPOS="359" HPOS="654"/>
							<String ID="string_46" HPOS="669" VPOS="357" WIDTH="163" HEIGHT="21" WC="0.96" CONTENT="nedanstående"/><SP WIDTH="15" VPOS="357" HPOS="832"/>
							<String ID="string_47" HPOS="847" VPOS="358" WIDTH="78" HEIGHT="24" WC="0.96" CONTENT="siffror,"/>
						</TextLine>
						<TextLine ID="line_7" HPOS="170" VPOS="390" WIDTH="757" HEIGHT="25">
							<String ID="string_48" HPOS="170" VPOS="390" WIDTH="134" HEIGHT="24" WC="0.92" CONTENT="angifvande"/><SP WIDTH="15" VPOS="390" HPOS="304"/>
							<String ID="string_49" HPOS="319" VPOS="391" WIDTH="241" HEIGHT="24" WC="0.91" CONTENT="emigrantfrekvensen"/><SP WIDTH="17" VPOS="391" HPOS="560"/>
							<String ID="string_50" HPOS="577" VPOS="390" WIDTH="48" HEIGHT="21" WC="0.96" CONTENT="från"/><SP WIDTH="16" VPOS="390" HPOS="625"/>
							<String ID="string_51" HPOS="641" VPOS="391" WIDTH="93" HEIGHT="20" WC="0.93" CONTENT="Finland"/><SP WIDTH="16" VPOS="391" HPOS="734"/>
							<String ID="string_52" HPOS="750" VPOS="390" WIDTH="12" HEIGHT="21" WC="0.88" CONTENT="å"/><SP WIDTH="14" VPOS="390" HPOS="762"/>
							<String ID="string_53" HPOS="776" VPOS="391" WIDTH="25" HEIGHT="20" WC="0.96" CONTENT="de"/><SP WIDTH="11" VPOS="391" HPOS="801"/>
							<String ID="string_54" HPOS="812" VPOS="391" WIDTH="23" HEIGHT="20" WC="0.96" CONTENT="af"/><SP WIDTH="9" VPOS="391" HPOS="835"/>
							<String ID="string_55" HPOS="844" VPOS="391" WIDTH="83" HEIGHT="20" WC="0.96" CONTENT="Finska"/>
						</TextLine>
						<TextLine ID="line_8" HPOS="170" VPOS="412" WIDTH="757" HEIGHT="39">
							<String ID="string_56" HPOS="170" VPOS="412" WIDTH="227" HEIGHT="39" WC="0.91" CONTENT="Ångfartygsbolaget"/><SP WIDTH="21" VPOS="412" HPOS="397"/>
							<String ID="string_57" HPOS="418" VPOS="425" WIDTH="179" HEIGHT="24" WC="0.96" CONTENT="representerade"/><SP WIDTH="21" VPOS="425" HPOS="597"/>
							<String ID="string_58" HPOS="618" VPOS="425" WIDTH="92" HEIGHT="24" WC="0.96" CONTENT="linjerna"/><SP WIDTH="16" VPOS="425" HPOS="710"/>
							<String ID="string_59" HPOS="726" VPOS="425" WIDTH="38" HEIGHT="18" WC="0.96" CONTENT="och"/><SP WIDTH="16" VPOS="425" HPOS="764"/>
							<String ID="string_60" HPOS="780" VPOS="424" WIDTH="69" HEIGHT="24" WC="0.95" CONTENT="öfriga"/><SP WIDTH="15" VPOS="424" HPOS="849"/>
							<String ID="string_61" HPOS="864" VPOS="424" WIDTH="63" HEIGHT="24" WC="0.96" CONTENT="linjer"/>
						</TextLine>
						<TextLine ID="line_9" HPOS="170" VPOS="456" WIDTH="757" HEIGHT="25">
							<String ID="string_62" HPOS="170" VPOS="456" WIDTH="69" HEIGHT="19" WC="0.96" CONTENT="under"/><SP WIDTH="22" VPOS="456" HPOS="239"/>
							<String ID="string_63" HPOS="261" VPOS="456" WIDTH="26" HEIGHT="19" WC="0.96" CONTENT="de"/><SP WIDTH="15" VPOS="456" HPOS="287"/>
							<String ID="string_64" HPOS="302" VPOS="457" WIDTH="88" HEIGHT="19" WC="0.96" CONTENT="senaste"/><SP WIDTH="14" VPOS="457" HPOS="390"/>
							<String ID="string_65" HPOS="404" VPOS="457" WIDTH="45" HEIGHT="19" WC="0.96" CONTENT="fem"/><SP WIDTH="16" VPOS="457" HPOS="449"/>
							<String ID="string_66" HPOS="465" VPOS="456" WIDTH="51" HEIGHT="21" WC="0.96" CONTENT="åren"/><SP WIDTH="15" VPOS="456" HPOS="516"/>
							<String ID="string_67" HPOS="531" VPOS="459" WIDTH="42" HEIGHT="22" WC="0.96" CONTENT="äga"/><SP WIDTH="17" VPOS="459" HPOS="573"/>
							<String ID="string_68" HPOS="590" VPOS="457" WIDTH="132" HEIGHT="24" WC="0.96" CONTENT="tillräckligt"/><SP WIDTH="14" VPOS="457" HPOS="722"/>
							<String ID="string_69" HPOS="736" VPOS="457" WIDTH="94" HEIGHT="19" WC="0.96" CONTENT="intresse"/><SP WIDTH="15" VPOS="457" HPOS="830"/>
							<String ID="string_70" HPOS="845" VPOS="457" WIDTH="34" HEIGHT="19" WC="0.96" CONTENT="för"/><SP WIDTH="14" VPOS="457" HPOS="879"/>
							<String ID="string_71" HPOS="893" VPOS="457" WIDTH="34" HEIGHT="19" WC="0.96" CONTENT="att"/>
						</TextLine>
						<TextLine ID="line_10" HPOS="170" VPOS="489" WIDTH="756" HEIGHT="25">
							<String ID="string_72" HPOS="170" VPOS="489" WIDTH="7" HEIGHT="19" WC="0.96" CONTENT="i"/><SP WIDTH="15" VPOS="489" HPOS="177"/>
							<String ID="string_73" HPOS="192" VPOS="489" WIDTH="61" HEIGHT="20" WC="0.96" CONTENT="detta"/><SP WIDTH="22" VPOS="489" HPOS="253"/>
							<String ID="string_74" HPOS="275" VPOS="490" WIDTH="107" HEIGHT="19" WC="0.95" CONTENT="samband"/><SP WIDTH="15" VPOS="490" HPOS="382"/>
							<String ID="string_75" HPOS="397" VPOS="490" WIDTH="39" HEIGHT="19" WC="0.93" CONTENT="här"/><SP WIDTH="15" VPOS="490" HPOS="436"/>
							<String ID="string_76" HPOS="451" VPOS="491" WIDTH="95" HEIGHT="23" WC="0.92" CONTENT="intagas,"/><SP WIDTH="17" VPOS="491" HPOS="546"/>
							<String ID="string_77" HPOS="563" VPOS="491" WIDTH="106" HEIGHT="19" WC="0.96" CONTENT="särskildt"/><SP WIDTH="15" VPOS="491" HPOS="669"/>
							<String ID="string_78" HPOS="684" VPOS="492" WIDTH="53" HEIGHT="17" WC="0.96" CONTENT="enär"/><SP WIDTH="15" VPOS="492" HPOS="737"/>
							<String ID="string_79" HPOS="752" VPOS="489" WIDTH="65" HEIGHT="20" WC="0.96" CONTENT="också"/><SP WIDTH="15" VPOS="489" HPOS="817"/>
							<String ID="string_80" HPOS="832" VPOS="490" WIDTH="25" HEIGHT="19" WC="0.92" CONTENT="de"/><SP WIDTH="16" VPOS="490" HPOS="857"/>
							<String ID="string_81" HPOS="873" VPOS="489" WIDTH="53" HEIGHT="20" WC="0.90" CONTENT="åter-"/>
						</TextLine>
						<TextLine ID="line_11" HPOS="170" VPOS="523" WIDTH="755" HEIGHT="25">
							<String ID="string_82" HPOS="170" VPOS="523" WIDTH="115" HEIGHT="19" WC="0.93" CONTENT="vändande"/><SP WIDTH="22" VPOS="523" HPOS="285"/>
							<String ID="string_83" HPOS="307" VPOS="523" WIDTH="175" HEIGHT="24" WC="0.91" CONTENT="emigranternas"/><SP WIDTH="21" VPOS="523" HPOS="482"/>
							<String ID="string_84" HPOS="503" VPOS="524" WIDTH="60" HEIGHT="19" WC="0.96" CONTENT="antal"/><SP WIDTH="22" VPOS="524" HPOS="563"/>
							<String ID="string_85" HPOS="585" VPOS="524" WIDTH="45" HEIGHT="19" WC="0.93" CONTENT="däri"/><SP WIDTH="16" VPOS="524" HPOS="630"/>
							<String ID="string_86" HPOS="646" VPOS="524" WIDTH="114" HEIGHT="24" WC="0.92" CONTENT="upptages,"/><SP WIDTH="15" VPOS="524" HPOS="760"/>
							<String ID="string_87" HPOS="775" VPOS="523" WIDTH="95" HEIGHT="20" WC="0.91" CONTENT="änskönt"/><SP WIDTH="15" VPOS="523" HPOS="870"/>
							<String ID="string_88" HPOS="885" VPOS="523" WIDTH="40" HEIGHT="19" WC="0.92" CONTENT="vis-"/>
						</TextLine>
						<TextLine ID="line_12" HPOS="171" VPOS="555" WIDTH="755" HEIGHT="26">
							<String ID="string_89" HPOS="171" VPOS="555" WIDTH="95" HEIGHT="24" WC="0.92" CONTENT="serligen"/><SP WIDTH="16" VPOS="555" HPOS="266"/>
							<String ID="string_90" HPOS="282" VPOS="555" WIDTH="72" HEIGHT="24" WC="0.96" CONTENT="någon"/><SP WIDTH="15" VPOS="555" HPOS="354"/>
							<String ID="string_91" HPOS="369" VPOS="556" WIDTH="63" HEIGHT="20" WC="0.96" CONTENT="säker"/><SP WIDTH="15" VPOS="556" HPOS="432"/>
							<String ID="string_92" HPOS="447" VPOS="557" WIDTH="90" HEIGHT="24" WC="0.96" CONTENT="ledning"/><SP WIDTH="15" VPOS="557" HPOS="537"/>
							<String ID="string_93" HPOS="552" VPOS="557" WIDTH="34" HEIGHT="19" WC="0.96" CONTENT="till"/><SP WIDTH="16" VPOS="557" HPOS="586"/>
							<String ID="string_94" HPOS="602" VPOS="556" WIDTH="136" HEIGHT="20" WC="0.96" CONTENT="bedömande"/><SP WIDTH="16" VPOS="556" HPOS="738"/>
							<String ID="string_95" HPOS="754" VPOS="556" WIDTH="22" HEIGHT="19" WC="0.96" CONTENT="af"/><SP WIDTH="14" VPOS="556" HPOS="776"/>
							<String ID="string_96" HPOS="790" VPOS="555" WIDTH="40" HEIGHT="20" WC="0.96" CONTENT="den"/><SP WIDTH="11" VPOS="555" HPOS="830"/>
							<String ID="string_97" HPOS="841" VPOS="555" WIDTH="85" HEIGHT="24" WC="0.95" CONTENT="viktiga"/>
						</TextLine>
						<TextLine ID="line_13" HPOS="169" VPOS="587" WIDTH="756" HEIGHT="26">
							<String ID="string_98" HPOS="169" VPOS="587" WIDTH="77" HEIGHT="25" WC="0.96" CONTENT="frågan"/><SP WIDTH="17" VPOS="587" HPOS="246"/>
							<String ID="string_99" HPOS="263" VPOS="589" WIDTH="55" HEIGHT="19" WC="0.96" CONTENT="huru"/><SP WIDTH="15" VPOS="589" HPOS="318"/>
							<String ID="string_100" HPOS="333" VPOS="587" WIDTH="78" HEIGHT="26" WC="0.96" CONTENT="många"/><SP WIDTH="19" VPOS="587" HPOS="411"/>
							<String ID="string_101" HPOS="430" VPOS="589" WIDTH="22" HEIGHT="20" WC="0.96" CONTENT="af"/><SP WIDTH="14" VPOS="589" HPOS="452"/>
							<String ID="string_102" HPOS="466" VPOS="589" WIDTH="26" HEIGHT="20" WC="0.96" CONTENT="de"/><SP WIDTH="14" VPOS="589" HPOS="492"/>
							<String ID="string_103" HPOS="506" VPOS="588" WIDTH="166" HEIGHT="21" WC="0.96" CONTENT="återvändande"/><SP WIDTH="16" VPOS="588" HPOS="672"/>
							<String ID="string_104" HPOS="688" VPOS="594" WIDTH="48" HEIGHT="14" WC="0.96" CONTENT="som"/><SP WIDTH="11" VPOS="594" HPOS="736"/>
							<String ID="string_105" HPOS="747" VPOS="588" WIDTH="108" HEIGHT="20" WC="0.93" CONTENT="definitivt"/><SP WIDTH="11" VPOS="588" HPOS="855"/>
							<String ID="string_106" HPOS="866" VPOS="588" WIDTH="59" HEIGHT="19" WC="0.91" CONTENT="kvar-"/>
						</TextLine>
						<TextLine ID="line_14" HPOS="170" VPOS="621" WIDTH="446" HEIGHT="25">
							<String ID="string_107" HPOS="170" VPOS="621" WIDTH="88" HEIGHT="25" WC="0.93" CONTENT="stanna,"/><SP WIDTH="16" VPOS="621" HPOS="258"/>
							<String ID="string_108" HPOS="274" VPOS="621" WIDTH="64" HEIGHT="20" WC="0.91" CONTENT="därur"/><SP WIDTH="15" VPOS="621" HPOS="338"/>
							<String ID="string_109" HPOS="353" VPOS="622" WIDTH="41" HEIGHT="19" WC="0.96" CONTENT="alls"/><SP WIDTH="14" VPOS="622" HPOS="394"/>
							<String ID="string_110" HPOS="408" VPOS="623" WIDTH="47" HEIGHT="19" WC="0.96" CONTENT="icke"/><SP WIDTH="16" VPOS="623" HPOS="455"/>
							<String ID="string_111" HPOS="471" VPOS="623" WIDTH="43" HEIGHT="19" WC="0.95" CONTENT="kan"/><SP WIDTH="15" VPOS="623" HPOS="514"/>
							<String ID="string_112" HPOS="529" VPOS="623" WIDTH="87" HEIGHT="19" WC="0.95" CONTENT="vinnas."/>
						</TextLine>
					</TextBlock>
				</ComposedBlock>
				<GraphicalElement ID="cblock_2" HPOS="169" VPOS="664" WIDTH="754" HEIGHT="7"></GraphicalElement >
				<GraphicalElement ID="cblock_3" HPOS="169" VPOS="671" WIDTH="753" HEIGHT="3"></GraphicalElement >
				<GraphicalElement ID="cblock_4" HPOS="186" VPOS="719" WIDTH="599" HEIGHT="4"></GraphicalElement >
				<GraphicalElement ID="cblock_5" HPOS="614" VPOS="727" WIDTH="2" HEIGHT="327"></GraphicalElement >
				<GraphicalElement ID="cblock_6" HPOS="273" VPOS="1053" WIDTH="645" HEIGHT="7"></GraphicalElement >
				<GraphicalElement ID="cblock_7" HPOS="169" VPOS="676" WIDTH="5" HEIGHT="428"></GraphicalElement >
				<ComposedBlock ID="cblock_8" HPOS="181" VPOS="683" WIDTH="736" HEIGHT="413">
					<TextBlock ID="block_2" HPOS="239" VPOS="683" WIDTH="678" HEIGHT="54">
						<TextLine ID="line_15" HPOS="239" VPOS="683" WIDTH="665" HEIGHT="30">
							<String ID="string_113" HPOS="239" VPOS="689" WIDTH="116" HEIGHT="18" WC="0.91" CONTENT="Befordrade"/><SP WIDTH="13" VPOS="689" HPOS="355"/>
							<String ID="string_114" HPOS="368" VPOS="689" WIDTH="21" HEIGHT="18" WC="0.96" CONTENT="af"/><SP WIDTH="10" VPOS="689" HPOS="389"/>
							<String ID="string_115" HPOS="399" VPOS="689" WIDTH="71" HEIGHT="19" WC="0.93" CONTENT="Finska"/><SP WIDTH="12" VPOS="689" HPOS="470"/>
							<String ID="string_116" HPOS="482" VPOS="683" WIDTH="266" HEIGHT="30" WC="0.91" CONTENT="Ångfartygs-Aktiebolaget."/><SP WIDTH="57" VPOS="683" HPOS="748"/>
							<String ID="string_117" HPOS="805" VPOS="696" WIDTH="22" HEIGHT="14" WC="0.93" CONTENT="Af"/><SP WIDTH="9" VPOS="696" HPOS="827"/>
							<String ID="string_118" HPOS="836" VPOS="695" WIDTH="68" HEIGHT="14" WC="0.92" CONTENT="konkar-"/>
						</TextLine>
						<TextLine ID="line_16" HPOS="794" VPOS="718" WIDTH="123" HEIGHT="19">
							<String ID="string_119" HPOS="794" VPOS="718" WIDTH="66" HEIGHT="15" WC="0.61" CONTENT="rerande"/><SP WIDTH="6" VPOS="718" HPOS="860"/>
							<String ID="string_120" HPOS="866" VPOS="719" WIDTH="51" HEIGHT="18" WC="0.96" CONTENT="linjer."/>
						</TextLine>
					</TextBlock>
					<TextBlock ID="block_3" HPOS="181" VPOS="738" WIDTH="723" HEIGHT="361">
						<TextLine ID="line_17" HPOS="391" VPOS="738" WIDTH="513" HEIGHT="26">
							<String ID="string_121" HPOS="387" VPOS="734" WIDTH="6" HEIGHT="34" WC="0.66" CONTENT="|"/><SP WIDTH="-2" VPOS="734" HPOS="393"/>
							<String ID="string_122" HPOS="391" VPOS="738" WIDTH="89" HEIGHT="18" WC="0.70" CONTENT="Vesterut"/><SP WIDTH="8" VPOS="738" HPOS="480"/>
							<String ID="string_123" HPOS="488" VPOS="738" WIDTH="122" HEIGHT="18" WC="0.87" CONTENT="destinerade.!"/><SP WIDTH="20" VPOS="738" HPOS="610"/>
							<String ID="string_124" HPOS="630" VPOS="755" WIDTH="13" HEIGHT="9" WC="0.53" CONTENT=","/><SP WIDTH="11" VPOS="755" HPOS="643"/>
							<String ID="string_125" HPOS="654" VPOS="739" WIDTH="48" HEIGHT="25" WC="0.44" CONTENT="&amp;&amp;"/><SP WIDTH="110" VPOS="739" HPOS="702"/>
							<String ID="string_126" HPOS="812" VPOS="747" WIDTH="51" HEIGHT="17" WC="0.34" CONTENT="Öster."/><SP WIDTH="10" VPOS="747" HPOS="863"/>
							<String ID="string_127" HPOS="873" VPOS="750" WIDTH="31" HEIGHT="14" WC="0.95" CONTENT="och"/>
						</TextLine>
						<TextLine ID="line_18" HPOS="260" VPOS="761" WIDTH="629" HEIGHT="45">
							<String ID="string_128" HPOS="260" VPOS="761" WIDTH="38" HEIGHT="24" WC="0.88" CONTENT="Är."/><SP WIDTH="128" VPOS="761" HPOS="298"/>
							<String ID="string_129" HPOS="426" VPOS="774" WIDTH="75" HEIGHT="17" WC="0.96" CONTENT="Biljetter"/><SP WIDTH="10" VPOS="774" HPOS="501"/>
							<String ID="string_130" HPOS="511" VPOS="774" WIDTH="50" HEIGHT="18" WC="0.96" CONTENT="köpta"/><SP WIDTH="11" VPOS="774" HPOS="561"/>
							<String ID="string_131" HPOS="572" VPOS="775" WIDTH="6" HEIGHT="13" WC="0.96" CONTENT="i"/><SP WIDTH="52" VPOS="775" HPOS="578"/>
							<String ID="string_132" HPOS="630" VPOS="765" WIDTH="18" HEIGHT="34" WC="0.90" CONTENT="&gt;"/><SP WIDTH="6" VPOS="765" HPOS="648"/>
							<String ID="string_133" HPOS="654" VPOS="762" WIDTH="18" HEIGHT="37" WC="0.78" CONTENT="E"/><SP WIDTH="7" VPOS="762" HPOS="672"/>
							<String ID="string_134" HPOS="679" VPOS="765" WIDTH="16" HEIGHT="41" WC="0.16" CONTENT="ä"/><SP WIDTH="27" VPOS="765" HPOS="695"/>
							<String ID="string_135" HPOS="722" VPOS="768" WIDTH="61" HEIGHT="18" WC="0.38" CONTENT="Total.!"/><SP WIDTH="34" VPOS="768" HPOS="783"/>
							<String ID="string_136" HPOS="817" VPOS="775" WIDTH="72" HEIGHT="13" WC="0.82" CONTENT="vesterut"/>
						</TextLine>
						<TextLine ID="line_19" HPOS="405" VPOS="797" WIDTH="483" HEIGHT="27">
							<String ID="string_137" HPOS="405" VPOS="810" WIDTH="77" HEIGHT="14" WC="0.94" CONTENT="Finland."/><SP WIDTH="14" VPOS="810" HPOS="482"/>
							<String ID="string_138" HPOS="496" VPOS="797" WIDTH="13" HEIGHT="37" WC="0.96" CONTENT="|"/><SP WIDTH="9" VPOS="797" HPOS="509"/>
							<String ID="string_139" HPOS="518" VPOS="810" WIDTH="83" HEIGHT="14" WC="0.86" CONTENT="Amerika."/><SP WIDTH="15" VPOS="810" HPOS="601"/>
							<String ID="string_140" HPOS="616" VPOS="797" WIDTH="17" HEIGHT="37" WC="0.83" CONTENT="|"/><SP WIDTH="21" VPOS="797" HPOS="633"/>
							<String ID="string_141" HPOS="654" VPOS="801" WIDTH="41" HEIGHT="18" WC="0.42" CONTENT="?%*"/><SP WIDTH="125" VPOS="801" HPOS="695"/>
							<String ID="string_142" HPOS="820" VPOS="797" WIDTH="68" HEIGHT="18" WC="0.46" CONTENT="gående."/>
						</TextLine>
						<TextLine ID="line_20" HPOS="181" VPOS="874" WIDTH="701" HEIGHT="24">
							<String ID="string_143" HPOS="181" VPOS="874" WIDTH="202" HEIGHT="24" WC="0.34" CONTENT="1817/,,91—18%1/,,92/"/><SP WIDTH="37" VPOS="874" HPOS="383"/>
							<String ID="string_144" HPOS="420" VPOS="876" WIDTH="53" HEIGHT="22" WC="0.82" CONTENT="—2,606"/><SP WIDTH="79" VPOS="876" HPOS="473"/>
							<String ID="string_145" HPOS="552" VPOS="876" WIDTH="35" HEIGHT="17" WC="0.96" CONTENT="585"/><SP WIDTH="62" VPOS="876" HPOS="587"/>
							<String ID="string_146" HPOS="649" VPOS="877" WIDTH="35" HEIGHT="16" WC="0.96" CONTENT="630"/><SP WIDTH="21" VPOS="877" HPOS="684"/>
							<String ID="string_147" HPOS="705" VPOS="864" WIDTH="13" HEIGHT="38" WC="0.35" CONTENT="|"/><SP WIDTH="10" VPOS="864" HPOS="718"/>
							<String ID="string_148" HPOS="728" VPOS="876" WIDTH="52" HEIGHT="21" WC="0.35" CONTENT="3,821]"/><SP WIDTH="49" VPOS="876" HPOS="780"/>
							<String ID="string_149" HPOS="829" VPOS="876" WIDTH="53" HEIGHT="21" WC="0.73" CONTENT="2,800"/>
						</TextLine>
						<TextLine ID="line_21" HPOS="260" VPOS="911" WIDTH="622" HEIGHT="26">
							<String ID="string_150" HPOS="260" VPOS="911" WIDTH="46" HEIGHT="17" WC="0.96" CONTENT="1893"/><SP WIDTH="114" VPOS="911" HPOS="306"/>
							<String ID="string_151" HPOS="420" VPOS="915" WIDTH="53" HEIGHT="22" WC="0.96" CONTENT="3,536"/><SP WIDTH="62" VPOS="915" HPOS="473"/>
							<String ID="string_152" HPOS="535" VPOS="912" WIDTH="52" HEIGHT="23" WC="0.96" CONTENT="1,695"/><SP WIDTH="57" VPOS="912" HPOS="587"/>
							<String ID="string_153" HPOS="644" VPOS="912" WIDTH="53" HEIGHT="22" WC="0.96" CONTENT="1,315"/><SP WIDTH="10" VPOS="912" HPOS="697"/>
							<String ID="string_154" HPOS="707" VPOS="907" WIDTH="11" HEIGHT="31" WC="0.96" CONTENT="|"/><SP WIDTH="10" VPOS="907" HPOS="718"/>
							<String ID="string_155" HPOS="728" VPOS="911" WIDTH="52" HEIGHT="22" WC="0.96" CONTENT="6,546"/><SP WIDTH="50" VPOS="911" HPOS="780"/>
							<String ID="string_156" HPOS="830" VPOS="911" WIDTH="52" HEIGHT="22" WC="0.96" CONTENT="1,800"/>
						</TextLine>
						<TextLine ID="line_22" HPOS="259" VPOS="946" WIDTH="623" HEIGHT="24">
							<String ID="string_157" HPOS="259" VPOS="946" WIDTH="47" HEIGHT="17" WC="0.96" CONTENT="1894"/><SP WIDTH="132" VPOS="946" HPOS="306"/>
							<String ID="string_158" HPOS="438" VPOS="951" WIDTH="35" HEIGHT="17" WC="0.96" CONTENT="608"/><SP WIDTH="78" VPOS="951" HPOS="473"/>
							<String ID="string_159" HPOS="551" VPOS="948" WIDTH="36" HEIGHT="17" WC="0.96" CONTENT="467"/><SP WIDTH="55" VPOS="948" HPOS="587"/>
							<String ID="string_160" HPOS="642" VPOS="949" WIDTH="54" HEIGHT="21" WC="0.95" CONTENT="2,074"/><SP WIDTH="11" VPOS="949" HPOS="696"/>
							<String ID="string_161" HPOS="707" VPOS="943" WIDTH="12" HEIGHT="31" WC="0.95" CONTENT="|"/><SP WIDTH="9" VPOS="943" HPOS="719"/>
							<String ID="string_162" HPOS="728" VPOS="947" WIDTH="53" HEIGHT="22" WC="0.79" CONTENT="3,149"/><SP WIDTH="66" VPOS="947" HPOS="781"/>
							<String ID="string_163" HPOS="847" VPOS="947" WIDTH="35" HEIGHT="18" WC="0.95" CONTENT="900"/>
						</TextLine>
						<TextLine ID="line_23" HPOS="259" VPOS="982" WIDTH="623" HEIGHT="27">
							<String ID="string_164" HPOS="259" VPOS="982" WIDTH="46" HEIGHT="17" WC="0.93" CONTENT="1895"/><SP WIDTH="114" VPOS="982" HPOS="305"/>
							<String ID="string_165" HPOS="419" VPOS="987" WIDTH="53" HEIGHT="22" WC="0.95" CONTENT="2,157"/><SP WIDTH="79" VPOS="987" HPOS="472"/>
							<String ID="string_166" HPOS="551" VPOS="984" WIDTH="36" HEIGHT="17" WC="0.93" CONTENT="824"/><SP WIDTH="23" VPOS="984" HPOS="587"/>
							<String ID="string_167" HPOS="610" VPOS="972" WIDTH="13" HEIGHT="38" WC="0.94" CONTENT="|"/><SP WIDTH="21" VPOS="972" HPOS="623"/>
							<String ID="string_168" HPOS="644" VPOS="984" WIDTH="52" HEIGHT="22" WC="0.86" CONTENT="1,757"/><SP WIDTH="12" VPOS="984" HPOS="696"/>
							<String ID="string_169" HPOS="708" VPOS="972" WIDTH="10" HEIGHT="38" WC="0.95" CONTENT="|"/><SP WIDTH="10" VPOS="972" HPOS="718"/>
							<String ID="string_170" HPOS="728" VPOS="983" WIDTH="52" HEIGHT="22" WC="0.9" CONTENT="4,788]"/><SP WIDTH="50" VPOS="983" HPOS="780"/>
							<String ID="string_171" HPOS="830" VPOS="983" WIDTH="52" HEIGHT="22" WC="0.42" CONTENT="1,100"/>
						</TextLine>
						<TextLine ID="line_24" HPOS="259" VPOS="1017" WIDTH="623" HEIGHT="27">
							<String ID="string_172" HPOS="259" VPOS="1017" WIDTH="46" HEIGHT="18" WC="0.95" CONTENT="1896"/><SP WIDTH="114" VPOS="1017" HPOS="305"/>
							<String ID="string_173" HPOS="419" VPOS="1023" WIDTH="53" HEIGHT="21" WC="0.92" CONTENT="3,766"/><SP WIDTH="62" VPOS="1023" HPOS="472"/>
							<String ID="string_174" HPOS="534" VPOS="1020" WIDTH="53" HEIGHT="21" WC="0.95" CONTENT="1,176"/><SP WIDTH="57" VPOS="1020" HPOS="587"/>
							<String ID="string_175" HPOS="644" VPOS="1019" WIDTH="53" HEIGHT="22" WC="0.95" CONTENT="1,880"/><SP WIDTH="10" VPOS="1019" HPOS="697"/>
							<String ID="string_176" HPOS="707" VPOS="1010" WIDTH="12" HEIGHT="35" WC="0.95" CONTENT="|"/><SP WIDTH="9" VPOS="1010" HPOS="719"/>
							<String ID="string_177" HPOS="728" VPOS="1019" WIDTH="53" HEIGHT="22" WC="0.95" CONTENT="6,822"/><SP WIDTH="66" VPOS="1019" HPOS="781"/>
							<String ID="string_178" HPOS="847" VPOS="1019" WIDTH="35" HEIGHT="17" WC="0.95" CONTENT="700"/>
						</TextLine>
						<TextLine ID="line_25" HPOS="296" VPOS="1062" WIDTH="587" HEIGHT="34">
							<String ID="string_179" HPOS="296" VPOS="1071" WIDTH="73" HEIGHT="19" WC="0.96" CONTENT="Summa"/><SP WIDTH="9" VPOS="1071" HPOS="369"/>
							<String ID="string_180" HPOS="378" VPOS="1058" WIDTH="16" HEIGHT="45" WC="0.93" CONTENT="|"/><SP WIDTH="13" VPOS="1058" HPOS="394"/>
							<String ID="string_181" HPOS="407" VPOS="1073" WIDTH="65" HEIGHT="23" WC="0.90" CONTENT="12,673"/><SP WIDTH="22" VPOS="1073" HPOS="472"/>
							<String ID="string_182" HPOS="494" VPOS="1058" WIDTH="12" HEIGHT="45" WC="0.96" CONTENT="|"/><SP WIDTH="26" VPOS="1058" HPOS="506"/>
							<String ID="string_183" HPOS="532" VPOS="1074" WIDTH="53" HEIGHT="21" WC="0.95" CONTENT="4,747"/><SP WIDTH="28" VPOS="1074" HPOS="585"/>
							<String ID="string_184" HPOS="613" VPOS="1062" WIDTH="2" HEIGHT="37" WC="0.96" CONTENT="|"/><SP WIDTH="28" VPOS="1062" HPOS="615"/>
							<String ID="string_185" HPOS="643" VPOS="1073" WIDTH="53" HEIGHT="22" WC="0.93" CONTENT="7,656"/><SP WIDTH="20" VPOS="1073" HPOS="696"/>
							<String ID="string_186" HPOS="716" VPOS="1073" WIDTH="65" HEIGHT="22" WC="0.56" CONTENT="|25,076]"/><SP WIDTH="48" VPOS="1073" HPOS="781"/>
							<String ID="string_187" HPOS="829" VPOS="1073" WIDTH="54" HEIGHT="22" WC="0.57" CONTENT="7,300"/>
						</TextLine>
					</TextBlock>
				</ComposedBlock>
				<GraphicalElement ID="cblock_9" HPOS="921" VPOS="678" WIDTH="2" HEIGHT="428"></GraphicalElement >
				<GraphicalElement ID="cblock_10" HPOS="790" VPOS="677" WIDTH="2" HEIGHT="431"></GraphicalElement >
				<GraphicalElement ID="cblock_11" HPOS="385" VPOS="726" WIDTH="5" HEIGHT="381"></GraphicalElement >
				<GraphicalElement ID="cblock_12" HPOS="712" VPOS="725" WIDTH="1" HEIGHT="383"></GraphicalElement >
				<GraphicalElement ID="cblock_13" HPOS="500" VPOS="804" WIDTH="2" HEIGHT="304"></GraphicalElement >
				<ComposedBlock ID="cblock_14" HPOS="165" VPOS="1115" WIDTH="760" HEIGHT="320">
					<TextBlock ID="block_4" HPOS="165" VPOS="1115" WIDTH="760" HEIGHT="320">
						<TextLine ID="line_26" HPOS="238" VPOS="1115" WIDTH="687" HEIGHT="26">
							<String ID="string_188" HPOS="238" VPOS="1115" WIDTH="47" HEIGHT="19" WC="0.93" CONTENT="Den"/><SP WIDTH="20" VPOS="1115" HPOS="285"/>
							<String ID="string_189" HPOS="305" VPOS="1115" WIDTH="61" HEIGHT="24" WC="0.91" CONTENT="digra"/><SP WIDTH="15" VPOS="1115" HPOS="366"/>
							<String ID="string_190" HPOS="381" VPOS="1116" WIDTH="206" HEIGHT="25" WC="0.91" CONTENT="materialsamling,"/><SP WIDTH="17" VPOS="1116" HPOS="587"/>
							<String ID="string_191" HPOS="604" VPOS="1122" WIDTH="49" HEIGHT="14" WC="0.93" CONTENT="som"/><SP WIDTH="23" VPOS="1122" HPOS="653"/>
							<String ID="string_192" HPOS="676" VPOS="1116" WIDTH="178" HEIGHT="20" WC="0.91" CONTENT="Guvernörernas"/><SP WIDTH="15" VPOS="1116" HPOS="854"/>
							<String ID="string_193" HPOS="869" VPOS="1121" WIDTH="56" HEIGHT="19" WC="0.93" CONTENT="nyss"/>
						</TextLine>
						<TextLine ID="line_27" HPOS="167" VPOS="1147" WIDTH="758" HEIGHT="27">
							<String ID="string_194" HPOS="167" VPOS="1147" WIDTH="104" HEIGHT="25" WC="0.91" CONTENT="antydda,"/><SP WIDTH="15" VPOS="1147" HPOS="271"/>
							<String ID="string_195" HPOS="286" VPOS="1148" WIDTH="33" HEIGHT="19" WC="0.96" CONTENT="till"/><SP WIDTH="15" VPOS="1148" HPOS="319"/>
							<String ID="string_196" HPOS="334" VPOS="1148" WIDTH="26" HEIGHT="19" WC="0.93" CONTENT="K."/><SP WIDTH="18" VPOS="1148" HPOS="360"/>
							<String ID="string_197" HPOS="378" VPOS="1149" WIDTH="94" HEIGHT="20" WC="0.92" CONTENT="Senaten"/><SP WIDTH="16" VPOS="1149" HPOS="472"/>
							<String ID="string_198" HPOS="488" VPOS="1149" WIDTH="84" HEIGHT="24" WC="0.93" CONTENT="ingifna"/><SP WIDTH="12" VPOS="1149" HPOS="572"/>
							<String ID="string_199" HPOS="584" VPOS="1149" WIDTH="112" HEIGHT="25" WC="0.96" CONTENT="rapporter"/><SP WIDTH="10" VPOS="1149" HPOS="696"/>
							<String ID="string_200" HPOS="706" VPOS="1149" WIDTH="40" HEIGHT="20" WC="0.93" CONTENT="och"/><SP WIDTH="10" VPOS="1149" HPOS="746"/>
							<String ID="string_201" HPOS="756" VPOS="1148" WIDTH="129" HEIGHT="20" WC="0.91" CONTENT="utlätanden"/><SP WIDTH="10" VPOS="1148" HPOS="885"/>
							<String ID="string_202" HPOS="895" VPOS="1153" WIDTH="30" HEIGHT="15" WC="0.92" CONTENT="er-"/>
						</TextLine>
						<TextLine ID="line_28" HPOS="166" VPOS="1180" WIDTH="758" HEIGHT="27">
							<String ID="string_203" HPOS="166" VPOS="1180" WIDTH="72" HEIGHT="25" WC="0.95" CONTENT="bjuda,"/><SP WIDTH="21" VPOS="1180" HPOS="238"/>
							<String ID="string_204" HPOS="259" VPOS="1181" WIDTH="85" HEIGHT="19" WC="0.96" CONTENT="lämnar"/><SP WIDTH="33" VPOS="1181" HPOS="344"/>
							<String ID="string_205" HPOS="377" VPOS="1182" WIDTH="81" HEIGHT="19" WC="0.95" CONTENT="nästan"/><SP WIDTH="21" VPOS="1182" HPOS="458"/>
							<String ID="string_206" HPOS="479" VPOS="1182" WIDTH="51" HEIGHT="24" WC="0.96" CONTENT="inga"/><SP WIDTH="22" VPOS="1182" HPOS="530"/>
							<String ID="string_207" HPOS="552" VPOS="1183" WIDTH="161" HEIGHT="24" WC="0.96" CONTENT="upplysningar"/><SP WIDTH="21" VPOS="1183" HPOS="713"/>
							<String ID="string_208" HPOS="734" VPOS="1181" WIDTH="134" HEIGHT="20" WC="0.96" CONTENT="beträffande"/><SP WIDTH="15" VPOS="1181" HPOS="868"/>
							<String ID="string_209" HPOS="883" VPOS="1181" WIDTH="41" HEIGHT="20" WC="0.96" CONTENT="den"/>
						</TextLine>
						<TextLine ID="line_29" HPOS="166" VPOS="1213" WIDTH="759" HEIGHT="26">
							<String ID="string_210" HPOS="166" VPOS="1213" WIDTH="163" HEIGHT="24" WC="0.91" CONTENT="angelägenhet"/><SP WIDTH="18" VPOS="1213" HPOS="329"/>
							<String ID="string_211" HPOS="347" VPOS="1219" WIDTH="48" HEIGHT="15" WC="0.96" CONTENT="som"/><SP WIDTH="22" VPOS="1219" HPOS="395"/>
							<String ID="string_212" HPOS="417" VPOS="1220" WIDTH="29" HEIGHT="15" WC="0.96" CONTENT="nu"/><SP WIDTH="22" VPOS="1220" HPOS="446"/>
							<String ID="string_213" HPOS="468" VPOS="1216" WIDTH="100" HEIGHT="19" WC="0.93" CONTENT="närmast"/><SP WIDTH="23" VPOS="1216" HPOS="568"/>
							<String ID="string_214" HPOS="591" VPOS="1214" WIDTH="46" HEIGHT="21" WC="0.93" CONTENT="stär"/><SP WIDTH="22" VPOS="1214" HPOS="637"/>
							<String ID="string_215" HPOS="659" VPOS="1215" WIDTH="7" HEIGHT="19" WC="0.91" CONTENT="i"/><SP WIDTH="22" VPOS="1215" HPOS="666"/>
							<String ID="string_216" HPOS="688" VPOS="1214" WIDTH="68" HEIGHT="25" WC="0.91" CONTENT="fräga."/><SP WIDTH="30" VPOS="1214" HPOS="756"/>
							<String ID="string_217" HPOS="786" VPOS="1214" WIDTH="83" HEIGHT="20" WC="0.91" CONTENT="Endast"/><SP WIDTH="16" VPOS="1214" HPOS="869"/>
							<String ID="string_218" HPOS="885" VPOS="1214" WIDTH="40" HEIGHT="19" WC="0.92" CONTENT="Gu-"/>
						</TextLine>
						<TextLine ID="line_30" HPOS="166" VPOS="1246" WIDTH="759" HEIGHT="26">
							<String ID="string_219" HPOS="166" VPOS="1248" WIDTH="108" HEIGHT="18" WC="0.92" CONTENT="vernören"/><SP WIDTH="16" VPOS="1248" HPOS="274"/>
							<String ID="string_220" HPOS="290" VPOS="1247" WIDTH="7" HEIGHT="19" WC="0.96" CONTENT="i"/><SP WIDTH="14" VPOS="1247" HPOS="297"/>
							<String ID="string_221" HPOS="311" VPOS="1246" WIDTH="60" HEIGHT="21" WC="0.96" CONTENT="Vasa"/><SP WIDTH="17" VPOS="1246" HPOS="371"/>
							<String ID="string_222" HPOS="388" VPOS="1247" WIDTH="35" HEIGHT="20" WC="0.93" CONTENT="län"/><SP WIDTH="17" VPOS="1247" HPOS="423"/>
							<String ID="string_223" HPOS="440" VPOS="1249" WIDTH="70" HEIGHT="23" WC="0.91" CONTENT="yttrar"/><SP WIDTH="16" VPOS="1249" HPOS="510"/>
							<String ID="string_224" HPOS="526" VPOS="1248" WIDTH="34" HEIGHT="24" WC="0.96" CONTENT="sig"/><SP WIDTH="19" VPOS="1248" HPOS="560"/>
							<String ID="string_225" HPOS="579" VPOS="1248" WIDTH="7" HEIGHT="19" WC="0.93" CONTENT="i"/><SP WIDTH="14" VPOS="1248" HPOS="586"/>
							<String ID="string_226" HPOS="600" VPOS="1247" WIDTH="143" HEIGHT="24" WC="0.92" CONTENT="förbigäende"/><SP WIDTH="15" VPOS="1247" HPOS="743"/>
							<String ID="string_227" HPOS="758" VPOS="1253" WIDTH="35" HEIGHT="14" WC="0.93" CONTENT="om"/><SP WIDTH="16" VPOS="1253" HPOS="793"/>
							<String ID="string_228" HPOS="809" VPOS="1247" WIDTH="116" HEIGHT="24" WC="0.92" CONTENT="emigrant-"/>
						</TextLine>
						<TextLine ID="line_31" HPOS="166" VPOS="1278" WIDTH="758" HEIGHT="27">
							<String ID="string_229" HPOS="166" VPOS="1278" WIDTH="153" HEIGHT="25" WC="0.91" CONTENT="befordringen"/><SP WIDTH="20" VPOS="1278" HPOS="319"/>
							<String ID="string_230" HPOS="339" VPOS="1280" WIDTH="40" HEIGHT="19" WC="0.90" CONTENT="och"/><SP WIDTH="14" VPOS="1280" HPOS="379"/>
							<String ID="string_231" HPOS="393" VPOS="1281" WIDTH="107" HEIGHT="24" WC="0.90" CONTENT="upptager"/><SP WIDTH="15" VPOS="1281" HPOS="500"/>
							<String ID="string_232" HPOS="515" VPOS="1281" WIDTH="7" HEIGHT="19" WC="0.95" CONTENT="i"/><SP WIDTH="14" VPOS="1281" HPOS="522"/>
							<String ID="string_233" HPOS="536" VPOS="1281" WIDTH="51" HEIGHT="19" WC="0.96" CONTENT="sina"/><SP WIDTH="14" VPOS="1281" HPOS="587"/>
							<String ID="string_234" HPOS="601" VPOS="1281" WIDTH="84" HEIGHT="23" WC="0.96" CONTENT="förslag"/><SP WIDTH="15" VPOS="1281" HPOS="685"/>
							<String ID="string_235" HPOS="700" VPOS="1280" WIDTH="34" HEIGHT="19" WC="0.93" CONTENT="till"/><SP WIDTH="15" VPOS="1280" HPOS="734"/>
							<String ID="string_236" HPOS="749" VPOS="1279" WIDTH="100" HEIGHT="25" WC="0.92" CONTENT="ätgärder"/><SP WIDTH="10" VPOS="1279" HPOS="849"/>
							<String ID="string_237" HPOS="859" VPOS="1279" WIDTH="65" HEIGHT="20" WC="0.93" CONTENT="äfven"/>
						</TextLine>
						<TextLine ID="line_32" HPOS="166" VPOS="1310" WIDTH="758" HEIGHT="27">
							<String ID="string_238" HPOS="166" VPOS="1310" WIDTH="209" HEIGHT="22" WC="0.90" CONTENT="ästadkommandet"/><SP WIDTH="23" VPOS="1310" HPOS="375"/>
							<String ID="string_239" HPOS="398" VPOS="1313" WIDTH="23" HEIGHT="19" WC="0.96" CONTENT="af"/><SP WIDTH="14" VPOS="1313" HPOS="421"/>
							<String ID="string_240" HPOS="435" VPOS="1318" WIDTH="27" HEIGHT="15" WC="0.96" CONTENT="en"/><SP WIDTH="16" VPOS="1318" HPOS="462"/>
							<String ID="string_241" HPOS="478" VPOS="1313" WIDTH="35" HEIGHT="24" WC="0.91" CONTENT="lag"/><SP WIDTH="15" VPOS="1313" HPOS="513"/>
							<String ID="string_242" HPOS="528" VPOS="1312" WIDTH="114" HEIGHT="25" WC="0.91" CONTENT="angäende"/><SP WIDTH="16" VPOS="1312" HPOS="642"/>
							<String ID="string_243" HPOS="658" VPOS="1313" WIDTH="207" HEIGHT="24" WC="0.92" CONTENT="emigrantagenter."/><SP WIDTH="29" VPOS="1313" HPOS="865"/>
							<String ID="string_244" HPOS="894" VPOS="1312" WIDTH="30" HEIGHT="19" WC="0.96" CONTENT="De"/>
						</TextLine>
						<TextLine ID="line_33" HPOS="165" VPOS="1344" WIDTH="759" HEIGHT="27">
							<String ID="string_245" HPOS="165" VPOS="1344" WIDTH="191" HEIGHT="25" WC="0.95" CONTENT="undersökningar"/><SP WIDTH="25" VPOS="1344" HPOS="356"/>
							<String ID="string_246" HPOS="381" VPOS="1346" WIDTH="40" HEIGHT="19" WC="0.93" CONTENT="och"/><SP WIDTH="22" VPOS="1346" HPOS="421"/>
							<String ID="string_247" HPOS="443" VPOS="1345" WIDTH="65" HEIGHT="26" WC="0.96" CONTENT="därpå"/><SP WIDTH="23" VPOS="1345" HPOS="508"/>
							<String ID="string_248" HPOS="531" VPOS="1347" WIDTH="107" HEIGHT="19" WC="0.95" CONTENT="baserade"/><SP WIDTH="15" VPOS="1347" HPOS="638"/>
							<String ID="string_249" HPOS="653" VPOS="1345" WIDTH="137" HEIGHT="25" WC="0.96" CONTENT="uttalanden,"/><SP WIDTH="15" VPOS="1345" HPOS="790"/>
							<String ID="string_250" HPOS="805" VPOS="1350" WIDTH="47" HEIGHT="15" WC="0.96" CONTENT="som"/><SP WIDTH="16" VPOS="1350" HPOS="852"/>
							<String ID="string_251" HPOS="868" VPOS="1345" WIDTH="7" HEIGHT="19" WC="0.93" CONTENT="i"/><SP WIDTH="14" VPOS="1345" HPOS="875"/>
							<String ID="string_252" HPOS="889" VPOS="1350" WIDTH="35" HEIGHT="14" WC="0.91" CONTENT="an-"/>
						</TextLine>
						<TextLine ID="line_34" HPOS="165" VPOS="1376" WIDTH="760" HEIGHT="27">
							<String ID="string_253" HPOS="165" VPOS="1376" WIDTH="90" HEIGHT="24" WC="0.96" CONTENT="ledning"/><SP WIDTH="16" VPOS="1376" HPOS="255"/>
							<String ID="string_254" HPOS="271" VPOS="1377" WIDTH="22" HEIGHT="19" WC="0.93" CONTENT="af"/><SP WIDTH="10" VPOS="1377" HPOS="293"/>
							<String ID="string_255" HPOS="303" VPOS="1376" WIDTH="58" HEIGHT="27" WC="0.64" CONTENT="1891|"/><SP WIDTH="10" VPOS="1376" HPOS="361"/>
							<String ID="string_256" HPOS="371" VPOS="1377" WIDTH="35" HEIGHT="21" WC="0.93" CONTENT="års"/><SP WIDTH="12" VPOS="1377" HPOS="406"/>
							<String ID="string_257" HPOS="418" VPOS="1379" WIDTH="181" HEIGHT="23" WC="0.92" CONTENT="ständerpetition"/><SP WIDTH="14" VPOS="1379" HPOS="599"/>
							<String ID="string_258" HPOS="613" VPOS="1378" WIDTH="133" HEIGHT="20" WC="0.92" CONTENT="affordrades"/><SP WIDTH="10" VPOS="1378" HPOS="746"/>
							<String ID="string_259" HPOS="756" VPOS="1380" WIDTH="169" HEIGHT="22" WC="0.92" CONTENT="guvernörerna,"/>
						</TextLine>
						<TextLine ID="line_35" HPOS="165" VPOS="1408" WIDTH="759" HEIGHT="27">
							<String ID="string_260" HPOS="165" VPOS="1409" WIDTH="71" HEIGHT="24" WC="0.95" CONTENT="gällde"/><SP WIDTH="25" VPOS="1409" HPOS="236"/>
							<String ID="string_261" HPOS="261" VPOS="1410" WIDTH="23" HEIGHT="24" WC="0.92" CONTENT="ju"/><SP WIDTH="23" VPOS="1410" HPOS="284"/>
							<String ID="string_262" HPOS="307" VPOS="1409" WIDTH="68" HEIGHT="21" WC="0.91" CONTENT="ocksä"/><SP WIDTH="20" VPOS="1409" HPOS="375"/>
							<String ID="string_263" HPOS="395" VPOS="1412" WIDTH="101" HEIGHT="18" WC="0.80" CONTENT="närmast"/><SP WIDTH="24" VPOS="1412" HPOS="496"/>
							<String ID="string_264" HPOS="520" VPOS="1411" WIDTH="176" HEIGHT="24" WC="0.90" CONTENT="emigrationens"/><SP WIDTH="21" VPOS="1411" HPOS="696"/>
							<String ID="string_265" HPOS="717" VPOS="1408" WIDTH="207" HEIGHT="22" WC="0.90" CONTENT="missförhällanden"/>
						</TextLine>
					</TextBlock>
				</ComposedBlock>
				<ComposedBlock ID="cblock_15" HPOS="236" VPOS="1459" WIDTH="438" HEIGHT="18">
					<TextBlock ID="block_5" HPOS="236" VPOS="1459" WIDTH="438" HEIGHT="18">
						<TextLine ID="line_36" HPOS="236" VPOS="1459" WIDTH="438" HEIGHT="18">
							<String ID="string_266" HPOS="236" VPOS="1459" WIDTH="91" HEIGHT="15" WC="0.90" CONTENT="Allmänna"/><SP WIDTH="8" VPOS="1459" HPOS="327"/>
							<String ID="string_267" HPOS="335" VPOS="1460" WIDTH="158" HEIGHT="17" WC="0.91" CONTENT="petitionsutskottets"/><SP WIDTH="9" VPOS="1460" HPOS="493"/>
							<String ID="string_268" HPOS="502" VPOS="1460" WIDTH="101" HEIGHT="15" WC="0.96" CONTENT="betänkande"/><SP WIDTH="10" VPOS="1460" HPOS="603"/>
							<String ID="string_269" HPOS="613" VPOS="1460" WIDTH="29" HEIGHT="15" WC="0.96" CONTENT="N:o"/><SP WIDTH="9" VPOS="1460" HPOS="642"/>
							<String ID="string_270" HPOS="651" VPOS="1460" WIDTH="23" HEIGHT="15" WC="0.94" CONTENT="26."/>
						</TextLine>
					</TextBlock>
				</ComposedBlock>
			</PrintSpace>
		</Page>
	</Layout>
</alto>
