1003 1656
218 59 11 19 =

259 122 29 18 På
309 122 66 19 landet
390 122 36 19 och
441 123 6 18 i
462 123 97 24 köpingar
574 125 22 17 är
610 122 114 24 visserligen
738 122 146 19 minuthandeln
900 122 43 18 med

189 150 120 24 rusdrycker
330 150 109 26 förbjuden,
462 158 43 12 men
528 152 6 18 i
557 152 67 18 städer
639 154 23 16 är
677 152 37 18 den
729 151 43 19 med
787 151 61 24 nägra
863 150 80 20 restrik-

189 180 64 18 tioner
276 179 81 19 tillåten.
388 180 41 19 Och
451 180 63 19 under
536 180 127 24 iakttagande
685 180 22 19 af
728 180 89 24 gällande
832 180 31 24 lag
878 180 65 19 kunna

189 209 74 23 ganska
279 211 52 17 stora
347 209 116 23 gvantiteter
477 210 119 23 rusdrycker
610 209 71 19 forslas
697 208 43 20 frän
756 209 91 19 städerna
862 209 29 18 till
901 208 41 20 lan-

188 237 39 24 det,
243 237 74 19 hvilket
332 238 29 18 till
377 238 35 18 och
428 238 43 19 med
486 238 22 19 af
522 241 64 17 staten
602 238 143 23 understödjes.
775 238 82 18 Enskild
872 243 70 19 person

187 266 32 19 fär
233 266 45 20 ieke
293 269 40 16 mot
348 267 107 24 ersättning
471 272 46 14 vara
532 267 130 20 allmänheten
673 266 105 24 behjälplig
790 267 31 18 vid
831 266 111 20 anskaffan-

187 296 33 18 det
235 294 23 20 af
272 295 86 19 bränvin.
389 296 46 19 Men
451 296 11 18 ä
478 298 73 17 statens
566 296 104 24 jernvägar
686 302 45 17 eger
746 301 44 13 man
805 295 93 24 rättighet
913 298 30 16 att

187 324 130 24 (naturligtvis
333 327 39 16 mot
387 325 113 23 ersättning)
517 327 134 22 transportera
666 324 133 24 spritdrycker
813 324 30 19 till
853 324 38 19 alla
902 326 39 17 sta-

186 354 71 18 tioner.
289 354 7 18 I
318 353 49 20 huru
387 356 41 16 stor
442 354 136 24 utsträckning
594 354 64 19 denna
672 356 59 21 utväg
746 354 94 18 användts
856 352 85 25 framgär

187 388 22 13 ur
229 382 197 24 jernvägsstyrelsens
449 382 144 20 ärsberättelse.
624 378 28 24 Är
676 382 53 20 1893
745 382 95 19 forslades
856 382 11 18 å
882 384 59 17 stats-

183 412 132 23 jernvägarna
330 411 5 18 i
350 411 84 20 Finland
451 412 94 24 ybränvin
560 412 37 19 och
612 412 30 19 öl
662 412 11 19 5
690 412 90 23 miljoner
794 411 94 24 kilogram
904 411 37 19 och

186 440 22 19 är
230 440 54 19 1895
300 439 49 20 hade
365 440 53 19 detta
433 441 69 24 belopp
520 441 55 24 stigit
590 441 29 19 till
636 441 12 19 6
663 441 90 23 miljoner
768 441 100 23 kilogram.
899 439 41 20 Och

185 469 26 18 dä
233 469 22 19 åt
277 475 23 13 en
323 469 35 19 och
381 475 73 13 samma
476 476 71 18 person
562 469 31 20 får
607 470 71 19 sändas
694 469 81 19 bränvin
791 469 50 19 ända
856 475 38 18 upp
910 468 30 19 till

188 498 38 19 150
242 498 52 23 liter,
310 498 36 19 och
359 499 246 23 jernvägstjenstemännen
620 499 125 23 naturligtvis
760 498 43 19 icke
817 499 64 18 kunna
892 498 47 18 kon-

185 527 82 18 trollera
289 529 29 16 att
340 527 21 18 ät
382 527 57 24 ingen
461 528 69 19 sändes
548 533 53 14 mera
621 530 25 17 än
663 527 37 19 han
716 527 187 24 författningsenligt
923 532 13 13 är

184 555 112 24 berättigad
318 557 29 18 att
368 556 108 24 innehafva,
496 557 22 18 sä
537 557 66 18 kunna
621 559 75 17 statens
710 557 103 23 jernvägar
828 556 37 19 lätt
879 555 60 19 blifva

183 584 118 30 förmedlare
317 585 24 23 af
354 584 70 26 olaglig
440 585 163 20 bränvinshandel.

254 616 18 17 A
293 613 108 24 apotheken
420 614 32 19 får
466 615 18 23 ej
499 617 47 16 utan
562 615 144 23 läkare-recept
721 614 59 23 säljas
794 615 43 18 rent
851 613 87 24 bränvin,

184 643 50 24 sprit
249 643 48 19 eller
311 643 64 23 ether;
392 649 42 13 men
449 649 31 13 om
494 643 82 20 bränvin
591 643 36 20 och
639 643 55 19 ether
704 643 87 23 blandas,
803 643 21 18 sä
834 642 31 19 fär
875 642 64 19 denna

183 672 110 24 blandning,
313 677 30 13 om
358 672 36 19 ock
409 672 6 18 i
431 672 109 24 begränsad
555 673 97 18 kvantitet
666 672 6 19 i
688 672 90 24 handköp
795 671 19 20 ät
829 671 54 19 hvem
897 677 40 12 som

183 701 51 19 helst
249 700 97 24 försäljas.

253 729 73 20 Likasä
341 732 22 17 är
377 730 71 24 import
463 730 21 19 af
498 731 81 18 bränvin
594 731 30 19 till
637 730 84 20 Finland
731 730 41 19 helt
782 730 36 19 och
828 729 60 20 hället
898 729 39 19 för-

182 759 83 24 bjuden;
281 765 43 12 men
340 765 30 12 om
385 759 101 19 bränvinet
501 759 121 24 uppblandas
633 759 44 19 med
688 759 59 24 något
756 761 65 22 annat,
832 758 31 19 mä
873 759 65 18 hända

182 788 81 19 alldeles
286 788 117 19 ohelsosamt
425 790 61 22 ämne,
510 789 35 18 och
568 789 21 18 ät
611 789 63 19 denna
696 789 106 23 blandning
825 787 60 25 gifves
909 790 28 15 ett

183 817 82 19 vackert
279 822 64 18 namn,
359 816 21 19 sä
395 817 81 19 hindrar
490 817 50 19 intet
554 817 95 24 importen
665 817 63 20 häraf.

252 846 39 18 Det
305 847 90 22 gvantum
410 845 87 24 bränvin,
514 851 39 14 som
570 853 23 12 en
611 846 125 25 ,husbonde*
750 852 44 18 eger
804 846 94 23 rättighet
908 848 29 16 att

181 874 25 24 pä
230 880 24 13 en
277 874 50 24 gång
346 873 75 20 hemma
436 874 110 25 innehafva,
562 875 95 24 nemligen
674 875 12 18 6
701 875 45 19 liter
760 880 35 19 per
809 875 66 22 hvarje
891 874 45 19 full-

180 909 64 12 vuxen
262 908 77 19 person,
355 908 40 13 som
410 903 37 19 hör
462 903 29 19 till
506 903 48 20 hans
570 903 86 24 husfolk,
672 903 101 20 förefaller
787 904 77 23 mycket
879 903 58 24 drygt

180 931 92 24 tilltaget,
296 931 112 24 isynnerhet
430 937 30 14 om
482 938 44 13 man
541 935 55 21 tager
611 933 6 18 i
632 933 130 19 betraktande
778 935 28 16 att
821 932 42 19 häri
878 932 58 19 äfven

181 961 82 23 qvinnor
285 963 34 16 äro
341 960 138 24 inberäknade,
495 961 71 23 hvilka,
584 961 43 19 Gud
642 967 46 13 vare
703 961 34 24 lof,
752 961 44 20 icke
811 963 51 16 ännu
877 961 6 18 i
899 961 36 18 all-

179 989 80 19 mänhet
273 989 65 19 blifvit
353 989 170 24 dryckenskapens
539 989 78 20 slafvar.

249 1017 63 20 Dessa
327 1020 33 16 äro
376 1017 60 24 några
451 1017 22 20 af
487 1019 23 18 de
526 1019 151 24 anmärkningar
691 1024 40 13 som
741 1019 65 18 kunna
817 1020 56 22 göras
884 1020 53 17 emot

179 1047 113 18 nuvarande
314 1046 237 25 bränvinsförfattningar.
581 1047 38 24 Jag
633 1047 75 24 hoppas
724 1049 29 17 att
768 1047 22 19 af
804 1047 56 19 dessa
875 1047 60 18 redan

179 1075 73 23 tydligt
271 1075 98 23 framgått,
385 1077 29 17 att
430 1075 171 24 författningarna,
617 1075 32 20 för
664 1078 30 17 att
708 1076 98 19 värksamt
820 1076 66 18 kunna
901 1075 34 19 be-

180 1103 72 24 främja
266 1103 135 24 nykterheten,
416 1103 73 20 hvilket
503 1104 37 19 bör
554 1110 47 13 vara
616 1105 58 18 deras
689 1104 171 24 hufvudändamål,
873 1103 62 20 måste

179 1132 130 19 underkastas
325 1132 162 24 genomgripande
502 1132 144 25 förändringar.

248 1161 38 24 Jag
310 1161 60 24 vågar
394 1161 68 19 derför
485 1161 81 24 hoppas,
589 1164 29 17 att
640 1162 94 19 Finlands
757 1162 89 23 Ständer,
869 1161 66 19 hvilka

179 1189 72 19 folkets
270 1189 90 24 allsidiga
375 1189 82 25 välgång
471 1190 62 19 måste
548 1191 52 23 ligga
615 1196 31 13 om
662 1190 80 25 hjärtat,
758 1197 59 18 gerna
832 1190 47 23 vilja
894 1190 39 19 för-

178 1224 46 13 enas
241 1223 30 14 om
287 1224 23 13 en
325 1218 82 24 petition
423 1219 6 18 i
445 1219 69 19 sådant
529 1219 61 24 syfte:

385 1277 29 17 att
434 1276 58 19 Hans
514 1276 109 25 Kejserliga
646 1276 93 25 Majestät
754 1276 67 19 täcktes
839 1276 29 19 till
882 1277 51 18 näst-

315 1305 181 19 sammanträdande
517 1305 77 19 ständer
614 1305 102 24 förelägga
736 1305 125 24 proposition,
880 1305 53 19 inne-

315 1332 86 23 fattande
418 1333 73 20 sådana
505 1333 140 25 förändringar
660 1334 7 19 i
681 1340 26 13 nu
721 1333 88 25 gällande
823 1333 110 24 förordnin-

315 1367 41 18 gar,
380 1362 95 24 angående
499 1362 120 25 tillverkning
642 1362 33 19 och
698 1362 115 25 försäljning
835 1362 26 24 af
875 1362 58 24 sprit-
