<?xml version="1.0" encoding="UTF-8"?>
<alto xmlns="http://www.loc.gov/standards/alto/ns-v3#" xmlns:xlink="http://www.w3.org/1999/xlink" xmlns:xsi="http://www.w3.org/2001/XMLSchema-instance" xsi:schemaLocation="http://www.loc.gov/standards/alto/ns-v3# http://www.loc.gov/alto/v3/alto-3-0.xsd">
	<Description>
		<MeasurementUnit>pixel</MeasurementUnit>
		<sourceImageInformation>
			<fileName>/tmp/tess_xuyiyayz_input.PNG</fileName>
		</sourceImageInformation>
		<OCRProcessing ID="OCR_0">
			<ocrProcessingStep>
				<processingSoftware>
					<softwareName>tesseract 5.3.4</softwareName>
				</processingSoftware>
			</ocrProcessingStep>
		</OCRProcessing>
	</Description>
	<Layout>
		<Page WIDTH="1003" HEIGHT="1656" PHYSICAL_IMG_NR="0" ID="page_0">
			<PrintSpace HPOS="0" VPOS="0" WIDTH="1003" HEIGHT="1656">
				<ComposedBlock ID="cblock_0" HPOS="318" VPOS="93" WIDTH="312" HEIGHT="27">
					<TextBlock ID="block_0" HPOS="318" VPOS="93" WIDTH="312" HEIGHT="27">
						<TextLine ID="line_0" HPOS="318" VPOS="93" WIDTH="312" HEIGHT="27">
							<String ID="string_0" HPOS="318" VPOS="93" WIDTH="312" HEIGHT="27" WC="0.91" CONTENT="Petitionsmemorial."/>
						</TextLine>
					</TextBlock>
				</ComposedBlock>
				<ComposedBlock ID="cblock_1" HPOS="242" VPOS="166" WIDTH="463" HEIGHT="36">
					<TextBlock ID="block_1" HPOS="242" VPOS="166" WIDTH="463" HEIGHT="36">
						<TextLine ID="line_1" HPOS="242" VPOS="166" WIDTH="463" HEIGHT="36">
							<String ID="string_1" HPOS="242" VPOS="166" WIDTH="111" HEIGHT="36" WC="0.92" CONTENT="Bondest."/><SP WIDTH="255" VPOS="166" HPOS="353"/>
							<String ID="string_2" HPOS="608" VPOS="170" WIDTH="44" HEIGHT="22" WC="0.91" CONTENT="N:o"/><SP WIDTH="17" VPOS="170" HPOS="652"/>
							<String ID="string_3" HPOS="669" VPOS="170" WIDTH="36" HEIGHT="22" WC="0.90" CONTENT="75."/>
						</TextLine>
					</TextBlock>
				</ComposedBlock>
				<ComposedBlock ID="cblock_2" HPOS="257" VPOS="523" WIDTH="432" HEIGHT="20">
					<TextBlock ID="block_2" HPOS="257" VPOS="523" WIDTH="432" HEIGHT="20">
						<TextLine ID="line_2" HPOS="257" VPOS="523" WIDTH="432" HEIGHT="20">
							<String ID="string_4" HPOS="257" VPOS="523" WIDTH="47" HEIGHT="20" WC="0.93" CONTENT="Till"/><SP WIDTH="17" VPOS="523" HPOS="304"/>
							<String ID="string_5" HPOS="321" VPOS="523" WIDTH="160" HEIGHT="20" WC="0.91" CONTENT="Hedervärda"/><SP WIDTH="16" VPOS="523" HPOS="481"/>
							<String ID="string_6" HPOS="497" VPOS="523" WIDTH="192" HEIGHT="20" WC="0.92" CONTENT="Bondeståndet."/>
						</TextLine>
					</TextBlock>
				</ComposedBlock>
				<ComposedBlock ID="cblock_3" HPOS="97" VPOS="589" WIDTH="751" HEIGHT="832">
					<TextBlock ID="block_3" HPOS="97" VPOS="589" WIDTH="751" HEIGHT="498">
						<TextLine ID="line_3" HPOS="169" VPOS="589" WIDTH="677" HEIGHT="26">
							<String ID="string_7" HPOS="169" VPOS="589" WIDTH="40" HEIGHT="20" WC="0.95" CONTENT="Det"/><SP WIDTH="16" VPOS="589" HPOS="209"/>
							<String ID="string_8" HPOS="225" VPOS="589" WIDTH="128" HEIGHT="26" WC="0.96" CONTENT="berättigade"/><SP WIDTH="16" VPOS="589" HPOS="353"/>
							<String ID="string_9" HPOS="369" VPOS="589" WIDTH="7" HEIGHT="19" WC="0.93" CONTENT="i"/><SP WIDTH="15" VPOS="589" HPOS="376"/>
							<String ID="string_10" HPOS="391" VPOS="589" WIDTH="128" HEIGHT="25" WC="0.91" CONTENT="klagomålen"/><SP WIDTH="17" VPOS="589" HPOS="519"/>
							<String ID="string_11" HPOS="536" VPOS="589" WIDTH="56" HEIGHT="20" WC="0.96" CONTENT="öfver"/><SP WIDTH="16" VPOS="589" HPOS="592"/>
							<String ID="string_12" HPOS="608" VPOS="589" WIDTH="39" HEIGHT="20" WC="0.93" CONTENT="den"/><SP WIDTH="17" VPOS="589" HPOS="647"/>
							<String ID="string_13" HPOS="664" VPOS="589" WIDTH="106" HEIGHT="25" WC="0.91" CONTENT="ojemnhet,"/><SP WIDTH="17" VPOS="589" HPOS="770"/>
							<String ID="string_14" HPOS="787" VPOS="589" WIDTH="59" HEIGHT="19" WC="0.93" CONTENT="hvar-"/>
						</TextLine>
						<TextLine ID="line_4" HPOS="97" VPOS="619" WIDTH="749" HEIGHT="26">
							<String ID="string_15" HPOS="97" VPOS="619" WIDTH="46" HEIGHT="20" WC="0.91" CONTENT="med"/><SP WIDTH="21" VPOS="619" HPOS="143"/>
							<String ID="string_16" HPOS="164" VPOS="619" WIDTH="206" HEIGHT="25" WC="0.89" CONTENT="värnepligtstungan"/><SP WIDTH="16" VPOS="619" HPOS="370"/>
							<String ID="string_17" HPOS="386" VPOS="619" WIDTH="89" HEIGHT="20" WC="0.95" CONTENT="drabbar"/><SP WIDTH="16" VPOS="619" HPOS="475"/>
							<String ID="string_18" HPOS="491" VPOS="619" WIDTH="25" HEIGHT="20" WC="0.96" CONTENT="de"/><SP WIDTH="16" VPOS="619" HPOS="516"/>
							<String ID="string_19" HPOS="532" VPOS="619" WIDTH="54" HEIGHT="20" WC="0.93" CONTENT="olika"/><SP WIDTH="16" VPOS="619" HPOS="586"/>
							<String ID="string_20" HPOS="602" VPOS="619" WIDTH="155" HEIGHT="26" WC="0.92" CONTENT="värnepligtige,"/><SP WIDTH="16" VPOS="619" HPOS="757"/>
							<String ID="string_21" HPOS="773" VPOS="621" WIDTH="23" HEIGHT="17" WC="0.93" CONTENT="är"/><SP WIDTH="16" VPOS="621" HPOS="796"/>
							<String ID="string_22" HPOS="812" VPOS="619" WIDTH="34" HEIGHT="19" WC="0.92" CONTENT="all-"/>
						</TextLine>
						<TextLine ID="line_5" HPOS="97" VPOS="648" WIDTH="749" HEIGHT="26">
							<String ID="string_23" HPOS="97" VPOS="652" WIDTH="57" HEIGHT="16" WC="0.92" CONTENT="mänt"/><SP WIDTH="16" VPOS="652" HPOS="154"/>
							<String ID="string_24" HPOS="170" VPOS="649" WIDTH="83" HEIGHT="20" WC="0.90" CONTENT="erkänd."/><SP WIDTH="22" VPOS="649" HPOS="253"/>
							<String ID="string_25" HPOS="275" VPOS="649" WIDTH="84" HEIGHT="20" WC="0.90" CONTENT="Oafsedt"/><SP WIDTH="16" VPOS="649" HPOS="359"/>
							<String ID="string_26" HPOS="375" VPOS="652" WIDTH="30" HEIGHT="17" WC="0.93" CONTENT="att"/><SP WIDTH="15" VPOS="652" HPOS="405"/>
							<String ID="string_27" HPOS="420" VPOS="649" WIDTH="117" HEIGHT="25" WC="0.92" CONTENT="ynglingar,"/><SP WIDTH="16" VPOS="649" HPOS="537"/>
							<String ID="string_28" HPOS="553" VPOS="649" WIDTH="109" HEIGHT="19" WC="0.93" CONTENT="behäftade"/><SP WIDTH="15" VPOS="649" HPOS="662"/>
							<String ID="string_29" HPOS="677" VPOS="649" WIDTH="46" HEIGHT="19" WC="0.96" CONTENT="med"/><SP WIDTH="11" VPOS="649" HPOS="723"/>
							<String ID="string_30" HPOS="734" VPOS="651" WIDTH="29" HEIGHT="17" WC="0.97" CONTENT="ett"/><SP WIDTH="11" VPOS="651" HPOS="763"/>
							<String ID="string_31" HPOS="774" VPOS="648" WIDTH="72" HEIGHT="20" WC="0.96" CONTENT="endast"/>
						</TextLine>
						<TextLine ID="line_6" HPOS="97" VPOS="678" WIDTH="750" HEIGHT="26">
							<String ID="string_32" HPOS="97" VPOS="679" WIDTH="146" HEIGHT="25" WC="0.90" CONTENT="jemförelsevis"/><SP WIDTH="24" VPOS="679" HPOS="243"/>
							<String ID="string_33" HPOS="267" VPOS="679" WIDTH="59" HEIGHT="25" WC="0.90" CONTENT="ringa"/><SP WIDTH="23" VPOS="679" HPOS="326"/>
							<String ID="string_34" HPOS="349" VPOS="679" WIDTH="48" HEIGHT="25" WC="0.96" CONTENT="lyte,"/><SP WIDTH="22" VPOS="679" HPOS="397"/>
							<String ID="string_35" HPOS="419" VPOS="679" WIDTH="44" HEIGHT="19" WC="0.96" CONTENT="helt"/><SP WIDTH="16" VPOS="679" HPOS="463"/>
							<String ID="string_36" HPOS="479" VPOS="679" WIDTH="37" HEIGHT="19" WC="0.93" CONTENT="och"/><SP WIDTH="16" VPOS="679" HPOS="516"/>
							<String ID="string_37" HPOS="532" VPOS="679" WIDTH="63" HEIGHT="19" WC="0.93" CONTENT="hället"/><SP WIDTH="15" VPOS="679" HPOS="595"/>
							<String ID="string_38" HPOS="610" VPOS="679" WIDTH="75" HEIGHT="19" WC="0.91" CONTENT="befrias"/><SP WIDTH="16" VPOS="679" HPOS="685"/>
							<String ID="string_39" HPOS="701" VPOS="679" WIDTH="45" HEIGHT="19" WC="0.92" CONTENT="frän"/><SP WIDTH="16" VPOS="679" HPOS="746"/>
							<String ID="string_40" HPOS="762" VPOS="678" WIDTH="85" HEIGHT="19" WC="0.92" CONTENT="militär-"/>
						</TextLine>
						<TextLine ID="line_7" HPOS="97" VPOS="708" WIDTH="750" HEIGHT="26">
							<String ID="string_41" HPOS="97" VPOS="709" WIDTH="69" HEIGHT="25" WC="0.92" CONTENT="tjenst,"/><SP WIDTH="19" VPOS="709" HPOS="166"/>
							<String ID="string_42" HPOS="185" VPOS="709" WIDTH="39" HEIGHT="19" WC="0.96" CONTENT="blir"/><SP WIDTH="19" VPOS="709" HPOS="224"/>
							<String ID="string_43" HPOS="243" VPOS="715" WIDTH="24" HEIGHT="13" WC="0.93" CONTENT="en"/><SP WIDTH="16" VPOS="715" HPOS="267"/>
							<String ID="string_44" HPOS="283" VPOS="709" WIDTH="91" HEIGHT="25" WC="0.92" CONTENT="yngling,"/><SP WIDTH="17" VPOS="709" HPOS="374"/>
							<String ID="string_45" HPOS="391" VPOS="716" WIDTH="42" HEIGHT="13" WC="0.96" CONTENT="som"/><SP WIDTH="16" VPOS="716" HPOS="433"/>
							<String ID="string_46" HPOS="449" VPOS="709" WIDTH="31" HEIGHT="19" WC="0.96" CONTENT="för"/><SP WIDTH="16" VPOS="709" HPOS="480"/>
							<String ID="string_47" HPOS="496" VPOS="715" WIDTH="25" HEIGHT="13" WC="0.96" CONTENT="en"/><SP WIDTH="17" VPOS="715" HPOS="521"/>
							<String ID="string_48" HPOS="538" VPOS="709" WIDTH="29" HEIGHT="19" WC="0.96" CONTENT="tid"/><SP WIDTH="17" VPOS="709" HPOS="567"/>
							<String ID="string_49" HPOS="584" VPOS="709" WIDTH="22" HEIGHT="19" WC="0.96" CONTENT="af"/><SP WIDTH="13" VPOS="709" HPOS="606"/>
							<String ID="string_50" HPOS="619" VPOS="711" WIDTH="31" HEIGHT="17" WC="0.97" CONTENT="tre"/><SP WIDTH="16" VPOS="711" HPOS="650"/>
							<String ID="string_51" HPOS="666" VPOS="710" WIDTH="22" HEIGHT="18" WC="0.92" CONTENT="är"/><SP WIDTH="16" VPOS="710" HPOS="688"/>
							<String ID="string_52" HPOS="704" VPOS="708" WIDTH="97" HEIGHT="19" WC="0.92" CONTENT="inkallats"/><SP WIDTH="15" VPOS="708" HPOS="801"/>
							<String ID="string_53" HPOS="816" VPOS="708" WIDTH="31" HEIGHT="19" WC="0.95" CONTENT="till"/>
						</TextLine>
						<TextLine ID="line_8" HPOS="98" VPOS="737" WIDTH="748" HEIGHT="27">
							<String ID="string_54" HPOS="98" VPOS="739" WIDTH="83" HEIGHT="19" WC="0.92" CONTENT="aktiven"/><SP WIDTH="21" VPOS="739" HPOS="181"/>
							<String ID="string_55" HPOS="202" VPOS="739" WIDTH="45" HEIGHT="19" WC="0.96" CONTENT="med"/><SP WIDTH="16" VPOS="739" HPOS="247"/>
							<String ID="string_56" HPOS="263" VPOS="738" WIDTH="47" HEIGHT="20" WC="0.93" CONTENT="dess"/><SP WIDTH="17" VPOS="738" HPOS="310"/>
							<String ID="string_57" HPOS="327" VPOS="739" WIDTH="94" HEIGHT="25" WC="0.91" CONTENT="ständiga"/><SP WIDTH="16" VPOS="739" HPOS="421"/>
							<String ID="string_58" HPOS="437" VPOS="739" WIDTH="38" HEIGHT="19" WC="0.93" CONTENT="och"/><SP WIDTH="16" VPOS="739" HPOS="475"/>
							<String ID="string_59" HPOS="491" VPOS="742" WIDTH="84" HEIGHT="21" WC="0.92" CONTENT="stränga"/><SP WIDTH="17" VPOS="742" HPOS="575"/>
							<String ID="string_60" HPOS="592" VPOS="739" WIDTH="142" HEIGHT="25" WC="0.92" CONTENT="tjenstgöring,"/><SP WIDTH="17" VPOS="739" HPOS="734"/>
							<String ID="string_61" HPOS="751" VPOS="738" WIDTH="7" HEIGHT="19" WC="0.93" CONTENT="i"/><SP WIDTH="15" VPOS="738" HPOS="758"/>
							<String ID="string_62" HPOS="773" VPOS="737" WIDTH="73" HEIGHT="26" WC="0.91" CONTENT="betyd-"/>
						</TextLine>
						<TextLine ID="line_9" HPOS="97" VPOS="767" WIDTH="749" HEIGHT="27">
							<String ID="string_63" HPOS="97" VPOS="769" WIDTH="39" HEIGHT="25" WC="0.92" CONTENT="ligt"/><SP WIDTH="15" VPOS="769" HPOS="136"/>
							<String ID="string_64" HPOS="151" VPOS="769" WIDTH="63" HEIGHT="25" WC="0.96" CONTENT="högre"/><SP WIDTH="15" VPOS="769" HPOS="214"/>
							<String ID="string_65" HPOS="229" VPOS="768" WIDTH="52" HEIGHT="25" WC="0.93" CONTENT="grad"/><SP WIDTH="16" VPOS="768" HPOS="281"/>
							<String ID="string_66" HPOS="297" VPOS="769" WIDTH="104" HEIGHT="24" WC="0.92" CONTENT="betungad"/><SP WIDTH="11" VPOS="769" HPOS="401"/>
							<String ID="string_67" HPOS="412" VPOS="769" WIDTH="23" HEIGHT="19" WC="0.93" CONTENT="af"/><SP WIDTH="8" VPOS="769" HPOS="435"/>
							<String ID="string_68" HPOS="443" VPOS="769" WIDTH="170" HEIGHT="24" WC="0.92" CONTENT="militärtjensten,"/><SP WIDTH="12" VPOS="769" HPOS="613"/>
							<String ID="string_69" HPOS="625" VPOS="772" WIDTH="25" HEIGHT="15" WC="0.96" CONTENT="än"/><SP WIDTH="12" VPOS="772" HPOS="650"/>
							<String ID="string_70" HPOS="662" VPOS="768" WIDTH="39" HEIGHT="20" WC="0.96" CONTENT="den"/><SP WIDTH="11" VPOS="768" HPOS="701"/>
							<String ID="string_71" HPOS="712" VPOS="775" WIDTH="43" HEIGHT="13" WC="0.93" CONTENT="som"/><SP WIDTH="10" VPOS="775" HPOS="755"/>
							<String ID="string_72" HPOS="765" VPOS="767" WIDTH="81" HEIGHT="26" WC="0.91" CONTENT="lyckats"/>
						</TextLine>
						<TextLine ID="line_10" HPOS="98" VPOS="797" WIDTH="749" HEIGHT="27">
							<String ID="string_73" HPOS="98" VPOS="798" WIDTH="64" HEIGHT="26" WC="0.92" CONTENT="draga"/><SP WIDTH="16" VPOS="798" HPOS="162"/>
							<String ID="string_74" HPOS="178" VPOS="799" WIDTH="39" HEIGHT="19" WC="0.93" CONTENT="lott"/><SP WIDTH="15" VPOS="799" HPOS="217"/>
							<String ID="string_75" HPOS="232" VPOS="798" WIDTH="82" HEIGHT="20" WC="0.92" CONTENT="hvilken"/><SP WIDTH="17" VPOS="798" HPOS="314"/>
							<String ID="string_76" HPOS="331" VPOS="799" WIDTH="112" HEIGHT="25" WC="0.92" CONTENT="berättigar"/><SP WIDTH="16" VPOS="799" HPOS="443"/>
							<String ID="string_77" HPOS="459" VPOS="799" WIDTH="73" HEIGHT="19" WC="0.96" CONTENT="honom"/><SP WIDTH="17" VPOS="799" HPOS="532"/>
							<String ID="string_78" HPOS="549" VPOS="801" WIDTH="30" HEIGHT="17" WC="0.93" CONTENT="att"/><SP WIDTH="10" VPOS="801" HPOS="579"/>
							<String ID="string_79" HPOS="589" VPOS="798" WIDTH="87" HEIGHT="25" WC="0.91" CONTENT="fullgöra"/><SP WIDTH="12" VPOS="798" HPOS="676"/>
							<String ID="string_80" HPOS="688" VPOS="798" WIDTH="32" HEIGHT="19" WC="0.93" CONTENT="sin"/><SP WIDTH="11" VPOS="798" HPOS="720"/>
							<String ID="string_81" HPOS="731" VPOS="797" WIDTH="116" HEIGHT="26" WC="0.93" CONTENT="värnepligt"/>
						</TextLine>
						<TextLine ID="line_11" HPOS="97" VPOS="827" WIDTH="750" HEIGHT="26">
							<String ID="string_82" HPOS="97" VPOS="828" WIDTH="7" HEIGHT="19" WC="0.93" CONTENT="i"/><SP WIDTH="19" VPOS="828" HPOS="104"/>
							<String ID="string_83" HPOS="123" VPOS="835" WIDTH="95" HEIGHT="13" WC="0.92" CONTENT="reserven"/><SP WIDTH="16" VPOS="835" HPOS="218"/>
							<String ID="string_84" HPOS="234" VPOS="828" WIDTH="45" HEIGHT="19" WC="0.93" CONTENT="med"/><SP WIDTH="16" VPOS="828" HPOS="279"/>
							<String ID="string_85" HPOS="295" VPOS="829" WIDTH="137" HEIGHT="24" WC="0.92" CONTENT="tjenstgöring"/><SP WIDTH="16" VPOS="829" HPOS="432"/>
							<String ID="string_86" HPOS="448" VPOS="829" WIDTH="52" HEIGHT="19" WC="0.93" CONTENT="blott"/><SP WIDTH="15" VPOS="829" HPOS="500"/>
							<String ID="string_87" HPOS="515" VPOS="828" WIDTH="66" HEIGHT="19" WC="0.93" CONTENT="under"/><SP WIDTH="16" VPOS="828" HPOS="581"/>
							<String ID="string_88" HPOS="597" VPOS="828" WIDTH="58" HEIGHT="19" WC="0.92" CONTENT="nittio"/><SP WIDTH="17" VPOS="828" HPOS="655"/>
							<String ID="string_89" HPOS="672" VPOS="828" WIDTH="69" HEIGHT="25" WC="0.95" CONTENT="dagar."/><SP WIDTH="31" VPOS="828" HPOS="741"/>
							<String ID="string_90" HPOS="772" VPOS="827" WIDTH="75" HEIGHT="20" WC="0.95" CONTENT="Denna"/>
						</TextLine>
						<TextLine ID="line_12" HPOS="98" VPOS="857" WIDTH="748" HEIGHT="26">
							<String ID="string_91" HPOS="98" VPOS="858" WIDTH="78" HEIGHT="25" WC="0.88" CONTENT="ojemna"/><SP WIDTH="24" VPOS="858" HPOS="176"/>
							<String ID="string_92" HPOS="200" VPOS="858" WIDTH="115" HEIGHT="25" WC="0.88" CONTENT="fördelning"/><SP WIDTH="23" VPOS="858" HPOS="315"/>
							<String ID="string_93" HPOS="338" VPOS="858" WIDTH="23" HEIGHT="20" WC="0.93" CONTENT="af"/><SP WIDTH="20" VPOS="858" HPOS="361"/>
							<String ID="string_94" HPOS="381" VPOS="858" WIDTH="154" HEIGHT="19" WC="0.92" CONTENT="militärbördan"/><SP WIDTH="24" VPOS="858" HPOS="535"/>
							<String ID="string_95" HPOS="559" VPOS="858" WIDTH="57" HEIGHT="19" WC="0.96" CONTENT="torde"/><SP WIDTH="24" VPOS="858" HPOS="616"/>
							<String ID="string_96" HPOS="640" VPOS="858" WIDTH="31" HEIGHT="19" WC="0.96" CONTENT="till"/><SP WIDTH="19" VPOS="858" HPOS="671"/>
							<String ID="string_97" HPOS="690" VPOS="861" WIDTH="43" HEIGHT="17" WC="0.96" CONTENT="stor"/><SP WIDTH="16" VPOS="861" HPOS="733"/>
							<String ID="string_98" HPOS="749" VPOS="857" WIDTH="32" HEIGHT="20" WC="0.96" CONTENT="del"/><SP WIDTH="16" VPOS="857" HPOS="781"/>
							<String ID="string_99" HPOS="797" VPOS="864" WIDTH="49" HEIGHT="12" WC="0.96" CONTENT="vara"/>
						</TextLine>
						<TextLine ID="line_13" HPOS="99" VPOS="887" WIDTH="747" HEIGHT="26">
							<String ID="string_100" HPOS="99" VPOS="888" WIDTH="86" HEIGHT="19" WC="0.91" CONTENT="orsaken"/><SP WIDTH="21" VPOS="888" HPOS="185"/>
							<String ID="string_101" HPOS="206" VPOS="888" WIDTH="31" HEIGHT="19" WC="0.95" CONTENT="till"/><SP WIDTH="16" VPOS="888" HPOS="237"/>
							<String ID="string_102" HPOS="253" VPOS="888" WIDTH="40" HEIGHT="19" WC="0.93" CONTENT="den"/><SP WIDTH="16" VPOS="888" HPOS="293"/>
							<String ID="string_103" HPOS="309" VPOS="888" WIDTH="101" HEIGHT="25" WC="0.92" CONTENT="afvoghet,"/><SP WIDTH="16" VPOS="888" HPOS="410"/>
							<String ID="string_104" HPOS="426" VPOS="895" WIDTH="43" HEIGHT="13" WC="0.96" CONTENT="som"/><SP WIDTH="16" VPOS="895" HPOS="469"/>
							<String ID="string_105" HPOS="485" VPOS="889" WIDTH="38" HEIGHT="18" WC="0.92" CONTENT="vär"/><SP WIDTH="16" VPOS="889" HPOS="523"/>
							<String ID="string_106" HPOS="539" VPOS="888" WIDTH="84" HEIGHT="25" WC="0.92" CONTENT="allmoge"/><SP WIDTH="16" VPOS="888" HPOS="623"/>
							<String ID="string_107" HPOS="639" VPOS="888" WIDTH="62" HEIGHT="25" WC="0.92" CONTENT="hyser"/><SP WIDTH="16" VPOS="888" HPOS="701"/>
							<String ID="string_108" HPOS="717" VPOS="887" WIDTH="30" HEIGHT="20" WC="0.93" CONTENT="till"/><SP WIDTH="16" VPOS="887" HPOS="747"/>
							<String ID="string_109" HPOS="763" VPOS="887" WIDTH="83" HEIGHT="19" WC="0.93" CONTENT="militär-"/>
						</TextLine>
						<TextLine ID="line_14" HPOS="98" VPOS="917" WIDTH="748" HEIGHT="20">
							<String ID="string_110" HPOS="98" VPOS="918" WIDTH="104" HEIGHT="19" WC="0.89" CONTENT="väsendet."/><SP WIDTH="31" VPOS="918" HPOS="202"/>
							<String ID="string_111" HPOS="233" VPOS="918" WIDTH="76" HEIGHT="19" WC="0.89" CONTENT="Härtill"/><SP WIDTH="23" VPOS="918" HPOS="309"/>
							<String ID="string_112" HPOS="332" VPOS="918" WIDTH="89" HEIGHT="19" WC="0.96" CONTENT="kommer"/><SP WIDTH="24" VPOS="918" HPOS="421"/>
							<String ID="string_113" HPOS="445" VPOS="921" WIDTH="31" HEIGHT="16" WC="0.95" CONTENT="att"/><SP WIDTH="23" VPOS="921" HPOS="476"/>
							<String ID="string_114" HPOS="499" VPOS="925" WIDTH="47" HEIGHT="12" WC="0.96" CONTENT="man"/><SP WIDTH="23" VPOS="925" HPOS="546"/>
							<String ID="string_115" HPOS="569" VPOS="918" WIDTH="53" HEIGHT="19" WC="0.93" CONTENT="inom"/><SP WIDTH="17" VPOS="918" HPOS="622"/>
							<String ID="string_116" HPOS="639" VPOS="918" WIDTH="88" HEIGHT="19" WC="0.91" CONTENT="militära"/><SP WIDTH="16" VPOS="918" HPOS="727"/>
							<String ID="string_117" HPOS="743" VPOS="917" WIDTH="103" HEIGHT="20" WC="0.92" CONTENT="kretsar"/><SP WIDTH="-12" VPOS="917" HPOS="846"/>
							<String ID="string_118" HPOS="834" VPOS="913" WIDTH="16" HEIGHT="35" WC="0.96" CONTENT="i"/>
						</TextLine>
						<TextLine ID="line_15" HPOS="98" VPOS="946" WIDTH="749" HEIGHT="27">
							<String ID="string_119" HPOS="98" VPOS="947" WIDTH="111" HEIGHT="20" WC="0.92" CONTENT="allmänhet"/><SP WIDTH="22" VPOS="947" HPOS="209"/>
							<String ID="string_120" HPOS="231" VPOS="948" WIDTH="66" HEIGHT="25" WC="0.91" CONTENT="börjat"/><SP WIDTH="21" VPOS="948" HPOS="297"/>
							<String ID="string_121" HPOS="318" VPOS="948" WIDTH="44" HEIGHT="19" WC="0.93" CONTENT="inse"/><SP WIDTH="16" VPOS="948" HPOS="362"/>
							<String ID="string_122" HPOS="378" VPOS="948" WIDTH="34" HEIGHT="19" WC="0.93" CONTENT="det"/><SP WIDTH="17" VPOS="948" HPOS="412"/>
							<String ID="string_123" HPOS="429" VPOS="947" WIDTH="114" HEIGHT="26" WC="0.91" CONTENT="obehöfliga"/><SP WIDTH="15" VPOS="947" HPOS="543"/>
							<String ID="string_124" HPOS="558" VPOS="947" WIDTH="22" HEIGHT="20" WC="0.96" CONTENT="af"/><SP WIDTH="13" VPOS="947" HPOS="580"/>
							<String ID="string_125" HPOS="593" VPOS="954" WIDTH="24" HEIGHT="13" WC="0.96" CONTENT="en"/><SP WIDTH="17" VPOS="954" HPOS="617"/>
							<String ID="string_126" HPOS="634" VPOS="949" WIDTH="22" HEIGHT="18" WC="0.93" CONTENT="sä"/><SP WIDTH="16" VPOS="949" HPOS="656"/>
							<String ID="string_127" HPOS="672" VPOS="948" WIDTH="48" HEIGHT="25" WC="0.92" CONTENT="läng"/><SP WIDTH="15" VPOS="948" HPOS="720"/>
							<String ID="string_128" HPOS="735" VPOS="946" WIDTH="112" HEIGHT="26" WC="0.92" CONTENT="öfningstid"/>
						</TextLine>
						<TextLine ID="line_16" HPOS="98" VPOS="977" WIDTH="748" HEIGHT="26">
							<String ID="string_129" HPOS="98" VPOS="984" WIDTH="42" HEIGHT="13" WC="0.96" CONTENT="som"/><SP WIDTH="24" VPOS="984" HPOS="140"/>
							<String ID="string_130" HPOS="164" VPOS="980" WIDTH="32" HEIGHT="17" WC="0.96" CONTENT="tre"/><SP WIDTH="23" VPOS="980" HPOS="196"/>
							<String ID="string_131" HPOS="219" VPOS="979" WIDTH="23" HEIGHT="18" WC="0.8" CONTENT="är"/><SP WIDTH="15" VPOS="979" HPOS="242"/>
							<String ID="string_132" HPOS="257" VPOS="978" WIDTH="6" HEIGHT="19" WC="0.8" CONTENT="i"/><SP WIDTH="16" VPOS="978" HPOS="263"/>
							<String ID="string_133" HPOS="279" VPOS="978" WIDTH="83" HEIGHT="19" WC="0.92" CONTENT="aktiven"/><SP WIDTH="16" VPOS="978" HPOS="362"/>
							<String ID="string_134" HPOS="378" VPOS="978" WIDTH="31" HEIGHT="19" WC="0.93" CONTENT="för"/><SP WIDTH="16" VPOS="978" HPOS="409"/>
							<String ID="string_135" HPOS="425" VPOS="977" WIDTH="121" HEIGHT="20" WC="0.96" CONTENT="utbildande"/><SP WIDTH="16" VPOS="977" HPOS="546"/>
							<String ID="string_136" HPOS="562" VPOS="977" WIDTH="22" HEIGHT="20" WC="0.93" CONTENT="af"/><SP WIDTH="13" VPOS="977" HPOS="584"/>
							<String ID="string_137" HPOS="597" VPOS="977" WIDTH="83" HEIGHT="26" WC="0.96" CONTENT="dugliga"/><SP WIDTH="17" VPOS="977" HPOS="680"/>
							<String ID="string_138" HPOS="697" VPOS="977" WIDTH="95" HEIGHT="25" WC="0.96" CONTENT="soldater,"/><SP WIDTH="17" VPOS="977" HPOS="792"/>
							<String ID="string_139" HPOS="809" VPOS="977" WIDTH="37" HEIGHT="19" WC="0.96" CONTENT="och"/>
						</TextLine>
						<TextLine ID="line_17" HPOS="97" VPOS="1007" WIDTH="750" HEIGHT="26">
							<String ID="string_140" HPOS="97" VPOS="1007" WIDTH="95" HEIGHT="26" WC="0.92" CONTENT="Europas"/><SP WIDTH="20" VPOS="1007" HPOS="192"/>
							<String ID="string_141" HPOS="212" VPOS="1007" WIDTH="117" HEIGHT="20" WC="0.91" CONTENT="militärstat"/><SP WIDTH="16" VPOS="1007" HPOS="329"/>
							<String ID="string_142" HPOS="345" VPOS="1015" WIDTH="24" HEIGHT="13" WC="0.96" CONTENT="ex"/><SP WIDTH="16" VPOS="1015" HPOS="369"/>
							<String ID="string_143" HPOS="385" VPOS="1007" WIDTH="97" HEIGHT="26" WC="0.96" CONTENT="professo,"/><SP WIDTH="17" VPOS="1007" HPOS="482"/>
							<String ID="string_144" HPOS="499" VPOS="1007" WIDTH="112" HEIGHT="26" WC="0.96" CONTENT="Tyskland,"/><SP WIDTH="16" VPOS="1007" HPOS="611"/>
							<String ID="string_145" HPOS="627" VPOS="1008" WIDTH="37" HEIGHT="19" WC="0.96" CONTENT="har"/><SP WIDTH="16" VPOS="1008" HPOS="664"/>
							<String ID="string_146" HPOS="680" VPOS="1007" WIDTH="63" HEIGHT="20" WC="0.93" CONTENT="redan"/><SP WIDTH="16" VPOS="1007" HPOS="743"/>
							<String ID="string_147" HPOS="759" VPOS="1007" WIDTH="88" HEIGHT="24" WC="0.92" CONTENT="föregätt"/>
						</TextLine>
						<TextLine ID="line_18" HPOS="98" VPOS="1036" WIDTH="750" HEIGHT="27">
							<String ID="string_148" HPOS="98" VPOS="1037" WIDTH="46" HEIGHT="20" WC="0.90" CONTENT="med"/><SP WIDTH="23" VPOS="1037" HPOS="144"/>
							<String ID="string_149" HPOS="167" VPOS="1037" WIDTH="50" HEIGHT="26" WC="0.90" CONTENT="godt"/><SP WIDTH="23" VPOS="1037" HPOS="217"/>
							<String ID="string_150" HPOS="240" VPOS="1038" WIDTH="90" HEIGHT="25" WC="0.96" CONTENT="exempel"/><SP WIDTH="16" VPOS="1038" HPOS="330"/>
							<String ID="string_151" HPOS="346" VPOS="1038" WIDTH="6" HEIGHT="19" WC="0.93" CONTENT="i"/><SP WIDTH="16" VPOS="1038" HPOS="352"/>
							<String ID="string_152" HPOS="368" VPOS="1037" WIDTH="163" HEIGHT="20" WC="0.92" CONTENT="inskränkandet"/><SP WIDTH="16" VPOS="1037" HPOS="531"/>
							<String ID="string_153" HPOS="547" VPOS="1037" WIDTH="22" HEIGHT="20" WC="0.97" CONTENT="af"/><SP WIDTH="13" VPOS="1037" HPOS="569"/>
							<String ID="string_154" HPOS="582" VPOS="1037" WIDTH="66" HEIGHT="20" WC="0.93" CONTENT="denna"/><SP WIDTH="16" VPOS="1037" HPOS="648"/>
							<String ID="string_155" HPOS="664" VPOS="1037" WIDTH="137" HEIGHT="26" WC="0.92" CONTENT="tjenstgöring"/><SP WIDTH="15" VPOS="1037" HPOS="801"/>
							<String ID="string_156" HPOS="816" VPOS="1036" WIDTH="32" HEIGHT="19" WC="0.93" CONTENT="till"/>
						</TextLine>
						<TextLine ID="line_19" HPOS="98" VPOS="1068" WIDTH="79" HEIGHT="19">
							<String ID="string_157" HPOS="98" VPOS="1068" WIDTH="36" HEIGHT="19" WC="0.92" CONTENT="tvä"/><SP WIDTH="15" VPOS="1068" HPOS="134"/>
							<String ID="string_158" HPOS="149" VPOS="1068" WIDTH="28" HEIGHT="19" WC="0.92" CONTENT="är."/>
						</TextLine>
					</TextBlock>
					<TextBlock ID="block_4" HPOS="98" VPOS="1095" WIDTH="750" HEIGHT="236">
						<TextLine ID="line_20" HPOS="169" VPOS="1095" WIDTH="679" HEIGHT="28">
							<String ID="string_159" HPOS="169" VPOS="1097" WIDTH="45" HEIGHT="20" WC="0.88" CONTENT="Den"/><SP WIDTH="24" VPOS="1097" HPOS="214"/>
							<String ID="string_160" HPOS="238" VPOS="1097" WIDTH="70" HEIGHT="20" WC="0.88" CONTENT="aktiva"/><SP WIDTH="21" VPOS="1097" HPOS="308"/>
							<String ID="string_161" HPOS="329" VPOS="1097" WIDTH="163" HEIGHT="26" WC="0.92" CONTENT="tjenstgöringen"/><SP WIDTH="16" VPOS="1097" HPOS="492"/>
							<String ID="string_162" HPOS="508" VPOS="1097" WIDTH="37" HEIGHT="20" WC="0.93" CONTENT="bör"/><SP WIDTH="16" VPOS="1097" HPOS="545"/>
							<String ID="string_163" HPOS="561" VPOS="1097" WIDTH="86" HEIGHT="20" WC="0.93" CONTENT="sälunda"/><SP WIDTH="15" VPOS="1097" HPOS="647"/>
							<String ID="string_164" HPOS="662" VPOS="1096" WIDTH="130" HEIGHT="25" WC="0.93" CONTENT="rättvisligen"/><SP WIDTH="16" VPOS="1096" HPOS="792"/>
							<String ID="string_165" HPOS="808" VPOS="1095" WIDTH="40" HEIGHT="20" WC="0.92" CONTENT="för-"/>
						</TextLine>
						<TextLine ID="line_21" HPOS="98" VPOS="1125" WIDTH="749" HEIGHT="27">
							<String ID="string_166" HPOS="98" VPOS="1127" WIDTH="71" HEIGHT="20" WC="0.92" CONTENT="kortas"/><SP WIDTH="19" VPOS="1127" HPOS="169"/>
							<String ID="string_167" HPOS="188" VPOS="1127" WIDTH="60" HEIGHT="19" WC="0.91" CONTENT="äfven"/><SP WIDTH="19" VPOS="1127" HPOS="248"/>
							<String ID="string_168" HPOS="267" VPOS="1127" WIDTH="37" HEIGHT="20" WC="0.96" CONTENT="hos"/><SP WIDTH="16" VPOS="1127" HPOS="304"/>
							<String ID="string_169" HPOS="320" VPOS="1134" WIDTH="39" HEIGHT="13" WC="0.94" CONTENT="oss."/><SP WIDTH="32" VPOS="1134" HPOS="359"/>
							<String ID="string_170" HPOS="391" VPOS="1127" WIDTH="47" HEIGHT="20" WC="0.95" CONTENT="Men"/><SP WIDTH="16" VPOS="1127" HPOS="438"/>
							<String ID="string_171" HPOS="454" VPOS="1127" WIDTH="27" HEIGHT="19" WC="0.93" CONTENT="dä"/><SP WIDTH="15" VPOS="1127" HPOS="481"/>
							<String ID="string_172" HPOS="496" VPOS="1127" WIDTH="132" HEIGHT="25" WC="0.90" CONTENT="tjenstetiden"/><SP WIDTH="16" VPOS="1127" HPOS="628"/>
							<String ID="string_173" HPOS="644" VPOS="1127" WIDTH="57" HEIGHT="20" WC="0.92" CONTENT="säväl"/><SP WIDTH="16" VPOS="1127" HPOS="701"/>
							<String ID="string_174" HPOS="717" VPOS="1126" WIDTH="31" HEIGHT="20" WC="0.93" CONTENT="för"/><SP WIDTH="15" VPOS="1126" HPOS="748"/>
							<String ID="string_175" HPOS="763" VPOS="1125" WIDTH="84" HEIGHT="20" WC="0.92" CONTENT="aktiven"/>
						</TextLine>
						<TextLine ID="line_22" HPOS="98" VPOS="1155" WIDTH="749" HEIGHT="27">
							<String ID="string_176" HPOS="98" VPOS="1163" WIDTH="43" HEIGHT="13" WC="0.92" CONTENT="som"/><SP WIDTH="16" VPOS="1163" HPOS="141"/>
							<String ID="string_177" HPOS="157" VPOS="1163" WIDTH="95" HEIGHT="13" WC="0.92" CONTENT="reserven"/><SP WIDTH="17" VPOS="1163" HPOS="252"/>
							<String ID="string_178" HPOS="269" VPOS="1157" WIDTH="65" HEIGHT="20" WC="0.96" CONTENT="under"/><SP WIDTH="16" VPOS="1157" HPOS="334"/>
							<String ID="string_179" HPOS="350" VPOS="1157" WIDTH="40" HEIGHT="20" WC="0.93" CONTENT="alla"/><SP WIDTH="14" VPOS="1157" HPOS="390"/>
							<String ID="string_180" HPOS="404" VPOS="1157" WIDTH="143" HEIGHT="20" WC="0.92" CONTENT="förhällanden"/><SP WIDTH="15" VPOS="1157" HPOS="547"/>
							<String ID="string_181" HPOS="562" VPOS="1157" WIDTH="109" HEIGHT="25" WC="0.92" CONTENT="lämpligen"/><SP WIDTH="16" VPOS="1157" HPOS="671"/>
							<String ID="string_182" HPOS="687" VPOS="1157" WIDTH="37" HEIGHT="19" WC="0.96" CONTENT="bör"/><SP WIDTH="16" VPOS="1157" HPOS="724"/>
							<String ID="string_183" HPOS="740" VPOS="1163" WIDTH="50" HEIGHT="12" WC="0.95" CONTENT="vara"/><SP WIDTH="10" VPOS="1163" HPOS="790"/>
							<String ID="string_184" HPOS="800" VPOS="1155" WIDTH="47" HEIGHT="26" WC="0.95" CONTENT="lika,"/>
						</TextLine>
						<TextLine ID="line_23" HPOS="98" VPOS="1186" WIDTH="750" HEIGHT="26">
							<String ID="string_185" HPOS="98" VPOS="1186" WIDTH="58" HEIGHT="20" WC="0.96" CONTENT="torde"/><SP WIDTH="17" VPOS="1186" HPOS="156"/>
							<String ID="string_186" HPOS="173" VPOS="1187" WIDTH="104" HEIGHT="25" WC="0.96" CONTENT="samtidigt"/><SP WIDTH="17" VPOS="1187" HPOS="277"/>
							<String ID="string_187" HPOS="294" VPOS="1187" WIDTH="39" HEIGHT="19" WC="0.93" CONTENT="den"/><SP WIDTH="16" VPOS="1187" HPOS="333"/>
							<String ID="string_188" HPOS="349" VPOS="1187" WIDTH="121" HEIGHT="25" WC="0.92" CONTENT="förändring"/><SP WIDTH="14" VPOS="1187" HPOS="470"/>
							<String ID="string_189" HPOS="484" VPOS="1187" WIDTH="50" HEIGHT="19" WC="0.93" CONTENT="böra"/><SP WIDTH="10" VPOS="1187" HPOS="534"/>
							<String ID="string_190" HPOS="544" VPOS="1187" WIDTH="100" HEIGHT="25" WC="0.93" CONTENT="vidtagas,"/><SP WIDTH="12" VPOS="1187" HPOS="644"/>
							<String ID="string_191" HPOS="656" VPOS="1189" WIDTH="30" HEIGHT="17" WC="0.95" CONTENT="att"/><SP WIDTH="10" VPOS="1189" HPOS="686"/>
							<String ID="string_192" HPOS="696" VPOS="1186" WIDTH="63" HEIGHT="24" WC="0.93" CONTENT="tiden,"/><SP WIDTH="11" VPOS="1186" HPOS="759"/>
							<String ID="string_193" HPOS="770" VPOS="1186" WIDTH="78" HEIGHT="25" WC="0.92" CONTENT="hvarpä"/>
						</TextLine>
						<TextLine ID="line_24" HPOS="99" VPOS="1215" WIDTH="749" HEIGHT="27">
							<String ID="string_194" HPOS="99" VPOS="1215" WIDTH="150" HEIGHT="21" WC="0.92" CONTENT="ofvannämnda"/><SP WIDTH="24" VPOS="1215" HPOS="249"/>
							<String ID="string_195" HPOS="273" VPOS="1217" WIDTH="94" HEIGHT="25" WC="0.89" CONTENT="öfningar"/><SP WIDTH="23" VPOS="1217" HPOS="367"/>
							<String ID="string_196" HPOS="390" VPOS="1217" WIDTH="30" HEIGHT="19" WC="0.93" CONTENT="för"/><SP WIDTH="24" VPOS="1217" HPOS="420"/>
							<String ID="string_197" HPOS="444" VPOS="1223" WIDTH="97" HEIGHT="13" WC="0.92" CONTENT="reserven"/><SP WIDTH="24" VPOS="1223" HPOS="541"/>
							<String ID="string_198" HPOS="565" VPOS="1219" WIDTH="34" HEIGHT="17" WC="0.91" CONTENT="äro"/><SP WIDTH="24" VPOS="1219" HPOS="599"/>
							<String ID="string_199" HPOS="623" VPOS="1216" WIDTH="110" HEIGHT="23" WC="0.92" CONTENT="fördelade,"/><SP WIDTH="16" VPOS="1216" HPOS="733"/>
							<String ID="string_200" HPOS="749" VPOS="1216" WIDTH="7" HEIGHT="19" WC="0.96" CONTENT="i"/><SP WIDTH="17" VPOS="1216" HPOS="756"/>
							<String ID="string_201" HPOS="773" VPOS="1222" WIDTH="75" HEIGHT="13" WC="0.96" CONTENT="samma"/>
						</TextLine>
						<TextLine ID="line_25" HPOS="98" VPOS="1245" WIDTH="750" HEIGHT="26">
							<String ID="string_202" HPOS="98" VPOS="1246" WIDTH="118" HEIGHT="25" WC="0.92" CONTENT="proportion"/><SP WIDTH="16" VPOS="1246" HPOS="216"/>
							<String ID="string_203" HPOS="232" VPOS="1246" WIDTH="107" HEIGHT="20" WC="0.90" CONTENT="förkortas."/><SP WIDTH="28" VPOS="1246" HPOS="339"/>
							<String ID="string_204" HPOS="367" VPOS="1247" WIDTH="125" HEIGHT="24" WC="0.90" CONTENT="Härigenom"/><SP WIDTH="11" VPOS="1247" HPOS="492"/>
							<String ID="string_205" HPOS="503" VPOS="1247" WIDTH="66" HEIGHT="19" WC="0.93" CONTENT="skulle"/><SP WIDTH="11" VPOS="1247" HPOS="569"/>
							<String ID="string_206" HPOS="580" VPOS="1246" WIDTH="207" HEIGHT="25" WC="0.93" CONTENT="värnepligtstungan"/><SP WIDTH="10" VPOS="1246" HPOS="787"/>
							<String ID="string_207" HPOS="797" VPOS="1245" WIDTH="51" HEIGHT="19" WC="0.91" CONTENT="blott"/>
						</TextLine>
						<TextLine ID="line_26" HPOS="98" VPOS="1275" WIDTH="750" HEIGHT="27">
							<String ID="string_208" HPOS="98" VPOS="1276" WIDTH="121" HEIGHT="26" WC="0.93" CONTENT="ytterligare"/><SP WIDTH="16" VPOS="1276" HPOS="219"/>
							<String ID="string_209" HPOS="235" VPOS="1276" WIDTH="100" HEIGHT="25" WC="0.92" CONTENT="utjomnas"/><SP WIDTH="17" VPOS="1276" HPOS="335"/>
							<String ID="string_210" HPOS="352" VPOS="1277" WIDTH="37" HEIGHT="19" WC="0.93" CONTENT="och"/><SP WIDTH="15" VPOS="1277" HPOS="389"/>
							<String ID="string_211" HPOS="404" VPOS="1276" WIDTH="144" HEIGHT="25" WC="0.92" CONTENT="värnepligten"/><SP WIDTH="14" VPOS="1276" HPOS="548"/>
							<String ID="string_212" HPOS="562" VPOS="1276" WIDTH="31" HEIGHT="19" WC="0.93" CONTENT="för"/><SP WIDTH="11" VPOS="1276" HPOS="593"/>
							<String ID="string_213" HPOS="604" VPOS="1283" WIDTH="97" HEIGHT="13" WC="0.92" CONTENT="reserven"/><SP WIDTH="10" VPOS="1283" HPOS="701"/>
							<String ID="string_214" HPOS="711" VPOS="1275" WIDTH="64" HEIGHT="20" WC="0.92" CONTENT="blifva"/><SP WIDTH="11" VPOS="1275" HPOS="775"/>
							<String ID="string_215" HPOS="786" VPOS="1275" WIDTH="62" HEIGHT="24" WC="0.93" CONTENT="nägot"/>
						</TextLine>
						<TextLine ID="line_27" HPOS="99" VPOS="1306" WIDTH="492" HEIGHT="25">
							<String ID="string_216" HPOS="99" VPOS="1306" WIDTH="116" HEIGHT="25" WC="0.91" CONTENT="drägligare"/><SP WIDTH="16" VPOS="1306" HPOS="215"/>
							<String ID="string_217" HPOS="231" VPOS="1309" WIDTH="26" HEIGHT="16" WC="0.96" CONTENT="än"/><SP WIDTH="16" VPOS="1309" HPOS="257"/>
							<String ID="string_218" HPOS="273" VPOS="1306" WIDTH="40" HEIGHT="19" WC="0.93" CONTENT="den"/><SP WIDTH="16" VPOS="1306" HPOS="313"/>
							<String ID="string_219" HPOS="329" VPOS="1306" WIDTH="73" HEIGHT="19" WC="0.92" CONTENT="hittills"/><SP WIDTH="15" VPOS="1306" HPOS="402"/>
							<String ID="string_220" HPOS="417" VPOS="1306" WIDTH="55" HEIGHT="19" WC="0.96" CONTENT="visat"/><SP WIDTH="17" VPOS="1306" HPOS="472"/>
							<String ID="string_221" HPOS="489" VPOS="1306" WIDTH="32" HEIGHT="25" WC="0.96" CONTENT="sig"/><SP WIDTH="16" VPOS="1306" HPOS="521"/>
							<String ID="string_222" HPOS="537" VPOS="1313" WIDTH="54" HEIGHT="12" WC="0.96" CONTENT="vara."/>
						</TextLine>
					</TextBlock>
					<TextBlock ID="block_5" HPOS="99" VPOS="1335" WIDTH="749" HEIGHT="86">
						<TextLine ID="line_28" HPOS="171" VPOS="1335" WIDTH="677" HEIGHT="26">
							<String ID="string_223" HPOS="171" VPOS="1335" WIDTH="29" HEIGHT="20" WC="0.92" CONTENT="Af"/><SP WIDTH="20" VPOS="1335" HPOS="200"/>
							<String ID="string_224" HPOS="220" VPOS="1335" WIDTH="63" HEIGHT="20" WC="0.90" CONTENT="sädan"/><SP WIDTH="17" VPOS="1335" HPOS="283"/>
							<String ID="string_225" HPOS="300" VPOS="1336" WIDTH="111" HEIGHT="25" WC="0.92" CONTENT="anledning"/><SP WIDTH="16" VPOS="1336" HPOS="411"/>
							<String ID="string_226" HPOS="427" VPOS="1336" WIDTH="38" HEIGHT="19" WC="0.96" CONTENT="och"/><SP WIDTH="16" VPOS="1336" HPOS="465"/>
							<String ID="string_227" HPOS="481" VPOS="1335" WIDTH="23" HEIGHT="20" WC="0.96" CONTENT="af"/><SP WIDTH="13" VPOS="1335" HPOS="504"/>
							<String ID="string_228" HPOS="517" VPOS="1336" WIDTH="40" HEIGHT="19" WC="0.91" CONTENT="min"/><SP WIDTH="17" VPOS="1336" HPOS="557"/>
							<String ID="string_229" HPOS="574" VPOS="1336" WIDTH="91" HEIGHT="19" WC="0.91" CONTENT="valkrets"/><SP WIDTH="16" VPOS="1336" HPOS="665"/>
							<String ID="string_230" HPOS="681" VPOS="1335" WIDTH="68" HEIGHT="20" WC="0.92" CONTENT="dertill"/><SP WIDTH="16" VPOS="1335" HPOS="749"/>
							<String ID="string_231" HPOS="765" VPOS="1341" WIDTH="83" HEIGHT="19" WC="0.92" CONTENT="uppma-"/>
						</TextLine>
						<TextLine ID="line_29" HPOS="99" VPOS="1364" WIDTH="749" HEIGHT="27">
							<String ID="string_232" HPOS="99" VPOS="1365" WIDTH="41" HEIGHT="20" WC="0.93" CONTENT="nad"/><SP WIDTH="14" VPOS="1365" HPOS="140"/>
							<String ID="string_233" HPOS="154" VPOS="1365" WIDTH="34" HEIGHT="20" WC="0.96" CONTENT="får"/><SP WIDTH="15" VPOS="1365" HPOS="188"/>
							<String ID="string_234" HPOS="203" VPOS="1365" WIDTH="37" HEIGHT="20" WC="0.93" CONTENT="hos"/><SP WIDTH="16" VPOS="1365" HPOS="240"/>
							<String ID="string_235" HPOS="256" VPOS="1365" WIDTH="135" HEIGHT="20" WC="0.91" CONTENT="Hedervärda"/><SP WIDTH="15" VPOS="1365" HPOS="391"/>
							<String ID="string_236" HPOS="406" VPOS="1365" WIDTH="155" HEIGHT="20" WC="0.91" CONTENT="Bondeständet"/><SP WIDTH="14" VPOS="1365" HPOS="561"/>
							<String ID="string_237" HPOS="575" VPOS="1365" WIDTH="36" HEIGHT="26" WC="0.96" CONTENT="jag"/><SP WIDTH="15" VPOS="1365" HPOS="611"/>
							<String ID="string_238" HPOS="626" VPOS="1365" WIDTH="105" HEIGHT="20" WC="0.92" CONTENT="vördsamt"/><SP WIDTH="15" VPOS="1365" HPOS="731"/>
							<String ID="string_239" HPOS="746" VPOS="1364" WIDTH="60" HEIGHT="25" WC="0.96" CONTENT="bedja"/><SP WIDTH="11" VPOS="1364" HPOS="806"/>
							<String ID="string_240" HPOS="817" VPOS="1371" WIDTH="31" HEIGHT="12" WC="0.96" CONTENT="om"/>
						</TextLine>
						<TextLine ID="line_30" HPOS="99" VPOS="1395" WIDTH="531" HEIGHT="26">
							<String ID="string_241" HPOS="99" VPOS="1395" WIDTH="113" HEIGHT="20" WC="0.96" CONTENT="understöd"/><SP WIDTH="15" VPOS="1395" HPOS="212"/>
							<String ID="string_242" HPOS="227" VPOS="1395" WIDTH="31" HEIGHT="20" WC="0.96" CONTENT="för"/><SP WIDTH="16" VPOS="1395" HPOS="258"/>
							<String ID="string_243" HPOS="274" VPOS="1402" WIDTH="25" HEIGHT="13" WC="0.93" CONTENT="en"/><SP WIDTH="16" VPOS="1402" HPOS="299"/>
							<String ID="string_244" HPOS="315" VPOS="1395" WIDTH="128" HEIGHT="26" WC="0.92" CONTENT="underdänig"/><SP WIDTH="16" VPOS="1395" HPOS="443"/>
							<String ID="string_245" HPOS="459" VPOS="1395" WIDTH="87" HEIGHT="26" WC="0.92" CONTENT="petition"/><SP WIDTH="16" VPOS="1395" HPOS="546"/>
							<String ID="string_246" HPOS="562" VPOS="1395" WIDTH="68" HEIGHT="20" WC="0.93" CONTENT="derom"/>
						</TextLine>
					</TextBlock>
				</ComposedBlock>
			</PrintSpace>
		</Page>
	</Layout>
</alto>
