1003 1656
230 126 11 16 4

207 184 64 18 arbeta
288 185 8 18 i
313 185 113 18 omedelbart
444 185 113 19 förhållande
575 186 29 18 till
623 187 136 18 kommunerna.
783 186 79 18 Sålunda
878 187 65 18 funnos
958 186 6 18 i

208 214 101 17 Frankrike
328 214 51 21 3,000
397 214 106 18 kommuner
520 214 41 18 med
579 214 69 18 mindre
663 217 24 16 än
699 216 34 17 300
745 215 92 21 invånare,
850 216 62 20 17,000
923 215 41 18 med

208 242 70 18 mindre
297 244 23 16 än
337 243 40 21 500,
395 242 65 18 medan
478 242 154 24 departementets
650 244 138 18 invånareantal
807 243 6 18 i
825 244 84 18 medeltal
921 249 42 13 vore

206 272 81 20 430,000.
311 268 28 21 Än
352 276 49 13 mera
412 272 62 22 gjorde
487 271 30 23 sig
528 272 52 18 detta
591 272 84 23 gällande
690 272 6 18 i
709 273 94 20 Preussen,
815 272 7 18 i
833 273 54 18 hvars
896 273 67 23 ostliga

206 300 30 18 del
255 300 62 21 41,193
336 300 157 18 landtkommuner
511 300 39 18 icke
562 301 46 18 hade
621 306 38 13 mer
672 303 24 16 än
707 302 35 18 350
754 301 86 18 invånare
852 302 6 17 i
870 302 93 20 medeltal,

206 329 66 18 medan
290 329 156 23 provinsområdet
463 329 91 18 beboddes
572 330 21 17 af
609 331 38 21 1'/,
665 330 31 18 till
710 330 12 17 4
733 330 95 18 millioner.
852 330 110 18 Särskildt
953 325 13 31 i

206 358 89 18 Preussen
314 358 45 18 hade
378 358 72 18 därföre
467 358 187 23 kretsförvaltningen
670 358 6 18 i
689 358 29 18 sin
730 359 89 22 ställning
830 359 68 18 mellan
911 359 51 18 dessa

205 387 128 23 ytterligheter
355 387 73 17 erhållit
450 392 21 12 en
490 387 135 23 öfvervägande
643 387 97 23 betydelse.
764 388 81 18 Emedan
862 388 76 18 häradet
956 388 5 17 i

205 416 80 18 Finland
298 416 50 18 säväl
360 416 29 18 till
401 416 138 18 invånareantal
551 416 32 18 och
596 416 126 23 förmögenhet
734 422 43 12 vore
789 416 91 23 betydligt
892 416 69 18 mindre

205 447 23 16 än
240 445 74 18 kretsen
327 444 6 18 i
346 444 94 21 Preussen,
454 450 37 12 som
504 445 33 17 ock
550 445 40 17 med
603 445 87 17 afseende
703 445 43 17 därå
756 447 29 16 att
793 445 33 17 den
836 445 58 18 finska
902 446 59 17 landt-

206 475 110 17 kommunen
333 473 42 18 med
390 479 21 12 en
424 473 107 23 befolkning
544 474 20 17 af
575 473 7 18 i
594 474 86 18 medeltal
692 474 52 20 4,000
755 479 85 17 personer
851 474 70 18 bildade
934 476 27 16 ett

204 503 39 18 helt
260 505 57 15 annat
331 502 89 23 underlag
435 502 29 18 för
476 502 141 23 själfstyrelsens
631 506 69 19 system
712 504 23 16 än
747 503 22 17 de
781 503 38 17 små
832 503 129 17 kommunerna

204 532 6 17 i
223 532 67 17 nämda
308 533 42 20 stat,
370 536 41 13 vore
426 531 177 23 förutsättningarna
620 532 29 17 för
665 532 140 22 ifrågavarande
818 532 123 22 organisation
954 532 5 17 i

204 560 80 18 Finland
298 560 38 18 helt
349 560 49 17 olika
410 560 21 18 de
443 560 120 22 nyssberörda
575 560 32 18 och
620 560 155 18 öfverensstämde
787 560 70 23 ganska
867 562 44 16 nära
919 561 40 17 med

205 588 139 19 förhällandena
359 588 7 18 i
381 588 21 18 de
418 590 62 19 stater,
496 588 33 18 där
541 589 65 17 endast
618 588 51 19 länet
681 589 32 17 och
726 589 108 18 kommunen
845 590 66 22 utgöra
923 594 36 12 om-

203 618 57 18 råden
272 617 29 18 för
313 617 134 23 medborgerlig
459 617 158 23 själfförvaltuing.

273 646 94 18 Granskar
379 652 42 12 man
433 648 83 16 närmare
528 646 54 18 ofvan
590 646 77 18 anförda
676 646 39 18 skäl
724 648 38 16 mot
770 646 102 24 antagande
880 647 21 17 af
907 646 51 18 hära-

204 675 32 18 det
250 674 60 18 såsom
325 675 54 17 enhet
393 675 29 18 för
437 675 35 18 den
487 675 56 22 högre
558 675 114 21 kommunen,
688 675 20 17 så
720 675 40 17 visa
773 675 21 17 de
806 675 29 23 sig
846 675 53 23 långt
910 675 48 18 ifrån

202 704 88 18 hållbara.
314 704 87 17 Hundare
414 704 33 17 och
459 704 57 17 härad
528 703 83 23 utgjorde
624 704 70 17 fordom
706 704 48 17 inom
767 704 34 17 den
809 704 75 18 svenska
892 706 65 19 staten,

202 732 67 18 liksom
285 732 49 18 inom
349 732 34 18 den
395 732 116 23 germaniska
523 732 196 23 rättsorganisationen
732 733 126 21 öfverhufvud,
871 733 86 22 rättsliga

202 761 34 17 och
249 760 149 19 administrativa
413 762 73 17 enheter
501 761 57 18 under
573 761 112 23 landskapet
697 761 44 18 eller
752 761 68 21 landet,
832 761 6 18 i
850 761 62 18 hvilka
924 762 33 17 fol-

201 790 41 18 kets
255 789 36 18 fria
303 790 160 23 själfbestämning
475 790 62 23 gjorde
550 790 28 22 sig
590 790 90 22 gällande.
704 790 37 17 Det
753 790 52 18 forna
818 790 77 18 svenska
906 790 51 18 hära-

202 819 30 17 det
245 818 138 18 sammanfaller
398 819 30 17 väl
439 819 41 17 icke
491 819 41 17 med
544 819 186 23 häradsindelningen
742 819 6 17 i
761 818 81 24 Finland,
855 821 44 16 utan
911 822 45 15 mot-

201 852 63 13 svarar
276 849 82 16 närmast
370 847 111 23 tingslaget;
493 848 31 17 det
532 853 32 12 var
572 848 85 17 stundom
667 848 61 17 deladt
737 847 6 18 i
752 848 102 22 fjärdingar
862 848 32 17 och
902 848 54 18 äfven

200 878 70 16 smärre
288 876 178 23 underafdelningar.
489 876 84 18 Häradet
591 876 70 23 styrdes
680 876 21 18 af
717 882 22 12 en
755 876 141 23 häradshöfding
912 876 44 18 eller

201 904 78 22 domare,
294 904 75 18 hvilken
384 910 22 12 en
422 905 154 18 tolfmannanämd
591 905 55 23 utsåg
662 905 55 17 bland
729 905 84 17 häradets
826 904 70 18 bosatte
909 906 47 16 män.

200 933 172 18 Häradssamhället
383 934 89 17 utöfvade
484 934 48 17 inom
545 934 34 17 sitt
591 934 74 18 område
678 933 154 23 polismyndighet
840 933 7 18 i
855 933 100 18 vidsträck-

199 964 49 16 taste
260 962 81 23 omfång,
353 962 59 18 likaså
425 962 79 18 domrätt
516 962 51 18 öfver
578 962 40 18 sina
627 962 122 22 medlemmar,
758 962 74 18 hvilken
840 962 115 23 tillämpades

199 991 24 22 på
240 991 85 17 häradets
344 991 90 18 allmänna
452 991 44 23 ting,
516 992 33 17 där
566 992 91 17 nämnden
671 992 65 17 utsade
751 991 47 18 hvad
813 993 53 16 sannt
878 996 32 13 var
923 992 31 16 och

199 1020 86 17 domaren
303 1020 48 17 hvad
368 1020 31 22 lag
417 1020 94 22 stadgade,
527 1020 23 22 på
562 1026 69 11 samma
643 1022 39 15 sätt
693 1025 39 12 som
744 1022 48 15 ännu
804 1020 6 17 i
824 1020 34 22 dag
869 1020 41 22 jury
923 1020 32 17 och

199 1048 73 17 domare
284 1048 6 17 i
301 1048 91 23 England.
416 1049 91 17 Häradets
520 1048 76 23 höfding
608 1054 33 12 var
654 1049 109 17 ordförande
773 1049 23 22 på
804 1049 40 17 dess
853 1049 54 22 ting
898 1044 10 31 i
917 1049 38 17 alla

198 1077 80 18 ärenden
290 1082 38 13 som
341 1077 32 18 der
385 1077 115 22 förekommo,
513 1077 121 18 tillsammans
643 1077 40 18 med
692 1077 89 18 nämnden
790 1077 78 18 ordnade
879 1077 35 18 han
923 1077 32 18 och

198 1105 102 18 förvaltade
312 1106 86 17 häradets
410 1107 36 17 alla
459 1106 154 23 angelägenheter.

268 1134 41 17 Med
322 1134 85 23 stigande
419 1135 107 22 utveckling
538 1135 87 17 ordnades
639 1134 183 23 statsförvaltningen
834 1134 80 21 sålunda,
926 1136 28 16 att

197 1162 61 18 såsom
270 1163 65 22 högste
348 1165 101 20 styresman
463 1164 28 17 för
503 1163 21 18 de
537 1163 7 18 i
556 1163 64 18 stället
631 1163 29 18 för
669 1163 21 18 de
699 1163 52 18 forna
759 1163 109 22 landskapen
877 1163 76 19 bildade,

196 1191 29 18 till
238 1191 96 23 omfånget
349 1191 70 19 mindre
431 1193 53 17 länen
497 1194 57 16 sattes
566 1197 22 13 en
600 1191 137 23 landshöfding,
750 1191 7 18 i
769 1193 71 21 spetsen
852 1192 29 17 för
892 1191 61 22 hvarje

196 1219 58 18 härad
272 1220 67 18 stäldes
355 1226 22 12 en
393 1221 120 22 häradsfogde
528 1221 127 22 (kronofogde)
670 1220 41 18 med
726 1220 70 17 biträde
810 1221 21 16 af
844 1220 109 22 fogdeskrif-

195 1253 57 13 varen
265 1249 192 23 (häradsskrifvaren),
468 1249 57 23 jämte
538 1249 31 18 det
581 1249 124 21 länsmannen,
718 1254 39 12 som
770 1249 50 17 förut
831 1249 41 17 haft
880 1248 73 23 obetyd-

194 1277 40 22 liga
252 1277 99 23 uppgifter,
370 1278 69 18 stäldes
457 1278 57 18 under
529 1278 136 23 häradsfogden
682 1277 41 18 med
737 1277 93 18 bestämda
843 1277 33 18 och
888 1277 65 18 omfat-

194 1305 56 18 tande
266 1306 88 23 uppdrag.
379 1307 65 18 Denna
459 1307 42 18 fullt
516 1307 97 22 sakenliga
625 1305 125 24 organisation
763 1306 20 17 af
793 1305 160 23 landtregeringen

194 1334 80 23 begynte
293 1335 45 17 dock
357 1335 114 23 småningom
486 1335 81 23 undergå
583 1340 22 13 en
617 1334 81 23 märklig
710 1334 112 23 förändring,
834 1334 118 23 hvarigenom

193 1363 43 17 hela
249 1363 221 23 förvaltningssystemets
482 1364 135 23 följdriktighet
630 1363 95 18 rubbades.
750 1363 78 17 Landets
840 1363 113 22 förvaltning

193 1392 33 17 har
238 1391 63 19 blifvit
313 1392 6 18 i
332 1392 37 23 hög
380 1393 46 22 grad
438 1393 128 18 centraliserad
578 1398 66 17 genom
657 1392 112 18 tillkomsten
780 1392 21 17 af
807 1397 21 12 en
836 1391 68 23 mängd
913 1397 39 12 cen-

193 1421 130 22 tralstyrelser,
336 1421 62 18 hvilka
410 1422 64 18 utöfva
486 1421 104 18 omedelbar
605 1421 161 22 förvaltningsrätt
779 1421 67 17 enhvar
858 1420 48 18 inom
919 1421 33 17 sitt

193 1449 73 18 område
284 1455 65 17 genom
369 1450 61 18 lokala
448 1451 118 22 tjänstemän,
584 1450 100 18 oberoende
700 1449 21 18 af
735 1449 22 18 de
770 1449 92 22 egentliga
875 1449 76 18 förvalt-
