1017 1656
370 101 221 24 Petitionsmemorial.

103 163 100 38 Bondest.
755 167 35 22 N:o
806 166 46 23 120.

174 211 165 26 (Öfversättning).

245 512 54 21 Till
320 513 168 21 Hedervärda
508 513 209 21 Bondeståndet.

173 615 50 20 Man
246 615 35 20 har
304 615 64 26 börjat
388 615 53 20 fästa
461 615 202 26 uppmärksamheten
683 615 34 20 vid
736 615 38 20 den
791 614 63 20 märk-

102 645 82 26 värdiga
209 645 131 26 långsamhet,
362 645 94 20 hvarmed
477 645 131 20 landtbruket
627 645 38 20 och
687 644 168 21 landtbrukarene

102 675 84 20 rörande
208 675 88 20 ärenden
317 675 120 20 framskrida
457 675 28 19 uti
504 675 48 20 våra
570 675 94 20 komitéer
679 675 37 20 och
731 674 124 20 embetsverk

105 707 51 18 samt
179 705 36 20 vår
236 704 87 27 styrelse,
345 705 62 20 ehuru
429 704 131 21 landtbruket
581 705 62 20 under
665 705 33 20 det
723 704 133 20 sistförflutna

104 735 103 20 decenniet
228 734 79 20 erhållit
327 738 28 17 ett
374 738 45 23 eget
438 734 85 21 centralt
537 734 124 21 embetsverk
677 735 36 20 och
729 742 25 12 en
771 734 85 20 särskild

102 768 138 23 representant
255 765 5 19 i
277 764 102 27 styrelsen.
401 764 50 21 Alla
466 765 78 20 minnas
560 765 101 19 måhända
673 766 56 19 ännu
745 765 39 19 den
795 764 61 26 långa

102 796 81 23 väntan,
205 802 41 13 som
269 794 168 21 landtbrukarene
459 795 63 20 måste
542 795 121 20 underkasta
685 795 29 26 sig
729 794 126 20 beträffande

105 824 71 27 frågan
192 831 32 13 om
239 824 296 27 landtbruksundervisningen.
558 818 31 27 År
605 825 56 20 1889
678 824 92 20 tillsattes
786 824 21 20 af
818 827 38 23 sty-

106 854 64 20 relsen
187 862 24 12 en
228 854 73 21 komité
316 855 31 19 för
362 855 81 26 frågans
459 854 148 25 förberedande,
623 855 22 19 år
657 856 56 19 1893
725 854 56 26 afgaf
791 854 65 20 landt-

106 884 159 27 bruksstyrelsen
282 884 44 21 dess
342 884 104 21 utlåtande
461 884 42 20 däri
519 885 37 19 och
571 885 50 19 först
636 885 62 20 under
713 885 22 19 år
747 885 56 19 1896
815 884 42 20 blef

102 914 72 26 frågan
194 914 79 27 afgjord
294 914 21 20 af
331 914 102 27 styrelsen.
464 911 64 24 Ännu
544 914 69 27 längre
629 922 58 19 synes
703 916 76 19 väntan
795 914 5 19 i
817 914 38 20 den

104 952 14 12 s.
136 944 18 20 k.
172 944 148 27 torparefrågan
337 944 68 21 blifva.
427 938 30 26 År
475 946 54 19 1891
547 944 81 20 anhöllo
644 944 113 21 Ständerna
770 951 31 13 om
818 943 37 20 till-

104 974 93 20 sättande
213 974 22 20 af
250 982 24 12 en
291 974 73 20 komit6
379 975 6 19 i
401 974 94 20 afseende
511 975 12 19 &
538 974 142 20 förberedande
696 974 124 26 behandling
835 974 21 20 af

104 1004 76 26 frågan,
197 1004 63 20 under
275 1004 68 27 loppet
359 1004 21 21 af
395 1005 22 19 år
435 1006 55 19 1893
508 1004 45 20 kom
570 1004 67 20 denna
655 1004 73 21 komité
746 1004 31 20 till
796 1004 59 20 stånd

103 1034 36 20 och
156 1034 36 20 har
208 1034 66 20 denna
289 1041 29 13 nu
333 1034 83 27 fördröjt
431 1034 71 27 frägan
518 1034 31 20 till
565 1034 38 20 den
619 1034 54 27 grad,
689 1038 29 16 att
728 1034 128 26 lagförslaget

104 1064 5 20 i
126 1064 62 20 saken
205 1064 54 20 torde
275 1064 70 20 kunna
361 1068 82 16 emotses
459 1065 50 19 först
525 1064 30 20 till
573 1065 56 20 1900
645 1065 32 19 ärs
692 1064 104 26 landtdag.

175 1094 52 20 Lika
247 1094 114 27 långvarigt
382 1102 59 19 synes
461 1094 114 27 dröjsmålet
595 1094 64 20 blifva
678 1094 45 20 med
739 1094 38 20 den
794 1094 61 26 fråga,

105 1124 33 20 vid
160 1124 83 20 hvilken
264 1124 33 27 jag
313 1124 60 27 vågat
389 1124 52 20 fästa
457 1125 33 19 det
506 1124 121 20 hedervärda
643 1124 88 20 ståndets
747 1124 109 26 uppmärk-

104 1154 82 24 samhet,
202 1154 101 26 nämligen
319 1154 111 20 ordnandet
446 1154 21 20 af
482 1154 232 20 landtbruksstatistiken
729 1154 27 26 på
772 1161 25 13 en
810 1154 46 20 tids-

104 1184 54 27 enlig
173 1184 71 26 grund.

176 1214 234 26 Landtbruksstyrelsen,
426 1214 83 20 hvilken
525 1214 123 24 tillkommer,
659 1214 63 20 bland
733 1216 68 22 annat,
816 1216 40 17 »att

104 1244 45 20 med
164 1244 139 26 noggrannhet
318 1244 49 26 följa
376 1244 141 20 landtbrukets
528 1244 37 20 och
576 1244 44 20 dess
631 1244 123 26 binäringars
765 1243 91 20 tillstånd

104 1274 37 20 och
163 1274 79 24 behof»,
262 1277 41 17 »att
320 1274 120 20 tillsamman
457 1274 44 20 med
517 1274 113 20 Statistiska
645 1274 147 26 Centralbyrån
807 1280 49 20 upp-

104 1304 52 20 rätta
177 1303 254 25 landtbruksstatistiken»,
457 1307 41 17 »att
518 1304 95 20 anskaffa
632 1304 100 26 uppgifter
753 1303 103 26 angående

104 1334 118 20 årsväxtens
241 1333 142 21 beskaffenhet
402 1334 37 20 och
461 1334 110 27 qvantitet>
595 1337 51 17 samt
668 1337 41 17 »att
731 1333 76 26 årligen
827 1333 29 20 till

104 1364 87 20 Senaten
207 1364 77 26 afgifva
305 1363 104 20 berättelse
431 1371 32 13 om
478 1363 141 21 landtbrukets
635 1364 110 23 tillstånd»,
761 1363 37 20 har
814 1363 42 20 här-

104 1393 63 20 intills
188 1393 44 20 icke
253 1393 80 20 kunnat
348 1393 94 27 uppfylla
457 1394 58 20 dessa
531 1394 74 27 vigtiga
619 1394 120 26 åligganden
755 1393 22 20 af
792 1393 64 24 orsak,
