1028 1653
409 102 180 26 Petitionsförslag.

118 162 93 35 Bondest.
793 165 34 21 N:o
843 164 33 21 25.

650 365 161 27 (Öfversättning.)

269 423 50 20 Till
338 423 168 20 Hedervärda
525 423 205 20 Bondeståndet.

191 486 72 20 Redan
279 486 61 26 långa
355 487 54 19 tider
424 487 38 19 har
477 487 39 19 den
532 486 180 26 omständigheten
726 485 65 20 väckt
807 491 25 13 en
842 485 35 19 be-

122 515 78 25 klaglig
221 515 190 25 uppmärksamhet,
430 518 32 16 att
484 515 65 25 priset
566 516 27 24 på
611 515 75 25 skogar
704 514 36 19 vid
756 513 121 20 stränderna

123 544 22 19 af
161 544 82 19 Saimen
261 544 38 19 och
316 544 31 19 dit
365 544 87 19 ledande
470 544 124 25 vattendrag
612 543 70 20 blifvit
697 542 113 26 nedtryckt
824 542 53 19 ända

125 572 33 20 till
168 572 35 20 det
212 572 76 20 minsta
298 572 91 26 möjliga.
413 572 72 20 Såsom
496 573 63 25 något
568 572 78 26 närapå
656 571 112 20 bestående
778 571 42 19 kan
830 577 47 13 man

123 608 55 18 anse,
194 603 30 17 att
241 601 70 25 prisen
326 602 27 24 på
369 601 101 25 skogarne
486 601 37 20 där
537 601 46 20 icke
598 601 54 25 stiga
667 600 64 26 högre
746 603 27 16 än
787 599 34 20 till
836 606 41 12 om-

123 630 62 26 kring
203 629 26 27 !/,
247 630 12 19 å
277 629 26 27 '/,
323 630 33 19 del
374 630 23 19 af
418 630 25 19 de
465 630 44 26 pris
532 636 44 14 som
598 629 32 20 fås
648 629 34 20 för
700 629 102 25 skogarne
820 628 58 19 invid

124 658 123 26 exempelvis
262 658 101 25 Päijänne
380 659 156 25 vattendragen,
552 658 26 19 då
593 658 59 25 fråga
667 661 23 16 är
705 664 33 13 om
753 656 125 25 försäljning

124 693 36 19 per
178 689 62 22 stam;
255 693 46 13 men
317 687 26 19 då
359 687 52 25 skog
425 687 66 26 köpes
506 687 94 23 arealvis,
616 686 80 20 hvilket
711 686 86 25 köpsätt
811 685 26 26 på
853 685 25 19 de

125 715 52 20 sista
191 715 80 20 tiderna
286 715 85 20 allmänt
385 716 87 19 kommit
486 716 7 19 i
508 716 60 23 bruk,
583 719 23 16 är
620 715 65 26 priset
700 716 24 18 så
734 714 44 25 lågt
789 716 31 17 att
831 720 47 13 man

125 745 79 25 knappt
217 751 41 18 nog
277 744 39 20 alls
330 744 42 19 kan
386 744 42 20 tala
444 751 32 13 om
486 745 64 25 något
563 744 79 20 sådant.
666 743 83 26 Skogen
762 746 24 16 är
799 742 33 19 för
842 742 36 19 all-

125 779 146 19 mogemannen
286 779 25 13 en
326 773 159 26 penningekälla
500 779 44 14 som
557 773 84 25 bringar
656 773 75 18 honom
746 771 58 26 hjelp
813 771 66 19 under

125 801 54 20 tider
198 801 23 20 af
237 801 62 24 brist;
319 808 46 13 men
380 802 7 19 i
402 802 86 23 trakter,
512 802 37 19 där
571 801 128 20 konkurrens
721 801 37 19 vid
773 799 104 26 skogsköp

126 830 45 19 icke
185 830 136 19 understöder
343 831 87 23 bonden,
450 833 23 17 är
490 831 41 19 han
552 830 56 19 nödd
623 830 38 19 och
677 832 98 23 tvungen,
792 831 31 17 att
837 828 42 19 för-

125 861 58 23 yttra
205 859 31 19 sin
259 859 52 25 skog
333 859 33 19 för
387 859 35 20 det
444 859 44 26 pris
510 859 103 26 köparene
635 858 53 20 blott
711 858 57 19 finna
781 857 34 20 för
829 857 50 25 godt

126 890 31 17 att
179 887 85 25 erbjuda
282 887 33 20 för
337 888 124 19 densamma.
490 887 44 20 Och
555 888 53 19 huru
630 887 58 26 långt
705 887 71 19 kunna
794 886 25 19 de
834 885 45 20 icke

126 916 6 19 i
154 916 57 19 detta
225 915 97 20 afseende
346 917 33 24 gå.
416 916 35 20 Må
475 917 38 18 här
537 919 84 16 nämnas
646 917 64 24 några
736 915 98 26 exempel.
869 914 10 19 I

127 944 82 20 Nurmis
233 945 75 19 socken
330 944 102 21 försåldes
455 946 23 19 år
502 945 53 20 1893
577 945 47 19 från
644 951 26 13 en
688 944 98 25 lägenhet
803 943 32 20 för
852 943 26 20 50

126 973 59 19 mark
206 979 25 13 en
255 973 58 25 skog,
335 980 25 12 ur
382 974 86 19 hvilken
492 973 92 26 köparen
609 973 65 19 erhöll
697 973 96 24 omkring
818 972 59 23 1,000

127 1004 102 21 stammar,
251 1001 66 20 likaså
343 1001 47 20 från
412 1008 26 13 en
460 1009 68 12 annan
549 1001 97 26 lägenhet
668 1001 32 19 för
724 1001 26 19 25
772 1000 59 19 mark
854 1006 25 13 en

127 1030 58 25 skog,
207 1029 46 20 från
275 1030 85 19 hvilken
385 1031 91 25 köparen
499 1031 83 25 släpade
605 1030 93 25 omkring
722 1029 42 20 300
786 1028 92 24 stockar;

127 1058 33 19 för
176 1059 26 19 80
216 1059 59 19 mark
294 1065 25 13 en
337 1059 59 26 skog,
414 1066 24 12 ur
453 1059 86 20 kvilken
558 1059 112 20 700—800
686 1058 84 19 stockar
785 1060 94 23 uttogos;

127 1087 32 20 för
177 1087 26 20 50
222 1087 59 20 mark
299 1094 25 13 en
343 1095 67 12 annan
433 1088 59 25 skog,
515 1088 76 19 hvarur
610 1088 40 19 500
666 1089 100 18 stammar
780 1085 99 24 erhöllos;

127 1115 32 20 för
183 1116 38 19 150
243 1116 58 19 mark
323 1116 67 20 likasä
413 1123 25 13 en
461 1117 59 25 skog,
542 1123 25 13 ur
588 1116 85 19 hvilken
698 1116 61 23 1,500
782 1117 97 18 stammar

127 1148 82 22 uttogos
227 1151 17 13 0.
264 1151 15 13 s.
297 1151 31 18 v.;
351 1145 39 20 och
411 1148 65 17 mätte
498 1145 40 20 den
560 1145 93 20 klenaste
676 1147 100 17 stammen
795 1143 7 20 i
820 1145 59 24 topp-

126 1173 68 19 ändan
209 1173 12 19 8
236 1176 43 16 tum
294 1173 7 20 i
317 1173 99 20 diameter
430 1173 36 20 vid
480 1180 25 13 en
516 1173 63 26 längd
589 1173 23 20 af
623 1173 57 27 11'/,
691 1173 41 20 aln.
754 1172 42 19 För
806 1172 73 19 krono-

127 1202 100 25 skogarne
250 1201 38 20 har
311 1209 47 12 man
379 1202 124 26 visserligen
522 1202 83 19 erhällit
621 1203 69 18 bättre
708 1201 50 26 pris,
774 1207 47 13 men
835 1200 46 19 icke

127 1230 65 20 häller
205 1230 33 19 för
253 1231 46 19 dem
314 1231 38 19 har
367 1231 35 19 det
416 1232 89 25 uppgätt
514 1231 33 19 till
559 1230 79 20 hälften
648 1230 24 20 af
680 1231 42 23 det,
733 1237 44 12 som
787 1229 94 20 erhällits

127 1259 35 19 vid
176 1258 266 27 Päijänne-vattendragen.

196 1287 93 20 Orsaken
303 1288 33 19 till
352 1288 77 19 sådana
448 1288 91 25 oskäligt
554 1288 46 25 låga
615 1288 43 25 pris
673 1291 23 16 är
711 1287 75 20 främst
800 1286 80 20 bristen

128 1317 25 24 på
175 1316 135 20 konkurrens.
348 1316 72 20 Såsom
442 1317 76 25 köpare
541 1317 33 18 till
599 1317 101 24 skogarne
722 1315 59 20 invid
803 1315 77 19 Saima-

128 1344 121 26 vattendrag
267 1345 103 25 uppträda
387 1345 54 19 blott
460 1346 64 24 några
542 1344 119 26 sågaffärer,
677 1344 79 24 hvilka,
772 1343 61 20 äfven
849 1343 30 23 de,

128 1373 46 19 med
195 1372 96 20 afseende
311 1374 11 18 &
339 1374 71 24 prisen
425 1374 133 25 synbarligen
574 1374 32 19 stå
624 1374 6 18 i
649 1373 91 19 förbund
758 1372 47 20 med
820 1372 61 19 hvar-

127 1402 70 19 andra,
227 1401 44 20 Och
286 1402 27 19 då
328 1402 61 19 dessa
406 1402 124 25 vattendrag
547 1402 46 20 icke
608 1403 32 19 stå
654 1402 6 19 i
676 1402 64 19 sådan
755 1400 126 20 förbindelse
