<?xml version="1.0" encoding="UTF-8"?>
<alto xmlns="http://www.loc.gov/standards/alto/ns-v3#" xmlns:xlink="http://www.w3.org/1999/xlink" xmlns:xsi="http://www.w3.org/2001/XMLSchema-instance" xsi:schemaLocation="http://www.loc.gov/standards/alto/ns-v3# http://www.loc.gov/alto/v3/alto-3-0.xsd">
	<Description>
		<MeasurementUnit>pixel</MeasurementUnit>
		<sourceImageInformation>
			<fileName>/tmp/tess_zfsvi2h2_input.PNG</fileName>
		</sourceImageInformation>
		<OCRProcessing ID="OCR_0">
			<ocrProcessingStep>
				<processingSoftware>
					<softwareName>tesseract 5.3.4</softwareName>
				</processingSoftware>
			</ocrProcessingStep>
		</OCRProcessing>
	</Description>
	<Layout>
		<Page WIDTH="1006" HEIGHT="1656" PHYSICAL_IMG_NR="0" ID="page_0">
			<PrintSpace HPOS="0" VPOS="0" WIDTH="1006" HEIGHT="1656">
				<ComposedBlock ID="cblock_0" HPOS="203" VPOS="112" WIDTH="527" HEIGHT="24">
					<TextBlock ID="block_0" HPOS="203" VPOS="112" WIDTH="527" HEIGHT="24">
						<TextLine ID="line_0" HPOS="203" VPOS="112" WIDTH="527" HEIGHT="24">
							<String ID="string_0" HPOS="203" VPOS="114" WIDTH="12" HEIGHT="20" WC="0.96" CONTENT="2"/><SP WIDTH="154" VPOS="114" HPOS="215"/>
							<String ID="string_1" HPOS="369" VPOS="112" WIDTH="257" HEIGHT="24" WC="0.91" CONTENT="Petitionsbetänkande"/><SP WIDTH="16" VPOS="112" HPOS="626"/>
							<String ID="string_2" HPOS="642" VPOS="112" WIDTH="37" HEIGHT="24" WC="0.96" CONTENT="N:o"/><SP WIDTH="17" VPOS="112" HPOS="679"/>
							<String ID="string_3" HPOS="696" VPOS="112" WIDTH="34" HEIGHT="24" WC="0.94" CONTENT="54."/>
						</TextLine>
					</TextBlock>
				</ComposedBlock>
				<ComposedBlock ID="cblock_1" HPOS="162" VPOS="184" WIDTH="765" HEIGHT="1279">
					<TextBlock ID="block_1" HPOS="171" VPOS="184" WIDTH="756" HEIGHT="236">
						<TextLine ID="line_1" HPOS="174" VPOS="184" WIDTH="753" HEIGHT="29">
							<String ID="string_4" HPOS="174" VPOS="187" WIDTH="58" HEIGHT="19" WC="0.93" CONTENT="orter"/><SP WIDTH="14" VPOS="187" HPOS="232"/>
							<String ID="string_5" HPOS="246" VPOS="187" WIDTH="16" HEIGHT="18" WC="0.91" CONTENT="t."/><SP WIDTH="18" VPOS="187" HPOS="262"/>
							<String ID="string_6" HPOS="280" VPOS="192" WIDTH="32" HEIGHT="14" WC="0.88" CONTENT="ex."/><SP WIDTH="16" VPOS="192" HPOS="312"/>
							<String ID="string_7" HPOS="328" VPOS="184" WIDTH="7" HEIGHT="21" WC="0.96" CONTENT="i"/><SP WIDTH="16" VPOS="184" HPOS="335"/>
							<String ID="string_8" HPOS="351" VPOS="184" WIDTH="63" HEIGHT="22" WC="0.96" CONTENT="södra"/><SP WIDTH="15" VPOS="184" HPOS="414"/>
							<String ID="string_9" HPOS="429" VPOS="184" WIDTH="93" HEIGHT="22" WC="0.95" CONTENT="Finland"/><SP WIDTH="12" VPOS="184" HPOS="522"/>
							<String ID="string_10" HPOS="534" VPOS="184" WIDTH="37" HEIGHT="22" WC="0.96" CONTENT="lån"/><SP WIDTH="12" VPOS="184" HPOS="571"/>
							<String ID="string_11" HPOS="583" VPOS="184" WIDTH="101" HEIGHT="29" WC="0.96" CONTENT="beviljats"/><SP WIDTH="13" VPOS="184" HPOS="684"/>
							<String ID="string_12" HPOS="697" VPOS="184" WIDTH="66" HEIGHT="23" WC="0.91" CONTENT="äfven"/><SP WIDTH="10" VPOS="184" HPOS="763"/>
							<String ID="string_13" HPOS="773" VPOS="184" WIDTH="13" HEIGHT="22" WC="0.91" CONTENT="å"/><SP WIDTH="12" VPOS="184" HPOS="786"/>
							<String ID="string_14" HPOS="798" VPOS="184" WIDTH="82" HEIGHT="22" WC="0.93" CONTENT="mindre"/><SP WIDTH="12" VPOS="184" HPOS="880"/>
							<String ID="string_15" HPOS="892" VPOS="184" WIDTH="35" HEIGHT="23" WC="0.92" CONTENT="be-"/>
						</TextLine>
						<TextLine ID="line_2" HPOS="172" VPOS="220" WIDTH="754" HEIGHT="29">
							<String ID="string_16" HPOS="172" VPOS="220" WIDTH="58" HEIGHT="28" WC="0.96" CONTENT="lopp."/><SP WIDTH="32" VPOS="220" HPOS="230"/>
							<String ID="string_17" HPOS="262" VPOS="220" WIDTH="53" HEIGHT="21" WC="0.93" CONTENT="Men"/><SP WIDTH="15" VPOS="220" HPOS="315"/>
							<String ID="string_18" HPOS="330" VPOS="220" WIDTH="14" HEIGHT="21" WC="0.92" CONTENT="å"/><SP WIDTH="15" VPOS="220" HPOS="344"/>
							<String ID="string_19" HPOS="359" VPOS="220" WIDTH="66" HEIGHT="22" WC="0.96" CONTENT="andra"/><SP WIDTH="16" VPOS="220" HPOS="425"/>
							<String ID="string_20" HPOS="441" VPOS="220" WIDTH="62" HEIGHT="22" WC="0.96" CONTENT="sidan"/><SP WIDTH="16" VPOS="220" HPOS="503"/>
							<String ID="string_21" HPOS="519" VPOS="221" WIDTH="39" HEIGHT="21" WC="0.96" CONTENT="har"/><SP WIDTH="15" VPOS="221" HPOS="558"/>
							<String ID="string_22" HPOS="573" VPOS="220" WIDTH="47" HEIGHT="22" WC="0.96" CONTENT="åter"/><SP WIDTH="15" VPOS="220" HPOS="620"/>
							<String ID="string_23" HPOS="635" VPOS="220" WIDTH="105" HEIGHT="29" WC="0.96" CONTENT="påpekats"/><SP WIDTH="13" VPOS="220" HPOS="740"/>
							<String ID="string_24" HPOS="753" VPOS="220" WIDTH="71" HEIGHT="22" WC="0.96" CONTENT="såsom"/><SP WIDTH="11" VPOS="220" HPOS="824"/>
							<String ID="string_25" HPOS="835" VPOS="224" WIDTH="31" HEIGHT="18" WC="0.93" CONTENT="ett"/><SP WIDTH="10" VPOS="224" HPOS="866"/>
							<String ID="string_26" HPOS="876" VPOS="220" WIDTH="50" HEIGHT="22" WC="0.89" CONTENT="obe-"/>
						</TextLine>
						<TextLine ID="line_3" HPOS="173" VPOS="255" WIDTH="753" HEIGHT="30">
							<String ID="string_27" HPOS="173" VPOS="256" WIDTH="95" HEIGHT="28" WC="0.91" CONTENT="stridligt"/><SP WIDTH="22" VPOS="256" HPOS="268"/>
							<String ID="string_28" HPOS="290" VPOS="255" WIDTH="179" HEIGHT="27" WC="0.95" CONTENT="sakförhållande,"/><SP WIDTH="16" VPOS="255" HPOS="469"/>
							<String ID="string_29" HPOS="485" VPOS="259" WIDTH="31" HEIGHT="19" WC="0.96" CONTENT="att"/><SP WIDTH="23" VPOS="259" HPOS="516"/>
							<String ID="string_30" HPOS="539" VPOS="256" WIDTH="27" HEIGHT="22" WC="0.96" CONTENT="de"/><SP WIDTH="24" VPOS="256" HPOS="566"/>
							<String ID="string_31" HPOS="590" VPOS="256" WIDTH="46" HEIGHT="22" WC="0.93" CONTENT="små"/><SP WIDTH="19" VPOS="256" HPOS="636"/>
							<String ID="string_32" HPOS="655" VPOS="256" WIDTH="140" HEIGHT="29" WC="0.89" CONTENT="jordägarene"/><SP WIDTH="22" VPOS="256" HPOS="795"/>
							<String ID="string_33" HPOS="817" VPOS="258" WIDTH="8" HEIGHT="20" WC="0.95" CONTENT="i"/><SP WIDTH="23" VPOS="258" HPOS="825"/>
							<String ID="string_34" HPOS="848" VPOS="258" WIDTH="78" HEIGHT="20" WC="0.95" CONTENT="största"/>
						</TextLine>
						<TextLine ID="line_4" HPOS="172" VPOS="291" WIDTH="755" HEIGHT="30">
							<String ID="string_35" HPOS="172" VPOS="291" WIDTH="64" HEIGHT="22" WC="0.96" CONTENT="delen"/><SP WIDTH="24" VPOS="291" HPOS="236"/>
							<String ID="string_36" HPOS="260" VPOS="292" WIDTH="23" HEIGHT="21" WC="0.96" CONTENT="af"/><SP WIDTH="22" VPOS="292" HPOS="283"/>
							<String ID="string_37" HPOS="305" VPOS="292" WIDTH="96" HEIGHT="21" WC="0.96" CONTENT="landet"/><SP WIDTH="-9" VPOS="292" HPOS="401"/>
							<String ID="string_38" HPOS="392" VPOS="287" WIDTH="15" HEIGHT="39" WC="0.96" CONTENT="i"/><SP WIDTH="15" VPOS="287" HPOS="407"/>
							<String ID="string_39" HPOS="422" VPOS="292" WIDTH="165" HEIGHT="29" WC="0.96" CONTENT="ifrågavarande"/><SP WIDTH="21" VPOS="292" HPOS="587"/>
							<String ID="string_40" HPOS="608" VPOS="292" WIDTH="102" HEIGHT="22" WC="0.96" CONTENT="afseende"/><SP WIDTH="22" VPOS="292" HPOS="710"/>
							<String ID="string_41" HPOS="732" VPOS="294" WIDTH="37" HEIGHT="20" WC="0.96" CONTENT="äro"/><SP WIDTH="20" VPOS="294" HPOS="769"/>
							<String ID="string_42" HPOS="789" VPOS="292" WIDTH="88" HEIGHT="22" WC="0.96" CONTENT="alldeles"/><SP WIDTH="15" VPOS="292" HPOS="877"/>
							<String ID="string_43" HPOS="892" VPOS="292" WIDTH="35" HEIGHT="21" WC="0.96" CONTENT="för"/>
						</TextLine>
						<TextLine ID="line_5" HPOS="172" VPOS="327" WIDTH="754" HEIGHT="30">
							<String ID="string_44" HPOS="172" VPOS="327" WIDTH="88" HEIGHT="29" WC="0.92" CONTENT="mycket"/><SP WIDTH="16" VPOS="327" HPOS="260"/>
							<String ID="string_45" HPOS="276" VPOS="327" WIDTH="117" HEIGHT="22" WC="0.91" CONTENT="åsidosatta"/><SP WIDTH="21" VPOS="327" HPOS="393"/>
							<String ID="string_46" HPOS="414" VPOS="328" WIDTH="41" HEIGHT="21" WC="0.96" CONTENT="och"/><SP WIDTH="21" VPOS="328" HPOS="455"/>
							<String ID="string_47" HPOS="476" VPOS="331" WIDTH="32" HEIGHT="19" WC="0.96" CONTENT="att"/><SP WIDTH="20" VPOS="331" HPOS="508"/>
							<String ID="string_48" HPOS="528" VPOS="328" WIDTH="38" HEIGHT="22" WC="0.96" CONTENT="det"/><SP WIDTH="15" VPOS="328" HPOS="566"/>
							<String ID="string_49" HPOS="581" VPOS="328" WIDTH="29" HEIGHT="29" WC="0.96" CONTENT="på"/><SP WIDTH="16" VPOS="328" HPOS="610"/>
							<String ID="string_50" HPOS="626" VPOS="329" WIDTH="58" HEIGHT="21" WC="0.96" CONTENT="vissa"/><SP WIDTH="16" VPOS="329" HPOS="684"/>
							<String ID="string_51" HPOS="700" VPOS="331" WIDTH="58" HEIGHT="19" WC="0.96" CONTENT="orter"/><SP WIDTH="14" VPOS="331" HPOS="758"/>
							<String ID="string_52" HPOS="772" VPOS="328" WIDTH="34" HEIGHT="22" WC="0.96" CONTENT="till"/><SP WIDTH="15" VPOS="328" HPOS="806"/>
							<String ID="string_53" HPOS="821" VPOS="328" WIDTH="41" HEIGHT="22" WC="0.96" CONTENT="och"/><SP WIDTH="15" VPOS="328" HPOS="862"/>
							<String ID="string_54" HPOS="877" VPOS="328" WIDTH="49" HEIGHT="22" WC="0.96" CONTENT="med"/>
						</TextLine>
						<TextLine ID="line_6" HPOS="172" VPOS="363" WIDTH="754" HEIGHT="30">
							<String ID="string_55" HPOS="172" VPOS="364" WIDTH="57" HEIGHT="21" WC="0.96" CONTENT="varit"/><SP WIDTH="9" VPOS="364" HPOS="229"/>
							<String ID="string_56" HPOS="238" VPOS="363" WIDTH="63" HEIGHT="22" WC="0.96" CONTENT="fallet"/><SP WIDTH="16" VPOS="363" HPOS="301"/>
							<String ID="string_57" HPOS="317" VPOS="366" WIDTH="32" HEIGHT="19" WC="0.96" CONTENT="att"/><SP WIDTH="14" VPOS="366" HPOS="349"/>
							<String ID="string_58" HPOS="363" VPOS="363" WIDTH="27" HEIGHT="22" WC="0.96" CONTENT="de"/><SP WIDTH="16" VPOS="363" HPOS="390"/>
							<String ID="string_59" HPOS="406" VPOS="364" WIDTH="42" HEIGHT="21" WC="0.96" CONTENT="fått"/><SP WIDTH="11" VPOS="364" HPOS="448"/>
							<String ID="string_60" HPOS="459" VPOS="364" WIDTH="24" HEIGHT="21" WC="0.96" CONTENT="så"/><SP WIDTH="16" VPOS="364" HPOS="483"/>
							<String ID="string_61" HPOS="499" VPOS="364" WIDTH="55" HEIGHT="29" WC="0.96" CONTENT="godt"/><SP WIDTH="16" VPOS="364" HPOS="554"/>
							<String ID="string_62" HPOS="570" VPOS="372" WIDTH="47" HEIGHT="13" WC="0.96" CONTENT="som"/><SP WIDTH="17" VPOS="372" HPOS="617"/>
							<String ID="string_63" HPOS="634" VPOS="365" WIDTH="63" HEIGHT="27" WC="0.96" CONTENT="ingen"/><SP WIDTH="14" VPOS="365" HPOS="697"/>
							<String ID="string_64" HPOS="711" VPOS="364" WIDTH="64" HEIGHT="22" WC="0.73" CONTENT="andel"/><SP WIDTH="10" VPOS="364" HPOS="775"/>
							<String ID="string_65" HPOS="785" VPOS="365" WIDTH="7" HEIGHT="20" WC="0.73" CONTENT="i"/><SP WIDTH="10" VPOS="365" HPOS="792"/>
							<String ID="string_66" HPOS="802" VPOS="364" WIDTH="124" HEIGHT="28" WC="0.92" CONTENT="jordbruks-"/>
						</TextLine>
						<TextLine ID="line_7" HPOS="171" VPOS="399" WIDTH="70" HEIGHT="21">
							<String ID="string_67" HPOS="171" VPOS="399" WIDTH="70" HEIGHT="21" WC="0.96" CONTENT="lånen."/>
						</TextLine>
					</TextBlock>
					<TextBlock ID="block_2" HPOS="165" VPOS="434" WIDTH="761" HEIGHT="710">
						<TextLine ID="line_8" HPOS="242" VPOS="434" WIDTH="684" HEIGHT="28">
							<String ID="string_68" HPOS="242" VPOS="434" WIDTH="77" HEIGHT="23" WC="0.96" CONTENT="Redan"/><SP WIDTH="21" VPOS="434" HPOS="319"/>
							<String ID="string_69" HPOS="340" VPOS="435" WIDTH="26" HEIGHT="21" WC="0.95" CONTENT="de"/><SP WIDTH="20" VPOS="435" HPOS="366"/>
							<String ID="string_70" HPOS="386" VPOS="436" WIDTH="77" HEIGHT="26" WC="0.93" CONTENT="vilkor,"/><SP WIDTH="20" VPOS="436" HPOS="463"/>
							<String ID="string_71" HPOS="483" VPOS="436" WIDTH="125" HEIGHT="22" WC="0.92" CONTENT="hvarunder"/><SP WIDTH="18" VPOS="436" HPOS="608"/>
							<String ID="string_72" HPOS="626" VPOS="436" WIDTH="33" HEIGHT="21" WC="0.96" CONTENT="till"/><SP WIDTH="15" VPOS="436" HPOS="659"/>
							<String ID="string_73" HPOS="674" VPOS="435" WIDTH="56" HEIGHT="22" WC="0.96" CONTENT="buds"/><SP WIDTH="16" VPOS="435" HPOS="730"/>
							<String ID="string_74" HPOS="746" VPOS="435" WIDTH="89" HEIGHT="22" WC="0.96" CONTENT="stående"/><SP WIDTH="15" VPOS="435" HPOS="835"/>
							<String ID="string_75" HPOS="850" VPOS="435" WIDTH="35" HEIGHT="22" WC="0.96" CONTENT="lån"/><SP WIDTH="16" VPOS="435" HPOS="885"/>
							<String ID="string_76" HPOS="901" VPOS="444" WIDTH="25" HEIGHT="12" WC="0.96" CONTENT="ur"/>
						</TextLine>
						<TextLine ID="line_9" HPOS="171" VPOS="471" WIDTH="754" HEIGHT="29">
							<String ID="string_77" HPOS="171" VPOS="471" WIDTH="143" HEIGHT="22" WC="0.91" CONTENT="statsvärkets"/><SP WIDTH="22" VPOS="471" HPOS="314"/>
							<String ID="string_78" HPOS="336" VPOS="471" WIDTH="77" HEIGHT="22" WC="0.95" CONTENT="fonder"/><SP WIDTH="16" VPOS="471" HPOS="413"/>
							<String ID="string_79" HPOS="429" VPOS="472" WIDTH="51" HEIGHT="21" WC="0.96" CONTENT="eller"/><SP WIDTH="16" VPOS="472" HPOS="480"/>
							<String ID="string_80" HPOS="496" VPOS="479" WIDTH="77" HEIGHT="21" WC="0.92" CONTENT="genom"/><SP WIDTH="17" VPOS="479" HPOS="573"/>
							<String ID="string_81" HPOS="590" VPOS="471" WIDTH="142" HEIGHT="23" WC="0.92" CONTENT="statsvärkets"/><SP WIDTH="16" VPOS="471" HPOS="732"/>
							<String ID="string_82" HPOS="748" VPOS="471" WIDTH="129" HEIGHT="29" WC="0.91" CONTENT="förmedling"/><SP WIDTH="14" VPOS="471" HPOS="877"/>
							<String ID="string_83" HPOS="891" VPOS="474" WIDTH="34" HEIGHT="19" WC="0.91" CONTENT="ut-"/>
						</TextLine>
						<TextLine ID="line_10" HPOS="170" VPOS="506" WIDTH="755" HEIGHT="30">
							<String ID="string_84" HPOS="170" VPOS="506" WIDTH="78" HEIGHT="29" WC="0.92" CONTENT="gifvas,"/><SP WIDTH="21" VPOS="506" HPOS="248"/>
							<String ID="string_85" HPOS="269" VPOS="508" WIDTH="37" HEIGHT="20" WC="0.96" CONTENT="äro"/><SP WIDTH="20" VPOS="508" HPOS="306"/>
							<String ID="string_86" HPOS="326" VPOS="507" WIDTH="23" HEIGHT="21" WC="0.96" CONTENT="af"/><SP WIDTH="15" VPOS="507" HPOS="349"/>
							<String ID="string_87" HPOS="364" VPOS="507" WIDTH="42" HEIGHT="22" WC="0.96" CONTENT="den"/><SP WIDTH="16" VPOS="507" HPOS="406"/>
							<String ID="string_88" HPOS="422" VPOS="507" WIDTH="160" HEIGHT="27" WC="0.96" CONTENT="beskaffenhet,"/><SP WIDTH="16" VPOS="507" HPOS="582"/>
							<String ID="string_89" HPOS="598" VPOS="510" WIDTH="32" HEIGHT="19" WC="0.96" CONTENT="att"/><SP WIDTH="15" VPOS="510" HPOS="630"/>
							<String ID="string_90" HPOS="645" VPOS="508" WIDTH="27" HEIGHT="21" WC="0.96" CONTENT="de"/><SP WIDTH="16" VPOS="508" HPOS="672"/>
							<String ID="string_91" HPOS="688" VPOS="507" WIDTH="46" HEIGHT="21" WC="0.93" CONTENT="små"/><SP WIDTH="14" VPOS="507" HPOS="734"/>
							<String ID="string_92" HPOS="748" VPOS="507" WIDTH="139" HEIGHT="29" WC="0.91" CONTENT="jordägarene"/><SP WIDTH="15" VPOS="507" HPOS="887"/>
							<String ID="string_93" HPOS="902" VPOS="508" WIDTH="23" HEIGHT="20" WC="0.96" CONTENT="af"/>
						</TextLine>
						<TextLine ID="line_11" HPOS="170" VPOS="543" WIDTH="754" HEIGHT="29">
							<String ID="string_94" HPOS="170" VPOS="550" WIDTH="27" HEIGHT="14" WC="0.96" CONTENT="en"/><SP WIDTH="23" VPOS="550" HPOS="197"/>
							<String ID="string_95" HPOS="220" VPOS="543" WIDTH="54" HEIGHT="21" WC="0.96" CONTENT="eller"/><SP WIDTH="22" VPOS="543" HPOS="274"/>
							<String ID="string_96" HPOS="296" VPOS="550" WIDTH="69" HEIGHT="14" WC="0.96" CONTENT="annan"/><SP WIDTH="23" VPOS="550" HPOS="365"/>
							<String ID="string_97" HPOS="388" VPOS="543" WIDTH="115" HEIGHT="29" WC="0.95" CONTENT="anledning"/><SP WIDTH="23" VPOS="543" HPOS="503"/>
							<String ID="string_98" HPOS="526" VPOS="544" WIDTH="49" HEIGHT="22" WC="0.96" CONTENT="icke"/><SP WIDTH="21" VPOS="544" HPOS="575"/>
							<String ID="string_99" HPOS="596" VPOS="544" WIDTH="74" HEIGHT="21" WC="0.96" CONTENT="kunna"/><SP WIDTH="19" VPOS="544" HPOS="670"/>
							<String ID="string_100" HPOS="689" VPOS="543" WIDTH="70" HEIGHT="22" WC="0.96" CONTENT="blifva"/><SP WIDTH="20" VPOS="543" HPOS="759"/>
							<String ID="string_101" HPOS="779" VPOS="544" WIDTH="22" HEIGHT="20" WC="0.96" CONTENT="af"/><SP WIDTH="15" VPOS="544" HPOS="801"/>
							<String ID="string_102" HPOS="816" VPOS="543" WIDTH="108" HEIGHT="22" WC="0.96" CONTENT="desamma"/>
						</TextLine>
						<TextLine ID="line_12" HPOS="171" VPOS="578" WIDTH="752" HEIGHT="30">
							<String ID="string_103" HPOS="171" VPOS="578" WIDTH="116" HEIGHT="30" WC="0.94" CONTENT="delaktiga."/><SP WIDTH="31" VPOS="578" HPOS="287"/>
							<String ID="string_104" HPOS="318" VPOS="578" WIDTH="94" HEIGHT="23" WC="0.94" CONTENT="Sålunda"/><SP WIDTH="20" VPOS="578" HPOS="412"/>
							<String ID="string_105" HPOS="432" VPOS="579" WIDTH="91" HEIGHT="22" WC="0.95" CONTENT="erhållas"/><SP WIDTH="22" VPOS="579" HPOS="523"/>
							<String ID="string_106" HPOS="545" VPOS="580" WIDTH="36" HEIGHT="22" WC="0.96" CONTENT="väl"/><SP WIDTH="25" VPOS="580" HPOS="581"/>
							<String ID="string_107" HPOS="606" VPOS="579" WIDTH="48" HEIGHT="22" WC="0.93" CONTENT="från"/><SP WIDTH="16" VPOS="579" HPOS="654"/>
							<String ID="string_108" HPOS="670" VPOS="578" WIDTH="253" HEIGHT="30" WC="0.91" CONTENT="krigsmanshussfonden"/>
						</TextLine>
						<TextLine ID="line_13" HPOS="170" VPOS="614" WIDTH="753" HEIGHT="30">
							<String ID="string_109" HPOS="170" VPOS="614" WIDTH="36" HEIGHT="22" WC="0.96" CONTENT="lån"/><SP WIDTH="23" VPOS="614" HPOS="206"/>
							<String ID="string_110" HPOS="229" VPOS="622" WIDTH="36" HEIGHT="14" WC="0.96" CONTENT="om"/><SP WIDTH="23" VPOS="622" HPOS="265"/>
							<String ID="string_111" HPOS="288" VPOS="616" WIDTH="66" HEIGHT="21" WC="0.93" CONTENT="minst"/><SP WIDTH="16" VPOS="616" HPOS="354"/>
							<String ID="string_112" HPOS="370" VPOS="616" WIDTH="64" HEIGHT="24" WC="0.91" CONTENT="2,000"/><SP WIDTH="24" VPOS="616" HPOS="434"/>
							<String ID="string_113" HPOS="458" VPOS="616" WIDTH="66" HEIGHT="21" WC="0.94" CONTENT="mark."/><SP WIDTH="32" VPOS="616" HPOS="524"/>
							<String ID="string_114" HPOS="556" VPOS="615" WIDTH="36" HEIGHT="22" WC="0.95" CONTENT="Då"/><SP WIDTH="20" VPOS="615" HPOS="592"/>
							<String ID="string_115" HPOS="612" VPOS="615" WIDTH="64" HEIGHT="22" WC="0.96" CONTENT="dessa"/><SP WIDTH="20" VPOS="615" HPOS="676"/>
							<String ID="string_116" HPOS="696" VPOS="615" WIDTH="36" HEIGHT="21" WC="0.96" CONTENT="lån"/><SP WIDTH="20" VPOS="615" HPOS="732"/>
							<String ID="string_117" HPOS="752" VPOS="615" WIDTH="67" HEIGHT="22" WC="0.96" CONTENT="likväl"/><SP WIDTH="14" VPOS="615" HPOS="819"/>
							<String ID="string_118" HPOS="833" VPOS="615" WIDTH="90" HEIGHT="29" WC="0.96" CONTENT="beviljas"/>
						</TextLine>
						<TextLine ID="line_14" HPOS="170" VPOS="650" WIDTH="754" HEIGHT="30">
							<String ID="string_119" HPOS="170" VPOS="650" WIDTH="77" HEIGHT="22" WC="0.96" CONTENT="endast"/><SP WIDTH="21" VPOS="650" HPOS="247"/>
							<String ID="string_120" HPOS="268" VPOS="653" WIDTH="45" HEIGHT="19" WC="0.96" CONTENT="mot"/><SP WIDTH="21" VPOS="653" HPOS="313"/>
							<String ID="string_121" HPOS="334" VPOS="651" WIDTH="125" HEIGHT="29" WC="0.96" CONTENT="inteckning"/><SP WIDTH="15" VPOS="651" HPOS="459"/>
							<String ID="string_122" HPOS="474" VPOS="652" WIDTH="42" HEIGHT="21" WC="0.96" CONTENT="och"/><SP WIDTH="16" VPOS="652" HPOS="516"/>
							<String ID="string_123" HPOS="532" VPOS="651" WIDTH="65" HEIGHT="29" WC="0.95" CONTENT="högst"/><SP WIDTH="15" VPOS="651" HPOS="597"/>
							<String ID="string_124" HPOS="612" VPOS="652" WIDTH="33" HEIGHT="21" WC="0.96" CONTENT="till"/><SP WIDTH="15" VPOS="652" HPOS="645"/>
							<String ID="string_125" HPOS="660" VPOS="654" WIDTH="32" HEIGHT="19" WC="0.96" CONTENT="ett"/><SP WIDTH="15" VPOS="654" HPOS="692"/>
							<String ID="string_126" HPOS="707" VPOS="650" WIDTH="86" HEIGHT="30" WC="0.96" CONTENT="belopp,"/><SP WIDTH="16" VPOS="650" HPOS="793"/>
							<String ID="string_127" HPOS="809" VPOS="658" WIDTH="46" HEIGHT="14" WC="0.93" CONTENT="som"/><SP WIDTH="15" VPOS="658" HPOS="855"/>
							<String ID="string_128" HPOS="870" VPOS="654" WIDTH="54" HEIGHT="18" WC="0.93" CONTENT="mot-"/>
						</TextLine>
						<TextLine ID="line_15" HPOS="170" VPOS="686" WIDTH="753" HEIGHT="30">
							<String ID="string_129" HPOS="170" VPOS="694" WIDTH="74" HEIGHT="14" WC="0.93" CONTENT="svarar"/><SP WIDTH="17" VPOS="694" HPOS="244"/>
							<String ID="string_130" HPOS="261" VPOS="686" WIDTH="27" HEIGHT="29" WC="0.87" CONTENT="!/s"/><SP WIDTH="22" VPOS="686" HPOS="288"/>
							<String ID="string_131" HPOS="310" VPOS="686" WIDTH="23" HEIGHT="22" WC="0.96" CONTENT="af"/><SP WIDTH="19" VPOS="686" HPOS="333"/>
							<String ID="string_132" HPOS="352" VPOS="686" WIDTH="42" HEIGHT="22" WC="0.93" CONTENT="den"/><SP WIDTH="16" VPOS="686" HPOS="394"/>
							<String ID="string_133" HPOS="410" VPOS="687" WIDTH="129" HEIGHT="22" WC="0.92" CONTENT="intecknade"/><SP WIDTH="17" VPOS="687" HPOS="539"/>
							<String ID="string_134" HPOS="556" VPOS="687" WIDTH="139" HEIGHT="29" WC="0.96" CONTENT="lägenhetens"/><SP WIDTH="17" VPOS="687" HPOS="695"/>
							<String ID="string_135" HPOS="712" VPOS="686" WIDTH="73" HEIGHT="28" WC="0.96" CONTENT="värde,"/><SP WIDTH="14" VPOS="686" HPOS="785"/>
							<String ID="string_136" HPOS="799" VPOS="687" WIDTH="72" HEIGHT="21" WC="0.93" CONTENT="kunna"/><SP WIDTH="16" VPOS="687" HPOS="871"/>
							<String ID="string_137" HPOS="887" VPOS="686" WIDTH="36" HEIGHT="22" WC="0.92" CONTENT="de-"/>
						</TextLine>
						<TextLine ID="line_16" HPOS="169" VPOS="722" WIDTH="755" HEIGHT="30">
							<String ID="string_138" HPOS="169" VPOS="729" WIDTH="81" HEIGHT="15" WC="0.96" CONTENT="samma"/><SP WIDTH="25" VPOS="729" HPOS="250"/>
							<String ID="string_139" HPOS="275" VPOS="723" WIDTH="18" HEIGHT="28" WC="0.96" CONTENT="ej"/><SP WIDTH="22" VPOS="723" HPOS="293"/>
							<String ID="string_140" HPOS="315" VPOS="722" WIDTH="87" HEIGHT="22" WC="0.96" CONTENT="komma"/><SP WIDTH="19" VPOS="722" HPOS="402"/>
							<String ID="string_141" HPOS="421" VPOS="723" WIDTH="28" HEIGHT="22" WC="0.96" CONTENT="de"/><SP WIDTH="21" VPOS="723" HPOS="449"/>
							<String ID="string_142" HPOS="470" VPOS="723" WIDTH="46" HEIGHT="22" WC="0.93" CONTENT="små"/><SP WIDTH="20" VPOS="723" HPOS="516"/>
							<String ID="string_143" HPOS="536" VPOS="723" WIDTH="141" HEIGHT="29" WC="0.91" CONTENT="jordägarene"/><SP WIDTH="19" VPOS="723" HPOS="677"/>
							<String ID="string_144" HPOS="696" VPOS="723" WIDTH="34" HEIGHT="21" WC="0.96" CONTENT="till"/><SP WIDTH="18" VPOS="723" HPOS="730"/>
							<String ID="string_145" HPOS="748" VPOS="722" WIDTH="63" HEIGHT="30" WC="0.96" CONTENT="godo."/><SP WIDTH="30" VPOS="722" HPOS="811"/>
							<String ID="string_146" HPOS="841" VPOS="722" WIDTH="44" HEIGHT="22" WC="0.96" CONTENT="Det"/><SP WIDTH="15" VPOS="722" HPOS="885"/>
							<String ID="string_147" HPOS="900" VPOS="724" WIDTH="24" HEIGHT="20" WC="0.96" CONTENT="är"/>
						</TextLine>
						<TextLine ID="line_17" HPOS="168" VPOS="758" WIDTH="755" HEIGHT="29">
							<String ID="string_148" HPOS="168" VPOS="758" WIDTH="109" HEIGHT="29" WC="0.96" CONTENT="nämligen"/><SP WIDTH="15" VPOS="758" HPOS="277"/>
							<String ID="string_149" HPOS="292" VPOS="761" WIDTH="33" HEIGHT="19" WC="0.96" CONTENT="att"/><SP WIDTH="15" VPOS="761" HPOS="325"/>
							<String ID="string_150" HPOS="340" VPOS="759" WIDTH="74" HEIGHT="21" WC="0.96" CONTENT="märka"/><SP WIDTH="15" VPOS="759" HPOS="414"/>
							<String ID="string_151" HPOS="429" VPOS="762" WIDTH="33" HEIGHT="19" WC="0.97" CONTENT="att"/><SP WIDTH="14" VPOS="762" HPOS="462"/>
							<String ID="string_152" HPOS="476" VPOS="759" WIDTH="98" HEIGHT="22" WC="0.96" CONTENT="flertalet"/><SP WIDTH="16" VPOS="759" HPOS="574"/>
							<String ID="string_153" HPOS="590" VPOS="759" WIDTH="22" HEIGHT="21" WC="0.96" CONTENT="af"/><SP WIDTH="15" VPOS="759" HPOS="612"/>
							<String ID="string_154" HPOS="627" VPOS="759" WIDTH="34" HEIGHT="21" WC="0.96" CONTENT="till"/><SP WIDTH="16" VPOS="759" HPOS="661"/>
							<String ID="string_155" HPOS="677" VPOS="758" WIDTH="70" HEIGHT="22" WC="0.96" CONTENT="denna"/><SP WIDTH="14" VPOS="758" HPOS="747"/>
							<String ID="string_156" HPOS="761" VPOS="759" WIDTH="57" HEIGHT="21" WC="0.96" CONTENT="klass"/><SP WIDTH="11" VPOS="759" HPOS="818"/>
							<String ID="string_157" HPOS="829" VPOS="758" WIDTH="94" HEIGHT="22" WC="0.95" CONTENT="hörande"/>
						</TextLine>
						<TextLine ID="line_18" HPOS="168" VPOS="794" WIDTH="755" HEIGHT="29">
							<String ID="string_158" HPOS="168" VPOS="794" WIDTH="141" HEIGHT="28" WC="0.96" CONTENT="jordbrukare"/><SP WIDTH="17" VPOS="794" HPOS="309"/>
							<String ID="string_159" HPOS="326" VPOS="796" WIDTH="86" HEIGHT="27" WC="0.96" CONTENT="utgöres"/><SP WIDTH="15" VPOS="796" HPOS="412"/>
							<String ID="string_160" HPOS="427" VPOS="795" WIDTH="24" HEIGHT="21" WC="0.96" CONTENT="af"/><SP WIDTH="15" VPOS="795" HPOS="451"/>
							<String ID="string_161" HPOS="466" VPOS="797" WIDTH="63" HEIGHT="26" WC="0.96" CONTENT="ägare"/><SP WIDTH="17" VPOS="797" HPOS="529"/>
							<String ID="string_162" HPOS="546" VPOS="796" WIDTH="33" HEIGHT="20" WC="0.96" CONTENT="till"/><SP WIDTH="15" VPOS="796" HPOS="579"/>
							<String ID="string_163" HPOS="594" VPOS="795" WIDTH="99" HEIGHT="21" WC="0.95" CONTENT="hemman"/><SP WIDTH="16" VPOS="795" HPOS="693"/>
							<String ID="string_164" HPOS="709" VPOS="794" WIDTH="86" HEIGHT="23" WC="0.96" CONTENT="hvilkas"/><SP WIDTH="14" VPOS="794" HPOS="795"/>
							<String ID="string_165" HPOS="809" VPOS="794" WIDTH="67" HEIGHT="22" WC="0.92" CONTENT="värde"/><SP WIDTH="10" VPOS="794" HPOS="876"/>
							<String ID="string_166" HPOS="886" VPOS="802" WIDTH="37" HEIGHT="14" WC="0.92" CONTENT="va-"/>
						</TextLine>
						<TextLine ID="line_19" HPOS="168" VPOS="830" WIDTH="755" HEIGHT="28">
							<String ID="string_167" HPOS="168" VPOS="830" WIDTH="66" HEIGHT="21" WC="0.92" CONTENT="rierar"/><SP WIDTH="16" VPOS="830" HPOS="234"/>
							<String ID="string_168" HPOS="250" VPOS="830" WIDTH="91" HEIGHT="22" WC="0.91" CONTENT="emellan"/><SP WIDTH="17" VPOS="830" HPOS="341"/>
							<String ID="string_169" HPOS="358" VPOS="831" WIDTH="148" HEIGHT="22" WC="0.92" CONTENT="1000—6000"/><SP WIDTH="16" VPOS="831" HPOS="506"/>
							<String ID="string_170" HPOS="522" VPOS="831" WIDTH="61" HEIGHT="21" WC="0.96" CONTENT="mark"/><SP WIDTH="16" VPOS="831" HPOS="583"/>
							<String ID="string_171" HPOS="599" VPOS="831" WIDTH="42" HEIGHT="21" WC="0.96" CONTENT="och"/><SP WIDTH="15" VPOS="831" HPOS="641"/>
							<String ID="string_172" HPOS="656" VPOS="830" WIDTH="90" HEIGHT="22" WC="0.96" CONTENT="sålunda"/><SP WIDTH="15" VPOS="830" HPOS="746"/>
							<String ID="string_173" HPOS="761" VPOS="830" WIDTH="48" HEIGHT="22" WC="0.96" CONTENT="icke"/><SP WIDTH="12" VPOS="830" HPOS="809"/>
							<String ID="string_174" HPOS="821" VPOS="838" WIDTH="36" HEIGHT="14" WC="0.93" CONTENT="ens"/><SP WIDTH="12" VPOS="838" HPOS="857"/>
							<String ID="string_175" HPOS="869" VPOS="838" WIDTH="54" HEIGHT="20" WC="0.91" CONTENT="upp-"/>
						</TextLine>
						<TextLine ID="line_20" HPOS="168" VPOS="864" WIDTH="754" HEIGHT="32">
							<String ID="string_176" HPOS="168" VPOS="864" WIDTH="39" HEIGHT="30" WC="0.96" CONTENT="går"/><SP WIDTH="14" VPOS="864" HPOS="207"/>
							<String ID="string_177" HPOS="221" VPOS="866" WIDTH="35" HEIGHT="21" WC="0.96" CONTENT="till"/><SP WIDTH="15" VPOS="866" HPOS="256"/>
							<String ID="string_178" HPOS="271" VPOS="866" WIDTH="38" HEIGHT="21" WC="0.96" CONTENT="det"/><SP WIDTH="20" VPOS="866" HPOS="309"/>
							<String ID="string_179" HPOS="329" VPOS="866" WIDTH="70" HEIGHT="29" WC="0.93" CONTENT="lägsta"/><SP WIDTH="19" VPOS="866" HPOS="399"/>
							<String ID="string_180" HPOS="418" VPOS="867" WIDTH="108" HEIGHT="29" WC="0.92" CONTENT="antagliga"/><SP WIDTH="23" VPOS="867" HPOS="526"/>
							<String ID="string_181" HPOS="549" VPOS="866" WIDTH="214" HEIGHT="30" WC="0.89" CONTENT="värderingsbelopp."/><SP WIDTH="30" VPOS="866" HPOS="763"/>
							<String ID="string_182" HPOS="793" VPOS="866" WIDTH="50" HEIGHT="22" WC="0.96" CONTENT="Och"/><SP WIDTH="15" VPOS="866" HPOS="843"/>
							<String ID="string_183" HPOS="858" VPOS="866" WIDTH="64" HEIGHT="21" WC="0.95" CONTENT="äfven"/>
						</TextLine>
						<TextLine ID="line_21" HPOS="168" VPOS="901" WIDTH="753" HEIGHT="31">
							<String ID="string_184" HPOS="168" VPOS="908" WIDTH="35" HEIGHT="14" WC="0.96" CONTENT="om"/><SP WIDTH="7" VPOS="908" HPOS="203"/>
							<String ID="string_185" HPOS="210" VPOS="901" WIDTH="27" HEIGHT="22" WC="0.95" CONTENT="de"/><SP WIDTH="8" VPOS="901" HPOS="237"/>
							<String ID="string_186" HPOS="245" VPOS="901" WIDTH="148" HEIGHT="29" WC="0.96" CONTENT="jordbrukare,"/><SP WIDTH="8" VPOS="901" HPOS="393"/>
							<String ID="string_187" HPOS="401" VPOS="902" WIDTH="85" HEIGHT="22" WC="0.96" CONTENT="hvilkas"/><SP WIDTH="12" VPOS="902" HPOS="486"/>
							<String ID="string_188" HPOS="498" VPOS="902" WIDTH="127" HEIGHT="30" WC="0.96" CONTENT="lägenheter"/><SP WIDTH="10" VPOS="902" HPOS="625"/>
							<String ID="string_189" HPOS="635" VPOS="903" WIDTH="7" HEIGHT="21" WC="0.96" CONTENT="i"/><SP WIDTH="11" VPOS="903" HPOS="642"/>
							<String ID="string_190" HPOS="653" VPOS="902" WIDTH="66" HEIGHT="22" WC="0.93" CONTENT="värde"/><SP WIDTH="11" VPOS="902" HPOS="719"/>
							<String ID="string_191" HPOS="730" VPOS="902" WIDTH="118" HEIGHT="28" WC="0.92" CONTENT="öfverstiga"/><SP WIDTH="10" VPOS="902" HPOS="848"/>
							<String ID="string_192" HPOS="858" VPOS="902" WIDTH="63" HEIGHT="26" WC="0.90" CONTENT="6,000"/>
						</TextLine>
						<TextLine ID="line_22" HPOS="167" VPOS="936" WIDTH="755" HEIGHT="31">
							<String ID="string_193" HPOS="167" VPOS="936" WIDTH="67" HEIGHT="28" WC="0.93" CONTENT="mark,"/><SP WIDTH="16" VPOS="936" HPOS="234"/>
							<String ID="string_194" HPOS="250" VPOS="937" WIDTH="116" HEIGHT="23" WC="0.91" CONTENT="hänfördes"/><SP WIDTH="20" VPOS="937" HPOS="366"/>
							<String ID="string_195" HPOS="386" VPOS="938" WIDTH="33" HEIGHT="21" WC="0.96" CONTENT="till"/><SP WIDTH="18" VPOS="938" HPOS="419"/>
							<String ID="string_196" HPOS="437" VPOS="938" WIDTH="28" HEIGHT="22" WC="0.96" CONTENT="de"/><SP WIDTH="19" VPOS="938" HPOS="465"/>
							<String ID="string_197" HPOS="484" VPOS="938" WIDTH="86" HEIGHT="22" WC="0.93" CONTENT="mindre"/><SP WIDTH="15" VPOS="938" HPOS="570"/>
							<String ID="string_198" HPOS="585" VPOS="938" WIDTH="151" HEIGHT="29" WC="0.91" CONTENT="jordägarenes"/><SP WIDTH="20" VPOS="938" HPOS="736"/>
							<String ID="string_199" HPOS="756" VPOS="938" WIDTH="65" HEIGHT="26" WC="0.96" CONTENT="klass,"/><SP WIDTH="15" VPOS="938" HPOS="821"/>
							<String ID="string_200" HPOS="836" VPOS="939" WIDTH="23" HEIGHT="19" WC="0.97" CONTENT="är"/><SP WIDTH="15" VPOS="939" HPOS="859"/>
							<String ID="string_201" HPOS="874" VPOS="937" WIDTH="48" HEIGHT="22" WC="0.96" CONTENT="icke"/>
						</TextLine>
						<TextLine ID="line_23" HPOS="167" VPOS="972" WIDTH="755" HEIGHT="31">
							<String ID="string_202" HPOS="167" VPOS="972" WIDTH="68" HEIGHT="22" WC="0.96" CONTENT="häller"/><SP WIDTH="22" VPOS="972" HPOS="235"/>
							<String ID="string_203" HPOS="257" VPOS="972" WIDTH="42" HEIGHT="22" WC="0.96" CONTENT="den"/><SP WIDTH="15" VPOS="972" HPOS="299"/>
							<String ID="string_204" HPOS="314" VPOS="976" WIDTH="62" HEIGHT="26" WC="0.96" CONTENT="nytta"/><SP WIDTH="16" VPOS="976" HPOS="376"/>
							<String ID="string_205" HPOS="392" VPOS="973" WIDTH="64" HEIGHT="22" WC="0.94" CONTENT="dessa"/><SP WIDTH="15" VPOS="973" HPOS="456"/>
							<String ID="string_206" HPOS="471" VPOS="974" WIDTH="48" HEIGHT="21" WC="0.96" CONTENT="haft"/><SP WIDTH="16" VPOS="974" HPOS="519"/>
							<String ID="string_207" HPOS="535" VPOS="974" WIDTH="23" HEIGHT="21" WC="0.96" CONTENT="af"/><SP WIDTH="16" VPOS="974" HPOS="558"/>
							<String ID="string_208" HPOS="574" VPOS="973" WIDTH="166" HEIGHT="30" WC="0.93" CONTENT="ifrågavarande"/><SP WIDTH="15" VPOS="973" HPOS="740"/>
							<String ID="string_209" HPOS="755" VPOS="973" WIDTH="102" HEIGHT="21" WC="0.91" CONTENT="lånefond"/><SP WIDTH="16" VPOS="973" HPOS="857"/>
							<String ID="string_210" HPOS="873" VPOS="981" WIDTH="49" HEIGHT="21" WC="0.91" CONTENT="syn-"/>
						</TextLine>
						<TextLine ID="line_24" HPOS="167" VPOS="1008" WIDTH="754" HEIGHT="30">
							<String ID="string_211" HPOS="167" VPOS="1008" WIDTH="97" HEIGHT="28" WC="0.91" CONTENT="nerligen"/><SP WIDTH="15" VPOS="1008" HPOS="264"/>
							<String ID="string_212" HPOS="279" VPOS="1011" WIDTH="51" HEIGHT="19" WC="0.95" CONTENT="stor."/><SP WIDTH="30" VPOS="1011" HPOS="330"/>
							<String ID="string_213" HPOS="360" VPOS="1009" WIDTH="76" HEIGHT="29" WC="0.93" CONTENT="Enligt"/><SP WIDTH="12" VPOS="1009" HPOS="436"/>
							<String ID="string_214" HPOS="448" VPOS="1012" WIDTH="84" HEIGHT="19" WC="0.93" CONTENT="senaste"/><SP WIDTH="11" VPOS="1012" HPOS="532"/>
							<String ID="string_215" HPOS="543" VPOS="1010" WIDTH="115" HEIGHT="27" WC="0.92" CONTENT="landtdags"/><SP WIDTH="12" VPOS="1010" HPOS="658"/>
							<String ID="string_216" HPOS="670" VPOS="1009" WIDTH="183" HEIGHT="21" WC="0.92" CONTENT="ekonomiutskott"/><SP WIDTH="10" VPOS="1009" HPOS="853"/>
							<String ID="string_217" HPOS="863" VPOS="1009" WIDTH="58" HEIGHT="21" WC="0.91" CONTENT="med-"/>
						</TextLine>
						<TextLine ID="line_25" HPOS="166" VPOS="1043" WIDTH="755" HEIGHT="31">
							<String ID="string_218" HPOS="166" VPOS="1043" WIDTH="78" HEIGHT="22" WC="0.96" CONTENT="delade"/><SP WIDTH="16" VPOS="1043" HPOS="244"/>
							<String ID="string_219" HPOS="260" VPOS="1044" WIDTH="110" HEIGHT="29" WC="0.96" CONTENT="uppgifter"/><SP WIDTH="16" VPOS="1044" HPOS="370"/>
							<String ID="string_220" HPOS="386" VPOS="1045" WIDTH="55" HEIGHT="22" WC="0.96" CONTENT="hade"/><SP WIDTH="17" VPOS="1045" HPOS="441"/>
							<String ID="string_221" HPOS="458" VPOS="1053" WIDTH="25" HEIGHT="14" WC="0.92" CONTENT="ur"/><SP WIDTH="16" VPOS="1053" HPOS="483"/>
							<String ID="string_222" HPOS="499" VPOS="1045" WIDTH="246" HEIGHT="29" WC="0.91" CONTENT="krigsmanshusfonden"/><SP WIDTH="16" VPOS="1045" HPOS="745"/>
							<String ID="string_223" HPOS="761" VPOS="1044" WIDTH="99" HEIGHT="29" WC="0.91" CONTENT="utgifvits"/><SP WIDTH="11" VPOS="1044" HPOS="860"/>
							<String ID="string_224" HPOS="871" VPOS="1052" WIDTH="50" HEIGHT="21" WC="0.92" CONTENT="gan-"/>
						</TextLine>
						<TextLine ID="line_26" HPOS="166" VPOS="1079" WIDTH="755" HEIGHT="30">
							<String ID="string_225" HPOS="166" VPOS="1079" WIDTH="40" HEIGHT="22" WC="0.95" CONTENT="ska"/><SP WIDTH="14" VPOS="1079" HPOS="206"/>
							<String ID="string_226" HPOS="220" VPOS="1079" WIDTH="24" HEIGHT="22" WC="0.93" CONTENT="få"/><SP WIDTH="14" VPOS="1079" HPOS="244"/>
							<String ID="string_227" HPOS="258" VPOS="1081" WIDTH="147" HEIGHT="21" WC="0.91" CONTENT="2000—3000"/><SP WIDTH="11" VPOS="1081" HPOS="405"/>
							<String ID="string_228" HPOS="416" VPOS="1081" WIDTH="72" HEIGHT="21" WC="0.96" CONTENT="marks"/><SP WIDTH="11" VPOS="1081" HPOS="488"/>
							<String ID="string_229" HPOS="499" VPOS="1081" WIDTH="41" HEIGHT="25" WC="0.96" CONTENT="lån,"/><SP WIDTH="14" VPOS="1081" HPOS="540"/>
							<String ID="string_230" HPOS="554" VPOS="1081" WIDTH="108" HEIGHT="28" WC="0.96" CONTENT="nämligen"/><SP WIDTH="14" VPOS="1081" HPOS="662"/>
							<String ID="string_231" HPOS="676" VPOS="1080" WIDTH="76" HEIGHT="22" WC="0.96" CONTENT="endast"/><SP WIDTH="11" VPOS="1080" HPOS="752"/>
							<String ID="string_232" HPOS="763" VPOS="1081" WIDTH="27" HEIGHT="20" WC="0.93" CONTENT="21"/><SP WIDTH="10" VPOS="1081" HPOS="790"/>
							<String ID="string_233" HPOS="800" VPOS="1080" WIDTH="27" HEIGHT="28" WC="0.39" CONTENT="?/o"/><SP WIDTH="14" VPOS="1080" HPOS="827"/>
							<String ID="string_234" HPOS="841" VPOS="1080" WIDTH="23" HEIGHT="21" WC="0.96" CONTENT="af"/><SP WIDTH="9" VPOS="1080" HPOS="864"/>
							<String ID="string_235" HPOS="873" VPOS="1079" WIDTH="48" HEIGHT="22" WC="0.96" CONTENT="hela"/>
						</TextLine>
						<TextLine ID="line_27" HPOS="165" VPOS="1115" WIDTH="213" HEIGHT="29">
							<String ID="string_236" HPOS="165" VPOS="1115" WIDTH="213" HEIGHT="29" WC="0.92" CONTENT="utläningssumman."/>
						</TextLine>
					</TextBlock>
					<TextBlock ID="block_3" HPOS="162" VPOS="1151" WIDTH="759" HEIGHT="280">
						<TextLine ID="line_28" HPOS="237" VPOS="1151" WIDTH="684" HEIGHT="28">
							<String ID="string_237" HPOS="237" VPOS="1151" WIDTH="69" HEIGHT="22" WC="0.95" CONTENT="Hvad"/><SP WIDTH="20" VPOS="1151" HPOS="306"/>
							<String ID="string_238" HPOS="326" VPOS="1151" WIDTH="46" HEIGHT="22" WC="0.96" CONTENT="åter"/><SP WIDTH="20" VPOS="1151" HPOS="372"/>
							<String ID="string_239" HPOS="392" VPOS="1151" WIDTH="106" HEIGHT="23" WC="0.96" CONTENT="beträffar"/><SP WIDTH="21" VPOS="1151" HPOS="498"/>
							<String ID="string_240" HPOS="519" VPOS="1152" WIDTH="27" HEIGHT="21" WC="0.96" CONTENT="de"/><SP WIDTH="22" VPOS="1152" HPOS="546"/>
							<String ID="string_241" HPOS="568" VPOS="1152" WIDTH="41" HEIGHT="27" WC="0.93" CONTENT="län,"/><SP WIDTH="20" VPOS="1152" HPOS="609"/>
							<String ID="string_242" HPOS="629" VPOS="1152" WIDTH="75" HEIGHT="22" WC="0.96" CONTENT="hvilka"/><SP WIDTH="20" VPOS="1152" HPOS="704"/>
							<String ID="string_243" HPOS="724" VPOS="1151" WIDTH="23" HEIGHT="22" WC="0.92" CONTENT="af"/><SP WIDTH="20" VPOS="1151" HPOS="747"/>
							<String ID="string_244" HPOS="767" VPOS="1151" WIDTH="154" HEIGHT="22" WC="0.96" CONTENT="statskontoret"/>
						</TextLine>
						<TextLine ID="line_29" HPOS="165" VPOS="1186" WIDTH="755" HEIGHT="30">
							<String ID="string_245" HPOS="165" VPOS="1186" WIDTH="85" HEIGHT="23" WC="0.93" CONTENT="direkte"/><SP WIDTH="16" VPOS="1186" HPOS="250"/>
							<String ID="string_246" HPOS="266" VPOS="1187" WIDTH="100" HEIGHT="29" WC="0.92" CONTENT="utgifvits"/><SP WIDTH="24" VPOS="1187" HPOS="366"/>
							<String ID="string_247" HPOS="390" VPOS="1187" WIDTH="22" HEIGHT="22" WC="0.96" CONTENT="åt"/><SP WIDTH="21" VPOS="1187" HPOS="412"/>
							<String ID="string_248" HPOS="433" VPOS="1187" WIDTH="98" HEIGHT="22" WC="0.96" CONTENT="enskilde"/><SP WIDTH="21" VPOS="1187" HPOS="531"/>
							<String ID="string_249" HPOS="552" VPOS="1195" WIDTH="26" HEIGHT="14" WC="0.93" CONTENT="ur"/><SP WIDTH="22" VPOS="1195" HPOS="578"/>
							<String ID="string_250" HPOS="600" VPOS="1187" WIDTH="143" HEIGHT="22" WC="0.92" CONTENT="statsvärkets"/><SP WIDTH="16" VPOS="1187" HPOS="743"/>
							<String ID="string_251" HPOS="759" VPOS="1186" WIDTH="161" HEIGHT="29" WC="0.92" CONTENT="utläningsfond"/>
						</TextLine>
						<TextLine ID="line_30" HPOS="164" VPOS="1222" WIDTH="756" HEIGHT="30">
							<String ID="string_252" HPOS="164" VPOS="1222" WIDTH="42" HEIGHT="22" WC="0.92" CONTENT="och"/><SP WIDTH="14" VPOS="1222" HPOS="206"/>
							<String ID="string_253" HPOS="220" VPOS="1223" WIDTH="86" HEIGHT="22" WC="0.96" CONTENT="hvilkas"/><SP WIDTH="21" VPOS="1223" HPOS="306"/>
							<String ID="string_254" HPOS="327" VPOS="1223" WIDTH="70" HEIGHT="29" WC="0.96" CONTENT="lägsta"/><SP WIDTH="19" VPOS="1223" HPOS="397"/>
							<String ID="string_255" HPOS="416" VPOS="1223" WIDTH="80" HEIGHT="29" WC="0.96" CONTENT="belopp"/><SP WIDTH="22" VPOS="1223" HPOS="496"/>
							<String ID="string_256" HPOS="518" VPOS="1225" WIDTH="63" HEIGHT="27" WC="0.96" CONTENT="utgör"/><SP WIDTH="21" VPOS="1225" HPOS="581"/>
							<String ID="string_257" HPOS="602" VPOS="1225" WIDTH="58" HEIGHT="20" WC="0.96" CONTENT="3000"/><SP WIDTH="16" VPOS="1225" HPOS="660"/>
							<String ID="string_258" HPOS="676" VPOS="1223" WIDTH="67" HEIGHT="26" WC="0.96" CONTENT="mark,"/><SP WIDTH="15" VPOS="1223" HPOS="743"/>
							<String ID="string_259" HPOS="758" VPOS="1225" WIDTH="25" HEIGHT="19" WC="0.96" CONTENT="är"/><SP WIDTH="14" VPOS="1225" HPOS="783"/>
							<String ID="string_260" HPOS="797" VPOS="1222" WIDTH="66" HEIGHT="22" WC="0.96" CONTENT="redan"/><SP WIDTH="15" VPOS="1222" HPOS="863"/>
							<String ID="string_261" HPOS="878" VPOS="1222" WIDTH="42" HEIGHT="21" WC="0.97" CONTENT="den"/>
						</TextLine>
						<TextLine ID="line_31" HPOS="164" VPOS="1257" WIDTH="757" HEIGHT="30">
							<String ID="string_262" HPOS="164" VPOS="1257" WIDTH="142" HEIGHT="30" WC="0.92" CONTENT="bestämning,"/><SP WIDTH="21" VPOS="1257" HPOS="306"/>
							<String ID="string_263" HPOS="327" VPOS="1261" WIDTH="32" HEIGHT="20" WC="0.93" CONTENT="att"/><SP WIDTH="20" VPOS="1261" HPOS="359"/>
							<String ID="string_264" HPOS="379" VPOS="1259" WIDTH="63" HEIGHT="22" WC="0.92" CONTENT="länen"/><SP WIDTH="16" VPOS="1259" HPOS="442"/>
							<String ID="string_265" HPOS="458" VPOS="1259" WIDTH="53" HEIGHT="22" WC="0.92" CONTENT="böra"/><SP WIDTH="23" VPOS="1259" HPOS="511"/>
							<String ID="string_266" HPOS="534" VPOS="1259" WIDTH="109" HEIGHT="22" WC="0.96" CONTENT="användas"/><SP WIDTH="21" VPOS="1259" HPOS="643"/>
							<String ID="string_267" HPOS="664" VPOS="1259" WIDTH="34" HEIGHT="21" WC="0.96" CONTENT="till"/><SP WIDTH="14" VPOS="1259" HPOS="698"/>
							<String ID="string_268" HPOS="712" VPOS="1261" WIDTH="107" HEIGHT="26" WC="0.93" CONTENT="noggrant"/><SP WIDTH="14" VPOS="1261" HPOS="819"/>
							<String ID="string_269" HPOS="833" VPOS="1258" WIDTH="88" HEIGHT="29" WC="0.92" CONTENT="angifna"/>
						</TextLine>
						<TextLine ID="line_32" HPOS="164" VPOS="1293" WIDTH="757" HEIGHT="30">
							<String ID="string_270" HPOS="164" VPOS="1293" WIDTH="41" HEIGHT="22" WC="0.94" CONTENT="och"/><SP WIDTH="16" VPOS="1293" HPOS="205"/>
							<String ID="string_271" HPOS="221" VPOS="1294" WIDTH="23" HEIGHT="21" WC="0.93" CONTENT="af"/><SP WIDTH="16" VPOS="1294" HPOS="244"/>
							<String ID="string_272" HPOS="260" VPOS="1295" WIDTH="151" HEIGHT="28" WC="0.92" CONTENT="läneagronom"/><SP WIDTH="15" VPOS="1295" HPOS="411"/>
							<String ID="string_273" HPOS="426" VPOS="1295" WIDTH="116" HEIGHT="28" WC="0.93" CONTENT="godkända"/><SP WIDTH="16" VPOS="1295" HPOS="542"/>
							<String ID="string_274" HPOS="558" VPOS="1294" WIDTH="190" HEIGHT="29" WC="0.92" CONTENT="odlingsändamäl,"/><SP WIDTH="17" VPOS="1294" HPOS="748"/>
							<String ID="string_275" HPOS="765" VPOS="1293" WIDTH="68" HEIGHT="30" WC="0.93" CONTENT="egnad"/><SP WIDTH="11" VPOS="1293" HPOS="833"/>
							<String ID="string_276" HPOS="844" VPOS="1297" WIDTH="33" HEIGHT="18" WC="0.92" CONTENT="att"/><SP WIDTH="9" VPOS="1297" HPOS="877"/>
							<String ID="string_277" HPOS="886" VPOS="1294" WIDTH="35" HEIGHT="21" WC="0.96" CONTENT="för"/>
						</TextLine>
						<TextLine ID="line_33" HPOS="163" VPOS="1329" WIDTH="757" HEIGHT="30">
							<String ID="string_278" HPOS="163" VPOS="1329" WIDTH="28" HEIGHT="22" WC="0.93" CONTENT="de"/><SP WIDTH="16" VPOS="1329" HPOS="191"/>
							<String ID="string_279" HPOS="207" VPOS="1329" WIDTH="47" HEIGHT="22" WC="0.92" CONTENT="små"/><SP WIDTH="14" VPOS="1329" HPOS="254"/>
							<String ID="string_280" HPOS="268" VPOS="1330" WIDTH="140" HEIGHT="29" WC="0.93" CONTENT="jordägarene"/><SP WIDTH="16" VPOS="1330" HPOS="408"/>
							<String ID="string_281" HPOS="424" VPOS="1331" WIDTH="140" HEIGHT="28" WC="0.93" CONTENT="omöjliggöra"/><SP WIDTH="16" VPOS="1331" HPOS="564"/>
							<String ID="string_282" HPOS="580" VPOS="1330" WIDTH="134" HEIGHT="22" WC="0.92" CONTENT="erhällandet"/><SP WIDTH="15" VPOS="1330" HPOS="714"/>
							<String ID="string_283" HPOS="729" VPOS="1330" WIDTH="23" HEIGHT="21" WC="0.93" CONTENT="af"/><SP WIDTH="15" VPOS="1330" HPOS="752"/>
							<String ID="string_284" HPOS="767" VPOS="1330" WIDTH="114" HEIGHT="26" WC="0.95" CONTENT="desamma,"/><SP WIDTH="11" VPOS="1330" HPOS="881"/>
							<String ID="string_285" HPOS="892" VPOS="1329" WIDTH="28" HEIGHT="22" WC="0.97" CONTENT="dä"/>
						</TextLine>
						<TextLine ID="line_34" HPOS="162" VPOS="1365" WIDTH="757" HEIGHT="30">
							<String ID="string_286" HPOS="162" VPOS="1365" WIDTH="24" HEIGHT="28" WC="0.93" CONTENT="ju"/><SP WIDTH="15" VPOS="1365" HPOS="186"/>
							<String ID="string_287" HPOS="201" VPOS="1365" WIDTH="65" HEIGHT="22" WC="0.93" CONTENT="dessa"/><SP WIDTH="19" VPOS="1365" HPOS="266"/>
							<String ID="string_288" HPOS="285" VPOS="1366" WIDTH="112" HEIGHT="29" WC="0.92" CONTENT="jordägare"/><SP WIDTH="20" VPOS="1366" HPOS="397"/>
							<String ID="string_289" HPOS="417" VPOS="1367" WIDTH="49" HEIGHT="21" WC="0.92" CONTENT="icke"/><SP WIDTH="16" VPOS="1367" HPOS="466"/>
							<String ID="string_290" HPOS="482" VPOS="1367" WIDTH="74" HEIGHT="20" WC="0.93" CONTENT="kunna"/><SP WIDTH="15" VPOS="1367" HPOS="556"/>
							<String ID="string_291" HPOS="571" VPOS="1366" WIDTH="68" HEIGHT="21" WC="0.93" CONTENT="inläta"/><SP WIDTH="15" VPOS="1366" HPOS="639"/>
							<String ID="string_292" HPOS="654" VPOS="1367" WIDTH="34" HEIGHT="28" WC="0.97" CONTENT="sig"/><SP WIDTH="15" VPOS="1367" HPOS="688"/>
							<String ID="string_293" HPOS="703" VPOS="1366" WIDTH="28" HEIGHT="29" WC="0.95" CONTENT="pä"/><SP WIDTH="16" VPOS="1366" HPOS="731"/>
							<String ID="string_294" HPOS="747" VPOS="1365" WIDTH="24" HEIGHT="22" WC="0.93" CONTENT="sä"/><SP WIDTH="16" VPOS="1365" HPOS="771"/>
							<String ID="string_295" HPOS="787" VPOS="1365" WIDTH="132" HEIGHT="22" WC="0.90" CONTENT="omfattande"/>
						</TextLine>
						<TextLine ID="line_35" HPOS="163" VPOS="1400" WIDTH="568" HEIGHT="31">
							<String ID="string_296" HPOS="163" VPOS="1400" WIDTH="177" HEIGHT="31" WC="0.92" CONTENT="odlingsföretag,"/><SP WIDTH="16" VPOS="1400" HPOS="340"/>
							<String ID="string_297" HPOS="356" VPOS="1409" WIDTH="45" HEIGHT="14" WC="0.93" CONTENT="som"/><SP WIDTH="16" VPOS="1409" HPOS="401"/>
							<String ID="string_298" HPOS="417" VPOS="1402" WIDTH="165" HEIGHT="29" WC="0.88" CONTENT="bestämningen"/><SP WIDTH="15" VPOS="1402" HPOS="582"/>
							<String ID="string_299" HPOS="597" VPOS="1402" WIDTH="134" HEIGHT="21" WC="0.96" CONTENT="förutsätter."/>
						</TextLine>
					</TextBlock>
					<TextBlock ID="block_4" HPOS="235" VPOS="1443" WIDTH="395" HEIGHT="20">
						<TextLine ID="line_36" HPOS="235" VPOS="1443" WIDTH="395" HEIGHT="20">
							<String ID="string_300" HPOS="235" VPOS="1443" WIDTH="182" HEIGHT="19" WC="0.82" CONTENT="Ekonomiutskottets"/><SP WIDTH="13" VPOS="1443" HPOS="417"/>
							<String ID="string_301" HPOS="430" VPOS="1444" WIDTH="110" HEIGHT="18" WC="0.96" CONTENT="betänkande"/><SP WIDTH="13" VPOS="1444" HPOS="540"/>
							<String ID="string_302" HPOS="553" VPOS="1444" WIDTH="33" HEIGHT="18" WC="0.96" CONTENT="N:o"/><SP WIDTH="14" VPOS="1444" HPOS="586"/>
							<String ID="string_303" HPOS="600" VPOS="1445" WIDTH="30" HEIGHT="18" WC="0.96" CONTENT="23."/>
						</TextLine>
					</TextBlock>
				</ComposedBlock>
			</PrintSpace>
		</Page>
	</Layout>
</alto>
