1034 1656
387 94 210 23 Petitionsmemorial.

114 153 115 37 Borgarest.
789 158 33 22 N:o
838 157 33 22 68.

287 331 46 20 Till
348 331 122 24 vällofliga
485 331 209 25 Borgareståndet.

183 389 43 20 Den
245 389 52 20 inom
312 384 43 25 Åbo
371 389 36 20 och
422 390 133 24 Björneborgs
571 390 32 19 län
619 389 98 20 inrättade
733 389 56 24 enda,
806 389 66 24 Käyrä

114 419 114 23 benämnda,
244 417 207 26 uppfostringsanstalt
466 418 32 20 för
512 419 125 19 vanvårdade
652 419 38 19 och
704 418 101 24 vanartiga
815 417 55 24 barn,

114 448 75 23 knappt
207 447 106 24 tillräcklig
331 447 32 20 för
377 447 63 20 länets
456 448 59 19 södra
530 447 57 25 hälft,
604 448 35 19 der
654 447 112 20 densamma
781 449 22 17 är
818 447 53 19 belä-

115 483 42 18 gen,
178 477 38 18 kan
232 477 17 23 ej
265 476 7 19 i
287 476 106 19 nämnvärd
408 482 45 13 mon
468 476 103 19 utsträcka
587 477 30 18 sin
632 476 103 25 gagneliga
750 475 122 20 verksamhet

115 505 30 19 till
167 505 62 19 länets
251 505 90 24 nordliga
356 505 31 19 del
402 505 118 24 landskapet
535 505 115 24 Satakunta,
667 506 35 18 der
717 505 65 24 likväl,
799 506 72 23 tyvärr,

116 533 61 20 finnes
193 536 28 17 ett
236 533 45 20 vida
296 536 73 21 vägnar
385 533 143 24 öfvervägande
545 534 53 19 antal
614 533 21 20 af
650 534 57 19 dessa
718 533 96 24 olyckliga
825 533 47 24 små,

114 563 72 23 hvilka,
203 563 40 18 dels
258 563 6 18 i
280 562 49 24 följd
345 562 22 20 af
380 563 100 24 kroppslig
496 563 86 19 vanvård
596 563 62 19 under
671 563 29 19 sin
711 563 92 24 tidigaste
814 562 58 19 barn-

115 592 50 23 dom,
189 591 40 19 dels
252 591 6 19 i
281 591 75 20 saknad
380 591 21 19 af
422 592 63 23 sedlig
504 591 126 24 omvårdnad,
645 592 61 19 redan
722 591 6 19 i
744 592 29 18 sin
789 591 83 24 ungdom

115 621 63 18 såsom
200 620 111 19 samhällets
334 620 98 24 parasiter
453 621 72 19 hamna
548 621 6 18 i
578 621 88 24 sjukhus,
690 620 131 24 fattiggårdar
836 619 36 20 och

115 650 103 23 fängelser,
241 648 82 20 såframt
341 650 18 23 ej
375 656 23 12 en
414 650 101 19 räddande
531 650 52 19 hand
599 650 6 18 i
621 650 28 18 tid
664 650 70 19 räckes
750 650 49 23 dem,
816 649 55 19 hvar-

115 678 41 20 före
173 678 30 19 för
219 678 108 19 Satakunta
342 678 156 24 oundgängligen
514 678 101 20 erfordras
630 685 24 13 en
669 678 84 20 särskild
770 678 102 19 enahanda

115 707 78 23 anstalt,
215 707 64 19 tillika
301 706 81 20 försedd
401 707 44 19 med
466 714 23 12 en
505 707 100 24 afdelning
621 706 31 20 för
667 707 110 24 kroppsligt
792 706 80 20 vanvår-

116 736 49 18 dade
180 736 55 24 barn,
252 736 23 18 de
287 736 34 18 der
332 741 68 19 genom
411 736 155 24 ändamålsenlig
575 736 120 24 behandling
704 736 92 24 möjligen
806 736 66 18 kunna

115 764 116 20 återställas.
265 764 31 19 Dä
317 764 93 20 behofvet
431 764 59 20 häraf
512 767 89 22 nogsamt
624 765 38 19 kan
684 764 22 20 af
727 764 145 20 vederbörande

114 793 229 24 Fattigvårdsinspektor
357 793 103 24 besannas,
476 800 44 12 men
536 793 31 19 för
583 793 60 25 öfrigt
653 794 31 19 väl
695 793 57 20 äfven
762 793 52 19 inses
825 795 47 17 utan

115 824 94 22 närmare,
230 822 123 24 upprörande
369 822 119 24 skildringar
504 828 31 13 om
550 822 46 24 nöd,
612 822 38 20 last
665 822 36 20 och
716 822 60 23 brott,
792 821 31 20 får
838 822 34 18 hos

114 850 165 24 Borgareståndet
296 851 34 23 jag
345 850 99 20 vördsamt
459 850 80 21 anhålla
554 856 30 14 om
601 851 118 20 medvärkan
734 851 30 19 till
780 856 24 14 en
819 852 53 18 stän-

116 879 116 24 derpetition
247 879 6 19 i
269 879 33 19 det
317 878 57 26 syfte,

320 938 29 17 att
363 936 51 19 inom
430 936 114 25 landskapet
559 936 107 20 Satakunta
680 937 8 19 i
702 938 98 18 närmaste
812 936 60 24 fram-

252 965 27 19 tid
301 971 22 13 en
341 965 206 25 uppfostringsanstalt
561 965 33 24 för
608 966 102 24 vanartiga
725 967 51 18 samt
792 965 80 25 kropps-

252 994 35 24 ligt
309 993 33 19 och
364 994 90 24 andligen
475 994 123 20 vanvårdade
621 995 46 19 barn
688 994 70 20 varder
779 994 92 20 inrättad.

183 1050 128 25 Helsingfors,
328 1051 36 19 den
381 1051 11 19 8
408 1051 97 20 Februari
524 1052 60 19 1897.

684 1108 20 20 T.
722 1108 18 21 L.
758 1108 45 22 Eck.

225 1407 101 15 Helsingfors,
335 1407 81 15 Vidnings-
426 1407 12 12 &
448 1407 184 15 'Fryckeriaktiebolagets
643 1407 70 16 tryckeri,
724 1408 38 11 1897.
