1031 1656
184 122 12 19 2
352 118 256 24 Petitionsbetänkande
624 117 38 25 N:o
678 119 34 23 63.

151 186 65 28 penni
224 192 39 22 per
271 188 61 19 stam.
348 185 50 22 Och
406 185 56 22 dock
474 185 87 29 erbjuda
573 185 71 22 Saima
650 188 88 20 vattnen
744 185 106 22 utmärkta
858 186 48 21 flöt-

152 222 128 28 ningsleder.
297 222 8 21 I
318 221 70 29 någon
402 221 48 22 män
463 221 43 22 kan
518 222 35 22 väl
561 221 67 23 ofvan
635 221 126 22 frambällna
769 220 137 30 prisskillnad

151 257 126 22 förorsakas
293 257 67 26 deraf,
372 260 33 19 att
416 258 72 21 timret
498 257 63 29 kring
573 258 71 21 Saima
655 257 127 29 vattendrag
792 257 48 23 icke
851 259 23 20 är
884 257 23 22 af

152 300 80 15 samma
240 293 56 29 goda
305 293 152 22 beskaffenhet
465 301 45 14 som
520 294 6 20 i
535 294 107 22 mellersta
650 293 98 28 Finland,
755 301 49 15 men
812 293 94 23 hufvud-

152 329 90 22 orsaken
270 331 23 20 är
316 329 56 22 dock
396 329 48 26 den,
467 332 31 19 att
521 331 51 20 enär
596 329 139 29 flötningsled
762 330 48 21 från
836 329 70 22 Saima

152 368 88 20 vattnen
264 366 34 21 till
317 366 88 28 saltsjön
424 365 85 27 saknas,
524 366 96 28 försågas
639 367 79 21 största
738 366 62 22 delen
820 365 24 22 af
858 366 49 21 tim-

151 404 33 19 ret
205 401 48 22 från
274 401 180 22 Saimatrakterna
478 401 36 23 vid
539 401 61 29 sågar
624 401 90 29 belägna
737 402 49 22 inne
806 402 7 21 i
828 402 78 26 landet,

153 437 77 22 medan
254 438 72 21 timret
348 437 48 22 från
417 437 69 28 öfriga
502 437 85 23 trakter
606 438 7 21 i
632 438 72 22 landet
719 438 188 29 hufvudsakligast

153 473 96 29 försågas
269 473 62 22 invid
347 473 87 29 lämplig
450 473 221 29 utskeppningshamn
687 474 37 22 vid
740 474 80 27 hafvet,
836 474 70 23 hvari-

152 509 48 21 från
232 509 184 29 sågprodukterna
450 510 72 21 kunna
554 512 123 26 exporteras
708 510 72 22 direkt
810 510 32 22 till
872 512 34 20 ut-

151 545 79 22 landet.
258 545 234 29 Sägtillverkningarna
508 546 48 22 från
572 546 90 28 sägarne
679 546 36 22 vid
732 546 85 22 Saimen
833 546 73 27 måste,

152 582 71 21 förrän
245 581 28 22 de
295 582 73 21 kunna
391 582 65 22 lastas
480 582 21 21 in
520 582 28 28 på
568 582 32 22 till
616 582 98 22 utlandet
729 582 82 29 gående
830 582 77 29 fartyg,

152 620 156 26 transporteras
332 625 77 21 genom
434 618 71 22 Saima
521 618 63 22 kanal
604 618 41 22 och
663 619 100 21 omlastas
784 619 7 21 i
811 618 96 29 Wiborg,

153 653 84 22 hvilket
260 653 107 29 betydligt
387 654 95 28 förhöjer
501 654 144 22 kostnaderna
668 654 34 22 för
724 654 63 22 dessa
811 654 95 23 tillverk-

152 690 80 28 ningar.
265 689 13 21 I
300 689 54 29 följd
376 690 61 21 häraf
459 690 59 22 lönar
536 690 38 22 det
592 691 32 28 sig
644 691 8 20 i
672 690 114 22 allmävhet
804 690 48 22 icke
872 690 34 22 för

153 725 72 22 Saima
246 725 90 28 sägarne
354 728 32 19 att
401 728 113 27 exportera
536 726 146 29 biprodukter,
698 733 44 15 som
767 726 79 29 uppstä
868 726 37 22 vid

154 761 160 29 försägningen,
329 762 70 21 säsom
416 762 75 28 plank-
506 762 41 22 och
563 762 125 26 brädändar,
704 762 43 22 stäf
762 770 27 14 m.
804 770 27 14 m.
860 762 46 22 Un-

152 797 38 22 der
206 797 24 22 år
247 798 57 21 1895
321 798 95 28 uppgick
427 801 103 26 exporten
541 798 23 21 af
577 798 97 29 plankor,
684 798 84 22 battens
781 798 41 22 och
830 798 76 22 bräder

152 833 62 22 öfver
229 833 92 29 Wiborg
336 834 32 21 till
386 834 92 27 261,432
495 834 37 27 m?,
549 834 40 22 och
605 834 63 22 öfver
683 834 73 22 Kotka
768 834 31 22 till
812 835 92 27 306,186

152 868 37 22 m?.
220 869 113 22 Utförseln
356 870 24 21 af
405 870 75 28 plank-
504 870 41 22 och
568 870 120 22 brädändar
711 872 55 19 samt
789 870 43 22 stäf
851 878 55 21 upp-

152 904 50 28 gick
228 912 81 14 samma
335 905 23 21 år
374 905 62 23 öfver
460 906 91 27 Wiborg
573 905 75 22 endast
664 906 32 21 till
714 906 76 26 16,047
808 905 37 22 m?.
861 913 45 15 me-

151 940 43 22 dan
221 940 111 29 samtidigt
358 941 62 23 öfver
444 941 75 22 Kotka
543 941 151 29 exporterades
719 942 77 27 81,196
822 941 36 22 mi
883 942 23 21 af

151 983 81 15 samma
253 984 57 15 vara.
341 977 93 22 Affallet
458 978 36 22 vid
514 977 27 22 de
560 978 46 21 inre
626 978 88 28 sägarne
736 978 8 20 i
765 978 72 22 landet
852 986 52 21 upp-

152 1011 92 22 brännes
265 1012 85 22 derföre
372 1013 31 21 till
424 1013 96 28 ansenlig
542 1013 35 21 del
597 1013 37 22 vid
654 1013 78 28 själfva
748 1013 71 28 sägen,
834 1013 71 23 hvari-

152 1055 76 20 genom
250 1047 73 23 landet
343 1048 128 29 tillskyndas
492 1056 27 14 en
540 1049 48 22 icke
607 1049 60 29 ringa
683 1049 221 22 nationalekonomisk

152 1083 84 22 förlust.
268 1083 56 22 Hela
339 1084 84 22 landets
440 1087 76 26 export
532 1085 23 22 af
570 1085 75 28 plank-
662 1085 40 22 och
718 1085 119 22 brädändar
850 1087 56 20 samt

151 1119 44 21 stäf
216 1119 96 29 uppgick
335 1120 24 21 är
381 1121 56 21 1895
458 1121 31 21 till
508 1123 31 19 ett
556 1121 78 29 belopp
650 1121 23 21 af
690 1122 92 25 196,512
799 1121 36 21 m?.
851 1123 54 20 mot-

151 1155 107 21 svarande
274 1157 30 20 ett
320 1155 66 22 värde
402 1156 23 21 af
442 1157 114 26 2,527,556
574 1157 64 21 mark.

223 1190 93 23 Hvilket
336 1191 147 29 berättigande
502 1192 39 21 bör
564 1192 70 29 gifvas
656 1192 188 29 beskylloingarna
860 1195 45 19 mot

150 1225 209 30 sägverkesegarene
386 1227 64 29 kring
472 1228 166 29 Saimavattnen,
659 1228 135 22 beträffande
813 1228 92 29 oskäligt

150 1261 174 29 nedtryckaande
340 1263 24 21 af
380 1263 164 29 stockpriserna,
560 1266 24 19 är
604 1264 106 22 utskottet
729 1264 48 22 icke
794 1265 8 20 i
821 1264 83 22 tillfälle

151 1300 32 19 att
199 1298 119 27 bedömma,
334 1299 56 22 dock
407 1307 63 21 synes
486 1299 23 22 af
524 1299 28 22 de
568 1300 76 21 talrika
659 1300 45 27 fall,
719 1307 46 15 som
776 1301 129 27 omnämnas,

151 1335 32 20 att
198 1334 106 29 allmogen
320 1335 7 21 i
343 1336 58 21 östra
416 1335 92 22 Finland
519 1336 7 21 i
539 1336 65 28 högre
615 1336 52 28 grad
678 1337 27 20 än
716 1337 6 20 i
733 1336 69 29 öfriga
812 1336 60 22 delar
882 1336 23 21 af

150 1369 73 22 landet
240 1370 77 22 saknar
334 1371 121 22 kännedom
471 1379 34 14 om
517 1371 75 23 värdet
603 1372 23 21 af
638 1373 33 21 sin
686 1372 59 29 skog.
771 1372 39 22 Ett
820 1372 84 22 faktum

151 1406 23 20 är
196 1406 72 27 äfven,
290 1409 31 19 att
340 1406 27 22 de
382 1407 64 22 öfver
460 1407 92 28 Wiborg
567 1407 136 30 utskeppade
718 1407 186 32 sägtillverkning-

223 1447 211 20 Ekonomiutskottets
449 1449 125 18 betänkande
587 1449 37 19 N:o
638 1451 30 17 28.
