1023 1653
369 153 196 29 Petitionsförslag.

95 215 107 37 Prestest.
770 218 38 23 N:o
825 218 21 22 5.

613 529 163 28 (Öfversättning).

241 588 53 21 Till
310 588 175 28 Högvördiga
501 588 209 21 Presteståndet!

167 648 91 21 Emedan
280 648 114 27 jordbruket
414 649 23 20 är
458 648 45 21 vårt
517 648 59 21 lands
592 648 143 27 modernäring,
750 648 36 20 bör
801 654 47 14 man

96 679 50 21 söka
166 678 108 21 motarbeta
296 678 40 21 alla
352 678 44 21 dess
411 677 116 28 utveckling
543 677 85 22 hotande
643 677 58 22 faror.
731 677 41 28 Jag
787 676 62 28 vågar

96 709 53 21 fästa
164 709 33 20 det
212 708 130 28 Högvördiga
361 708 156 21 Presteståndets
533 707 174 28 uppmärksamhet
723 707 26 28 på
765 714 25 14 en
806 707 42 24 sak,

96 745 43 15 som
154 739 7 20 i
176 738 82 21 främsta
273 741 82 18 rummet
370 739 31 20 rör
416 738 44 21 vårt
474 737 101 28 jordbruk,
591 745 46 13 men
649 745 42 14 som
701 737 96 28 därjämte
808 737 40 21 står

97 769 7 20 1
118 768 98 22 samband
231 768 45 21 med
291 768 74 27 vigtiga
380 768 66 27 frågor
462 768 21 21 af
499 767 125 28 samhällelig
639 770 35 19 art.

168 798 70 22 Under
246 798 25 21 de
280 797 132 22 sistförflutna
420 798 116 21 årtiondena
546 797 61 22 hafva
617 797 232 28 lägenhetsinnehafvare

96 828 70 21 försålt
186 829 43 20 sina
244 828 72 28 skogar
330 828 7 20 i
352 828 38 21 den
406 827 124 28 myckenhet,
546 831 29 18 att
589 835 47 14 man
651 835 70 20 genom
737 828 36 20 vår
788 834 62 20 repre-

95 859 98 21 sentation
210 858 45 21 sökt
270 859 26 26 på
310 859 62 26 något
386 859 40 20 sätt
441 857 98 28 begränsa
557 857 86 28 skogens
658 857 114 22 förödande.
803 857 47 20 'Trä-

96 888 134 28 varubolagen
253 888 61 22 hafva
337 888 63 21 likväl
415 887 43 22 icke
477 888 52 21 blott
544 888 70 27 inköpt
629 887 80 28 skogen,
725 890 49 18 utan
789 887 61 21 redan

96 926 25 14 en
142 918 49 28 lång
213 918 29 21 tid
264 919 6 20 i
293 918 75 21 mindre
390 918 49 21 och
450 918 27 27 på
498 918 25 21 de
538 918 47 21 sista
604 918 75 21 tiderna
693 918 6 20 i
715 917 79 28 mycket
810 920 40 18 stor

96 948 74 28 mängd
192 948 115 21 tillhandlat
326 949 30 26 sig
370 948 46 21 hela
430 947 120 28 lägenheter,
566 947 31 22 för
611 951 30 18 att
655 947 82 28 utvidga
753 947 44 21 sina
812 947 37 20 trä-

96 978 128 22 varuaffärer.
250 977 158 28 Skogskulturen
418 978 12 20 &
446 978 77 21 sådana
533 977 112 28 lägenheter
660 977 35 21 har
707 976 31 21 till
751 977 39 20 den
800 976 49 27 grad

96 1008 66 21 blifvit
184 1007 123 25 hufvudsak,
322 1010 29 19 att
365 1007 115 28 jordbruket
496 1007 12 21 &
524 1007 44 21 dem
583 1007 84 21 lemmats
683 1010 29 18 att
727 1005 123 28 fullkomligt

96 1037 86 22 förfalla.
212 1037 174 28 Trävarubolagen
408 1037 62 22 hafva
492 1037 42 28 lagt
557 1037 62 21 under
640 1037 29 27 sig
687 1040 28 17 ett
730 1039 49 19 stort
796 1035 55 22 antal

96 1067 73 29 jomväl
184 1068 76 21 sådana
274 1067 118 28 lägenheter,
408 1067 12 21 &
436 1067 70 22 hvilka
521 1067 114 28 jordbruket
653 1067 52 21 förut
721 1067 50 21 varit
786 1066 27 28 pä
825 1073 25 14 en

96 1097 80 28 mycket
198 1097 108 22 utvecklad
325 1097 130 28 ståndpunkt.
486 1097 117 28 Stegringen
618 1097 6 20 i
639 1097 65 28 prisen
719 1097 27 27 pä
761 1097 89 21 trävaror

96 1128 36 21 har
154 1127 72 22 värkat
248 1127 82 25 därhän,
346 1130 28 19 att
390 1135 24 13 en
430 1127 36 21 allt
482 1128 62 21 större
560 1127 73 28 mängd
648 1126 156 28 jordlägenheter
819 1126 33 21 be-

96 1161 50 25 gynt
161 1158 81 27 öfvergä
253 1158 6 20 I
274 1157 68 28 dylika
352 1157 70 28 bolags
434 1164 42 21 ego.
503 1157 46 22 Och
560 1157 61 21 ehuru
631 1157 98 27 skogarne
741 1157 27 27 pä
777 1156 73 27 många

96 1187 74 22 trakter
193 1195 71 20 genom
279 1187 42 22 ofta
342 1187 103 28 upprepad
468 1187 118 28 försäljning
608 1187 66 22 blifvit
689 1187 49 26 små,
756 1186 36 21 har
808 1185 43 22 icke

96 1217 64 22 häller
182 1218 66 21 denna
268 1217 146 28 omständighet
428 1217 51 22 varit
494 1217 66 28 egnad
575 1220 28 18 att
618 1217 121 21 förekomma
755 1219 29 18 att
799 1215 50 28 jord-

96 1248 140 27 lägenheterna
251 1247 81 28 öfvergä
348 1247 30 21 till
393 1247 256 27 trävaruhandelsbolagen,
663 1250 22 24 ty
700 1247 25 20 de
735 1249 58 22 stora,
806 1245 43 21 rika

96 1277 86 29 bolagen
197 1277 95 28 uppköpa
307 1277 114 28 lägenheter
436 1277 30 21 för
482 1277 69 27 odling
567 1277 20 21 af
603 1277 50 28 skog
668 1276 29 21 till
713 1276 38 22 och
765 1275 45 22 med
820 1275 30 21 sä-

97 1308 59 24 dana,
171 1315 43 13 som
229 1307 34 22 vid
278 1307 60 27 köpet
353 1307 43 21 icke
411 1307 62 21 hafva
483 1308 68 26 någon
564 1307 112 27 stockskog.
706 1306 55 21 Hela
771 1305 81 27 byalag,

96 1338 26 27 ja,
137 1337 66 21 såsom
226 1337 33 21 det
273 1338 7 20 i
294 1344 25 14 en
340 1336 32 22 del
387 1336 73 22 trakter
479 1344 60 20 synes
558 1343 50 15 vara
628 1336 62 27 fallet,
705 1336 46 21 hela
766 1335 85 21 socknar

96 1367 71 28 tyckas
173 1367 47 28 löpa
228 1367 43 21 fara
277 1370 29 18 att
311 1367 80 21 komma
405 1366 76 28 Idylika
497 1366 232 28 trävaruhandelsbolags
741 1372 35 21 ego
787 1365 64 21 hvarl-

97 1404 72 20 genom
179 1397 21 21 af
210 1397 100 21 förfädren
318 1396 79 28 rödjade
410 1396 91 28 odlingar
515 1396 88 28 förbytas
615 1396 31 21 till
660 1396 61 28 djupa
731 1394 120 22 ödemarker.

98 1427 40 21 För
153 1426 109 28 belysande
276 1426 22 21 af
312 1426 54 21 detta
381 1425 180 26 missförhållande,
576 1426 34 21 ber
625 1426 32 27 jag
669 1429 28 18 att
707 1425 22 21 få
739 1424 112 28 framlägga

98 1457 62 27 några
182 1457 71 24 siffror,
273 1456 69 22 hvilka
357 1457 6 20 i
378 1455 128 22 omförmäldt
519 1456 92 21 afseende
621 1455 138 22 känneteckna
775 1454 73 22 förhål-

98 1486 86 21 landena
200 1487 6 20 i
221 1493 57 15 norra
293 1485 123 23 Tavastland
431 1485 38 22 och
485 1485 99 22 mellersta
599 1485 92 22 Finland.
