1009 1656
360 88 209 22 Petitionsmemorial.

85 147 94 36 Bondest.
757 151 34 22 N:o
809 151 32 21 12.

613 358 160 27 (Öfversättning.)

258 416 46 19 Till
320 416 153 19 Hedervärda
487 415 184 20 Bondeståndet.

155 473 68 20 Under
245 473 67 24 loppet
333 473 22 19 af
377 473 32 19 det
431 475 67 18 senast
521 473 93 20 förflutna
637 473 97 19 årtiondet
755 473 36 19 har
808 473 35 19 vår

86 501 179 24 landthushållning
287 502 105 24 undergått
414 508 23 13 en
453 504 41 17 stor
509 502 120 24 förändring.
660 502 182 19 Kreatursskötseln

86 531 37 19 och
138 531 195 24 smörproduktionen
349 531 59 19 hafva
423 531 54 19 trädt
492 531 5 18 i
508 531 115 24 jemnbredd
633 531 42 18 med
687 531 154 25 sädesodlingen,

86 559 74 20 ställvis
176 559 57 20 äfven
249 559 82 20 framom
347 560 116 19 densamma.
494 560 40 19 För
549 561 30 18 att
594 559 97 20 förbättra
699 560 143 19 kreaturssköt-

86 589 41 18 seln
150 588 59 19 hafva
224 587 59 20 åkrar
298 588 75 25 belagts
389 589 44 18 med
447 588 79 24 höväxt,
541 588 125 25 hvarigenom
680 588 161 24 spanmålsodlin-

86 623 37 18 gen
138 617 30 19 till
183 623 23 12 en
223 617 31 18 del
269 617 112 19 inskränkts
398 617 37 20 och
447 617 73 24 jemväl
535 617 62 19 under
612 617 28 24 år,
656 617 24 19 då
696 617 50 19 frost
761 617 43 19 icke
813 617 29 18 in-

86 645 76 24 träffat,
178 644 140 21 anskaffandet
333 645 22 20 af
369 646 92 19 utländsk
476 646 36 19 säd
527 646 52 19 varit
593 645 21 20 af
627 645 92 20 behofvet
733 645 108 25 påkalladt.

88 685 24 3 —
136 675 69 18 Denna
227 674 214 25 landthushållningens
463 675 171 24 brytningsperiod
657 675 79 23 utvisar,
759 676 29 17 att
811 674 33 19 det

86 703 62 19 finnes
171 703 68 19 alltför
253 703 44 19 litet
317 703 58 19 odlad
390 703 55 29 mark
460 703 31 19 till
507 703 86 24 fyllande
609 703 21 19 af
643 703 148 24 befolkningens
806 703 37 19 och

86 732 117 24 husdjurens
217 731 144 20 lefnadsbehof.
378 743 25 3 —
420 733 17 19 Å
448 729 135 23 Österbottens
594 732 121 20 vidsträckta
725 732 46 19 kärr
781 732 62 19 skulle

86 763 89 22 nogsamt
189 760 64 20 finnas
269 761 125 24 odlingsbara
408 761 84 24 marker,
508 767 44 13 men
567 761 24 19 de
607 763 33 17 äro
654 760 140 25 jemförelsevis
810 766 32 14 en-

86 790 44 19 dast
144 790 7 18 i
166 790 55 24 ringa
237 789 48 24 grad
300 790 119 19 bebrukade.

155 818 249 25 Jordbruksexpeditionen
419 819 7 18 i
441 818 112 25 Kejserliga
569 818 83 20 Senaten
667 818 32 20 för
714 818 84 19 Finland
808 818 36 19 har

85 853 38 18 nog
144 847 30 19 uti
193 846 104 20 skrifvelse
312 847 22 20 af
348 848 38 18 den
404 848 23 18 15
444 848 55 18 Mars
518 847 52 21 1889
586 846 159 25 tillkännagifvit,
760 848 29 18 att
804 848 39 22 sty-

84 876 65 19 relsen
164 876 108 19 tillsvidare
288 876 89 24 deltager
391 876 6 19 i
408 878 63 17 större
482 875 230 25 torrläggningsföretag;
727 882 44 12 men
782 875 62 19 under

86 904 46 20 åren
158 904 139 20 1892—1894
320 904 59 20 hafva
401 905 7 19 i
430 904 110 25 Uleåborgs
559 904 33 19 län
608 904 68 20 endast
691 906 70 18 tvänne
777 904 67 24 dylika

85 933 80 19 arbeten
189 933 110 19 verkstälts.
329 934 30 18 De
382 933 75 19 mindre
474 934 163 23 jordbrukarene,
653 939 40 13 som
709 938 68 19 genom
793 932 51 20 erfa-

84 962 93 19 renheten
201 964 50 22 veta,
275 964 29 17 att
322 962 70 24 jorden
407 962 36 19 bör
457 964 43 22 steg
515 962 32 20 för
561 964 43 22 steg
619 962 44 19 från
677 962 45 19 dess
737 967 106 19 ursprung-

84 991 40 23 liga
140 990 89 20 tillstånd
245 991 67 19 vinnas
329 990 31 20 för
375 991 96 24 odlingar,
487 992 37 23 sky
539 993 54 17 stora
607 990 82 25 företag,
705 990 66 19 hvilka
782 989 62 19 erfor-

86 1020 35 19 dra
144 1019 145 20 förberedelser
311 1019 21 19 af
346 1019 49 20 flere
410 1020 41 23 slag
467 1020 37 19 och
521 1019 81 20 formela
617 1019 98 25 åtgärder,
731 1019 32 19 vid
777 1018 67 20 hvilka

83 1048 146 24 jordbrukaren
245 1048 21 19 af
280 1048 136 24 allmogeklass
431 1048 44 20 icke
491 1051 23 17 är
529 1054 42 14 van.

155 1077 9 19 I
180 1077 99 19 anseende
294 1077 29 19 till
339 1078 24 18 de
379 1077 122 19 vidsträckta
516 1078 71 18 kärren
602 1076 7 19 i
625 1072 125 24 Österbotten
761 1076 36 19 och
808 1076 37 19 den

85 1106 102 19 derstädes
204 1106 29 23 sig
248 1106 129 19 utvecklande
392 1106 186 23 kreatursskötseln,
593 1105 60 19 borde
663 1110 44 14 man
718 1110 68 19 genom
797 1110 48 18 upp-

88 1136 91 18 muntran
195 1134 36 19 och
247 1134 168 24 penningebidrag
429 1134 90 24 upplifva
535 1135 23 19 de
574 1134 41 19 små
630 1134 36 19 och
681 1134 75 18 mindre
766 1133 79 19 bemed-

85 1164 43 18 lade
143 1163 158 24 jordbrukarene
318 1163 30 19 till
363 1163 136 24 torrläggning
515 1163 22 19 af
550 1162 123 24 vattensjuka
682 1162 78 20 marker
770 1162 17 24 ej
798 1162 47 19 alle-

85 1194 45 17 nast
152 1191 32 20 för
208 1192 85 24 egentlig
315 1192 73 24 odling,
408 1194 47 16 utan
471 1192 58 19 äfven
544 1192 31 19 till
590 1191 135 20 förbättrande
739 1190 22 20 af
774 1190 72 20 boska-

85 1226 47 18 pens
155 1220 136 24 sommarbete,
307 1226 68 18 genom
391 1222 30 18 att
435 1220 30 19 till
481 1226 24 14 en
520 1220 69 24 början
604 1220 52 19 förse
670 1220 73 19 kärren
757 1220 44 18 med
816 1218 30 20 af-

87 1250 65 23 lopps-
168 1249 37 19 och
220 1249 153 24 omkretsdiken,
393 1249 125 24 hvarigenom
532 1250 77 23 kärren,
620 1248 88 20 befriade
718 1248 44 19 från
773 1250 71 22 vatten,

85 1278 82 24 begynte
183 1283 70 19 mogna
268 1277 31 20 för
315 1278 85 24 egentlig
415 1278 73 24 odling.

151 1307 9 19 I
177 1306 85 24 enlighet
276 1306 44 19 med
336 1306 260 24 Jordbruksexpeditionens
612 1306 114 20 förberörda
739 1304 103 20 skrifvelse

83 1335 56 19 torde
162 1335 95 24 styrelsen
279 1334 166 25 fortsättningsvis
465 1335 77 25 utgifva
556 1335 70 24 bidrag
640 1335 30 19 till
685 1334 122 25 anläggande
822 1332 22 21 af

83 1363 148 25 afloppsdiken;
254 1370 43 13 men
321 1364 23 19 de
368 1364 75 19 mindre
458 1364 115 19 bemedlade
588 1364 92 19 odlarene
695 1366 34 16 äro
744 1363 7 18 i
767 1362 74 19 saknad

83 1392 21 19 af
125 1393 64 19 medel
211 1393 30 18 till
259 1392 189 25 odlingsföretagens
464 1392 124 25 fullföljande
617 1393 98 24 Styrelsen
730 1391 61 20 borde
801 1393 40 16 mot
