1020 1656
242 199 23 20 år
281 200 54 19 1880
351 200 90 22 551,569
457 200 48 20 eller
519 200 20 19 af
553 200 44 19 hela
612 200 140 24 befolkningen
768 200 43 23 27,2
826 198 27 27 %

249 236 10 10 >
281 228 54 20 1885
352 228 89 23 636958
477 237 8 9 »
524 237 9 9 »
572 237 8 9 »
677 237 9 9 E
768 228 43 24 29,2
826 228 28 26 %

248 265 9 9 »
281 257 54 19 1890
352 258 89 22 767,656
476 266 9 9 »
524 266 8 8 »
570 266 9 8 »
675 266 9 8 »
767 258 43 23 32,7
826 256 28 27 %

171 314 115 26 Beklagligt
300 321 39 19 nog
354 314 32 20 stä
401 315 101 25 uppgifter
523 316 20 18 af
559 315 53 19 detta
635 315 44 25 slag
696 315 30 19 för
740 314 25 20 de
780 316 80 18 senaste
880 314 48 20 åren

169 344 43 19 icke
230 345 30 18 att
275 343 30 20 fås
320 350 25 13 ur
360 343 36 20 vär
411 344 82 19 officiela
509 344 86 19 statistik
610 344 67 19 förrän
692 343 94 25 möjligen
801 343 91 25 omkring
906 343 23 19 är

170 372 62 20 1900.

239 401 37 19 Att
296 401 6 19 i
324 401 54 19 detta
393 401 92 19 afseende
499 407 25 13 en
541 403 41 17 stor
596 401 62 19 social
673 401 42 19 fara
733 400 63 25 hotar,
812 402 22 18 är
849 400 36 19 lätt
900 402 29 17 att

170 430 50 19 inse.
251 429 41 23 Och
310 430 66 19 denna
396 430 41 19 fara
452 436 35 13 var
502 430 65 19 under
581 430 39 19 den
635 430 69 25 period
719 430 24 19 de
758 431 79 18 senaste
852 429 29 20 för
896 435 33 14 oss

171 458 125 25 tillgängliga
311 459 126 25 uppgifterna
453 459 83 19 omfatta
551 459 6 19 i
573 459 79 24 ständig
667 459 85 19 tillväxt.
782 458 43 20 Den
840 458 41 19 lösa
896 458 33 19 be-

172 487 130 25 folkningens
325 489 93 18 numerär
437 488 36 19 har
489 487 63 20 under
567 487 57 20 dessa
639 487 28 20 tio
682 487 23 19 är
720 487 56 25 stigit
794 487 45 19 med
856 487 25 19 39
897 486 33 27 9/4.

173 515 44 20 Med
234 516 62 19 andra
312 516 44 19 ord:
372 516 39 19 den
426 516 101 21 folkklass,
543 522 42 13 som
600 516 94 19 omfattar
709 516 24 19 de
749 515 94 24 hemlösa,
858 515 24 20 de
891 515 38 20 fat-

172 544 79 25 tigaste,
275 545 35 19 har
330 545 75 24 årligen
423 545 5 19 i
443 545 94 19 medeltal
553 545 55 20 ökats
625 545 45 19 med
685 551 53 13 mera
753 547 26 17 än
796 545 74 24 21,000
885 550 44 19 per-

172 579 65 13 soner.

242 601 42 20 Och
299 602 65 19 denna
379 602 80 20 tillväxt
473 602 107 25 försiggick
595 603 65 18 under
675 601 111 20 årtiondets
802 607 68 14 senare
880 601 51 20 hälft

171 632 56 17 ännu
243 631 95 19 snabbare
353 633 26 17 än
395 631 64 20 under
473 631 39 19 den
528 631 55 20 förra.

240 659 68 20 Under
330 659 113 25 tidrymden
465 661 139 18 1881—1885
621 659 74 20 ökades
711 659 38 19 den
764 659 42 20 lösa
820 659 110 20 befolknin-

170 693 51 19 gens
237 688 111 25 procenttal
358 688 5 19 i
374 688 121 20 förhållande
511 688 29 20 till
556 688 44 20 hela
615 687 141 25 befolkningen
773 688 44 19 med
836 688 18 24 2,
872 687 57 20 hvar-

170 718 55 17 emot
237 717 131 24 procenttalet
385 717 29 19 för
431 717 50 24 dem,
497 723 44 14 som
556 717 83 20 lifnärde
652 717 31 25 sig
698 723 71 18 genom
784 718 29 18 ett
828 716 102 25 sjelfstän-

171 745 44 24 digt
237 745 38 20 och
297 746 152 24 stadigvarande
471 746 131 25 lefnadsyrke,
629 745 113 20 minskades
764 745 45 20 med
831 746 33 23 1,5.
894 745 37 19 För

172 773 117 25 tidrymden
314 775 139 19 1886—1890
475 775 92 24 utgjorde
588 774 139 20 motsvarande
750 774 27 19 tal
801 775 29 23 3,5
844 773 36 20 och
897 774 34 21 2,5.

172 801 73 20 Vidare
267 803 35 18 bör
320 803 85 24 märkas,
420 805 29 18 att
464 803 104 20 tillväxten
584 803 20 19 af
618 803 39 20 den
672 803 42 19 lösa
729 802 149 25 befolkningens
893 808 37 13 nu-

172 833 65 16 merär
252 831 64 20 under
331 837 69 14 senare
415 832 51 19 tider
479 832 7 19 i
501 832 24 19 de
541 832 79 24 trakter,
635 832 36 19 där
683 831 115 20 densamma
808 831 51 19 varit
870 832 61 18 störst

172 859 15 25 (i
202 859 110 26 Uleåborgs
327 860 37 19 och
379 860 79 25 Kuopio
470 861 47 25 län),
531 861 44 19 icke
590 860 106 25 försiggått
710 860 6 19 i
732 866 75 13 samma
817 859 115 26 proportion

173 893 43 14 som
237 888 7 19 i
260 888 24 19 de
298 888 39 25 län,
352 889 36 19 där
402 889 115 20 densamma
532 889 71 20 hittills
620 890 51 19 varit
686 889 67 19 minst.
783 889 44 19 Den
841 888 42 19 lösa
899 888 32 19 be-

173 916 130 25 folkningens
318 919 95 18 numerär
428 918 6 19 i
449 917 122 20 förhållande
586 918 30 19 till
631 918 45 19 hela
691 917 139 25 befolkningen
846 917 86 25 uppgick

172 945 103 25 nämligen
290 945 63 26 enligt
368 946 38 19 den
422 947 83 19 officiela
520 947 114 19 statistiken
650 946 41 20 till:

584 1004 54 19 1880
703 1003 54 20 1885
821 1003 53 19 1890

216 1036 9 19 I
240 1037 43 19 Åbo
299 1037 36 19 och
354 1037 131 26 Björneborgs
515 1038 31 19 län
573 1039 43 22 24,6
630 1037 29 26 %
689 1038 42 23 27,1
748 1037 26 26 %/
805 1038 42 23 34,1
862 1036 27 26 %

215 1065 11 19 I
241 1065 123 20 Tavastehus
527 1075 8 9 »
573 1067 43 24 22,4
630 1066 29 26 %/
689 1067 41 22 281
746 1065 28 27 %,
805 1066 42 24 32,7
863 1065 26 26 %

216 1093 9 20 I
241 1093 93 25 Nylands
525 1104 8 8 »
572 1096 42 23 17,2
628 1095 29 26 %/g
688 1095 43 24 20,5
746 1094 28 26 %%
804 1095 44 24 25,4
863 1093 27 26 %

173 1150 43 19 Den
239 1150 44 20 lösa
305 1151 150 26 befolkningens
477 1153 109 24 procenttal
608 1152 37 19 har
660 1151 78 20 säledes
753 1152 53 19 inom
822 1151 53 20 detta
891 1157 40 13 om-

172 1178 48 20 räde
235 1179 27 25 pä
277 1179 27 20 tio
319 1179 22 20 är
356 1180 56 19 ökats
429 1181 44 19 med
489 1181 91 25 omkring
596 1181 32 20 10.

243 1207 70 20 Denna
336 1208 38 19 den
398 1209 42 19 lösa
462 1209 152 26 befolkningens
629 1209 76 20 snabba
719 1209 80 19 tillväxt
814 1209 36 18 har
864 1207 43 20 åter
922 1207 11 20 å

173 1235 31 20 sin
229 1236 44 19 sida
294 1236 26 25 pä
342 1243 70 14 senare
430 1238 51 19 tider
499 1238 7 19 i
521 1238 101 25 betänklig
640 1238 51 25 grad
705 1237 62 25 börjat
782 1237 88 24 betunga
885 1236 48 19 vära

172 1263 188 22 landskommuners
382 1266 97 20 ekonomi.
516 1267 68 19 FEhuru
607 1266 35 20 vär
664 1265 84 21 officiela
770 1265 88 20 statistik
877 1267 56 17 ännu

171 1292 45 20 icke
238 1293 64 20 heller
322 1294 39 19 kan
384 1295 70 24 belysa
470 1295 116 20 hithörande
601 1295 145 24 förhällanden,
760 1295 37 18 har
812 1300 44 13 man
871 1293 62 20 likväl

172 1321 45 19 frän
231 1322 48 20 flere
294 1322 116 20 kommuner
425 1323 38 20 fätt
477 1329 22 14 se
514 1324 102 25 uppgifter
630 1330 39 18 om,
684 1325 30 18 att
730 1323 107 25 utgifterna
851 1323 30 19 för
895 1322 38 19 fat-

172 1349 107 25 tigvärden
293 1351 31 19 för
338 1352 122 19 närvarande
475 1354 70 23 utgöra
560 1353 38 19 den
614 1354 75 18 största
704 1352 124 25 utgiftspost,
840 1357 42 13 som
895 1350 38 19 för-

172 1377 95 22 lamande
283 1379 70 20 värkar
367 1380 27 25 pä
410 1381 126 24 möjligheten
551 1381 20 19 af
585 1381 33 20 det
633 1380 127 20 kommunala
771 1379 162 20 framätskridan-

172 1407 40 19 det.
231 1403 9 36 —
251 1407 9 20 1
273 1407 125 26 tidningarna
413 1409 36 19 har
463 1409 28 20 alt
506 1410 62 19 oftare
584 1411 58 24 synts
654 1408 100 26 klagomål
769 1409 56 19 öfver
840 1410 29 17 att
878 1408 55 19 kost-

172 1435 89 20 naderna
277 1437 29 18 för
320 1437 133 24 fattigvärden
467 1438 43 25 just
524 1438 64 19 under
602 1438 24 19 de
642 1439 81 18 senaste
737 1437 117 20 ärtiondena
868 1436 26 26 pä
909 1442 25 13 en
