1036 1659
212 127 26 19 10

177 194 29 17 ett
225 192 45 24 sätt,
291 198 41 14 som
353 199 59 19 synes
432 192 40 27 mig
487 192 6 20 i
509 193 73 25 många
603 192 83 26 stycken
702 192 71 20 kunna
790 192 55 26 tjäna
860 192 69 20 åtmin-

178 221 56 20 ståne
250 221 89 21 Finland
354 221 31 21 till
400 222 90 20 förebild.

249 251 69 26 Lagen
334 252 110 26 uppställer
459 255 28 17 tre
503 252 114 26 kategorier,
630 252 26 26 på
667 251 69 21 hvilka
747 251 44 21 dess
806 252 124 20 bestämmel-

178 288 30 13 ser
224 281 58 20 skola
298 288 47 13 vara
360 281 117 27 tillämpliga
493 281 37 20 och
545 281 64 20 under
624 281 69 21 hvilka
709 281 38 20 den
761 281 45 20 sökt
817 281 62 20 samla
890 281 40 20 alla

178 311 76 20 sådana
277 311 48 20 barn
347 318 47 17 som,
417 311 44 20 ifall
485 311 104 20 samhället
610 311 44 20 icke
674 312 67 25 åtager
764 311 30 27 sig
817 311 49 24 dem,
885 311 45 20 med

178 342 60 19 större
254 340 47 21 eller
316 341 75 20 mindre
407 341 74 21 visshet
496 341 62 20 måste
578 344 84 24 antagas
678 341 40 20 förr
733 341 48 20 eller
797 348 67 13 senare
880 341 50 20 falla

178 370 106 21 samhället
303 371 30 20 till
352 371 40 20 last
413 371 65 20 såsom
499 371 148 27 arbetsskygga,
670 371 131 26 dagdrifvare,
822 371 108 27 förbrytare

176 400 38 21 och
230 401 125 26 straffångar,
371 401 111 27 nämligen:

250 431 18 26 a)
291 431 54 24 barn,
362 438 41 13 som
419 431 89 20 föröfvat
523 431 66 26 någon
606 431 100 24 straffbar,
722 437 31 14 om
770 430 71 27 sedligt
856 431 74 20 förderf

177 460 48 20 eller
246 460 63 27 sedlig
331 461 90 20 vanvård
443 461 103 20 vittnande
570 461 103 26 bandling,
693 460 38 21 och
751 460 80 21 hvilkas
851 461 78 20 anbrin-

177 490 66 27 gande
264 493 53 18 utom
338 491 173 20 föräldrahemmet
526 498 58 13 anses
600 490 174 25 ändamålsenligt,
791 491 44 20 med
851 491 78 26 hänsyn

177 520 31 20 till
223 521 57 20 deras
295 521 119 26 förbättring
429 521 48 20 eller
492 521 30 20 för
538 524 29 17 att
583 521 71 20 hindra
670 520 89 24 återfall;

249 550 20 26 b)
285 550 55 25 barn,
363 557 42 14 som
420 551 27 26 på
462 551 64 27 grund
542 551 21 20 af
579 551 132 20 föräldrarnes
727 550 37 21 och
782 550 148 27 uppfostrarnes

176 579 114 22 lastfullhet
308 580 47 21 eller
370 581 138 26 försumlighet
523 581 93 20 befinnas
632 580 134 24 vanvårdade,
782 580 148 20 misshandlade

176 609 49 21 eller
247 610 71 27 sedligt
342 611 123 20 vilsekomna
488 611 48 20 eller
558 618 42 13 som
622 611 63 20 måste
705 613 84 24 antagas
805 610 80 20 komma
901 613 29 17 att

176 639 64 22 blifva
256 640 71 27 sedligt
342 641 134 24 förderfvade;

248 672 18 24 c)
282 670 55 25 barn,
357 671 80 20 hvilkas
453 671 137 26 anbringande
606 674 55 17 utom
678 670 174 21 föräldrahemmet
866 670 63 20 befin-

176 707 36 13 nes
228 700 125 27 nödvändigt
368 701 27 26 på
410 701 65 26 grund
491 701 22 20 af
522 701 56 20 deras
590 701 67 26 dåliga
669 700 126 27 uppförande
807 699 48 21 eller
867 700 63 20 andra

176 730 193 25 missförhållanden,
386 731 12 20 &
414 731 69 20 hvilka
499 737 45 14 man
560 731 17 26 ej
594 737 71 20 genom
682 730 95 20 hemmets
789 729 48 21 eller
848 729 81 21 skolans

176 760 201 27 uppfostringsmedel
393 761 80 20 kunnat
487 761 49 20 råda
551 761 39 20 bot.

248 790 46 20 Den
318 790 119 21 beslutande
455 790 142 27 myndigheten
614 790 120 20 tillkommer
749 789 63 27 enligt
827 789 58 27 lagen
902 792 28 17 ett

176 820 53 20 inom
251 819 67 28 hvarje
337 820 96 21 kommun
453 820 101 27 befintligt
573 821 69 20 värne-
663 820 48 20 eller
726 819 145 20 målsmansråd
887 819 42 20 kal-

176 849 44 21 ladt
246 851 171 26 »vaergeraadet»,
441 851 107 20 bestående
570 850 21 20 af
610 853 67 18 ortens
700 849 143 20 underdomare
864 849 64 20 såsom

176 880 125 24 ordförande,
322 887 25 13 en
369 880 21 20 af
405 880 45 21 dess
471 883 79 24 prester,
566 887 25 13 en
606 880 76 25 läkare,
698 887 25 12 en
739 879 85 20 medlem
840 879 21 20 af
876 879 52 20 skol-

176 909 103 27 styrelsen,
300 917 24 13 en
345 910 85 21 medlem
446 911 22 20 af
483 910 216 27 fattigvårdsstyrelsen
715 909 38 20 och
769 909 34 20 två
818 909 6 19 i
840 909 87 20 kommu-

176 947 40 12 nen
233 939 79 21 bosatta
328 940 36 20 och
381 940 30 20 till
427 940 120 27 uppdragets
562 940 128 27 mottagande
706 939 69 26 villiga
790 939 90 20 kvinnor.

247 969 123 21 Beslutande
392 971 64 19 rätten
479 970 55 21 öfver
557 970 76 20 sådana
656 970 55 23 barn,
734 976 42 13 som
797 969 71 20 skolka
883 969 45 20 från

175 999 72 20 skolan
271 999 47 21 eller
337 1000 36 20 der
388 1000 43 20 visa
446 1000 63 26 dåligt
532 1000 130 27 uppförande,
686 999 119 20 tillkommer
820 999 42 20 åter
877 998 51 21 skol-

175 1029 98 26 styrelsen
288 1030 6 19 i
310 1029 127 25 kommunen,
457 1029 81 21 hvilken
554 1030 6 19 i
576 1029 96 21 händelse
688 1029 22 20 af
725 1029 61 20 behof
801 1029 41 20 kan
858 1029 30 20 för
903 1035 25 13 en

175 1059 28 20 tid
219 1059 22 20 af
256 1059 59 27 högst
335 1061 5 19 6
356 1060 96 20 månader
467 1060 73 20 insätta
556 1060 44 19 dem
612 1060 5 19 i
628 1067 15 12 s.
654 1059 20 20 k.
686 1059 145 26 tvångsskolor,
845 1061 83 18 motsva-

174 1089 62 20 rande
252 1089 77 21 Truant
344 1089 83 25 schools,
444 1089 144 21 skolkarehem.

247 1119 33 20 De
302 1119 95 27 åtgärder,
420 1127 42 13 som
484 1119 193 27 uppfostringsrädet
697 1119 44 20 med
758 1119 94 20 afseende
867 1119 12 19 å
895 1125 33 13 an-

175 1149 49 20 mält
239 1149 51 20 barn
306 1149 41 20 kan
363 1149 86 27 vidtaga,
462 1151 43 19 äro:

250 1179 37 26 1:0)
312 1182 28 17 att
362 1179 77 20 tilldela
461 1179 55 21 såväl
539 1179 70 20 barnet
630 1179 60 26 själft,
715 1185 42 13 som
773 1178 44 20 dess
833 1178 96 20 föräldrar

174 1208 48 21 eller
235 1209 57 20 deras
303 1209 172 25 ställföreträdare,
488 1209 62 20 sådan
562 1209 92 26 allvarlig
664 1209 87 26 varning
762 1208 37 20 och
810 1207 118 27 förmaning,

174 1245 42 14 som
232 1239 42 20 kan
291 1239 92 20 befinnas
399 1239 68 27 nödig;

249 1269 39 26 2:0)
304 1272 29 17 att
347 1269 44 20 ifall
407 1269 96 20 straffbar
518 1269 98 26 handling
630 1270 23 19 är
668 1268 92 21 föröfvad
774 1267 21 20 af
805 1268 50 20 barn
865 1267 64 20 under

176 1299 28 20 14
219 1299 27 24 &r,
270 1299 85 20 anmoda
371 1299 44 20 dess
431 1299 143 20 öfverordnade
589 1299 6 19 i
611 1299 45 20 hem
672 1298 49 20 eller
736 1297 58 21 skola
809 1301 29 16 att
853 1297 75 20 tilldela

174 1328 34 20 det
223 1329 64 20 sädan
303 1335 42 20 aga,
361 1335 42 14 som
419 1329 152 26 lagstiftningen
587 1328 118 27 medgifver;

247 1358 39 26 3:0)
303 1361 33 21 att,
351 1358 45 20 ifall
412 1359 93 20 afseende
520 1359 17 26 ej
554 1359 61 20 fästes
630 1358 34 21 vid
680 1358 64 20 sådan
761 1357 104 24 anmodan,
881 1356 47 27 själf

174 1388 43 20 låta
242 1388 111 20 värkställa
379 1395 52 19 agan
457 1388 48 20 eller
531 1388 78 20 besluta
633 1388 82 20 barnets
741 1386 115 21 insättande
875 1386 6 20 i
902 1393 25 13 en

176 1418 156 26 »tvångsskola»
350 1418 64 20 under
429 1425 25 13 en
471 1418 28 20 tid
515 1418 21 20 af
551 1418 57 26 högst
624 1418 36 20 två
675 1417 105 25 månader;
