1003 1656
214 106 10 18 8

190 166 44 18 dent
250 166 59 23 jämte
328 166 175 24 distriktsregering,
519 167 100 18 arbetande
634 167 24 23 på
670 169 27 16 tre
709 167 122 23 afdelningar:
844 172 21 13 en
878 167 29 18 för
919 167 29 18 be-

188 195 113 23 handlingen
319 195 21 18 af
355 196 114 18 kommunala
487 196 86 22 ärenden,
589 201 23 13 en
629 196 29 18 för
675 196 156 22 angelägenheter
849 201 38 13 som
905 198 42 16 röra

189 224 72 18 direkta
273 224 71 18 skatter
355 224 33 18 och
400 224 163 23 statsegendomar,
576 226 48 16 samt
636 230 22 12 en
670 225 29 17 för
711 224 87 23 kyrkliga
810 224 33 18 och
852 225 95 23 skolange-

188 252 110 23 lägenheter.
323 252 36 19 Vid
377 253 52 18 sidan
447 253 20 18 af
481 253 193 23 distriktsregeringen
691 253 39 18 står
745 255 27 16 ett
784 253 163 21 distriktsutskott,

189 283 121 16 sammansatt
321 282 21 17 af
352 282 213 23 regeringspresidenten
577 282 60 18 såsom
650 282 112 22 ordförande,
776 284 67 16 tvänne
851 282 20 18 af
877 282 69 18 konun-

188 314 35 18 gen
240 310 25 22 på
279 310 60 18 lifstid
351 311 75 18 utsedde
438 311 118 23 tjänstemän,
569 312 21 17 af
601 311 63 18 hvilka
676 316 22 13 en
711 311 33 18 bör
756 316 35 18 ega
802 312 105 22 kompetens
919 311 28 17 för

189 339 149 23 domareembete,
356 340 34 18 den
408 340 56 18 andre
482 340 79 18 bekläda
577 342 27 16 ett
618 340 56 23 högre
691 340 195 23 förvaltningsembete
898 340 48 18 inom

188 367 102 22 distriktet,
308 370 47 16 samt
372 369 40 22 fyra
430 369 118 18 medlemmar
565 369 78 18 utsedda
658 369 21 18 af
694 369 171 22 provinsutskottet.
889 369 56 18 Detta

189 396 161 22 distriktsutskott,
369 398 53 17 hvars
440 398 56 17 valda
510 398 118 17 medlemmar
641 398 33 17 och
687 398 118 22 suppleanter
817 398 72 22 åtnjuta
902 398 43 22 dag-

188 425 124 18 traktamente
325 426 32 17 och
366 426 235 23 resekostnadsersättning,
610 427 54 22 utgör
676 425 202 24 förvaltningsdomstol
887 426 59 17 såsom

189 453 57 18 andra
264 454 77 23 instans,
359 455 6 17 i
384 455 49 18 vissa
449 455 31 18 fall
497 455 59 18 säsom
572 455 63 18 första.
660 455 69 18 Genom
743 455 22 18 de
777 455 55 18 bland
845 454 102 19 distriktets

188 483 88 18 invånare
288 483 53 18 valda
353 483 140 19 medlemmarne
507 484 76 23 deltaga
591 484 77 18 sålunda
677 484 53 18 dessa
738 483 126 19 omedelbart
856 479 9 33 i
873 483 74 18 distrik-

190 514 36 15 tets
238 511 155 24 själfförvaltning
404 513 24 22 på
440 513 123 18 framstående
576 514 44 17 sätt.

258 541 37 18 Det
306 541 58 18 andra
375 541 117 18 kommunala
504 542 97 18 samhället
612 542 49 18 inom
673 542 90 18 Preussen
776 543 20 16 är
807 541 78 21 kretsen,
902 541 44 18 hvil-

187 569 35 18 ken
238 571 56 21 utgör
312 575 22 12 en
350 570 101 23 betydande
463 571 61 17 faktor
536 571 7 17 i
555 571 67 18 folkets
634 571 125 22 själfstyrelse.
784 571 35 18 För
831 571 113 17 närvarande

188 599 89 17 omfattar
289 599 34 17 den
335 599 105 22 preussiska
455 602 61 15 staten
531 600 34 17 544
577 600 76 22 kretsar,
666 599 72 18 hvilkas
749 599 101 23 ytinnehåll
862 599 7 18 i
881 599 64 18 medel-

188 627 26 18 tal
232 627 73 23 uppgår
322 628 29 17 till
366 629 34 18 640
411 629 78 17 kvadrat
501 629 96 18 kilometer
609 629 34 18 och
655 628 114 19 invånaretal
782 629 33 17 den
828 629 8 16 1
851 628 36 17 dec.
901 628 46 17 1895

187 655 6 18 i
206 656 85 18 medeltal
306 656 28 18 till
349 657 66 21 55,465.
440 657 60 23 Tagas
513 657 149 18 stadskretsarna
675 657 40 18 icke
727 657 7 18 i
746 657 106 22 beräkning,
865 656 33 17 har
911 656 35 17 den

187 685 68 18 minsta
270 685 74 18 kretsen
359 688 28 15 ett
398 685 74 24 omfång
484 686 21 17 af
516 686 33 18 135
561 686 30 17 kv.
604 685 69 22 kilom.,
686 685 34 18 den
733 687 68 16 största
813 685 48 18 inom
873 685 73 22 provin-

187 718 32 13 sen
237 714 96 18 Pommern
350 715 52 21 2,229
420 715 29 18 kv.
468 715 63 18 kilom.
555 715 133 22 Befolkningen
704 714 82 18 varierar
801 714 66 18 mellan
881 714 64 21 12,000

187 742 33 18 och
232 743 80 21 124,000,
324 748 40 13 men
377 743 56 18 häller
445 743 30 23 sig
486 743 6 18 i
505 743 101 18 allmänhet
618 743 67 18 mellan
696 743 151 21 40,000—70,000
855 747 92 17 personer-

186 771 9 16 I
207 774 73 19 spetsen
295 772 29 17 för
339 772 81 17 kretsens
436 772 115 23 förvaltning
566 773 38 17 stär
620 771 91 22 landrath,
730 772 32 17 och
775 771 40 18 dess
828 771 118 23 själfförvalt-

186 799 45 23 ning
243 803 134 20 representeras
392 801 21 18 af
427 801 184 22 kretsförsamlingen
624 801 46 18 eller
682 801 110 22 kretsdagen
805 803 48 15 samt
865 800 80 17 kretsut-

186 828 75 18 skottet.
285 829 189 23 Kretsförsamlingen
486 829 63 19 bestär
562 830 21 17 af
594 832 27 16 ett
632 830 7 17 i
652 829 114 18 förhällande
778 829 28 18 till
815 829 130 22 folkmängden

186 856 92 19 bestämdt
290 859 50 17 anta]
352 859 122 21 medlemmar,
486 858 58 19 minst
556 859 28 21 25,
597 859 55 18 valda
664 859 39 17 dels
713 858 112 18 omedelbart
833 858 37 18 dels
879 863 65 18 genom

186 885 92 19 elektorer
295 887 21 17 af
332 889 27 16 tre
377 887 126 18 valomräden:
522 887 21 18 de
561 889 58 16 större
632 887 116 23 jordegarne,
761 887 183 18 landskommunerna

186 914 32 18 och
237 914 23 18 de
277 914 29 18 till
325 915 73 18 kretsen
415 916 79 18 hörande
512 916 163 18 stadskommuner.
700 916 66 22 Enligt
780 916 103 17 nuvarande
897 915 46 18 folk-

185 942 130 23 mängdssiffra
329 944 81 18 varierar
425 944 69 18 antalet
509 945 115 17 medlemmar
640 945 6 17 i
661 944 204 23 kretsförsamlingarna
876 944 67 18 mellan

185 972 75 18 25—42.
284 973 27 17 De
328 973 58 23 väljas
404 973 24 23 pä
443 979 31 12 sex
489 973 20 18 är
524 974 33 17 och
569 973 74 23 förnyas
656 974 29 17 till
697 973 71 18 hälften
779 974 54 17 hvart
845 973 58 23 tredje
916 973 25 17 är.

184 1000 187 24 Kretsdagsmännen,
383 1007 38 13 som
433 1002 39 18 icke
484 1002 73 22 ätnjuta
568 1002 60 22 nägon
640 1002 108 22 ersättning,
761 1001 141 19 sammankallas
914 1001 26 18 ät-

185 1029 91 18 minstone
288 1034 23 14 en
322 1030 50 22 gäng
384 1030 69 23 ärligen
465 1036 65 17 genom
540 1030 82 23 skriftlig
630 1030 82 18 kallelse.
724 1030 148 18 Kretsutskottet
882 1029 62 18 bestär

184 1058 21 17 af
221 1058 87 18 landrath
326 1058 58 18 säsom
403 1059 108 18 ordförande
525 1059 34 17 och
573 1060 12 16 6
599 1059 123 22 medlemmar,
735 1058 53 18 valda
800 1059 19 17 at
831 1058 110 22 kretsdagen

183 1086 25 22 pä
225 1092 32 12 sex
276 1086 25 22 år,
318 1087 75 18 sålunda
407 1090 29 15 att
451 1093 22 13 en
485 1088 88 22 tredjedel
587 1088 74 22 förnyas
673 1088 55 18 hvart
740 1089 56 16 annat
808 1087 26 18 är.
857 1087 86 18 Kretsut-

184 1115 76 21 skottet,
272 1116 54 18 hvars
338 1116 117 18 medlemmar
467 1116 75 24 aflägga
553 1117 23 17 ed
588 1116 49 18 inför
650 1116 127 22 ordföranden,
786 1116 61 18 sköter
856 1121 28 12 om
893 1116 50 17 kret-

184 1148 41 14 sens
243 1144 91 18 allmänna
352 1145 156 23 angelägenheter,
526 1146 76 18 hvartill
620 1146 53 17 hörer
688 1145 98 23 afgörande
803 1145 21 17 af
835 1145 62 22 frägor
909 1144 34 18 och

183 1172 94 18 tvistemål
294 1173 95 23 angående
406 1174 107 22 fattigvård,
528 1174 128 23 vägbyggnad,
668 1173 162 23 vattenreglering,
843 1173 100 22 åkerbruk,

183 1200 86 22 industri,
287 1201 176 23 byggnadsordning
483 1202 33 18 och
538 1202 119 22 brandväsen,
676 1202 111 23 inflyttning,
805 1202 138 22 egostyckning,

183 1229 77 23 uppsikt
278 1230 52 18 öfver
347 1231 140 18 kommunernas
502 1231 119 23 förvaltning,
637 1231 117 18 kommunala
767 1230 65 22 skolor,
844 1230 98 18 hälsovård

183 1258 32 17 och
226 1258 50 23 jury.
300 1258 88 19 Besluten
400 1259 113 18 värkställas
525 1260 22 18 af
557 1260 91 18 landrath.
672 1259 147 19 Kretsutskottet
834 1260 55 22 utgör
901 1259 6 17 i
921 1259 22 17 de

182 1286 54 18 flesta
254 1286 33 18 fall
304 1287 60 18 första
381 1287 118 19 rättsinstans
518 1288 7 18 i
543 1288 149 18 administrativa
704 1288 36 18 mål
753 1288 44 18 eller
809 1287 134 23 förvaltnings-

182 1315 85 21 domstol,
281 1315 50 18 inför
349 1316 70 18 hvilket
437 1316 92 23 klagomål
543 1317 62 17 kunna
620 1317 33 17 ske
665 1316 51 18 såväl
729 1316 92 23 skriftligt
834 1321 37 13 som
885 1315 54 18 äfven

182 1344 94 22 muntligt.
301 1344 37 18 För
350 1346 28 16 att
390 1344 83 19 befordra
485 1346 99 18 ärendenas
596 1345 70 18 snabba
678 1345 100 23 afgörande
790 1345 35 17 kan
837 1344 58 18 denna
904 1344 37 18 för-

181 1372 181 24 valtningsdomstol,
378 1378 28 13 om
423 1379 22 13 en
459 1374 66 22 klagan
541 1374 79 18 befinnes
632 1374 31 18 väl
676 1373 83 23 grundad
772 1373 45 18 eller
829 1373 110 22 berättigad,

181 1401 67 22 afgöra
267 1401 105 18 densamma
391 1404 43 16 utan
452 1405 111 19 motpartens
582 1402 84 18 hörande.
690 1402 39 18 Mot
747 1402 65 18 sådant
831 1402 60 17 beslut
905 1402 36 17 kan
