1003 1656
69 104 162 24 (Ofversättning).

287 141 313 29 Petitlonsmemorial.

176 201 114 37 Prestest.
615 206 45 24 N:o
675 207 38 22 47.

227 522 49 23 Till
292 526 162 26 Högvördiga
469 526 198 21 Presteståndet.

139 598 198 26 Emigrantrörelsen
360 598 38 20 har
414 598 60 20 äfven
490 598 6 19 i
512 599 48 19 vårt
575 598 49 20 land
639 597 67 26 börjat
722 597 98 26 tilldraga

69 627 32 26 sig
123 634 25 13 en
172 630 66 17 större
261 628 180 26 uppmärksamhet
464 631 26 16 än
513 628 49 20 förr.
593 628 44 20 Och
655 627 96 20 häröfver
766 627 55 20 skall

69 664 46 13 man
130 657 18 26 ej
165 657 98 20 förundra
278 658 38 25 sig,
332 660 24 23 ty
371 657 68 21 denna
455 658 77 20 rörelse
547 658 39 20 har
601 659 23 18 år
639 657 32 20 för
687 659 23 18 år
726 658 28 19 alt
765 664 55 13 mera

69 687 84 26 tilltagit
169 687 37 20 och
222 694 67 20 synes,
306 687 85 21 oaktadt
406 687 26 20 de
444 687 151 26 jämförelsevis
610 695 121 18 gynsamma
746 687 74 20 ekono-

69 717 66 20 miska
157 717 183 26 konjunkturerna,
363 717 29 20 alt
413 717 127 21 fortfarande
560 718 82 25 tilltaga
658 718 6 19 i
680 717 91 20 särdeles
787 717 32 20 be-

69 747 80 26 tänklig
164 747 58 26 grad.
247 747 48 20 Med
310 747 107 26 undantag
432 747 23 20 af
468 747 106 26 Ryssland
590 748 37 19 och
643 747 102 20 särskilda
756 747 64 20 andra

67 777 77 25 länder,
167 777 45 20 från
235 777 70 20 hvilka
329 784 120 19 noggranna
472 777 117 20 statistiska
611 777 105 26 uppgifter
731 777 89 20 rörande

69 807 76 20 antalet
168 807 31 20 till
222 807 103 20 desamma
347 807 142 26 immigrerade
512 807 135 26 medborgare
663 807 45 20 icke
723 807 51 20 stått
789 809 31 18 att

68 837 38 25 fås,
126 837 82 20 bevisas
228 837 58 20 detta
301 837 120 26 isynnerhet
436 837 24 20 af
472 837 40 20 den
528 837 62 20 snabt
604 837 127 20 tillväxande
746 839 74 18 utvan-

69 867 86 25 dringen
179 867 30 20 till
232 867 159 20 Nordamerikas
414 867 90 20 Förenta
520 867 74 26 Stater,
610 867 57 20 detta
682 866 23 21 af
718 867 102 26 emigran-

69 899 58 17 terna
138 898 23 18 så
171 897 104 26 omtyckta
285 904 42 19 nya
337 897 100 20 hemland.
461 897 56 20 Från
528 897 38 20 och
574 897 46 20 med
631 898 22 19 år
666 897 63 25 1871,
741 897 81 20 hvilket

70 926 57 21 torde
143 926 20 20 få
178 933 60 14 anses
254 928 67 19 såsom
336 929 30 18 ett
379 927 23 20 af
410 927 265 26 Amerika-emigrationens
686 927 136 26 begynnelse-

70 957 28 25 år,
114 956 31 20 till
161 957 22 19 år
201 957 56 20 1887
272 957 102 26 utgjorde,
391 957 65 26 enligt
471 957 42 26 mig
524 957 177 20 tillhandakomna
711 956 111 27 uppgifter,

70 987 77 19 antalet
169 986 46 20 från
238 987 89 20 Finland
343 987 32 20 till
390 987 90 20 Förenta
496 987 96 20 Staterna
607 986 130 22 utvandrade
752 993 70 20 perso-

70 1023 37 13 ner
122 1017 71 25 6,662,
208 1017 80 20 hvilket
303 1017 31 20 för
351 1017 65 25 dessa
428 1017 26 20 17
471 1018 23 19 år
510 1019 60 24 utgör
586 1017 74 20 endast
675 1017 44 20 392
735 1016 88 20 utvand-

70 1053 46 13 rare
138 1053 37 19 per
198 1047 28 19 år.
257 1040 31 26 År
313 1047 57 20 1894
393 1047 52 20 hade
469 1047 66 26 enligt
550 1047 131 26 uppgifterna
697 1046 7 20 i
720 1046 103 20 statistisk

71 1076 74 20 årsbok
161 1083 48 19 pass
225 1076 31 20 till
270 1077 99 20 Amerika
384 1076 88 26 uttagits
488 1076 23 20 af
526 1077 63 25 1,380
600 1083 97 20 personer
709 1076 38 20 och
757 1076 66 20 under

71 1108 69 18 senast
155 1105 96 21 förflutna
266 1107 24 19 år
305 1107 59 24 hade,
380 1106 65 26 enligt
458 1107 7 19 i
476 1106 133 27 tidningarna
619 1106 82 26 synliga
712 1105 110 27 uppgifter,

71 1136 56 19 detta
150 1136 55 19 antal
229 1136 64 20 redan
317 1137 59 19 ökats
392 1137 29 26 så,
438 1139 31 17 att
486 1139 79 18 ensamt
580 1136 57 20 öfver
652 1137 75 25 Hangö
743 1136 32 20 till
790 1136 34 19 be-

70 1165 63 20 rörda
158 1165 48 20 land
230 1166 63 20 afrest
317 1167 64 24 4,953
405 1173 103 19 personer.
546 1166 74 20 Denna
643 1165 181 26 utvandringslust

71 1202 63 19 synes
150 1195 63 20 vinna
228 1198 66 18 större
310 1196 126 26 utbredning
451 1196 7 19 i
473 1196 120 20 landsorten
609 1199 26 17 än
651 1196 6 19 i
673 1195 98 21 städerna
787 1195 37 20 och

71 1232 62 19 synes
149 1232 51 13 vara
216 1225 94 20 starkare
325 1226 38 19 hos
378 1226 116 20 bondsöner
510 1226 38 20 och
564 1226 89 20 -döttrar
669 1228 53 18 samt
732 1225 92 26 inhysin-

71 1259 38 22 gar
137 1255 37 20 och
201 1255 191 26 backstugusittare
414 1258 27 17 än
464 1256 38 19 hos
525 1255 153 21 handtvärkare
702 1255 38 20 och
760 1255 64 20 andra

72 1284 140 27 yrkesidkare.
237 1285 11 20 I
263 1285 36 20 fall
315 1292 46 13 man
377 1285 104 20 dessutom
498 1286 38 19 har
551 1285 33 26 sig
598 1285 82 26 bekant,
697 1287 31 18 att
738 1284 87 21 utvand-

72 1321 73 13 rarena
169 1315 31 19 till
222 1318 44 17 stor
290 1315 33 20 del
347 1318 84 23 utgöras
448 1315 22 20 af
484 1318 57 23 ungt,
557 1315 58 20 raskt
631 1315 42 20 folk
689 1322 33 13 om
738 1315 87 20 20—40

73 1345 28 24 år,
125 1347 24 16 är
172 1344 35 20 det
229 1345 39 20 lätt
284 1348 31 17 att
330 1345 51 25 inse,
396 1345 54 20 huru
466 1348 43 17 stor
524 1345 74 20 förlust
613 1345 70 20 landet
699 1344 127 27 tillskyndas

71 1374 63 19 redan
150 1374 123 25 därigenom,
290 1377 31 19 att
337 1381 25 15 en
372 1376 23 19 så
405 1375 119 27 betydande
534 1375 76 27 mängd
621 1374 127 23 arbetskraft
757 1373 69 23 beröf-

71 1410 37 14 vas
123 1403 117 22 detsamma,
