1023 1656
216 134 14 20 4
382 133 255 26 Petitionsbetänkande
653 135 37 24 N:o
707 136 35 23 67.

187 206 55 22 misk
266 207 34 28 lag
320 207 68 22 skulle
409 207 48 22 icke
473 207 80 29 lyckas.
585 207 54 22 Sedt
653 208 48 22 från
717 209 221 22 nationalekonomisk

188 242 110 30 synpunkt
313 251 51 14 vore
380 243 37 22 det
432 243 48 22 icke
496 243 67 22 heller
577 244 82 29 riktigt.
682 244 79 23 Utvisa
776 244 162 23 förhållandena

187 279 41 22 och
249 279 150 29 varupriserna
420 282 31 19 att
470 279 34 22 för
521 287 25 14 en
562 279 35 22 del
613 281 82 21 trakter
709 281 8 21 i
734 280 48 22 vårt
797 280 51 23 land
864 281 75 28 skogs-

187 315 53 22 vård
263 316 23 20 är
307 323 58 14 mera
386 315 214 29 inkomstbringande
623 319 25 18 än
667 316 110 29 jordbruk,
796 318 23 20 är
834 316 38 22 det
890 317 48 22 bäst

186 355 32 18 att
239 351 52 29 följa
313 351 183 30 fingervisningen
519 352 40 22 och
581 355 95 26 upptaga
697 353 38 22 det
750 352 72 23 arbete
839 360 45 14 som
900 353 37 21 vid

188 396 26 14 en
236 387 93 30 naturlig
350 387 195 30 arbetsfördelning
566 389 125 21 nationerna
713 389 90 22 emellan
822 389 115 29 inrymmes

188 424 22 22 åt
226 432 42 14 oss.

259 461 116 21 Utskottet
397 461 37 22 vill
456 461 57 22 dock
535 461 47 22 icke
598 461 55 22 neka
669 464 32 19 att
717 461 163 29 olägenheterna
897 459 43 24 och

187 497 96 22 vådorna
305 497 22 21 af
349 500 31 19 att
402 497 98 22 enskilda
522 497 149 22 kommerciela
693 497 64 29 bolag
780 497 61 29 lägga
856 498 34 28 sig
904 497 33 22 till

186 541 26 14 en
230 536 45 19 stor
290 533 34 22 del
340 534 23 21 af
378 533 75 29 jorden
470 535 35 20 äro
523 533 23 22 så
561 537 64 23 stora,
641 537 31 18 att
688 533 39 22 allt
741 533 67 22 borde
823 535 62 26 göras
902 533 34 22 för

186 572 32 19 att
236 573 52 18 utan
304 569 66 30 tvång
385 569 65 22 länka
466 569 161 30 skogsskötseln
643 570 21 21 in
681 569 28 29 på
725 571 55 20 rätta
796 569 72 22 banor.
899 569 38 22 Sä-

186 613 46 14 som
249 606 106 21 utskottet
370 606 65 21 redan
452 607 7 20 i
476 605 73 29 början
565 605 23 22 af
603 605 147 22 betänkandet
762 605 96 27 anförde,
871 607 23 19 är
905 613 33 13 ra-

186 642 66 21 tionel
274 641 117 29 skogsvård
412 642 48 21 icke
476 645 32 18 att
523 642 82 29 hoppas
622 641 28 30 på
665 641 41 22 och
721 642 62 21 lönar
798 642 32 28 sig
846 641 48 22 icke
910 641 28 29 på

186 677 83 22 mindre
291 678 85 21 arealer.
407 677 114 22 Utskottet
544 685 63 14 anser
629 679 32 27 sig
685 677 84 22 derföre
794 677 52 22 böra
869 677 68 22 uttala

187 713 70 23 såsom
278 714 32 21 sin
331 714 61 29 åsigt,
408 717 32 19 att
461 714 74 22 Staten
552 713 65 23 borde
634 713 24 23 så
673 713 48 23 vidt
737 714 82 28 möjligt
834 713 40 22 öka
891 714 46 21 sina

186 750 155 30 skogsmarker.
373 750 74 22 Skulle
470 750 74 22 Staten
566 750 79 29 inköpa
667 750 35 21 för
723 750 133 28 kronoparks
872 750 64 21 inrät-

186 786 66 22 tande
263 786 101 29 lämpliga
374 786 99 22 hemman
484 786 52 22 eller
546 786 170 22 hemmansdelar
727 786 49 22 med
787 788 67 19 större
864 786 74 28 skogs-

186 822 88 27 arealer,
290 822 22 21 sä
328 822 72 22 kunde
416 822 60 22 delar
492 822 23 22 af
530 822 42 22 den
583 822 148 29 skogbärande
742 822 87 21 marken
840 821 97 29 utbrytas

185 858 33 22 till
236 853 144 33 kronoparker
396 858 40 22 och
453 858 23 22 af
490 858 42 22 den
552 858 135 22 äterstäende
703 858 34 21 för
752 858 103 28 jordbruk
871 858 67 29 lämp-

186 895 42 28 liga
253 894 60 22 delen
337 894 70 22 bildas
432 895 101 27 antingen
559 894 213 29 arrendelägenheter
797 894 52 21 eller
872 893 65 22 hellre

186 930 167 28 sjelfbestäende
369 930 105 27 hemman,
490 930 49 22 med
555 930 125 29 skogsmark
697 930 55 22 blott
763 930 33 21 för
808 932 48 26 eget
866 929 72 22 behof.

186 966 115 22 Utskottet
319 966 42 22 kan
378 967 18 28 ej
413 970 65 18 annat
494 968 26 19 än
536 966 97 29 beklaga,
649 969 32 19 att
696 966 66 28 inköp
778 966 23 21 af
816 966 120 28 skogsmar-

186 1002 38 22 ker
246 1002 34 21 för
295 1005 81 18 statens
393 1002 90 29 räkning
499 1003 18 27 cj
535 1002 73 22 vidare
625 1004 49 26 äger
690 1010 46 13 rum
753 1002 39 21 och
810 1004 32 19 att
856 1001 80 21 fonden

186 1038 34 21 för
242 1038 65 28 inköp
330 1038 23 21 af
376 1038 73 29 dylika
465 1038 84 22 marker
564 1038 47 22 icke
628 1038 73 22 vidare
718 1038 58 21 ökas.
808 1037 106 22 -Särskildt
930 1038 7 20 i

186 1074 80 22 sädana
290 1074 87 26 trakter,
401 1074 38 22 der
462 1074 201 29 jordbruksäringen
688 1074 58 21 visar
769 1074 33 28 sig
824 1073 67 22 hafva
906 1076 32 18 att

186 1110 80 28 kämpa
288 1110 49 22 med
362 1113 58 19 stora
444 1110 138 28 svärigheter,
605 1110 70 21 säsom
693 1111 4 19 i
715 1110 26 21 de
758 1110 22 21 af
796 1110 141 28 petitionären

186 1146 128 21 omnämnda
336 1146 109 28 nejderna,
460 1146 87 22 hvarest
563 1146 107 28 jordmäns
688 1146 152 21 beskaffenhet
855 1144 83 22 försvä-

185 1189 35 13 rar
235 1181 147 23 lanitbruket,
398 1190 51 14 vore
466 1182 73 28 dylika
554 1182 66 28 inköp
637 1181 103 29 önskliga.
772 1182 11 20 I
800 1181 88 29 Sverige
904 1183 34 19 ut-

184 1217 73 28 gifvas
280 1217 80 29 årligen
382 1218 188 21 hundratusentals
593 1217 78 21 kronor
694 1217 35 21 för
743 1217 66 29 inköp
826 1217 22 21 af
864 1212 139 95 ll

185 1253 85 21 marker
286 1253 22 21 ät
324 1253 87 21 kronan.
442 1254 53 21 Men
512 1255 56 19 ännu
585 1253 116 29 lyckligare
718 1261 50 13 vore
784 1253 36 21 det
832 1260 34 14 om
880 1252 49 22 kom

185 1289 152 29 munalskogar
353 1290 69 20 skulle
439 1289 76 21 bildas.
539 1288 84 22 Genom
639 1288 112 22 bildandet
767 1289 23 21 af
806 1288 73 30 dylika
890 1288 50 22 sko-

185 1332 39 21 gar
239 1325 68 21 skulle
324 1333 26 13 en
366 1326 92 20 rationel
472 1325 118 29 skogsvärd
607 1325 72 21 kunna
694 1325 88 26 införas,
798 1328 52 18 utan
866 1327 32 19 att
912 1324 28 22 de

185 1361 203 21 missförhållanden
410 1361 68 21 skulle
499 1361 84 29 uppstå,
605 1369 45 14 som
666 1363 40 27 äga
722 1369 52 18 rum,
791 1361 27 22 dä
835 1361 105 20 kommer-

186 1397 54 21 ciela
251 1397 63 28 bolag
324 1397 70 21 blifva
405 1397 256 28 lägenhetsinnehafvare.
682 1397 74 21 Ststen
768 1397 73 21 blefve
855 1395 28 22 dä
892 1396 48 21 icke

186 1432 41 21 den
245 1432 54 22 enda
316 1440 45 13 som
377 1433 64 28 jemte
454 1433 192 28 sägverksbolagen
661 1433 68 20 skulle
741 1432 97 22 bedrifva
851 1432 89 21 ratione]

258 1473 208 20 Ekonomiutskottets
480 1474 125 18 vetänkande
618 1474 37 18 N:o
668 1474 34 18 80.
