1039 1653
306 102 238 24 Petitionsbetänkande
560 103 36 23 N:o
613 104 30 22 62
827 104 12 20 3

118 168 73 28 slagen
214 168 34 21 för
272 168 92 22 arbetets
389 168 120 27 utförande,
530 168 68 22 borde
618 176 51 14 vara
687 170 145 25 sammansatt,
848 170 22 27 ty

117 204 74 21 härom
215 203 66 23 hafva
304 204 100 22 fackmän
427 203 66 23 redan
515 206 67 26 yttrat
608 204 39 28 sig.
681 204 53 22 Men
760 204 111 22 Utskottet

117 240 72 22 finner
204 247 27 14 ur
246 239 105 22 komiténs
367 239 141 28 betänkande,
525 242 32 19 att
573 239 27 23 de
615 240 35 21 för
661 242 31 20 ett
701 240 101 22 framtida
813 240 57 21 kart-

118 275 55 23 verk
188 275 136 29 nödvändiga
339 275 174 29 grundläggande
524 276 101 21 arbetena
636 276 97 22 erfordra
745 283 27 15 en
783 276 87 28 speciell

118 312 78 21 kritisk
220 311 150 29 planläggning
393 311 40 22 och
458 311 67 22 sådan
546 312 149 27 noggrannhet
717 312 7 21 i
748 311 123 22 utförandet

119 347 40 22 och
178 347 198 29 tillgodogörandet,
395 349 31 20 att
442 347 87 22 alldeles
545 347 111 22 bestämda
671 347 116 22 förstudier
803 347 67 22 måste

119 383 125 22 förutsättas
260 383 39 22 hos
315 383 27 22 de
358 383 121 22 arbetande.
502 383 40 22 Uti
558 383 101 22 liknande
675 383 37 22 fall
727 383 39 22 har
777 383 93 22 erfaren-

119 419 64 22 heten
198 419 29 29 på
242 419 65 22 andra
323 419 101 22 områden
435 420 87 27 utvisat,
532 421 32 20 att
576 419 147 22 förbiseendet
733 419 52 22 eller
795 419 75 22 under-

119 455 124 22 skattandet
258 455 23 22 af
295 455 149 28 grundsatsen,
459 457 31 20 att
506 455 76 22 endast
598 455 37 22 det
650 455 61 22 bästa
727 457 24 20 är
765 455 54 28 godt
829 462 42 21 nog

121 493 38 20 när
175 491 37 22 det
226 491 67 29 gäller
309 491 177 28 arbetsmetoden,
498 491 66 22 oftast
580 491 88 22 hämnar
679 492 32 28 sig
722 491 59 23 svårt
793 498 76 21 genom

121 527 79 22 förlust
219 527 23 22 af
257 527 75 27 medel,
348 527 131 22 arbetskraft
494 528 41 22 och
551 535 27 14 en
594 528 79 28 dyrbar
688 527 37 22 tid.
756 527 114 21 Förlusten

119 564 23 20 är
166 563 108 29 beklaglig
295 563 101 22 särskildt
419 565 38 20 när
480 564 43 22 den
546 564 66 28 gäller
631 564 130 22 kostsamma
777 562 93 23 arbeten.

120 600 113 22 Utskottet
256 600 76 22 tvekar
353 600 73 22 derför
448 600 19 28 ej
491 602 33 20 att
539 607 52 15 anse
612 600 49 27 den,
679 607 77 21 genom
773 599 26 22 de
815 598 55 22 båda

119 636 143 28 petitionerna
285 636 55 29 ånyo
356 636 68 22 under
439 635 75 24 debatt
530 636 82 28 bragta,
624 636 75 28 frågan
715 642 51 15 vara
782 635 88 28 förtjent

119 671 23 22 af
157 674 32 19 att
204 672 48 21 från
268 671 126 23 ständernas
410 672 47 22 sida
473 673 28 28 pä
516 673 38 21 allt
569 674 43 20 sätt
627 671 118 22 befordras.

191 707 44 22 Det
261 709 23 20 är
307 708 47 22 icke
378 708 24 22 sä
423 709 23 21 fä
462 708 143 27 embetsverk,
624 715 45 14 som
685 707 34 22 för
735 705 136 24 ekonomiskt

120 744 41 21 och
177 743 167 23 administrativt
359 744 81 29 viktiga
456 745 73 28 frågor
544 746 38 20 äro
592 745 8 21 i
610 743 65 23 behof
686 743 22 22 af
718 743 64 22 dessa
794 742 77 29 grund-

117 779 106 29 läggande
242 779 93 28 arbeten,
357 781 101 28 antingen
478 781 72 22 direkt
570 781 52 21 eller
637 779 99 22 indirekt.
766 779 105 27 Triangu-

117 816 91 21 lationer
230 816 101 21 anställas
352 817 125 28 visserligen
498 817 22 21 af
542 815 131 23 Lotsverket
688 815 35 22 för
738 815 133 28 upptagning

117 851 22 22 af
160 851 93 22 farleder
268 852 34 21 för
318 853 87 28 sjökort,
424 860 49 15 men
489 853 63 22 dessa
568 853 119 27 mätningar
703 853 36 20 äro
755 851 23 21 af
793 850 78 22 sekun-

117 887 39 22 där
179 890 33 19 art
230 887 41 22 och
292 889 68 21 vinna
375 889 148 29 noggrannhet
538 889 56 21 först
609 895 76 22 genom
701 887 123 28 anslutning
839 886 32 22 till

117 931 29 14 nu
172 925 8 20 i
205 923 60 29 fråga
287 925 93 22 varande
398 925 176 28 grundläggande
590 924 93 22 arbeten.
714 922 157 23 Landtmäteri-

118 960 87 22 verkets
227 960 153 22 skifteskartor
399 961 43 21 låta
463 961 33 28 sig
515 961 77 21 endast
607 959 145 28 ofullkomligt
767 966 104 14 samman-

116 996 63 27 fogas
195 996 32 21 till
243 997 68 21 större
326 997 130 29 komplexer,
472 999 52 20 utan
540 995 89 29 tillgång
645 995 28 29 på
688 994 126 29 geodetiska
830 994 40 21 och

117 1032 159 22 astronomiska
301 1033 164 28 bestämningar.
497 1031 49 23 Och
566 1035 50 19 utan
635 1032 77 27 kartor,
729 1031 84 22 hvilkas
830 1030 41 22 till-

117 1067 128 29 förlitlighet
266 1068 69 22 hvilar
357 1068 29 29 på
408 1068 153 23 användandet
582 1068 23 21 af
621 1067 26 22 de
664 1075 29 14 nu
708 1066 163 29 ifrågavarande

117 1103 175 30 grundläggande
301 1104 106 27 arbetena,
417 1105 42 21 kan
466 1112 27 14 en
504 1104 194 29 jordbruksenquet
708 1103 50 22 icke
769 1102 103 22 tillfreds-

117 1139 105 22 ställande
238 1140 89 22 utföras.
357 1140 122 22 Innehåller
494 1140 147 29 grundkartan
657 1139 110 22 dessutom
783 1138 89 22 korrekt

117 1176 87 29 angifna
220 1176 205 29 höjdförhållanden,
441 1176 63 22 alltså
520 1175 195 29 terrängolikheter,
731 1175 24 21 så
773 1174 41 22 blir
828 1173 43 23 den

117 1213 23 21 af
163 1213 45 20 stor
230 1214 61 26 nytta
310 1212 66 22 redan
394 1212 36 21 för
448 1212 42 21 den
506 1211 123 30 geologiska
645 1211 188 28 undersökningen
849 1210 22 21 af

117 1248 79 27 landet,
212 1247 41 22 och
268 1250 48 19 rent
332 1248 22 21 af
370 1248 122 28 ovärderlig
506 1247 35 22 för
556 1248 41 21 alla
613 1246 156 23 förberedande
784 1246 88 22 arbeten

117 1283 35 22 för
167 1284 168 29 järnvägslinier,
350 1284 146 28 torrläggning
512 1283 22 22 af
544 1283 67 22 sanka
622 1283 91 27 marker,
723 1282 146 29 sjöfällningar

119 1319 41 22 och
176 1321 152 27 vattenvägars
344 1320 111 28 reglering.

190 1355 30 21 Så
242 1355 62 28 länge
328 1355 26 22 de
373 1354 177 30 grundläggande
568 1354 212 28 undersökningarna
797 1355 36 20 äro
849 1360 24 14 o-

118 1391 81 29 gjorda,
214 1390 61 22 skola
291 1391 63 22 dessa
370 1391 136 22 embetsverk
523 1398 51 15 vara
587 1390 129 27 nödsakade,
729 1390 101 28 antingen
841 1391 31 19 att

190 1432 207 19 Ekonomiutskottets
412 1432 126 19 betänkande
552 1432 38 18 N:o
604 1433 31 17 27.
