1023 1656
186 145 38 20 och
247 146 102 25 godkänts
368 146 73 26 jemväl
457 147 116 25 prestvigde
589 147 114 20 skollärare.
736 147 30 19 På
782 154 74 13 samma
872 146 66 26 grund

188 174 53 26 böra,
259 176 64 26 enligt
338 178 47 18 mitt
399 176 134 25 förmenande,
551 177 38 19 alla
605 177 30 24 de,
653 184 42 12 som
711 180 33 16 äro
760 176 116 27 prestvigde
886 179 52 17 samt

187 208 34 17 äro
245 205 94 21 försedda
361 206 46 20 med
430 206 99 20 ordinarie
547 206 78 20 embete
640 207 48 19 eller
703 206 68 26 tjenst,
788 214 38 18 ega
840 206 98 26 rättighet

187 237 32 18 att
234 235 81 26 deltaga
330 238 7 17 i
353 237 160 25 presterskapets
529 236 221 26 landtdagsmannaval.
777 236 89 20 Emedan
876 235 62 21 saken

187 265 64 20 likväl
275 272 60 20 synes
355 273 47 13 vara
417 266 62 25 oklar,
497 274 47 12 vore
559 266 35 20 det
609 267 64 25 enligt
689 269 40 17 min
745 267 61 19 tanke
822 266 70 26 nödigt
908 268 30 18 att

187 294 118 27 förtydliga,
322 296 52 19 huru
389 296 71 20 orden:
480 297 57 25 ,,med
553 296 99 20 ordinarie
668 296 76 20 embete
760 296 47 20 eller
823 296 62 26 tjenst
900 296 38 20 för-

187 325 76 20 sedda"
282 325 47 21 böra
345 326 90 20 förestäs.

260 356 41 26 Jag
325 358 62 24 vågar
411 356 66 20 derför
495 356 78 25 föreslå,
593 359 32 17 att
648 356 124 26 högvördiga
787 356 151 20 Presteståndet

187 385 48 20 ville
251 385 68 20 förena
335 388 32 24 sig
383 393 31 13 om
430 394 24 12 en
470 386 125 26 underdånig
611 388 84 24 petition
711 386 67 20 derom

474 449 30 17 att
527 447 58 19 Hans
608 446 115 26 Kejserliga
745 446 95 26 Majestät
861 446 77 19 täcktes

403 476 103 26 förelägga
521 476 235 20 nästsammanträdande
776 476 86 20 Ständer
877 475 61 26 nådig

403 507 122 25 proposition
541 514 31 12 om
583 506 63 20 sådan
657 506 86 26 ändring
754 506 22 20 af
784 506 13 26 &
808 507 24 19 11
845 508 7 17 i
862 505 76 20 Landt-

403 536 168 26 dagsordningen,
599 538 30 18 att
655 536 115 20 densamma
795 536 75 26 tydligt
896 536 42 19 vid-

404 566 144 26 handengäfve,
573 566 31 20 till
625 566 80 20 hvilken
728 566 89 20 valkrets
832 566 25 19 de
872 562 66 23 valbe-

404 597 100 25 rättigade
520 599 101 23 prestmän
633 597 54 23 höra,
698 596 69 20 hvilka
778 596 44 20 icke
832 595 106 20 innehafva

403 627 98 19 ordinarie
517 626 138 26 prestembete.

260 692 41 25 Jag
325 692 95 24 anhäller,
437 695 31 17 att
483 693 125 25 högvördiga
623 692 153 20 Presteständet
791 693 61 18 mätte
867 691 71 20 under-

188 721 59 19 stöda
270 722 55 19 detta
350 723 196 25 petitionsmemorial
565 723 36 19 och
616 724 101 18 remittera
733 722 110 20 detsamma
859 722 31 19 till
906 720 32 20 be-

187 750 100 27 handling
303 752 22 19 af
338 752 140 25 lagutskottet.

260 811 134 26 Helsingfors,
411 812 38 20 den
465 812 13 20 8
494 812 97 20 Februari
610 812 61 20 1897.

690 918 20 21 H.
728 918 19 21 E.
763 917 103 27 Wegelius.

296 1410 110 18 Helsingfors,
416 1411 102 17 Osakeyhtiö
528 1411 61 14 Weilin
600 1411 12 14 &
623 1411 44 14 Göös
678 1411 105 18 Aktiebolag,
793 1411 39 14 1897.
