<?xml version="1.0" encoding="UTF-8"?>
<alto xmlns="http://www.loc.gov/standards/alto/ns-v3#" xmlns:xlink="http://www.w3.org/1999/xlink" xmlns:xsi="http://www.w3.org/2001/XMLSchema-instance" xsi:schemaLocation="http://www.loc.gov/standards/alto/ns-v3# http://www.loc.gov/alto/v3/alto-3-0.xsd">
	<Description>
		<MeasurementUnit>pixel</MeasurementUnit>
		<sourceImageInformation>
			<fileName>/tmp/tess_f_7bh4xt_input.PNG</fileName>
		</sourceImageInformation>
		<OCRProcessing ID="OCR_0">
			<ocrProcessingStep>
				<processingSoftware>
					<softwareName>tesseract 5.3.4</softwareName>
				</processingSoftware>
			</ocrProcessingStep>
		</OCRProcessing>
	</Description>
	<Layout>
		<Page WIDTH="1003" HEIGHT="1656" PHYSICAL_IMG_NR="0" ID="page_0">
			<PrintSpace HPOS="0" VPOS="0" WIDTH="1003" HEIGHT="1656">
				<ComposedBlock ID="cblock_0" HPOS="768" VPOS="114" WIDTH="12" HEIGHT="19">
					<TextBlock ID="block_0" HPOS="768" VPOS="114" WIDTH="12" HEIGHT="19">
						<TextLine ID="line_0" HPOS="768" VPOS="114" WIDTH="12" HEIGHT="19">
							<String ID="string_0" HPOS="768" VPOS="114" WIDTH="12" HEIGHT="19" WC="0.96" CONTENT="5"/>
						</TextLine>
					</TextBlock>
				</ComposedBlock>
				<ComposedBlock ID="cblock_1" HPOS="53" VPOS="176" WIDTH="764" HEIGHT="1297">
					<TextBlock ID="block_1" HPOS="53" VPOS="176" WIDTH="757" HEIGHT="259">
						<TextLine ID="line_1" HPOS="53" VPOS="176" WIDTH="756" HEIGHT="27">
							<String ID="string_1" HPOS="53" VPOS="178" WIDTH="42" HEIGHT="20" WC="0.96" CONTENT="bud"/><SP WIDTH="15" VPOS="178" HPOS="95"/>
							<String ID="string_2" HPOS="110" VPOS="178" WIDTH="32" HEIGHT="20" WC="0.96" CONTENT="för"/><SP WIDTH="15" VPOS="178" HPOS="142"/>
							<String ID="string_3" HPOS="157" VPOS="178" WIDTH="41" HEIGHT="20" WC="0.96" CONTENT="alla"/><SP WIDTH="14" VPOS="178" HPOS="198"/>
							<String ID="string_4" HPOS="212" VPOS="178" WIDTH="33" HEIGHT="20" WC="0.96" CONTENT="till"/><SP WIDTH="16" VPOS="178" HPOS="245"/>
							<String ID="string_5" HPOS="261" VPOS="178" WIDTH="86" HEIGHT="20" WC="0.96" CONTENT="häradet"/><SP WIDTH="15" VPOS="178" HPOS="347"/>
							<String ID="string_6" HPOS="362" VPOS="177" WIDTH="90" HEIGHT="21" WC="0.96" CONTENT="hörande"/><SP WIDTH="16" VPOS="177" HPOS="452"/>
							<String ID="string_7" HPOS="468" VPOS="178" WIDTH="120" HEIGHT="19" WC="0.96" CONTENT="kommuner"/><SP WIDTH="16" VPOS="178" HPOS="588"/>
							<String ID="string_8" HPOS="604" VPOS="178" WIDTH="37" HEIGHT="19" WC="0.96" CONTENT="bör"/><SP WIDTH="15" VPOS="178" HPOS="641"/>
							<String ID="string_9" HPOS="656" VPOS="179" WIDTH="98" HEIGHT="24" WC="0.93" CONTENT="upprätta"/><SP WIDTH="14" VPOS="179" HPOS="754"/>
							<String ID="string_10" HPOS="768" VPOS="176" WIDTH="41" HEIGHT="20" WC="0.93" CONTENT="för-"/>
						</TextLine>
						<TextLine ID="line_2" HPOS="53" VPOS="204" WIDTH="757" HEIGHT="28">
							<String ID="string_11" HPOS="53" VPOS="207" WIDTH="46" HEIGHT="25" WC="0.96" CONTENT="slag"/><SP WIDTH="15" VPOS="207" HPOS="99"/>
							<String ID="string_12" HPOS="114" VPOS="207" WIDTH="32" HEIGHT="19" WC="0.96" CONTENT="till"/><SP WIDTH="15" VPOS="207" HPOS="146"/>
							<String ID="string_13" HPOS="161" VPOS="206" WIDTH="127" HEIGHT="20" WC="0.96" CONTENT="inrättandet"/><SP WIDTH="11" VPOS="206" HPOS="288"/>
							<String ID="string_14" HPOS="299" VPOS="206" WIDTH="23" HEIGHT="20" WC="0.93" CONTENT="af"/><SP WIDTH="7" VPOS="206" HPOS="322"/>
							<String ID="string_15" HPOS="329" VPOS="206" WIDTH="197" HEIGHT="26" WC="0.90" CONTENT="skjutsanstalterna"/><SP WIDTH="8" VPOS="206" HPOS="526"/>
							<String ID="string_16" HPOS="534" VPOS="206" WIDTH="39" HEIGHT="20" WC="0.96" CONTENT="och"/><SP WIDTH="9" VPOS="206" HPOS="573"/>
							<String ID="string_17" HPOS="582" VPOS="206" WIDTH="115" HEIGHT="20" WC="0.96" CONTENT="ordnandet"/><SP WIDTH="7" VPOS="206" HPOS="697"/>
							<String ID="string_18" HPOS="704" VPOS="205" WIDTH="24" HEIGHT="21" WC="0.93" CONTENT="af"/><SP WIDTH="5" VPOS="205" HPOS="728"/>
							<String ID="string_19" HPOS="733" VPOS="204" WIDTH="77" HEIGHT="27" WC="0.92" CONTENT="skjuts-"/>
						</TextLine>
						<TextLine ID="line_3" HPOS="54" VPOS="230" WIDTH="755" HEIGHT="31">
							<String ID="string_20" HPOS="54" VPOS="236" WIDTH="83" HEIGHT="25" WC="0.95" CONTENT="ningen."/><SP WIDTH="29" VPOS="236" HPOS="137"/>
							<String ID="string_21" HPOS="166" VPOS="230" WIDTH="30" HEIGHT="25" WC="0.90" CONTENT="Åt"/><SP WIDTH="22" VPOS="230" HPOS="196"/>
							<String ID="string_22" HPOS="218" VPOS="236" WIDTH="60" HEIGHT="20" WC="0.90" CONTENT="desse"/><SP WIDTH="22" VPOS="236" HPOS="278"/>
							<String ID="string_23" HPOS="300" VPOS="234" WIDTH="153" HEIGHT="27" WC="0.91" CONTENT="kronofogdens"/><SP WIDTH="23" VPOS="234" HPOS="453"/>
							<String ID="string_24" HPOS="476" VPOS="235" WIDTH="38" HEIGHT="20" WC="0.93" CONTENT="och"/><SP WIDTH="24" VPOS="235" HPOS="514"/>
							<String ID="string_25" HPOS="538" VPOS="235" WIDTH="114" HEIGHT="20" WC="0.91" CONTENT="ombudens"/><SP WIDTH="18" VPOS="235" HPOS="652"/>
							<String ID="string_26" HPOS="670" VPOS="234" WIDTH="34" HEIGHT="20" WC="0.93" CONTENT="för"/><SP WIDTH="14" VPOS="234" HPOS="704"/>
							<String ID="string_27" HPOS="718" VPOS="234" WIDTH="91" HEIGHT="20" WC="0.92" CONTENT="kommu-"/>
						</TextLine>
						<TextLine ID="line_4" HPOS="54" VPOS="263" WIDTH="756" HEIGHT="27">
							<String ID="string_28" HPOS="54" VPOS="271" WIDTH="63" HEIGHT="14" WC="0.96" CONTENT="nerna"/><SP WIDTH="22" VPOS="271" HPOS="117"/>
							<String ID="string_29" HPOS="139" VPOS="271" WIDTH="150" HEIGHT="19" WC="0.95" CONTENT="gemensamma"/><SP WIDTH="23" VPOS="271" HPOS="289"/>
							<String ID="string_30" HPOS="312" VPOS="266" WIDTH="68" HEIGHT="18" WC="0.95" CONTENT="möten"/><SP WIDTH="16" VPOS="266" HPOS="380"/>
							<String ID="string_31" HPOS="396" VPOS="264" WIDTH="36" HEIGHT="20" WC="0.96" CONTENT="har"/><SP WIDTH="16" VPOS="264" HPOS="432"/>
							<String ID="string_32" HPOS="448" VPOS="264" WIDTH="122" HEIGHT="24" WC="0.93" CONTENT="sedermera,"/><SP WIDTH="16" VPOS="264" HPOS="570"/>
							<String ID="string_33" HPOS="586" VPOS="264" WIDTH="78" HEIGHT="20" WC="0.90" CONTENT="medels"/><SP WIDTH="16" VPOS="264" HPOS="664"/>
							<String ID="string_34" HPOS="680" VPOS="263" WIDTH="75" HEIGHT="26" WC="0.93" CONTENT="nådiga"/><SP WIDTH="14" VPOS="263" HPOS="755"/>
							<String ID="string_35" HPOS="769" VPOS="263" WIDTH="41" HEIGHT="19" WC="0.92" CONTENT="för-"/>
						</TextLine>
						<TextLine ID="line_5" HPOS="55" VPOS="292" WIDTH="755" HEIGHT="27">
							<String ID="string_36" HPOS="55" VPOS="294" WIDTH="113" HEIGHT="25" WC="0.95" CONTENT="ordningen"/><SP WIDTH="23" VPOS="294" HPOS="168"/>
							<String ID="string_37" HPOS="191" VPOS="293" WIDTH="22" HEIGHT="19" WC="0.96" CONTENT="af"/><SP WIDTH="20" VPOS="293" HPOS="213"/>
							<String ID="string_38" HPOS="233" VPOS="293" WIDTH="40" HEIGHT="19" WC="0.96" CONTENT="den"/><SP WIDTH="23" VPOS="293" HPOS="273"/>
							<String ID="string_39" HPOS="296" VPOS="294" WIDTH="26" HEIGHT="19" WC="0.96" CONTENT="20"/><SP WIDTH="23" VPOS="294" HPOS="322"/>
							<String ID="string_40" HPOS="345" VPOS="292" WIDTH="115" HEIGHT="20" WC="0.96" CONTENT="December"/><SP WIDTH="20" VPOS="292" HPOS="460"/>
							<String ID="string_41" HPOS="480" VPOS="294" WIDTH="61" HEIGHT="24" WC="0.93" CONTENT="1888,"/><SP WIDTH="18" VPOS="294" HPOS="541"/>
							<String ID="string_42" HPOS="559" VPOS="292" WIDTH="103" HEIGHT="21" WC="0.90" CONTENT="faststälts"/><SP WIDTH="16" VPOS="292" HPOS="662"/>
							<String ID="string_43" HPOS="678" VPOS="299" WIDTH="25" HEIGHT="14" WC="0.96" CONTENT="en"/><SP WIDTH="15" VPOS="299" HPOS="703"/>
							<String ID="string_44" HPOS="718" VPOS="295" WIDTH="92" HEIGHT="17" WC="0.96" CONTENT="närmare"/>
						</TextLine>
						<TextLine ID="line_6" HPOS="55" VPOS="320" WIDTH="755" HEIGHT="29">
							<String ID="string_45" HPOS="55" VPOS="322" WIDTH="117" HEIGHT="27" WC="0.96" CONTENT="preciserad"/><SP WIDTH="15" VPOS="322" HPOS="172"/>
							<String ID="string_46" HPOS="187" VPOS="322" WIDTH="131" HEIGHT="26" WC="0.96" CONTENT="befogenhet."/><SP WIDTH="31" VPOS="322" HPOS="318"/>
							<String ID="string_47" HPOS="349" VPOS="322" WIDTH="10" HEIGHT="19" WC="0.89" CONTENT="I"/><SP WIDTH="11" VPOS="322" HPOS="359"/>
							<String ID="string_48" HPOS="370" VPOS="321" WIDTH="76" HEIGHT="26" WC="0.95" CONTENT="nådiga"/><SP WIDTH="10" VPOS="321" HPOS="446"/>
							<String ID="string_49" HPOS="456" VPOS="321" WIDTH="149" HEIGHT="26" WC="0.96" CONTENT="förordningen"/><SP WIDTH="7" VPOS="321" HPOS="605"/>
							<String ID="string_50" HPOS="612" VPOS="321" WIDTH="23" HEIGHT="20" WC="0.96" CONTENT="af"/><SP WIDTH="6" VPOS="321" HPOS="635"/>
							<String ID="string_51" HPOS="641" VPOS="321" WIDTH="40" HEIGHT="21" WC="0.96" CONTENT="den"/><SP WIDTH="10" VPOS="321" HPOS="681"/>
							<String ID="string_52" HPOS="691" VPOS="322" WIDTH="25" HEIGHT="20" WC="0.96" CONTENT="15"/><SP WIDTH="9" VPOS="322" HPOS="716"/>
							<String ID="string_53" HPOS="725" VPOS="320" WIDTH="85" HEIGHT="21" WC="0.96" CONTENT="Januari"/>
						</TextLine>
						<TextLine ID="line_7" HPOS="57" VPOS="350" WIDTH="753" HEIGHT="26">
							<String ID="string_54" HPOS="57" VPOS="352" WIDTH="61" HEIGHT="24" WC="0.96" CONTENT="1883,"/><SP WIDTH="22" VPOS="352" HPOS="118"/>
							<String ID="string_55" HPOS="140" VPOS="350" WIDTH="106" HEIGHT="26" WC="0.93" CONTENT="angående"/><SP WIDTH="23" VPOS="350" HPOS="246"/>
							<String ID="string_56" HPOS="269" VPOS="354" WIDTH="73" HEIGHT="22" WC="0.92" CONTENT="vägars"/><SP WIDTH="23" VPOS="354" HPOS="342"/>
							<String ID="string_57" HPOS="365" VPOS="350" WIDTH="38" HEIGHT="20" WC="0.91" CONTENT="och"/><SP WIDTH="22" VPOS="350" HPOS="403"/>
							<String ID="string_58" HPOS="425" VPOS="351" WIDTH="72" HEIGHT="19" WC="0.90" CONTENT="broars"/><SP WIDTH="18" VPOS="351" HPOS="497"/>
							<String ID="string_59" HPOS="515" VPOS="350" WIDTH="112" HEIGHT="26" WC="0.96" CONTENT="byggande"/><SP WIDTH="15" VPOS="350" HPOS="627"/>
							<String ID="string_60" HPOS="642" VPOS="350" WIDTH="38" HEIGHT="20" WC="0.97" CONTENT="och"/><SP WIDTH="16" VPOS="350" HPOS="680"/>
							<String ID="string_61" HPOS="696" VPOS="350" WIDTH="114" HEIGHT="24" WC="0.95" CONTENT="underhåll,"/>
						</TextLine>
						<TextLine ID="line_8" HPOS="55" VPOS="378" WIDTH="755" HEIGHT="27">
							<String ID="string_62" HPOS="55" VPOS="381" WIDTH="78" HEIGHT="19" WC="0.90" CONTENT="lemnas"/><SP WIDTH="15" VPOS="381" HPOS="133"/>
							<String ID="string_63" HPOS="148" VPOS="379" WIDTH="165" HEIGHT="21" WC="0.95" CONTENT="beslutanderätt"/><SP WIDTH="14" VPOS="379" HPOS="313"/>
							<String ID="string_64" HPOS="327" VPOS="380" WIDTH="7" HEIGHT="19" WC="0.96" CONTENT="i"/><SP WIDTH="16" VPOS="380" HPOS="334"/>
							<String ID="string_65" HPOS="350" VPOS="379" WIDTH="48" HEIGHT="20" WC="0.96" CONTENT="flere"/><SP WIDTH="15" VPOS="379" HPOS="398"/>
							<String ID="string_66" HPOS="413" VPOS="379" WIDTH="91" HEIGHT="26" WC="0.96" CONTENT="punkter"/><SP WIDTH="14" VPOS="379" HPOS="504"/>
							<String ID="string_67" HPOS="518" VPOS="380" WIDTH="24" HEIGHT="20" WC="0.96" CONTENT="af"/><SP WIDTH="12" VPOS="380" HPOS="542"/>
							<String ID="string_68" HPOS="554" VPOS="379" WIDTH="61" HEIGHT="21" WC="0.95" CONTENT="dessa"/><SP WIDTH="15" VPOS="379" HPOS="615"/>
							<String ID="string_69" HPOS="630" VPOS="378" WIDTH="71" HEIGHT="27" WC="0.95" CONTENT="frågor"/><SP WIDTH="13" VPOS="378" HPOS="701"/>
							<String ID="string_70" HPOS="714" VPOS="379" WIDTH="22" HEIGHT="20" WC="0.93" CONTENT="åt"/><SP WIDTH="10" VPOS="379" HPOS="736"/>
							<String ID="string_71" HPOS="746" VPOS="379" WIDTH="64" HEIGHT="25" WC="0.91" CONTENT="tings-"/>
						</TextLine>
						<TextLine ID="line_9" HPOS="55" VPOS="408" WIDTH="576" HEIGHT="27">
							<String ID="string_72" HPOS="55" VPOS="410" WIDTH="63" HEIGHT="25" WC="0.96" CONTENT="laget,"/><SP WIDTH="15" VPOS="410" HPOS="118"/>
							<String ID="string_73" HPOS="133" VPOS="415" WIDTH="44" HEIGHT="13" WC="0.96" CONTENT="som"/><SP WIDTH="15" VPOS="415" HPOS="177"/>
							<String ID="string_74" HPOS="192" VPOS="408" WIDTH="97" HEIGHT="26" WC="0.96" CONTENT="vanligen"/><SP WIDTH="16" VPOS="408" HPOS="289"/>
							<String ID="string_75" HPOS="305" VPOS="411" WIDTH="84" HEIGHT="23" WC="0.96" CONTENT="utgöres"/><SP WIDTH="16" VPOS="411" HPOS="389"/>
							<String ID="string_76" HPOS="405" VPOS="408" WIDTH="23" HEIGHT="19" WC="0.96" CONTENT="af"/><SP WIDTH="12" VPOS="408" HPOS="428"/>
							<String ID="string_77" HPOS="440" VPOS="408" WIDTH="50" HEIGHT="20" WC="0.96" CONTENT="flere"/><SP WIDTH="15" VPOS="408" HPOS="490"/>
							<String ID="string_78" HPOS="505" VPOS="408" WIDTH="126" HEIGHT="20" WC="0.95" CONTENT="kommuner."/>
						</TextLine>
					</TextBlock>
					<TextBlock ID="block_2" HPOS="55" VPOS="436" WIDTH="758" HEIGHT="488">
						<TextLine ID="line_10" HPOS="124" VPOS="436" WIDTH="686" HEIGHT="27">
							<String ID="string_79" HPOS="124" VPOS="437" WIDTH="27" HEIGHT="20" WC="0.96" CONTENT="Vi"/><SP WIDTH="22" VPOS="437" HPOS="151"/>
							<String ID="string_80" HPOS="173" VPOS="437" WIDTH="62" HEIGHT="20" WC="0.96" CONTENT="hafva"/><SP WIDTH="19" VPOS="437" HPOS="235"/>
							<String ID="string_81" HPOS="254" VPOS="437" WIDTH="63" HEIGHT="20" WC="0.96" CONTENT="redan"/><SP WIDTH="16" VPOS="437" HPOS="317"/>
							<String ID="string_82" HPOS="333" VPOS="437" WIDTH="37" HEIGHT="20" WC="0.96" CONTENT="här"/><SP WIDTH="15" VPOS="437" HPOS="370"/>
							<String ID="string_83" HPOS="385" VPOS="437" WIDTH="61" HEIGHT="20" WC="0.96" CONTENT="ofvan"/><SP WIDTH="16" VPOS="437" HPOS="446"/>
							<String ID="string_84" HPOS="462" VPOS="437" WIDTH="71" HEIGHT="20" WC="0.96" CONTENT="berört"/><SP WIDTH="14" VPOS="437" HPOS="533"/>
							<String ID="string_85" HPOS="547" VPOS="437" WIDTH="80" HEIGHT="26" WC="0.96" CONTENT="frågan,"/><SP WIDTH="15" VPOS="437" HPOS="627"/>
							<String ID="string_86" HPOS="642" VPOS="437" WIDTH="72" HEIGHT="20" WC="0.93" CONTENT="hvilka"/><SP WIDTH="15" VPOS="437" HPOS="714"/>
							<String ID="string_87" HPOS="729" VPOS="436" WIDTH="81" HEIGHT="26" WC="0.92" CONTENT="angelä-"/>
						</TextLine>
						<TextLine ID="line_11" HPOS="56" VPOS="465" WIDTH="754" HEIGHT="28">
							<String ID="string_88" HPOS="56" VPOS="467" WIDTH="100" HEIGHT="26" WC="0.91" CONTENT="genheter"/><SP WIDTH="21" VPOS="467" HPOS="156"/>
							<String ID="string_89" HPOS="177" VPOS="466" WIDTH="64" HEIGHT="19" WC="0.96" CONTENT="borde"/><SP WIDTH="22" VPOS="466" HPOS="241"/>
							<String ID="string_90" HPOS="263" VPOS="473" WIDTH="60" HEIGHT="13" WC="0.96" CONTENT="anses"/><SP WIDTH="16" VPOS="473" HPOS="323"/>
							<String ID="string_91" HPOS="339" VPOS="466" WIDTH="68" HEIGHT="20" WC="0.96" CONTENT="såsom"/><SP WIDTH="15" VPOS="466" HPOS="407"/>
							<String ID="string_92" HPOS="422" VPOS="466" WIDTH="92" HEIGHT="20" WC="0.96" CONTENT="hörande"/><SP WIDTH="15" VPOS="466" HPOS="514"/>
							<String ID="string_93" HPOS="529" VPOS="466" WIDTH="33" HEIGHT="19" WC="0.93" CONTENT="till"/><SP WIDTH="14" VPOS="466" HPOS="562"/>
							<String ID="string_94" HPOS="576" VPOS="465" WIDTH="234" HEIGHT="26" WC="0.92" CONTENT="häradsrepresentatio-"/>
						</TextLine>
						<TextLine ID="line_12" HPOS="56" VPOS="495" WIDTH="755" HEIGHT="20">
							<String ID="string_95" HPOS="56" VPOS="502" WIDTH="51" HEIGHT="13" WC="0.93" CONTENT="nens"/><SP WIDTH="22" VPOS="502" HPOS="107"/>
							<String ID="string_96" HPOS="129" VPOS="495" WIDTH="233" HEIGHT="20" WC="0.91" CONTENT="värksamhetsomräde."/><SP WIDTH="30" VPOS="495" HPOS="362"/>
							<String ID="string_97" HPOS="392" VPOS="495" WIDTH="38" HEIGHT="20" WC="0.95" CONTENT="Att"/><SP WIDTH="23" VPOS="495" HPOS="430"/>
							<String ID="string_98" HPOS="453" VPOS="495" WIDTH="32" HEIGHT="19" WC="0.96" CONTENT="till"/><SP WIDTH="23" VPOS="495" HPOS="485"/>
							<String ID="string_99" HPOS="508" VPOS="495" WIDTH="60" HEIGHT="20" WC="0.96" CONTENT="dessa"/><SP WIDTH="23" VPOS="495" HPOS="568"/>
							<String ID="string_100" HPOS="591" VPOS="495" WIDTH="7" HEIGHT="19" WC="0.96" CONTENT="i"/><SP WIDTH="21" VPOS="495" HPOS="598"/>
							<String ID="string_101" HPOS="619" VPOS="495" WIDTH="87" HEIGHT="20" WC="0.96" CONTENT="främsta"/><SP WIDTH="19" VPOS="495" HPOS="706"/>
							<String ID="string_102" HPOS="725" VPOS="496" WIDTH="86" HEIGHT="18" WC="0.96" CONTENT="rummet"/>
						</TextLine>
						<TextLine ID="line_13" HPOS="56" VPOS="523" WIDTH="754" HEIGHT="26">
							<String ID="string_103" HPOS="56" VPOS="524" WIDTH="63" HEIGHT="20" WC="0.95" CONTENT="borde"/><SP WIDTH="23" VPOS="524" HPOS="119"/>
							<String ID="string_104" HPOS="142" VPOS="523" WIDTH="96" HEIGHT="21" WC="0.95" CONTENT="hänföras"/><SP WIDTH="22" VPOS="523" HPOS="238"/>
							<String ID="string_105" HPOS="260" VPOS="530" WIDTH="153" HEIGHT="19" WC="0.96" CONTENT="gemensamma"/><SP WIDTH="20" VPOS="530" HPOS="413"/>
							<String ID="string_106" HPOS="433" VPOS="523" WIDTH="135" HEIGHT="21" WC="0.96" CONTENT="ekonomiska"/><SP WIDTH="14" VPOS="523" HPOS="568"/>
							<String ID="string_107" HPOS="582" VPOS="523" WIDTH="70" HEIGHT="26" WC="0.95" CONTENT="frågor"/><SP WIDTH="14" VPOS="523" HPOS="652"/>
							<String ID="string_108" HPOS="666" VPOS="524" WIDTH="68" HEIGHT="19" WC="0.92" CONTENT="såsom"/><SP WIDTH="15" VPOS="524" HPOS="734"/>
							<String ID="string_109" HPOS="749" VPOS="525" WIDTH="15" HEIGHT="18" WC="0.92" CONTENT="t."/><SP WIDTH="16" VPOS="525" HPOS="764"/>
							<String ID="string_110" HPOS="780" VPOS="529" WIDTH="30" HEIGHT="14" WC="0.95" CONTENT="ex."/>
						</TextLine>
						<TextLine ID="line_14" HPOS="57" VPOS="551" WIDTH="754" HEIGHT="28">
							<String ID="string_111" HPOS="57" VPOS="553" WIDTH="103" HEIGHT="20" WC="0.96" CONTENT="särskilda"/><SP WIDTH="20" VPOS="553" HPOS="160"/>
							<String ID="string_112" HPOS="180" VPOS="552" WIDTH="96" HEIGHT="27" WC="0.96" CONTENT="åtgärder"/><SP WIDTH="15" VPOS="552" HPOS="276"/>
							<String ID="string_113" HPOS="291" VPOS="553" WIDTH="32" HEIGHT="19" WC="0.96" CONTENT="för"/><SP WIDTH="16" VPOS="553" HPOS="323"/>
							<String ID="string_114" HPOS="339" VPOS="552" WIDTH="139" HEIGHT="26" WC="0.96" CONTENT="befrämjande"/><SP WIDTH="16" VPOS="552" HPOS="478"/>
							<String ID="string_115" HPOS="494" VPOS="552" WIDTH="23" HEIGHT="20" WC="0.96" CONTENT="af"/><SP WIDTH="10" VPOS="552" HPOS="517"/>
							<String ID="string_116" HPOS="527" VPOS="553" WIDTH="125" HEIGHT="25" WC="0.96" CONTENT="jordbruket"/><SP WIDTH="14" VPOS="553" HPOS="652"/>
							<String ID="string_117" HPOS="666" VPOS="553" WIDTH="38" HEIGHT="20" WC="0.96" CONTENT="och"/><SP WIDTH="14" VPOS="553" HPOS="704"/>
							<String ID="string_118" HPOS="718" VPOS="552" WIDTH="48" HEIGHT="21" WC="0.93" CONTENT="dess"/><SP WIDTH="16" VPOS="552" HPOS="766"/>
							<String ID="string_119" HPOS="782" VPOS="551" WIDTH="29" HEIGHT="20" WC="0.93" CONTENT="bi-"/>
						</TextLine>
						<TextLine ID="line_15" HPOS="57" VPOS="581" WIDTH="754" HEIGHT="27">
							<String ID="string_120" HPOS="57" VPOS="582" WIDTH="102" HEIGHT="26" WC="0.96" CONTENT="näringar,"/><SP WIDTH="16" VPOS="582" HPOS="159"/>
							<String ID="string_121" HPOS="175" VPOS="581" WIDTH="125" HEIGHT="26" WC="0.96" CONTENT="ömsesidiga"/><SP WIDTH="15" VPOS="581" HPOS="300"/>
							<String ID="string_122" HPOS="315" VPOS="581" WIDTH="141" HEIGHT="26" WC="0.93" CONTENT="försäkringar"/><SP WIDTH="15" VPOS="581" HPOS="456"/>
							<String ID="string_123" HPOS="471" VPOS="589" WIDTH="27" HEIGHT="12" WC="0.89" CONTENT="m."/><SP WIDTH="16" VPOS="589" HPOS="498"/>
							<String ID="string_124" HPOS="514" VPOS="589" WIDTH="25" HEIGHT="13" WC="0.90" CONTENT="m."/><SP WIDTH="17" VPOS="589" HPOS="539"/>
							<String ID="string_125" HPOS="556" VPOS="585" WIDTH="23" HEIGHT="16" WC="0.95" CONTENT="är"/><SP WIDTH="14" VPOS="585" HPOS="579"/>
							<String ID="string_126" HPOS="593" VPOS="581" WIDTH="107" HEIGHT="26" WC="0.96" CONTENT="naturligt,"/><SP WIDTH="12" VPOS="581" HPOS="700"/>
							<String ID="string_127" HPOS="712" VPOS="588" WIDTH="46" HEIGHT="13" WC="0.92" CONTENT="men"/><SP WIDTH="9" VPOS="588" HPOS="758"/>
							<String ID="string_128" HPOS="767" VPOS="581" WIDTH="44" HEIGHT="20" WC="0.92" CONTENT="der-"/>
						</TextLine>
						<TextLine ID="line_16" HPOS="55" VPOS="610" WIDTH="756" HEIGHT="27">
							<String ID="string_129" HPOS="55" VPOS="611" WIDTH="63" HEIGHT="26" WC="0.96" CONTENT="jemte"/><SP WIDTH="22" VPOS="611" HPOS="118"/>
							<String ID="string_130" HPOS="140" VPOS="611" WIDTH="63" HEIGHT="20" WC="0.96" CONTENT="borde"/><SP WIDTH="16" VPOS="611" HPOS="203"/>
							<String ID="string_131" HPOS="219" VPOS="610" WIDTH="44" HEIGHT="20" WC="0.96" CONTENT="från"/><SP WIDTH="14" VPOS="610" HPOS="263"/>
							<String ID="string_132" HPOS="277" VPOS="610" WIDTH="66" HEIGHT="20" WC="0.96" CONTENT="första"/><SP WIDTH="15" VPOS="610" HPOS="343"/>
							<String ID="string_133" HPOS="358" VPOS="611" WIDTH="71" HEIGHT="25" WC="0.96" CONTENT="början"/><SP WIDTH="17" VPOS="611" HPOS="429"/>
							<String ID="string_134" HPOS="446" VPOS="611" WIDTH="124" HEIGHT="19" WC="0.96" CONTENT="åtminstone"/><SP WIDTH="16" VPOS="611" HPOS="570"/>
							<String ID="string_135" HPOS="586" VPOS="611" WIDTH="64" HEIGHT="25" WC="0.93" CONTENT="några"/><SP WIDTH="14" VPOS="611" HPOS="650"/>
							<String ID="string_136" HPOS="664" VPOS="610" WIDTH="147" HEIGHT="25" WC="0.91" CONTENT="förvaltnings-"/>
						</TextLine>
						<TextLine ID="line_17" HPOS="57" VPOS="639" WIDTH="756" HEIGHT="27">
							<String ID="string_137" HPOS="57" VPOS="639" WIDTH="174" HEIGHT="27" WC="0.92" CONTENT="angelägenheter"/><SP WIDTH="16" VPOS="639" HPOS="231"/>
							<String ID="string_138" HPOS="247" VPOS="639" WIDTH="113" HEIGHT="20" WC="0.92" CONTENT="öfverföras"/><SP WIDTH="16" VPOS="639" HPOS="360"/>
							<String ID="string_139" HPOS="376" VPOS="639" WIDTH="31" HEIGHT="20" WC="0.93" CONTENT="till"/><SP WIDTH="8" VPOS="639" HPOS="407"/>
							<String ID="string_140" HPOS="415" VPOS="639" WIDTH="190" HEIGHT="20" WC="0.91" CONTENT="häradsutskottets"/><SP WIDTH="8" VPOS="639" HPOS="605"/>
							<String ID="string_141" HPOS="613" VPOS="639" WIDTH="112" HEIGHT="27" WC="0.91" CONTENT="afgörande"/><SP WIDTH="8" VPOS="639" HPOS="725"/>
							<String ID="string_142" HPOS="733" VPOS="639" WIDTH="7" HEIGHT="20" WC="0.96" CONTENT="i"/><SP WIDTH="8" VPOS="639" HPOS="740"/>
							<String ID="string_143" HPOS="748" VPOS="639" WIDTH="65" HEIGHT="20" WC="0.96" CONTENT="första"/>
						</TextLine>
						<TextLine ID="line_18" HPOS="57" VPOS="668" WIDTH="756" HEIGHT="27">
							<String ID="string_144" HPOS="57" VPOS="669" WIDTH="87" HEIGHT="20" WC="0.95" CONTENT="instans."/><SP WIDTH="23" VPOS="669" HPOS="144"/>
							<String ID="string_145" HPOS="167" VPOS="669" WIDTH="42" HEIGHT="19" WC="0.96" CONTENT="Det"/><SP WIDTH="15" VPOS="669" HPOS="209"/>
							<String ID="string_146" HPOS="224" VPOS="671" WIDTH="23" HEIGHT="17" WC="0.96" CONTENT="är"/><SP WIDTH="12" VPOS="671" HPOS="247"/>
							<String ID="string_147" HPOS="259" VPOS="668" WIDTH="23" HEIGHT="26" WC="0.96" CONTENT="ju"/><SP WIDTH="16" VPOS="668" HPOS="282"/>
							<String ID="string_148" HPOS="298" VPOS="668" WIDTH="101" HEIGHT="26" WC="0.96" CONTENT="naturligt"/><SP WIDTH="14" VPOS="668" HPOS="399"/>
							<String ID="string_149" HPOS="413" VPOS="672" WIDTH="37" HEIGHT="21" WC="0.96" CONTENT="att,"/><SP WIDTH="16" VPOS="672" HPOS="450"/>
							<String ID="string_150" HPOS="466" VPOS="675" WIDTH="33" HEIGHT="13" WC="0.96" CONTENT="om"/><SP WIDTH="16" VPOS="675" HPOS="499"/>
							<String ID="string_151" HPOS="515" VPOS="669" WIDTH="67" HEIGHT="19" WC="0.96" CONTENT="denna"/><SP WIDTH="15" VPOS="669" HPOS="582"/>
							<String ID="string_152" HPOS="597" VPOS="675" WIDTH="41" HEIGHT="19" WC="0.96" CONTENT="nya"/><SP WIDTH="15" VPOS="675" HPOS="638"/>
							<String ID="string_153" HPOS="653" VPOS="675" WIDTH="63" HEIGHT="20" WC="0.95" CONTENT="organ"/><SP WIDTH="16" VPOS="675" HPOS="716"/>
							<String ID="string_154" HPOS="732" VPOS="669" WIDTH="81" HEIGHT="25" WC="0.96" CONTENT="engång"/>
						</TextLine>
						<TextLine ID="line_19" HPOS="57" VPOS="697" WIDTH="755" HEIGHT="26">
							<String ID="string_155" HPOS="57" VPOS="698" WIDTH="99" HEIGHT="20" WC="0.96" CONTENT="existerar"/><SP WIDTH="15" VPOS="698" HPOS="156"/>
							<String ID="string_156" HPOS="171" VPOS="697" WIDTH="38" HEIGHT="20" WC="0.96" CONTENT="och"/><SP WIDTH="19" VPOS="697" HPOS="209"/>
							<String ID="string_157" HPOS="228" VPOS="697" WIDTH="47" HEIGHT="20" WC="0.96" CONTENT="dess"/><SP WIDTH="16" VPOS="697" HPOS="275"/>
							<String ID="string_158" HPOS="291" VPOS="697" WIDTH="132" HEIGHT="20" WC="0.93" CONTENT="verksamhet"/><SP WIDTH="14" VPOS="697" HPOS="423"/>
							<String ID="string_159" HPOS="437" VPOS="697" WIDTH="94" HEIGHT="20" WC="0.92" CONTENT="befinnes"/><SP WIDTH="15" VPOS="697" HPOS="531"/>
							<String ID="string_160" HPOS="546" VPOS="697" WIDTH="77" HEIGHT="26" WC="0.96" CONTENT="nyttig,"/><SP WIDTH="16" VPOS="697" HPOS="623"/>
							<String ID="string_161" HPOS="639" VPOS="697" WIDTH="61" HEIGHT="20" WC="0.96" CONTENT="äfven"/><SP WIDTH="16" VPOS="697" HPOS="700"/>
							<String ID="string_162" HPOS="716" VPOS="697" WIDTH="47" HEIGHT="20" WC="0.93" CONTENT="dess"/><SP WIDTH="15" VPOS="697" HPOS="763"/>
							<String ID="string_163" HPOS="778" VPOS="697" WIDTH="34" HEIGHT="19" WC="0.92" CONTENT="be-"/>
						</TextLine>
						<TextLine ID="line_20" HPOS="57" VPOS="725" WIDTH="756" HEIGHT="28">
							<String ID="string_164" HPOS="57" VPOS="727" WIDTH="99" HEIGHT="26" WC="0.92" CONTENT="fogenhet"/><SP WIDTH="15" VPOS="727" HPOS="156"/>
							<String ID="string_165" HPOS="171" VPOS="726" WIDTH="128" HEIGHT="25" WC="0.96" CONTENT="småningom"/><SP WIDTH="14" VPOS="726" HPOS="299"/>
							<String ID="string_166" HPOS="313" VPOS="726" WIDTH="39" HEIGHT="20" WC="0.96" CONTENT="allt"/><SP WIDTH="9" VPOS="726" HPOS="352"/>
							<String ID="string_167" HPOS="361" VPOS="733" WIDTH="55" HEIGHT="13" WC="0.96" CONTENT="mera"/><SP WIDTH="12" VPOS="733" HPOS="416"/>
							<String ID="string_168" HPOS="428" VPOS="726" WIDTH="104" HEIGHT="26" WC="0.93" CONTENT="utvidgas."/><SP WIDTH="25" VPOS="726" HPOS="532"/>
							<String ID="string_169" HPOS="557" VPOS="727" WIDTH="72" HEIGHT="19" WC="0.50" CONTENT="Såsom"/><SP WIDTH="8" VPOS="727" HPOS="629"/>
							<String ID="string_170" HPOS="637" VPOS="726" WIDTH="97" HEIGHT="25" WC="0.96" CONTENT="ärenden,"/><SP WIDTH="8" VPOS="726" HPOS="734"/>
							<String ID="string_171" HPOS="742" VPOS="725" WIDTH="71" HEIGHT="21" WC="0.96" CONTENT="hvilka"/>
						</TextLine>
						<TextLine ID="line_21" HPOS="57" VPOS="755" WIDTH="756" HEIGHT="26">
							<String ID="string_172" HPOS="57" VPOS="756" WIDTH="64" HEIGHT="19" WC="0.95" CONTENT="redan"/><SP WIDTH="15" VPOS="756" HPOS="121"/>
							<String ID="string_173" HPOS="136" VPOS="755" WIDTH="45" HEIGHT="20" WC="0.95" CONTENT="från"/><SP WIDTH="14" VPOS="755" HPOS="181"/>
							<String ID="string_174" HPOS="195" VPOS="755" WIDTH="72" HEIGHT="26" WC="0.96" CONTENT="början"/><SP WIDTH="15" VPOS="755" HPOS="267"/>
							<String ID="string_175" HPOS="282" VPOS="755" WIDTH="69" HEIGHT="20" WC="0.96" CONTENT="kunde"/><SP WIDTH="16" VPOS="755" HPOS="351"/>
							<String ID="string_176" HPOS="367" VPOS="755" WIDTH="22" HEIGHT="20" WC="0.96" CONTENT="åt"/><SP WIDTH="13" VPOS="755" HPOS="389"/>
							<String ID="string_177" HPOS="402" VPOS="755" WIDTH="119" HEIGHT="20" WC="0.90" CONTENT="densamma"/><SP WIDTH="15" VPOS="755" HPOS="521"/>
							<String ID="string_178" HPOS="536" VPOS="755" WIDTH="144" HEIGHT="25" WC="0.90" CONTENT="öfverlämnas,"/><SP WIDTH="9" VPOS="755" HPOS="680"/>
							<String ID="string_179" HPOS="689" VPOS="755" WIDTH="32" HEIGHT="20" WC="0.95" CONTENT="må"/><SP WIDTH="7" VPOS="755" HPOS="721"/>
							<String ID="string_180" HPOS="728" VPOS="757" WIDTH="85" HEIGHT="18" WC="0.96" CONTENT="nämnas"/>
						</TextLine>
						<TextLine ID="line_22" HPOS="58" VPOS="783" WIDTH="755" HEIGHT="27">
							<String ID="string_181" HPOS="58" VPOS="783" WIDTH="99" HEIGHT="26" WC="0.92" CONTENT="följande:"/><SP WIDTH="24" VPOS="783" HPOS="157"/>
							<String ID="string_182" HPOS="181" VPOS="783" WIDTH="200" HEIGHT="26" WC="0.92" CONTENT="hållskjutsningens"/><SP WIDTH="22" VPOS="783" HPOS="381"/>
							<String ID="string_183" HPOS="403" VPOS="783" WIDTH="113" HEIGHT="26" WC="0.92" CONTENT="ordnande,"/><SP WIDTH="15" VPOS="783" HPOS="516"/>
							<String ID="string_184" HPOS="531" VPOS="787" WIDTH="75" HEIGHT="23" WC="0.92" CONTENT="vägars"/><SP WIDTH="15" VPOS="787" HPOS="606"/>
							<String ID="string_185" HPOS="621" VPOS="784" WIDTH="39" HEIGHT="20" WC="0.93" CONTENT="och"/><SP WIDTH="15" VPOS="784" HPOS="660"/>
							<String ID="string_186" HPOS="675" VPOS="785" WIDTH="71" HEIGHT="19" WC="0.91" CONTENT="broars"/><SP WIDTH="16" VPOS="785" HPOS="746"/>
							<String ID="string_187" HPOS="762" VPOS="784" WIDTH="51" HEIGHT="25" WC="0.91" CONTENT="byg-"/>
						</TextLine>
						<TextLine ID="line_23" HPOS="58" VPOS="812" WIDTH="755" HEIGHT="27">
							<String ID="string_188" HPOS="58" VPOS="813" WIDTH="74" HEIGHT="26" WC="0.93" CONTENT="gande,"/><SP WIDTH="19" VPOS="813" HPOS="132"/>
							<String ID="string_189" HPOS="151" VPOS="812" WIDTH="128" HEIGHT="20" WC="0.91" CONTENT="anställande"/><SP WIDTH="16" VPOS="812" HPOS="279"/>
							<String ID="string_190" HPOS="295" VPOS="812" WIDTH="22" HEIGHT="20" WC="0.93" CONTENT="af"/><SP WIDTH="13" VPOS="812" HPOS="317"/>
							<String ID="string_191" HPOS="330" VPOS="813" WIDTH="196" HEIGHT="24" WC="0.91" CONTENT="kommunalläkare,"/><SP WIDTH="16" VPOS="813" HPOS="526"/>
							<String ID="string_192" HPOS="542" VPOS="813" WIDTH="128" HEIGHT="26" WC="0.96" CONTENT="uppförande"/><SP WIDTH="16" VPOS="813" HPOS="670"/>
							<String ID="string_193" HPOS="686" VPOS="813" WIDTH="38" HEIGHT="20" WC="0.90" CONTENT="och"/><SP WIDTH="16" VPOS="813" HPOS="724"/>
							<String ID="string_194" HPOS="740" VPOS="812" WIDTH="73" HEIGHT="20" WC="0.90" CONTENT="under-"/>
						</TextLine>
						<TextLine ID="line_24" HPOS="58" VPOS="841" WIDTH="755" HEIGHT="28">
							<String ID="string_195" HPOS="58" VPOS="842" WIDTH="43" HEIGHT="19" WC="0.96" CONTENT="håll"/><SP WIDTH="18" VPOS="842" HPOS="101"/>
							<String ID="string_196" HPOS="119" VPOS="841" WIDTH="23" HEIGHT="20" WC="0.93" CONTENT="af"/><SP WIDTH="13" VPOS="841" HPOS="142"/>
							<String ID="string_197" HPOS="155" VPOS="841" WIDTH="120" HEIGHT="26" WC="0.92" CONTENT="sjukstugor"/><SP WIDTH="15" VPOS="841" HPOS="275"/>
							<String ID="string_198" HPOS="290" VPOS="841" WIDTH="39" HEIGHT="20" WC="0.93" CONTENT="och"/><SP WIDTH="15" VPOS="841" HPOS="329"/>
							<String ID="string_199" HPOS="344" VPOS="841" WIDTH="152" HEIGHT="21" WC="0.91" CONTENT="vårdanstalter"/><SP WIDTH="15" VPOS="841" HPOS="496"/>
							<String ID="string_200" HPOS="511" VPOS="841" WIDTH="32" HEIGHT="21" WC="0.96" CONTENT="för"/><SP WIDTH="15" VPOS="841" HPOS="543"/>
							<String ID="string_201" HPOS="558" VPOS="842" WIDTH="139" HEIGHT="27" WC="0.93" CONTENT="sinnessjuka,"/><SP WIDTH="15" VPOS="842" HPOS="697"/>
							<String ID="string_202" HPOS="712" VPOS="841" WIDTH="101" HEIGHT="20" WC="0.90" CONTENT="motarbe-"/>
						</TextLine>
						<TextLine ID="line_25" HPOS="59" VPOS="869" WIDTH="753" HEIGHT="28">
							<String ID="string_203" HPOS="59" VPOS="871" WIDTH="61" HEIGHT="20" WC="0.96" CONTENT="tande"/><SP WIDTH="15" VPOS="871" HPOS="120"/>
							<String ID="string_204" HPOS="135" VPOS="870" WIDTH="22" HEIGHT="20" WC="0.93" CONTENT="af"/><SP WIDTH="13" VPOS="870" HPOS="157"/>
							<String ID="string_205" HPOS="170" VPOS="870" WIDTH="127" HEIGHT="26" WC="0.92" CONTENT="epidemiska"/><SP WIDTH="8" VPOS="870" HPOS="297"/>
							<String ID="string_206" HPOS="305" VPOS="870" WIDTH="129" HEIGHT="27" WC="0.96" CONTENT="sjukdomars"/><SP WIDTH="9" VPOS="870" HPOS="434"/>
							<String ID="string_207" HPOS="443" VPOS="870" WIDTH="116" HEIGHT="27" WC="0.96" CONTENT="spridning,"/><SP WIDTH="9" VPOS="870" HPOS="559"/>
							<String ID="string_208" HPOS="568" VPOS="871" WIDTH="117" HEIGHT="20" WC="0.96" CONTENT="inrättande"/><SP WIDTH="9" VPOS="871" HPOS="685"/>
							<String ID="string_209" HPOS="694" VPOS="871" WIDTH="38" HEIGHT="20" WC="0.93" CONTENT="och"/><SP WIDTH="8" VPOS="871" HPOS="732"/>
							<String ID="string_210" HPOS="740" VPOS="869" WIDTH="72" HEIGHT="21" WC="0.92" CONTENT="under-"/>
						</TextLine>
						<TextLine ID="line_26" HPOS="58" VPOS="899" WIDTH="498" HEIGHT="25">
							<String ID="string_211" HPOS="58" VPOS="899" WIDTH="43" HEIGHT="20" WC="0.95" CONTENT="håll"/><SP WIDTH="15" VPOS="899" HPOS="101"/>
							<String ID="string_212" HPOS="116" VPOS="899" WIDTH="23" HEIGHT="20" WC="0.96" CONTENT="af"/><SP WIDTH="12" VPOS="899" HPOS="139"/>
							<String ID="string_213" HPOS="151" VPOS="899" WIDTH="156" HEIGHT="25" WC="0.96" CONTENT="folkhögskolor"/><SP WIDTH="15" VPOS="899" HPOS="307"/>
							<String ID="string_214" HPOS="322" VPOS="899" WIDTH="38" HEIGHT="20" WC="0.96" CONTENT="och"/><SP WIDTH="15" VPOS="899" HPOS="360"/>
							<String ID="string_215" HPOS="375" VPOS="899" WIDTH="64" HEIGHT="20" WC="0.92" CONTENT="andra"/><SP WIDTH="15" VPOS="899" HPOS="439"/>
							<String ID="string_216" HPOS="454" VPOS="900" WIDTH="102" HEIGHT="19" WC="0.90" CONTENT="lärovärk."/>
						</TextLine>
					</TextBlock>
					<TextBlock ID="block_3" HPOS="58" VPOS="927" WIDTH="759" HEIGHT="480">
						<TextLine ID="line_27" HPOS="127" VPOS="927" WIDTH="688" HEIGHT="27">
							<String ID="string_217" HPOS="127" VPOS="927" WIDTH="104" HEIGHT="20" WC="0.91" CONTENT="Särskildt"/><SP WIDTH="21" VPOS="927" HPOS="231"/>
							<String ID="string_218" HPOS="252" VPOS="928" WIDTH="82" HEIGHT="20" WC="0.96" CONTENT="anhålla"/><SP WIDTH="22" VPOS="928" HPOS="334"/>
							<String ID="string_219" HPOS="356" VPOS="928" WIDTH="21" HEIGHT="19" WC="0.96" CONTENT="vi"/><SP WIDTH="22" VPOS="928" HPOS="377"/>
							<String ID="string_220" HPOS="399" VPOS="930" WIDTH="31" HEIGHT="18" WC="0.96" CONTENT="att"/><SP WIDTH="18" VPOS="930" HPOS="430"/>
							<String ID="string_221" HPOS="448" VPOS="928" WIDTH="38" HEIGHT="20" WC="0.96" CONTENT="här"/><SP WIDTH="14" VPOS="928" HPOS="486"/>
							<String ID="string_222" HPOS="500" VPOS="928" WIDTH="22" HEIGHT="20" WC="0.96" CONTENT="få"/><SP WIDTH="18" VPOS="928" HPOS="522"/>
							<String ID="string_223" HPOS="540" VPOS="928" WIDTH="87" HEIGHT="26" WC="0.96" CONTENT="påpeka,"/><SP WIDTH="15" VPOS="928" HPOS="627"/>
							<String ID="string_224" HPOS="642" VPOS="928" WIDTH="82" HEIGHT="20" WC="0.92" CONTENT="hvilket"/><SP WIDTH="14" VPOS="928" HPOS="724"/>
							<String ID="string_225" HPOS="738" VPOS="928" WIDTH="77" HEIGHT="26" WC="0.91" CONTENT="vigtigt"/>
						</TextLine>
						<TextLine ID="line_28" HPOS="58" VPOS="956" WIDTH="756" HEIGHT="27">
							<String ID="string_226" HPOS="58" VPOS="956" WIDTH="39" HEIGHT="20" WC="0.96" CONTENT="och"/><SP WIDTH="15" VPOS="956" HPOS="97"/>
							<String ID="string_227" HPOS="112" VPOS="956" WIDTH="117" HEIGHT="20" WC="0.93" CONTENT="vidsträckt"/><SP WIDTH="16" VPOS="956" HPOS="229"/>
							<String ID="string_228" HPOS="245" VPOS="956" WIDTH="183" HEIGHT="21" WC="0.91" CONTENT="värksamhetsfält"/><SP WIDTH="14" VPOS="956" HPOS="428"/>
							<String ID="string_229" HPOS="442" VPOS="956" WIDTH="35" HEIGHT="21" WC="0.93" CONTENT="för"/><SP WIDTH="11" VPOS="956" HPOS="477"/>
							<String ID="string_230" HPOS="488" VPOS="957" WIDTH="265" HEIGHT="26" WC="0.91" CONTENT="häradsrepresentationen"/><SP WIDTH="11" VPOS="957" HPOS="753"/>
							<String ID="string_231" HPOS="764" VPOS="959" WIDTH="50" HEIGHT="24" WC="0.91" CONTENT="öpp-"/>
						</TextLine>
						<TextLine ID="line_29" HPOS="58" VPOS="985" WIDTH="757" HEIGHT="27">
							<String ID="string_232" HPOS="58" VPOS="985" WIDTH="53" HEIGHT="20" WC="0.96" CONTENT="nade"/><SP WIDTH="22" VPOS="985" HPOS="111"/>
							<String ID="string_233" HPOS="133" VPOS="985" WIDTH="33" HEIGHT="26" WC="0.96" CONTENT="sig"/><SP WIDTH="21" VPOS="985" HPOS="166"/>
							<String ID="string_234" HPOS="187" VPOS="985" WIDTH="47" HEIGHT="20" WC="0.96" CONTENT="med"/><SP WIDTH="23" VPOS="985" HPOS="234"/>
							<String ID="string_235" HPOS="257" VPOS="985" WIDTH="96" HEIGHT="21" WC="0.93" CONTENT="afseende"/><SP WIDTH="15" VPOS="985" HPOS="353"/>
							<String ID="string_236" HPOS="368" VPOS="986" WIDTH="12" HEIGHT="19" WC="0.90" CONTENT="&amp;"/><SP WIDTH="15" VPOS="986" HPOS="380"/>
							<String ID="string_237" HPOS="395" VPOS="986" WIDTH="131" HEIGHT="26" WC="0.96" CONTENT="uppförande"/><SP WIDTH="22" VPOS="986" HPOS="526"/>
							<String ID="string_238" HPOS="548" VPOS="987" WIDTH="21" HEIGHT="19" WC="0.96" CONTENT="af"/><SP WIDTH="21" VPOS="987" HPOS="569"/>
							<String ID="string_239" HPOS="590" VPOS="986" WIDTH="81" HEIGHT="26" WC="0.96" CONTENT="privata"/><SP WIDTH="13" VPOS="986" HPOS="671"/>
							<String ID="string_240" HPOS="684" VPOS="986" WIDTH="131" HEIGHT="20" WC="0.94" CONTENT="kommunala"/>
						</TextLine>
						<TextLine ID="line_30" HPOS="59" VPOS="1014" WIDTH="756" HEIGHT="26">
							<String ID="string_241" HPOS="59" VPOS="1014" WIDTH="151" HEIGHT="20" WC="0.92" CONTENT="värdanstalter"/><SP WIDTH="22" VPOS="1014" HPOS="210"/>
							<String ID="string_242" HPOS="232" VPOS="1014" WIDTH="31" HEIGHT="20" WC="0.93" CONTENT="för"/><SP WIDTH="22" VPOS="1014" HPOS="263"/>
							<String ID="string_243" HPOS="285" VPOS="1014" WIDTH="141" HEIGHT="26" WC="0.92" CONTENT="sinnessvaga."/><SP WIDTH="31" VPOS="1014" HPOS="426"/>
							<String ID="string_244" HPOS="457" VPOS="1015" WIDTH="73" HEIGHT="20" WC="0.78" CONTENT="Såsom"/><SP WIDTH="22" VPOS="1015" HPOS="530"/>
							<String ID="string_245" HPOS="552" VPOS="1015" WIDTH="65" HEIGHT="20" WC="0.96" CONTENT="kändt"/><SP WIDTH="23" VPOS="1015" HPOS="617"/>
							<String ID="string_246" HPOS="640" VPOS="1018" WIDTH="28" HEIGHT="22" WC="0.94" CONTENT="är,"/><SP WIDTH="23" VPOS="1018" HPOS="668"/>
							<String ID="string_247" HPOS="691" VPOS="1015" WIDTH="38" HEIGHT="20" WC="0.96" CONTENT="har"/><SP WIDTH="18" VPOS="1015" HPOS="729"/>
							<String ID="string_248" HPOS="747" VPOS="1017" WIDTH="68" HEIGHT="17" WC="0.96" CONTENT="staten"/>
						</TextLine>
						<TextLine ID="line_31" HPOS="59" VPOS="1043" WIDTH="758" HEIGHT="27">
							<String ID="string_249" HPOS="59" VPOS="1043" WIDTH="38" HEIGHT="19" WC="0.96" CONTENT="hos"/><SP WIDTH="23" VPOS="1043" HPOS="97"/>
							<String ID="string_250" HPOS="120" VPOS="1049" WIDTH="33" HEIGHT="14" WC="0.96" CONTENT="oss"/><SP WIDTH="23" VPOS="1049" HPOS="153"/>
							<String ID="string_251" HPOS="176" VPOS="1044" WIDTH="26" HEIGHT="24" WC="0.96" CONTENT="på"/><SP WIDTH="23" VPOS="1044" HPOS="202"/>
							<String ID="string_252" HPOS="225" VPOS="1050" WIDTH="72" HEIGHT="13" WC="0.96" CONTENT="senare"/><SP WIDTH="22" VPOS="1050" HPOS="297"/>
							<String ID="string_253" HPOS="319" VPOS="1043" WIDTH="54" HEIGHT="20" WC="0.93" CONTENT="tider"/><SP WIDTH="14" VPOS="1043" HPOS="373"/>
							<String ID="string_254" HPOS="387" VPOS="1044" WIDTH="105" HEIGHT="26" WC="0.92" CONTENT="uppoffrat"/><SP WIDTH="15" VPOS="1044" HPOS="492"/>
							<String ID="string_255" HPOS="507" VPOS="1044" WIDTH="94" HEIGHT="26" WC="0.96" CONTENT="miljoner"/><SP WIDTH="14" VPOS="1044" HPOS="601"/>
							<String ID="string_256" HPOS="615" VPOS="1044" WIDTH="33" HEIGHT="20" WC="0.96" CONTENT="för"/><SP WIDTH="14" VPOS="1044" HPOS="648"/>
							<String ID="string_257" HPOS="662" VPOS="1043" WIDTH="118" HEIGHT="21" WC="0.96" CONTENT="inrättande"/><SP WIDTH="15" VPOS="1043" HPOS="780"/>
							<String ID="string_258" HPOS="795" VPOS="1043" WIDTH="22" HEIGHT="20" WC="0.96" CONTENT="af"/>
						</TextLine>
						<TextLine ID="line_32" HPOS="59" VPOS="1072" WIDTH="756" HEIGHT="26">
							<String ID="string_259" HPOS="59" VPOS="1072" WIDTH="152" HEIGHT="20" WC="0.91" CONTENT="vårdanstalter"/><SP WIDTH="14" VPOS="1072" HPOS="211"/>
							<String ID="string_260" HPOS="225" VPOS="1072" WIDTH="32" HEIGHT="20" WC="0.93" CONTENT="för"/><SP WIDTH="15" VPOS="1072" HPOS="257"/>
							<String ID="string_261" HPOS="272" VPOS="1072" WIDTH="121" HEIGHT="26" WC="0.91" CONTENT="sinnesjuka"/><SP WIDTH="15" VPOS="1072" HPOS="393"/>
							<String ID="string_262" HPOS="408" VPOS="1072" WIDTH="38" HEIGHT="20" WC="0.96" CONTENT="och"/><SP WIDTH="16" VPOS="1072" HPOS="446"/>
							<String ID="string_263" HPOS="462" VPOS="1072" WIDTH="36" HEIGHT="20" WC="0.93" CONTENT="det"/><SP WIDTH="16" VPOS="1072" HPOS="498"/>
							<String ID="string_264" HPOS="514" VPOS="1072" WIDTH="86" HEIGHT="20" WC="0.92" CONTENT="oaktadt"/><SP WIDTH="10" VPOS="1072" HPOS="600"/>
							<String ID="string_265" HPOS="610" VPOS="1072" WIDTH="92" HEIGHT="21" WC="0.95" CONTENT="befinner"/><SP WIDTH="8" VPOS="1072" HPOS="702"/>
							<String ID="string_266" HPOS="710" VPOS="1073" WIDTH="34" HEIGHT="25" WC="0.96" CONTENT="sig"/><SP WIDTH="8" VPOS="1073" HPOS="744"/>
							<String ID="string_267" HPOS="752" VPOS="1072" WIDTH="63" HEIGHT="20" WC="0.95" CONTENT="saken"/>
						</TextLine>
						<TextLine ID="line_33" HPOS="59" VPOS="1100" WIDTH="756" HEIGHT="26">
							<String ID="string_268" HPOS="59" VPOS="1104" WIDTH="55" HEIGHT="16" WC="0.95" CONTENT="ännu"/><SP WIDTH="16" VPOS="1104" HPOS="114"/>
							<String ID="string_269" HPOS="130" VPOS="1100" WIDTH="7" HEIGHT="20" WC="0.95" CONTENT="i"/><SP WIDTH="16" VPOS="1100" HPOS="137"/>
							<String ID="string_270" HPOS="153" VPOS="1100" WIDTH="35" HEIGHT="20" WC="0.95" CONTENT="det"/><SP WIDTH="14" VPOS="1100" HPOS="188"/>
							<String ID="string_271" HPOS="202" VPOS="1100" WIDTH="54" HEIGHT="26" WC="0.96" CONTENT="läge,"/><SP WIDTH="15" VPOS="1100" HPOS="256"/>
							<String ID="string_272" HPOS="271" VPOS="1103" WIDTH="31" HEIGHT="17" WC="0.96" CONTENT="att"/><SP WIDTH="15" VPOS="1103" HPOS="302"/>
							<String ID="string_273" HPOS="317" VPOS="1101" WIDTH="36" HEIGHT="20" WC="0.96" CONTENT="vid"/><SP WIDTH="15" VPOS="1101" HPOS="353"/>
							<String ID="string_274" HPOS="368" VPOS="1101" WIDTH="64" HEIGHT="20" WC="0.96" CONTENT="slutet"/><SP WIDTH="14" VPOS="1101" HPOS="432"/>
							<String ID="string_275" HPOS="446" VPOS="1102" WIDTH="24" HEIGHT="19" WC="0.96" CONTENT="af"/><SP WIDTH="14" VPOS="1102" HPOS="470"/>
							<String ID="string_276" HPOS="484" VPOS="1102" WIDTH="22" HEIGHT="19" WC="0.96" CONTENT="år"/><SP WIDTH="17" VPOS="1102" HPOS="506"/>
							<String ID="string_277" HPOS="523" VPOS="1102" WIDTH="53" HEIGHT="20" WC="0.96" CONTENT="1893"/><SP WIDTH="16" VPOS="1102" HPOS="576"/>
							<String ID="string_278" HPOS="592" VPOS="1102" WIDTH="8" HEIGHT="19" WC="0.95" CONTENT="i"/><SP WIDTH="10" VPOS="1102" HPOS="600"/>
							<String ID="string_279" HPOS="610" VPOS="1102" WIDTH="80" HEIGHT="20" WC="0.95" CONTENT="statens"/><SP WIDTH="7" VPOS="1102" HPOS="690"/>
							<String ID="string_280" HPOS="697" VPOS="1101" WIDTH="118" HEIGHT="21" WC="0.95" CONTENT="och"/><SP WIDTH="-71" VPOS="1101" HPOS="815"/>
							<String ID="string_281" HPOS="744" VPOS="1096" WIDTH="11" HEIGHT="35" WC="0.93" CONTENT="i"/><SP WIDTH="10" VPOS="1096" HPOS="755"/>
							<String ID="string_282" HPOS="765" VPOS="1101" WIDTH="50" HEIGHT="21" WC="0.92" CONTENT="kom-"/>
						</TextLine>
						<TextLine ID="line_34" HPOS="59" VPOS="1129" WIDTH="757" HEIGHT="28">
							<String ID="string_283" HPOS="59" VPOS="1136" WIDTH="109" HEIGHT="13" WC="0.90" CONTENT="munernas"/><SP WIDTH="23" VPOS="1136" HPOS="168"/>
							<String ID="string_284" HPOS="191" VPOS="1129" WIDTH="137" HEIGHT="27" WC="0.96" CONTENT="inrättningar"/><SP WIDTH="21" VPOS="1129" HPOS="328"/>
							<String ID="string_285" HPOS="349" VPOS="1137" WIDTH="50" HEIGHT="13" WC="0.95" CONTENT="voro"/><SP WIDTH="22" VPOS="1137" HPOS="399"/>
							<String ID="string_286" HPOS="421" VPOS="1130" WIDTH="88" HEIGHT="26" WC="0.95" CONTENT="intagna"/><SP WIDTH="21" VPOS="1130" HPOS="509"/>
							<String ID="string_287" HPOS="530" VPOS="1130" WIDTH="74" HEIGHT="20" WC="0.93" CONTENT="endast"/><SP WIDTH="24" VPOS="1130" HPOS="604"/>
							<String ID="string_288" HPOS="628" VPOS="1130" WIDTH="78" HEIGHT="27" WC="0.67" CONTENT="18,5%/,"/><SP WIDTH="23" VPOS="1130" HPOS="706"/>
							<String ID="string_289" HPOS="729" VPOS="1130" WIDTH="23" HEIGHT="20" WC="0.97" CONTENT="af"/><SP WIDTH="17" VPOS="1130" HPOS="752"/>
							<String ID="string_290" HPOS="769" VPOS="1130" WIDTH="47" HEIGHT="20" WC="0.96" CONTENT="hela"/>
						</TextLine>
						<TextLine ID="line_35" HPOS="59" VPOS="1158" WIDTH="756" HEIGHT="26">
							<String ID="string_291" HPOS="59" VPOS="1158" WIDTH="78" HEIGHT="20" WC="0.93" CONTENT="antalet"/><SP WIDTH="16" VPOS="1158" HPOS="137"/>
							<String ID="string_292" HPOS="153" VPOS="1158" WIDTH="135" HEIGHT="26" WC="0.91" CONTENT="sinnessvaga"/><SP WIDTH="15" VPOS="1158" HPOS="288"/>
							<String ID="string_293" HPOS="303" VPOS="1159" WIDTH="6" HEIGHT="19" WC="0.96" CONTENT="i"/><SP WIDTH="16" VPOS="1159" HPOS="309"/>
							<String ID="string_294" HPOS="325" VPOS="1158" WIDTH="77" HEIGHT="22" WC="0.96" CONTENT="landet."/><SP WIDTH="30" VPOS="1158" HPOS="402"/>
							<String ID="string_295" HPOS="432" VPOS="1159" WIDTH="46" HEIGHT="20" WC="0.91" CONTENT="Och"/><SP WIDTH="16" VPOS="1159" HPOS="478"/>
							<String ID="string_296" HPOS="494" VPOS="1159" WIDTH="26" HEIGHT="20" WC="0.96" CONTENT="då"/><SP WIDTH="14" VPOS="1159" HPOS="520"/>
							<String ID="string_297" HPOS="534" VPOS="1159" WIDTH="47" HEIGHT="20" WC="0.96" CONTENT="med"/><SP WIDTH="15" VPOS="1159" HPOS="581"/>
							<String ID="string_298" HPOS="596" VPOS="1159" WIDTH="47" HEIGHT="20" WC="0.96" CONTENT="skäl"/><SP WIDTH="14" VPOS="1159" HPOS="643"/>
							<String ID="string_299" HPOS="657" VPOS="1159" WIDTH="47" HEIGHT="21" WC="0.96" CONTENT="icke"/><SP WIDTH="14" VPOS="1159" HPOS="704"/>
							<String ID="string_300" HPOS="718" VPOS="1159" WIDTH="42" HEIGHT="20" WC="0.91" CONTENT="kan"/><SP WIDTH="15" VPOS="1159" HPOS="760"/>
							<String ID="string_301" HPOS="775" VPOS="1159" WIDTH="40" HEIGHT="19" WC="0.91" CONTENT="for-"/>
						</TextLine>
						<TextLine ID="line_36" HPOS="60" VPOS="1187" WIDTH="757" HEIGHT="27">
							<String ID="string_302" HPOS="60" VPOS="1187" WIDTH="54" HEIGHT="24" WC="0.96" CONTENT="dras,"/><SP WIDTH="19" VPOS="1187" HPOS="114"/>
							<String ID="string_303" HPOS="133" VPOS="1189" WIDTH="31" HEIGHT="18" WC="0.96" CONTENT="att"/><SP WIDTH="18" VPOS="1189" HPOS="164"/>
							<String ID="string_304" HPOS="182" VPOS="1189" WIDTH="68" HEIGHT="18" WC="0.96" CONTENT="staten"/><SP WIDTH="15" VPOS="1189" HPOS="250"/>
							<String ID="string_305" HPOS="265" VPOS="1187" WIDTH="8" HEIGHT="20" WC="0.96" CONTENT="i"/><SP WIDTH="14" VPOS="1187" HPOS="273"/>
							<String ID="string_306" HPOS="287" VPOS="1190" WIDTH="66" HEIGHT="18" WC="0.96" CONTENT="större"/><SP WIDTH="16" VPOS="1190" HPOS="353"/>
							<String ID="string_307" HPOS="369" VPOS="1188" WIDTH="46" HEIGHT="20" WC="0.96" CONTENT="mån"/><SP WIDTH="15" VPOS="1188" HPOS="415"/>
							<String ID="string_308" HPOS="430" VPOS="1191" WIDTH="26" HEIGHT="17" WC="0.93" CONTENT="än"/><SP WIDTH="14" VPOS="1191" HPOS="456"/>
							<String ID="string_309" HPOS="470" VPOS="1188" WIDTH="94" HEIGHT="20" WC="0.90" CONTENT="härintill"/><SP WIDTH="15" VPOS="1188" HPOS="564"/>
							<String ID="string_310" HPOS="579" VPOS="1188" WIDTH="56" HEIGHT="20" WC="0.96" CONTENT="skett"/><SP WIDTH="15" VPOS="1188" HPOS="635"/>
							<String ID="string_311" HPOS="650" VPOS="1188" WIDTH="68" HEIGHT="20" WC="0.96" CONTENT="skulle"/><SP WIDTH="16" VPOS="1188" HPOS="718"/>
							<String ID="string_312" HPOS="734" VPOS="1187" WIDTH="83" HEIGHT="27" WC="0.96" CONTENT="deltaga"/>
						</TextLine>
						<TextLine ID="line_37" HPOS="59" VPOS="1216" WIDTH="758" HEIGHT="25">
							<String ID="string_313" HPOS="59" VPOS="1216" WIDTH="7" HEIGHT="19" WC="0.95" CONTENT="i"/><SP WIDTH="16" VPOS="1216" HPOS="66"/>
							<String ID="string_314" HPOS="82" VPOS="1216" WIDTH="61" HEIGHT="20" WC="0.93" CONTENT="dessa"/><SP WIDTH="19" VPOS="1216" HPOS="143"/>
							<String ID="string_315" HPOS="162" VPOS="1216" WIDTH="130" HEIGHT="20" WC="0.92" CONTENT="vanlottades"/><SP WIDTH="16" VPOS="1216" HPOS="292"/>
							<String ID="string_316" HPOS="308" VPOS="1216" WIDTH="132" HEIGHT="25" WC="0.96" CONTENT="omvårdnad,"/><SP WIDTH="16" VPOS="1216" HPOS="440"/>
							<String ID="string_317" HPOS="456" VPOS="1216" WIDTH="64" HEIGHT="21" WC="0.96" CONTENT="borde"/><SP WIDTH="15" VPOS="1216" HPOS="520"/>
							<String ID="string_318" HPOS="535" VPOS="1217" WIDTH="147" HEIGHT="20" WC="0.93" CONTENT="kommunerna"/><SP WIDTH="14" VPOS="1217" HPOS="682"/>
							<String ID="string_319" HPOS="696" VPOS="1218" WIDTH="13" HEIGHT="18" WC="0.89" CONTENT="&amp;"/><SP WIDTH="15" VPOS="1218" HPOS="709"/>
							<String ID="string_320" HPOS="724" VPOS="1216" WIDTH="31" HEIGHT="20" WC="0.96" CONTENT="sin"/><SP WIDTH="16" VPOS="1216" HPOS="755"/>
							<String ID="string_321" HPOS="771" VPOS="1216" WIDTH="46" HEIGHT="20" WC="0.96" CONTENT="sida"/>
						</TextLine>
						<TextLine ID="line_38" HPOS="59" VPOS="1244" WIDTH="757" HEIGHT="28">
							<String ID="string_322" HPOS="59" VPOS="1244" WIDTH="7" HEIGHT="20" WC="0.96" CONTENT="i"/><SP WIDTH="16" VPOS="1244" HPOS="66"/>
							<String ID="string_323" HPOS="82" VPOS="1245" WIDTH="57" HEIGHT="19" WC="0.93" CONTENT="detta"/><SP WIDTH="22" VPOS="1245" HPOS="139"/>
							<String ID="string_324" HPOS="161" VPOS="1244" WIDTH="97" HEIGHT="20" WC="0.96" CONTENT="afseende"/><SP WIDTH="19" VPOS="1244" HPOS="258"/>
							<String ID="string_325" HPOS="277" VPOS="1245" WIDTH="85" HEIGHT="26" WC="0.96" CONTENT="vidtaga"/><SP WIDTH="15" VPOS="1245" HPOS="362"/>
							<String ID="string_326" HPOS="377" VPOS="1246" WIDTH="111" HEIGHT="26" WC="0.96" CONTENT="energiska"/><SP WIDTH="15" VPOS="1246" HPOS="488"/>
							<String ID="string_327" HPOS="503" VPOS="1246" WIDTH="103" HEIGHT="26" WC="0.96" CONTENT="åtgärder,"/><SP WIDTH="15" VPOS="1246" HPOS="606"/>
							<String ID="string_328" HPOS="621" VPOS="1248" WIDTH="23" HEIGHT="24" WC="0.96" CONTENT="ty"/><SP WIDTH="16" VPOS="1248" HPOS="644"/>
							<String ID="string_329" HPOS="660" VPOS="1246" WIDTH="85" HEIGHT="20" WC="0.96" CONTENT="allmänt"/><SP WIDTH="15" VPOS="1246" HPOS="745"/>
							<String ID="string_330" HPOS="760" VPOS="1248" WIDTH="22" HEIGHT="17" WC="0.96" CONTENT="är"/><SP WIDTH="11" VPOS="1248" HPOS="782"/>
							<String ID="string_331" HPOS="793" VPOS="1245" WIDTH="23" HEIGHT="27" WC="0.97" CONTENT="ju"/>
						</TextLine>
						<TextLine ID="line_39" HPOS="59" VPOS="1273" WIDTH="756" HEIGHT="27">
							<String ID="string_332" HPOS="59" VPOS="1273" WIDTH="95" HEIGHT="25" WC="0.92" CONTENT="erkändt,"/><SP WIDTH="16" VPOS="1273" HPOS="154"/>
							<String ID="string_333" HPOS="170" VPOS="1276" WIDTH="31" HEIGHT="17" WC="0.96" CONTENT="att"/><SP WIDTH="15" VPOS="1276" HPOS="201"/>
							<String ID="string_334" HPOS="216" VPOS="1273" WIDTH="35" HEIGHT="21" WC="0.96" CONTENT="dot"/><SP WIDTH="15" VPOS="1273" HPOS="251"/>
							<String ID="string_335" HPOS="266" VPOS="1276" WIDTH="22" HEIGHT="17" WC="0.96" CONTENT="är"/><SP WIDTH="15" VPOS="1276" HPOS="288"/>
							<String ID="string_336" HPOS="303" VPOS="1276" WIDTH="30" HEIGHT="17" WC="0.93" CONTENT="ett"/><SP WIDTH="15" VPOS="1276" HPOS="333"/>
							<String ID="string_337" HPOS="348" VPOS="1274" WIDTH="80" HEIGHT="20" WC="0.93" CONTENT="bildadt"/><SP WIDTH="15" VPOS="1274" HPOS="428"/>
							<String ID="string_338" HPOS="443" VPOS="1274" WIDTH="57" HEIGHT="20" WC="0.96" CONTENT="folks"/><SP WIDTH="15" VPOS="1274" HPOS="500"/>
							<String ID="string_339" HPOS="515" VPOS="1274" WIDTH="121" HEIGHT="26" WC="0.96" CONTENT="skyldighet"/><SP WIDTH="15" VPOS="1274" HPOS="636"/>
							<String ID="string_340" HPOS="651" VPOS="1277" WIDTH="31" HEIGHT="17" WC="0.93" CONTENT="att"/><SP WIDTH="15" VPOS="1277" HPOS="682"/>
							<String ID="string_341" HPOS="697" VPOS="1274" WIDTH="65" HEIGHT="26" WC="0.92" CONTENT="draga"/><SP WIDTH="14" VPOS="1274" HPOS="762"/>
							<String ID="string_342" HPOS="776" VPOS="1274" WIDTH="39" HEIGHT="20" WC="0.93" CONTENT="för-"/>
						</TextLine>
						<TextLine ID="line_40" HPOS="59" VPOS="1302" WIDTH="757" HEIGHT="27">
							<String ID="string_343" HPOS="59" VPOS="1308" WIDTH="49" HEIGHT="20" WC="0.91" CONTENT="sorg"/><SP WIDTH="23" VPOS="1308" HPOS="108"/>
							<String ID="string_344" HPOS="131" VPOS="1308" WIDTH="32" HEIGHT="14" WC="0.95" CONTENT="om"/><SP WIDTH="22" VPOS="1308" HPOS="163"/>
							<String ID="string_345" HPOS="185" VPOS="1302" WIDTH="45" HEIGHT="20" WC="0.92" CONTENT="sina"/><SP WIDTH="19" VPOS="1302" HPOS="230"/>
							<String ID="string_346" HPOS="249" VPOS="1302" WIDTH="146" HEIGHT="26" WC="0.90" CONTENT="sinnessvagas"/><SP WIDTH="16" VPOS="1302" HPOS="395"/>
							<String ID="string_347" HPOS="411" VPOS="1303" WIDTH="86" HEIGHT="20" WC="0.96" CONTENT="skötsel."/><SP WIDTH="31" VPOS="1303" HPOS="497"/>
							<String ID="string_348" HPOS="528" VPOS="1303" WIDTH="26" HEIGHT="20" WC="0.93" CONTENT="Vi"/><SP WIDTH="16" VPOS="1303" HPOS="554"/>
							<String ID="string_349" HPOS="570" VPOS="1303" WIDTH="55" HEIGHT="20" WC="0.91" CONTENT="hälla"/><SP WIDTH="14" VPOS="1303" HPOS="625"/>
							<String ID="string_350" HPOS="639" VPOS="1303" WIDTH="44" HEIGHT="20" WC="0.96" CONTENT="före"/><SP WIDTH="14" VPOS="1303" HPOS="683"/>
							<String ID="string_351" HPOS="697" VPOS="1306" WIDTH="31" HEIGHT="17" WC="0.95" CONTENT="att"/><SP WIDTH="15" VPOS="1306" HPOS="728"/>
							<String ID="string_352" HPOS="743" VPOS="1309" WIDTH="73" HEIGHT="20" WC="0.96" CONTENT="genom"/>
						</TextLine>
						<TextLine ID="line_41" HPOS="60" VPOS="1330" WIDTH="757" HEIGHT="27">
							<String ID="string_353" HPOS="60" VPOS="1330" WIDTH="77" HEIGHT="20" WC="0.91" CONTENT="sädana"/><SP WIDTH="14" VPOS="1330" HPOS="137"/>
							<String ID="string_354" HPOS="151" VPOS="1330" WIDTH="34" HEIGHT="20" WC="0.93" CONTENT="för"/><SP WIDTH="15" VPOS="1330" HPOS="185"/>
							<String ID="string_355" HPOS="200" VPOS="1331" WIDTH="86" HEIGHT="20" WC="0.92" CONTENT="häradet"/><SP WIDTH="14" VPOS="1331" HPOS="286"/>
							<String ID="string_356" HPOS="300" VPOS="1338" WIDTH="152" HEIGHT="19" WC="0.91" CONTENT="gemensamma"/><SP WIDTH="15" VPOS="1338" HPOS="452"/>
							<String ID="string_357" HPOS="467" VPOS="1332" WIDTH="153" HEIGHT="20" WC="0.92" CONTENT="värdanstalter"/><SP WIDTH="15" VPOS="1332" HPOS="620"/>
							<String ID="string_358" HPOS="635" VPOS="1332" WIDTH="25" HEIGHT="20" WC="0.93" CONTENT="de"/><SP WIDTH="10" VPOS="1332" HPOS="660"/>
							<String ID="string_359" HPOS="670" VPOS="1332" WIDTH="147" HEIGHT="25" WC="0.91" CONTENT="sinnessvagas"/>
						</TextLine>
						<TextLine ID="line_42" HPOS="60" VPOS="1359" WIDTH="757" HEIGHT="27">
							<String ID="string_360" HPOS="60" VPOS="1359" WIDTH="51" HEIGHT="20" WC="0.92" CONTENT="värd"/><SP WIDTH="22" VPOS="1359" HPOS="111"/>
							<String ID="string_361" HPOS="133" VPOS="1359" WIDTH="68" HEIGHT="20" WC="0.93" CONTENT="skulle"/><SP WIDTH="22" VPOS="1359" HPOS="201"/>
							<String ID="string_362" HPOS="223" VPOS="1359" WIDTH="65" HEIGHT="21" WC="0.93" CONTENT="blifva"/><SP WIDTH="22" VPOS="1359" HPOS="288"/>
							<String ID="string_363" HPOS="310" VPOS="1360" WIDTH="35" HEIGHT="20" WC="0.93" CONTENT="väl"/><SP WIDTH="22" VPOS="1360" HPOS="345"/>
							<String ID="string_364" HPOS="367" VPOS="1360" WIDTH="85" HEIGHT="25" WC="0.91" CONTENT="ordnad,"/><SP WIDTH="14" VPOS="1360" HPOS="452"/>
							<String ID="string_365" HPOS="466" VPOS="1363" WIDTH="52" HEIGHT="18" WC="0.96" CONTENT="utan"/><SP WIDTH="15" VPOS="1363" HPOS="518"/>
							<String ID="string_366" HPOS="533" VPOS="1363" WIDTH="31" HEIGHT="17" WC="0.96" CONTENT="att"/><SP WIDTH="16" VPOS="1363" HPOS="564"/>
							<String ID="string_367" HPOS="580" VPOS="1360" WIDTH="35" HEIGHT="20" WC="0.93" CONTENT="det"/><SP WIDTH="14" VPOS="1360" HPOS="615"/>
							<String ID="string_368" HPOS="629" VPOS="1360" WIDTH="107" HEIGHT="21" WC="0.92" CONTENT="medförde"/><SP WIDTH="16" VPOS="1360" HPOS="736"/>
							<String ID="string_369" HPOS="752" VPOS="1360" WIDTH="65" HEIGHT="26" WC="0.92" CONTENT="dryga"/>
						</TextLine>
						<TextLine ID="line_43" HPOS="60" VPOS="1388" WIDTH="118" HEIGHT="19">
							<String ID="string_370" HPOS="60" VPOS="1388" WIDTH="118" HEIGHT="19" WC="0.96" CONTENT="kostnader."/>
						</TextLine>
					</TextBlock>
					<TextBlock ID="block_4" HPOS="60" VPOS="1416" WIDTH="757" HEIGHT="57">
						<TextLine ID="line_44" HPOS="129" VPOS="1416" WIDTH="688" HEIGHT="27">
							<String ID="string_371" HPOS="129" VPOS="1416" WIDTH="60" HEIGHT="20" WC="0.93" CONTENT="Huru"/><SP WIDTH="18" VPOS="1416" HPOS="189"/>
							<String ID="string_372" HPOS="207" VPOS="1416" WIDTH="268" HEIGHT="26" WC="0.80" CONTENT="häradsrepresentationen"/><SP WIDTH="15" VPOS="1416" HPOS="475"/>
							<String ID="string_373" HPOS="490" VPOS="1417" WIDTH="6" HEIGHT="20" WC="0.93" CONTENT="i"/><SP WIDTH="16" VPOS="1417" HPOS="496"/>
							<String ID="string_374" HPOS="512" VPOS="1417" WIDTH="63" HEIGHT="26" WC="0.95" CONTENT="detalj"/><SP WIDTH="16" VPOS="1417" HPOS="575"/>
							<String ID="string_375" HPOS="591" VPOS="1417" WIDTH="64" HEIGHT="21" WC="0.96" CONTENT="borde"/><SP WIDTH="15" VPOS="1417" HPOS="655"/>
							<String ID="string_376" HPOS="670" VPOS="1417" WIDTH="82" HEIGHT="25" WC="0.93" CONTENT="ordnas,"/><SP WIDTH="16" VPOS="1417" HPOS="752"/>
							<String ID="string_377" HPOS="768" VPOS="1423" WIDTH="49" HEIGHT="14" WC="0.95" CONTENT="anse"/>
						</TextLine>
						<TextLine ID="line_45" HPOS="60" VPOS="1445" WIDTH="757" HEIGHT="28">
							<String ID="string_378" HPOS="60" VPOS="1445" WIDTH="22" HEIGHT="19" WC="0.93" CONTENT="vi"/><SP WIDTH="23" VPOS="1445" HPOS="82"/>
							<String ID="string_379" HPOS="105" VPOS="1445" WIDTH="46" HEIGHT="20" WC="0.90" CONTENT="icke"/><SP WIDTH="21" VPOS="1445" HPOS="151"/>
							<String ID="string_380" HPOS="172" VPOS="1445" WIDTH="73" HEIGHT="26" WC="0.92" CONTENT="nödigt"/><SP WIDTH="22" VPOS="1445" HPOS="245"/>
							<String ID="string_381" HPOS="267" VPOS="1445" WIDTH="78" HEIGHT="21" WC="0.92" CONTENT="beröra."/><SP WIDTH="31" VPOS="1445" HPOS="345"/>
							<String ID="string_382" HPOS="376" VPOS="1446" WIDTH="34" HEIGHT="20" WC="0.94" CONTENT="Mä"/><SP WIDTH="23" VPOS="1446" HPOS="410"/>
							<String ID="string_383" HPOS="433" VPOS="1446" WIDTH="36" HEIGHT="20" WC="0.93" CONTENT="det"/><SP WIDTH="19" VPOS="1446" HPOS="469"/>
							<String ID="string_384" HPOS="488" VPOS="1446" WIDTH="53" HEIGHT="20" WC="0.91" CONTENT="blott"/><SP WIDTH="15" VPOS="1446" HPOS="541"/>
							<String ID="string_385" HPOS="556" VPOS="1446" WIDTH="104" HEIGHT="27" WC="0.91" CONTENT="tilläggas,"/><SP WIDTH="15" VPOS="1446" HPOS="660"/>
							<String ID="string_386" HPOS="675" VPOS="1449" WIDTH="31" HEIGHT="17" WC="0.96" CONTENT="att"/><SP WIDTH="16" VPOS="1449" HPOS="706"/>
							<String ID="string_387" HPOS="722" VPOS="1453" WIDTH="25" HEIGHT="13" WC="0.96" CONTENT="en"/><SP WIDTH="15" VPOS="1453" HPOS="747"/>
							<String ID="string_388" HPOS="762" VPOS="1452" WIDTH="55" HEIGHT="14" WC="0.96" CONTENT="mera"/>
						</TextLine>
					</TextBlock>
				</ComposedBlock>
			</PrintSpace>
		</Page>
	</Layout>
</alto>
