1034 1656
286 131 279 23 Petitionsbetänkande
581 131 45 23 N:o
642 131 39 23 60.
851 132 12 20 5

104 195 36 24 för
166 197 147 31 uppförande
340 196 25 24 af
383 196 131 31 tidsenliga
542 195 219 24 arbetarebostäder
785 195 79 24 kunde

104 238 29 15 ur
152 231 159 24 statsverkets
329 230 114 24 länefond
461 230 114 24 erhällas.

174 265 202 32 Borgareständet
401 265 125 32 godkände
554 265 8 23 i
586 264 78 24 likhet
682 265 52 24 med
753 265 27 24 R.
799 272 18 17 o.
837 265 27 24 A.

105 299 166 32 betänkandet,
289 299 60 25 dock
366 299 53 24 med
437 299 85 24 endast
540 299 34 24 28
592 301 76 22 röster
681 302 48 21 mot
742 299 39 31 25,
793 299 71 24 hvar-

105 333 41 24 vid
176 334 25 24 af
227 334 158 31 minoriteten,
412 334 75 23 under
517 333 154 24 hänvisande
697 334 39 23 till
765 334 99 31 frägans

105 368 91 24 sociala
213 369 126 30 betydelse,
353 368 126 24 framhölls
490 369 14 23 ä
517 376 45 16 ena
575 368 69 24 sidan
658 370 35 22 att
706 369 38 23 det
757 368 8 24 i
775 368 90 32 själfva

106 403 83 24 verket
214 403 20 32 ej
264 411 55 16 vore
337 405 28 22 sä
383 403 82 24 säkert
483 405 36 22 att
537 403 120 31 styrelsen
677 403 80 24 skulle
775 403 89 24 tillmö-

106 439 68 30 tesgä
191 437 224 32 läneansökningar
427 437 36 24 uti
479 437 188 32 ifrägavarande
680 438 71 30 syfte,
764 439 14 22 ä
791 437 75 24 andra

106 472 70 24 sidan
204 475 35 21 att
268 473 23 23 vi
317 473 8 23 i
354 474 55 22 vårt
435 472 57 24 land
521 472 52 23 icke
597 472 57 31 egde
676 473 79 31 några
775 472 90 24 kredit-

106 507 173 31 inrättningar,
311 514 50 17 som
395 509 47 21 mot
475 506 144 32 inteckning
648 506 9 23 i
683 507 183 32 stadsfastighet

107 541 118 31 beviljade
252 541 202 32 amorteringslän
482 542 30 30 pä
539 541 86 32 längre
649 541 42 31 tid,
712 541 99 24 hvarför
829 541 38 24 det

107 583 55 16 vore
193 576 143 23 ständernas
363 575 63 32 pligt
451 577 35 22 att
508 575 144 24 understöda
683 576 92 24 sådana
799 576 66 23 arbe-

107 610 241 32 tarebostadsföretag
373 617 85 24 genom
487 612 35 21 att
551 609 141 32 petitionera
719 618 37 16 om
785 612 35 22 att
838 618 29 16 ur

108 644 125 25 allmänna
263 645 74 24 medel
368 645 41 23 län
440 645 72 23 måtte
540 644 103 32 beviljas
671 645 36 24 för
737 645 130 32 tidsenliga

108 679 230 24 arbetarebostäders
362 679 154 32 uppförande.
547 678 12 24 I
587 678 176 26 Bondeständet
782 682 85 29 antogs

108 713 136 24 Utskottets
276 714 148 24 betänkande
453 716 60 21 utan
543 713 140 25 diskussion
714 714 43 24 och
787 714 80 24 förföll

108 748 87 31 frågan
222 748 92 24 således
342 748 77 24 denna
437 749 67 31 gång
522 755 85 24 genom
626 750 35 22 tre
679 748 85 24 stånds
783 748 84 30 beslut,

108 782 76 24 under
204 782 39 24 det
261 782 59 24 dock
338 782 143 32 petitionens
501 782 217 31 behjärtansvärda
736 783 64 31 syfte
819 782 48 24 kan

109 819 72 29 sägas
209 816 75 24 hafva
311 817 82 24 blifvit
420 818 31 30 på
478 816 51 24 alla
547 816 52 24 håll
618 816 107 26 erkändt.

179 850 206 25 Förutskickande
411 851 43 24 den
481 850 171 33 anmärkning,
671 854 35 22 att
717 851 149 25 afsaknaden

109 885 25 24 af
152 893 30 16 en
200 887 73 30 nägot
291 887 28 23 sä
332 888 45 22 när
395 885 145 32 fullständig
552 885 110 25 statistik
671 886 67 24 öfver
748 886 118 24 arbetare-

109 920 280 24 bostadsförhällandena
407 920 8 23 i
433 921 56 23 värt
505 920 58 23 land
579 920 43 24 och
635 920 96 25 därmed
744 928 121 16 samman-

109 954 126 32 hängande
253 954 203 32 omständigheter
469 954 141 32 omöjliggör
623 954 101 33 frägans
736 954 131 25 önskvärdt

110 988 115 32 allsidiga
251 989 152 32 behandling,
431 988 124 24 äfvensom
576 990 36 22 att
629 990 38 24 det
688 990 37 24 för
746 989 123 25 Utskottet

110 1023 75 24 under
211 1023 44 25 den
283 1024 147 32 begränsade
457 1023 42 30 tid,
517 1030 49 17 som
596 1026 59 23 stått
675 1025 132 24 detsamma
828 1024 39 24 till

110 1057 67 31 buds,
198 1058 159 32 naturligtvis
379 1058 53 24 icke
451 1057 66 24 varit
538 1057 95 33 möjligt
651 1062 35 21 att
704 1058 165 25 åstadkomma

110 1093 79 31 någon
216 1092 76 24 sådan
311 1092 123 24 statistisk
455 1092 138 31 utredning,
614 1094 112 32 öfvergår
747 1092 123 25 Utskottet

110 1134 34 16 nu
162 1126 39 24 till
220 1128 35 22 att
273 1126 8 24 i
300 1126 95 25 korthet
412 1126 79 24 uttala
510 1126 39 32 sig
568 1128 123 32 angående
709 1128 45 24 den
773 1127 97 32 förelig-

110 1160 78 32 gande
206 1161 137 31 petitionen.

182 1194 91 25 Därvid
297 1195 85 25 ställer
409 1195 39 32 sig
471 1195 125 26 Utskottet
613 1196 9 24 i
641 1196 94 32 princip
759 1197 31 31 på
811 1196 59 31 peti-

111 1229 148 25 tionärernes
285 1230 149 32 ståndpunkt
453 1231 44 23 och
522 1230 126 31 erkänner,
666 1233 35 22 att
719 1231 110 24 lösandet
847 1230 25 24 af

112 1264 294 32 arbetarebostadsfrågan
425 1267 28 21 är
466 1273 29 15 en
510 1265 98 32 uppgift
618 1265 26 24 af
653 1267 90 22 största
754 1265 118 31 betydelse

112 1298 36 23 för
160 1298 38 24 det
212 1299 113 24 moderna
338 1299 129 24 samhället
477 1299 70 24 såväl
558 1300 8 23 i
576 1300 105 23 sanitärt
691 1300 43 23 och
745 1299 127 24 moraliskt

112 1340 50 16 som
190 1333 151 24 ekonomiskt
358 1333 115 24 afseende.
493 1333 36 24 En
550 1334 211 24 tillfredställande
774 1333 99 32 lösning

113 1367 25 23 af
164 1367 79 24 denna
270 1367 69 32 fråga
367 1367 94 24 bereder
489 1369 25 22 åt
542 1368 129 24 samhället
689 1371 32 21 ett
740 1368 132 24 tillskott
859 1363 17 41 i

114 1401 147 24 arbetskraft
288 1401 42 24 och
349 1402 64 23 torde
431 1402 20 31 ej
472 1402 80 24 häller
570 1403 77 23 blifva
660 1405 58 21 utan
738 1402 134 31 inflytande

112 1436 32 30 på
161 1435 27 24 de
206 1435 156 25 kommunala
380 1436 83 32 fattig-
475 1436 43 24 och
537 1437 272 31 sjukvårdsutgifterna.

182 1479 142 18 Statsutskottets
337 1479 110 18 betänkande
460 1479 38 18 N:o
511 1481 29 17 14.
