1034 1656
235 123 84 23 Ständ.
335 123 52 23 Pet.
404 136 28 3 —
447 123 173 23 Petitionsbet.
637 123 45 22 N:o
697 123 39 22 59.
844 123 13 20 3

103 195 134 22 raremötet
256 194 28 23 år
304 194 67 23 1893
391 195 46 22 och
454 195 44 22 vid
510 194 348 29 folkskoleinspektorsmötet

103 229 28 22 år
160 229 75 22 1894.
273 229 48 22 Vid
349 229 74 22 dessa
445 230 83 22 möten
547 229 147 22 framhöllos
714 229 48 22 alla
781 228 77 23 ofvan

104 264 106 22 anförda
233 263 169 30 olägenheter,
423 271 57 16 men
498 264 43 22 det
559 263 146 30 påpekades
724 263 80 23 tillika
824 264 35 21 att

103 298 313 23 folkskoledirektionerna
435 299 54 22 haft
506 305 31 16 en
551 299 52 22 stor
616 298 74 23 skuld
702 298 8 22 i
724 298 42 22 det
779 298 80 22 öfver-

103 333 109 29 klagade
230 333 176 27 förhållandet,
426 333 8 22 i
452 333 42 23 det
510 335 35 21 att
559 333 138 29 tjensterna
710 333 54 22 icke
777 333 83 22 blifvit

104 367 7 22 i
130 367 36 23 tid
184 367 201 30 lediganslagna,
405 369 62 21 utan
486 368 105 23 därmed
610 367 155 29 uppskjutits
784 367 8 22 i
810 367 50 22 må-

104 402 90 27 nader;
209 403 35 21 att
256 402 67 23 valet
338 402 25 22 af
375 403 83 22 lärare
472 403 52 22 ofta
537 403 54 22 icke
605 402 136 23 verkstälts
754 402 106 22 omedel-

104 437 58 22 bart
175 437 62 22 efter
250 437 239 29 ansökningstidens
499 437 112 28 förlopp;
623 438 63 21 samt
697 437 35 22 att
745 437 115 22 hvarken

104 471 103 22 kallelse
223 471 36 23 till
272 472 108 29 tjensten
396 472 126 23 utfärdats
536 471 155 23 omedelbart
704 471 63 22 efter
780 471 80 22 valets

105 506 155 22 förrättande
288 506 59 23 eller
375 507 82 28 öfriga
485 507 114 22 sökande
626 506 172 23 underrättats
821 513 39 15 om

105 541 80 22 valets
213 541 104 29 utgäng.
355 541 116 22 Nämnda
498 542 85 21 möten
612 541 95 28 ansägo
736 541 21 28 ej
784 540 78 23 heller

106 575 93 29 skäligt
223 577 36 20 att
281 576 139 22 inskränka
438 576 114 23 lärarnes
571 576 120 29 rättighet
710 576 36 21 att
766 575 96 22 ansöka

106 610 61 22 flere
186 611 103 28 tjenster
308 611 33 28 pä
360 617 30 16 en
409 611 77 28 gäng,
506 617 57 16 men
582 611 67 22 höllo
668 610 53 22 före
742 611 35 21 att
793 610 31 22 de
838 609 24 22 af

107 645 80 29 sagda
217 645 119 29 rättighet
366 645 162 28 härflytande
553 645 197 30 olägenheterna
777 645 85 22 kunde

107 679 128 30 aflägsnas
263 686 91 22 genom
381 680 164 22 utfärdandet
573 680 26 22 af
621 681 116 21 närmare
756 679 106 22 bestäm-

107 714 91 30 ningar
216 720 40 16 om
275 715 74 22 sättet
368 714 46 23 och
432 715 143 29 ordningen
593 715 44 22 vid
656 713 143 30 ansökning
818 713 45 23 och

107 748 148 24 besättande
275 749 24 23 af
317 749 322 29 folkskoleläraretjenster.

178 784 150 26 Ständerna,
347 791 52 15 som
414 784 57 22 med
487 784 138 29 anledning
639 784 25 22 af
674 786 34 20 ett
718 784 36 22 till
765 783 98 23 Bonde-

108 818 100 24 ständet
226 819 43 23 vid
287 818 174 23 innevarande
477 819 124 29 landtdag
616 819 106 29 ingifvet
736 818 128 29 petitions-

108 854 95 29 förslag
230 854 109 22 förehaft
365 854 68 22 detta
459 854 94 22 ärende
576 854 36 22 till
635 853 128 29 pröfning,
786 852 78 23 hafva

108 888 94 29 jämväl
221 888 82 23 funnit
321 888 111 29 önskligt
452 889 35 21 att
505 888 189 22 ofvannämnda
711 887 153 23 missförhäl-

108 923 93 22 landen
222 923 83 23 blefve
325 922 156 30 aflägsnade,
501 923 64 22 dock
584 922 57 23 med
657 923 91 22 minsta
761 922 103 29 möjliga

108 957 101 30 inträng
225 958 8 22 i
249 958 239 22 folkskolelärarnes
502 958 51 22 rätt
566 957 36 23 till
616 957 117 29 samtidig
750 956 114 23 ansökan

109 992 25 22 af
152 992 61 23 flere
231 993 112 28 tjenster.

176 1027 35 22 Pä
231 1027 82 29 grund
331 1026 74 23 häraf
423 1026 27 22 fä
475 1026 143 24 Ständerna
637 1026 8 22 i
662 1025 204 30 underdänighet

110 1062 109 22 anhälla:

384 1097 37 21 att
451 1096 82 22 Eders
567 1096 143 28 Kejserliga
743 1094 122 29 Majestät

315 1130 83 27 måtte,
413 1132 64 20 utan
490 1131 37 21 att
540 1130 168 22 öfverhöfvan
721 1129 144 23 inskränka

315 1165 242 23 folkskolelärarnes
584 1165 121 29 rättighet
735 1166 38 21 att
800 1170 66 16 sam-

315 1200 77 28 tidigt
416 1200 100 22 ansöka
536 1199 61 23 flere
615 1200 108 28 tjenster,
741 1198 55 23 låta
812 1198 54 23 vid-

316 1236 61 28 taga
396 1234 124 29 åtgärder
539 1234 40 22 för
598 1234 184 29 aflägsnandet
794 1233 33 23 af
836 1233 31 22 de

316 1269 168 29 olägenheter,
510 1275 55 16 som
589 1269 81 22 under
688 1275 36 15 nu
741 1267 126 30 gällande

317 1304 193 28 bestämningar
519 1303 119 29 härflyta
646 1310 32 15 ur
686 1302 181 30 nyssnämnda

315 1338 129 29 rättighet.

179 1391 120 22 Finlands
320 1390 109 23 Ständer
448 1390 147 22 framhärda
615 1392 43 21 etc.

179 1437 167 29 Helsingfors,
367 1437 48 22 den
435 1437 34 21 24
490 1436 49 29 Maj
562 1436 75 23 1897.

398 1496 33 2 —
459 1491 117 12 0040
