<?xml version="1.0" encoding="UTF-8"?>
<alto xmlns="http://www.loc.gov/standards/alto/ns-v3#" xmlns:xlink="http://www.w3.org/1999/xlink" xmlns:xsi="http://www.w3.org/2001/XMLSchema-instance" xsi:schemaLocation="http://www.loc.gov/standards/alto/ns-v3# http://www.loc.gov/alto/v3/alto-3-0.xsd">
	<Description>
		<MeasurementUnit>pixel</MeasurementUnit>
		<sourceImageInformation>
			<fileName>/tmp/tess__6ott5x7_input.PNG</fileName>
		</sourceImageInformation>
		<OCRProcessing ID="OCR_0">
			<ocrProcessingStep>
				<processingSoftware>
					<softwareName>tesseract 5.3.4</softwareName>
				</processingSoftware>
			</ocrProcessingStep>
		</OCRProcessing>
	</Description>
	<Layout>
		<Page WIDTH="1036" HEIGHT="1659" PHYSICAL_IMG_NR="0" ID="page_0">
			<PrintSpace HPOS="0" VPOS="0" WIDTH="1036" HEIGHT="1659">
				<ComposedBlock ID="cblock_0" HPOS="204" VPOS="135" WIDTH="12" HEIGHT="20">
					<TextBlock ID="block_0" HPOS="204" VPOS="135" WIDTH="12" HEIGHT="20">
						<TextLine ID="line_0" HPOS="204" VPOS="135" WIDTH="12" HEIGHT="20">
							<String ID="string_0" HPOS="204" VPOS="135" WIDTH="12" HEIGHT="20" WC="0.94" CONTENT="6"/>
						</TextLine>
					</TextBlock>
				</ComposedBlock>
				<ComposedBlock ID="cblock_1" HPOS="172" VPOS="199" WIDTH="754" HEIGHT="1253">
					<TextBlock ID="block_1" HPOS="173" VPOS="199" WIDTH="751" HEIGHT="177">
						<TextLine ID="line_1" HPOS="173" VPOS="199" WIDTH="749" HEIGHT="27">
							<String ID="string_1" HPOS="173" VPOS="199" WIDTH="79" HEIGHT="27" WC="0.96" CONTENT="brytare"/><SP WIDTH="21" VPOS="199" HPOS="252"/>
							<String ID="string_2" HPOS="273" VPOS="200" WIDTH="35" HEIGHT="20" WC="0.93" CONTENT="har"/><SP WIDTH="16" VPOS="200" HPOS="308"/>
							<String ID="string_3" HPOS="324" VPOS="200" WIDTH="100" HEIGHT="20" WC="0.89" CONTENT="derstädes"/><SP WIDTH="15" VPOS="200" HPOS="424"/>
							<String ID="string_4" HPOS="439" VPOS="200" WIDTH="45" HEIGHT="21" WC="0.96" CONTENT="från"/><SP WIDTH="17" VPOS="200" HPOS="484"/>
							<String ID="string_5" HPOS="501" VPOS="201" WIDTH="21" HEIGHT="19" WC="0.96" CONTENT="år"/><SP WIDTH="18" VPOS="201" HPOS="522"/>
							<String ID="string_6" HPOS="540" VPOS="202" WIDTH="62" HEIGHT="23" WC="0.96" CONTENT="1882,"/><SP WIDTH="18" VPOS="202" HPOS="602"/>
							<String ID="string_7" HPOS="620" VPOS="201" WIDTH="26" HEIGHT="20" WC="0.95" CONTENT="dä"/><SP WIDTH="16" VPOS="201" HPOS="646"/>
							<String ID="string_8" HPOS="662" VPOS="201" WIDTH="32" HEIGHT="19" WC="0.95" CONTENT="det"/><SP WIDTH="15" VPOS="201" HPOS="694"/>
							<String ID="string_9" HPOS="709" VPOS="200" WIDTH="44" HEIGHT="21" WC="0.93" CONTENT="stod"/><SP WIDTH="16" VPOS="200" HPOS="753"/>
							<String ID="string_10" HPOS="769" VPOS="200" WIDTH="58" HEIGHT="26" WC="0.95" CONTENT="högst"/><SP WIDTH="14" VPOS="200" HPOS="827"/>
							<String ID="string_11" HPOS="841" VPOS="200" WIDTH="37" HEIGHT="20" WC="0.97" CONTENT="och"/><SP WIDTH="16" VPOS="200" HPOS="878"/>
							<String ID="string_12" HPOS="894" VPOS="203" WIDTH="28" HEIGHT="17" WC="0.52" CONTENT="ut"/>
						</TextLine>
						<TextLine ID="line_2" HPOS="174" VPOS="229" WIDTH="750" HEIGHT="28">
							<String ID="string_13" HPOS="174" VPOS="229" WIDTH="67" HEIGHT="27" WC="0.93" CONTENT="gjorde"/><SP WIDTH="26" VPOS="229" HPOS="241"/>
							<String ID="string_14" HPOS="267" VPOS="231" WIDTH="90" HEIGHT="23" WC="0.90" CONTENT="175,360"/><SP WIDTH="25" VPOS="231" HPOS="357"/>
							<String ID="string_15" HPOS="382" VPOS="230" WIDTH="75" HEIGHT="27" WC="0.96" CONTENT="sjunkit"/><SP WIDTH="23" VPOS="230" HPOS="457"/>
							<String ID="string_16" HPOS="480" VPOS="231" WIDTH="23" HEIGHT="19" WC="0.96" CONTENT="sä"/><SP WIDTH="19" VPOS="231" HPOS="503"/>
							<String ID="string_17" HPOS="522" VPOS="233" WIDTH="30" HEIGHT="17" WC="0.96" CONTENT="att"/><SP WIDTH="20" VPOS="233" HPOS="552"/>
							<String ID="string_18" HPOS="572" VPOS="231" WIDTH="33" HEIGHT="19" WC="0.96" CONTENT="det"/><SP WIDTH="19" VPOS="231" HPOS="605"/>
							<String ID="string_19" HPOS="624" VPOS="231" WIDTH="23" HEIGHT="19" WC="0.96" CONTENT="år"/><SP WIDTH="22" VPOS="231" HPOS="647"/>
							<String ID="string_20" HPOS="669" VPOS="231" WIDTH="53" HEIGHT="20" WC="0.93" CONTENT="1891"/><SP WIDTH="23" VPOS="231" HPOS="722"/>
							<String ID="string_21" HPOS="745" VPOS="230" WIDTH="89" HEIGHT="26" WC="0.95" CONTENT="utgjorde"/><SP WIDTH="19" VPOS="230" HPOS="834"/>
							<String ID="string_22" HPOS="853" VPOS="230" WIDTH="71" HEIGHT="20" WC="0.96" CONTENT="endast"/>
						</TextLine>
						<TextLine ID="line_3" HPOS="176" VPOS="259" WIDTH="748" HEIGHT="27">
							<String ID="string_23" HPOS="176" VPOS="260" WIDTH="98" HEIGHT="24" WC="0.92" CONTENT="147,691,"/><SP WIDTH="17" VPOS="260" HPOS="274"/>
							<String ID="string_24" HPOS="291" VPOS="260" WIDTH="76" HEIGHT="20" WC="0.96" CONTENT="således"/><SP WIDTH="20" VPOS="260" HPOS="367"/>
							<String ID="string_25" HPOS="387" VPOS="267" WIDTH="25" HEIGHT="13" WC="0.93" CONTENT="en"/><SP WIDTH="19" VPOS="267" HPOS="412"/>
							<String ID="string_26" HPOS="431" VPOS="260" WIDTH="147" HEIGHT="26" WC="0.92" CONTENT="förminskning"/><SP WIDTH="16" VPOS="260" HPOS="578"/>
							<String ID="string_27" HPOS="594" VPOS="260" WIDTH="22" HEIGHT="20" WC="0.96" CONTENT="af"/><SP WIDTH="14" VPOS="260" HPOS="616"/>
							<String ID="string_28" HPOS="630" VPOS="260" WIDTH="91" HEIGHT="26" WC="0.96" CONTENT="omkring"/><SP WIDTH="17" VPOS="260" HPOS="721"/>
							<String ID="string_29" HPOS="738" VPOS="262" WIDTH="26" HEIGHT="18" WC="0.93" CONTENT="18"/><SP WIDTH="11" VPOS="262" HPOS="764"/>
							<String ID="string_30" HPOS="775" VPOS="259" WIDTH="34" HEIGHT="23" WC="0.40" CONTENT="%/o."/><SP WIDTH="31" VPOS="259" HPOS="809"/>
							<String ID="string_31" HPOS="840" VPOS="259" WIDTH="84" HEIGHT="20" WC="0.95" CONTENT="Antalet"/>
						</TextLine>
						<TextLine ID="line_4" HPOS="174" VPOS="289" WIDTH="748" HEIGHT="27">
							<String ID="string_32" HPOS="174" VPOS="289" WIDTH="110" HEIGHT="27" WC="0.96" CONTENT="förbrytare"/><SP WIDTH="19" VPOS="289" HPOS="284"/>
							<String ID="string_33" HPOS="303" VPOS="290" WIDTH="64" HEIGHT="20" WC="0.96" CONTENT="under"/><SP WIDTH="22" VPOS="290" HPOS="367"/>
							<String ID="string_34" HPOS="389" VPOS="291" WIDTH="26" HEIGHT="19" WC="0.92" CONTENT="16"/><SP WIDTH="22" VPOS="291" HPOS="415"/>
							<String ID="string_35" HPOS="437" VPOS="290" WIDTH="32" HEIGHT="20" WC="0.96" CONTENT="års"/><SP WIDTH="20" VPOS="290" HPOS="469"/>
							<String ID="string_36" HPOS="489" VPOS="290" WIDTH="55" HEIGHT="20" WC="0.96" CONTENT="ålder"/><SP WIDTH="20" VPOS="290" HPOS="544"/>
							<String ID="string_37" HPOS="564" VPOS="290" WIDTH="50" HEIGHT="20" WC="0.93" CONTENT="hade"/><SP WIDTH="16" VPOS="290" HPOS="614"/>
							<String ID="string_38" HPOS="630" VPOS="291" WIDTH="42" HEIGHT="19" WC="0.93" CONTENT="åter"/><SP WIDTH="15" VPOS="291" HPOS="672"/>
							<String ID="string_39" HPOS="687" VPOS="290" WIDTH="82" HEIGHT="26" WC="0.92" CONTENT="nedgätt"/><SP WIDTH="15" VPOS="290" HPOS="769"/>
							<String ID="string_40" HPOS="784" VPOS="290" WIDTH="44" HEIGHT="19" WC="0.93" CONTENT="från"/><SP WIDTH="18" VPOS="290" HPOS="828"/>
							<String ID="string_41" HPOS="846" VPOS="290" WIDTH="76" HEIGHT="23" WC="0.92" CONTENT="10,314"/>
						</TextLine>
						<TextLine ID="line_5" HPOS="174" VPOS="319" WIDTH="750" HEIGHT="27">
							<String ID="string_42" HPOS="174" VPOS="319" WIDTH="64" HEIGHT="20" WC="0.96" CONTENT="under"/><SP WIDTH="16" VPOS="319" HPOS="238"/>
							<String ID="string_43" HPOS="254" VPOS="320" WIDTH="22" HEIGHT="19" WC="0.93" CONTENT="är"/><SP WIDTH="17" VPOS="320" HPOS="276"/>
							<String ID="string_44" HPOS="293" VPOS="320" WIDTH="56" HEIGHT="20" WC="0.96" CONTENT="1869"/><SP WIDTH="16" VPOS="320" HPOS="349"/>
							<String ID="string_45" HPOS="365" VPOS="320" WIDTH="30" HEIGHT="20" WC="0.96" CONTENT="till"/><SP WIDTH="17" VPOS="320" HPOS="395"/>
							<String ID="string_46" HPOS="412" VPOS="321" WIDTH="63" HEIGHT="23" WC="0.96" CONTENT="3,865"/><SP WIDTH="18" VPOS="321" HPOS="475"/>
							<String ID="string_47" HPOS="493" VPOS="320" WIDTH="22" HEIGHT="20" WC="0.95" CONTENT="är"/><SP WIDTH="17" VPOS="320" HPOS="515"/>
							<String ID="string_48" HPOS="532" VPOS="321" WIDTH="62" HEIGHT="23" WC="0.96" CONTENT="1891,"/><SP WIDTH="16" VPOS="321" HPOS="594"/>
							<String ID="string_49" HPOS="610" VPOS="328" WIDTH="26" HEIGHT="12" WC="0.93" CONTENT="en"/><SP WIDTH="16" VPOS="328" HPOS="636"/>
							<String ID="string_50" HPOS="652" VPOS="320" WIDTH="145" HEIGHT="26" WC="0.91" CONTENT="förminskning"/><SP WIDTH="16" VPOS="320" HPOS="797"/>
							<String ID="string_51" HPOS="813" VPOS="319" WIDTH="75" HEIGHT="20" WC="0.93" CONTENT="säledes"/><SP WIDTH="15" VPOS="319" HPOS="888"/>
							<String ID="string_52" HPOS="903" VPOS="319" WIDTH="21" HEIGHT="20" WC="0.97" CONTENT="af"/>
						</TextLine>
						<TextLine ID="line_6" HPOS="174" VPOS="348" WIDTH="173" HEIGHT="28">
							<String ID="string_53" HPOS="174" VPOS="356" WIDTH="41" HEIGHT="12" WC="0.96" CONTENT="mer"/><SP WIDTH="15" VPOS="356" HPOS="215"/>
							<String ID="string_54" HPOS="230" VPOS="350" WIDTH="26" HEIGHT="19" WC="0.96" CONTENT="än"/><SP WIDTH="19" VPOS="350" HPOS="256"/>
							<String ID="string_55" HPOS="275" VPOS="350" WIDTH="26" HEIGHT="20" WC="0.92" CONTENT="60"/><SP WIDTH="12" VPOS="350" HPOS="301"/>
							<String ID="string_56" HPOS="313" VPOS="348" WIDTH="34" HEIGHT="28" WC="0.79" CONTENT="%/o."/>
						</TextLine>
					</TextBlock>
					<TextBlock ID="block_2" HPOS="173" VPOS="379" WIDTH="751" HEIGHT="237">
						<TextLine ID="line_7" HPOS="246" VPOS="379" WIDTH="678" HEIGHT="27">
							<String ID="string_57" HPOS="246" VPOS="379" WIDTH="79" HEIGHT="21" WC="0.95" CONTENT="Genom"/><SP WIDTH="23" VPOS="379" HPOS="325"/>
							<String ID="string_58" HPOS="348" VPOS="379" WIDTH="97" HEIGHT="21" WC="0.89" CONTENT="särskilda"/><SP WIDTH="23" VPOS="379" HPOS="445"/>
							<String ID="string_59" HPOS="468" VPOS="379" WIDTH="183" HEIGHT="27" WC="0.77" CONTENT="parlamentsakter,"/><SP WIDTH="21" VPOS="379" HPOS="651"/>
							<String ID="string_60" HPOS="672" VPOS="380" WIDTH="21" HEIGHT="20" WC="0.93" CONTENT="af"/><SP WIDTH="20" VPOS="380" HPOS="693"/>
							<String ID="string_61" HPOS="713" VPOS="380" WIDTH="70" HEIGHT="20" WC="0.96" CONTENT="hvilka"/><SP WIDTH="20" VPOS="380" HPOS="783"/>
							<String ID="string_62" HPOS="803" VPOS="379" WIDTH="38" HEIGHT="20" WC="0.96" CONTENT="den"/><SP WIDTH="21" VPOS="379" HPOS="841"/>
							<String ID="string_63" HPOS="862" VPOS="379" WIDTH="62" HEIGHT="20" WC="0.96" CONTENT="första"/>
						</TextLine>
						<TextLine ID="line_8" HPOS="174" VPOS="408" WIDTH="749" HEIGHT="28">
							<String ID="string_64" HPOS="174" VPOS="408" WIDTH="69" HEIGHT="20" WC="0.92" CONTENT="utkom"/><SP WIDTH="16" VPOS="408" HPOS="243"/>
							<String ID="string_65" HPOS="259" VPOS="409" WIDTH="61" HEIGHT="20" WC="0.96" CONTENT="redan"/><SP WIDTH="18" VPOS="409" HPOS="320"/>
							<String ID="string_66" HPOS="338" VPOS="410" WIDTH="63" HEIGHT="25" WC="0.96" CONTENT="1854,"/><SP WIDTH="15" VPOS="410" HPOS="401"/>
							<String ID="string_67" HPOS="416" VPOS="411" WIDTH="22" HEIGHT="18" WC="0.93" CONTENT="är"/><SP WIDTH="15" VPOS="411" HPOS="438"/>
							<String ID="string_68" HPOS="453" VPOS="410" WIDTH="191" HEIGHT="26" WC="0.92" CONTENT="tvängsuppfostran"/><SP WIDTH="16" VPOS="410" HPOS="644"/>
							<String ID="string_69" HPOS="660" VPOS="410" WIDTH="65" HEIGHT="20" WC="0.92" CONTENT="införd"/><SP WIDTH="16" VPOS="410" HPOS="725"/>
							<String ID="string_70" HPOS="741" VPOS="410" WIDTH="16" HEIGHT="26" WC="0.92" CONTENT="ej"/><SP WIDTH="12" VPOS="410" HPOS="757"/>
							<String ID="string_71" HPOS="769" VPOS="409" WIDTH="52" HEIGHT="21" WC="0.88" CONTENT="blott"/><SP WIDTH="10" VPOS="409" HPOS="821"/>
							<String ID="string_72" HPOS="831" VPOS="409" WIDTH="31" HEIGHT="20" WC="0.93" CONTENT="för"/><SP WIDTH="10" VPOS="409" HPOS="862"/>
							<String ID="string_73" HPOS="872" VPOS="409" WIDTH="51" HEIGHT="19" WC="0.92" CONTENT="min-"/>
						</TextLine>
						<TextLine ID="line_9" HPOS="174" VPOS="438" WIDTH="749" HEIGHT="28">
							<String ID="string_74" HPOS="174" VPOS="438" WIDTH="90" HEIGHT="27" WC="0.92" CONTENT="deräriga"/><SP WIDTH="16" VPOS="438" HPOS="264"/>
							<String ID="string_75" HPOS="280" VPOS="439" WIDTH="113" HEIGHT="27" WC="0.96" CONTENT="förbrytare,"/><SP WIDTH="16" VPOS="439" HPOS="393"/>
							<String ID="string_76" HPOS="409" VPOS="442" WIDTH="48" HEIGHT="17" WC="0.93" CONTENT="utan"/><SP WIDTH="17" VPOS="442" HPOS="457"/>
							<String ID="string_77" HPOS="474" VPOS="440" WIDTH="38" HEIGHT="20" WC="0.96" CONTENT="ock"/><SP WIDTH="16" VPOS="440" HPOS="512"/>
							<String ID="string_78" HPOS="528" VPOS="440" WIDTH="30" HEIGHT="20" WC="0.93" CONTENT="för"/><SP WIDTH="16" VPOS="440" HPOS="558"/>
							<String ID="string_79" HPOS="574" VPOS="440" WIDTH="114" HEIGHT="24" WC="0.92" CONTENT="vanartade,"/><SP WIDTH="16" VPOS="440" HPOS="688"/>
							<String ID="string_80" HPOS="704" VPOS="439" WIDTH="127" HEIGHT="20" WC="0.96" CONTENT="vanvårdade"/><SP WIDTH="16" VPOS="439" HPOS="831"/>
							<String ID="string_81" HPOS="847" VPOS="438" WIDTH="36" HEIGHT="21" WC="0.93" CONTENT="och"/><SP WIDTH="13" VPOS="438" HPOS="883"/>
							<String ID="string_82" HPOS="896" VPOS="438" WIDTH="27" HEIGHT="21" WC="0.87" CONTENT="öf-"/>
						</TextLine>
						<TextLine ID="line_10" HPOS="174" VPOS="468" WIDTH="750" HEIGHT="28">
							<String ID="string_83" HPOS="174" VPOS="468" WIDTH="92" HEIGHT="26" WC="0.92" CONTENT="vergifna"/><SP WIDTH="15" VPOS="468" HPOS="266"/>
							<String ID="string_84" HPOS="281" VPOS="469" WIDTH="56" HEIGHT="20" WC="0.96" CONTENT="barn."/><SP WIDTH="28" VPOS="469" HPOS="337"/>
							<String ID="string_85" HPOS="365" VPOS="469" WIDTH="41" HEIGHT="20" WC="0.93" CONTENT="För"/><SP WIDTH="10" VPOS="469" HPOS="406"/>
							<String ID="string_86" HPOS="416" VPOS="469" WIDTH="163" HEIGHT="27" WC="0.81" CONTENT="tillgodoseendet"/><SP WIDTH="11" VPOS="469" HPOS="579"/>
							<String ID="string_87" HPOS="590" VPOS="470" WIDTH="21" HEIGHT="19" WC="0.93" CONTENT="af"/><SP WIDTH="11" VPOS="470" HPOS="611"/>
							<String ID="string_88" HPOS="622" VPOS="469" WIDTH="231" HEIGHT="27" WC="0.92" CONTENT="uppfostringsbehofvet"/><SP WIDTH="9" VPOS="469" HPOS="853"/>
							<String ID="string_89" HPOS="862" VPOS="468" WIDTH="62" HEIGHT="20" WC="0.96" CONTENT="hafva"/>
						</TextLine>
						<TextLine ID="line_11" HPOS="173" VPOS="498" WIDTH="750" HEIGHT="28">
							<String ID="string_90" HPOS="173" VPOS="498" WIDTH="93" HEIGHT="20" WC="0.92" CONTENT="inrättats"/><SP WIDTH="14" VPOS="498" HPOS="266"/>
							<String ID="string_91" HPOS="280" VPOS="499" WIDTH="42" HEIGHT="19" WC="0.93" CONTENT="dels"/><SP WIDTH="12" VPOS="499" HPOS="322"/>
							<String ID="string_92" HPOS="334" VPOS="499" WIDTH="138" HEIGHT="27" WC="0.92" CONTENT="Reformatory"/><SP WIDTH="9" VPOS="499" HPOS="472"/>
							<String ID="string_93" HPOS="481" VPOS="499" WIDTH="76" HEIGHT="20" WC="0.91" CONTENT="schools"/><SP WIDTH="7" VPOS="499" HPOS="557"/>
							<String ID="string_94" HPOS="564" VPOS="512" WIDTH="28" HEIGHT="2" WC="0.91" CONTENT="—"/><SP WIDTH="9" VPOS="512" HPOS="592"/>
							<String ID="string_95" HPOS="601" VPOS="499" WIDTH="230" HEIGHT="27" WC="0.88" CONTENT="förbättringsskolor—,"/><SP WIDTH="9" VPOS="499" HPOS="831"/>
							<String ID="string_96" HPOS="840" VPOS="498" WIDTH="42" HEIGHT="20" WC="0.93" CONTENT="dels"/><SP WIDTH="9" VPOS="498" HPOS="882"/>
							<String ID="string_97" HPOS="891" VPOS="498" WIDTH="32" HEIGHT="20" WC="0.93" CONTENT="In-"/>
						</TextLine>
						<TextLine ID="line_12" HPOS="174" VPOS="528" WIDTH="749" HEIGHT="28">
							<String ID="string_98" HPOS="174" VPOS="528" WIDTH="83" HEIGHT="20" WC="0.80" CONTENT="dustrial"/><SP WIDTH="9" VPOS="528" HPOS="257"/>
							<String ID="string_99" HPOS="266" VPOS="528" WIDTH="76" HEIGHT="20" WC="0.89" CONTENT="schools"/><SP WIDTH="9" VPOS="528" HPOS="342"/>
							<String ID="string_100" HPOS="351" VPOS="542" WIDTH="26" HEIGHT="2" WC="0.93" CONTENT="—"/><SP WIDTH="9" VPOS="542" HPOS="377"/>
							<String ID="string_101" HPOS="386" VPOS="536" WIDTH="41" HEIGHT="13" WC="0.96" CONTENT="som"/><SP WIDTH="9" VPOS="536" HPOS="427"/>
							<String ID="string_102" HPOS="436" VPOS="530" WIDTH="26" HEIGHT="26" WC="0.96" CONTENT="pä"/><SP WIDTH="9" VPOS="530" HPOS="462"/>
							<String ID="string_103" HPOS="471" VPOS="529" WIDTH="86" HEIGHT="20" WC="0.93" CONTENT="svenska"/><SP WIDTH="7" VPOS="529" HPOS="557"/>
							<String ID="string_104" HPOS="564" VPOS="529" WIDTH="67" HEIGHT="21" WC="0.96" CONTENT="blifvit"/><SP WIDTH="9" VPOS="529" HPOS="631"/>
							<String ID="string_105" HPOS="640" VPOS="529" WIDTH="79" HEIGHT="20" WC="0.92" CONTENT="kallade"/><SP WIDTH="7" VPOS="529" HPOS="719"/>
							<String ID="string_106" HPOS="726" VPOS="529" WIDTH="152" HEIGHT="26" WC="0.91" CONTENT="räddningshem"/><SP WIDTH="12" VPOS="529" HPOS="878"/>
							<String ID="string_107" HPOS="890" VPOS="541" WIDTH="33" HEIGHT="11" WC="0.92" CONTENT="—,"/>
						</TextLine>
						<TextLine ID="line_13" HPOS="174" VPOS="558" WIDTH="749" HEIGHT="27">
							<String ID="string_108" HPOS="174" VPOS="558" WIDTH="42" HEIGHT="20" WC="0.88" CONTENT="dels"/><SP WIDTH="17" VPOS="558" HPOS="216"/>
							<String ID="string_109" HPOS="233" VPOS="558" WIDTH="93" HEIGHT="27" WC="0.88" CONTENT="slutligen"/><SP WIDTH="15" VPOS="558" HPOS="326"/>
							<String ID="string_110" HPOS="341" VPOS="559" WIDTH="77" HEIGHT="20" WC="0.91" CONTENT="Truant"/><SP WIDTH="11" VPOS="559" HPOS="418"/>
							<String ID="string_111" HPOS="429" VPOS="559" WIDTH="76" HEIGHT="20" WC="0.93" CONTENT="schools"/><SP WIDTH="11" VPOS="559" HPOS="505"/>
							<String ID="string_112" HPOS="516" VPOS="572" WIDTH="29" HEIGHT="2" WC="0.91" CONTENT="—"/><SP WIDTH="9" VPOS="572" HPOS="545"/>
							<String ID="string_113" HPOS="554" VPOS="559" WIDTH="159" HEIGHT="20" WC="0.91" CONTENT="skolkareskolor"/><SP WIDTH="8" VPOS="559" HPOS="713"/>
							<String ID="string_114" HPOS="721" VPOS="571" WIDTH="28" HEIGHT="3" WC="0.92" CONTENT="—"/><SP WIDTH="12" VPOS="571" HPOS="749"/>
							<String ID="string_115" HPOS="761" VPOS="559" WIDTH="36" HEIGHT="20" WC="0.96" CONTENT="och"/><SP WIDTH="13" VPOS="559" HPOS="797"/>
							<String ID="string_116" HPOS="810" VPOS="559" WIDTH="46" HEIGHT="26" WC="0.93" CONTENT="Day"/><SP WIDTH="10" VPOS="559" HPOS="856"/>
							<String ID="string_117" HPOS="866" VPOS="558" WIDTH="57" HEIGHT="20" WC="0.93" CONTENT="indu-"/>
						</TextLine>
						<TextLine ID="line_14" HPOS="174" VPOS="588" WIDTH="434" HEIGHT="28">
							<String ID="string_118" HPOS="174" VPOS="588" WIDTH="55" HEIGHT="20" WC="0.89" CONTENT="strial"/><SP WIDTH="15" VPOS="588" HPOS="229"/>
							<String ID="string_119" HPOS="244" VPOS="588" WIDTH="78" HEIGHT="20" WC="0.91" CONTENT="schools"/><SP WIDTH="17" VPOS="588" HPOS="322"/>
							<String ID="string_120" HPOS="339" VPOS="601" WIDTH="27" HEIGHT="3" WC="0.92" CONTENT="—"/><SP WIDTH="16" VPOS="601" HPOS="366"/>
							<String ID="string_121" HPOS="382" VPOS="589" WIDTH="176" HEIGHT="27" WC="0.90" CONTENT="räddningsskolor"/><SP WIDTH="16" VPOS="589" HPOS="558"/>
							<String ID="string_122" HPOS="574" VPOS="602" WIDTH="34" HEIGHT="7" WC="0.92" CONTENT="—."/>
						</TextLine>
					</TextBlock>
					<TextBlock ID="block_3" HPOS="172" VPOS="618" WIDTH="754" HEIGHT="716">
						<TextLine ID="line_15" HPOS="246" VPOS="618" WIDTH="678" HEIGHT="28">
							<String ID="string_123" HPOS="246" VPOS="618" WIDTH="137" HEIGHT="27" WC="0.91" CONTENT="Reformatory"/><SP WIDTH="21" VPOS="618" HPOS="383"/>
							<String ID="string_124" HPOS="404" VPOS="619" WIDTH="77" HEIGHT="20" WC="0.92" CONTENT="schools"/><SP WIDTH="20" VPOS="619" HPOS="481"/>
							<String ID="string_125" HPOS="501" VPOS="622" WIDTH="98" HEIGHT="24" WC="0.92" CONTENT="emottaga"/><SP WIDTH="20" VPOS="622" HPOS="599"/>
							<String ID="string_126" HPOS="619" VPOS="626" WIDTH="70" HEIGHT="20" WC="0.93" CONTENT="genom"/><SP WIDTH="22" VPOS="626" HPOS="689"/>
							<String ID="string_127" HPOS="711" VPOS="618" WIDTH="66" HEIGHT="27" WC="0.92" CONTENT="utslag"/><SP WIDTH="22" VPOS="618" HPOS="777"/>
							<String ID="string_128" HPOS="799" VPOS="618" WIDTH="21" HEIGHT="20" WC="0.96" CONTENT="af"/><SP WIDTH="20" VPOS="618" HPOS="820"/>
							<String ID="string_129" HPOS="840" VPOS="618" WIDTH="84" HEIGHT="20" WC="0.96" CONTENT="domstol"/>
						</TextLine>
						<TextLine ID="line_16" HPOS="174" VPOS="648" WIDTH="749" HEIGHT="28">
							<String ID="string_130" HPOS="174" VPOS="648" WIDTH="73" HEIGHT="20" WC="0.92" CONTENT="dömda"/><SP WIDTH="19" VPOS="648" HPOS="247"/>
							<String ID="string_131" HPOS="266" VPOS="648" WIDTH="129" HEIGHT="27" WC="0.90" CONTENT="minderäriga"/><SP WIDTH="20" VPOS="648" HPOS="395"/>
							<String ID="string_132" HPOS="415" VPOS="649" WIDTH="113" HEIGHT="27" WC="0.92" CONTENT="förbrytare,"/><SP WIDTH="17" VPOS="649" HPOS="528"/>
							<String ID="string_133" HPOS="545" VPOS="656" WIDTH="41" HEIGHT="13" WC="0.97" CONTENT="som"/><SP WIDTH="16" VPOS="656" HPOS="586"/>
							<String ID="string_134" HPOS="602" VPOS="650" WIDTH="52" HEIGHT="26" WC="0.96" CONTENT="gjort"/><SP WIDTH="16" VPOS="650" HPOS="654"/>
							<String ID="string_135" HPOS="670" VPOS="650" WIDTH="29" HEIGHT="26" WC="0.93" CONTENT="sig"/><SP WIDTH="15" VPOS="650" HPOS="699"/>
							<String ID="string_136" HPOS="714" VPOS="648" WIDTH="90" HEIGHT="27" WC="0.93" CONTENT="skyldige"/><SP WIDTH="17" VPOS="648" HPOS="804"/>
							<String ID="string_137" HPOS="821" VPOS="648" WIDTH="30" HEIGHT="20" WC="0.96" CONTENT="till"/><SP WIDTH="15" VPOS="648" HPOS="851"/>
							<String ID="string_138" HPOS="866" VPOS="648" WIDTH="57" HEIGHT="24" WC="0.92" CONTENT="brott,"/>
						</TextLine>
						<TextLine ID="line_17" HPOS="174" VPOS="678" WIDTH="750" HEIGHT="27">
							<String ID="string_139" HPOS="174" VPOS="678" WIDTH="30" HEIGHT="20" WC="0.93" CONTENT="för"/><SP WIDTH="20" VPOS="678" HPOS="204"/>
							<String ID="string_140" HPOS="224" VPOS="678" WIDTH="77" HEIGHT="20" WC="0.92" CONTENT="hvilket"/><SP WIDTH="19" VPOS="678" HPOS="301"/>
							<String ID="string_141" HPOS="320" VPOS="678" WIDTH="103" HEIGHT="27" WC="0.89" CONTENT="päföljden"/><SP WIDTH="20" VPOS="678" HPOS="423"/>
							<String ID="string_142" HPOS="443" VPOS="679" WIDTH="66" HEIGHT="20" WC="0.93" CONTENT="skulle"/><SP WIDTH="20" VPOS="679" HPOS="509"/>
							<String ID="string_143" HPOS="529" VPOS="679" WIDTH="61" HEIGHT="20" WC="0.92" CONTENT="hafva"/><SP WIDTH="22" VPOS="679" HPOS="590"/>
							<String ID="string_144" HPOS="612" VPOS="680" WIDTH="50" HEIGHT="19" WC="0.93" CONTENT="varit"/><SP WIDTH="16" VPOS="680" HPOS="662"/>
							<String ID="string_145" HPOS="678" VPOS="679" WIDTH="124" HEIGHT="20" WC="0.89" CONTENT="straffarbete"/><SP WIDTH="15" VPOS="679" HPOS="802"/>
							<String ID="string_146" HPOS="817" VPOS="678" WIDTH="48" HEIGHT="20" WC="0.93" CONTENT="eller"/><SP WIDTH="15" VPOS="678" HPOS="865"/>
							<String ID="string_147" HPOS="880" VPOS="678" WIDTH="44" HEIGHT="20" WC="0.93" CONTENT="fän-"/>
						</TextLine>
						<TextLine ID="line_18" HPOS="173" VPOS="707" WIDTH="751" HEIGHT="27">
							<String ID="string_148" HPOS="173" VPOS="707" WIDTH="119" HEIGHT="27" WC="0.91" CONTENT="gelsestraff."/><SP WIDTH="16" VPOS="707" HPOS="292"/>
							<String ID="string_149" HPOS="308" VPOS="720" WIDTH="29" HEIGHT="3" WC="0.91" CONTENT="—"/><SP WIDTH="15" VPOS="720" HPOS="337"/>
							<String ID="string_150" HPOS="352" VPOS="708" WIDTH="40" HEIGHT="20" WC="0.96" CONTENT="Till"/><SP WIDTH="17" VPOS="708" HPOS="392"/>
							<String ID="string_151" HPOS="409" VPOS="708" WIDTH="109" HEIGHT="21" WC="0.96" CONTENT="Industrial"/><SP WIDTH="11" VPOS="708" HPOS="518"/>
							<String ID="string_152" HPOS="529" VPOS="709" WIDTH="77" HEIGHT="20" WC="0.92" CONTENT="schools"/><SP WIDTH="14" VPOS="709" HPOS="606"/>
							<String ID="string_153" HPOS="620" VPOS="710" WIDTH="73" HEIGHT="19" WC="0.96" CONTENT="sändas"/><SP WIDTH="11" VPOS="710" HPOS="693"/>
							<String ID="string_154" HPOS="704" VPOS="709" WIDTH="55" HEIGHT="24" WC="0.96" CONTENT="barn,"/><SP WIDTH="14" VPOS="709" HPOS="759"/>
							<String ID="string_155" HPOS="773" VPOS="715" WIDTH="41" HEIGHT="13" WC="0.93" CONTENT="som"/><SP WIDTH="11" VPOS="715" HPOS="814"/>
							<String ID="string_156" HPOS="825" VPOS="708" WIDTH="99" HEIGHT="20" WC="0.95" CONTENT="anträffas"/>
						</TextLine>
						<TextLine ID="line_19" HPOS="173" VPOS="737" WIDTH="750" HEIGHT="29">
							<String ID="string_157" HPOS="173" VPOS="737" WIDTH="105" HEIGHT="21" WC="0.91" CONTENT="bettlande"/><SP WIDTH="20" VPOS="737" HPOS="278"/>
							<String ID="string_158" HPOS="298" VPOS="738" WIDTH="48" HEIGHT="20" WC="0.93" CONTENT="eller"/><SP WIDTH="19" VPOS="738" HPOS="346"/>
							<String ID="string_159" HPOS="365" VPOS="739" WIDTH="127" HEIGHT="26" WC="0.92" CONTENT="mottagande"/><SP WIDTH="16" VPOS="739" HPOS="492"/>
							<String ID="string_160" HPOS="508" VPOS="739" WIDTH="100" HEIGHT="24" WC="0.93" CONTENT="allmosor;"/><SP WIDTH="16" VPOS="739" HPOS="608"/>
							<String ID="string_161" HPOS="624" VPOS="738" WIDTH="163" HEIGHT="28" WC="0.92" CONTENT="kringdrifvande"/><SP WIDTH="16" VPOS="738" HPOS="787"/>
							<String ID="string_162" HPOS="803" VPOS="738" WIDTH="56" HEIGHT="24" WC="0.96" CONTENT="barn,"/><SP WIDTH="16" VPOS="738" HPOS="859"/>
							<String ID="string_163" HPOS="875" VPOS="741" WIDTH="48" HEIGHT="17" WC="0.96" CONTENT="utan"/>
						</TextLine>
						<TextLine ID="line_20" HPOS="173" VPOS="767" WIDTH="751" HEIGHT="28">
							<String ID="string_164" HPOS="173" VPOS="767" WIDTH="92" HEIGHT="20" WC="0.86" CONTENT="bestämd"/><SP WIDTH="23" VPOS="767" HPOS="265"/>
							<String ID="string_165" HPOS="288" VPOS="768" WIDTH="140" HEIGHT="27" WC="0.87" CONTENT="uppehällsort,"/><SP WIDTH="24" VPOS="768" HPOS="428"/>
							<String ID="string_166" HPOS="452" VPOS="768" WIDTH="98" HEIGHT="21" WC="0.92" CONTENT="mälsman"/><SP WIDTH="24" VPOS="768" HPOS="550"/>
							<String ID="string_167" HPOS="574" VPOS="769" WIDTH="48" HEIGHT="20" WC="0.93" CONTENT="eller"/><SP WIDTH="22" VPOS="769" HPOS="622"/>
							<String ID="string_168" HPOS="644" VPOS="768" WIDTH="159" HEIGHT="24" WC="0.90" CONTENT="existensmedel;"/><SP WIDTH="28" VPOS="768" HPOS="803"/>
							<String ID="string_169" HPOS="831" VPOS="768" WIDTH="93" HEIGHT="20" WC="0.89" CONTENT="värnlösa"/>
						</TextLine>
						<TextLine ID="line_21" HPOS="173" VPOS="797" WIDTH="750" HEIGHT="27">
							<String ID="string_170" HPOS="173" VPOS="797" WIDTH="56" HEIGHT="24" WC="0.91" CONTENT="barn,"/><SP WIDTH="21" VPOS="797" HPOS="229"/>
							<String ID="string_171" HPOS="250" VPOS="804" WIDTH="47" HEIGHT="14" WC="0.91" CONTENT="vare"/><SP WIDTH="20" VPOS="804" HPOS="297"/>
							<String ID="string_172" HPOS="317" VPOS="798" WIDTH="29" HEIGHT="26" WC="0.96" CONTENT="sig"/><SP WIDTH="20" VPOS="798" HPOS="346"/>
							<String ID="string_173" HPOS="366" VPOS="801" WIDTH="29" HEIGHT="17" WC="0.96" CONTENT="att"/><SP WIDTH="20" VPOS="801" HPOS="395"/>
							<String ID="string_174" HPOS="415" VPOS="798" WIDTH="24" HEIGHT="20" WC="0.93" CONTENT="de"/><SP WIDTH="20" VPOS="798" HPOS="439"/>
							<String ID="string_175" HPOS="459" VPOS="800" WIDTH="34" HEIGHT="18" WC="0.91" CONTENT="äro"/><SP WIDTH="20" VPOS="800" HPOS="493"/>
							<String ID="string_176" HPOS="513" VPOS="799" WIDTH="63" HEIGHT="19" WC="0.93" CONTENT="fader-"/><SP WIDTH="20" VPOS="799" HPOS="576"/>
							<String ID="string_177" HPOS="596" VPOS="799" WIDTH="37" HEIGHT="20" WC="0.93" CONTENT="och"/><SP WIDTH="20" VPOS="799" HPOS="633"/>
							<String ID="string_178" HPOS="653" VPOS="798" WIDTH="109" HEIGHT="21" WC="0.90" CONTENT="moderlösa"/><SP WIDTH="16" VPOS="798" HPOS="762"/>
							<String ID="string_179" HPOS="778" VPOS="798" WIDTH="47" HEIGHT="20" WC="0.96" CONTENT="eller"/><SP WIDTH="16" VPOS="798" HPOS="825"/>
							<String ID="string_180" HPOS="841" VPOS="801" WIDTH="29" HEIGHT="17" WC="0.96" CONTENT="att"/><SP WIDTH="15" VPOS="801" HPOS="870"/>
							<String ID="string_181" HPOS="885" VPOS="798" WIDTH="38" HEIGHT="20" WC="0.96" CONTENT="den"/>
						</TextLine>
						<TextLine ID="line_22" HPOS="173" VPOS="827" WIDTH="750" HEIGHT="28">
							<String ID="string_182" HPOS="173" VPOS="827" WIDTH="151" HEIGHT="21" WC="0.76" CONTENT="Ofverlefvande"/><SP WIDTH="20" VPOS="827" HPOS="324"/>
							<String ID="string_183" HPOS="344" VPOS="827" WIDTH="21" HEIGHT="21" WC="0.91" CONTENT="af"/><SP WIDTH="20" VPOS="827" HPOS="365"/>
							<String ID="string_184" HPOS="385" VPOS="828" WIDTH="123" HEIGHT="20" WC="0.91" CONTENT="föräldrarne"/><SP WIDTH="15" VPOS="828" HPOS="508"/>
							<String ID="string_185" HPOS="523" VPOS="829" WIDTH="99" HEIGHT="26" WC="0.91" CONTENT="undergär"/><SP WIDTH="15" VPOS="829" HPOS="622"/>
							<String ID="string_186" HPOS="637" VPOS="827" WIDTH="157" HEIGHT="28" WC="0.96" CONTENT="fängelsestraff;"/><SP WIDTH="17" VPOS="827" HPOS="794"/>
							<String ID="string_187" HPOS="811" VPOS="827" WIDTH="55" HEIGHT="25" WC="0.96" CONTENT="barn,"/><SP WIDTH="16" VPOS="827" HPOS="866"/>
							<String ID="string_188" HPOS="882" VPOS="834" WIDTH="41" HEIGHT="14" WC="0.97" CONTENT="som"/>
						</TextLine>
						<TextLine ID="line_23" HPOS="173" VPOS="857" WIDTH="751" HEIGHT="28">
							<String ID="string_189" HPOS="173" VPOS="857" WIDTH="103" HEIGHT="27" WC="0.92" CONTENT="sällskapa"/><SP WIDTH="20" VPOS="857" HPOS="276"/>
							<String ID="string_190" HPOS="296" VPOS="858" WIDTH="45" HEIGHT="20" WC="0.93" CONTENT="med"/><SP WIDTH="20" VPOS="858" HPOS="341"/>
							<String ID="string_191" HPOS="361" VPOS="858" WIDTH="102" HEIGHT="20" WC="0.33" CONTENT="notoriska"/><SP WIDTH="20" VPOS="858" HPOS="463"/>
							<String ID="string_192" HPOS="483" VPOS="859" WIDTH="73" HEIGHT="26" WC="0.92" CONTENT="tjufvar"/><SP WIDTH="20" VPOS="859" HPOS="556"/>
							<String ID="string_193" HPOS="576" VPOS="858" WIDTH="48" HEIGHT="20" WC="0.95" CONTENT="eller"/><SP WIDTH="20" VPOS="858" HPOS="624"/>
							<String ID="string_194" HPOS="644" VPOS="859" WIDTH="44" HEIGHT="19" WC="0.93" CONTENT="med"/><SP WIDTH="16" VPOS="859" HPOS="688"/>
							<String ID="string_195" HPOS="704" VPOS="858" WIDTH="149" HEIGHT="26" WC="0.96" CONTENT="prostituerade;"/><SP WIDTH="21" VPOS="858" HPOS="853"/>
							<String ID="string_196" HPOS="874" VPOS="858" WIDTH="50" HEIGHT="20" WC="0.96" CONTENT="barn"/>
						</TextLine>
						<TextLine ID="line_24" HPOS="173" VPOS="887" WIDTH="751" HEIGHT="28">
							<String ID="string_197" HPOS="173" VPOS="887" WIDTH="64" HEIGHT="20" WC="0.96" CONTENT="under"/><SP WIDTH="23" VPOS="887" HPOS="237"/>
							<String ID="string_198" HPOS="260" VPOS="888" WIDTH="26" HEIGHT="20" WC="0.91" CONTENT="12"/><SP WIDTH="21" VPOS="888" HPOS="286"/>
							<String ID="string_199" HPOS="307" VPOS="888" WIDTH="27" HEIGHT="24" WC="0.91" CONTENT="år,"/><SP WIDTH="21" VPOS="888" HPOS="334"/>
							<String ID="string_200" HPOS="355" VPOS="895" WIDTH="41" HEIGHT="13" WC="0.93" CONTENT="som"/><SP WIDTH="24" VPOS="895" HPOS="396"/>
							<String ID="string_201" HPOS="420" VPOS="888" WIDTH="67" HEIGHT="27" WC="0.93" CONTENT="begått"/><SP WIDTH="24" VPOS="888" HPOS="487"/>
							<String ID="string_202" HPOS="511" VPOS="888" WIDTH="122" HEIGHT="27" WC="0.89" CONTENT="förbrytelse,"/><SP WIDTH="23" VPOS="888" HPOS="633"/>
							<String ID="string_203" HPOS="656" VPOS="888" WIDTH="95" HEIGHT="20" WC="0.93" CONTENT="straffbar"/><SP WIDTH="19" VPOS="888" HPOS="751"/>
							<String ID="string_204" HPOS="770" VPOS="888" WIDTH="44" HEIGHT="20" WC="0.93" CONTENT="med"/><SP WIDTH="20" VPOS="888" HPOS="814"/>
							<String ID="string_205" HPOS="834" VPOS="887" WIDTH="90" HEIGHT="27" WC="0.96" CONTENT="fängelse"/>
						</TextLine>
						<TextLine ID="line_25" HPOS="173" VPOS="916" WIDTH="752" HEIGHT="29">
							<String ID="string_206" HPOS="173" VPOS="916" WIDTH="49" HEIGHT="21" WC="0.89" CONTENT="eller"/><SP WIDTH="20" VPOS="916" HPOS="222"/>
							<String ID="string_207" HPOS="242" VPOS="917" WIDTH="106" HEIGHT="27" WC="0.96" CONTENT="lindrigare"/><SP WIDTH="20" VPOS="917" HPOS="348"/>
							<String ID="string_208" HPOS="368" VPOS="918" WIDTH="85" HEIGHT="27" WC="0.93" CONTENT="påföljd;"/><SP WIDTH="22" VPOS="918" HPOS="453"/>
							<String ID="string_209" HPOS="475" VPOS="918" WIDTH="170" HEIGHT="27" WC="0.92" CONTENT="svärhandterliga"/><SP WIDTH="20" VPOS="918" HPOS="645"/>
							<String ID="string_210" HPOS="665" VPOS="919" WIDTH="55" HEIGHT="23" WC="0.96" CONTENT="barn,"/><SP WIDTH="21" VPOS="919" HPOS="720"/>
							<String ID="string_211" HPOS="741" VPOS="925" WIDTH="42" HEIGHT="13" WC="0.92" CONTENT="som"/><SP WIDTH="20" VPOS="925" HPOS="783"/>
							<String ID="string_212" HPOS="803" VPOS="918" WIDTH="77" HEIGHT="26" WC="0.92" CONTENT="intagas"/><SP WIDTH="19" VPOS="918" HPOS="880"/>
							<String ID="string_213" HPOS="899" VPOS="918" WIDTH="26" HEIGHT="26" WC="0.96" CONTENT="pä"/>
						</TextLine>
						<TextLine ID="line_26" HPOS="173" VPOS="946" WIDTH="752" HEIGHT="28">
							<String ID="string_214" HPOS="173" VPOS="946" WIDTH="149" HEIGHT="28" WC="0.96" CONTENT="framställning"/><SP WIDTH="20" VPOS="946" HPOS="322"/>
							<String ID="string_215" HPOS="342" VPOS="948" WIDTH="21" HEIGHT="20" WC="0.92" CONTENT="af"/><SP WIDTH="20" VPOS="948" HPOS="363"/>
							<String ID="string_216" HPOS="383" VPOS="948" WIDTH="103" HEIGHT="24" WC="0.96" CONTENT="målsman,"/><SP WIDTH="21" VPOS="948" HPOS="486"/>
							<String ID="string_217" HPOS="507" VPOS="948" WIDTH="47" HEIGHT="20" WC="0.86" CONTENT="eller"/><SP WIDTH="20" VPOS="948" HPOS="554"/>
							<String ID="string_218" HPOS="574" VPOS="956" WIDTH="32" HEIGHT="12" WC="0.96" CONTENT="om"/><SP WIDTH="20" VPOS="956" HPOS="606"/>
							<String ID="string_219" HPOS="626" VPOS="949" WIDTH="24" HEIGHT="19" WC="0.92" CONTENT="de"/><SP WIDTH="20" VPOS="949" HPOS="650"/>
							<String ID="string_220" HPOS="670" VPOS="950" WIDTH="33" HEIGHT="18" WC="0.96" CONTENT="äro"/><SP WIDTH="23" VPOS="950" HPOS="703"/>
							<String ID="string_221" HPOS="726" VPOS="948" WIDTH="83" HEIGHT="26" WC="0.93" CONTENT="intagna"/><SP WIDTH="19" VPOS="948" HPOS="809"/>
							<String ID="string_222" HPOS="828" VPOS="948" WIDTH="12" HEIGHT="19" WC="0.79" CONTENT="ä"/><SP WIDTH="20" VPOS="948" HPOS="840"/>
							<String ID="string_223" HPOS="860" VPOS="947" WIDTH="65" HEIGHT="26" WC="0.92" CONTENT="fattig-"/>
						</TextLine>
						<TextLine ID="line_27" HPOS="173" VPOS="977" WIDTH="753" HEIGHT="27">
							<String ID="string_224" HPOS="173" VPOS="977" WIDTH="176" HEIGHT="27" WC="0.91" CONTENT="värdsinrättning,"/><SP WIDTH="22" VPOS="977" HPOS="349"/>
							<String ID="string_225" HPOS="371" VPOS="978" WIDTH="22" HEIGHT="20" WC="0.92" CONTENT="af"/><SP WIDTH="22" VPOS="978" HPOS="393"/>
							<String ID="string_226" HPOS="415" VPOS="978" WIDTH="76" HEIGHT="20" WC="0.89" CONTENT="dennas"/><SP WIDTH="25" VPOS="978" HPOS="491"/>
							<String ID="string_227" HPOS="516" VPOS="978" WIDTH="91" HEIGHT="26" WC="0.90" CONTENT="styrelse;"/><SP WIDTH="23" VPOS="978" HPOS="607"/>
							<String ID="string_228" HPOS="630" VPOS="978" WIDTH="97" HEIGHT="24" WC="0.90" CONTENT="skolkare,"/><SP WIDTH="21" VPOS="978" HPOS="727"/>
							<String ID="string_229" HPOS="748" VPOS="984" WIDTH="42" HEIGHT="14" WC="0.93" CONTENT="som"/><SP WIDTH="16" VPOS="984" HPOS="790"/>
							<String ID="string_230" HPOS="806" VPOS="978" WIDTH="78" HEIGHT="26" WC="0.92" CONTENT="intagas"/><SP WIDTH="15" VPOS="978" HPOS="884"/>
							<String ID="string_231" HPOS="899" VPOS="977" WIDTH="27" HEIGHT="26" WC="0.96" CONTENT="pä"/>
						</TextLine>
						<TextLine ID="line_28" HPOS="173" VPOS="1006" WIDTH="752" HEIGHT="28">
							<String ID="string_232" HPOS="173" VPOS="1006" WIDTH="151" HEIGHT="28" WC="0.96" CONTENT="framställning"/><SP WIDTH="15" VPOS="1006" HPOS="324"/>
							<String ID="string_233" HPOS="339" VPOS="1008" WIDTH="21" HEIGHT="20" WC="0.93" CONTENT="af"/><SP WIDTH="16" VPOS="1008" HPOS="360"/>
							<String ID="string_234" HPOS="376" VPOS="1008" WIDTH="212" HEIGHT="26" WC="0.91" CONTENT="skolmyndigheterne,"/><SP WIDTH="16" VPOS="1008" HPOS="588"/>
							<String ID="string_235" HPOS="604" VPOS="1008" WIDTH="104" HEIGHT="20" WC="0.92" CONTENT="äfvensom"/><SP WIDTH="12" VPOS="1008" HPOS="708"/>
							<String ID="string_236" HPOS="720" VPOS="1008" WIDTH="55" HEIGHT="24" WC="0.96" CONTENT="barn,"/><SP WIDTH="12" VPOS="1008" HPOS="775"/>
							<String ID="string_237" HPOS="787" VPOS="1014" WIDTH="41" HEIGHT="14" WC="0.93" CONTENT="som"/><SP WIDTH="11" VPOS="1014" HPOS="828"/>
							<String ID="string_238" HPOS="839" VPOS="1007" WIDTH="86" HEIGHT="20" WC="0.92" CONTENT="behöfva"/>
						</TextLine>
						<TextLine ID="line_29" HPOS="175" VPOS="1036" WIDTH="750" HEIGHT="28">
							<String ID="string_239" HPOS="175" VPOS="1036" WIDTH="91" HEIGHT="27" WC="0.96" CONTENT="skyddas"/><SP WIDTH="20" VPOS="1036" HPOS="266"/>
							<String ID="string_240" HPOS="286" VPOS="1040" WIDTH="41" HEIGHT="17" WC="0.92" CONTENT="mot"/><SP WIDTH="19" VPOS="1040" HPOS="327"/>
							<String ID="string_241" HPOS="346" VPOS="1045" WIDTH="56" HEIGHT="19" WC="0.96" CONTENT="grym"/><SP WIDTH="21" VPOS="1045" HPOS="402"/>
							<String ID="string_242" HPOS="423" VPOS="1038" WIDTH="127" HEIGHT="26" WC="0.85" CONTENT="behandling."/><SP WIDTH="18" VPOS="1038" HPOS="550"/>
							<String ID="string_243" HPOS="568" VPOS="1050" WIDTH="26" HEIGHT="2" WC="0.92" CONTENT="—"/><SP WIDTH="18" VPOS="1050" HPOS="594"/>
							<String ID="string_244" HPOS="612" VPOS="1038" WIDTH="35" HEIGHT="21" WC="0.93" CONTENT="Uti"/><SP WIDTH="15" VPOS="1038" HPOS="647"/>
							<String ID="string_245" HPOS="662" VPOS="1039" WIDTH="77" HEIGHT="19" WC="0.92" CONTENT="Truant"/><SP WIDTH="16" VPOS="1039" HPOS="739"/>
							<String ID="string_246" HPOS="755" VPOS="1037" WIDTH="77" HEIGHT="20" WC="0.93" CONTENT="schools"/><SP WIDTH="16" VPOS="1037" HPOS="832"/>
							<String ID="string_247" HPOS="848" VPOS="1038" WIDTH="77" HEIGHT="25" WC="0.93" CONTENT="intagas"/>
						</TextLine>
						<TextLine ID="line_30" HPOS="172" VPOS="1066" WIDTH="753" HEIGHT="29">
							<String ID="string_248" HPOS="172" VPOS="1066" WIDTH="72" HEIGHT="20" WC="0.92" CONTENT="endast"/><SP WIDTH="23" VPOS="1066" HPOS="244"/>
							<String ID="string_249" HPOS="267" VPOS="1067" WIDTH="98" HEIGHT="24" WC="0.90" CONTENT="skolkare,"/><SP WIDTH="22" VPOS="1067" HPOS="365"/>
							<String ID="string_250" HPOS="387" VPOS="1074" WIDTH="41" HEIGHT="14" WC="0.92" CONTENT="som"/><SP WIDTH="16" VPOS="1074" HPOS="428"/>
							<String ID="string_251" HPOS="444" VPOS="1068" WIDTH="43" HEIGHT="20" WC="0.91" CONTENT="icke"/><SP WIDTH="16" VPOS="1068" HPOS="487"/>
							<String ID="string_252" HPOS="503" VPOS="1068" WIDTH="51" HEIGHT="26" WC="0.96" CONTENT="gjort"/><SP WIDTH="15" VPOS="1068" HPOS="554"/>
							<String ID="string_253" HPOS="569" VPOS="1068" WIDTH="29" HEIGHT="26" WC="0.93" CONTENT="sig"/><SP WIDTH="16" VPOS="1068" HPOS="598"/>
							<String ID="string_254" HPOS="614" VPOS="1068" WIDTH="92" HEIGHT="27" WC="0.90" CONTENT="skyldiga"/><SP WIDTH="16" VPOS="1068" HPOS="706"/>
							<String ID="string_255" HPOS="722" VPOS="1067" WIDTH="30" HEIGHT="21" WC="0.93" CONTENT="till"/><SP WIDTH="16" VPOS="1067" HPOS="752"/>
							<String ID="string_256" HPOS="768" VPOS="1068" WIDTH="66" HEIGHT="26" WC="0.92" CONTENT="nägon"/><SP WIDTH="17" VPOS="1068" HPOS="834"/>
							<String ID="string_257" HPOS="851" VPOS="1067" WIDTH="74" HEIGHT="26" WC="0.93" CONTENT="förbry-"/>
						</TextLine>
						<TextLine ID="line_31" HPOS="174" VPOS="1096" WIDTH="752" HEIGHT="28">
							<String ID="string_258" HPOS="174" VPOS="1096" WIDTH="49" HEIGHT="20" WC="0.91" CONTENT="telse"/><SP WIDTH="21" VPOS="1096" HPOS="223"/>
							<String ID="string_259" HPOS="244" VPOS="1096" WIDTH="37" HEIGHT="20" WC="0.93" CONTENT="och"/><SP WIDTH="20" VPOS="1096" HPOS="281"/>
							<String ID="string_260" HPOS="301" VPOS="1097" WIDTH="28" HEIGHT="20" WC="0.90" CONTENT="uti"/><SP WIDTH="21" VPOS="1097" HPOS="329"/>
							<String ID="string_261" HPOS="350" VPOS="1098" WIDTH="47" HEIGHT="26" WC="0.96" CONTENT="Day"/><SP WIDTH="20" VPOS="1098" HPOS="397"/>
							<String ID="string_262" HPOS="417" VPOS="1098" WIDTH="104" HEIGHT="20" WC="0.96" CONTENT="industrial"/><SP WIDTH="17" VPOS="1098" HPOS="521"/>
							<String ID="string_263" HPOS="538" VPOS="1098" WIDTH="76" HEIGHT="20" WC="0.93" CONTENT="schools"/><SP WIDTH="16" VPOS="1098" HPOS="614"/>
							<String ID="string_264" HPOS="630" VPOS="1098" WIDTH="78" HEIGHT="26" WC="0.93" CONTENT="intagas"/><SP WIDTH="17" VPOS="1098" HPOS="708"/>
							<String ID="string_265" HPOS="725" VPOS="1097" WIDTH="92" HEIGHT="27" WC="0.90" CONTENT="slutligen"/><SP WIDTH="17" VPOS="1097" HPOS="817"/>
							<String ID="string_266" HPOS="834" VPOS="1096" WIDTH="92" HEIGHT="21" WC="0.92" CONTENT="väsendt-"/>
						</TextLine>
						<TextLine ID="line_32" HPOS="173" VPOS="1126" WIDTH="753" HEIGHT="28">
							<String ID="string_267" HPOS="173" VPOS="1126" WIDTH="53" HEIGHT="26" WC="0.91" CONTENT="ligen"/><SP WIDTH="17" VPOS="1126" HPOS="226"/>
							<String ID="string_268" HPOS="243" VPOS="1134" WIDTH="76" HEIGHT="12" WC="0.96" CONTENT="samma"/><SP WIDTH="15" VPOS="1134" HPOS="319"/>
							<String ID="string_269" HPOS="334" VPOS="1127" WIDTH="114" HEIGHT="27" WC="0.96" CONTENT="kategorier,"/><SP WIDTH="17" VPOS="1127" HPOS="448"/>
							<String ID="string_270" HPOS="465" VPOS="1135" WIDTH="41" HEIGHT="13" WC="0.93" CONTENT="som"/><SP WIDTH="16" VPOS="1135" HPOS="506"/>
							<String ID="string_271" HPOS="522" VPOS="1128" WIDTH="28" HEIGHT="20" WC="0.93" CONTENT="uti"/><SP WIDTH="15" VPOS="1128" HPOS="550"/>
							<String ID="string_272" HPOS="565" VPOS="1128" WIDTH="110" HEIGHT="20" WC="0.96" CONTENT="Industrial"/><SP WIDTH="16" VPOS="1128" HPOS="675"/>
							<String ID="string_273" HPOS="691" VPOS="1127" WIDTH="82" HEIGHT="24" WC="0.93" CONTENT="schools,"/><SP WIDTH="17" VPOS="1127" HPOS="773"/>
							<String ID="string_274" HPOS="790" VPOS="1127" WIDTH="18" HEIGHT="20" WC="0.93" CONTENT="d."/><SP WIDTH="11" VPOS="1127" HPOS="808"/>
							<String ID="string_275" HPOS="819" VPOS="1134" WIDTH="18" HEIGHT="13" WC="0.95" CONTENT="v."/><SP WIDTH="12" VPOS="1134" HPOS="837"/>
							<String ID="string_276" HPOS="849" VPOS="1134" WIDTH="15" HEIGHT="13" WC="0.93" CONTENT="s."/><SP WIDTH="13" VPOS="1134" HPOS="864"/>
							<String ID="string_277" HPOS="877" VPOS="1126" WIDTH="49" HEIGHT="20" WC="0.92" CONTENT="bett-"/>
						</TextLine>
						<TextLine ID="line_33" HPOS="172" VPOS="1155" WIDTH="753" HEIGHT="29">
							<String ID="string_278" HPOS="172" VPOS="1155" WIDTH="65" HEIGHT="25" WC="0.87" CONTENT="lande,"/><SP WIDTH="27" VPOS="1155" HPOS="237"/>
							<String ID="string_279" HPOS="264" VPOS="1156" WIDTH="149" HEIGHT="27" WC="0.82" CONTENT="dagdrifvande,"/><SP WIDTH="23" VPOS="1156" HPOS="413"/>
							<String ID="string_280" HPOS="436" VPOS="1158" WIDTH="116" HEIGHT="24" WC="0.92" CONTENT="skolkande,"/><SP WIDTH="22" VPOS="1158" HPOS="552"/>
							<String ID="string_281" HPOS="574" VPOS="1158" WIDTH="63" HEIGHT="26" WC="0.96" CONTENT="dåligt"/><SP WIDTH="20" VPOS="1158" HPOS="637"/>
							<String ID="string_282" HPOS="657" VPOS="1157" WIDTH="89" HEIGHT="27" WC="0.95" CONTENT="sällskap"/><SP WIDTH="21" VPOS="1157" HPOS="746"/>
							<String ID="string_283" HPOS="767" VPOS="1156" WIDTH="88" HEIGHT="21" WC="0.96" CONTENT="sökande"/><SP WIDTH="20" VPOS="1156" HPOS="855"/>
							<String ID="string_284" HPOS="875" VPOS="1156" WIDTH="50" HEIGHT="20" WC="0.96" CONTENT="barn"/>
						</TextLine>
						<TextLine ID="line_34" HPOS="172" VPOS="1186" WIDTH="754" HEIGHT="28">
							<String ID="string_285" HPOS="172" VPOS="1192" WIDTH="26" HEIGHT="14" WC="0.92" CONTENT="m."/><SP WIDTH="16" VPOS="1192" HPOS="198"/>
							<String ID="string_286" HPOS="214" VPOS="1186" WIDTH="28" HEIGHT="24" WC="0.84" CONTENT="fl.,"/><SP WIDTH="23" VPOS="1186" HPOS="242"/>
							<String ID="string_287" HPOS="265" VPOS="1193" WIDTH="42" HEIGHT="13" WC="0.92" CONTENT="som"/><SP WIDTH="20" VPOS="1193" HPOS="307"/>
							<String ID="string_288" HPOS="327" VPOS="1186" WIDTH="68" HEIGHT="27" WC="0.96" CONTENT="begått"/><SP WIDTH="16" VPOS="1186" HPOS="395"/>
							<String ID="string_289" HPOS="411" VPOS="1188" WIDTH="76" HEIGHT="20" WC="0.93" CONTENT="mindre"/><SP WIDTH="15" VPOS="1188" HPOS="487"/>
							<String ID="string_290" HPOS="502" VPOS="1188" WIDTH="131" HEIGHT="26" WC="0.96" CONTENT="förbrytelser,"/><SP WIDTH="17" VPOS="1188" HPOS="633"/>
							<String ID="string_291" HPOS="650" VPOS="1189" WIDTH="37" HEIGHT="19" WC="0.93" CONTENT="när"/><SP WIDTH="15" VPOS="1189" HPOS="687"/>
							<String ID="string_292" HPOS="702" VPOS="1188" WIDTH="93" HEIGHT="19" WC="0.96" CONTENT="domaren"/><SP WIDTH="16" VPOS="1188" HPOS="795"/>
							<String ID="string_293" HPOS="811" VPOS="1186" WIDTH="67" HEIGHT="20" WC="0.96" CONTENT="finner"/><SP WIDTH="16" VPOS="1186" HPOS="878"/>
							<String ID="string_294" HPOS="894" VPOS="1186" WIDTH="32" HEIGHT="20" WC="0.96" CONTENT="det"/>
						</TextLine>
						<TextLine ID="line_35" HPOS="172" VPOS="1215" WIDTH="753" HEIGHT="29">
							<String ID="string_295" HPOS="172" VPOS="1215" WIDTH="98" HEIGHT="27" WC="0.93" CONTENT="lämpligt,"/><SP WIDTH="17" VPOS="1215" HPOS="270"/>
							<String ID="string_296" HPOS="287" VPOS="1216" WIDTH="76" HEIGHT="21" WC="0.93" CONTENT="hvilket"/><SP WIDTH="16" VPOS="1216" HPOS="363"/>
							<String ID="string_297" HPOS="379" VPOS="1217" WIDTH="57" HEIGHT="20" WC="0.96" CONTENT="beror"/><SP WIDTH="15" VPOS="1217" HPOS="436"/>
							<String ID="string_298" HPOS="451" VPOS="1218" WIDTH="26" HEIGHT="26" WC="0.96" CONTENT="pä"/><SP WIDTH="15" VPOS="1218" HPOS="477"/>
							<String ID="string_299" HPOS="492" VPOS="1224" WIDTH="30" HEIGHT="14" WC="0.93" CONTENT="om"/><SP WIDTH="17" VPOS="1224" HPOS="522"/>
							<String ID="string_300" HPOS="539" VPOS="1218" WIDTH="71" HEIGHT="20" WC="0.91" CONTENT="barnet"/><SP WIDTH="16" VPOS="1218" HPOS="610"/>
							<String ID="string_301" HPOS="626" VPOS="1218" WIDTH="35" HEIGHT="20" WC="0.93" CONTENT="har"/><SP WIDTH="15" VPOS="1218" HPOS="661"/>
							<String ID="string_302" HPOS="676" VPOS="1217" WIDTH="85" HEIGHT="20" WC="0.91" CONTENT="hemvist"/><SP WIDTH="15" VPOS="1217" HPOS="761"/>
							<String ID="string_303" HPOS="776" VPOS="1216" WIDTH="36" HEIGHT="20" WC="0.97" CONTENT="och"/><SP WIDTH="11" VPOS="1216" HPOS="812"/>
							<String ID="string_304" HPOS="823" VPOS="1217" WIDTH="27" HEIGHT="26" WC="0.93" CONTENT="pä"/><SP WIDTH="11" VPOS="1217" HPOS="850"/>
							<String ID="string_305" HPOS="861" VPOS="1216" WIDTH="64" HEIGHT="20" WC="0.93" CONTENT="dettas"/>
						</TextLine>
						<TextLine ID="line_36" HPOS="172" VPOS="1245" WIDTH="754" HEIGHT="29">
							<String ID="string_306" HPOS="172" VPOS="1245" WIDTH="149" HEIGHT="25" WC="0.96" CONTENT="beskaffenhet,"/><SP WIDTH="21" VPOS="1245" HPOS="321"/>
							<String ID="string_307" HPOS="342" VPOS="1250" WIDTH="21" HEIGHT="23" WC="0.93" CONTENT="ty"/><SP WIDTH="21" VPOS="1250" HPOS="363"/>
							<String ID="string_308" HPOS="384" VPOS="1247" WIDTH="124" HEIGHT="20" WC="0.96" CONTENT="sistnämnda"/><SP WIDTH="20" VPOS="1247" HPOS="508"/>
							<String ID="string_309" HPOS="528" VPOS="1248" WIDTH="43" HEIGHT="26" WC="0.96" CONTENT="slag"/><SP WIDTH="19" VPOS="1248" HPOS="571"/>
							<String ID="string_310" HPOS="590" VPOS="1248" WIDTH="21" HEIGHT="19" WC="0.92" CONTENT="af"/><SP WIDTH="15" VPOS="1248" HPOS="611"/>
							<String ID="string_311" HPOS="626" VPOS="1248" WIDTH="132" HEIGHT="25" WC="0.96" CONTENT="inrättningar"/><SP WIDTH="15" VPOS="1248" HPOS="758"/>
							<String ID="string_312" HPOS="773" VPOS="1248" WIDTH="34" HEIGHT="18" WC="0.96" CONTENT="äro"/><SP WIDTH="15" VPOS="1248" HPOS="807"/>
							<String ID="string_313" HPOS="822" VPOS="1246" WIDTH="6" HEIGHT="20" WC="0.93" CONTENT="i"/><SP WIDTH="16" VPOS="1246" HPOS="828"/>
							<String ID="string_314" HPOS="844" VPOS="1249" WIDTH="82" HEIGHT="17" WC="0.96" CONTENT="motsats"/>
						</TextLine>
						<TextLine ID="line_37" HPOS="173" VPOS="1270" WIDTH="753" HEIGHT="32">
							<String ID="string_315" HPOS="173" VPOS="1274" WIDTH="31" HEIGHT="20" WC="0.96" CONTENT="till"/><SP WIDTH="16" VPOS="1274" HPOS="204"/>
							<String ID="string_316" HPOS="220" VPOS="1276" WIDTH="25" HEIGHT="20" WC="0.96" CONTENT="de"/><SP WIDTH="17" VPOS="1276" HPOS="245"/>
							<String ID="string_317" HPOS="262" VPOS="1276" WIDTH="63" HEIGHT="26" WC="0.93" CONTENT="öfriga"/><SP WIDTH="19" VPOS="1276" HPOS="325"/>
							<String ID="string_318" HPOS="344" VPOS="1276" WIDTH="192" HEIGHT="21" WC="0.91" CONTENT="ofvanomförmälda"/><SP WIDTH="15" VPOS="1276" HPOS="536"/>
							<String ID="string_319" HPOS="551" VPOS="1277" WIDTH="43" HEIGHT="20" WC="0.96" CONTENT="icke"/><SP WIDTH="15" VPOS="1277" HPOS="594"/>
							<String ID="string_320" HPOS="609" VPOS="1278" WIDTH="92" HEIGHT="19" WC="0.95" CONTENT="internat."/><SP WIDTH="31" VPOS="1278" HPOS="701"/>
							<String ID="string_321" HPOS="732" VPOS="1270" WIDTH="30" HEIGHT="26" WC="0.95" CONTENT="År"/><SP WIDTH="17" VPOS="1270" HPOS="762"/>
							<String ID="string_322" HPOS="779" VPOS="1277" WIDTH="57" HEIGHT="19" WC="0.96" CONTENT="1894"/><SP WIDTH="16" VPOS="1277" HPOS="836"/>
							<String ID="string_323" HPOS="852" VPOS="1276" WIDTH="74" HEIGHT="20" WC="0.96" CONTENT="funnos"/>
						</TextLine>
						<TextLine ID="line_38" HPOS="172" VPOS="1305" WIDTH="753" HEIGHT="29">
							<String ID="string_324" HPOS="172" VPOS="1305" WIDTH="6" HEIGHT="19" WC="0.96" CONTENT="i"/><SP WIDTH="22" VPOS="1305" HPOS="178"/>
							<String ID="string_325" HPOS="200" VPOS="1305" WIDTH="98" HEIGHT="27" WC="0.96" CONTENT="England"/><SP WIDTH="20" VPOS="1305" HPOS="298"/>
							<String ID="string_326" HPOS="318" VPOS="1306" WIDTH="37" HEIGHT="20" WC="0.93" CONTENT="och"/><SP WIDTH="21" VPOS="1306" HPOS="355"/>
							<String ID="string_327" HPOS="376" VPOS="1306" WIDTH="109" HEIGHT="21" WC="0.92" CONTENT="Skottland"/><SP WIDTH="20" VPOS="1306" HPOS="485"/>
							<String ID="string_328" HPOS="505" VPOS="1307" WIDTH="89" HEIGHT="27" WC="0.96" CONTENT="följande"/><SP WIDTH="20" VPOS="1307" HPOS="594"/>
							<String ID="string_329" HPOS="614" VPOS="1307" WIDTH="56" HEIGHT="20" WC="0.93" CONTENT="antal"/><SP WIDTH="16" VPOS="1307" HPOS="670"/>
							<String ID="string_330" HPOS="686" VPOS="1306" WIDTH="239" HEIGHT="27" WC="0.91" CONTENT="uppfostringsanstalter:"/>
						</TextLine>
					</TextBlock>
					<TextBlock ID="block_4" HPOS="282" VPOS="1336" WIDTH="537" HEIGHT="55">
						<TextLine ID="line_39" HPOS="296" VPOS="1336" WIDTH="523" HEIGHT="27">
							<String ID="string_331" HPOS="296" VPOS="1337" WIDTH="27" HEIGHT="19" WC="0.93" CONTENT="50"/><SP WIDTH="17" VPOS="1337" HPOS="323"/>
							<String ID="string_332" HPOS="340" VPOS="1336" WIDTH="139" HEIGHT="27" WC="0.91" CONTENT="Reformatory"/><SP WIDTH="21" VPOS="1336" HPOS="479"/>
							<String ID="string_333" HPOS="500" VPOS="1337" WIDTH="77" HEIGHT="20" WC="0.96" CONTENT="schools"/><SP WIDTH="21" VPOS="1337" HPOS="577"/>
							<String ID="string_334" HPOS="598" VPOS="1338" WIDTH="44" HEIGHT="19" WC="0.94" CONTENT="med"/><SP WIDTH="32" VPOS="1338" HPOS="642"/>
							<String ID="string_335" HPOS="674" VPOS="1338" WIDTH="63" HEIGHT="23" WC="0.93" CONTENT="5,587"/><SP WIDTH="17" VPOS="1338" HPOS="737"/>
							<String ID="string_336" HPOS="754" VPOS="1336" WIDTH="65" HEIGHT="20" WC="0.93" CONTENT="elever"/>
						</TextLine>
						<TextLine ID="line_40" HPOS="282" VPOS="1366" WIDTH="505" HEIGHT="25">
							<String ID="string_337" HPOS="282" VPOS="1366" WIDTH="41" HEIGHT="20" WC="0.95" CONTENT="141"/><SP WIDTH="18" VPOS="1366" HPOS="323"/>
							<String ID="string_338" HPOS="341" VPOS="1366" WIDTH="110" HEIGHT="20" WC="0.96" CONTENT="Industrial"/><SP WIDTH="16" VPOS="1366" HPOS="451"/>
							<String ID="string_339" HPOS="467" VPOS="1367" WIDTH="77" HEIGHT="20" WC="0.96" CONTENT="schools"/><SP WIDTH="71" VPOS="1367" HPOS="544"/>
							<String ID="string_340" HPOS="615" VPOS="1375" WIDTH="8" HEIGHT="11" WC="0.89" CONTENT="»"/><SP WIDTH="35" VPOS="1375" HPOS="623"/>
							<String ID="string_341" HPOS="658" VPOS="1368" WIDTH="77" HEIGHT="23" WC="0.89" CONTENT="18,923"/><SP WIDTH="43" VPOS="1368" HPOS="735"/>
							<String ID="string_342" HPOS="778" VPOS="1374" WIDTH="9" HEIGHT="11" WC="0.90" CONTENT="»"/>
						</TextLine>
					</TextBlock>
					<TextBlock ID="block_5" HPOS="296" VPOS="1396" WIDTH="559" HEIGHT="56">
						<TextLine ID="line_41" HPOS="297" VPOS="1396" WIDTH="558" HEIGHT="25">
							<String ID="string_343" HPOS="297" VPOS="1396" WIDTH="26" HEIGHT="20" WC="0.90" CONTENT="14"/><SP WIDTH="17" VPOS="1396" HPOS="323"/>
							<String ID="string_344" HPOS="340" VPOS="1396" WIDTH="77" HEIGHT="20" WC="0.89" CONTENT="Truant"/><SP WIDTH="16" VPOS="1396" HPOS="417"/>
							<String ID="string_345" HPOS="433" VPOS="1397" WIDTH="76" HEIGHT="19" WC="0.96" CONTENT="schools"/><SP WIDTH="105" VPOS="1397" HPOS="509"/>
							<String ID="string_346" HPOS="614" VPOS="1405" WIDTH="9" HEIGHT="11" WC="0.93" CONTENT="»"/><SP WIDTH="49" VPOS="1405" HPOS="623"/>
							<String ID="string_347" HPOS="672" VPOS="1398" WIDTH="63" HEIGHT="23" WC="0.76" CONTENT="5,763"/><SP WIDTH="42" VPOS="1398" HPOS="735"/>
							<String ID="string_348" HPOS="777" VPOS="1404" WIDTH="9" HEIGHT="11" WC="0.92" CONTENT="&gt;"/><SP WIDTH="32" VPOS="1404" HPOS="786"/>
							<String ID="string_349" HPOS="818" VPOS="1396" WIDTH="37" HEIGHT="20" WC="0.94" CONTENT="och"/>
						</TextLine>
						<TextLine ID="line_42" HPOS="296" VPOS="1426" WIDTH="491" HEIGHT="26">
							<String ID="string_350" HPOS="296" VPOS="1426" WIDTH="26" HEIGHT="21" WC="0.96" CONTENT="22"/><SP WIDTH="17" VPOS="1426" HPOS="322"/>
							<String ID="string_351" HPOS="339" VPOS="1426" WIDTH="47" HEIGHT="26" WC="0.96" CONTENT="Day"/><SP WIDTH="15" VPOS="1426" HPOS="386"/>
							<String ID="string_352" HPOS="401" VPOS="1426" WIDTH="104" HEIGHT="20" WC="0.96" CONTENT="industrial"/><SP WIDTH="17" VPOS="1426" HPOS="505"/>
							<String ID="string_353" HPOS="522" VPOS="1426" WIDTH="76" HEIGHT="21" WC="0.88" CONTENT="schools"/><SP WIDTH="18" VPOS="1426" HPOS="598"/>
							<String ID="string_354" HPOS="616" VPOS="1436" WIDTH="8" HEIGHT="9" WC="0.92" CONTENT="»"/><SP WIDTH="26" VPOS="1436" HPOS="624"/>
							<String ID="string_355" HPOS="650" VPOS="1421" WIDTH="13" HEIGHT="35" WC="0.37" CONTENT="="/><SP WIDTH="11" VPOS="1421" HPOS="663"/>
							<String ID="string_356" HPOS="674" VPOS="1428" WIDTH="62" HEIGHT="22" WC="0.37" CONTENT="3,777"/><SP WIDTH="43" VPOS="1428" HPOS="736"/>
							<String ID="string_357" HPOS="779" VPOS="1434" WIDTH="8" HEIGHT="10" WC="0.63" CONTENT="&gt;"/>
						</TextLine>
					</TextBlock>
				</ComposedBlock>
			</PrintSpace>
		</Page>
	</Layout>
</alto>
