1045 1659
180 130 12 19 2
316 127 81 23 Ständ.
413 128 52 22 Pet.
524 128 170 22 Petitionsbet.
710 128 42 22 N:o
768 128 35 21 60.

180 202 28 14 en
226 194 79 28 miljon
323 194 64 22 mark
405 197 33 19 att
456 194 116 22 användas
588 194 33 22 till
637 194 133 28 utgifvande
787 194 24 21 af
825 194 36 21 lån
877 196 59 19 emot

180 229 49 28 49/,
245 232 64 18 ränta
325 228 34 22 för
375 229 142 29 uppförande
533 229 25 21 af
575 229 72 21 sunda
663 228 214 26 arbetarebostäder,
893 229 43 21 och

180 264 74 21 skulle
272 264 84 21 sådana
377 264 37 21 lån
433 264 95 28 beviljas
548 266 22 19 åt
586 264 139 25 kommuner,
742 271 47 14 som
805 264 78 21 därom
898 271 37 14 an-

180 298 64 26 hålla,
264 301 54 19 utan
341 298 96 22 särskild
456 299 111 25 säkerhet,
584 299 43 21 och
642 300 23 20 åt
679 298 74 28 bolag,
769 298 78 22 hvilka
862 298 74 28 åsyfta

179 333 119 21 bostäders
313 334 143 28 uppförande
470 334 9 20 i
494 334 94 21 främsta
598 336 97 19 rummet
706 333 35 21 för
752 333 182 28 bolagsmännen,

180 370 60 19 emot
262 368 250 28 inteckningssäkerhet
535 368 34 22 till
589 368 83 29 belopp
691 368 160 21 motsvarande
869 368 67 28 högst

179 405 34 19 tre
228 403 136 28 fjärdedelar
380 404 25 20 af
418 404 44 20 den
477 403 135 22 intecknade
629 403 97 29 gårdens
742 402 75 22 värde.

249 438 115 21 Lösandet
381 438 26 21 af
426 438 277 28 arbetarebostadsfrågan
723 440 24 18 är
763 445 28 14 en
806 438 91 28 uppgift
912 438 26 21 af

179 475 85 19 största
281 472 117 29 betydelse
413 473 35 21 för
465 473 117 21 samhället
597 473 62 21 såväl
675 473 7 21 i
698 472 94 22 sanitärt
807 473 42 21 och
865 480 69 14 mora-

178 508 55 21 liskt
248 515 48 14 som
312 508 142 22 ekonomiskt
470 508 113 22 afseende.
604 508 274 28 Arbetarebefolkningen
893 508 41 21 bor

178 542 115 29 nämligen
308 542 7 22 i
331 543 121 21 allmänhet
467 543 7 22 i
488 545 81 26 trånga
586 544 42 20 och
645 542 162 22 ohelsosamma
821 543 44 21 hus
879 544 56 20 samt

179 580 24 18 är
222 578 48 21 ofta
288 578 118 21 nödsakad
426 580 33 19 att
474 578 34 21 till
523 578 152 28 bostadshyra
691 578 104 21 använda
813 585 29 13 en
855 577 79 29 jämfö-

178 612 94 22 relsevis
287 612 53 22 vida
355 615 72 19 större
443 613 36 21 del
494 613 25 21 af
532 612 36 22 sin
584 612 142 26 årsinkomst,
739 615 27 19 än
777 612 28 22 de
815 612 120 29 förmögna

178 647 171 22 folkklasserna.

247 682 42 22 Att
311 682 130 22 arbetarene
464 682 81 28 själfve
567 682 8 22 i
598 682 93 22 främsta
714 685 95 19 rummet
827 682 56 22 böra
898 690 36 14 an-

178 719 94 26 stränga
294 716 34 29 sig
351 716 35 22 för
407 720 32 18 att
461 717 83 21 bereda
566 717 120 28 framgång
705 718 22 20 åt
746 720 32 18 ett
797 717 136 25 sträfvande,

178 760 48 13 som
242 755 25 18 är
282 752 73 21 afsedt
371 754 32 19 att
417 760 76 20 gagna
508 752 58 25 dem,
582 755 24 18 är
621 752 118 28 naturligt;
756 752 40 21 och
808 754 37 19 må
854 752 80 22 härvid

178 787 68 21 äfven
262 786 129 22 framhållas
407 789 32 19 att
454 787 7 21 i
476 789 71 26 några
563 787 25 21 af
600 787 88 21 landets
700 788 72 20 större
782 787 75 21 städer
867 787 68 29 bolag

177 821 33 21 uti
235 821 173 29 ifrågavarande
433 822 60 28 syfte
518 822 114 21 allaredan
657 821 170 22 åstadkommits
853 828 81 22 genom

177 856 143 22 arbetarenes
336 859 51 25 eget
402 856 104 22 initiativ.
536 857 54 21 Men
605 857 47 21 dels
668 858 46 20 står
730 857 61 21 detta
805 856 97 22 initiativ
913 856 19 28 ej

177 890 63 22 alltid
260 893 32 19 att
310 891 68 26 finna,
397 891 48 22 dels
461 894 24 18 är
501 892 38 21 det
554 893 97 27 mången
667 893 61 27 gång
743 890 19 29 ej
779 891 95 29 kraftigt
889 898 46 21 nog

177 928 33 19 att
227 928 57 26 göra
306 926 35 28 sig
363 926 110 28 gällande,
495 927 42 21 och
556 926 72 21 under
644 927 84 21 sådana
744 926 190 28 omständigheter

176 962 72 20 måste
264 961 38 21 det
317 968 65 14 anses
399 961 130 26 önskvärdt,
546 964 33 18 att
595 961 102 22 enskilda
712 961 123 28 lyckligare
850 961 84 21 lottade

176 1002 110 21 personer
301 996 53 21 eller
369 996 164 22 kommunerna
549 996 119 28 stödjande
685 996 100 21 inskrida
799 996 43 21 och
853 1003 81 21 genom

176 1030 213 22 åstadkommandet
405 1030 24 22 af
443 1031 131 28 föreningar
590 1031 42 21 och
647 1031 68 28 bolag
725 1030 81 29 bringa
817 1030 117 28 företagen

176 1067 13 19 å
201 1065 64 21 bane.
283 1065 41 21 Om
335 1065 102 22 däremot
447 1066 28 21 de
486 1065 113 21 enskildes
611 1066 42 21 och
664 1066 175 21 kommunernas
848 1066 86 20 krafter

175 1099 51 21 icke
247 1100 68 20 räcka
333 1100 33 21 till
382 1100 35 21 för
433 1100 39 22 det
486 1100 196 29 samhällsnyttiga
697 1100 137 22 ändamålets
851 1100 82 22 fullföl-

173 1134 77 28 jande,
267 1142 68 20 synes
351 1137 73 19 staten
439 1135 55 22 böra
509 1136 115 21 verksamt
639 1135 103 22 inskrida
752 1135 35 21 för
797 1137 33 20 att
840 1135 7 21 i
858 1137 75 26 någon

175 1170 53 20 mån
248 1172 83 18 ersätta
353 1170 61 21 hvad
438 1170 43 21 den
504 1170 90 28 privata
613 1170 173 22 verksamheten
805 1170 19 28 ej
842 1170 91 21 förmått

176 1204 161 21 åstadkomma.
360 1204 140 29 Visserligen
515 1205 71 21 borde
602 1204 79 22 främst
697 1205 28 21 de
740 1207 95 26 utvägar
846 1204 86 26 anlitas,

176 1246 49 14 som
248 1239 28 21 de
298 1238 89 29 privata
411 1239 214 22 kreditanstalterna
650 1247 94 15 numera
767 1239 100 29 erbjuda,
891 1240 42 21 och

174 1273 66 21 torde
260 1274 65 21 dessa
347 1274 50 21 icke
419 1274 149 29 undandraga
587 1274 35 29 sig
637 1277 33 19 att
685 1274 80 22 belåna
780 1274 68 22 äfven
862 1274 70 29 bygg-

175 1308 71 21 nader
270 1308 83 22 sådana
376 1316 48 14 som
448 1309 28 21 de
498 1309 178 29 ifrågavarande.
708 1310 52 20 Men
782 1310 29 20 då
829 1309 77 21 trähus
926 1309 7 21 i

175 1342 83 26 städer,
275 1343 43 21 och
341 1343 84 21 sådana
448 1346 38 19 äro
505 1344 8 21 i
529 1344 77 28 regeln
622 1344 245 25 arbetarebostäderna,
883 1344 49 21 icke

173 1377 94 22 belånas
283 1378 71 28 högre
370 1381 28 18 än
413 1378 35 22 till
463 1380 34 24 40,
513 1379 165 28 undantagsvis
695 1381 27 19 50
731 1379 27 27 %,
774 1379 25 21 af
809 1378 123 29 gärdarnes

174 1412 248 29 uppskattningsvärde
446 1414 42 20 och
511 1414 27 20 de
558 1414 65 21 flesta
639 1414 40 20 här
695 1414 94 21 afsedda
803 1414 128 28 byggnads-

174 1446 90 29 företag
278 1446 50 23 icke
345 1447 91 22 därmed
456 1455 54 14 vore
526 1448 125 28 betjenade,
668 1456 68 21 synes
753 1448 37 21 det
806 1448 126 22 Ständerna
