1017 1653
808 123 13 20 3

91 188 51 19 dock
164 193 44 14 som
230 194 33 13 om
285 187 44 20 skäl
350 187 120 20 förefunnits
494 188 30 18 att
544 187 84 25 upplåta
650 188 60 19 dessa
725 187 31 20 till
771 187 76 25 parken

90 216 90 20 hörande
200 216 121 25 mossjordar
345 215 22 20 åt
386 216 91 19 enskilda
498 216 31 19 till
549 216 69 25 odling
638 216 27 25 på
685 216 23 20 så
728 216 121 25 förmånliga

92 245 70 24 vilkor,
180 246 29 18 att
229 244 134 20 kommunens
381 244 204 25 inhysesbefolkning,
603 250 44 14 som
662 244 79 26 uppgår
756 244 31 20 till
802 244 46 20 flere

92 273 113 25 hundratal,
223 273 52 19 hade
294 273 78 19 kunnat
390 273 88 25 företaga
497 273 31 25 sig
546 275 29 17 att
590 273 46 19 odla
650 274 101 19 desamma
763 273 37 19 och
816 272 32 20 så-

92 302 64 19 lunda
170 302 92 19 förskaffa
277 302 31 24 sig
323 301 89 20 utkomst
427 301 27 25 på
468 307 52 19 egen
535 303 37 18 ort.

162 331 38 18 3:o.
234 330 92 19 Kronans
354 330 193 25 skogshushållning
568 332 22 17 är
610 330 56 19 öfver
686 330 34 24 alt,
747 330 35 19 där
803 330 46 19 dess

93 359 117 25 skogsmark
231 360 83 23 gränsar
336 358 31 19 till
385 358 91 20 enskilda
491 359 104 19 hemmans
611 365 53 18 egor,
679 358 58 20 dessa
752 358 29 19 till
798 359 52 18 stort

92 388 72 19 besvär
185 387 6 19 i
213 387 93 19 afseende
325 386 12 20 &
358 386 124 25 vallgängen.
518 387 88 19 Emedan
631 387 34 19 det
689 387 13 19 å
724 386 124 20 vidsträckta

93 416 139 25 skogsmarker
244 417 22 18 är
281 415 89 26 omöjligt
385 417 30 18 att
429 416 53 19 förse
498 417 87 23 gränsen
600 417 42 18 mot
652 415 138 25 kronoskogen
804 415 44 19 med

92 445 62 24 gärde
175 445 37 19 och
232 444 76 19 kronan
331 443 43 20 åter
394 444 64 25 enligt
475 444 92 25 gällande
582 444 207 25 stängselförordning
804 443 44 20 icke

93 475 56 23 tager
168 473 67 25 någon
258 473 32 19 del
305 473 6 19 i
326 472 134 25 gärdesgårds
479 473 111 24 byggande,
605 475 34 17 äro
655 473 194 24 hemmansegarena,

94 508 43 13 som
156 502 44 19 icke
216 501 70 20 kunna
304 501 100 20 förhindra
422 501 43 19 sina
480 501 81 20 kreatur
574 503 31 18 att
619 501 123 20 öfverskrida
756 503 94 23 gränsen,

94 532 91 23 tvungna
202 531 29 18 att
246 529 64 20 betala
324 530 116 25 betesskatt,
457 530 64 19 ehuru
536 530 25 19 de
576 530 37 19 alls
629 530 43 27 icke
686 532 34 17 äro
735 530 5 19 i
756 529 59 20 behof
829 529 20 19 af

93 559 87 20 kronans
196 558 80 20 område
291 558 30 19 till
336 559 112 19 betesmark
464 559 28 19 för
507 559 32 19 sin
554 559 81 25 boskap.
654 554 65 24 Äfven
734 558 115 25 härigenom

93 587 39 20 blir
150 588 122 19 kommunen
291 593 53 13 mera
363 587 101 25 betungad
483 589 25 18 än
530 587 24 20 de
573 587 123 24 kommuner,
710 587 55 19 inom
779 586 70 19 hvilka

93 616 141 20 kronomarker
248 616 44 19 icke
307 616 64 19 finnas
387 616 38 19 och
439 615 69 20 hvilka
521 616 7 19 i
543 615 39 20 alla
597 616 33 19 fall
640 618 34 17 äro
684 615 44 20 från
739 615 111 20 betesskatt

93 645 93 24 befriade,
206 645 24 19 de
248 644 33 19 må
299 644 61 19 sedan
379 645 173 18 öfverenskomma
570 646 29 18 att
617 644 53 19 hålla
689 645 31 19 sin
736 643 113 20 betesmark

93 679 115 19 gemensam
224 672 48 20 eller
286 672 62 26 gärda
362 672 39 20 den
417 672 100 20 särskildt.

166 708 38 18 4:0.
234 706 70 20 Såsom
324 706 62 20 kändt
400 708 57 24 tager
471 707 43 19 icke
529 707 81 24 kronan,
626 707 80 19 oaktadt
720 706 39 20 den
774 708 22 18 är
812 706 38 19 den

94 737 75 18 största
187 735 117 25 jordegaren
327 735 5 19 i
355 735 127 25 kommunen,
505 735 67 25 någon
594 736 31 19 del
644 736 6 19 i
670 735 139 20 anskaffandet
831 734 21 19 af

94 764 118 20 materialier
234 764 31 19 till
287 764 133 19 kommunens
442 770 150 19 gemensamma
613 764 122 25 byggnader,
754 763 16 25 ej
787 762 65 20 heller

94 793 30 19 uti
146 792 62 20 andra
229 792 189 25 hemmansegarena
440 792 105 26 åliggande
565 792 127 20 kommunala
706 792 38 20 och
759 792 93 24 kyrkliga

95 821 89 25 utgifter,
205 823 26 17 än
245 821 6 19 i
266 821 130 25 landsvägars
417 821 37 19 och
476 822 67 18 broars
566 822 105 24 byggande
686 821 38 19 och
739 820 111 24 underhåll,

94 852 50 17 utan
166 852 22 17 är
210 850 122 19 kommunen
353 851 89 23 tvungen
457 851 29 18 att
501 850 20 19 af
535 850 77 19 kronan
626 850 94 25 uppköpa
734 848 115 26 byggnads-

94 878 119 20 materialier
228 878 37 19 och
279 878 66 19 därtill
361 880 53 17 ännu
429 878 31 19 till
475 879 38 19 och
529 878 46 20 med
590 878 82 20 bekosta
685 878 70 20 dessas
767 877 86 25 forsling

95 907 31 19 till
144 906 180 26 byggnadsstället,
342 907 128 25 hvarigenom
488 907 123 19 kommunen
626 907 58 19 äfven
699 907 6 19 i
720 906 54 20 detta
789 906 41 23 fall,
844 906 7 19 i

94 935 113 25 jämförelse
230 935 45 19 med
298 935 24 19 de
345 935 123 24 kommuner,
483 936 6 18 i
505 936 68 19 hvilka
593 936 38 19 alla
648 936 104 24 jordegare
768 940 82 20 gemen-

96 966 53 18 samt
170 964 88 19 anskaffa
281 964 117 19 materialier
418 964 30 19 till
470 964 134 20 kommunens
622 964 99 19 allmänna
735 963 117 25 byggnader

96 993 37 18 och
155 992 80 25 erlägga
252 992 60 19 äfven
326 992 62 19 andra
402 992 169 25 mantalsutgifter
585 993 31 19 för
631 993 31 18 sin
676 992 50 25 jord,
740 992 39 19 blir
796 991 56 20 svårt

95 1021 107 24 betungad.
233 1020 42 20 Och
298 1020 26 19 då
345 1021 65 19 därtill
432 1021 150 26 kronoparkens
598 1021 80 24 fåtaliga
692 1020 61 20 åboar
766 1020 20 19 af
801 1019 51 20 före-

96 1049 86 20 nämnda
204 1049 42 20 skäl
268 1050 30 19 för
320 1049 33 20 det
375 1051 64 18 mesta
460 1051 34 18 äro
512 1050 72 25 fattiga
598 1049 38 20 och
650 1049 134 24 minderåriga
799 1050 52 17 samt

96 1077 86 20 sålunda
203 1077 43 20 från
268 1078 39 19 alla
329 1078 82 25 utgifter
429 1078 92 23 befriade,
536 1078 90 19 kommer
640 1078 76 19 kronan
731 1078 59 19 äfven
806 1077 45 19 med

96 1106 93 20 afseende
202 1106 11 19 å
228 1106 113 19 åboantalet
355 1108 29 18 att
398 1107 8 18 i
420 1107 83 19 alldeles
519 1107 57 24 ringa
590 1107 49 25 grad
654 1106 79 25 deltaga
747 1106 7 19 i
770 1111 82 20 gemen-

96 1141 76 13 samma
186 1135 83 25 utgifter
284 1135 38 19 och
337 1141 66 13 onera.

164 1168 10 20 I
196 1169 135 25 förhoppning
352 1170 30 18 att
398 1169 34 25 jag
446 1175 72 19 genom
534 1169 134 19 framvisande
682 1169 20 19 af
717 1168 59 20 dessa
792 1168 59 19 miss-

96 1196 136 21 förhållanden
254 1198 60 19 redan
337 1197 31 19 till
390 1197 49 19 fullo
462 1197 106 25 ådagalagt
585 1199 29 18 att
628 1198 6 18 i
650 1198 86 18 kronans
752 1196 100 25 skogsför-

96 1226 106 19 hållanden
222 1226 106 19 förefinnas
351 1226 163 25 oegentligheter,
536 1226 68 19 hvilka
626 1226 87 20 erfordra
735 1225 62 20 snabb
812 1225 40 19 för-

96 1254 95 25 bättring,
208 1254 60 25 vågar
281 1254 34 25 jag
329 1254 79 20 anhålla
422 1256 30 18 att
466 1254 122 20 hedervärda
602 1254 156 23 Bondeståndet,
770 1259 82 19 gemen-

97 1284 52 18 samt
171 1283 45 19 med
233 1283 25 19 de
272 1283 62 19 andra
352 1282 94 25 Ständen,
460 1282 63 20 måtte
538 1283 67 20 förena
620 1283 30 25 sig
664 1283 6 19 i
686 1289 25 13 en
727 1281 126 25 underdånig

96 1311 86 25 petition
196 1311 74 24 därom,

304 1369 28 18 att
353 1368 57 19 Hans
431 1367 109 26 Kejserliga
560 1367 94 26 Majestät
676 1368 68 19 täcktes
764 1367 9 19 i
792 1366 61 20 nåder

234 1396 95 25 förordna
346 1403 32 13 om
396 1398 25 17 ett
434 1396 72 20 sådant
520 1396 158 26 kompletterande
692 1396 66 25 tillägg
773 1395 29 20 till
816 1394 36 20 nå-

235 1425 45 25 diga
302 1425 140 25 förordningen
460 1425 26 25 af
497 1425 37 20 den
548 1425 27 20 13
592 1425 78 20 Oktober
684 1425 57 20 1892
755 1423 99 26 angående
