1020 1656
284 113 279 22 Petitionsbetänkande
578 112 45 23 N:o
639 112 38 23 58.
842 111 14 21 3

105 185 61 20 inom
190 184 73 22 skilda
293 185 71 28 yrken
383 185 8 20 i
410 187 52 19 vårt
482 185 53 21 land
551 187 31 26 på
598 185 75 28 grund
689 184 26 22 af
729 183 127 22 klimatolo-

105 220 66 29 giska
202 220 157 21 förhållanden
389 228 29 13 m.
446 227 28 14 m.
502 221 52 21 med
585 220 49 21 skäl
662 220 76 21 kunna
762 222 94 26 antagas

106 255 78 22 afvika
202 255 52 22 från
273 256 26 21 de
318 255 75 22 siffror
412 263 52 14 man
481 256 8 21 i
506 256 63 21 detta
586 255 105 22 afseende
708 255 149 22 annanstädes

106 291 96 22 erhållit.

177 327 80 22 Såsom
280 328 6 21 i
310 327 252 29 petitionsmemorialet
577 327 107 29 påpekas,
701 327 66 22 råder
782 327 8 21 i
806 329 51 19 vårt

105 363 54 21 land
170 366 60 19 ännu
240 365 79 20 nästan
330 363 137 29 fullständig
475 363 58 22 brist
543 365 30 27 på
582 363 99 22 samlade
691 363 71 27 fakta,
771 363 86 28 egnade

107 401 34 19 att
162 399 79 29 belysa
265 399 77 29 dylika
368 399 129 22 arbetarnes
520 399 110 22 intressen
653 399 96 22 rörande
772 399 83 28 frågor.

107 435 44 21 Väl
171 435 41 21 har
231 443 53 13 man
305 437 29 26 på
350 435 77 28 privat
442 438 47 25 väg
505 435 30 21 då
552 435 42 21 och
611 435 29 21 då
657 435 52 22 sökt
724 435 133 21 införskaffa

106 471 84 28 nödiga
212 471 166 29 upplysningar
403 478 36 14 om
464 471 65 21 dessa
552 471 165 22 förhållanden.
756 471 101 21 Sålunda

107 506 39 22 har
162 507 231 28 Arbetarföreningen
408 506 8 21 i
432 506 146 29 Helsingfors
594 507 72 21 under
681 515 28 13 en
725 506 57 29 följd
799 506 25 22 af
832 508 25 20 år

107 543 80 21 samlat
212 542 117 29 uppgifter
356 542 141 21 beträffande
526 542 155 22 arbetslönens
706 542 83 29 belopp
814 543 43 21 och

107 578 149 22 arbetstidens
276 578 69 29 längd
361 578 8 21 i
384 578 179 22 hufvudstaden.
595 579 53 21 Men
664 579 61 21 klart
740 581 24 19 är
780 581 34 19 att
829 585 28 14 en

107 614 87 21 enskild
210 613 105 30 förening
330 614 115 28 svårligen
462 614 45 21 kan
519 614 119 29 hopsamla
648 614 77 29 dylikt
735 614 123 21 statistiskt

107 650 102 22 material
231 650 9 21 i
263 650 43 22 den
329 650 140 29 omfattning
493 658 49 14 som
564 650 144 29 erforderligt
723 658 60 14 vore.
814 650 42 22 Ut-

108 686 86 21 skottet
216 686 41 22 har
276 686 8 21 i
298 686 74 22 likhet
388 686 51 22 med
455 686 152 29 petitionären
623 686 60 22 varit
699 686 27 22 af
738 686 44 22 den
797 686 60 22 åsikt

107 724 34 19 att
163 730 28 13 en
209 722 122 28 utredning
357 722 26 22 af
405 722 175 29 ifrågavarande
607 722 55 29 slag,
683 722 94 22 hvilken
805 722 51 21 med

107 758 104 21 afseende
229 760 14 19 &
259 758 178 27 fullständighet,
455 758 181 29 planmässighet
653 758 42 22 och
714 758 142 28 tillförlitlig-

107 794 39 21 het
163 794 8 21 i
187 794 44 21 allo
248 794 71 21 skulle
335 796 116 20 motsvara
466 794 137 27 ändamålet,
620 794 46 22 kan
683 794 173 28 &vägabringas,

107 830 79 21 endast
201 830 50 21 ifall
267 832 73 19 staten
356 832 65 26 tager
436 830 70 22 saken
523 838 37 14 om
576 830 68 21 hand.

175 866 106 21 Rörande
304 865 143 29 lämpligaste
471 869 103 25 utvägen
598 868 34 19 att
657 866 157 21 åstadkomma
830 872 28 14 en

106 908 119 22 noggrann
241 901 190 22 arbetarstatistik
447 901 30 21 ha
493 901 62 22 inom
571 902 120 22 Utskottet
701 901 61 22 olika
773 901 85 21 åsikter

106 937 129 21 förfäktats.
267 930 22 29 Å
314 945 42 13 ena
379 937 64 21 sidan
468 937 41 21 har
525 938 39 20 det
581 938 115 21 anmärkts
713 940 34 18 att
763 937 38 21 det
816 936 41 22 hos

107 980 36 14 oss
165 980 54 15 vore
243 973 124 29 obehöfligt
391 975 34 19 att
448 973 73 29 enligt
543 973 129 29 Tysklands
697 973 102 29 exempel
822 972 36 22 för

107 1008 129 22 ändamålet
251 1009 104 21 nedsätta
370 1016 28 14 en
414 1009 97 21 särskild
526 1009 92 27 komité,
630 1009 30 21 då
670 1009 78 21 landet
758 1016 28 14 en
798 1010 60 26 gång

107 1052 53 21 eger
174 1052 28 14 en
218 1044 112 22 statistisk
346 1044 149 29 centralbyrå,
509 1052 48 14 som
566 1044 50 29 just
626 1044 41 22 har
678 1047 35 19 att
725 1044 133 22 införskaffa

107 1080 42 21 och
165 1080 168 22 sammanställa
349 1080 123 22 statistiskt
489 1080 110 22 material.
626 1080 53 22 Men
690 1082 13 20 &
715 1080 69 22 andra
795 1079 63 22 sidan

107 1116 41 21 har
168 1116 39 21 det
229 1116 136 22 framhållits
388 1118 35 19 att
438 1123 28 14 en
482 1116 124 29 utredning
621 1116 27 22 af
660 1116 39 21 det
714 1115 143 29 synnerligen

107 1151 150 29 arbetsdryga
277 1152 43 21 och
335 1152 110 22 svårlösta
463 1152 50 28 slag
529 1152 126 29 petitionen
671 1152 89 28 åsyftar
774 1154 84 26 näppe-

105 1188 70 29 ligen.
191 1188 76 21 kunde
290 1187 120 22 ähvälfvas
433 1190 34 19 ett
491 1188 26 21 af
537 1188 97 29 löpande
658 1188 103 29 göromål
784 1187 74 22 öfver-

106 1223 87 30 hopadt
221 1223 149 22 ämbetsvärk.
414 1217 146 28 Åtminstone
588 1223 36 22 för
654 1223 151 22 insamlandet
836 1222 25 22 af

106 1259 147 29 uppgifterna
277 1259 41 22 och
341 1259 160 29 uppgörandet
525 1259 26 22 af
569 1259 83 22 allmän
674 1259 53 29 plan
743 1259 36 21 för
794 1259 64 21 deras

105 1295 150 29 begagnande
276 1303 53 14 vore
345 1303 28 13 en
389 1295 86 22 komité
492 1295 26 21 af
531 1295 80 21 nöden.
646 1295 50 21 Den
712 1295 93 28 slutliga
820 1294 38 21 be-

106 1331 149 28 arbetningen
279 1331 25 22 af
324 1331 39 21 det
386 1331 129 28 hopbragta
538 1331 127 21 materialet
688 1331 76 21 kunde
790 1330 68 21 sedan

106 1367 113 21 måhända
243 1367 149 21 öfverlämnas
417 1369 24 18 åt
464 1366 133 22 Statistiska
619 1366 165 29 centralbyrån.
816 1365 42 22 Ut-

106 1402 86 21 skottet
215 1403 42 21 har
279 1403 58 20 dock
360 1402 50 21 icke
430 1405 76 18 ansett
522 1402 35 29 sig
573 1403 55 20 böra
644 1402 127 29 framlägga
787 1403 72 27 något

177 1450 108 18 Allmänna
297 1450 182 23 petitionsutskottets
493 1451 117 18 betänkande
622 1449 37 19 N:o
671 1451 31 17 30.
