1028 1656
252 140 84 24 Ständ.
352 141 55 23 Pet.
423 154 27 3 —
466 141 173 23 Petitionsbet.
655 142 43 22 N:o
711 141 38 23 62.
868 142 13 20 5

127 220 54 15 som
206 219 104 16 numera
338 213 67 29 pågå
433 213 91 22 endast
548 213 8 22 i
579 214 70 21 östra
669 213 117 26 Finland,
810 212 71 23 skola

127 254 62 16 vara
217 247 131 26 afslutade,
375 248 46 22 och
440 248 68 22 inom
537 254 31 16 en
595 254 59 16 snar
684 247 101 23 framtid
810 247 71 22 skola

127 282 77 22 äfven
224 282 173 22 kostnaderna
418 282 40 22 för
479 282 135 22 kartornas
633 282 169 28 illuminering
820 288 62 22 upp-

127 316 72 22 höra.
225 316 159 22 Inrättandet
398 316 25 22 af
436 323 31 15 en
481 316 134 29 geodetisk
627 316 164 22 kommission
801 316 81 22 skulle

128 350 106 23 sålunda
262 350 132 23 föranleda
418 357 31 16 en
478 351 67 22 ökad
574 351 139 29 statsutgift
741 351 25 21 af
793 350 89 23 endast

127 385 117 29 omkring
262 385 110 22 tiotusen
391 385 71 22 mark
480 385 105 29 årligen,
599 385 104 23 hvilken
716 385 75 29 utgift
803 385 79 22 borde

129 426 73 16 anses
227 420 42 21 väl
292 420 142 22 motiverad
457 426 92 23 genom
573 420 42 22 det
639 421 68 21 stora
728 426 69 23 gagn
814 420 68 22 kom-

128 454 148 23 missionens
295 454 104 23 arbeten
418 455 165 22 tvifvelsutan
600 455 99 22 komme
713 456 35 21 att
761 454 120 23 medföra.

196 489 36 22 På
262 489 84 28 grund
380 489 25 22 af
435 489 70 22 hvad
538 489 108 22 sålunda
677 489 157 26 framhållits,
856 489 26 22 få

130 523 142 22 Ständerna
296 523 46 22 hos
370 523 81 22 Eders
480 523 142 30 Kejserliga
649 524 118 29 Majestät
793 523 89 23 under-

127 558 103 29 dänigst
247 558 144 22 hemställa
382 554 13 37 :

404 627 37 22 att
460 627 31 22 de
510 627 41 22 för
570 627 100 22 landets
689 627 118 22 kartverk
821 627 61 23 nöd-

334 661 117 29 vändiga
487 661 218 29 grundläggande
736 662 146 29 geodetiska

335 695 46 22 och
401 696 189 22 astronomiska
603 696 120 22 arbetena
736 696 77 23 mätte
825 697 58 22 med

335 730 42 22 det
397 730 80 22 första
499 730 106 29 bringas
624 731 41 21 till
683 731 198 29 verkställighet,

334 765 69 21 sami
426 765 38 22 att
486 765 41 22 för
545 765 69 22 detta
633 765 128 22 ändamål
779 766 45 22 och
843 765 40 23 för

335 799 548 30 utförandetafprecisionsnivelleringarna

336 840 30 15 en
378 833 116 22 särskild
503 834 130 29 geodetisk
643 834 166 23 kommission
818 841 66 16 sam-

336 868 78 29 tidigt
432 868 78 22 måtte
528 869 119 22 inrättas.

199 935 119 23 Finlands
338 936 110 23 Ständer
466 937 147 22 framhärda
632 939 44 20 etc.

198 1004 166 29 Helsingfors,
384 1005 49 22 den
453 1005 33 22 24
506 1005 49 30 Maj
578 1005 75 23 1897.

265 1458 111 23 Helsingfors
389 1459 50 18 1897.
463 1459 113 24 Helsingfors
588 1461 153 22 Centraltryckeri.
