1023 1656
232 191 70 20 Under
317 192 33 20 det
370 192 18 20 vi
411 193 31 19 tro
465 198 32 14 oss
521 192 58 20 hafva
599 193 79 25 påvisat
701 192 113 20 fördelarne
836 192 22 20 af
880 198 40 14 om-

165 220 74 20 ordade
262 220 103 20 trafikleds
388 222 112 24 öppnande,
523 222 82 24 utbedja
620 222 19 19 vi
654 227 33 14 oss
702 221 80 20 härmed
798 221 21 19 få
833 220 88 26 åberopa

165 249 24 19 de
205 248 94 21 officiella
313 249 107 25 uppgifter,
436 256 41 14 som
492 250 97 24 föreligga
604 251 7 19 i
626 250 56 25 fråga
697 256 31 14 om
743 250 135 21 kostnaderna
890 250 32 19 för

163 277 232 25 kanaliseringsarbetet,
415 278 67 20 hvilka
499 279 108 20 beräknats
625 279 66 25 uppgå
706 279 31 19 till
752 278 92 24 800,000
858 278 63 24 mark,

163 306 81 20 hvartill
267 308 100 19 eventuelt
389 308 37 20 bör
445 308 67 24 läggas
527 308 84 24 utgiften
627 308 31 20 för
673 308 141 20 hamnarbeten
829 308 33 20 vid
876 307 45 20 Tai-

164 335 45 25 pale
225 338 72 18 ströms
312 336 69 25 utlopp
397 337 7 19 i
419 336 81 25 Ladoga
515 337 45 19 med
576 336 92 26 100,000
682 336 62 20 mark.

233 364 10 20 I
267 365 45 20 stöd
333 364 21 21 af
372 366 35 19 det
421 365 84 21 anförda
520 366 21 20 få
555 366 19 20 vi
589 366 36 20 hos
641 365 149 25 Ridderskapet
805 364 37 21 och
856 364 64 20 Adeln

164 393 103 20 vördsamt
288 394 80 20 anhålla
390 400 31 13 om
443 395 109 19 understöd
567 394 32 20 för
613 400 25 14 en
653 394 124 24 underdånig
791 394 83 25 petition
890 393 31 20 till

164 421 56 21 Hans
235 422 112 25 Kejserliga
361 422 96 26 Majestät
472 423 78 21 därom:

441 499 28 18 att
485 497 132 26 kanalisering
631 497 26 26 af
671 497 96 20 Wuoksen
781 497 63 25 floden
858 497 8 19 i
880 497 42 20 dess

372 526 60 19 nedra
454 526 43 26 lopp
518 533 69 19 genom
609 525 110 21 Kiviniemi
739 526 41 25 fors
795 526 33 19 och
844 524 78 27 Taipale

372 556 62 18 ström
449 555 29 20 till
491 555 80 26 Ladoga
585 555 103 26 innanhaf
694 556 77 19 snarast
781 555 75 26 möjligt
864 554 58 20 måtte

373 584 102 25 företagas.

235 646 124 25 Helsingfors
375 647 38 20 den
428 646 13 20 8
457 646 87 21 februari
561 646 61 21 1897.

237 709 80 30 August
331 709 99 28 Ramsay.
652 709 24 23 A.
691 715 40 16 von
747 709 107 29 Knorring.

305 1439 122 42 "Helsingfors
439 1453 49 20 1897.
513 1453 110 23 Helsingfors
636 1451 156 24 Centraltryckeri,
