1028 1656
159 165 33 19 Då
214 165 68 20 denna
301 165 59 26 fråga
382 165 65 20 under
472 167 83 18 senaste
576 165 100 26 landtdag
695 165 84 20 förevar
798 166 49 24 sågo

90 193 124 26 visserligen
228 200 101 19 anonyma
348 194 181 25 tidningsartiklar
543 194 73 25 dagen,
632 194 7 19 i
654 194 72 20 hvilka
740 201 47 12 man
802 193 42 20 häf-

91 222 41 26 tigt
147 225 97 17 motsatte
260 223 32 25 sig
306 222 157 26 ifrågavarande
478 222 154 26 flottningsleds
648 223 108 26 öppnande
769 222 24 20 af
806 225 40 17 sta-

91 254 42 21 ten,
153 251 39 20 och
210 251 65 26 djerft
292 251 80 26 påstod,
392 253 31 18 att
441 251 7 20 i
463 251 166 26 omgifningarna
648 251 23 20 af
688 251 159 20 Saima-vatten-

92 280 78 25 dragen
181 279 18 26 ej
210 280 76 20 funnes
297 280 91 20 särdeles
401 280 83 26 mycket
494 280 120 25 sågtimmer
624 281 39 19 och
673 280 39 20 alls
722 280 47 20 icke
777 280 71 25 dylika

92 315 44 13 som
151 309 69 19 kunde
235 309 70 20 flottas
319 309 33 19 till
367 309 80 24 Kotka;
463 309 39 20 ock
517 309 59 19 torde
591 316 47 12 man
653 309 33 20 för
699 309 41 20 den
749 309 99 19 händelse

91 339 32 18 att
137 337 74 26 frågan
226 337 62 20 äfven
302 338 66 19 under
383 338 66 19 denna
463 337 101 26 landtdag
577 337 67 20 skulle
654 337 133 26 framläggas,
796 337 51 26 jem-

91 366 34 19 väl
144 373 27 12 nu
188 366 91 26 vidtagit
297 366 97 26 åtgärder
413 373 31 12 om
463 367 122 25 spridandet
599 366 23 19 af
638 373 102 19 anonyma
755 366 92 24 artiklar,

92 395 38 19 där
153 402 47 12 man
222 398 38 23 gör
283 402 77 13 samma
382 395 71 20 försök
475 397 31 18 att
528 395 47 20 med
594 395 41 20 alla
652 395 68 20 medel
734 395 114 20 motarbeta

92 423 106 20 flottleden
213 424 7 19 i
235 423 65 26 fråga,
319 430 47 13 men
385 423 62 20 hafva
464 424 22 19 vi
504 426 69 17 ansett
591 426 31 17 att
636 424 61 25 ingen
713 423 68 20 skulle
795 424 53 25 gitta

94 459 37 13 ens
149 453 73 19 beröra
241 453 61 19 dessa
323 453 158 25 publikationer,
499 453 72 19 hvilka
590 453 120 19 skribenten
725 453 46 19 icke
786 453 62 25 vågat

93 481 100 25 bestyrka
210 482 46 19 med
274 481 120 20 utsättande
409 481 22 20 af
445 481 37 20 sitt
500 488 67 17 namn,
587 481 85 20 emedan
687 481 21 20 vi
723 481 71 20 säkert
808 483 38 22 tro,

93 512 31 17 att
142 509 77 21 enhvar
238 511 40 18 lätt
295 509 82 25 förstår,
396 510 46 20 från
460 510 81 20 hvilket
556 510 43 19 håll
614 510 71 26 dylika
699 510 88 19 artiklar
801 510 46 19 här-

93 541 86 17 stamma
198 539 38 20 och
255 539 80 20 hvilket
352 539 174 20 hufvudändamål
545 545 48 13 man
607 539 47 19 med
669 539 104 20 desamma
787 542 61 17 ärnar

90 568 76 25 uppnå.

160 597 48 19 Med
232 597 46 19 stöd
296 596 24 19 af
336 597 55 19 hvad
408 596 21 20 vi
447 597 38 18 här
507 596 70 19 anfört
599 596 39 19 och
652 596 8 19 i
675 596 137 20 betraktande
827 596 22 19 af

93 625 76 20 sakens
184 628 56 17 stora
255 625 111 26 betydelse,
382 625 53 26 våga
449 626 21 19 vi
485 625 130 20 fördenskull
629 625 76 20 föreslå

297 683 32 20 att
348 681 84 22 landets
452 681 95 22 Ständer
567 681 8 22 i
590 681 176 22 underdånighet
783 680 65 22 måtte

229 709 95 28 anhålla,
348 712 32 20 att
405 717 26 15 en
458 710 202 28 stockflottningsled
686 710 55 28 från
763 709 84 23 Saima-

229 740 155 27 vattendragen
408 739 32 21 till
462 739 155 28 Kymmeneelf
638 739 64 27 Vlefve
719 738 32 28 pä
766 740 82 20 statens

230 768 115 22 bekostnad
359 768 88 27 öppnad
461 768 36 21 och
512 767 150 23 underhållen.

160 826 139 26 Helsingfors,
315 826 39 20 den
370 827 12 19 4
397 826 99 20 Februari
515 827 59 19 1897.

159 913 48 21 Juho
224 912 100 22 Pitkänen.
612 912 19 22 A.
648 912 95 26 Kyander.

160 941 100 22 Johannes
276 941 70 27 Lagus.
611 940 20 23 K.
647 940 93 22 Oittinen.

163 970 20 21 P.
198 970 94 26 Neiglick.
613 970 19 20 P.
648 969 107 21 Kakkinen.

163 999 18 21 L.
196 999 27 21 W.
239 998 95 22 Laitinen.
611 998 27 21 W.
654 997 125 21 Pääkkönen.

161 1028 15 20 J.
192 1028 118 21 Sormunen.
611 1027 21 21 D.
649 1026 99 28 Nykänen.

162 1056 20 21 K.
198 1056 74 22 Konsti.
611 1055 47 21 Juho
673 1054 102 22 Jalkanen.
