<?xml version="1.0" encoding="UTF-8"?>
<alto xmlns="http://www.loc.gov/standards/alto/ns-v3#" xmlns:xlink="http://www.w3.org/1999/xlink" xmlns:xsi="http://www.w3.org/2001/XMLSchema-instance" xsi:schemaLocation="http://www.loc.gov/standards/alto/ns-v3# http://www.loc.gov/alto/v3/alto-3-0.xsd">
	<Description>
		<MeasurementUnit>pixel</MeasurementUnit>
		<sourceImageInformation>
			<fileName>/tmp/tess_zc9o_hj2_input.PNG</fileName>
		</sourceImageInformation>
		<OCRProcessing ID="OCR_0">
			<ocrProcessingStep>
				<processingSoftware>
					<softwareName>tesseract 5.3.4</softwareName>
				</processingSoftware>
			</ocrProcessingStep>
		</OCRProcessing>
	</Description>
	<Layout>
		<Page WIDTH="1003" HEIGHT="1656" PHYSICAL_IMG_NR="0" ID="page_0">
			<PrintSpace HPOS="0" VPOS="0" WIDTH="1003" HEIGHT="1656">
				<ComposedBlock ID="cblock_0" HPOS="204" VPOS="109" WIDTH="23" HEIGHT="18">
					<TextBlock ID="block_0" HPOS="204" VPOS="109" WIDTH="23" HEIGHT="18">
						<TextLine ID="line_0" HPOS="204" VPOS="109" WIDTH="23" HEIGHT="18">
							<String ID="string_0" HPOS="204" VPOS="109" WIDTH="23" HEIGHT="18" WC="0.95" CONTENT="10"/>
						</TextLine>
					</TextBlock>
				</ComposedBlock>
				<ComposedBlock ID="cblock_1" HPOS="181" VPOS="168" WIDTH="757" HEIGHT="168">
					<TextBlock ID="block_1" HPOS="181" VPOS="168" WIDTH="757" HEIGHT="168">
						<TextLine ID="line_1" HPOS="181" VPOS="168" WIDTH="756" HEIGHT="24">
							<String ID="string_1" HPOS="181" VPOS="170" WIDTH="21" HEIGHT="17" WC="0.96" CONTENT="af"/><SP WIDTH="10" VPOS="170" HPOS="202"/>
							<String ID="string_2" HPOS="212" VPOS="171" WIDTH="29" HEIGHT="16" WC="0.93" CONTENT="ett"/><SP WIDTH="12" VPOS="171" HPOS="241"/>
							<String ID="string_3" HPOS="253" VPOS="169" WIDTH="160" HEIGHT="22" WC="0.92" CONTENT="häradssamhälle,"/><SP WIDTH="13" VPOS="169" HPOS="413"/>
							<String ID="string_4" HPOS="426" VPOS="170" WIDTH="71" HEIGHT="18" WC="0.96" CONTENT="hvilket"/><SP WIDTH="12" VPOS="170" HPOS="497"/>
							<String ID="string_5" HPOS="509" VPOS="170" WIDTH="57" HEIGHT="18" WC="0.93" CONTENT="skulle"/><SP WIDTH="13" VPOS="170" HPOS="566"/>
							<String ID="string_6" HPOS="579" VPOS="169" WIDTH="113" HEIGHT="23" WC="0.92" CONTENT="förvärkliga"/><SP WIDTH="12" VPOS="169" HPOS="692"/>
							<String ID="string_7" HPOS="704" VPOS="169" WIDTH="46" HEIGHT="18" WC="0.96" CONTENT="både"/><SP WIDTH="12" VPOS="169" HPOS="750"/>
							<String ID="string_8" HPOS="762" VPOS="169" WIDTH="22" HEIGHT="18" WC="0.96" CONTENT="de"/><SP WIDTH="14" VPOS="169" HPOS="784"/>
							<String ID="string_9" HPOS="798" VPOS="168" WIDTH="94" HEIGHT="24" WC="0.96" CONTENT="uppgifter"/><SP WIDTH="8" VPOS="168" HPOS="892"/>
							<String ID="string_10" HPOS="900" VPOS="173" WIDTH="37" HEIGHT="13" WC="0.96" CONTENT="som"/>
						</TextLine>
						<TextLine ID="line_2" HPOS="183" VPOS="197" WIDTH="755" HEIGHT="24">
							<String ID="string_11" HPOS="183" VPOS="198" WIDTH="104" HEIGHT="18" WC="0.96" CONTENT="tillkomma"/><SP WIDTH="12" VPOS="198" HPOS="287"/>
							<String ID="string_12" HPOS="299" VPOS="204" WIDTH="22" HEIGHT="12" WC="0.96" CONTENT="en"/><SP WIDTH="12" VPOS="204" HPOS="321"/>
							<String ID="string_13" HPOS="333" VPOS="198" WIDTH="56" HEIGHT="23" WC="0.96" CONTENT="högre"/><SP WIDTH="12" VPOS="198" HPOS="389"/>
							<String ID="string_14" HPOS="401" VPOS="198" WIDTH="85" HEIGHT="18" WC="0.96" CONTENT="kommun"/><SP WIDTH="12" VPOS="198" HPOS="486"/>
							<String ID="string_15" HPOS="498" VPOS="198" WIDTH="40" HEIGHT="18" WC="0.95" CONTENT="med"/><SP WIDTH="13" VPOS="198" HPOS="538"/>
							<String ID="string_16" HPOS="551" VPOS="199" WIDTH="23" HEIGHT="17" WC="0.93" CONTENT="fri"/><SP WIDTH="12" VPOS="199" HPOS="574"/>
							<String ID="string_17" HPOS="586" VPOS="198" WIDTH="162" HEIGHT="23" WC="0.92" CONTENT="själfbestämning"/><SP WIDTH="12" VPOS="198" HPOS="748"/>
							<String ID="string_18" HPOS="760" VPOS="198" WIDTH="33" HEIGHT="18" WC="0.95" CONTENT="och"/><SP WIDTH="12" VPOS="198" HPOS="793"/>
							<String ID="string_19" HPOS="805" VPOS="197" WIDTH="60" HEIGHT="19" WC="0.96" CONTENT="tillika"/><SP WIDTH="8" VPOS="197" HPOS="865"/>
							<String ID="string_20" HPOS="873" VPOS="199" WIDTH="65" HEIGHT="21" WC="0.96" CONTENT="utgöra"/>
						</TextLine>
						<TextLine ID="line_3" HPOS="181" VPOS="226" WIDTH="757" HEIGHT="24">
							<String ID="string_21" HPOS="181" VPOS="232" WIDTH="23" HEIGHT="12" WC="0.93" CONTENT="en"/><SP WIDTH="19" VPOS="232" HPOS="204"/>
							<String ID="string_22" HPOS="223" VPOS="226" WIDTH="129" HEIGHT="24" WC="0.91" CONTENT="integrerande"/><SP WIDTH="19" VPOS="226" HPOS="352"/>
							<String ID="string_23" HPOS="371" VPOS="227" WIDTH="28" HEIGHT="17" WC="0.96" CONTENT="del"/><SP WIDTH="14" VPOS="227" HPOS="399"/>
							<String ID="string_24" HPOS="413" VPOS="227" WIDTH="7" HEIGHT="17" WC="0.93" CONTENT="i"/><SP WIDTH="15" VPOS="227" HPOS="420"/>
							<String ID="string_25" HPOS="435" VPOS="227" WIDTH="194" HEIGHT="23" WC="0.92" CONTENT="statsförvaltningens"/><SP WIDTH="12" VPOS="227" HPOS="629"/>
							<String ID="string_26" HPOS="641" VPOS="227" WIDTH="91" HEIGHT="18" WC="0.96" CONTENT="allmänna"/><SP WIDTH="11" VPOS="227" HPOS="732"/>
							<String ID="string_27" HPOS="743" VPOS="228" WIDTH="74" HEIGHT="22" WC="0.96" CONTENT="system,"/><SP WIDTH="12" VPOS="228" HPOS="817"/>
							<String ID="string_28" HPOS="829" VPOS="226" WIDTH="41" HEIGHT="18" WC="0.96" CONTENT="med"/><SP WIDTH="12" VPOS="226" HPOS="870"/>
							<String ID="string_29" HPOS="882" VPOS="226" WIDTH="56" HEIGHT="18" WC="0.96" CONTENT="andra"/>
						</TextLine>
						<TextLine ID="line_4" HPOS="181" VPOS="255" WIDTH="756" HEIGHT="23">
							<String ID="string_30" HPOS="181" VPOS="255" WIDTH="33" HEIGHT="18" WC="0.96" CONTENT="ord"/><SP WIDTH="12" VPOS="255" HPOS="214"/>
							<String ID="string_31" HPOS="226" VPOS="257" WIDTH="68" HEIGHT="21" WC="0.96" CONTENT="utgöra"/><SP WIDTH="13" VPOS="257" HPOS="294"/>
							<String ID="string_32" HPOS="307" VPOS="260" WIDTH="21" HEIGHT="13" WC="0.92" CONTENT="en"/><SP WIDTH="8" VPOS="260" HPOS="328"/>
							<String ID="string_33" HPOS="336" VPOS="256" WIDTH="130" HEIGHT="18" WC="0.88" CONTENT="samvärkande"/><SP WIDTH="9" VPOS="256" HPOS="466"/>
							<String ID="string_34" HPOS="475" VPOS="256" WIDTH="43" HEIGHT="18" WC="0.96" CONTENT="länk"/><SP WIDTH="9" VPOS="256" HPOS="518"/>
							<String ID="string_35" HPOS="527" VPOS="256" WIDTH="67" HEIGHT="18" WC="0.93" CONTENT="mellan"/><SP WIDTH="7" VPOS="256" HPOS="594"/>
							<String ID="string_36" HPOS="601" VPOS="256" WIDTH="193" HEIGHT="22" WC="0.91" CONTENT="statsförvaltningens"/><SP WIDTH="9" VPOS="256" HPOS="794"/>
							<String ID="string_37" HPOS="803" VPOS="255" WIDTH="134" HEIGHT="18" WC="0.92" CONTENT="öfvervakande"/>
						</TextLine>
						<TextLine ID="line_5" HPOS="182" VPOS="283" WIDTH="755" HEIGHT="25">
							<String ID="string_38" HPOS="182" VPOS="284" WIDTH="110" HEIGHT="23" WC="0.96" CONTENT="myndighet"/><SP WIDTH="13" VPOS="284" HPOS="292"/>
							<String ID="string_39" HPOS="305" VPOS="284" WIDTH="32" HEIGHT="18" WC="0.96" CONTENT="och"/><SP WIDTH="14" VPOS="284" HPOS="337"/>
							<String ID="string_40" HPOS="351" VPOS="284" WIDTH="33" HEIGHT="18" WC="0.96" CONTENT="den"/><SP WIDTH="13" VPOS="284" HPOS="384"/>
							<String ID="string_41" HPOS="397" VPOS="284" WIDTH="115" HEIGHT="19" WC="0.93" CONTENT="kommunala"/><SP WIDTH="12" VPOS="284" HPOS="512"/>
							<String ID="string_42" HPOS="524" VPOS="285" WIDTH="136" HEIGHT="23" WC="0.92" CONTENT="själfstyrelsen,"/><SP WIDTH="12" VPOS="285" HPOS="660"/>
							<String ID="string_43" HPOS="672" VPOS="284" WIDTH="90" HEIGHT="18" WC="0.96" CONTENT="meddelas"/><SP WIDTH="13" VPOS="284" HPOS="762"/>
							<String ID="string_44" HPOS="775" VPOS="284" WIDTH="33" HEIGHT="18" WC="0.96" CONTENT="här"/><SP WIDTH="11" VPOS="284" HPOS="808"/>
							<String ID="string_45" HPOS="819" VPOS="284" WIDTH="60" HEIGHT="18" WC="0.96" CONTENT="nedan"/><SP WIDTH="9" VPOS="284" HPOS="879"/>
							<String ID="string_46" HPOS="888" VPOS="283" WIDTH="7" HEIGHT="19" WC="0.93" CONTENT="i"/><SP WIDTH="9" VPOS="283" HPOS="895"/>
							<String ID="string_47" HPOS="904" VPOS="284" WIDTH="33" HEIGHT="18" WC="0.90" CONTENT="all-"/>
						</TextLine>
						<TextLine ID="line_6" HPOS="181" VPOS="313" WIDTH="164" HEIGHT="23">
							<String ID="string_48" HPOS="181" VPOS="314" WIDTH="68" HEIGHT="17" WC="0.91" CONTENT="männa"/><SP WIDTH="13" VPOS="314" HPOS="249"/>
							<String ID="string_49" HPOS="262" VPOS="313" WIDTH="45" HEIGHT="23" WC="0.95" CONTENT="drag"/><SP WIDTH="12" VPOS="313" HPOS="307"/>
							<String ID="string_50" HPOS="319" VPOS="315" WIDTH="26" HEIGHT="16" WC="0.96" CONTENT="ett"/>
						</TextLine>
					</TextBlock>
				</ComposedBlock>
				<ComposedBlock ID="cblock_2" HPOS="183" VPOS="477" WIDTH="755" HEIGHT="64">
					<TextBlock ID="block_2" HPOS="183" VPOS="477" WIDTH="755" HEIGHT="64">
						<TextLine ID="line_7" HPOS="183" VPOS="477" WIDTH="755" HEIGHT="19">
							<String ID="string_51" HPOS="183" VPOS="477" WIDTH="19" HEIGHT="17" WC="0.94" CONTENT="2."/><SP WIDTH="31" VPOS="477" HPOS="202"/>
							<String ID="string_52" HPOS="233" VPOS="477" WIDTH="81" HEIGHT="18" WC="0.96" CONTENT="Utkast"/><SP WIDTH="15" VPOS="477" HPOS="314"/>
							<String ID="string_53" HPOS="329" VPOS="477" WIDTH="34" HEIGHT="18" WC="0.96" CONTENT="till"/><SP WIDTH="14" VPOS="477" HPOS="363"/>
							<String ID="string_54" HPOS="377" VPOS="477" WIDTH="105" HEIGHT="19" WC="0.95" CONTENT="bildande"/><SP WIDTH="16" VPOS="477" HPOS="482"/>
							<String ID="string_55" HPOS="498" VPOS="479" WIDTH="24" HEIGHT="17" WC="0.92" CONTENT="af"/><SP WIDTH="11" VPOS="479" HPOS="522"/>
							<String ID="string_56" HPOS="533" VPOS="478" WIDTH="216" HEIGHT="18" WC="0.92" CONTENT="häradskommuner"/><SP WIDTH="15" VPOS="478" HPOS="749"/>
							<String ID="string_57" HPOS="764" VPOS="478" WIDTH="43" HEIGHT="18" WC="0.96" CONTENT="och"/><SP WIDTH="14" VPOS="478" HPOS="807"/>
							<String ID="string_58" HPOS="821" VPOS="477" WIDTH="117" HEIGHT="19" WC="0.96" CONTENT="införande"/>
						</TextLine>
						<TextLine ID="line_8" HPOS="432" VPOS="518" WIDTH="258" HEIGHT="23">
							<String ID="string_59" HPOS="432" VPOS="519" WIDTH="25" HEIGHT="17" WC="0.93" CONTENT="af"/><SP WIDTH="12" VPOS="519" HPOS="457"/>
							<String ID="string_60" HPOS="469" VPOS="518" WIDTH="221" HEIGHT="23" WC="0.90" CONTENT="häradsförvaltning."/>
						</TextLine>
					</TextBlock>
				</ComposedBlock>
				<ComposedBlock ID="cblock_3" HPOS="181" VPOS="566" WIDTH="759" HEIGHT="890">
					<TextBlock ID="block_3" HPOS="235" VPOS="566" WIDTH="652" HEIGHT="53">
						<TextLine ID="line_9" HPOS="235" VPOS="566" WIDTH="652" HEIGHT="24">
							<String ID="string_61" HPOS="235" VPOS="566" WIDTH="16" HEIGHT="17" WC="0.92" CONTENT="2."/><SP WIDTH="26" VPOS="566" HPOS="251"/>
							<String ID="string_62" HPOS="277" VPOS="567" WIDTH="94" HEIGHT="17" WC="0.95" CONTENT="Häradets"/><SP WIDTH="12" VPOS="567" HPOS="371"/>
							<String ID="string_63" HPOS="383" VPOS="567" WIDTH="79" HEIGHT="23" WC="0.96" CONTENT="omfång"/><SP WIDTH="12" VPOS="567" HPOS="462"/>
							<String ID="string_64" HPOS="474" VPOS="567" WIDTH="34" HEIGHT="18" WC="0.96" CONTENT="och"/><SP WIDTH="10" VPOS="567" HPOS="508"/>
							<String ID="string_65" HPOS="518" VPOS="569" WIDTH="85" HEIGHT="21" WC="0.93" CONTENT="gränser,"/><SP WIDTH="12" VPOS="569" HPOS="603"/>
							<String ID="string_66" HPOS="615" VPOS="567" WIDTH="151" HEIGHT="18" WC="0.90" CONTENT="medlemmarnes"/><SP WIDTH="12" VPOS="567" HPOS="766"/>
							<String ID="string_67" HPOS="778" VPOS="567" WIDTH="109" HEIGHT="22" WC="0.96" CONTENT="rättigheter"/>
						</TextLine>
						<TextLine ID="line_10" HPOS="474" VPOS="596" WIDTH="174" HEIGHT="23">
							<String ID="string_68" HPOS="474" VPOS="596" WIDTH="32" HEIGHT="17" WC="0.96" CONTENT="och"/><SP WIDTH="12" VPOS="596" HPOS="506"/>
							<String ID="string_69" HPOS="518" VPOS="596" WIDTH="130" HEIGHT="23" WC="0.96" CONTENT="skyldigheter."/>
						</TextLine>
					</TextBlock>
					<TextBlock ID="block_4" HPOS="182" VPOS="629" WIDTH="757" HEIGHT="76">
						<TextLine ID="line_11" HPOS="251" VPOS="629" WIDTH="688" HEIGHT="24">
							<String ID="string_70" HPOS="251" VPOS="629" WIDTH="83" HEIGHT="18" WC="0.96" CONTENT="Häradet"/><SP WIDTH="17" VPOS="629" HPOS="334"/>
							<String ID="string_71" HPOS="351" VPOS="630" WIDTH="61" HEIGHT="18" WC="0.96" CONTENT="bildar"/><SP WIDTH="17" VPOS="630" HPOS="412"/>
							<String ID="string_72" HPOS="429" VPOS="632" WIDTH="27" HEIGHT="16" WC="0.96" CONTENT="ett"/><SP WIDTH="16" VPOS="632" HPOS="456"/>
							<String ID="string_73" HPOS="472" VPOS="631" WIDTH="28" HEIGHT="17" WC="0.93" CONTENT="för"/><SP WIDTH="12" VPOS="631" HPOS="500"/>
							<String ID="string_74" HPOS="512" VPOS="631" WIDTH="178" HEIGHT="22" WC="0.92" CONTENT="själfförvaltningen"/><SP WIDTH="13" VPOS="631" HPOS="690"/>
							<String ID="string_75" HPOS="703" VPOS="630" WIDTH="20" HEIGHT="18" WC="0.95" CONTENT="af"/><SP WIDTH="11" VPOS="630" HPOS="723"/>
							<String ID="string_76" HPOS="734" VPOS="630" WIDTH="40" HEIGHT="18" WC="0.96" CONTENT="dess"/><SP WIDTH="12" VPOS="630" HPOS="774"/>
							<String ID="string_77" HPOS="786" VPOS="630" WIDTH="153" HEIGHT="23" WC="0.96" CONTENT="angelägenheter"/>
						</TextLine>
						<TextLine ID="line_12" HPOS="184" VPOS="657" WIDTH="754" HEIGHT="25">
							<String ID="string_78" HPOS="184" VPOS="657" WIDTH="99" HEIGHT="19" WC="0.96" CONTENT="bestående"/><SP WIDTH="12" VPOS="657" HPOS="283"/>
							<String ID="string_79" HPOS="295" VPOS="659" WIDTH="112" HEIGHT="18" WC="0.96" CONTENT="kommunalt"/><SP WIDTH="12" VPOS="659" HPOS="407"/>
							<String ID="string_80" HPOS="419" VPOS="659" WIDTH="89" HEIGHT="18" WC="0.96" CONTENT="samhälle"/><SP WIDTH="13" VPOS="659" HPOS="508"/>
							<String ID="string_81" HPOS="521" VPOS="659" WIDTH="40" HEIGHT="18" WC="0.96" CONTENT="med"/><SP WIDTH="13" VPOS="659" HPOS="561"/>
							<String ID="string_82" HPOS="574" VPOS="659" WIDTH="22" HEIGHT="18" WC="0.96" CONTENT="de"/><SP WIDTH="12" VPOS="659" HPOS="596"/>
							<String ID="string_83" HPOS="608" VPOS="659" WIDTH="129" HEIGHT="23" WC="0.96" CONTENT="befogenheter"/><SP WIDTH="12" VPOS="659" HPOS="737"/>
							<String ID="string_84" HPOS="749" VPOS="664" WIDTH="38" HEIGHT="13" WC="0.96" CONTENT="som"/><SP WIDTH="12" VPOS="664" HPOS="787"/>
							<String ID="string_85" HPOS="799" VPOS="659" WIDTH="7" HEIGHT="18" WC="0.96" CONTENT="i"/><SP WIDTH="12" VPOS="659" HPOS="806"/>
							<String ID="string_86" HPOS="818" VPOS="659" WIDTH="31" HEIGHT="23" WC="0.93" CONTENT="lag"/><SP WIDTH="12" VPOS="659" HPOS="849"/>
							<String ID="string_87" HPOS="861" VPOS="659" WIDTH="77" HEIGHT="18" WC="0.91" CONTENT="bestäm-"/>
						</TextLine>
						<TextLine ID="line_13" HPOS="182" VPOS="692" WIDTH="44" HEIGHT="13">
							<String ID="string_88" HPOS="182" VPOS="692" WIDTH="44" HEIGHT="13" WC="0.94" CONTENT="mas."/>
						</TextLine>
					</TextBlock>
					<TextBlock ID="block_5" HPOS="183" VPOS="716" WIDTH="756" HEIGHT="111">
						<TextLine ID="line_14" HPOS="251" VPOS="716" WIDTH="686" HEIGHT="24">
							<String ID="string_89" HPOS="251" VPOS="716" WIDTH="115" HEIGHT="23" WC="0.96" CONTENT="Förändring"/><SP WIDTH="15" VPOS="716" HPOS="366"/>
							<String ID="string_90" HPOS="381" VPOS="717" WIDTH="21" HEIGHT="17" WC="0.96" CONTENT="af"/><SP WIDTH="14" VPOS="717" HPOS="402"/>
							<String ID="string_91" HPOS="416" VPOS="717" WIDTH="97" HEIGHT="18" WC="0.96" CONTENT="bestående"/><SP WIDTH="13" VPOS="717" HPOS="513"/>
							<String ID="string_92" HPOS="526" VPOS="717" WIDTH="64" HEIGHT="18" WC="0.96" CONTENT="härads"/><SP WIDTH="12" VPOS="717" HPOS="590"/>
							<String ID="string_93" HPOS="602" VPOS="719" WIDTH="82" HEIGHT="21" WC="0.96" CONTENT="gränser,"/><SP WIDTH="13" VPOS="719" HPOS="684"/>
							<String ID="string_94" HPOS="697" VPOS="717" WIDTH="85" HEIGHT="18" WC="0.96" CONTENT="bildande"/><SP WIDTH="12" VPOS="717" HPOS="782"/>
							<String ID="string_95" HPOS="794" VPOS="717" WIDTH="20" HEIGHT="17" WC="0.96" CONTENT="af"/><SP WIDTH="10" VPOS="717" HPOS="814"/>
							<String ID="string_96" HPOS="824" VPOS="722" WIDTH="41" HEIGHT="17" WC="0.93" CONTENT="nya,"/><SP WIDTH="12" VPOS="722" HPOS="865"/>
							<String ID="string_97" HPOS="877" VPOS="717" WIDTH="60" HEIGHT="18" WC="0.92" CONTENT="äfven-"/>
						</TextLine>
						<TextLine ID="line_15" HPOS="185" VPOS="745" WIDTH="754" HEIGHT="19">
							<String ID="string_98" HPOS="185" VPOS="749" WIDTH="39" HEIGHT="13" WC="0.93" CONTENT="som"/><SP WIDTH="13" VPOS="749" HPOS="224"/>
							<String ID="string_99" HPOS="237" VPOS="745" WIDTH="156" HEIGHT="18" WC="0.91" CONTENT="sammanslående"/><SP WIDTH="12" VPOS="745" HPOS="393"/>
							<String ID="string_100" HPOS="405" VPOS="746" WIDTH="21" HEIGHT="17" WC="0.95" CONTENT="af"/><SP WIDTH="10" VPOS="746" HPOS="426"/>
							<String ID="string_101" HPOS="436" VPOS="746" WIDTH="44" HEIGHT="18" WC="0.96" CONTENT="flera"/><SP WIDTH="12" VPOS="746" HPOS="480"/>
							<String ID="string_102" HPOS="492" VPOS="746" WIDTH="57" HEIGHT="18" WC="0.96" CONTENT="härad"/><SP WIDTH="13" VPOS="746" HPOS="549"/>
							<String ID="string_103" HPOS="562" VPOS="746" WIDTH="98" HEIGHT="18" WC="0.70" CONTENT="behandlas"/><SP WIDTH="13" VPOS="746" HPOS="660"/>
							<String ID="string_104" HPOS="673" VPOS="745" WIDTH="21" HEIGHT="18" WC="0.96" CONTENT="af"/><SP WIDTH="10" VPOS="745" HPOS="694"/>
							<String ID="string_105" HPOS="704" VPOS="745" WIDTH="22" HEIGHT="18" WC="0.96" CONTENT="de"/><SP WIDTH="12" VPOS="745" HPOS="726"/>
							<String ID="string_106" HPOS="738" VPOS="745" WIDTH="6" HEIGHT="18" WC="0.96" CONTENT="i"/><SP WIDTH="9" VPOS="745" HPOS="744"/>
							<String ID="string_107" HPOS="753" VPOS="745" WIDTH="56" HEIGHT="18" WC="0.96" CONTENT="saken"/><SP WIDTH="8" VPOS="745" HPOS="809"/>
							<String ID="string_108" HPOS="817" VPOS="745" WIDTH="122" HEIGHT="18" WC="0.96" CONTENT="intresserade"/>
						</TextLine>
						<TextLine ID="line_16" HPOS="184" VPOS="773" WIDTH="754" HEIGHT="24">
							<String ID="string_109" HPOS="184" VPOS="773" WIDTH="91" HEIGHT="18" WC="0.91" CONTENT="häradens"/><SP WIDTH="12" VPOS="773" HPOS="275"/>
							<String ID="string_110" HPOS="287" VPOS="773" WIDTH="45" HEIGHT="23" WC="0.96" CONTENT="ting,"/><SP WIDTH="13" VPOS="773" HPOS="332"/>
							<String ID="string_111" HPOS="345" VPOS="774" WIDTH="72" HEIGHT="18" WC="0.96" CONTENT="hvilkas"/><SP WIDTH="13" VPOS="774" HPOS="417"/>
							<String ID="string_112" HPOS="430" VPOS="775" WIDTH="60" HEIGHT="18" WC="0.93" CONTENT="beslut"/><SP WIDTH="12" VPOS="775" HPOS="490"/>
							<String ID="string_113" HPOS="502" VPOS="775" WIDTH="119" HEIGHT="18" WC="0.92" CONTENT="öfverlämnas"/><SP WIDTH="13" VPOS="775" HPOS="621"/>
							<String ID="string_114" HPOS="634" VPOS="775" WIDTH="28" HEIGHT="18" WC="0.96" CONTENT="till"/><SP WIDTH="12" VPOS="775" HPOS="662"/>
							<String ID="string_115" HPOS="674" VPOS="776" WIDTH="122" HEIGHT="21" WC="0.96" CONTENT="guvernörens"/><SP WIDTH="12" VPOS="776" HPOS="796"/>
							<String ID="string_116" HPOS="808" VPOS="774" WIDTH="85" HEIGHT="23" WC="0.96" CONTENT="yttrande"/><SP WIDTH="12" VPOS="774" HPOS="893"/>
							<String ID="string_117" HPOS="905" VPOS="774" WIDTH="33" HEIGHT="17" WC="0.97" CONTENT="och"/>
						</TextLine>
						<TextLine ID="line_17" HPOS="183" VPOS="802" WIDTH="597" HEIGHT="25">
							<String ID="string_118" HPOS="183" VPOS="802" WIDTH="20" HEIGHT="17" WC="0.96" CONTENT="af"/><SP WIDTH="12" VPOS="802" HPOS="203"/>
							<String ID="string_119" HPOS="215" VPOS="802" WIDTH="60" HEIGHT="18" WC="0.96" CONTENT="denne"/><SP WIDTH="11" VPOS="802" HPOS="275"/>
							<String ID="string_120" HPOS="286" VPOS="802" WIDTH="86" HEIGHT="19" WC="0.96" CONTENT="insändas"/><SP WIDTH="13" VPOS="802" HPOS="372"/>
							<String ID="string_121" HPOS="385" VPOS="803" WIDTH="29" HEIGHT="18" WC="0.93" CONTENT="till"/><SP WIDTH="12" VPOS="803" HPOS="414"/>
							<String ID="string_122" HPOS="426" VPOS="804" WIDTH="17" HEIGHT="17" WC="0.90" CONTENT="k."/><SP WIDTH="13" VPOS="804" HPOS="443"/>
							<String ID="string_123" HPOS="456" VPOS="806" WIDTH="84" HEIGHT="16" WC="0.93" CONTENT="senatens"/><SP WIDTH="12" VPOS="806" HPOS="540"/>
							<String ID="string_124" HPOS="552" VPOS="804" WIDTH="103" HEIGHT="23" WC="0.91" CONTENT="afgörande."/><SP WIDTH="123" VPOS="804" HPOS="655"/>
							<String ID="string_125" HPOS="778" VPOS="825" WIDTH="2" HEIGHT="2" WC="0.89" CONTENT="N"/>
						</TextLine>
					</TextBlock>
					<TextBlock ID="block_6" HPOS="182" VPOS="831" WIDTH="755" HEIGHT="51">
						<TextLine ID="line_18" HPOS="251" VPOS="831" WIDTH="686" HEIGHT="24">
							<String ID="string_126" HPOS="251" VPOS="831" WIDTH="66" HEIGHT="18" WC="0.92" CONTENT="Städer"/><SP WIDTH="18" VPOS="831" HPOS="317"/>
							<String ID="string_127" HPOS="335" VPOS="832" WIDTH="41" HEIGHT="17" WC="0.96" CONTENT="med"/><SP WIDTH="17" VPOS="832" HPOS="376"/>
							<String ID="string_128" HPOS="393" VPOS="838" WIDTH="49" HEIGHT="13" WC="0.96" CONTENT="mera"/><SP WIDTH="15" VPOS="838" HPOS="442"/>
							<String ID="string_129" HPOS="457" VPOS="834" WIDTH="23" HEIGHT="16" WC="0.96" CONTENT="än"/><SP WIDTH="15" VPOS="834" HPOS="480"/>
							<String ID="string_130" HPOS="495" VPOS="833" WIDTH="52" HEIGHT="21" WC="0.93" CONTENT="5,000"/><SP WIDTH="11" VPOS="833" HPOS="547"/>
							<String ID="string_131" HPOS="558" VPOS="833" WIDTH="87" HEIGHT="18" WC="0.92" CONTENT="invänare"/><SP WIDTH="13" VPOS="833" HPOS="645"/>
							<String ID="string_132" HPOS="658" VPOS="834" WIDTH="31" HEIGHT="17" WC="0.92" CONTENT="äro"/><SP WIDTH="12" VPOS="834" HPOS="689"/>
							<String ID="string_133" HPOS="701" VPOS="832" WIDTH="115" HEIGHT="23" WC="0.91" CONTENT="berättigade"/><SP WIDTH="13" VPOS="832" HPOS="816"/>
							<String ID="string_134" HPOS="829" VPOS="833" WIDTH="32" HEIGHT="19" WC="0.96" CONTENT="att,"/><SP WIDTH="13" VPOS="833" HPOS="861"/>
							<String ID="string_135" HPOS="874" VPOS="837" WIDTH="28" HEIGHT="13" WC="0.97" CONTENT="om"/><SP WIDTH="14" VPOS="837" HPOS="902"/>
							<String ID="string_136" HPOS="916" VPOS="832" WIDTH="21" HEIGHT="18" WC="0.97" CONTENT="de"/>
						</TextLine>
						<TextLine ID="line_19" HPOS="182" VPOS="859" WIDTH="410" HEIGHT="23">
							<String ID="string_137" HPOS="182" VPOS="859" WIDTH="21" HEIGHT="18" WC="0.93" CONTENT="sä"/><SP WIDTH="12" VPOS="859" HPOS="203"/>
							<String ID="string_138" HPOS="215" VPOS="860" WIDTH="63" HEIGHT="22" WC="0.89" CONTENT="önska,"/><SP WIDTH="12" VPOS="860" HPOS="278"/>
							<String ID="string_139" HPOS="290" VPOS="861" WIDTH="78" HEIGHT="18" WC="0.92" CONTENT="utträda"/><SP WIDTH="11" VPOS="861" HPOS="368"/>
							<String ID="string_140" HPOS="379" VPOS="866" WIDTH="22" HEIGHT="13" WC="0.93" CONTENT="ur"/><SP WIDTH="11" VPOS="866" HPOS="401"/>
							<String ID="string_141" HPOS="412" VPOS="861" WIDTH="180" HEIGHT="18" WC="0.92" CONTENT="häradskommunen."/>
						</TextLine>
					</TextBlock>
					<TextBlock ID="block_7" HPOS="183" VPOS="887" WIDTH="755" HEIGHT="53">
						<TextLine ID="line_20" HPOS="232" VPOS="887" WIDTH="706" HEIGHT="25">
							<String ID="string_142" HPOS="232" VPOS="887" WIDTH="3" HEIGHT="2" WC="0.83" CONTENT="*"/><SP WIDTH="16" VPOS="887" HPOS="235"/>
							<String ID="string_143" HPOS="251" VPOS="889" WIDTH="140" HEIGHT="18" WC="0.83" CONTENT="Medlemmarne"/><SP WIDTH="11" VPOS="889" HPOS="391"/>
							<String ID="string_144" HPOS="402" VPOS="889" WIDTH="7" HEIGHT="18" WC="0.93" CONTENT="i"/><SP WIDTH="12" VPOS="889" HPOS="409"/>
							<String ID="string_145" HPOS="421" VPOS="890" WIDTH="85" HEIGHT="18" WC="0.96" CONTENT="häradets"/><SP WIDTH="12" VPOS="890" HPOS="506"/>
							<String ID="string_146" HPOS="518" VPOS="890" WIDTH="105" HEIGHT="18" WC="0.93" CONTENT="kommuner"/><SP WIDTH="11" VPOS="890" HPOS="623"/>
							<String ID="string_147" HPOS="634" VPOS="890" WIDTH="75" HEIGHT="22" WC="0.96" CONTENT="deltaga"/><SP WIDTH="9" VPOS="890" HPOS="709"/>
							<String ID="string_148" HPOS="718" VPOS="890" WIDTH="6" HEIGHT="17" WC="0.93" CONTENT="i"/><SP WIDTH="8" VPOS="890" HPOS="724"/>
							<String ID="string_149" HPOS="732" VPOS="889" WIDTH="85" HEIGHT="19" WC="0.96" CONTENT="häradets"/><SP WIDTH="9" VPOS="889" HPOS="817"/>
							<String ID="string_150" HPOS="826" VPOS="889" WIDTH="112" HEIGHT="23" WC="0.96" CONTENT="förvaltning"/>
						</TextLine>
						<TextLine ID="line_21" HPOS="183" VPOS="916" WIDTH="227" HEIGHT="24">
							<String ID="string_151" HPOS="183" VPOS="916" WIDTH="24" HEIGHT="23" WC="0.92" CONTENT="pä"/><SP WIDTH="12" VPOS="916" HPOS="207"/>
							<String ID="string_152" HPOS="219" VPOS="918" WIDTH="40" HEIGHT="16" WC="0.95" CONTENT="sätt"/><SP WIDTH="11" VPOS="918" HPOS="259"/>
							<String ID="string_153" HPOS="270" VPOS="917" WIDTH="6" HEIGHT="17" WC="0.96" CONTENT="i"/><SP WIDTH="12" VPOS="917" HPOS="276"/>
							<String ID="string_154" HPOS="288" VPOS="918" WIDTH="30" HEIGHT="22" WC="0.93" CONTENT="lag"/><SP WIDTH="12" VPOS="918" HPOS="318"/>
							<String ID="string_155" HPOS="330" VPOS="918" WIDTH="80" HEIGHT="22" WC="0.96" CONTENT="stadgas."/>
						</TextLine>
					</TextBlock>
					<TextBlock ID="block_8" HPOS="182" VPOS="946" WIDTH="757" HEIGHT="165">
						<TextLine ID="line_22" HPOS="251" VPOS="946" WIDTH="688" HEIGHT="24">
							<String ID="string_156" HPOS="251" VPOS="946" WIDTH="215" HEIGHT="19" WC="0.91" CONTENT="Häradsmedlemmarne"/><SP WIDTH="18" VPOS="946" HPOS="466"/>
							<String ID="string_157" HPOS="484" VPOS="949" WIDTH="30" HEIGHT="16" WC="0.92" CONTENT="äro"/><SP WIDTH="18" VPOS="949" HPOS="514"/>
							<String ID="string_158" HPOS="532" VPOS="947" WIDTH="111" HEIGHT="23" WC="0.91" CONTENT="förpliktade"/><SP WIDTH="18" VPOS="947" HPOS="643"/>
							<String ID="string_159" HPOS="661" VPOS="949" WIDTH="29" HEIGHT="16" WC="0.93" CONTENT="att"/><SP WIDTH="17" VPOS="949" HPOS="690"/>
							<String ID="string_160" HPOS="707" VPOS="949" WIDTH="94" HEIGHT="21" WC="0.92" CONTENT="emottaga"/><SP WIDTH="16" VPOS="949" HPOS="801"/>
							<String ID="string_161" HPOS="817" VPOS="946" WIDTH="76" HEIGHT="23" WC="0.96" CONTENT="tjänster"/><SP WIDTH="12" VPOS="946" HPOS="893"/>
							<String ID="string_162" HPOS="905" VPOS="946" WIDTH="34" HEIGHT="18" WC="0.96" CONTENT="och"/>
						</TextLine>
						<TextLine ID="line_23" HPOS="182" VPOS="974" WIDTH="757" HEIGHT="24">
							<String ID="string_163" HPOS="182" VPOS="974" WIDTH="86" HEIGHT="23" WC="0.95" CONTENT="uppdrag"/><SP WIDTH="17" VPOS="974" HPOS="268"/>
							<String ID="string_164" HPOS="285" VPOS="975" WIDTH="6" HEIGHT="17" WC="0.95" CONTENT="i"/><SP WIDTH="18" VPOS="975" HPOS="291"/>
							<String ID="string_165" HPOS="309" VPOS="975" WIDTH="86" HEIGHT="18" WC="0.96" CONTENT="häradets"/><SP WIDTH="17" VPOS="975" HPOS="395"/>
							<String ID="string_166" HPOS="412" VPOS="976" WIDTH="112" HEIGHT="22" WC="0.96" CONTENT="förvaltning"/><SP WIDTH="18" VPOS="976" HPOS="524"/>
							<String ID="string_167" HPOS="542" VPOS="976" WIDTH="34" HEIGHT="18" WC="0.96" CONTENT="och"/><SP WIDTH="18" VPOS="976" HPOS="576"/>
							<String ID="string_168" HPOS="594" VPOS="976" WIDTH="152" HEIGHT="22" WC="0.96" CONTENT="representation;"/><SP WIDTH="16" VPOS="976" HPOS="746"/>
							<String ID="string_169" HPOS="762" VPOS="975" WIDTH="83" HEIGHT="18" WC="0.96" CONTENT="befrielse"/><SP WIDTH="12" VPOS="975" HPOS="845"/>
							<String ID="string_170" HPOS="857" VPOS="975" WIDTH="82" HEIGHT="18" WC="0.96" CONTENT="härifrån"/>
						</TextLine>
						<TextLine ID="line_24" HPOS="185" VPOS="1003" WIDTH="753" HEIGHT="24">
							<String ID="string_171" HPOS="185" VPOS="1004" WIDTH="45" HEIGHT="21" WC="0.96" CONTENT="äger"/><SP WIDTH="12" VPOS="1004" HPOS="230"/>
							<String ID="string_172" HPOS="242" VPOS="1003" WIDTH="65" HEIGHT="18" WC="0.96" CONTENT="endast"/><SP WIDTH="12" VPOS="1003" HPOS="307"/>
							<String ID="string_173" HPOS="319" VPOS="1003" WIDTH="6" HEIGHT="18" WC="0.96" CONTENT="i"/><SP WIDTH="12" VPOS="1003" HPOS="325"/>
							<String ID="string_174" HPOS="337" VPOS="1004" WIDTH="90" HEIGHT="18" WC="0.96" CONTENT="särskilda"/><SP WIDTH="13" VPOS="1004" HPOS="427"/>
							<String ID="string_175" HPOS="440" VPOS="1004" WIDTH="32" HEIGHT="18" WC="0.96" CONTENT="fall"/><SP WIDTH="10" VPOS="1004" HPOS="472"/>
							<String ID="string_176" HPOS="482" VPOS="1010" WIDTH="45" HEIGHT="12" WC="0.94" CONTENT="rum."/><SP WIDTH="24" VPOS="1010" HPOS="527"/>
							<String ID="string_177" HPOS="551" VPOS="1005" WIDTH="27" HEIGHT="17" WC="0.96" CONTENT="De"/><SP WIDTH="13" VPOS="1005" HPOS="578"/>
							<String ID="string_178" HPOS="591" VPOS="1006" WIDTH="30" HEIGHT="16" WC="0.96" CONTENT="äro"/><SP WIDTH="12" VPOS="1006" HPOS="621"/>
							<String ID="string_179" HPOS="633" VPOS="1004" WIDTH="62" HEIGHT="18" WC="0.93" CONTENT="vidare"/><SP WIDTH="12" VPOS="1004" HPOS="695"/>
							<String ID="string_180" HPOS="707" VPOS="1004" WIDTH="111" HEIGHT="23" WC="0.92" CONTENT="förpliktade"/><SP WIDTH="12" VPOS="1004" HPOS="818"/>
							<String ID="string_181" HPOS="830" VPOS="1006" WIDTH="28" HEIGHT="16" WC="0.96" CONTENT="att"/><SP WIDTH="11" VPOS="1006" HPOS="858"/>
							<String ID="string_182" HPOS="869" VPOS="1004" WIDTH="29" HEIGHT="17" WC="0.93" CONTENT="för"/><SP WIDTH="8" VPOS="1004" HPOS="898"/>
							<String ID="string_183" HPOS="906" VPOS="1004" WIDTH="32" HEIGHT="17" WC="0.93" CONTENT="hä-"/>
						</TextLine>
						<TextLine ID="line_25" HPOS="184" VPOS="1031" WIDTH="755" HEIGHT="24">
							<String ID="string_184" HPOS="184" VPOS="1031" WIDTH="62" HEIGHT="18" WC="0.91" CONTENT="radets"/><SP WIDTH="19" VPOS="1031" HPOS="246"/>
							<String ID="string_185" HPOS="265" VPOS="1037" WIDTH="134" HEIGHT="17" WC="0.93" CONTENT="gemensamma"/><SP WIDTH="17" VPOS="1037" HPOS="399"/>
							<String ID="string_186" HPOS="416" VPOS="1032" WIDTH="59" HEIGHT="22" WC="0.87" CONTENT="behof,"/><SP WIDTH="19" VPOS="1032" HPOS="475"/>
							<String ID="string_187" HPOS="494" VPOS="1033" WIDTH="78" HEIGHT="18" WC="0.96" CONTENT="såframt"/><SP WIDTH="14" VPOS="1033" HPOS="572"/>
							<String ID="string_188" HPOS="586" VPOS="1034" WIDTH="53" HEIGHT="17" WC="0.96" CONTENT="dessa"/><SP WIDTH="13" VPOS="1034" HPOS="639"/>
							<String ID="string_189" HPOS="652" VPOS="1033" WIDTH="14" HEIGHT="22" WC="0.96" CONTENT="ej"/><SP WIDTH="14" VPOS="1033" HPOS="666"/>
							<String ID="string_190" HPOS="680" VPOS="1033" WIDTH="63" HEIGHT="17" WC="0.96" CONTENT="täckas"/><SP WIDTH="11" VPOS="1033" HPOS="743"/>
							<String ID="string_191" HPOS="754" VPOS="1038" WIDTH="22" HEIGHT="12" WC="0.96" CONTENT="ur"/><SP WIDTH="12" VPOS="1038" HPOS="776"/>
							<String ID="string_192" HPOS="788" VPOS="1038" WIDTH="103" HEIGHT="17" WC="0.93" CONTENT="gemensam"/><SP WIDTH="12" VPOS="1038" HPOS="891"/>
							<String ID="string_193" HPOS="903" VPOS="1032" WIDTH="36" HEIGHT="18" WC="0.93" CONTENT="för-"/>
						</TextLine>
						<TextLine ID="line_26" HPOS="182" VPOS="1060" WIDTH="757" HEIGHT="24">
							<String ID="string_194" HPOS="182" VPOS="1060" WIDTH="98" HEIGHT="22" WC="0.92" CONTENT="mögenhet"/><SP WIDTH="19" VPOS="1060" HPOS="280"/>
							<String ID="string_195" HPOS="299" VPOS="1060" WIDTH="44" HEIGHT="18" WC="0.96" CONTENT="eller"/><SP WIDTH="17" VPOS="1060" HPOS="343"/>
							<String ID="string_196" HPOS="360" VPOS="1066" WIDTH="60" HEIGHT="13" WC="0.96" CONTENT="annan"/><SP WIDTH="17" VPOS="1066" HPOS="420"/>
							<String ID="string_197" HPOS="437" VPOS="1062" WIDTH="85" HEIGHT="22" WC="0.96" CONTENT="inkomst,"/><SP WIDTH="16" VPOS="1062" HPOS="522"/>
							<String ID="string_198" HPOS="538" VPOS="1062" WIDTH="74" HEIGHT="22" WC="0.93" CONTENT="erlägga"/><SP WIDTH="12" VPOS="1062" HPOS="612"/>
							<String ID="string_199" HPOS="624" VPOS="1062" WIDTH="94" HEIGHT="22" WC="0.92" CONTENT="utskylder"/><SP WIDTH="12" VPOS="1062" HPOS="718"/>
							<String ID="string_200" HPOS="730" VPOS="1061" WIDTH="93" HEIGHT="18" WC="0.96" CONTENT="beslutade"/><SP WIDTH="12" VPOS="1061" HPOS="823"/>
							<String ID="string_201" HPOS="835" VPOS="1061" WIDTH="21" HEIGHT="17" WC="0.93" CONTENT="af"/><SP WIDTH="10" VPOS="1061" HPOS="856"/>
							<String ID="string_202" HPOS="866" VPOS="1061" WIDTH="73" HEIGHT="17" WC="0.92" CONTENT="härads-"/>
						</TextLine>
						<TextLine ID="line_27" HPOS="183" VPOS="1088" WIDTH="66" HEIGHT="23">
							<String ID="string_203" HPOS="183" VPOS="1088" WIDTH="66" HEIGHT="23" WC="0.96" CONTENT="tinget."/>
						</TextLine>
					</TextBlock>
					<TextBlock ID="block_9" HPOS="182" VPOS="1118" WIDTH="757" HEIGHT="104">
						<TextLine ID="line_28" HPOS="251" VPOS="1118" WIDTH="688" HEIGHT="24">
							<String ID="string_204" HPOS="251" VPOS="1118" WIDTH="134" HEIGHT="22" WC="0.96" CONTENT="Fördelningen"/><SP WIDTH="18" VPOS="1118" HPOS="385"/>
							<String ID="string_205" HPOS="403" VPOS="1119" WIDTH="19" HEIGHT="17" WC="0.93" CONTENT="af"/><SP WIDTH="15" VPOS="1119" HPOS="422"/>
							<String ID="string_206" HPOS="437" VPOS="1119" WIDTH="186" HEIGHT="23" WC="0.92" CONTENT="häradsutskylderna"/><SP WIDTH="12" VPOS="1119" HPOS="623"/>
							<String ID="string_207" HPOS="635" VPOS="1120" WIDTH="42" HEIGHT="17" WC="0.96" CONTENT="sker"/><SP WIDTH="11" VPOS="1120" HPOS="677"/>
							<String ID="string_208" HPOS="688" VPOS="1124" WIDTH="66" HEIGHT="18" WC="0.96" CONTENT="genom"/><SP WIDTH="12" VPOS="1124" HPOS="754"/>
							<String ID="string_209" HPOS="766" VPOS="1119" WIDTH="81" HEIGHT="17" WC="0.96" CONTENT="tillskott"/><SP WIDTH="12" VPOS="1119" HPOS="847"/>
							<String ID="string_210" HPOS="859" VPOS="1118" WIDTH="20" HEIGHT="18" WC="0.96" CONTENT="af"/><SP WIDTH="11" VPOS="1118" HPOS="879"/>
							<String ID="string_211" HPOS="890" VPOS="1118" WIDTH="49" HEIGHT="18" WC="0.96" CONTENT="vissa"/>
						</TextLine>
						<TextLine ID="line_29" HPOS="183" VPOS="1147" WIDTH="756" HEIGHT="24">
							<String ID="string_212" HPOS="183" VPOS="1148" WIDTH="76" HEIGHT="20" WC="0.96" CONTENT="procent"/><SP WIDTH="18" VPOS="1148" HPOS="259"/>
							<String ID="string_213" HPOS="277" VPOS="1147" WIDTH="20" HEIGHT="17" WC="0.95" CONTENT="af"/><SP WIDTH="17" VPOS="1147" HPOS="297"/>
							<String ID="string_214" HPOS="314" VPOS="1147" WIDTH="21" HEIGHT="17" WC="0.96" CONTENT="de"/><SP WIDTH="16" VPOS="1147" HPOS="335"/>
							<String ID="string_215" HPOS="351" VPOS="1147" WIDTH="115" HEIGHT="18" WC="0.93" CONTENT="kommunala"/><SP WIDTH="11" VPOS="1147" HPOS="466"/>
							<String ID="string_216" HPOS="477" VPOS="1148" WIDTH="123" HEIGHT="23" WC="0.91" CONTENT="utskylderna."/><SP WIDTH="24" VPOS="1148" HPOS="600"/>
							<String ID="string_217" HPOS="624" VPOS="1148" WIDTH="59" HEIGHT="18" WC="0.93" CONTENT="Dessa"/><SP WIDTH="12" VPOS="1148" HPOS="683"/>
							<String ID="string_218" HPOS="695" VPOS="1148" WIDTH="91" HEIGHT="22" WC="0.92" CONTENT="uppbäras"/><SP WIDTH="13" VPOS="1148" HPOS="786"/>
							<String ID="string_219" HPOS="799" VPOS="1147" WIDTH="48" HEIGHT="18" WC="0.93" CONTENT="inom"/><SP WIDTH="12" VPOS="1147" HPOS="847"/>
							<String ID="string_220" HPOS="859" VPOS="1148" WIDTH="80" HEIGHT="17" WC="0.91" CONTENT="kommu-"/>
						</TextLine>
						<TextLine ID="line_30" HPOS="183" VPOS="1175" WIDTH="756" HEIGHT="23">
							<String ID="string_221" HPOS="183" VPOS="1180" WIDTH="63" HEIGHT="16" WC="0.95" CONTENT="nerna,"/><SP WIDTH="19" VPOS="1180" HPOS="246"/>
							<String ID="string_222" HPOS="265" VPOS="1180" WIDTH="38" HEIGHT="12" WC="0.96" CONTENT="som"/><SP WIDTH="18" VPOS="1180" HPOS="303"/>
							<String ID="string_223" HPOS="321" VPOS="1176" WIDTH="29" HEIGHT="17" WC="0.96" CONTENT="för"/><SP WIDTH="18" VPOS="1176" HPOS="350"/>
							<String ID="string_224" HPOS="368" VPOS="1175" WIDTH="40" HEIGHT="18" WC="0.94" CONTENT="dem"/><SP WIDTH="18" VPOS="1175" HPOS="408"/>
							<String ID="string_225" HPOS="426" VPOS="1176" WIDTH="84" HEIGHT="18" WC="0.94" CONTENT="redovisa"/><SP WIDTH="14" VPOS="1176" HPOS="510"/>
							<String ID="string_226" HPOS="524" VPOS="1176" WIDTH="29" HEIGHT="18" WC="0.96" CONTENT="för"/><SP WIDTH="12" VPOS="1176" HPOS="553"/>
							<String ID="string_227" HPOS="565" VPOS="1176" WIDTH="87" HEIGHT="19" WC="0.93" CONTENT="häradets"/><SP WIDTH="11" VPOS="1176" HPOS="652"/>
							<String ID="string_228" HPOS="663" VPOS="1176" WIDTH="76" HEIGHT="22" WC="0.92" CONTENT="höfding"/><SP WIDTH="12" VPOS="1176" HPOS="739"/>
							<String ID="string_229" HPOS="751" VPOS="1176" WIDTH="146" HEIGHT="22" WC="0.96" CONTENT="(kronofogden),"/><SP WIDTH="13" VPOS="1176" HPOS="897"/>
							<String ID="string_230" HPOS="910" VPOS="1175" WIDTH="29" HEIGHT="18" WC="0.96" CONTENT="till"/>
						</TextLine>
						<TextLine ID="line_31" HPOS="182" VPOS="1203" WIDTH="262" HEIGHT="19">
							<String ID="string_231" HPOS="182" VPOS="1203" WIDTH="75" HEIGHT="18" WC="0.96" CONTENT="hvilken"/><SP WIDTH="12" VPOS="1203" HPOS="257"/>
							<String ID="string_232" HPOS="269" VPOS="1204" WIDTH="70" HEIGHT="18" WC="0.96" CONTENT="medlen"/><SP WIDTH="13" VPOS="1204" HPOS="339"/>
							<String ID="string_233" HPOS="352" VPOS="1204" WIDTH="92" HEIGHT="18" WC="0.85" CONTENT="insändas."/>
						</TextLine>
					</TextBlock>
					<TextBlock ID="block_10" HPOS="182" VPOS="1232" WIDTH="758" HEIGHT="52">
						<TextLine ID="line_32" HPOS="252" VPOS="1232" WIDTH="688" HEIGHT="24">
							<String ID="string_234" HPOS="252" VPOS="1232" WIDTH="69" HEIGHT="23" WC="0.91" CONTENT="Hvarje"/><SP WIDTH="15" VPOS="1232" HPOS="321"/>
							<String ID="string_235" HPOS="336" VPOS="1233" WIDTH="144" HEIGHT="19" WC="0.92" CONTENT="häradsmedlem"/><SP WIDTH="18" VPOS="1233" HPOS="480"/>
							<String ID="string_236" HPOS="498" VPOS="1234" WIDTH="84" HEIGHT="22" WC="0.92" CONTENT="erlägger"/><SP WIDTH="12" VPOS="1234" HPOS="582"/>
							<String ID="string_237" HPOS="594" VPOS="1234" WIDTH="73" HEIGHT="22" WC="0.92" CONTENT="utskyld"/><SP WIDTH="13" VPOS="1234" HPOS="667"/>
							<String ID="string_238" HPOS="680" VPOS="1234" WIDTH="29" HEIGHT="17" WC="0.96" CONTENT="till"/><SP WIDTH="12" VPOS="1234" HPOS="709"/>
							<String ID="string_239" HPOS="721" VPOS="1233" WIDTH="76" HEIGHT="18" WC="0.96" CONTENT="häradet"/><SP WIDTH="12" VPOS="1233" HPOS="797"/>
							<String ID="string_240" HPOS="809" VPOS="1233" WIDTH="63" HEIGHT="18" WC="0.96" CONTENT="endast"/><SP WIDTH="12" VPOS="1233" HPOS="872"/>
							<String ID="string_241" HPOS="884" VPOS="1233" WIDTH="9" HEIGHT="19" WC="0.90" CONTENT="i"/><SP WIDTH="11" VPOS="1233" HPOS="893"/>
							<String ID="string_242" HPOS="904" VPOS="1233" WIDTH="36" HEIGHT="18" WC="0.92" CONTENT="för-"/>
						</TextLine>
						<TextLine ID="line_33" HPOS="182" VPOS="1260" WIDTH="574" HEIGHT="24">
							<String ID="string_243" HPOS="182" VPOS="1260" WIDTH="86" HEIGHT="18" WC="0.96" CONTENT="hållande"/><SP WIDTH="12" VPOS="1260" HPOS="268"/>
							<String ID="string_244" HPOS="280" VPOS="1261" WIDTH="28" HEIGHT="18" WC="0.96" CONTENT="till"/><SP WIDTH="13" VPOS="1261" HPOS="308"/>
							<String ID="string_245" HPOS="321" VPOS="1261" WIDTH="35" HEIGHT="18" WC="0.96" CONTENT="den"/><SP WIDTH="12" VPOS="1261" HPOS="356"/>
							<String ID="string_246" HPOS="368" VPOS="1261" WIDTH="80" HEIGHT="19" WC="0.96" CONTENT="inkomst"/><SP WIDTH="12" VPOS="1261" HPOS="448"/>
							<String ID="string_247" HPOS="460" VPOS="1262" WIDTH="35" HEIGHT="18" WC="0.96" CONTENT="han"/><SP WIDTH="13" VPOS="1262" HPOS="495"/>
							<String ID="string_248" HPOS="508" VPOS="1262" WIDTH="48" HEIGHT="18" WC="0.96" CONTENT="inom"/><SP WIDTH="12" VPOS="1262" HPOS="556"/>
							<String ID="string_249" HPOS="568" VPOS="1262" WIDTH="102" HEIGHT="18" WC="0.95" CONTENT="detsamma"/><SP WIDTH="11" VPOS="1262" HPOS="670"/>
							<String ID="string_250" HPOS="681" VPOS="1262" WIDTH="75" HEIGHT="22" WC="0.95" CONTENT="uppbär."/>
						</TextLine>
					</TextBlock>
					<TextBlock ID="block_11" HPOS="182" VPOS="1290" WIDTH="757" HEIGHT="80">
						<TextLine ID="line_34" HPOS="251" VPOS="1290" WIDTH="688" HEIGHT="23">
							<String ID="string_251" HPOS="251" VPOS="1290" WIDTH="10" HEIGHT="17" WC="0.96" CONTENT="I"/><SP WIDTH="18" VPOS="1290" HPOS="261"/>
							<String ID="string_252" HPOS="279" VPOS="1290" WIDTH="62" HEIGHT="22" WC="0.96" CONTENT="frågor"/><SP WIDTH="18" VPOS="1290" HPOS="341"/>
							<String ID="string_253" HPOS="359" VPOS="1294" WIDTH="37" HEIGHT="14" WC="0.92" CONTENT="som"/><SP WIDTH="18" VPOS="1294" HPOS="396"/>
							<String ID="string_254" HPOS="414" VPOS="1290" WIDTH="48" HEIGHT="23" WC="0.91" CONTENT="angå"/><SP WIDTH="18" VPOS="1290" HPOS="462"/>
							<String ID="string_255" HPOS="480" VPOS="1292" WIDTH="6" HEIGHT="16" WC="0.96" CONTENT="i"/><SP WIDTH="18" VPOS="1292" HPOS="486"/>
							<String ID="string_256" HPOS="504" VPOS="1291" WIDTH="69" HEIGHT="18" WC="0.96" CONTENT="mantal"/><SP WIDTH="18" VPOS="1291" HPOS="573"/>
							<String ID="string_257" HPOS="591" VPOS="1293" WIDTH="37" HEIGHT="15" WC="0.96" CONTENT="satt"/><SP WIDTH="15" VPOS="1293" HPOS="628"/>
							<String ID="string_258" HPOS="643" VPOS="1290" WIDTH="42" HEIGHT="23" WC="0.95" CONTENT="jord"/><SP WIDTH="19" VPOS="1290" HPOS="685"/>
							<String ID="string_259" HPOS="704" VPOS="1290" WIDTH="43" HEIGHT="18" WC="0.93" CONTENT="eller"/><SP WIDTH="12" VPOS="1290" HPOS="747"/>
							<String ID="string_260" HPOS="759" VPOS="1290" WIDTH="80" HEIGHT="18" WC="0.92" CONTENT="deremot"/><SP WIDTH="12" VPOS="1290" HPOS="839"/>
							<String ID="string_261" HPOS="851" VPOS="1290" WIDTH="88" HEIGHT="18" WC="0.96" CONTENT="svarande"/>
						</TextLine>
						<TextLine ID="line_35" HPOS="182" VPOS="1318" WIDTH="757" HEIGHT="24">
							<String ID="string_262" HPOS="182" VPOS="1318" WIDTH="90" HEIGHT="18" WC="0.92" CONTENT="skattetal"/><SP WIDTH="12" VPOS="1318" HPOS="272"/>
							<String ID="string_263" HPOS="284" VPOS="1320" WIDTH="49" HEIGHT="16" WC="0.92" CONTENT="röste"/><SP WIDTH="12" VPOS="1320" HPOS="333"/>
							<String ID="string_264" HPOS="345" VPOS="1318" WIDTH="69" HEIGHT="18" WC="0.92" CONTENT="enhvar"/><SP WIDTH="12" VPOS="1318" HPOS="414"/>
							<String ID="string_265" HPOS="426" VPOS="1320" WIDTH="34" HEIGHT="17" WC="0.93" CONTENT="och"/><SP WIDTH="12" VPOS="1320" HPOS="460"/>
							<String ID="string_266" HPOS="472" VPOS="1320" WIDTH="73" HEIGHT="22" WC="0.92" CONTENT="erlägge"/><SP WIDTH="9" VPOS="1320" HPOS="545"/>
							<String ID="string_267" HPOS="554" VPOS="1320" WIDTH="50" HEIGHT="18" WC="0.96" CONTENT="skatt"/><SP WIDTH="7" VPOS="1320" HPOS="604"/>
							<String ID="string_268" HPOS="611" VPOS="1320" WIDTH="49" HEIGHT="18" WC="0.96" CONTENT="efter"/><SP WIDTH="8" VPOS="1320" HPOS="660"/>
							<String ID="string_269" HPOS="668" VPOS="1319" WIDTH="28" HEIGHT="18" WC="0.93" CONTENT="sin"/><SP WIDTH="8" VPOS="1319" HPOS="696"/>
							<String ID="string_270" HPOS="704" VPOS="1319" WIDTH="133" HEIGHT="18" WC="0.91" CONTENT="innehafvande"/><SP WIDTH="8" VPOS="1319" HPOS="837"/>
							<String ID="string_271" HPOS="845" VPOS="1319" WIDTH="94" HEIGHT="23" WC="0.93" CONTENT="lägenhets"/>
						</TextLine>
						<TextLine ID="line_36" HPOS="185" VPOS="1346" WIDTH="392" HEIGHT="24">
							<String ID="string_272" HPOS="185" VPOS="1346" WIDTH="71" HEIGHT="18" WC="0.96" CONTENT="mantal"/><SP WIDTH="13" VPOS="1346" HPOS="256"/>
							<String ID="string_273" HPOS="269" VPOS="1346" WIDTH="42" HEIGHT="18" WC="0.96" CONTENT="eller"/><SP WIDTH="13" VPOS="1346" HPOS="311"/>
							<String ID="string_274" HPOS="324" VPOS="1347" WIDTH="53" HEIGHT="23" WC="0.96" CONTENT="eljest"/><SP WIDTH="11" VPOS="1347" HPOS="377"/>
							<String ID="string_275" HPOS="388" VPOS="1348" WIDTH="83" HEIGHT="22" WC="0.93" CONTENT="gällande"/><SP WIDTH="13" VPOS="1348" HPOS="471"/>
							<String ID="string_276" HPOS="484" VPOS="1348" WIDTH="93" HEIGHT="18" WC="0.91" CONTENT="skattetal."/>
						</TextLine>
					</TextBlock>
					<TextBlock ID="block_12" HPOS="181" VPOS="1375" WIDTH="759" HEIGHT="81">
						<TextLine ID="line_37" HPOS="251" VPOS="1375" WIDTH="688" HEIGHT="24">
							<String ID="string_277" HPOS="251" VPOS="1375" WIDTH="65" HEIGHT="18" WC="0.96" CONTENT="Staten"/><SP WIDTH="13" VPOS="1375" HPOS="316"/>
							<String ID="string_278" HPOS="329" VPOS="1375" WIDTH="83" HEIGHT="23" WC="0.96" CONTENT="tillhörig"/><SP WIDTH="12" VPOS="1375" HPOS="412"/>
							<String ID="string_279" HPOS="424" VPOS="1376" WIDTH="90" HEIGHT="23" WC="0.95" CONTENT="fastighet"/><SP WIDTH="12" VPOS="1376" HPOS="514"/>
							<String ID="string_280" HPOS="526" VPOS="1377" WIDTH="58" HEIGHT="17" WC="0.96" CONTENT="deltar"/><SP WIDTH="8" VPOS="1377" HPOS="584"/>
							<String ID="string_281" HPOS="592" VPOS="1377" WIDTH="40" HEIGHT="18" WC="0.96" CONTENT="icke"/><SP WIDTH="9" VPOS="1377" HPOS="632"/>
							<String ID="string_282" HPOS="641" VPOS="1376" WIDTH="7" HEIGHT="18" WC="0.93" CONTENT="i"/><SP WIDTH="8" VPOS="1376" HPOS="648"/>
							<String ID="string_283" HPOS="656" VPOS="1376" WIDTH="167" HEIGHT="22" WC="0.91" CONTENT="häradsutskylder."/><SP WIDTH="19" VPOS="1376" HPOS="823"/>
							<String ID="string_284" HPOS="842" VPOS="1376" WIDTH="97" HEIGHT="18" WC="0.91" CONTENT="Likaledes"/>
						</TextLine>
						<TextLine ID="line_38" HPOS="181" VPOS="1403" WIDTH="759" HEIGHT="24">
							<String ID="string_285" HPOS="181" VPOS="1403" WIDTH="80" HEIGHT="23" WC="0.96" CONTENT="erlägga"/><SP WIDTH="18" VPOS="1403" HPOS="261"/>
							<String ID="string_286" HPOS="279" VPOS="1406" WIDTH="75" HEIGHT="18" WC="0.96" CONTENT="statens,"/><SP WIDTH="12" VPOS="1406" HPOS="354"/>
							<String ID="string_287" HPOS="366" VPOS="1404" WIDTH="81" HEIGHT="22" WC="0.96" CONTENT="kyrkans"/><SP WIDTH="13" VPOS="1404" HPOS="447"/>
							<String ID="string_288" HPOS="460" VPOS="1405" WIDTH="31" HEIGHT="17" WC="0.96" CONTENT="och"/><SP WIDTH="13" VPOS="1405" HPOS="491"/>
							<String ID="string_289" HPOS="504" VPOS="1405" WIDTH="117" HEIGHT="18" WC="0.96" CONTENT="kommunens"/><SP WIDTH="13" VPOS="1405" HPOS="621"/>
							<String ID="string_290" HPOS="634" VPOS="1405" WIDTH="111" HEIGHT="22" WC="0.96" CONTENT="tjänstemän"/><SP WIDTH="12" VPOS="1405" HPOS="745"/>
							<String ID="string_291" HPOS="757" VPOS="1404" WIDTH="56" HEIGHT="23" WC="0.93" CONTENT="ingen"/><SP WIDTH="12" VPOS="1404" HPOS="813"/>
							<String ID="string_292" HPOS="825" VPOS="1404" WIDTH="75" HEIGHT="22" WC="0.92" CONTENT="utskyld"/><SP WIDTH="12" VPOS="1404" HPOS="900"/>
							<String ID="string_293" HPOS="912" VPOS="1404" WIDTH="28" HEIGHT="17" WC="0.96" CONTENT="för"/>
						</TextLine>
						<TextLine ID="line_39" HPOS="181" VPOS="1431" WIDTH="517" HEIGHT="25">
							<String ID="string_294" HPOS="181" VPOS="1431" WIDTH="22" HEIGHT="18" WC="0.96" CONTENT="de"/><SP WIDTH="16" VPOS="1431" HPOS="203"/>
							<String ID="string_295" HPOS="219" VPOS="1432" WIDTH="90" HEIGHT="18" WC="0.96" CONTENT="boställen"/><SP WIDTH="14" VPOS="1432" HPOS="309"/>
							<String ID="string_296" HPOS="323" VPOS="1433" WIDTH="32" HEIGHT="17" WC="0.96" CONTENT="och"/><SP WIDTH="12" VPOS="1433" HPOS="355"/>
							<String ID="string_297" HPOS="367" VPOS="1433" WIDTH="106" HEIGHT="22" WC="0.96" CONTENT="lägenheter"/><SP WIDTH="12" VPOS="1433" HPOS="473"/>
							<String ID="string_298" HPOS="485" VPOS="1439" WIDTH="38" HEIGHT="12" WC="0.96" CONTENT="som"/><SP WIDTH="13" VPOS="1439" HPOS="523"/>
							<String ID="string_299" HPOS="536" VPOS="1433" WIDTH="64" HEIGHT="23" WC="0.96" CONTENT="åtfölja"/><SP WIDTH="12" VPOS="1433" HPOS="600"/>
							<String ID="string_300" HPOS="612" VPOS="1433" WIDTH="86" HEIGHT="23" WC="0.96" CONTENT="tjänsten."/>
						</TextLine>
					</TextBlock>
				</ComposedBlock>
			</PrintSpace>
		</Page>
	</Layout>
</alto>
