1003 1659
165 122 15 20 4
346 120 277 23 Petitionsbetänkande
638 120 45 22 N:o
699 120 39 22 50.

166 198 40 16 sen
229 192 37 22 till
282 192 71 22 denna
369 193 135 27 proposition
519 192 106 23 anfördes
641 194 33 20 att
690 192 131 28 afgörandet
836 191 25 22 af
874 191 44 22 frå-

168 234 49 22 gan,
234 228 109 22 huruvida
358 228 42 23 den
415 228 35 22 för
467 235 120 16 reservens
604 228 102 28 öfningar
722 227 111 29 medgifna
848 228 33 21 tid
896 226 26 22 af

167 265 65 21 nittio
255 265 69 27 dagar
344 265 67 22 borde
427 268 64 24 tagas
507 265 8 21 i
531 265 98 27 anspräk
645 265 32 21 uti
693 270 28 16 en
736 264 61 28 följd,
814 264 56 22 eller
884 270 34 15 om

168 301 73 27 nägon
265 300 36 23 del
324 301 65 22 deraf
408 302 72 21 hellre
504 301 69 22 borde
597 301 112 22 användas
728 301 34 21 till
778 300 140 27 repetitions-

168 336 103 28 öfningar
301 338 72 22 under
406 340 28 20 ett
464 340 71 20 annat
565 338 34 26 är,
632 337 73 22 skulle
735 336 23 22 få
788 337 52 21 bero
872 336 47 22 dels

169 373 29 26 pä
220 373 59 22 hvad
303 373 155 23 erfarenheten
481 374 87 21 komme
584 376 32 19 att
632 373 61 28 gifva
709 373 37 22 vid
761 372 93 28 handen,
872 372 47 22 dels

167 409 29 27 pä
219 409 269 27 tidsomständigheterna,
512 410 40 21 och
573 412 33 19 att
622 410 37 21 det
676 409 75 22 derför
767 410 84 20 ansetts
866 408 54 21 böra

167 444 148 24 öfverlemnas
332 446 23 21 ät
371 445 115 28 Styrelsen
502 448 33 19 att
550 446 87 22 besluta
653 452 34 15 om
703 444 162 28 öfningstidens
876 443 43 23 för-

168 481 97 27 delning.
297 482 67 21 Detta
387 482 84 27 förslag
493 481 50 23 blef
564 482 57 21 dock
640 482 49 21 icke
705 480 25 22 af
744 480 123 22 Ständerna
882 486 37 16 an-

167 519 69 26 taget,
254 518 91 22 emedan
361 518 121 22 Ständerna
498 518 82 27 ansägo
597 520 33 19 att
644 517 232 22 reservinstitutionen
892 516 28 22 dä

168 554 59 21 varit
257 554 25 22 sä
307 554 51 22 kort
383 554 32 22 tid
441 554 6 22 i
474 554 149 27 verksamhet,
650 555 33 20 att
708 553 72 27 någon
804 553 67 21 säker
886 558 34 16 er-

168 590 103 22 farenhet
287 596 34 16 om
337 590 162 28 öfningstidens
515 590 140 27 lämpligaste
667 589 125 27 fördelning
802 591 58 19 ännu
871 588 49 22 icke

168 626 87 21 kunnat
274 626 85 28 vinnas,
376 627 39 21 och
432 633 27 15 en
475 626 69 22 sädan
560 626 127 27 fördelning
702 625 25 22 af
740 626 72 21 denna
820 624 38 28 tid,
876 630 44 16 som

167 661 171 23 befälhafvaren
362 662 34 22 för
419 662 72 22 finska
514 662 110 22 militären
649 661 122 28 föreslagit,
788 662 85 21 komme
888 663 34 19 att

167 698 93 22 äsamka
282 698 266 28 arbetarebefolkningen,
566 699 66 21 hvars
648 699 64 21 bästa
728 697 108 23 arbetstid
852 697 70 22 under

168 734 51 22 året
236 735 93 21 sålunda
344 734 74 23 blefve
435 735 46 21 helt
497 735 40 22 och
553 735 69 21 hållet
637 737 118 25 upptagen,
769 734 92 26 mycken
872 733 49 22 svä-

168 770 75 28 righet
270 772 39 20 och
333 771 129 22 ekonomisk
485 771 85 21 förlust.
602 770 72 23 Sedan
697 769 167 23 befälhafvaren
887 768 35 22 för

168 806 73 22 finska
258 807 110 22 militären
384 807 63 28 afgaf
461 807 34 21 sin
511 807 142 22 förenämnda
668 806 122 22 berättelse
806 808 38 19 äro
854 805 68 22 redan

167 843 64 22 öfver
246 844 32 21 tio
294 844 25 21 år
335 843 108 27 förflutna,
459 844 40 21 och
515 844 40 21 allt
571 843 136 22 fortfarande
726 849 53 15 anse
800 843 52 21 våra
866 842 56 21 mili-

168 880 185 21 tärauktoriteter
369 879 154 29 fördelningen
539 880 25 21 af
577 886 118 16 reservens
712 878 121 28 öfningstid
849 878 28 27 på
887 880 36 20 tre

169 916 27 21 år
211 922 55 15 vara
282 916 110 28 olämplig,
408 917 87 21 hvilket
511 917 66 21 bland
589 919 67 19 annat
666 916 98 27 framgår
775 915 25 21 af
808 915 115 27 åtskilliga

169 955 120 23 uppsatser
305 952 32 22 uti
356 970 8 9 ,
368 952 71 22 Finsk
455 953 82 21 militär
548 952 123 22 tidskrift".
696 952 40 22 Om
747 951 75 23 derför
832 951 91 27 tjenste-

170 987 61 21 tiden
248 988 39 21 vid
303 988 26 21 de
345 988 76 22 aktiva
436 992 121 23 trupperna
573 988 73 22 kunde
663 988 111 21 förkortas
791 987 34 21 till
841 986 39 22 två
890 986 32 27 år,

168 1023 64 21 torde
248 1023 53 27 inga
317 1024 80 22 hinder
412 1026 58 20 möta
486 1027 33 19 att
534 1024 65 22 äfven
617 1024 86 22 fördela
719 1024 165 21 reservmötena
894 1022 29 26 på

169 1059 38 21 två
231 1065 90 15 somrar.
355 1059 35 21 En
411 1060 68 21 sådan
495 1059 127 28 fördelning
645 1059 67 22 borde
735 1059 50 21 icke
800 1058 71 22 heller
888 1057 36 22 för

169 1096 174 20 reservmännen
359 1095 99 22 medföra
473 1096 72 26 någon
561 1096 24 21 så
602 1099 46 18 stor
666 1095 124 27 olägenhet,
808 1096 33 19 att
852 1093 72 22 denna

168 1130 50 22 icke
242 1130 36 22 till
302 1130 54 22 fullo
377 1131 128 27 uppvägdes
521 1131 25 21 af
560 1131 114 21 förmånen
690 1130 35 22 för
741 1130 49 22 dem
805 1131 33 20 att
854 1128 70 22 under

169 1166 43 21 den
236 1166 72 27 tredje
332 1173 122 15 sommaren
477 1173 54 16 vara
554 1167 46 21 helt
619 1167 40 21 och
676 1166 69 22 hållet
761 1165 97 27 fritagna
873 1165 50 21 från

169 1201 170 28 öfningsmöten.

242 1238 32 21 På
298 1238 72 28 grund
393 1238 24 22 af
431 1239 38 21 det
485 1238 65 22 ofvan
567 1238 93 22 anförda
676 1238 35 22 får
727 1238 116 22 Utskottet
859 1236 64 22 vörd-

170 1277 58 18 samt
244 1274 118 22 hemställa

459 1377 31 20 att
505 1375 127 22 Ständerna
647 1376 66 20 måtte
715 1374 84 27 förena
809 1374 33 28 sig
852 1381 33 15 om
896 1380 28 15 en

390 1412 141 28 underdånig
545 1412 89 26 petition
651 1411 90 27 derhän,

244 1460 139 23 Lagutskottets
396 1460 116 18 betänkande
525 1460 37 18 N:o
575 1460 27 18 10.
