1003 1653
41 182 211 23 ningsmyndigheterna,
265 182 23 22 på
300 187 69 12 samma
381 181 49 23 gång
441 182 143 22 häradsfogdens
594 182 100 18 förnämsta
702 181 96 23 uppgifter

40 211 117 18 inskränktes
175 210 30 18 till
223 210 140 18 handhafvande
381 210 21 18 af
415 210 79 18 kronans
510 210 117 18 ekonomiska
639 210 158 23 angelägenheter,

41 240 65 18 medan
121 240 22 17 de
159 239 130 18 öfverordnade
304 239 149 23 myndigheterna
465 239 78 23 begynte
555 239 25 23 gå
592 239 47 17 förbi
652 239 145 22 kronofogdarne

41 268 58 18 såsom
117 268 169 22 landtregeringens
307 268 113 18 företrädare
438 268 49 18 inom
505 268 77 18 häradet
600 268 32 18 och
650 268 71 17 direkte
739 267 59 18 anlita

40 298 123 17 länsmannen.
193 290 18 25 Ä
227 296 56 18 andra
298 296 53 18 sidan
363 296 33 18 har
408 296 104 18 införandet
527 297 21 18 af
560 297 21 17 de
593 302 36 17 nya
641 296 155 18 kommunalinsti-

41 326 104 17 tutionerna
163 326 20 17 af
201 326 45 17 1865
264 325 32 18 och
312 325 44 18 1873
371 325 70 22 begynt
456 325 122 22 äterupplifva
594 326 34 17 den
640 324 156 23 själfförvaltning

41 359 38 13 som
92 355 58 17 folket
162 353 140 24 ursprungligen
315 353 78 19 utöfvat.
417 354 42 18 Men
472 359 21 13 en
506 354 121 18 förmedlande
635 354 44 17 länk
687 353 66 18 mellan
762 353 35 18 den

41 383 91 18 allmänna
144 383 186 22 statsförvaltningen
343 383 33 17 och
385 383 34 18 den
427 383 117 18 kommunala
552 382 180 23 själfförvaltningen
740 382 56 18 finnes

41 412 44 21 icke,
101 412 6 18 i
123 412 30 18 det
167 411 54 23 ingen
236 411 180 23 regeringsmaktens
428 411 107 18 funktionär
547 411 59 18 deltar
618 411 6 18 i
638 411 32 18 och
683 413 113 20 represente-

41 446 29 12 rar
82 440 140 21 statsmakten
215 435 12 32 i
235 440 35 18 den
282 440 114 17 kommunala
407 440 181 23 själfförvaltningen,
597 440 55 18 hvars
661 439 135 19 öfvervakande

41 475 64 17 genom
117 469 130 22 länestyrelsen
260 470 21 17 är
292 469 21 17 af
322 470 67 21 ytterst
397 469 53 22 ringa
459 469 98 22 betydelse.
582 468 33 19 Om
626 470 27 16 ett
662 468 80 23 värkligt
750 473 46 13 sam-

41 498 63 18 arbete
116 498 66 18 mellan
195 498 22 17 de
229 497 50 18 olika
294 497 281 23 förvaltningsmyndigheterna,
588 499 70 16 statens
670 497 34 18 och
716 497 80 18 kommu-

41 532 70 16 nernas,
129 527 29 17 för
175 526 31 18 det
224 526 51 18 helas
290 527 33 17 och
339 526 62 22 hvarje
416 526 81 18 enskildt
509 526 97 18 samhälles
618 531 50 17 gagn
681 526 31 17 och
725 525 71 18 trefnad

41 556 36 17 kan
91 555 58 18 under
164 555 65 18 sädant
243 554 112 18 förhällande
371 554 14 23 ej
401 554 57 18 blifva
474 555 31 17 tal.
530 555 49 17 Skall
594 555 45 17 dock
655 554 141 23 själfstyrelsens

41 584 98 22 grundsats
151 584 6 18 i
169 584 41 18 vårt
229 583 43 18 land
290 583 55 18 vinna
363 585 58 16 större
436 583 118 23 tillämpning
569 585 22 16 än
608 583 48 18 hvad
668 588 38 13 som
718 588 78 18 rymmes

41 612 48 18 inom
102 612 34 18 den
147 612 81 23 primära
240 612 118 18 kommunens
371 612 72 18 omräde
456 612 32 18 och
501 612 58 18 denna
571 612 80 23 gestalta
663 612 29 23 sig
704 612 28 18 till
744 612 52 17 värk-

41 641 25 22 lig
83 640 154 23 själfförvaltning
254 640 7 18 i
279 640 87 18 samband
384 641 41 17 med
442 641 72 17 landets
532 641 92 18 allmänna
642 641 82 22 styrelse,
738 640 59 18 måste

41 675 76 16 organer
133 669 67 22 skapas
216 669 29 18 för
259 669 56 17 sädan
327 669 123 18 värksamhet.
474 669 64 18 Säsom
550 671 27 16 ett
589 669 40 21 mäl,
642 669 70 18 hvilket
723 669 7 18 i
742 669 55 18 fram-

42 698 48 17 tiden
108 698 33 17 bör
158 697 75 23 uppnäs,
252 697 58 18 mäste
324 703 42 12 man
381 698 93 22 uppställa
489 698 74 17 fordran
575 699 28 16 att
615 699 54 17 äfven
682 698 50 17 länet
743 699 54 21 göres

42 727 28 17 till
89 728 27 16 ett
133 726 114 18 kommunalt
265 727 92 22 samhälle,
375 726 7 18 i
400 727 55 17 hvars
474 727 112 22 förvaltning
600 727 56 18 under
674 728 122 21 guvernörens

41 755 177 23 (landshöfdingens)
237 755 74 22 ledning
328 755 55 18 valda
400 757 148 20 representanter
562 755 41 18 frän
619 756 129 17 kommunerna
761 755 35 18 del-

41 787 50 20 taga.
114 784 41 18 Men
168 785 54 17 äfven
235 789 28 12 om
277 789 20 12 en
310 784 187 22 länsrepresentation
510 785 32 17 och
554 785 89 22 därjämte
656 787 28 15 ett
691 786 105 21 permanent

41 813 114 18 länsutskott
170 813 40 18 med
225 812 44 18 vida
283 814 59 16 större
354 812 130 23 befogenheter
497 815 23 16 än
533 813 59 18 hittils
605 814 29 17 för
646 813 92 18 desamma
751 813 45 18 före-

41 841 72 23 slagits,
132 841 20 18 sä
170 843 28 16 att
212 841 23 18 de
250 841 23 22 pä
288 841 108 22 ingripande
411 843 37 16 sätt
461 841 73 24 deltoge
546 841 6 18 i
565 842 163 23 länestyrelsernas
740 847 55 12 nuva-

41 870 54 18 rande
113 870 120 23 förvaltning,
249 869 112 19 omedelbart
376 870 44 18 eller
434 870 7 18 i
454 875 22 13 en
488 870 76 18 framtid
576 870 91 22 tillsättas,
680 871 46 17 skall
738 870 58 17 likväl

42 899 58 18 denna
117 899 105 18 institution
237 901 52 16 snart
303 899 82 18 befinnas
400 899 114 23 otillräcklig
526 899 29 18 för
567 899 150 23 tillgodoseendet
730 899 20 18 af
761 899 35 18 för-

41 928 114 22 valtningens
168 927 69 18 talrika
249 927 93 24 uppgifter
355 928 32 17 och
400 928 33 17 den
446 927 118 18 ekonomiska
576 928 129 23 utvecklingen
718 928 48 17 inom
774 928 22 17 de

41 956 104 18 nuvarande
163 956 114 18 vidsträckta
294 957 58 17 länen.
377 956 30 19 Må
425 962 42 12 man
484 957 49 18 blott
549 957 84 22 påminna
645 957 30 22 sig
691 957 21 18 de
726 956 70 22 otaliga

40 984 81 23 göromäl
133 984 63 18 hvilka
207 984 63 23 äligga
281 986 93 21 guvernör
386 985 32 17 och
430 985 118 22 länestyrelse
556 986 33 16 och
597 985 63 18 hvilka
668 987 31 15 äro
708 990 88 12 samman-

41 1013 70 18 fattade
123 1013 7 17 i
143 1013 34 18 den
189 1018 36 17 nya
237 1013 135 18 instruktionen
381 1013 20 18 af
408 1013 34 18 den
450 1013 22 18 29
482 1013 94 18 december
585 1014 48 21 1894,
643 1013 81 23 göromål
733 1012 63 19 hvilka

41 1042 78 17 Ofveralt
136 1041 72 23 päkalla
227 1043 27 16 ett
269 1041 56 18 lokalt
340 1042 136 18 öfvervakande
492 1042 33 17 och
540 1047 22 13 en
574 1047 94 18 noggrann
680 1041 116 18 lokalkänne-

41 1071 40 17 dom
94 1071 21 17 af
125 1071 34 17 den
171 1070 132 18 öfverordnade
315 1071 134 22 myndigheten.
474 1071 126 18 Guvernörens
612 1070 184 19 embetsverksamhet

41 1101 20 16 är
73 1099 6 18 i
92 1099 67 22 själfva
170 1099 64 18 verket
246 1099 33 18 hos
291 1104 29 13 oss
332 1099 29 18 till
374 1099 34 18 den
420 1099 46 23 grad
479 1101 56 21 tagen
548 1099 6 18 i
566 1099 85 23 anspräk,
660 1101 28 16 att
696 1099 46 18 hans
752 1104 43 17 upp-

40 1128 123 17 märksamhet
178 1128 63 17 endast
256 1128 7 17 i
277 1128 52 23 ringa
342 1128 42 18 män
396 1128 36 17 kan
444 1133 57 18 egnas
514 1128 34 18 den
561 1128 114 18 kommunala
688 1127 108 18 förvaltnin-

40 1162 35 17 gen
89 1157 32 17 och
133 1157 100 18 ekonomin.
258 1157 27 18 Pä
296 1162 70 13 samma
378 1159 38 16 sätt
428 1157 88 18 förhäller
528 1157 31 18 det
570 1157 29 22 sig
606 1157 40 18 med
656 1157 33 18 den
698 1156 98 23 tryckande

40 1185 118 18 arbetsbörda
176 1191 37 12 som
232 1191 42 12 man
289 1191 65 18 genom
370 1186 170 23 undanskjutandet
555 1186 21 17 af
589 1186 74 17 härads-
676 1186 44 17 eller
733 1186 63 17 krono-

40 1214 67 22 fogden
119 1213 41 19 från
172 1214 21 18 de
205 1213 82 24 göromål
300 1219 39 13 som
354 1215 70 17 fordom
437 1214 86 19 tillhörde
536 1215 62 21 denne,
610 1215 113 22 småningom
736 1214 60 17 öfver-

39 1242 38 18 fört
88 1243 24 22 på
123 1243 124 18 länsmannen.
271 1243 43 18 Man
326 1243 35 18 har
373 1243 54 18 också
440 1243 23 23 på
476 1245 27 16 ett
515 1243 88 18 träffande
612 1245 38 16 sätt
658 1243 96 18 betecknat
762 1242 34 18 den

40 1271 108 18 sistnämdes
163 1271 117 18 värksamhet
295 1277 74 12 numera
384 1272 48 17 inom
444 1272 188 18 länsmansdistriktet
644 1272 59 18 såsom
716 1274 78 15 motsva-

39 1300 56 17 rande
107 1301 122 22 guvernörens
242 1300 114 23 förvaltning
367 1301 48 17 inom
428 1301 51 18 länet
491 1301 7 18 i
510 1301 42 18 dess
563 1301 64 19 helhet,
641 1301 33 17 och
687 1301 51 17 detta
749 1302 45 15 utan

39 1331 28 14 att
84 1329 127 22 kompetensen
229 1329 30 17 för
275 1328 221 24 länsmansbefattningen
512 1329 53 19 hållit
574 1329 63 23 jämna
649 1331 40 21 steg
702 1329 39 18 med
755 1328 40 18 dess

39 1357 58 17 ökade
109 1357 93 23 betydelse
213 1358 49 17 inom
275 1357 179 19 administrationen.

108 1382 53 22 Ännu
173 1386 71 18 mindre
257 1388 20 16 är
289 1386 32 18 det
331 1388 30 16 att
372 1386 69 23 hoppas
453 1387 24 23 på
488 1387 62 23 någon
560 1387 92 23 väsentlig
660 1385 134 23 förminskning

39 1414 21 17 af
75 1414 35 17 den
127 1414 119 18 arbetsbörda
264 1420 37 12 som
320 1415 29 17 för
367 1416 113 17 närvarande
496 1416 60 17 hvilar
569 1416 23 22 på
607 1415 151 22 länestyrelserna
774 1414 21 17 så

38 1442 53 22 länge
105 1442 33 18 den
151 1443 104 17 nuvarande
266 1443 148 22 organisationen
428 1444 72 17 fortfar.
524 1444 94 23 Antingen
630 1444 58 17 måste
701 1443 5 18 i
719 1448 22 13 en
753 1447 44 13 snar
