1020 1656
190 125 11 17 2

168 182 79 19 mindre
266 182 110 20 afvikelser
394 183 46 19 från
458 184 39 18 den
515 186 99 19 snörräta,
630 184 33 18 för
675 184 68 18 sinnet
754 184 104 18 tröttande
870 183 53 23 linie,

168 217 44 13 som
225 212 80 19 alltmer
317 212 69 18 blifvit
401 219 58 12 norm
471 213 36 18 vid
518 213 134 23 landsvägars
666 212 107 25 byggande
785 212 5 18 i
803 212 56 19 detta
871 212 53 18 land.

168 240 29 18 På
215 240 91 24 kuperad
324 241 56 18 mark
397 248 48 12 vore
457 241 77 19 sådana
546 242 110 18 afvikelser
668 242 7 18 i
689 245 55 15 ännu
762 242 63 23 högre
842 241 49 23 grad
904 240 23 18 af

170 269 73 22 nöden,
261 275 46 13 men
324 270 24 18 de
364 270 61 18 häraf
435 270 108 24 betingade
556 270 93 24 åtgärder
662 270 65 19 blifva
738 270 7 18 i
758 270 112 18 allmänhet
881 269 44 19 icke

168 298 103 24 nöjaktigt
295 298 83 19 utförda
399 299 37 19 och
455 303 34 15 äro
510 300 43 18 icke
573 306 35 12 ens
626 299 153 23 vederbörligen
796 298 129 19 föreskrifna.

169 326 88 19 Snarare
275 327 57 19 torde
348 328 70 18 kunna
435 330 84 22 antagas
538 330 31 16 att
586 328 150 18 arbetsledarne
752 327 65 19 oftast
829 333 37 17 ega
877 326 48 24 föga

169 355 48 19 eller
229 356 63 23 ingen
304 356 114 19 kännedom
430 357 75 18 härom.

238 384 72 19 Såsom
322 385 102 19 allmänna
436 386 101 24 principer
549 386 57 18 torde
619 386 35 18 vid
667 385 171 24 vägabyggnader
846 385 7 18 i
862 384 63 24 Tysk-

168 413 49 18 land
229 414 55 23 gälla
296 416 30 16 att
338 414 78 19 mindre
428 414 131 25 krökningar,
571 414 70 19 hvilka
649 414 44 19 icke
701 414 123 19 nämnvärdt
832 414 94 23 förlänga

170 442 110 23 afståndet,
298 446 34 15 äro
349 443 94 19 öfverallt
455 443 86 24 tillåtna,
555 450 46 12 men
614 446 30 16 att
657 444 89 18 deremot
758 443 70 18 starka
840 442 86 24 stignin-

170 477 41 17 gar,
224 471 71 18 hvilka
307 475 34 15 äro
354 471 26 24 på
392 472 34 19 det
437 473 74 23 högsta
523 473 88 23 menliga
624 473 32 18 för
665 472 93 23 trafiken,
766 472 50 18 böra
825 471 101 19 undvikas

170 499 100 24 antingen
287 506 72 17 genom
377 501 106 23 planering
499 501 22 18 af
537 501 85 18 marken
640 501 49 18 eller
707 501 36 18 ock
761 506 73 18 genom
850 503 76 20 vägens

170 528 103 19 förande
263 524 14 34 i
285 529 72 24 bugter
368 529 48 18 eller
428 530 81 19 kurvor.
534 529 68 19 Såsom
614 530 55 23 regel
682 529 56 19 torde
752 529 22 18 af
784 529 95 18 fackmän
891 535 36 12 an-

170 559 59 21 tagas
242 559 31 16 att
285 561 76 20 vägens
374 558 83 18 maximi
469 559 92 23 stigning
573 558 25 24 på
610 559 98 18 slättland
721 558 16 24 ej
751 558 37 18 bör
800 564 50 12 vara
862 560 65 15 större

172 588 26 15 än
214 586 12 18 3
242 586 27 24 pä
286 586 37 24 100,
345 587 8 18 i
364 587 101 24 kuperade
478 587 77 18 trakter
567 588 10 17 5
591 589 11 16 a
614 588 10 17 6
636 587 26 24 pä
675 587 32 18 100
720 587 38 18 och
770 587 7 18 i
789 587 138 23 bergstrakter

170 614 79 19 kanske
261 618 56 16 ännu
329 615 63 24 nägot
403 622 47 13 mer.

240 644 41 19 Det
296 644 98 19 behöfves
410 645 17 24 ej
440 645 86 24 mycken
539 645 113 18 eftertanke
665 645 32 18 för
710 647 30 16 att
752 645 44 18 inse
808 646 30 17 att
851 650 77 13 samma

170 672 109 24 principer,
291 673 70 19 hvilka
372 674 168 24 nödvändiggöra
553 680 25 12 en
589 674 139 23 begränsning
740 674 23 17 af
773 673 74 19 liniens
860 674 68 18 dosse-

170 700 47 25 ring
235 701 36 19 vid
288 701 221 26 jernvägsbyggnader,
527 703 46 18 med
591 703 66 18 fördel
669 703 70 18 kunna
751 703 101 23 tillämpas
866 702 61 19 äfven

171 729 26 18 dä
215 729 60 25 fräga
292 734 23 15 är
333 737 32 12 om
378 735 69 20 vägar,
463 731 26 24 pä
501 731 70 18 hvilka
590 733 131 22 transporten
739 731 53 18 skall
803 731 36 18 ske
851 731 75 18 medels

171 758 92 24 dragare.
288 760 37 17 Att
337 760 134 23 vexlingarna
486 760 8 18 i
511 759 258 24 stigningsförhällandena
787 760 7 18 i
806 766 71 13 senare
890 760 37 18 fal-

171 787 29 18 let
216 787 71 19 kunna
304 794 50 13 vara
366 788 62 24 nägot
444 791 65 16 större
522 789 107 18 förändrar
640 789 45 18 icke
697 789 110 24 principen.
831 789 32 18 En
876 789 52 18 enda

172 816 61 18 brant
246 817 62 18 backe
320 817 26 24 pä
359 823 25 12 en
396 818 48 23 eljes
455 818 56 23 jomn
523 818 38 18 och
573 818 39 18 slät
624 821 41 20 väg
677 817 63 19 mäste
750 817 98 24 antingen
860 817 67 19 öfver-

171 845 80 18 höfvan
270 847 110 22 anstränga
399 847 98 23 dragaren
516 847 47 18 eller
579 847 36 18 ock
628 846 104 19 föranleda
746 846 181 24 oproportionerlig

172 873 120 24 minskning
304 875 23 18 af
337 875 63 18 lasset
412 875 33 18 för
456 875 45 19 hela
513 875 141 24 vägsträckan,
667 875 7 18 i
692 875 100 19 hvardera
804 875 58 18 fallet
873 875 54 18 med-

172 902 87 19 förande
271 903 77 18 känbar
360 903 76 20 förlust
447 904 32 18 för
491 904 128 19 trafikanten.

241 932 41 18 Det
294 937 61 19 synes
368 933 69 18 derför
449 939 49 12 vara
511 933 117 22 önskvärdt,
642 935 30 16 att
685 933 85 18 rörande
782 933 146 23 maximalstig-

170 960 76 23 ningar
265 961 31 18 för
308 967 42 18 nya
362 961 229 24 landsvägsbyggnader
610 961 128 19 föreskrifter
756 961 83 24 inginge
855 961 6 18 i
874 961 54 18 finsk

170 989 40 22 lag,
223 990 52 17 utan
287 991 30 16 att
330 989 58 18 dessa
400 990 129 18 föreskrifter
541 990 62 18 likväl
615 989 159 24 nödvändigtvis
784 990 86 18 behöfde
878 996 50 12 vara

170 1017 104 18 identiska
292 1017 32 18 för
340 1018 40 18 alla
397 1019 55 18 delar
464 1018 23 18 af
497 1019 73 18 landet.
595 1019 9 18 I
618 1019 117 23 aflägsnare,
748 1019 66 18 starkt
826 1018 103 24 kuperade

171 1045 141 25 skogsbygder
330 1047 58 18 torde
405 1049 89 16 tvärtom
510 1053 25 12 en
550 1047 62 24 nägot
630 1049 66 16 större
708 1047 92 24 stigning
812 1047 49 18 böra
873 1047 55 18 med-

170 1074 69 23 gifvas
253 1078 26 15 än
291 1077 13 16 t.
318 1081 29 12 ex.
360 1075 26 24 pä
398 1076 35 18 det
445 1076 159 18 österbottniska
615 1075 145 19 kustomrädet.

241 1103 32 18 Då
290 1103 7 18 i
315 1104 75 18 allmän
408 1105 38 22 lag,
462 1104 49 18 Nåd.
529 1105 154 23 Förordningen
701 1104 23 18 af
738 1105 39 18 den
791 1105 21 17 15
824 1105 46 18 Jan.
884 1105 45 17 1883

172 1133 10 19 8
200 1131 16 23 6,
230 1131 59 24 ingår
307 1131 106 20 föreskrift
425 1132 104 25 angående
540 1133 110 24 landsvägs
664 1133 67 23 bredd,
744 1133 58 18 torde
814 1135 29 16 ett
856 1133 73 23 tillägg

172 1159 31 18 till
223 1160 67 18 denna
306 1161 48 18 eller
367 1161 89 24 följande
466 1163 15 20 $,
493 1161 143 19 innehållande
654 1162 152 23 bestämningar
825 1161 104 24 angående

173 1189 94 24 stigning
279 1189 11 18 å
302 1190 104 23 landsväg,
420 1196 43 13 som
476 1191 106 18 framdeles
596 1191 82 24 bygges,
691 1191 43 18 icke
746 1191 70 18 kunna
830 1191 36 18 ske
878 1193 50 16 utan

173 1217 125 20 Ständernas
311 1219 128 18 medverkan.

243 1327 11 18 I
272 1327 48 18 flere
332 1327 110 19 utländska
454 1330 63 17 stater
530 1332 22 14 är
565 1329 116 24 byggandet
694 1329 23 17 af
727 1328 123 23 landsvägar
862 1328 68 18 antör-

173 1355 56 18 trodt
242 1355 22 18 ät
278 1356 96 18 särskildt
386 1356 71 19 härför
469 1357 104 18 utbildade
585 1357 100 18 fackmän.
699 1357 170 23 Oundgängligen
881 1357 50 18 nöd-

170 1384 88 23 vändigt
276 1390 60 18 synes
355 1391 49 12 vara
423 1388 30 15 att
471 1385 73 24 högsta
562 1386 110 23 ledningen
685 1385 34 19 vid
732 1386 59 17 dessa
804 1385 32 18 för
849 1385 34 18 det
895 1385 36 18 all-

170 1415 77 15 männa
260 1413 22 18 sä
294 1413 78 24 vigtiga
384 1413 80 24 företag
477 1414 60 19 äfven
549 1415 37 18 hos
600 1420 32 13 oss
646 1414 135 18 öfverlemnas
794 1413 21 19 ät
827 1419 103 18 personer,

172 1441 72 18 hvilka
259 1441 45 18 haft
317 1441 80 20 tillfälle
411 1445 29 16 att
452 1443 91 18 inhemta
555 1443 70 18 härför
637 1442 76 23 nödiga
726 1442 136 23 fackinsigter,
875 1442 56 24 isyn-
