1009 1656
433 292 246 38 Reservation

541 365 20 20 L

244 424 34 21 En
294 423 123 29 detaljiräga
432 424 67 21 sädan
515 424 42 21 den
573 431 35 14 om
625 424 96 28 förhöjda
737 424 74 27 anslag
822 424 33 21 för
866 424 61 28 poly-

171 460 98 21 tekniska
290 460 115 21 institutets
428 460 104 21 bibliotek
552 467 63 14 anser
631 461 36 27 jag
682 467 51 14 vara
749 460 21 21 af
786 460 42 21 den
843 460 84 21 beskaf-

171 495 79 28 fenhet,
266 497 30 20 att
311 495 41 23 den
376 496 104 27 knappast
496 496 121 21 föranleder
633 498 29 19 ett
677 496 110 21 uttalande
804 495 46 22 frän
866 495 60 22 Stän-

172 531 77 22 dernas
265 531 56 27 sida;
337 532 42 21 och
394 532 67 21 häller
475 532 36 27 jag
527 532 44 21 före
587 533 32 20 att
634 533 30 20 ett
679 531 75 22 sädant
771 531 108 22 uttalande
891 533 35 20 rö-

172 567 65 21 rande
261 567 26 22 de
309 568 78 21 äskade
407 568 114 27 anslagens
536 568 80 21 storlek
632 568 118 21 allraminst
766 568 42 21 kan
826 573 50 16 vara
890 567 36 28 pä-

172 603 78 27 kallad,
265 603 54 22 helst
335 603 32 28 dä,
387 603 70 22 säsom
475 604 36 27 jag
527 604 38 21 har
580 604 44 28 mig
640 603 85 28 bekant,
740 603 72 29 nägon
828 603 98 23 hemstäl-

172 639 36 21 lan
227 639 33 21 till
281 639 108 27 Styrelsen
404 640 8 20 i
428 640 57 21 detta
507 639 99 22 afseende
629 640 47 21 icke
697 640 138 21 härförinnan
858 640 66 27 gjorts

171 675 97 22 hvarken
289 675 45 21 frän
358 675 150 28 polytekniska
530 675 117 22 institutets
671 675 187 28 lärarekollegium
874 675 51 22 eller

172 710 47 21 frän
235 711 97 21 tekniska
347 711 137 28 föreningens
499 711 52 21 sida.

243 747 64 21 Hvad
323 746 135 22 bibliotekets
473 747 37 20 vid
525 747 150 28 polytekniska
685 747 107 21 institutet
802 747 124 28 förändring

172 782 32 21 till
219 784 30 19 ett
265 782 183 22 centralbibliotek
464 783 32 21 för
511 783 48 21 hela
574 783 74 21 landet
663 782 72 28 angär,
751 789 65 20 synes
832 783 36 21 det
882 783 44 27 mig

172 825 47 14 som
227 824 53 15 vore
295 817 74 29 frägan
379 818 7 21 i
395 818 70 21 denna
480 818 35 21 del
527 819 7 20 i
545 818 235 28 petitionsmemorialet
788 818 88 21 endasti
885 819 41 20 för-

173 853 105 28 bigäende
298 853 77 22 berörd
399 854 39 21 och
454 854 126 21 framträder
595 853 91 22 sälunda
701 854 7 20 i
725 853 131 28 fullkomligt
871 854 55 21 oför-

172 889 75 22 beredt
271 889 64 22 skick.
366 889 95 22 Sälunda
481 890 90 21 erhälles
594 889 47 22 icke
663 896 38 15 ens
724 896 27 15 en
772 889 96 27 antydan
888 896 35 15 om

173 925 56 21 huru
252 931 50 15 man
321 926 52 20 trott
388 925 32 27 sig
435 925 80 22 erhålla
531 925 58 21 lokal
605 925 32 21 för
653 925 35 22 det
703 925 110 21 blifvande
828 925 98 22 bibliote-

173 961 41 27 ket,
230 961 44 20 lika
289 961 45 21 litet
355 967 46 15 som
417 961 65 28 något
498 961 78 28 förslag
592 967 35 15 om
644 961 132 21 anställande
792 961 22 20 af
828 961 98 21 bibliote-

173 996 58 21 karie
248 996 51 22 eller
315 997 80 21 dennes
411 997 95 28 aflöning
521 997 86 21 lemnas.
638 996 55 22 Dei
709 996 145 22 betänkandet
864 997 64 20 fram-

173 1032 76 21 ställda
265 1032 127 28 påståenden
408 1033 7 20 i
431 1033 58 21 detta
504 1033 99 21 afseende
620 1033 73 20 kunna
704 1033 68 27 enligt
784 1032 45 21 min
840 1033 88 27 mening

173 1068 47 21 icke
237 1074 51 15 vara
303 1068 100 27 tillfylles.

245 1103 73 22 Under
333 1103 80 22 sädana
427 1104 147 21 förhällanden
589 1105 39 20 har
638 1105 37 27 jag
685 1105 51 20 trott
746 1104 46 28 mig
802 1103 53 22 böra
866 1103 62 22 vörd-

173 1141 55 19 samt
243 1139 77 22 föreslä

461 1171 33 20 att
508 1169 170 28 ifrägavarande
693 1169 96 28 petition
805 1169 36 27 för
856 1169 72 22 denna

387 1205 58 28 gång
460 1205 59 28 finge
534 1205 98 28 förfalla.

657 1245 25 24 H.
699 1245 25 24 E.
740 1245 115 29 Tallgren.

245 1312 12 21 I
273 1312 150 22 ofvanstäende
439 1313 131 21 reservation
586 1313 74 21 förena
675 1313 44 27 sig:

245 1370 70 23 Josua
330 1370 134 25 Johansson.
648 1371 25 23 H.
689 1371 25 23 E.
731 1369 125 30 Wegelius.

245 1406 28 24 K.
289 1406 33 23 W.
337 1406 110 24 Hollmön.
651 1407 24 23 F.
692 1406 32 23 W.
740 1405 142 30 Lagerstedt.
