1020 1656
278 118 277 23 Petitionsbetänkande
571 118 45 23 N:o
632 119 38 22 79.
824 121 27 20 15

173 191 78 27 Enligt
267 191 126 21 Utskottets
410 191 60 21 åsikt
485 197 53 15 vore
553 190 118 22 införande
685 190 25 22 af
718 190 87 22 direkta
815 191 37 21 val

101 227 8 21 i
125 226 165 23 Bondeståndet
306 226 19 28 ej
342 230 32 18 att
390 226 93 22 förorda.
510 226 45 22 Det
570 226 112 22 indirekta
698 227 105 21 valsättet
818 233 34 15 er-

102 263 78 27 bjuder
195 262 118 28 onekligen
330 264 72 20 större
418 262 113 28 garantier
543 262 35 22 för
588 264 34 20 att
632 262 65 22 valen
709 262 65 22 träffa
784 263 67 26 lämp-

103 298 44 28 liga
166 304 113 21 personer,
299 300 54 20 enär
372 298 65 22 valen
453 298 92 22 omfatta
561 298 50 22 hela
627 298 125 28 domsagan,
770 298 39 21 och
825 298 27 22 de

103 334 102 28 väljande
220 334 8 21 i
243 334 77 26 hvarje
342 334 101 21 kommun
459 334 7 21 i
483 334 77 27 regeln
584 334 18 27 ej
626 334 134 27 tillräckligt
780 334 73 21 känna

103 370 28 22 de
152 370 58 22 inom
227 370 27 22 de
270 370 69 21 andra
362 370 157 22 kommunerna
541 370 87 22 bosatta
647 370 206 27 landtdagsmanna-

104 406 165 22 kandidaterna.
300 406 41 22 Om
364 406 42 21 den
430 405 126 28 föreslagna
576 406 161 27 utvidgningen
755 406 25 21 af
796 407 56 20 röst-

103 444 74 20 rätten
192 442 8 21 i
215 441 166 22 Bondeståndet
404 442 98 21 kommer
525 442 36 22 till
584 441 72 25 stånd,
681 441 118 22 förefinnes
818 441 36 21 för

105 478 67 27 öfrigt
196 478 69 27 enligt
286 477 126 22 Utskottets
436 478 67 21 tanke
520 478 25 21 så
561 478 88 26 mycket
665 480 73 19 större
753 478 50 21 skäl
818 477 36 22 för

104 514 154 22 bibehållande
285 513 23 21 af
332 513 37 21 det
388 513 125 22 medelbara
529 513 111 22 valsättet.
672 513 74 22 Också
760 513 40 21 har
816 513 39 22 det

105 550 57 21 inom
184 549 166 22 Bondeståndet
371 548 62 28 själft
449 550 80 21 väckta
545 548 215 28 petitionsförslaget
776 549 78 22 endast

105 586 59 22 velat
180 585 66 22 hafva
262 585 42 22 den
320 584 80 22 reform
417 585 135 27 genomförd,
569 586 33 20 att
605 584 165 28 elektorernas
794 585 59 21 antal

105 622 53 21 ökas
174 621 51 22 från
241 628 27 15 en
285 621 27 27 på
329 622 65 26 2,000
411 621 35 21 till
457 627 27 15 en
496 621 28 27 på
535 622 63 27 1,000
610 627 112 21 personer.
739 621 114 22 Utskottet

105 658 40 21 har
168 656 73 22 funnit
265 657 60 21 detta
348 656 84 28 förslag
453 656 96 28 förtjena
565 652 131 37 beaktande,
714 657 71 21 såsom
801 659 52 19 utan

105 693 80 22 tvifvel
204 692 136 28 bidragande
360 692 35 22 till
410 695 33 19 att
459 692 55 22 lifva
529 692 38 22 det
582 692 106 27 politiska
704 693 106 21 intresset
825 692 29 27 på

105 729 158 27 landsbygden.

240 819 20 21 4.
292 818 148 28 Förtydligande
457 818 20 22 af
494 818 19 22 L.
531 818 32 22 0:s
580 818 135 28 stadganden.

176 872 24 22 L.
217 872 38 22 O:s
271 872 164 27 bestämningar
451 872 7 21 i
476 874 26 19 11
519 872 13 28 &
548 878 34 15 om
597 872 84 22 valrätt
696 872 8 21 i
715 872 139 22 Prestestän-

105 908 38 22 det
164 910 44 26 äro,
231 908 71 22 säsom
322 908 147 26 petitionären
488 908 27 21 hr
533 908 111 26 Wegelius
661 907 127 27 framhällit,
805 908 50 21 icke

105 943 58 30 fullti
179 944 85 27 tydliga
287 944 40 21 och
350 943 66 22 hafva
440 943 59 22 varit
519 943 92 21 föremål
627 942 35 22 för
678 944 60 20 olika
752 943 103 27 tolkning

105 980 40 22 och
160 980 140 26 tillämpning
316 981 56 20 samt
388 978 65 23 deraf
466 979 135 21 härrörande
618 978 170 28 förvecklingar.
814 980 40 21 Ut-

106 1016 84 21 skottet
205 1016 40 21 har
262 1016 48 21 icke
327 1015 37 21 vid
379 1015 162 27 behandlingen
558 1014 24 22 af
595 1015 81 27 nädiga
692 1015 162 27 propositionen

105 1051 35 22 till
162 1051 149 22 innevarande
334 1051 119 27 Landtdag
475 1057 34 15 om
533 1051 95 26 ändring
651 1050 24 21 af
699 1053 26 19 11
749 1050 13 29 &
780 1051 25 21 L.
823 1051 31 27 O,

105 1087 92 22 hvilken
221 1087 135 27 proposition
378 1093 40 16 var
439 1087 106 27 betingad
560 1087 140 22 uteslutande
716 1086 25 22 af
754 1087 42 21 den
812 1093 43 21 nya

106 1123 211 27 stiftsindelningen,
332 1123 85 22 kunnat
433 1125 52 25 taga
500 1123 8 21 i
524 1122 164 28 öfvervägande
703 1123 151 21 ändamälsen-

106 1159 98 27 ligheten
225 1159 25 22 af
263 1165 28 16 en
306 1159 95 27 ändring
417 1159 67 22 äfven
500 1159 8 21 i
524 1159 68 21 andra
608 1159 62 21 delar
687 1159 24 21 af
725 1159 93 21 nämnda
834 1158 20 29 8,

105 1197 53 19 utan
174 1197 74 20 ansett
269 1195 71 22 denna
361 1194 63 28 fräga
447 1195 55 21 böra
524 1195 120 21 behandlas
669 1195 7 20 i
699 1195 157 26 sammanhang

106 1231 49 21 med
178 1230 72 28 öfriga
273 1230 196 27 petitionsförslag,
487 1230 117 27 äsyftande
620 1230 120 27 ändringar
755 1230 8 21 i
779 1230 23 21 L.
820 1229 35 22 O:s

106 1266 137 27 stadganden
259 1273 33 15 om
308 1267 66 21 valen
390 1267 34 21 till
441 1266 27 22 de
485 1266 82 22 ofrälse
582 1266 99 22 ständen.

177 1302 44 22 Det
237 1302 24 21 af
274 1303 174 26 petitionärerna
463 1301 102 28 åsyftade
584 1302 115 27 uttrycket
722 1302 7 21 i
755 1304 25 19 11
805 1301 12 28 &
843 1303 10 18 1

106 1343 60 16 mom.
188 1338 98 27 stiftets
303 1338 49 21 med
367 1338 111 21 ordinarie
495 1339 85 21 embete
596 1338 56 21 eller
667 1338 69 27 tjenst
752 1337 103 22 försedda

106 1375 125 25 prestmän*
250 1373 40 22 har
306 1374 47 21 dels
369 1373 83 22 tolkats
469 1374 31 27 sä,
517 1375 33 20 att
569 1374 78 21 endast
671 1375 112 25 prestmän
807 1373 49 21 med

106 1409 111 22 ordinarie
237 1409 132 28 presttjenst
388 1411 85 20 ansetts
489 1410 54 21 höra
558 1410 33 21 till
614 1410 179 26 presterskapets
809 1409 46 21 val-

177 1456 126 23 Lagutskottets
316 1457 106 18 betänkande
435 1457 34 18 N:c
483 1458 30 18 16.
