1023 1656
297 169 315 29 Petitionsmemorial.

218 232 118 35 Prestest.
589 234 45 22 N:o
651 234 37 22 63.

216 578 49 19 Till
280 578 40 19 det
336 578 153 25 högvördiga
504 576 197 21 Presteständet.

150 655 78 20 Säsom
248 656 68 19 kändt
330 656 66 19 hafva
411 661 17 14 s.
444 656 19 19 k.
479 656 170 26 proportionella
664 656 35 19 val
713 656 121 19 förvärfvat

79 683 35 24 sig
128 683 79 19 talrika
226 684 125 22 anhängare
372 683 65 19 äfven
453 683 6 19 i
474 682 49 21 värt
537 684 58 24 land,
611 683 40 21 och
665 682 38 20 det
716 682 56 20 lärer
786 682 48 20 icke

80 710 74 19 kunna
175 710 110 24 förnekas,
307 710 33 19 att
362 708 82 21 sädana
466 710 43 22 val,
530 710 135 20 ätminstone
687 709 68 20 under
775 709 59 19 vissa

79 737 184 23 förutsättningar
285 737 39 19 och
347 742 36 14 om
402 737 26 19 de
450 737 105 20 förrättas
574 738 69 19 under
657 736 141 24 iakttagande
813 736 23 19 af

80 763 189 25 ändamålsenliga
288 764 172 23 bestämningar,
479 764 75 20 kunna
569 764 49 20 leda
632 764 34 19 till
681 764 25 19 de
721 764 59 18 mest
794 762 40 20 till-

80 790 168 20 fredsställande
263 790 99 20 resultat.
390 790 10 20 I
415 790 93 20 Finland
523 792 39 19 har
577 792 33 19 ett
625 791 82 19 valsätt
722 790 23 20 af
758 788 76 25 ifräga-

82 818 92 19 varande
185 818 48 24 slag
243 818 94 19 kommit
347 817 33 19 till
390 818 144 24 användning
545 818 35 20 vid
590 818 166 20 universitetets
766 816 68 20 landt-

80 844 185 24 dagsmannaval;
286 845 39 19 och
345 844 37 20 det
401 850 67 18 synes
484 850 53 14 vara
551 845 122 24 uppenbart
687 845 34 19 att
733 844 47 24 just
794 844 40 19 hos

80 872 26 18 de
123 871 206 25 valkorporationer,
344 876 48 14 som
415 876 41 19 ega
478 873 49 19 utse
548 872 170 24 landtdagsmän
733 872 7 18 i
754 871 80 24 preste-

81 897 94 25 ständet,
190 898 118 20 förefinnas
324 898 25 19 de
365 898 63 20 bästa
443 899 40 19 och
498 899 65 19 flesta
577 898 215 24 förutsättningarna
801 898 33 18 för

80 925 34 19 att
128 925 170 24 proportionella
312 925 36 19 val
362 925 76 19 kunna
451 926 51 19 med
518 926 83 19 största
615 926 89 24 möjliga
714 924 70 20 fördel
794 924 39 20 och

80 952 84 19 minsta
186 952 89 24 möjliga
296 952 117 24 olägenhet
434 952 115 20 anställas.
578 952 83 25 Möjligt
682 954 23 18 är
724 952 61 22 dock,
801 951 33 19 att

80 979 61 19 detta
161 979 83 19 valsätt
265 979 70 19 skulle
357 979 75 19 kunna
454 980 49 19 med
525 980 69 19 fördel
615 979 113 20 användas
747 978 87 20 äfven
821 974 18 34 i

81 1006 69 23 öfriga
164 1004 71 21 stånd.
250 1016 19 2 —
284 1006 50 19 Som
350 1006 120 19 emellertid
485 1006 171 24 minoritetsva],
671 1011 80 19 genom
766 1006 32 18 ett
812 1005 24 19 af

81 1032 86 19 landets
189 1033 79 23 högsta
289 1033 96 18 domstol
406 1033 125 19 meddeladt
553 1033 80 24 utslag,
652 1033 117 19 förklarats
787 1031 47 20 icke

81 1059 243 20 Ofverensstämmande
346 1059 49 20 med
417 1059 25 20 de
464 1060 150 23 grundsatser,
637 1065 48 14 som
702 1059 88 19 tillhöra
804 1064 30 14 nu

81 1086 101 23 gällande
197 1086 22 19 L.
234 1086 30 24 O.,
275 1091 51 14 vore
341 1091 25 14 en
383 1086 164 24 lagförändring
557 1087 6 18 i
575 1085 79 21 sädant
668 1087 58 23 syfte
742 1085 92 24 önsklig,

81 1113 33 19 att
125 1113 229 24 valkorporationerna
369 1113 58 19 inom
444 1113 164 24 presteständet
617 1113 71 20 blefve
700 1112 134 24 berättigade

81 1140 39 23 att,
135 1140 37 19 der
187 1139 25 20 de
229 1139 79 20 sädant
322 1140 56 24 ville,
390 1140 86 19 besluta
493 1140 33 19 till
537 1141 135 24 valordning,
683 1139 151 20 innefattande

83 1166 165 24 bestämningar
267 1172 35 14 om
322 1166 166 24 ifrägavarande
509 1167 94 20 valsätts
625 1167 154 23 användande;
795 1166 40 19 och

82 1193 36 19 det
132 1195 24 18 är
170 1193 33 19 för
218 1199 26 14 en
260 1193 92 24 petition
367 1199 35 14 om
418 1193 82 25 förslag
510 1194 34 19 till
555 1194 42 19 slik
607 1194 169 24 lagförändring,
787 1198 49 15 som

80 1220 180 19 undertecknade
276 1220 86 24 utbedja
378 1221 33 23 sig
425 1221 37 18 det
476 1221 141 24 Högvördiga
627 1220 103 20 Ständets
740 1220 95 19 medver-

81 1247 49 18 kan.
155 1247 43 19 Och
214 1246 71 20 tilläta
300 1247 21 19 vi
336 1253 36 14 oss
388 1248 33 18 att
435 1247 7 19 i
456 1246 79 21 sädant
549 1247 102 20 afseende
666 1246 122 25 framhälla,
804 1247 32 18 att

81 1279 48 14 som
146 1273 125 20 fördelarna
286 1274 23 19 af
322 1274 61 19 detta
397 1274 84 19 valsätt
496 1276 37 18 äro
547 1275 8 18 i
569 1275 43 24 hög
627 1275 51 24 grad
694 1274 106 20 beroende
815 1273 24 19 af

80 1300 42 19 den
138 1301 199 23 omständigheten,
358 1301 33 19 att
410 1301 25 19 de
455 1301 172 25 bestämningar,
643 1307 48 14 som
707 1301 51 24 ingä
772 1301 7 19 i
794 1301 42 19 val-

80 1327 129 24 ordningen,
225 1327 112 24 verkligen
356 1330 38 17 äro
414 1327 195 26 ändamålsenliga,
625 1327 67 21 sådan
708 1328 129 23 valordning

81 1353 47 20 icke
144 1359 67 18 gerna
226 1354 72 20 kunde
312 1353 23 20 få
346 1359 52 14 vara
413 1355 107 19 beroende
535 1355 56 20 blott
601 1355 23 20 af
633 1355 140 21 valmännen,
784 1355 52 19 utan

81 1381 99 18 tarfvade
196 1381 140 19 stadfästelse
352 1381 22 19 af
388 1381 62 20 Hans
466 1381 122 25 Kejserliga
602 1382 107 24 Majestät.
733 1381 57 20 Från
804 1381 33 20 de-

80 1407 105 24 taljerade
200 1407 83 24 förslag
298 1408 6 19 i
319 1408 61 19 detta
394 1408 104 19 afseende
513 1409 76 19 kunna
603 1409 22 19 vi
639 1409 54 19 dock
708 1407 25 21 så
747 1408 90 25 mycket

80 1433 67 20 hellre
158 1433 65 25 afstå,
235 1439 47 14 som
294 1435 120 19 initiativet
424 1435 34 19 till
468 1435 213 24 grundlagsändring
692 1435 73 20 tillhör
775 1435 62 20 Hans
