1023 1653
265 118 280 22 Petitionsbetänkande
560 117 45 23 N:o
621 118 39 22 45.
835 120 13 18 9

94 191 68 20 sådan
184 191 42 20 den
251 192 31 22 är,
298 191 75 20 kunde
390 191 36 20 det
442 191 180 20 sakförhållande
638 191 107 25 åberopas
761 191 32 19 att
808 190 40 20 tvi-

94 228 44 19 ster
160 227 138 20 beträffande
322 226 95 21 artistisk
442 227 131 25 eganderätt
589 226 54 21 eller
658 226 113 26 klagomål
787 225 63 20 öfver

95 261 89 27 intrång
200 264 28 24 på
244 262 74 21 denna
334 263 44 19 rätt
392 262 70 21 sedan
478 263 78 25 lagens
573 262 104 21 stiftande
693 263 109 24 knappast
817 261 32 20 fö-

93 298 123 21 rekommit.
248 299 53 20 Men
325 304 36 14 om
386 299 40 20 ock
450 299 60 19 detta
525 299 94 23 bevisar,
637 300 32 18 att
684 298 66 26 lagen
767 298 24 20 är
806 297 42 20 för-

94 333 117 25 tjenstfullt
226 334 99 23 affattad,
342 335 42 19 och
400 335 29 19 än
445 340 48 14 mer
508 336 33 18 att
557 334 74 20 denna
646 334 38 25 lag
699 334 63 19 aktas
774 333 40 20 och
826 332 26 21 af

94 369 212 21 rättsmedvetandet
328 371 116 24 uppbäres,
468 370 65 25 följer
553 369 68 20 häraf
639 370 56 20 dock
716 370 19 24 ej
753 371 33 18 att
800 369 48 19 icke

94 406 58 20 vissa
168 406 138 25 stadganden
322 406 7 19 i
345 406 131 20 densamma
492 406 74 19 kunde
578 411 81 20 genom
672 405 178 24 ändamålsenlig

94 441 127 26 utveckling
243 441 68 20 blifva
335 442 60 19 ännu
418 447 62 14 mera
496 441 191 20 tillfredställande
704 442 146 19 rättsnormer

94 477 34 20 för
150 477 130 20 hithörande
302 477 160 20 förhållanden.
495 477 50 20 Icke
562 477 55 20 blott
633 477 27 20 de
676 477 103 20 bildande
794 476 55 20 kon-

94 515 80 21 sterna,
191 518 52 14 men
259 513 66 19 äfven
341 513 151 24 konstslöjden
509 513 42 19 och
568 513 27 19 de
610 513 174 25 industrigrenar
800 517 47 15 som

94 548 185 26 förmångfaldiga
302 549 126 23 konstverk,
452 548 69 20 hafva
536 548 71 20 under
624 548 42 20 den
683 549 88 19 senaste
787 547 61 21 tiden

95 585 57 25 gjort
167 585 139 25 mångsidiga
322 584 112 26 framsteg.
461 585 33 20 De
511 585 146 20 ekonomiska
671 585 116 22 intressen,
800 589 47 15 som

94 620 52 20 bero
162 620 25 20 af
200 620 64 20 dessa
286 620 120 24 arbetsfält,
424 621 37 19 äro
478 621 6 19 i
500 620 80 25 sjelfva
595 621 77 19 verket
687 620 69 20 redan
771 621 25 19 så
811 620 37 19 be-

95 656 103 25 tydande,
215 658 32 17 att
262 656 137 25 lagstiftaren
416 656 40 20 har
472 656 48 20 skäl
537 658 32 17 att
585 656 80 20 beakta
681 656 120 20 desamma.

163 691 143 20 Direktionen
328 691 104 20 omfattar
456 691 74 20 därför
553 691 43 20 den
613 691 57 20 åsikt
685 693 32 18 att
733 691 62 26 giltig
810 696 38 15 an-

95 727 91 25 ledning
201 726 120 21 förefinnes
336 727 33 19 till
386 732 27 15 en
429 727 185 25 ständerpetition
625 727 116 26 åsyftande
752 726 96 21 revision

96 761 24 20 af
135 763 55 19 1880
207 763 35 19 års
258 762 177 26 lagstadganden
451 763 138 20 beträffande
607 763 43 20 den
661 763 109 20 artistiska
782 767 67 20 egan-

96 797 106 24 derätten,
226 798 102 20 särskildt
344 798 6 19 i
367 798 27 20 de
418 798 60 20 delar
494 804 48 14 som
559 798 25 20 af
597 799 57 19 Herr
669 798 94 20 Edelfelt
777 797 72 21 blifvit

95 833 133 20 framhållna
243 834 6 19 i
265 833 69 20 första
350 834 42 19 och
407 834 70 25 tredje
493 835 126 24 punkterna
637 834 25 20 af
670 835 56 19 hans
736 833 113 26 petitions-

96 869 120 20 memorial.

248 947 81 20 Finska
345 947 216 26 Konstföreningens
578 947 114 20 direktion.

400 981 18 22 L.
436 982 102 21 Mechelin.

593 1048 20 21 J.
631 1048 22 21 J.
672 1048 116 21 Tikkanen.

165 1083 138 26 Helsingfors
320 1083 44 20 den
381 1085 27 18 20
425 1084 61 25 April
505 1086 62 18 1897.

168 1189 28 20 Sä
212 1190 46 19 vidt
273 1191 111 20 Utskottet
402 1191 40 20 har
462 1191 33 26 sig
511 1191 89 23 bekant,
618 1192 29 22 är,
664 1193 29 23 pä
708 1192 43 19 sätt
764 1191 86 24 jämväl

96 1231 25 13 ur
144 1225 56 20 bäde
223 1225 184 21 remissdebatten
432 1227 40 19 och
496 1226 216 26 Konstföreningens
729 1226 121 20 direktions

95 1261 113 20 utlåtande
228 1261 104 26 framgår,
355 1261 43 20 den
418 1261 129 26 ifrågasatta
563 1261 111 21 reformen
691 1263 46 19 icke
755 1261 95 20 omedel-

95 1297 49 19 bart
166 1297 104 24 påkallad
291 1297 25 20 af
334 1299 70 23 något
423 1298 96 19 konkret
537 1297 100 24 rättsfall,
655 1298 75 19 därvid
746 1297 104 26 gällande

96 1332 36 24 lag
147 1332 7 19 i
170 1332 82 23 ämnet,
269 1332 19 20 d.
306 1338 19 13 v.
343 1338 16 14 s.
376 1332 82 26 nådiga
474 1332 159 26 förordningen
649 1332 25 20 af
687 1333 43 19 den
749 1334 25 18 15
790 1338 60 14 mars

98 1369 55 17 1880
170 1368 69 19 skulle
256 1368 56 20 visat
328 1368 34 24 sig
378 1368 222 20 otillfredsställande.
633 1369 49 19 Den
697 1368 92 20 afsedda
805 1368 45 25 lag-

95 1402 219 26 stiftningsåtgärden
332 1403 84 25 åsyftar
432 1404 7 18 i
457 1403 94 21 främsta
566 1406 97 18 rummet
679 1405 32 19 att
725 1404 126 24 förebygga

166 1448 108 19 Allmänna
283 1449 183 22 petitionsutskottets
480 1449 117 19 betänkande
610 1450 37 17 N:o
659 1450 29 17 25.
