1000 1656
204 116 14 20 4
372 114 256 23 Petitionsbetänkande
644 114 39 23 N:o
699 114 35 22 53.

176 185 72 29 åsyfta
269 193 26 14 en
317 186 126 29 fullständig
458 187 96 21 revision
570 186 22 22 af
607 186 49 22 hela
672 186 254 28 alkohollagstiftningen,

174 221 93 22 hvarvid
288 221 69 22 tillika
372 221 42 22 den
430 229 74 15 senare
521 222 143 29 petitionären
681 222 78 21 önskar
774 222 96 28 tillämpa
884 222 42 21 för-

174 257 143 29 ordningarna
338 258 110 28 angående
469 258 83 22 brända
572 258 40 21 och
628 257 136 23 destillerade
781 257 146 29 spritdrycker

176 293 58 29 uppå
257 293 97 29 samtliga
375 294 134 28 rusdrycker,
525 307 28 3 —
570 294 113 22 äfvensom
703 294 105 28 inrymma
829 293 23 22 åt
866 294 60 21 kom-

174 336 104 14 munerna
293 328 169 23 beslutanderätt
477 330 110 28 angående
602 330 169 28 tillämpningen.

245 364 36 22 De
296 366 8 20 i
319 365 63 22 dessa
398 367 77 20 ämnen
490 366 103 21 utkomna
609 366 152 28 författningar
775 367 36 20 äro
822 365 102 29 följande:

247 402 33 20 1:o
296 401 134 30 Förordning
451 402 109 29 angående
582 402 141 29 tillverkning
739 401 40 22 och
794 401 132 30 destillering

175 436 23 21 af
212 436 91 23 bränvin
319 437 23 22 af
357 437 42 22 den
416 439 12 20 9
444 438 44 28 juni
506 439 63 20 1892.

246 474 34 20 2:0
304 473 135 28 Förordning
464 473 109 29 angående
597 473 135 29 försäljning,
758 473 90 29 forsling
871 476 55 19 samt

175 508 80 29 upplag
271 509 22 21 af
308 508 91 22 bränvin
415 509 41 22 och
471 509 67 22 andra
553 509 82 22 brända
651 509 52 22 eller
715 509 136 22 destillerade
862 510 64 28 sprit-

174 544 93 29 drycker
281 545 23 21 af
319 553 81 13 samma
416 545 78 22 datum.

246 581 34 21 3:0
302 580 134 29 Förordning
460 581 109 29 angående
590 581 151 28 denaturering
759 580 23 21 af
797 580 90 23 bränvin
902 581 24 21 af

173 615 43 22 den
232 617 28 21 20
276 616 94 22 februari
387 618 63 21 1893.

246 653 35 20 4:0
301 652 134 29 Förordning
456 653 110 28 angående
582 653 127 28 försäljning
725 652 39 22 och
781 652 144 29 utskänkning

174 687 23 22 af
218 688 144 29 maltdrycker
384 689 23 21 af
422 689 42 22 den
480 691 13 20 2
510 689 54 28 april
582 690 56 21 1883
654 689 66 28 jämte
735 688 151 29 förändringen
902 688 22 21 af

174 723 42 22 den
233 725 13 20 3
262 725 45 27 juni
325 725 55 20 1892
398 725 40 21 och
455 726 27 20 10
498 725 55 28 april
571 726 63 21 1895.

247 761 34 20 5:0
301 759 135 30 Förordning
457 760 110 29 angående
583 761 59 22 vissa
656 760 180 29 inskränkningar
850 761 7 20 i
872 760 52 21 han-

173 794 50 22 deln
246 795 51 22 med
320 796 60 21 viner
403 796 41 22 och
467 796 65 22 andra
555 804 88 21 svagare
665 795 129 30 rusdrycker
815 795 23 22 af
853 795 40 22 den
910 797 13 20 2

173 831 41 28 maj
233 831 64 21 1895.

246 868 34 20 6:0
300 867 135 29 Förordning
456 867 109 30 angående
582 867 101 22 tillåtelse
698 868 8 21 i
721 868 58 21 vissa
794 867 130 29 undantags-

173 901 39 22 fall
233 902 36 21 för
289 903 78 21 handel
389 903 28 28 på
438 903 73 22 landet
526 903 50 22 med
592 904 119 28 spritvaror
726 903 40 22 och
782 903 143 28 maltdrycker

173 937 23 22 af
211 938 43 21 den
271 939 12 20 9
299 939 45 28 juni
362 940 62 21 1892.

245 973 76 22 Såsom
342 975 62 21 häraf
423 975 93 29 framgår
538 977 36 20 äro
597 975 99 28 samtliga
719 975 62 21 dessa
804 974 120 22 förordnin-

172 1017 40 20 gar
232 1010 75 21 endast
329 1011 66 20 sedan
418 1011 64 28 högst
504 1012 12 20 5
534 1011 24 21 år
574 1011 7 21 i
597 1011 33 21 sin
646 1009 126 24 nuvarande
787 1010 55 21 form
858 1011 7 20 i
880 1010 45 29 gäl-

172 1045 64 22 lande
252 1045 64 22 kraft.

245 1081 41 21 Att
301 1081 45 28 vid
367 1085 59 18 snart
448 1082 62 28 sagdt
532 1082 75 28 hvarje
629 1081 104 28 landtdag
754 1081 51 28 vilja
821 1081 60 21 stifta
896 1089 29 20 ny

173 1116 35 29 lag
224 1117 62 22 öfver
302 1120 31 18 ett
348 1117 46 22 helt
409 1117 87 22 område
512 1118 23 21 af
551 1117 42 22 den
610 1117 140 22 ekonomiska
760 1117 168 28 lagstiftningen,

172 1151 74 22 kunde
268 1153 7 20 i
297 1152 37 22 det
355 1155 107 20 närmaste
483 1153 117 22 betecknas
623 1153 71 22 såsom
710 1152 218 29 lagstiftningssjälfs-

174 1187 58 22 våld.
264 1188 53 22 Man
332 1189 43 21 kan
390 1189 49 21 med
456 1189 46 22 skäl
518 1189 74 22 fordra
607 1191 32 20 att
656 1196 27 14 en
699 1189 87 28 opinion
797 1188 54 21 skall
862 1188 65 21 hafva

173 1225 78 20 vunnit
273 1225 75 28 stadga
370 1225 40 21 och
426 1226 56 27 gjort
497 1226 33 27 sig
546 1225 98 29 gällande
661 1224 68 22 under
745 1232 26 13 en
786 1224 72 29 längre
874 1223 53 22 tids-

173 1260 82 27 period,
270 1261 65 20 innan
351 1260 42 22 den
408 1261 43 21 kan
468 1263 62 26 sägas
546 1261 66 22 hafva
627 1259 149 30 berättigande
790 1263 32 18 att
833 1261 50 27 göra
895 1260 32 28 sig

172 1295 99 28 gällande
287 1296 8 20 i
309 1296 169 29 lagstiftningen.

244 1331 37 21 Nu
304 1331 164 29 ifrågavarande
492 1332 152 29 förordningar
668 1333 36 20 äro
728 1331 118 22 emellertid
866 1331 22 21 af
904 1331 24 21 så

172 1369 54 26 ungt
247 1367 79 26 datum,
348 1370 32 19 att
400 1367 136 22 beträffande
553 1368 61 21 deras
632 1367 130 28 värkningar
777 1367 63 28 ingen
856 1367 71 21 öfver-

173 1401 86 30 skådlig
280 1403 122 22 erfarenhet
425 1403 119 29 föreligger,
566 1403 42 22 och
627 1403 146 28 opinionerna,
791 1402 135 22 beträffande

244 1444 207 19 Ekonomiutskottets
466 1445 126 18 betänkande
605 1445 38 18 N:o
656 1445 33 18 25.
