1025 1656
168 122 13 19 4
356 120 279 23 Petitionsbetänkande
650 121 46 22 N:o
711 121 38 22 42.

167 199 29 14 en
209 191 81 29 judisk
308 192 132 29 befolkning
456 193 124 22 härstädes.
612 193 82 29 Enligt
709 193 94 22 åttonde
819 193 104 28 punkten

167 227 7 22 i
191 227 165 30 förordningen
379 228 26 21 af
426 229 44 20 den
493 231 27 19 29
537 229 61 21 Mars
616 231 57 20 1858
690 229 51 22 blef
753 229 40 21 det
807 229 116 28 nämligen

168 263 85 22 tillåtet
276 263 36 22 för
334 264 123 22 afskedade
477 265 71 28 ryska
563 265 101 22 soldater
679 265 43 22 och
738 267 111 20 matroser
865 267 58 20 samt

168 299 71 22 enkor
264 300 41 21 och
328 300 56 21 barn
407 299 58 22 efter
481 301 80 28 dylika
577 300 117 29 krigsmän
710 303 41 24 att,
767 303 42 19 när
825 301 27 22 de
867 307 55 16 voro

168 335 110 22 försedda
301 336 52 21 med
371 336 171 22 vederbörande
558 337 70 28 ryska
644 337 163 21 auktoriteters
823 336 100 22 afskeds-

168 371 57 26 bref,
250 371 147 30 förpassning
421 372 55 21 eller
496 372 135 29 resebiljett,
648 373 73 20 under
736 372 147 29 iakttagande
900 371 26 22 af

168 407 61 22 vissa
253 407 150 22 formaliteter
425 408 72 22 vistas
512 408 9 21 i
536 408 79 21 landet
631 408 42 21 och
691 408 35 29 sig
741 408 118 21 härstädes
879 407 44 22 för-

169 443 67 28 sörja,
262 443 94 22 hvilken
379 443 108 22 tillåtelse
504 444 71 21 likväl
592 444 80 21 endast
689 444 66 28 gälde
772 446 25 19 så
812 444 67 29 länge
895 444 28 21 de

168 479 50 21 icke
234 479 122 22 beträddes
380 480 52 21 med
448 480 82 29 tiggeri
547 480 55 21 eller
618 480 70 22 andra
704 479 149 29 förbrytelser
869 479 54 22 eller

169 515 100 22 saknade
293 515 52 29 laga
368 515 157 29 näringsfäng,
546 516 7 21 i
569 516 95 21 hvilken
680 515 109 22 händelse
805 516 28 21 de
850 515 73 22 skulle

169 558 83 21 genom
268 551 100 28 polisens
384 551 90 29 försorg
491 552 131 21 återsändas
638 551 35 22 till
690 551 123 29 Ryssland.
844 552 79 21 Ehuru

169 587 75 21 denna
267 586 140 30 förordning,
432 595 48 14 som
503 588 7 21 i
534 587 124 22 allmänhet
682 587 135 22 förutsätter
839 590 33 19 att
888 587 35 26 de,

169 622 79 22 hvilka
268 625 30 26 på
321 623 74 29 grund
411 623 27 22 af
451 624 131 21 densamma
597 623 57 29 vilja
670 623 130 29 qvarblifva
815 623 8 22 i
839 623 84 26 landet,

169 658 69 22 äfven
263 659 77 21 kunna
363 659 118 21 härstädes
504 660 70 20 vinna
590 659 191 29 medborgarrätt,
797 659 126 29 uppenbar-

169 694 62 29 ligen
246 694 51 22 icke
313 694 60 22 afser
388 695 70 28 ryska
474 695 100 21 soldater
585 694 26 22 af
619 694 100 22 mosaisk
731 695 192 26 trosbekännelse,

168 731 42 21 har
233 731 92 21 likvisst
349 731 51 21 med
423 731 147 29 tillämpning
594 730 26 22 af
642 731 132 21 densamma
795 738 29 14 en
839 730 85 29 mängd

169 766 125 22 afskedade
317 767 70 28 ryska
406 766 100 22 soldater
522 767 42 21 och
580 766 136 22 underbefäl
729 766 73 29 jemte
818 766 105 29 familjer,

169 802 151 22 bekännande
336 802 35 28 sig
387 802 36 21 till
438 802 99 22 nämnda
552 802 165 28 religionslära,
733 802 41 22 här
790 802 78 22 blifvit
886 802 38 21 bo-

168 838 70 26 fasta;
264 839 42 21 och
330 841 25 18 är
378 838 39 21 det
440 838 159 28 förnämligast
621 840 30 27 på
667 838 64 21 detta
747 840 52 24 sätt,
816 845 49 14 som
881 838 43 21 den

169 876 59 20 mest
250 874 8 22 i
282 874 105 22 städerna
403 874 153 28 Helsingfors,
572 867 52 28 Åbo
641 874 42 21 och
700 874 97 28 Wiborg
813 873 111 22 förekom-

169 910 83 22 mande
266 910 94 28 judiska
375 910 166 28 befolkningen
556 912 112 26 uppstått.
678 910 21 28 *)

242 946 76 21 Sedan
334 946 113 28 styrelsen
463 953 83 21 genom
563 948 28 18 24
607 946 14 28 8
637 945 8 21 i
661 945 165 29 förordningen
841 945 26 21 af
881 945 43 21 den

169 984 29 19 24
214 982 111 21 Februari
343 984 56 18 1868
416 982 118 28 angående
550 981 84 22 handel
650 982 43 21 och
709 982 107 28 näringar
832 980 93 29 bemyn-

170 1018 75 28 digats
263 1019 34 19 att
312 1017 109 22 förordna
437 1024 37 14 om
490 1018 44 20 den
549 1017 148 29 näringsrätt,
715 1024 48 14 som
779 1016 146 22 tillkomme
911 1012 18 39 i

169 1053 73 29 tjenst
258 1053 99 21 varande
373 1055 60 20 samt
448 1053 120 21 afskedadt
585 1053 43 21 och
643 1052 161 29 permitteradt
815 1052 109 29 manskap

168 1089 40 21 vid
232 1089 45 21 den
300 1089 7 21 i
331 1089 99 21 Finland
446 1088 104 29 förlagda
566 1089 70 28 ryska
651 1088 122 26 militären,
792 1087 132 22 utfärdades

169 1124 166 29 förordningen
358 1124 27 22 af
405 1125 44 21 den
473 1127 27 19 30
524 1124 57 23 Juni
599 1126 64 24 1869,
679 1124 150 28 hvarigenom
845 1124 80 21 sådant

168 1161 113 28 manskap
302 1160 73 29 jemte
396 1160 94 22 hustrur
507 1161 42 21 och
564 1160 72 22 enkor
651 1160 36 22 till
704 1160 52 21 dem
771 1159 154 29 berättigades

169 1198 35 20 att
227 1196 37 22 för
283 1196 35 21 sin
334 1196 104 22 utkomst
453 1198 30 27 på
499 1196 60 21 vissa
574 1196 76 21 vilkor
666 1195 95 29 försälja
776 1195 149 22 handtverks-

169 1232 95 21 arbeten
280 1232 42 21 och
337 1232 70 21 andra
419 1232 172 29 slöjdanstalter
602 1231 26 22 af
636 1239 59 22 egen
706 1231 150 28 tillverkning
867 1233 58 20 samt

242 1333 20 24 +)
280 1333 66 24 Enligt
364 1333 124 24 tillgängliga
506 1334 96 23 uppgifter
620 1333 81 24 uppgick
720 1333 35 18 den
766 1332 77 24 judiska
856 1332 70 18 befolk-

168 1363 70 23 ningen
251 1363 7 18 i
271 1363 65 18 landet
348 1364 7 17 i
367 1363 52 23 April
433 1365 47 16 1895
493 1364 31 18 till
536 1365 36 16 742
585 1369 92 17 personer,
691 1363 21 18 af
723 1363 64 18 hvilka
799 1367 45 14 voro
853 1362 74 18 bosatta

168 1393 8 18 i
188 1393 120 23 Helsingfors
327 1394 42 22 470,
382 1395 7 16 i
402 1387 39 24 Åbo
456 1394 41 22 120,
509 1393 7 18 i
528 1393 116 18 Tavastehus
659 1394 28 22 18,
700 1393 7 18 i
720 1393 79 22 Wiborg
813 1393 40 22 126,
866 1392 6 17 i
885 1391 41 18 Sor-

169 1423 67 18 davala
249 1424 18 22 9,
281 1423 6 18 i
300 1423 75 23 Kuopio
389 1424 9 17 1
412 1423 34 18 och
459 1423 7 18 i
478 1423 89 23 Impilaks
581 1423 68 18 socken
664 1424 15 17 1.

240 1465 129 23 Lagutskottets
381 1465 108 18 betänkande
502 1465 36 18 N:o
551 1465 18 17 8.
