1045 1656
295 124 278 23 Petitionsbetänkande
589 124 42 22 N:o
647 124 38 22 35.
864 130 11 20 3

119 188 80 26 rieved,
215 188 98 21 hvarföre
329 191 103 18 taxatorn
446 188 66 21 finner
527 187 123 28 forstnärlig
664 187 74 27 tillsyn
753 195 12 13 å
780 187 96 27 egendo-

119 230 48 14 men
183 222 50 21 med
248 222 38 22 det
300 222 67 21 första
383 222 112 27 påkallad;
511 225 56 18 samt

188 262 34 15 2:0
244 260 32 18 att
297 257 147 27 egendomens
466 256 79 21 odlade
566 263 59 20 egor,
642 256 131 28 uppgående
788 256 32 21 till
836 255 41 27 556

120 291 67 21 t:land
202 290 58 26 åker,
278 295 61 22 1,754
354 290 66 21 t:land
436 291 43 27 äng
494 290 41 21 och
553 296 61 21 1,149
629 290 67 22 t:land
711 290 71 28 gamla
792 290 85 21 hafver-

119 326 81 24 länder,
216 326 38 20 äro
269 325 111 21 fördelade
396 325 94 25 sålunda,
507 328 32 18 att
555 325 67 20 under
632 325 93 27 gårdens
736 324 53 22 bruk
799 324 77 21 häfdas

122 366 38 20 133
171 359 66 21 t:land
244 360 55 24 åker,
310 360 39 26 348
358 359 66 21 t:land
432 359 43 27 äng
483 359 41 21 och
532 359 67 21 omkr,
608 359 41 26 256
657 359 67 21 t:land
733 359 67 21 delvis
810 359 67 20 under

120 394 74 26 odling
214 394 94 20 varande
331 393 71 27 gamla
425 393 155 25 hafverländer,
604 393 78 20 medan
698 393 68 27 öfriga
783 393 94 26 odlings-

120 428 84 21 marker
225 427 106 21 bebrukas
347 427 25 21 af
383 427 133 21 landbönder
531 427 41 20 och
588 430 94 24 torpare.
712 427 90 22 Antalet
818 427 58 20 land-

120 462 154 27 bolägenheter
297 462 22 20 är
343 461 24 21 16
390 462 42 20 och
447 461 81 22 antalet
543 461 177 28 torplägenheter
736 467 33 20 24,
785 469 48 13 men
850 468 27 14 en

121 497 35 21 del
170 497 26 21 af
207 497 63 20 dessa
286 496 125 27 lägenheter
426 496 125 21 innehafvas
567 496 25 21 af
603 503 81 14 samma
700 503 111 20 personer,
825 496 52 20 hva-

121 532 41 20 dan
178 531 81 21 antalet
274 530 133 21 landbönder
422 530 42 21 och
479 534 93 23 torpare,
589 530 71 21 hvilka
673 531 77 26 utgöra
761 530 72 27 afgäld
846 529 32 22 till

121 566 86 27 gården,
225 565 23 20 är
266 565 157 26 sammanlagdt
439 564 33 25 26,
489 564 133 21 oberäknadt
638 568 32 17 ett
685 565 82 20 mindre
783 568 49 24 torp
849 565 28 26 på

121 600 93 27 gårdens
228 599 66 20 mark.
325 599 118 21 Dessutom
461 599 66 20 finnas
542 599 27 26 63
582 599 129 27 inhysingar.
733 599 144 21 Landbonde-

121 634 41 21 och
184 633 159 28 torpafgälden,
367 640 47 13 som
434 633 185 27 hufvudsakligast
634 634 62 27 utgår
711 634 6 20 i
733 633 142 28 dagsverken,

121 669 24 20 är
167 667 109 22 beräknad
295 667 30 22 till
341 671 32 17 ett
387 667 68 21 värde
470 667 23 21 af
509 672 72 22 11,525
598 667 67 26 mark,
681 667 84 22 hvartill
780 667 97 21 kommer

121 701 247 28 inhysingsdagsverken
383 701 148 28 uppskattade
546 702 32 21 till
593 702 41 26 648
650 701 65 22 mark.
735 702 73 27 Enligt
820 701 57 22 läne-

121 743 143 21 agronomens
286 736 87 27 uppgift
393 736 88 27 utgöres
503 736 268 28 ladugårdsbesättningen
786 737 29 26 på
829 737 49 26 går-

121 771 42 21 den
178 771 25 20 af
214 776 24 21 71
257 770 122 27 mjölkande
393 770 40 21 kor
448 770 93 21 förutom
557 771 135 27 ungboskap,
706 771 77 21 medan
795 771 12 20 å
818 770 60 21 land-

121 805 82 21 bonde-
218 805 42 20 och
272 804 205 28 torplägenheterna
489 805 188 22 sammanräknadt
688 805 135 21 underhållas
839 805 38 26 183

121 839 123 27 mjölkande
258 839 45 25 kor,
322 839 40 20 106
376 839 82 27 ungnöt
469 839 42 21 och
523 839 81 21 kalfvar
615 843 56 18 samt
682 845 27 16 20
722 839 71 28 tjurar,
805 839 73 21 äfven-

121 881 48 13 som
191 874 26 26 87
240 873 79 22 hästar.
356 873 221 28 Nettoatkastningen
599 874 45 21 från
668 875 135 26 egendomen
823 881 55 20 upp-

121 908 83 20 skattas
220 907 25 21 af
257 907 132 21 förbemälde
405 907 160 27 läneagronom,
582 908 50 20 med
645 908 160 21 inberäknande
816 908 24 20 af
848 909 30 19 in-

121 942 100 20 komsten
244 941 22 21 af
279 941 106 26 laxfisket,
405 942 3 20 i
422 942 103 21 medeltal
542 942 61 25 1,800
618 942 66 25 mark,
701 942 42 21 och
757 942 24 21 af
794 942 83 21 strand-

121 976 105 24 arrendet,
236 982 47 14 som
296 976 98 27 erlägges
408 976 25 20 af
439 976 122 26 Kymmene
573 976 173 28 flötningsbolag,
759 977 40 21 808
811 976 66 25 mark,

121 1010 31 22 till
176 1015 76 22 14,520
275 1010 66 26 mark,
364 1010 107 21 hvarifrån
493 1010 57 22 dock
571 1011 60 27 afgår
652 1011 110 21 beräknad
785 1011 61 21 ränta
866 1011 13 21 å

121 1044 77 28 nödlgt
219 1044 164 28 rörelsekapital
405 1045 49 21 med
477 1050 64 20 2,000
561 1046 66 24 mark,
650 1046 23 20 sä
688 1049 32 18 att
736 1046 42 20 den
793 1045 86 27 slutliga

121 1078 212 28 nettobehällningnn
348 1079 71 21 blefve
437 1084 76 21 12,520
527 1079 66 25 mark,
610 1080 153 21 motsvarande
775 1083 32 18 ett
818 1079 61 27 kapi-

121 1113 97 21 talvärde
241 1113 25 21 af
283 1118 92 21 250,000
397 1113 66 21 mark.
495 1114 88 27 Lägges
604 1114 70 21 härtill
696 1114 152 28 skogsvärdet,
872 1115 7 19 i

121 1148 63 20 rundt
206 1147 30 21 tal
260 1153 89 21 300,000
370 1148 66 25 mark,
459 1152 57 17 samt
531 1151 116 24 yttermera
666 1154 89 20 100,000
770 1148 61 21 mark
846 1148 33 21 för

121 1182 93 26 gärdens
236 1182 31 20 till
291 1187 76 21 19,200
388 1182 132 22 hästkrafter
541 1182 123 22 beräknade
687 1183 63 21 andel
772 1184 7 20 i
800 1182 79 27 Anjala

121 1215 47 21 falls
190 1216 137 25 vattenkraft,
357 1217 24 20 sä
402 1216 98 21 kommer
522 1223 49 14 man
594 1217 31 21 till
646 1220 31 18 ett
699 1217 124 21 totalvärde
846 1216 33 21 för

122 1250 136 27 egendomen
272 1250 24 21 af
308 1250 93 26 650,000
416 1250 67 21 mark.

189 1284 60 22 Utan
264 1288 32 18 att
311 1285 49 27 ingä
375 1286 31 20 uti
420 1286 98 20 närmare
533 1285 159 27 undersökning
707 1285 25 21 af
740 1284 139 22 förestäende

121 1318 161 28 uppskattning,
298 1319 38 21 har
352 1319 115 21 Utskottet
483 1319 64 21 likväl
562 1323 71 17 ansett
648 1321 34 25 sig
697 1320 52 20 böra
765 1319 75 21 anföra
851 1319 28 21 de

121 1353 45 20 däri
181 1353 107 27 ingäende
303 1353 143 27 uppgifterna,
464 1353 33 21 för
511 1354 24 20 sä
550 1354 46 20 vidt
612 1354 110 20 desamma
737 1353 72 22 kunde
820 1353 59 27 tjäna

120 1387 31 20 till
172 1388 72 25 nägon
259 1387 88 27 ledning
361 1387 33 20 för
410 1387 147 22 bedömandet
572 1388 24 20 af
609 1388 37 21 det
661 1388 86 27 förslag,
764 1388 115 26 petitions-

121 1421 133 21 memorialet
274 1421 122 21 innehäller.
426 1421 41 21 Till
485 1421 119 28 belysande
619 1422 25 21 af
656 1421 74 28 frägan
745 1421 40 22 bör
797 1421 82 27 jämväl

189 1465 140 19 Statsutskottets
343 1466 109 18 betänkande
464 1466 37 18 N:o
513 1467 30 18 10.
