1053 1650
136 175 87 23 Egentliga
235 176 74 22 Finland,
321 176 162 23 skatteförmedling
494 176 6 18 i
512 176 49 18 delar
573 176 26 22 af;
611 181 19 13 se
642 176 35 22 pet.
690 176 34 18 bet.
737 181 28 13 n:o
778 176 28 18 25.

139 204 170 19 Ekonomiutskottet.
322 205 41 17 dess
375 205 128 17 betänkanden:

137 231 34 19 N:o
195 233 28 17 1i
239 232 94 23 anledning
347 233 19 18 af
377 233 49 18 Hans
439 233 98 23 Kejserliga
550 233 90 22 Majestäts
652 233 63 23 nådiga
727 233 78 22 proposi-

151 761 9 10 ”

153 1276 11 9 ”

215 261 36 18 tion
269 261 89 23 angäende
371 263 78 21 grunden
462 263 28 17 för
502 262 140 23 tolagsafgiftens
655 262 118 22 beräknande;
786 267 19 12 se

216 295 47 17 prop.
277 296 28 12 n:o
317 291 28 17 9.
371 305 3 3 .
399 305 3 3 .

194 318 10 17 2
216 319 5 16 i
233 318 94 24 anledning
339 319 18 18 af
369 319 49 18 Hans
427 299 100 47 Kojserliga
533 300 92 46 Majostäts
630 299 64 46 nådiga
700 299 107 46 proposition.

215 347 90 22 angående
323 348 35 17 den
371 348 50 23 skatt,
433 353 38 12 som
483 349 28 17 för
522 348 112 22 tillverkning
646 348 19 17 af
677 348 72 17 bränvin
762 347 45 18 skall

217 375 82 24 erläggas,
312 377 46 17 samt
371 382 27 12 om
411 377 53 22 sagda
476 377 55 17 skatts
538 377 114 17 användande
659 376 32 18 och
697 376 108 23 fördelning;

216 409 19 13 se
248 410 47 17 prop.
309 411 27 12 n:o
347 405 26 18 16.
455 420 4 3 a
484 420 3 3 s

194 433 11 18 3
217 433 6 17 i
235 433 93 23 anledning
340 434 19 17 af
371 435 24 16 ett
407 435 46 17 inom
465 415 132 46 Bondeständot
600 418 53 33 väckt
657 415 150 46 potitionsförslag

216 462 5 17 i
239 462 47 22 syfte
304 463 26 16 att
347 463 106 22 Linnunsuo,
470 463 47 17 inom
529 463 26 17 S:t
568 463 73 17 Michels
653 463 32 16 och
698 463 108 17 Haukivuori

217 491 73 17 socknar
302 491 73 22 belägna
387 491 99 18 kärrmätte
493 492 22 22 pä
521 491 113 18 statsverkets
641 491 94 18 bekostnad
742 491 64 18 under-

217 519 51 17 sökas
285 520 28 17 för
330 520 96 17 utredande
435 520 18 17 af
465 521 40 17 dess
518 520 130 23 odlingsbarhet
660 521 46 16 samt
717 519 90 18 eventuelt

217 548 56 18 förses
286 548 41 18 med
338 549 63 22 nödiga
413 549 56 47 sävy
505 549 46 18 lee
563 549 28 17 för
602 548 127 24 torrläggning;
742 554 19 12 se
771 549 35 46 pt.

217 576 34 18 bet.
265 582 27 12 n:o
305 578 9 16 1
339 591 4 3 .
368 590 5 5 .

195 606 11 15 4
218 605 6 16 i
236 605 93 23 anledning
341 606 19 17 af
372 607 25 16 ett
408 606 46 17 inom
453 592 3 3 |
468 587 126 47 Ridderskapet
600 591 38 32 "ooh
646 591 56 32 Adeln
710 592 51 32 väckt
769 612 36 11 mo-

218 633 116 24 tionsförslag,
353 635 82 17 afseende
453 635 74 22 ändring
545 635 18 17 af
581 635 10 17 2
611 640 53 12 mom.
682 635 10 17 2
705 635 27 22 i
744 635 63 22 nådiga

218 662 123 23 förordningen
361 663 19 17 af
397 664 33 17 den
449 663 10 18 2
478 663 49 23 April
547 663 44 18 1883
603 663 89 23 angäende
705 663 102 22 försäljning

219 691 32 17 och
264 691 116 23 utskänkning
392 692 19 17 af
422 692 123 23 maltdrycker,
558 692 63 17 sådant
629 693 47 16 detta
682 692 68 22 lagrum
757 692 50 22 lyder

220 719 5 17 i
237 719 124 24 förordningen
374 721 33 17 den
420 721 9 17 9
442 721 42 17 Juni
497 721 53 21 1892;
567 726 19 12 se
599 721 41 17 mot.
652 721 34 17 bet.
699 726 27 12 n:o
740 721 9 16 1

196 749 11 17 5
219 748 5 17 i
242 749 94 22 anledning
348 749 19 17 af
378 750 63 17 tvenne
454 749 147 23 motionsförslag,
613 749 106 23 framstälda,
732 749 30 18 det
774 754 33 13 ena

219 777 46 17 inom
287 777 133 18 Presteständet
436 778 33 17 och
487 779 30 16 det
534 779 55 16 andra
607 778 47 17 inom
672 778 135 22 Bondeständet,

218 805 94 18 hvartdera
324 807 89 22 angäende
425 807 74 22 ändring
511 807 18 17 af
541 808 22 17 25
576 808 9 21 &
598 807 5 17 i
616 807 79 22 gällande
707 807 100 22 förordning

219 839 28 12 om
265 835 104 22 försäljning
387 835 32 18 och
432 835 118 23 utskänkning
561 836 19 17 af
593 835 128 22 maltdrycker;
733 841 19 12 se
765 836 41 16 mot.

219 863 34 17 bet.
266 863 51 18 102
401 876 62 6 0.0

197 891 10 18 6
219 897 6 11 i
237 890 94 24 anledning
343 892 18 17 af
373 893 26 16 ett
410 893 46 17 inom
469 873 138 47 Presteståndet
613 878 107 32 framstälät
724 877 84 32 motions

219 920 66 22 förslag
303 925 27 12 om
349 921 73 22 ändring
438 921 19 18 af
476 922 9 17 1
499 927 53 12 mom.
565 923 8 16 1
588 922 10 22 &
611 922 45 17 samt
668 922 11 17 6
690 921 32 18 och
735 921 22 18 25
770 921 37 22 8$
799 916 14 32 i

220 948 79 23 gällande
311 949 120 23 förordningar
442 950 91 22 angäende
541 950 104 23 försäljning
653 950 32 17 och
692 949 116 23 utskänkning

221 977 19 18 af
251 977 126 23 maltärycker;
390 983 19 12 se
421 980 40 16 mot.
475 979 34 17 bet.
522 984 28 12 n:o
563 979 17 18 4.
634 992 31 4 E

198 1006 10 17 7
219 1006 6 17 i
237 1006 94 23 anledning
343 1007 18 17 af
375 1008 25 16 ett
411 1007 46 18 inom
467 1007 132 18 Bondeständet
608 1007 50 18 väckt
664 988 145 45 motionsförslag,

221 1034 83 18 afseende
322 1035 73 23 ändring
412 1036 18 16 af
445 1036 10 17 3
474 1036 33 17 och
525 1036 23 17 24
566 1036 37 22 $$
593 1030 12 33 i
616 1036 79 22 gällande
707 1035 102 23 förordning

220 1063 89 22 angäende
328 1064 102 22 försäljning
447 1064 33 17 och
492 1064 117 22 utskänkning
621 1064 18 17 af
650 1064 127 22 maltdrycker;
790 1068 19 13 se

221 1092 42 17 mot.
279 1092 32 17 bet.
324 1097 28 12 n:o
368 1092 11 18 3
460 1107 33 3 Sc

197 1120 12 17 8
220 1126 5 11 i
238 1120 93 23 anledning
343 1121 18 17 af
374 1122 25 16 ett
410 1121 45 18 inom
469 1102 139 46 Bondeständet:
614 1106 98 33 framstillät
718 1105 91 38 petitiong-

219 1149 66 22 förslag
297 1149 90 23 angående
393 1149 59 24 tillägg
458 1149 26 18 till
491 1150 62 23 nådiga
559 1150 123 22 förordningen
688 1155 28 12 om
723 1149 85 18 utskänk-

220 1177 43 23 ning
280 1178 32 17 och
330 1178 103 23 försäljning
449 1179 18 17 af
483 1178 124 23 maltdrycker,
619 1179 59 22 gifven
690 1178 33 17 den
736 1178 11 17 2
759 1177 51 23 April

221 1206 44 18 1883
282 1207 33 17 och
327 1207 5 16 i
345 1207 46 17 vissa
405 1207 48 17 delar
464 1207 67 17 ändrad
543 1212 63 17 genom
618 1207 121 22 förordningen
752 1207 34 16 den
798 1206 11 17 9

220 1235 41 17 Juni
275 1235 53 22 1892;
341 1240 19 13 se
373 1236 34 21 pet.
421 1235 34 18 bet.
467 1241 28 12 n:o
508 1236 11 17 9

198 1263 11 17 9
221 1263 6 17 i
239 1263 94 22 anledning
345 1264 19 17 af
376 1265 25 16 ett
412 1264 46 17 inom
469 1245 140 45 Presteståndet
615 1245 99 45 framstäldt
719 1244 90 46 petitions-

222 1291 65 23 förslag
305 1294 34 15 om'
351 1292 80 22 åtgärder
449 1292 26 17 till
493 1292 123 23 befrämjande
632 1293 18 17 af
662 1292 73 18 rationel
747 1292 62 22 skogs-

220 1320 113 23 hushållning
349 1321 5 17 i
369 1321 67 22 landet;
455 1326 19 12 se
491 1322 35 21 pet.
539 1321 34 18 bet.
586 1326 28 13 n:o
628 1321 38 18 10.
690 1335 4 3 .
719 1335 3 3 .
747 1334 5 5 .

186 1349 39 18 10
218 1345 8 31 i
238 1349 93 23 anledning
343 1350 18 17 af
374 1350 16 22 ej
403 1350 67 17 mindre
483 1351 26 16 ett
517 1350 47 17 inom
575 1349 131 18 Presteständet
711 1334 100 33 framstäldt

220 1378 140 23 motionsförslag
378 1383 28 12 om
424 1378 74 23 ändring
513 1379 19 16 af
543 1379 23 17 23
579 1379 9 22 $
600 1378 6 17 i
618 1377 80 24 gällande
710 1377 101 23 förordning

220 1407 95 22 angäende,
334 1406 53 18 bland
405 1407 58 23 annat,
481 1406 110 23 försäljning,
603 1407 73 22 forsling
688 1407 45 17 samt
745 1406 65 23 upplag

858 119 10 17 7

840 176 22 18 V.

840 405 24 18 IL

849 877 11 8 ”

875 176 16 18 1
