1034 1650
785 127 28 19 29

164 185 59 26 27:0)
247 186 34 19 att
302 186 23 19 åt
348 184 231 21 landskommunerna
599 186 71 19 måtte
686 192 28 13 ur
730 184 113 21 allmänna

92 219 75 22 medel
183 219 35 22 för
233 219 249 28 folkskolebyggnader
498 219 97 28 beviljas
611 219 189 29 amorteringslån
814 221 30 26 på

93 255 68 29 högst
177 255 78 21 femtio
273 257 34 18 års
331 255 184 28 amorteringstid
535 255 41 22 och
596 257 48 19 mot
658 255 69 28 högst
744 257 33 19 tre
794 261 50 22 pro-

95 293 63 19 cents
174 293 75 23 ränta;

165 327 58 27 28:0)
241 328 34 19 att
291 326 62 21 Hans
369 325 131 29 Kejserliga
516 326 109 28 Majestät
641 327 87 20 täcktes
745 326 46 21 låta
808 333 36 14 an-

95 362 66 21 ställa
179 362 170 28 undersökning
373 361 113 22 huruvida
510 362 43 21 och
568 362 7 21 i
591 361 91 22 hvilken
701 364 53 19 mån
769 361 75 29 lagbe-

95 397 141 21 stämmelser
252 397 94 21 rörande
357 397 141 21 arbetstiden
509 397 7 20 i
527 397 147 28 bageriyrket
685 400 38 18 äro
736 397 26 21 af
770 397 74 21 nöden

95 435 58 18 samt
169 433 125 20 sedermera
310 432 116 28 förelägga
449 432 128 21 Ständerna
601 433 81 20 sådant
697 432 125 29 lagförslag
837 432 8 21 i

95 470 82 23 ämnet,
201 468 92 21 hvartill
308 468 41 21 den
369 467 131 22 verkstälda
519 467 200 29 undersökningen
735 467 110 29 möjligen

95 504 45 21 kan
156 503 63 28 gifva
235 503 132 28 anledning;

167 540 58 26 29:0)
243 541 34 19 att
291 539 63 21 Hans
370 539 130 29 Kejserliga
519 539 108 28 Majestät
645 539 87 22 täcktes
749 539 47 21 låta
811 541 34 19 ut-

96 578 61 22 röna,
174 582 36 14 om
229 575 41 21 och
294 575 34 21 till
352 574 94 22 hvilken
469 575 159 28 utsträckning
650 575 143 28 stadganden
809 576 37 19 må

95 610 77 21 kunna
188 610 114 21 meddelas
318 610 7 21 i
342 610 68 27 syfte,
427 612 34 19 att
477 610 39 21 vid
532 610 61 21 slakt
609 610 26 21 af
647 610 97 28 husdjur
761 611 84 20 minsta

97 645 94 28 möjliga
207 645 90 21 lidande
313 645 100 28 tillfogas
430 645 81 28 djuren
527 648 66 23 samt,
609 646 75 21 därest
695 645 151 28 utredningen

97 681 75 20 därtill
189 680 133 25 föranleder,
346 681 46 20 låta
415 681 105 21 utarbeta
536 681 69 28 nådig
620 681 142 28 proposition
778 681 8 20 i
802 683 44 18 äm-

97 719 46 23 net,
160 719 34 18 att
209 716 263 21 nästsammanträdande
489 716 98 21 Ständer
602 715 139 29 föreläggas;

169 753 58 26 30:0)
253 754 34 18 att
309 752 38 20 det
369 751 8 21 i
400 751 255 29 Kansliexpeditionens
680 751 120 22 skrifvelse
824 751 26 21 af

98 787 43 21 den
157 789 28 19 29
201 787 60 21 Mars
279 789 56 19 1889
352 787 109 28 stadgade
477 787 84 21 förbud
576 787 36 21 för
628 787 56 21 barn
700 787 26 20 af
734 787 113 21 mosaiska

97 822 178 22 trosförvandter
291 825 33 19 att
347 822 57 21 efter
420 823 111 28 ingånget
554 823 126 28 äktenskap
696 821 129 23 kvarblifva
841 822 5 20 i

96 858 77 21 landet
189 858 75 21 blefve
287 857 139 29 upphäfvet;
448 860 34 19 att
502 857 80 29 judisk
603 858 91 25 kvinna,
719 865 49 14 som
784 858 64 27 ingår

98 893 126 28 äktenskap
240 894 51 21 med
313 893 78 28 judisk
414 901 60 18 man,
498 893 94 22 hvilken
615 894 52 20 med
682 893 107 28 behörigt
805 893 43 20 till-

98 929 66 21 stånd
180 929 8 20 i
204 929 77 21 landet
297 930 34 27 sig
354 929 140 28 uppehåller,
518 929 61 28 finge
596 929 88 28 åtnjuta
701 936 85 14 samma
803 931 45 19 rätt

98 964 35 21 till
155 965 92 20 vistelse
271 965 6 20 i
301 965 77 20 landet
400 972 49 13 som
471 971 108 19 mannen;
603 967 59 18 samt
686 967 34 18 att
735 964 113 21 mosaiska

99 1000 176 21 trosbekännare
299 1003 70 18 måtte
392 1000 98 28 beviljas
506 1002 46 19 rätt
567 1002 34 19 att
617 1001 7 20 i
639 1000 61 21 vissa
716 999 36 22 för
768 1000 81 21 sådant

98 1036 104 21 ändamål
219 1036 26 21 af
257 1036 144 28 Regeringen
417 1036 51 21 dem
484 1036 108 21 anvisade
609 1036 74 21 städer
698 1035 70 21 hafva
782 1042 66 21 syna-

99 1078 71 21 gogor
187 1072 42 20 och
245 1072 38 21 vid
300 1072 50 21 dem
373 1072 61 21 hålla
449 1071 82 21 rabbin
545 1071 71 28 jämte
632 1071 70 28 nödig
719 1070 128 28 betjening;

170 1109 59 26 31:0)
247 1110 33 19 att
295 1107 63 22 Hans
370 1107 130 28 Kejserliga
511 1107 108 28 Majestät
629 1108 87 20 täcktes
728 1107 46 21 låta
785 1107 64 20 verk-

99 1143 66 20 ställa
182 1143 139 25 ekonomisk,
338 1143 41 21 och
395 1143 7 21 i
419 1143 40 21 fall
476 1143 26 21 af
515 1143 76 26 behof,
607 1143 133 28 ytterligare
758 1142 91 21 teknisk

100 1179 171 28 undersökning
301 1179 95 21 rörande
421 1179 154 28 kanalisering
601 1178 26 21 af
649 1178 200 22 Vuoksenflodens

98 1214 69 21 nedre
184 1214 55 28 lopp
255 1221 81 21 genom
353 1214 125 21 Kiviniemi
494 1214 47 21 fors
558 1215 42 20 och
617 1214 91 28 Taipale
726 1216 72 19 ström
814 1213 36 21 till

99 1250 100 27 Ladoga,
223 1253 65 22 samt,
311 1250 75 21 därest
412 1249 114 29 företaget
549 1250 102 21 befinnes
675 1249 103 21 medföra
802 1251 48 18 mot

99 1285 152 22 kostnaderna
277 1285 108 21 svarande
417 1293 68 20 gagn,
511 1285 8 20 i
545 1285 72 21 sinom
644 1285 32 20 tid
702 1285 46 20 låta
774 1283 76 22 utföra

100 1328 85 13 samma
201 1321 160 28 kanalisering;

171 1357 58 26 32:0)
255 1359 33 18 att
311 1356 62 21 Hans
397 1356 132 28 Kejserliga
552 1356 108 28 Majestät
685 1356 53 21 ville
765 1357 55 26 taga
843 1354 7 21 i

100 1391 175 28 öfvervägande,
291 1391 112 21 huruvida
418 1392 50 20 icke
489 1391 83 28 nådiga
588 1391 163 28 förordningen
767 1390 26 21 af
807 1390 44 21 den

102 1429 26 17 15
146 1426 59 20 Mars
223 1429 56 17 1880
296 1427 75 20 kunde
390 1426 102 21 erfordra
508 1426 97 28 ändring
620 1427 7 19 i
643 1425 60 28 syfte
720 1428 34 18 att
770 1425 81 21 tillför-
