1023 1659
164 141 67 20 lärare
245 141 32 20 uti
291 141 65 26 sagda
371 142 125 25 proposition
511 141 108 20 förunnats
629 141 100 26 rättighet
740 143 31 18 att
783 143 46 18 utse
840 143 76 17 tvänne

163 174 165 23 representanter
343 171 34 30 för,
389 171 71 26 hvarje
476 171 49 21 stift.
553 172 49 19 Men
617 171 46 20 icke
679 178 36 13 ens
731 170 57 20 detta
800 170 56 20 antal
872 172 43 18 står

164 201 7 19 i
185 201 43 19 lika
243 201 127 20 förhållande
390 201 31 20 till
437 202 26 20 de
478 201 165 26 valberättigade
658 202 105 19 lärarenes
778 200 36 20 vid
830 201 86 19 elemen-

163 231 154 20 tarläroverken
340 231 46 19 hela
406 232 56 19 antal
478 238 43 13 som
538 231 77 20 antalet
630 231 164 26 presterskapets
811 237 105 19 represen-

163 263 68 17 tanter
246 261 32 19 till
293 261 128 20 totalantalet
437 261 23 20 af
472 261 48 20 dess
537 261 86 20 valmän.

236 291 71 25 Enligt
322 290 144 26 beräkningar,
482 298 43 13 som
541 291 113 20 verkstälts
670 291 39 19 och
723 290 116 20 sedermera
854 297 61 19 gran-

163 320 58 20 skats
244 322 27 24 på
293 320 160 21 föranstaltande
469 321 23 19 af
504 321 141 25 pedagogiska
661 320 119 26 föreningen
796 320 8 20 i
819 320 96 25 Helsing-

163 350 48 25 fors,
235 350 95 26 utgjorde
353 351 77 19 antalet
453 351 22 19 af
496 352 23 18 år
544 352 55 18 1896
623 351 7 19 i
651 351 64 25 tjenst
735 350 92 20 varande
842 350 72 25 lärare,

163 380 71 20 hvilka
249 387 50 13 voro
314 380 163 26 valberättigade
492 381 32 19 till
535 380 158 26 presteståndet,
705 380 48 26 301,
764 380 85 20 hvartill
860 383 54 17 ännu

163 410 80 20 komma
266 411 27 19 15
308 410 66 20 lärare
390 412 26 24 på
431 410 184 26 indragningsstat.
646 411 67 19 Dessa
729 417 49 13 voro
794 410 65 25 enligt
875 409 39 20 den

163 440 67 25 gamla
246 440 187 26 stiftsindelningen
449 440 104 20 fördelade
569 442 26 24 på
610 440 72 26 hvarje
698 440 44 20 stift
758 447 42 13 som
816 440 68 25 följer:

905 511 2 16 I

283 554 78 20 Stift
464 567 1 8 |
483 554 102 20 ordinarie
601 554 66 20 lärare
709 536 75 55 A
857 537 31 54 i

685 625 1 27 |

189 660 46 27 Åbo
260 650 13 50 =
302 668 43 19 stift
377 683 3 4 .
412 684 3 3 .
449 654 15 34 |
559 669 41 19 108
685 656 1 40 |
794 668 12 19 6

190 721 69 25 Borgå
321 737 9 9 Pp
376 737 40 4 sor
449 738 2 4 os
559 722 40 19 132
685 702 1 46 |
794 722 12 18 6

190 771 82 33 Kuopio
322 790 58 9 Hoa
413 791 3 3 s
448 791 4 4 ;
573 776 26 19 61
685 759 1 43 |
794 776 12 18 3

372 836 81 20 Summa
557 837 41 19 301
685 818 1 37 |
781 836 25 18 15

235 913 71 25 Enligt
329 913 40 19 den
389 920 41 18 nya
446 913 188 25 stiftsindelningen
651 913 66 20 skulle
733 912 26 20 de
774 912 98 20 fördelats
888 913 26 25 på

163 942 90 26 följande
269 945 50 17 sätt:

281 1038 78 20 Stift
483 1039 101 19 ordinarie
600 1039 67 19 lärare
685 1029 1 5 |
709 1016 179 63 fodraeninsestat

190 1138 45 26 Åbo
257 1134 19 43 —
302 1145 43 19 stift
377 1162 3 2 .
412 1162 3 3 .
448 1162 3 3 .
573 1146 26 19 77
794 1146 11 18 6

170 1179 2 27 |
189 1198 70 25 Borgå
321 1214 94 9 most
448 1216 3 4 o.
462 1176 2 9 |
559 1200 39 18 111
683 1213 2 11 |
793 1199 12 19 6

170 1239 1 13 |
189 1252 95 25 Nyslotts
320 1268 9 11 »
375 1268 4 4 =.
412 1269 3 3 .
447 1268 4 4 .
571 1254 27 19 62
778 1264 26 2 =

189 1306 82 26 Kuopio
320 1321 9 9 n
376 1322 3 4 so
412 1322 39 4 eo.
462 1291 1 10 |
571 1307 26 19 51
792 1306 13 19 3
903 1337 2 10 |

371 1362 81 34 Summa
557 1367 40 19 301
683 1365 2 7 i
779 1366 25 19 15
903 1349 2 48 |

758 1413 83 2 =
889 1400 16 16 stål
