1031 1653
279 130 281 23 Petitionsbetänkande
575 131 44 22 N:o
634 131 39 22 38.
815 133 12 20 7

99 194 46 22 och
164 195 115 29 utjordar
298 197 65 21 samt
381 195 49 22 alla
444 195 14 22 ä
470 195 87 23 landet
566 195 133 29 befintliga
709 196 148 22 industriela

99 229 176 29 inrättningar,
295 230 78 22 likväl
392 230 58 22 med
468 230 80 29 några
567 230 139 29 undantag.

168 264 132 29 Utgående
323 264 58 22 från
409 264 49 22 den
483 264 163 29 synpunkten
675 266 35 21 att
737 264 31 23 de
795 264 62 23 mått

99 298 46 22 och
164 300 63 27 steg,
247 305 53 16 som
319 298 117 29 vidtoges
456 298 36 22 till
510 298 58 23 dess
579 299 278 29 skjutsningsbesväret

98 332 85 22 kunde
211 333 56 22 från
294 333 91 28 jorden
413 333 110 28 aflyftas,
552 333 80 22 skulle
660 333 55 22 föra
740 334 116 21 närmare

99 366 35 22 till
153 367 68 22 detta
240 367 57 26 mål,
317 373 57 16 men
387 367 54 22 icke
455 367 115 29 aflägsna
582 367 145 30 detsamma,
739 367 116 23 biträdde

100 400 142 23 Ständerna
261 402 54 21 icke
333 401 123 30 förslaget
475 403 35 21 att
529 401 178 30 skyldigheten
725 402 37 22 till
785 403 71 28 utgö-

98 435 79 22 rande
197 436 25 22 af
239 436 134 29 hållskjuts
393 437 46 21 och
458 436 134 22 underhåll
612 436 25 22 af
655 437 149 28 gästgifveri
822 437 33 28 på

97 469 86 23 landet
211 471 79 22 skulle
317 471 143 22 utsträckas
484 471 36 22 till
536 471 213 28 jordlägenheter,
769 471 86 22 hvilka

99 511 60 16 vore
187 505 113 22 därifrån
323 505 123 26 befriade,
466 506 65 21 samt
549 505 36 22 till
604 505 148 22 industriela
770 505 85 22 inrätt-

97 539 92 29 ningar
208 539 130 22 äfvensom
357 539 146 30 skattlagda
522 541 56 26 torp
598 540 45 21 och
656 540 123 28 utjordar,
794 540 61 21 enär

98 573 123 29 åtgärden
249 574 75 29 ginge
352 574 7 22 i
387 581 31 15 en
446 574 120 29 riktning,
595 575 102 21 motsatt
719 574 57 26 den,
799 581 54 15 som

96 607 74 23 ledde
197 609 37 21 till
261 609 42 22 det
331 608 105 23 afsedda
460 609 83 26 målet,
563 608 132 23 besvärets
714 609 140 28 aflyftande

97 641 56 23 från
182 643 32 21 all
241 643 64 28 jord.
342 643 122 21 Däremot
490 643 80 21 funno
591 642 142 23 Ständerna
753 643 101 27 åsyftad

96 676 111 30 lindring
234 677 8 22 i
264 677 279 29 skjutsningsbesväret
561 677 87 21 kunna
666 677 9 22 i
692 677 86 29 någon
796 677 58 21 mån

98 710 188 30 åvägabringas
313 718 92 22 genom
432 711 172 23 befordrande
623 711 26 22 af
667 711 188 29 skjutshällnin-

96 751 63 22 gens
185 746 174 22 öfverlåtande
377 746 33 28 på
430 746 169 28 entreprenad
618 746 46 22 och
683 746 171 28 skjutslegans

96 779 118 29 höjande.

165 814 114 23 Emedan
299 815 42 22 det
354 815 25 22 af
394 814 143 23 Ständerna
550 815 57 22 med
619 815 124 22 särskilda
755 814 99 22 ändrin-

96 854 46 22 gar
170 850 111 28 antagna
305 849 123 29 förslaget
446 849 36 23 till
501 849 150 29 förordning
669 850 8 21 i
697 850 84 21 ämnet
799 848 54 22 icke

96 889 68 16 vann
183 884 72 22 Hans
274 884 142 28 Kejserliga
435 884 131 28 Majestäts
585 883 196 29 godkännande,
793 889 62 22 upp-

95 917 77 29 drogs
201 918 25 22 åt
249 925 32 15 en
303 918 93 22 komité
420 920 36 20 att
479 918 117 22 utarbeta
621 919 56 27 nytt
699 918 96 28 förslag
819 917 36 22 till

94 951 150 31 författning
271 952 133 30 angående
432 953 130 22 ordnande
582 952 26 22 af
625 952 230 29 hållskjutsningen

94 986 46 22 och
159 987 218 28 gästgifverierna.

163 1021 89 22 Denna
271 1021 92 23 komité
382 1021 86 30 utgick
487 1021 57 23 från
563 1021 112 29 följande
688 1020 166 29 synpunkter,

94 1055 137 29 nämligen:

163 1091 36 20 att
222 1090 42 22 det
281 1097 62 15 vore
361 1090 115 22 hvarken
496 1090 57 22 med
572 1090 106 22 rättvisa
697 1089 60 22 eller
775 1089 80 28 billig-

93 1123 42 22 het
162 1124 277 23 öfverensstämmande
465 1126 35 21 att
519 1124 89 23 endast
626 1124 69 22 vissa
713 1123 98 22 klasser
830 1123 25 22 af

93 1158 175 29 medborgare,
297 1158 86 22 hvilka
402 1159 8 21 i
430 1159 70 22 äldre
527 1158 65 23 tider
615 1158 110 22 åhvälfts
744 1157 110 29 skyldig-

93 1192 42 22 het
163 1194 36 21 att
218 1200 109 15 ansvara
346 1193 39 22 för
404 1193 182 22 samfärdselns
604 1193 8 21 i
630 1192 86 22 landet
734 1192 120 28 uppehål-

92 1226 83 27 lande,
195 1227 156 23 fortfarande
370 1228 106 22 därmed
494 1227 169 29 betungades;

162 1263 42 25 att,
245 1268 31 16 ur
314 1262 132 28 principiel
484 1262 138 28 synpunkt,
658 1260 109 23 trafiken
806 1260 48 22 'rät-

92 1295 93 29 teligen
212 1296 79 22 borde
318 1296 107 22 bekosta
453 1296 39 29 sig
519 1296 66 29 själf,
604 1296 46 22 och
669 1296 50 22 den
746 1294 107 22 resande

92 1329 84 22 betala
199 1330 68 22 hvad
287 1330 48 22 den
355 1330 150 29 skjutsande
524 1330 84 22 kunde
627 1330 94 25 fordra,
741 1335 58 15 men
819 1329 35 21 att

92 1370 31 15 en
143 1364 80 22 sådan
245 1365 143 28 anordning
410 1365 82 22 under
510 1364 147 23 dåvarande
676 1362 177 24 förhållanden

91 1399 202 28 uppenbarligen
313 1399 81 22 skulle
413 1399 14 22 å
446 1399 62 22 flere
528 1400 67 21 orter
613 1399 33 28 på
665 1400 34 21 ett
712 1397 142 28 betänkligt

92 1433 49 22 sätt
159 1433 117 22 försvåra
295 1433 179 27 samfärdseln;

162 1483 48 21 Lag-
223 1481 33 18 och
268 1481 186 18 Ekonomiutskottets
467 1481 110 18 betänkande
589 1481 35 18 N:o
638 1481 17 18 6.
