1028 1656
387 396 203 28 Reservation.

182 467 52 22 Med
257 467 144 22 erkännande
423 468 26 21 af
466 470 35 19 att
516 467 169 29 förvecklingar
699 469 85 27 uppstå
799 467 65 22 deraf

111 505 35 20 att
160 503 183 22 folkskolelärare
359 511 44 21 ega
417 505 48 20 rätt
480 505 35 20 att
525 503 119 29 samtidigt
653 503 56 22 söka
719 503 53 21 flere
782 503 80 21 lärare-

111 539 100 29 tjenster,
227 539 70 22 hafva
313 539 29 28 vi,
360 539 7 21 i
383 539 74 22 likhet
471 539 53 22 med
534 539 126 28 Utskottet,
672 539 20 29 ej
705 539 88 22 kunnat
802 539 61 21 finna

111 577 77 27 någon
202 574 120 30 möjlighet
337 575 36 22 för
389 575 144 29 Regeringen
549 577 41 26 att,
606 577 56 20 utan
683 577 34 20 att
740 574 122 22 inskränka

112 611 73 22 denna
200 613 52 26 rätt,
269 611 94 29 vidtaga
380 611 107 29 åtgärder
502 611 37 22 till
549 611 219 22 missförhållandets
779 610 83 29 afhjäl-

111 647 80 29 pande.
222 647 35 22 De
283 647 70 22 andra
379 647 112 29 åtgärder,
519 655 49 14 som
593 647 35 22 för
653 647 94 29 frågans
771 646 91 29 lösning

111 684 78 21 kunna
209 684 81 21 tänkas
314 683 43 22 och
379 683 80 22 hvilka
482 683 69 22 äfven
569 683 132 22 framhållas
717 683 8 21 i
741 683 43 21 den
799 682 63 22 redo-

111 720 87 28 görelse
213 719 36 22 för
261 719 194 22 folkskolelärare-
466 720 43 21 och
519 719 343 29 folkskoleinspektorsmötenas

111 756 139 27 uttalanden,
275 763 48 15 som
345 758 31 26 på
399 756 42 21 sid.
465 756 61 21 3—4
548 756 8 21 i
574 756 131 21 Utskottets
721 754 141 23 betänkande

112 791 126 28 återfinnes,
255 794 38 19 äro
309 791 27 23 af
348 792 46 22 den
409 794 41 25 art,
467 794 35 19 att
515 791 232 29 Skolöfverstyrelsen
758 790 21 30 ej
791 793 73 19 ansett

113 828 35 28 sig
164 827 76 22 kunna
254 830 72 26 något
341 828 8 20 i
365 828 71 21 saken
455 828 110 28 företaga.
597 828 53 21 Med
672 827 106 22 afseende
800 827 62 27 härä,

113 864 43 21 och
179 864 28 21 dä
229 863 24 23 vi
269 866 38 19 äro
323 864 52 21 med
391 863 196 22 folkskolelärare-
603 864 43 21 och
661 863 202 29 folkskoleinspek-

112 901 149 20 torsmötenas
276 900 135 21 uttalanden
425 899 9 21 i
449 899 83 29 frägan
547 899 54 22 fullt
616 907 52 14 ense
684 906 38 15 om
737 899 39 21 det
797 901 67 19 orätt-

111 935 51 22 visa
176 935 9 21 i
204 934 79 30 hvarje
305 935 167 29 inskränkning
495 934 25 23 af
534 935 101 28 berörda,
652 935 211 22 folkskolelärarnes

112 973 52 25 rätt,
186 971 86 29 nödgas
288 971 24 22 vi
327 971 41 21 hos
384 971 89 21 landets
489 970 133 30 Höglofliga
636 970 98 22 Ständer
749 970 115 23 vördsamt

112 1007 83 21 föreslä

399 1046 32 20 att
450 1044 211 27 petitionsförslaget
680 1043 113 28 angående
812 1043 52 27 folk-

327 1080 146 22 skolelärares
487 1080 104 27 rättighet
606 1081 32 21 att
652 1080 115 26 samtidigt
781 1079 84 22 ansöka

325 1116 53 26 flere
399 1116 166 27 läraretjenster
580 1114 67 23 måtte
662 1116 85 21 lemnas
762 1116 56 21 utan
832 1114 34 28 af-

327 1152 83 22 seende.

221 1217 64 28 Georg
301 1217 121 22 Schauman.
575 1217 20 22 C.
613 1217 17 22 E.
648 1217 111 28 Holmberg.
