1034 1653
327 166 303 40 Petitionsmemorial.

175 245 116 36 Bondest.
718 248 42 22 N:o
771 248 23 22 9.

643 381 152 28 (Öfversättning).

393 428 76 24 Ärade
485 432 97 20 Talman

466 478 44 19 och

319 524 157 20 Hedervärda
491 523 161 20 Bondeständ.

178 585 143 26 Skyldigheten
339 587 30 17 att
387 587 70 23 utgöra
475 585 108 25 hällskjuts
598 585 38 20 och
650 585 118 19 underhälla
784 585 81 25 gästgif-

109 614 84 20 verier
187 610 12 33 i
210 614 44 19 värt
273 614 47 19 land
341 614 76 24 äligger
437 614 129 19 uteslutande
586 620 57 19 egare
664 614 20 19 af
704 614 80 24 mantal,
803 614 63 19 ehuru

109 643 59 19 dessa
187 642 49 20 allra
251 642 61 20 minst
330 643 90 24 begagna
438 642 31 25 sig
483 643 20 18 af
521 642 107 25 hällskjuts
644 642 37 20 och
696 642 169 25 skjutsanstalter.

110 671 126 25 Tjänstemän
256 671 38 19 och
314 671 106 19 affärsmän
439 671 90 19 däremot
549 671 88 24 begagna
657 671 30 24 sig
706 671 49 19 allra
776 672 53 18 mest
848 671 19 18 af

109 699 139 25 gästgifverier
267 700 37 19 och
322 699 109 25 hällskjuts
449 699 38 19 och
502 699 34 20 det
551 701 22 17 är
587 699 21 25 ju
624 699 64 23 dessa,
704 705 42 14 som
762 699 6 19 i
784 699 83 20 främsta

109 729 87 18 rummet
214 729 46 24 göra
275 728 88 25 anspråk
378 727 25 26 pä
419 729 28 18 att
460 728 188 25 skjutsanstalterna
664 728 45 19 böra
724 729 79 18 befinna
819 729 30 24 sig
861 729 6 18 i

110 758 29 18 ett
158 757 7 18 i
183 757 38 18 alla
239 757 106 19 afseenden
368 757 125 24 mönstergilt
515 757 37 19 och
574 756 105 25 tidsenligt
696 757 63 19 skick.
790 757 38 19 Det
846 759 21 18 är

110 785 66 19 därför
194 785 44 19 icke
258 785 69 25 billigt,
348 786 30 18 att
397 785 128 19 uteslutande
545 791 58 18 egare
621 785 20 19 af
655 785 75 20 mantal
746 785 81 26 erlägga
842 786 25 19 de

110 813 148 25 omkostnader,
275 820 42 13 som
331 814 30 19 för
377 813 199 25 skjutsanstalternas
592 813 104 20 underhäll
711 815 104 18 erfordras.
838 815 29 18 De

110 842 122 26 folkklasser,
252 848 43 13 som
315 843 20 18 af
354 842 115 19 samhällets
489 842 100 19 förmåner
603 842 61 25 draga
679 844 64 23 nytta,
759 845 35 18 äro
809 843 58 20 äfven

111 871 92 24 skyldiga
218 872 30 18 att
263 871 78 24 deltaga
355 871 6 18 i
377 871 38 19 den
431 873 68 22 tunga,
515 877 72 19 genom
602 871 80 19 hvilken
696 871 60 20 dessa
768 871 100 20 förmåner

110 899 65 20 ernäs.

180 927 25 20 Vi
221 927 51 26 väga
287 928 64 19 därför
366 927 86 24 anhälla,
468 929 31 18 att
512 927 123 20 hedervärda
645 928 152 20 Bondeständet
807 928 61 20 mätte

111 956 123 19 understöda
255 957 37 18 och
315 957 29 19 till
366 957 147 19 vederbörande
532 956 77 19 utskott
628 957 101 19 remittera
747 963 24 13 en
787 957 82 25 ödmjuk

112 984 84 25 petition
211 985 76 18 därom:

301 1026 28 18 att
349 1024 38 19 alla
406 1024 138 25 skattskyldiga
563 1024 125 20 medlemmar
708 1026 26 24 af
750 1025 119 20 kommunen

250 1059 49 18 vore,
322 1053 9 19 i
351 1053 122 25 förhällande
499 1053 29 19 till
549 1053 45 19 sina
618 1053 126 20 kommunala
764 1054 104 23 skattören,

251 1081 114 25 förpligtade
383 1083 27 18 att
424 1081 140 20 vidmakthålla
578 1081 102 26 hällskjuts
691 1083 33 18 och
734 1082 135 26 skjutsanstal-

251 1112 28 17 ter
295 1110 30 25 pä
346 1110 68 23 landet,
435 1109 86 26 såframt
540 1110 22 19 de
576 1111 39 19 icke
632 1117 68 18 genom
716 1111 97 25 grundlag
827 1111 44 20 eller

252 1139 61 18 andra
329 1139 54 24 lagar
397 1140 35 17 äro
447 1139 92 24 därifrän
554 1139 88 25 befriade.

183 1189 125 25 Helsingfors
323 1189 39 20 den
379 1190 25 19 26
420 1189 82 20 Januari
520 1191 60 18 1897.

185 1244 56 21 Antti
255 1244 104 22 Kananen.
658 1245 58 22 Matti
733 1245 68 22 Rossi.

183 1278 43 22 Joh.
246 1278 106 28 Haanpää.
656 1279 15 22 J.
688 1279 115 22 Riihimäki.

183 1312 63 22 Wilho
263 1313 94 21 Penttilä.
673 1313 22 22 K.
712 1313 90 28 Myllylä.

184 1346 50 22 Juho
248 1346 91 28 Torppa.
622 1348 21 21 L.
658 1347 28 22 W.
703 1348 99 21 Laitinen.

183 1380 50 22 Juho
250 1380 105 23 Pitkänen.
604 1381 103 23 Johannes
726 1382 74 27 Lagus.

258 1461 109 22 Helsingfors
381 1461 49 16 1997.
456 1460 111 23 Helsingfors
580 1461 151 21 Centraltryekeri.
