<?xml version="1.0" encoding="UTF-8"?>
<alto xmlns="http://www.loc.gov/standards/alto/ns-v3#" xmlns:xlink="http://www.w3.org/1999/xlink" xmlns:xsi="http://www.w3.org/2001/XMLSchema-instance" xsi:schemaLocation="http://www.loc.gov/standards/alto/ns-v3# http://www.loc.gov/alto/v3/alto-3-0.xsd">
	<Description>
		<MeasurementUnit>pixel</MeasurementUnit>
		<sourceImageInformation>
			<fileName>/tmp/tess_o25bjm8j_input.PNG</fileName>
		</sourceImageInformation>
		<OCRProcessing ID="OCR_0">
			<ocrProcessingStep>
				<processingSoftware>
					<softwareName>tesseract 5.3.4</softwareName>
				</processingSoftware>
			</ocrProcessingStep>
		</OCRProcessing>
	</Description>
	<Layout>
		<Page WIDTH="1034" HEIGHT="1653" PHYSICAL_IMG_NR="0" ID="page_0">
			<PrintSpace HPOS="0" VPOS="0" WIDTH="1034" HEIGHT="1653">
				<ComposedBlock ID="cblock_0" HPOS="288" VPOS="119" WIDTH="549" HEIGHT="24">
					<TextBlock ID="block_0" HPOS="288" VPOS="119" WIDTH="549" HEIGHT="24">
						<TextLine ID="line_0" HPOS="288" VPOS="119" WIDTH="549" HEIGHT="24">
							<String ID="string_0" HPOS="288" VPOS="119" WIDTH="279" HEIGHT="24" WC="0.91" CONTENT="Petitionsbetänkande"/><SP WIDTH="15" VPOS="119" HPOS="567"/>
							<String ID="string_1" HPOS="582" VPOS="119" WIDTH="43" HEIGHT="23" WC="0.96" CONTENT="N:o"/><SP WIDTH="16" VPOS="119" HPOS="625"/>
							<String ID="string_2" HPOS="641" VPOS="119" WIDTH="37" HEIGHT="23" WC="0.95" CONTENT="38."/><SP WIDTH="147" VPOS="119" HPOS="678"/>
							<String ID="string_3" HPOS="825" VPOS="119" WIDTH="12" HEIGHT="20" WC="0.96" CONTENT="3"/>
						</TextLine>
					</TextBlock>
				</ComposedBlock>
				<ComposedBlock ID="cblock_1" HPOS="110" VPOS="183" WIDTH="758" HEIGHT="1233">
					<TextBlock ID="block_1" HPOS="110" VPOS="183" WIDTH="757" HEIGHT="505">
						<TextLine ID="line_1" HPOS="112" VPOS="183" WIDTH="755" HEIGHT="31">
							<String ID="string_4" HPOS="112" VPOS="185" WIDTH="104" HEIGHT="29" WC="0.92" CONTENT="förlitlig"/><SP WIDTH="27" VPOS="185" HPOS="216"/>
							<String ID="string_5" HPOS="243" VPOS="185" WIDTH="136" HEIGHT="29" WC="0.96" CONTENT="utredning"/><SP WIDTH="28" VPOS="185" HPOS="379"/>
							<String ID="string_6" HPOS="407" VPOS="185" WIDTH="21" HEIGHT="29" WC="0.96" CONTENT="ej"/><SP WIDTH="29" VPOS="185" HPOS="428"/>
							<String ID="string_7" HPOS="457" VPOS="184" WIDTH="65" HEIGHT="23" WC="0.96" CONTENT="blott"/><SP WIDTH="26" VPOS="184" HPOS="522"/>
							<String ID="string_8" HPOS="548" VPOS="191" WIDTH="41" HEIGHT="16" WC="0.96" CONTENT="om"/><SP WIDTH="28" VPOS="191" HPOS="589"/>
							<String ID="string_9" HPOS="617" VPOS="184" WIDTH="31" HEIGHT="22" WC="0.96" CONTENT="de"/><SP WIDTH="25" VPOS="184" HPOS="648"/>
							<String ID="string_10" HPOS="673" VPOS="184" WIDTH="138" HEIGHT="22" WC="0.96" CONTENT="kostnader"/><SP WIDTH="18" VPOS="184" HPOS="811"/>
							<String ID="string_11" HPOS="829" VPOS="183" WIDTH="38" HEIGHT="23" WC="0.96" CONTENT="för"/>
						</TextLine>
						<TextLine ID="line_2" HPOS="110" VPOS="218" WIDTH="757" HEIGHT="30">
							<String ID="string_12" HPOS="110" VPOS="220" WIDTH="200" HEIGHT="26" WC="0.93" CONTENT="vederbörande,"/><SP WIDTH="22" VPOS="220" HPOS="310"/>
							<String ID="string_13" HPOS="332" VPOS="219" WIDTH="123" HEIGHT="22" WC="0.92" CONTENT="hvarmed"/><SP WIDTH="24" VPOS="219" HPOS="455"/>
							<String ID="string_14" HPOS="479" VPOS="219" WIDTH="199" HEIGHT="29" WC="0.92" CONTENT="ifrägavarande"/><SP WIDTH="23" VPOS="219" HPOS="678"/>
							<String ID="string_15" HPOS="701" VPOS="218" WIDTH="106" HEIGHT="22" WC="0.91" CONTENT="besvärs"/><SP WIDTH="24" VPOS="218" HPOS="807"/>
							<String ID="string_16" HPOS="831" VPOS="219" WIDTH="36" HEIGHT="21" WC="0.93" CONTENT="ut-"/>
						</TextLine>
						<TextLine ID="line_3" HPOS="110" VPOS="252" WIDTH="756" HEIGHT="30">
							<String ID="string_17" HPOS="110" VPOS="254" WIDTH="114" HEIGHT="28" WC="0.92" CONTENT="görande"/><SP WIDTH="27" VPOS="254" HPOS="224"/>
							<String ID="string_18" HPOS="251" VPOS="260" WIDTH="60" HEIGHT="16" WC="0.92" CONTENT="vore"/><SP WIDTH="24" VPOS="260" HPOS="311"/>
							<String ID="string_19" HPOS="335" VPOS="253" WIDTH="130" HEIGHT="26" WC="0.92" CONTENT="förenade,"/><SP WIDTH="25" VPOS="253" HPOS="465"/>
							<String ID="string_20" HPOS="490" VPOS="254" WIDTH="63" HEIGHT="22" WC="0.93" CONTENT="utan"/><SP WIDTH="24" VPOS="254" HPOS="553"/>
							<String ID="string_21" HPOS="577" VPOS="253" WIDTH="46" HEIGHT="22" WC="0.92" CONTENT="ock"/><SP WIDTH="24" VPOS="253" HPOS="623"/>
							<String ID="string_22" HPOS="647" VPOS="260" WIDTH="40" HEIGHT="15" WC="0.95" CONTENT="om"/><SP WIDTH="19" VPOS="260" HPOS="687"/>
							<String ID="string_23" HPOS="706" VPOS="253" WIDTH="32" HEIGHT="22" WC="0.95" CONTENT="de"/><SP WIDTH="18" VPOS="253" HPOS="738"/>
							<String ID="string_24" HPOS="756" VPOS="252" WIDTH="110" HEIGHT="30" WC="0.85" CONTENT="utgifter,"/>
						</TextLine>
						<TextLine ID="line_4" HPOS="111" VPOS="287" WIDTH="756" HEIGHT="30">
							<String ID="string_25" HPOS="111" VPOS="294" WIDTH="53" HEIGHT="16" WC="0.91" CONTENT="som"/><SP WIDTH="28" VPOS="294" HPOS="164"/>
							<String ID="string_26" HPOS="192" VPOS="288" WIDTH="140" HEIGHT="22" WC="0.91" CONTENT="desammas"/><SP WIDTH="25" VPOS="288" HPOS="332"/>
							<String ID="string_27" HPOS="357" VPOS="288" WIDTH="184" HEIGHT="29" WC="0.92" CONTENT="öfvertagande"/><SP WIDTH="27" VPOS="288" HPOS="541"/>
							<String ID="string_28" HPOS="568" VPOS="288" WIDTH="24" HEIGHT="22" WC="0.96" CONTENT="af"/><SP WIDTH="22" VPOS="288" HPOS="592"/>
							<String ID="string_29" HPOS="614" VPOS="289" WIDTH="82" HEIGHT="21" WC="0.93" CONTENT="staten"/><SP WIDTH="18" VPOS="289" HPOS="696"/>
							<String ID="string_30" HPOS="714" VPOS="287" WIDTH="99" HEIGHT="22" WC="0.92" CONTENT="komme"/><SP WIDTH="20" VPOS="287" HPOS="813"/>
							<String ID="string_31" HPOS="833" VPOS="288" WIDTH="34" HEIGHT="21" WC="0.96" CONTENT="att"/>
						</TextLine>
						<TextLine ID="line_5" HPOS="110" VPOS="321" WIDTH="757" HEIGHT="29">
							<String ID="string_32" HPOS="110" VPOS="323" WIDTH="122" HEIGHT="26" WC="0.92" CONTENT="medföra,"/><SP WIDTH="22" VPOS="323" HPOS="232"/>
							<String ID="string_33" HPOS="254" VPOS="324" WIDTH="64" HEIGHT="20" WC="0.93" CONTENT="samt"/><SP WIDTH="22" VPOS="324" HPOS="318"/>
							<String ID="string_34" HPOS="340" VPOS="322" WIDTH="139" HEIGHT="22" WC="0.91" CONTENT="hemstälde"/><SP WIDTH="24" VPOS="322" HPOS="479"/>
							<String ID="string_35" HPOS="503" VPOS="322" WIDTH="88" HEIGHT="22" WC="0.96" CONTENT="därför"/><SP WIDTH="19" VPOS="322" HPOS="591"/>
							<String ID="string_36" HPOS="610" VPOS="323" WIDTH="36" HEIGHT="20" WC="0.96" CONTENT="att"/><SP WIDTH="18" VPOS="323" HPOS="646"/>
							<String ID="string_37" HPOS="664" VPOS="322" WIDTH="26" HEIGHT="21" WC="0.93" CONTENT="ät"/><SP WIDTH="18" VPOS="322" HPOS="690"/>
							<String ID="string_38" HPOS="708" VPOS="321" WIDTH="159" HEIGHT="29" WC="0.91" CONTENT="sakkunnige"/>
						</TextLine>
						<TextLine ID="line_6" HPOS="111" VPOS="355" WIDTH="756" HEIGHT="30">
							<String ID="string_39" HPOS="111" VPOS="357" WIDTH="58" HEIGHT="22" WC="0.93" CONTENT="män"/><SP WIDTH="25" VPOS="357" HPOS="169"/>
							<String ID="string_40" HPOS="194" VPOS="357" WIDTH="75" HEIGHT="22" WC="0.91" CONTENT="mätte"/><SP WIDTH="24" VPOS="357" HPOS="269"/>
							<String ID="string_41" HPOS="293" VPOS="356" WIDTH="147" HEIGHT="29" WC="0.92" CONTENT="uppdragas"/><SP WIDTH="20" VPOS="356" HPOS="440"/>
							<String ID="string_42" HPOS="460" VPOS="357" WIDTH="35" HEIGHT="22" WC="0.93" CONTENT="att"/><SP WIDTH="17" VPOS="357" HPOS="495"/>
							<String ID="string_43" HPOS="512" VPOS="356" WIDTH="153" HEIGHT="22" WC="0.91" CONTENT="införskaffa"/><SP WIDTH="19" VPOS="356" HPOS="665"/>
							<String ID="string_44" HPOS="684" VPOS="355" WIDTH="80" HEIGHT="30" WC="0.91" CONTENT="sagda"/><SP WIDTH="21" VPOS="355" HPOS="764"/>
							<String ID="string_45" HPOS="785" VPOS="356" WIDTH="82" HEIGHT="22" WC="0.92" CONTENT="utred-"/>
						</TextLine>
						<TextLine ID="line_7" HPOS="111" VPOS="390" WIDTH="756" HEIGHT="30">
							<String ID="string_46" HPOS="111" VPOS="391" WIDTH="61" HEIGHT="29" WC="0.92" CONTENT="ning"/><SP WIDTH="18" VPOS="391" HPOS="172"/>
							<String ID="string_47" HPOS="190" VPOS="392" WIDTH="76" HEIGHT="28" WC="0.96" CONTENT="jämte"/><SP WIDTH="19" VPOS="392" HPOS="266"/>
							<String ID="string_48" HPOS="285" VPOS="391" WIDTH="82" HEIGHT="29" WC="0.93" CONTENT="öfriga"/><SP WIDTH="19" VPOS="391" HPOS="367"/>
							<String ID="string_49" HPOS="386" VPOS="391" WIDTH="14" HEIGHT="22" WC="0.90" CONTENT="å"/><SP WIDTH="19" VPOS="391" HPOS="400"/>
							<String ID="string_50" HPOS="419" VPOS="391" WIDTH="80" HEIGHT="22" WC="0.93" CONTENT="saken"/><SP WIDTH="12" VPOS="391" HPOS="499"/>
							<String ID="string_51" HPOS="511" VPOS="391" WIDTH="159" HEIGHT="22" WC="0.91" CONTENT="inverkande"/><SP WIDTH="13" VPOS="391" HPOS="670"/>
							<String ID="string_52" HPOS="683" VPOS="390" WIDTH="184" HEIGHT="29" WC="0.96" CONTENT="upplysningar"/>
						</TextLine>
						<TextLine ID="line_8" HPOS="110" VPOS="425" WIDTH="757" HEIGHT="29">
							<String ID="string_53" HPOS="110" VPOS="426" WIDTH="47" HEIGHT="21" WC="0.96" CONTENT="och"/><SP WIDTH="19" VPOS="426" HPOS="157"/>
							<String ID="string_54" HPOS="176" VPOS="425" WIDTH="109" HEIGHT="23" WC="0.93" CONTENT="därefter"/><SP WIDTH="20" VPOS="425" HPOS="285"/>
							<String ID="string_55" HPOS="305" VPOS="425" WIDTH="109" HEIGHT="22" WC="0.92" CONTENT="aflämna"/><SP WIDTH="20" VPOS="425" HPOS="414"/>
							<String ID="string_56" HPOS="434" VPOS="425" WIDTH="21" HEIGHT="29" WC="0.92" CONTENT="ej"/><SP WIDTH="21" VPOS="425" HPOS="455"/>
							<String ID="string_57" HPOS="476" VPOS="425" WIDTH="98" HEIGHT="22" WC="0.96" CONTENT="mindre"/><SP WIDTH="19" VPOS="425" HPOS="574"/>
							<String ID="string_58" HPOS="593" VPOS="425" WIDTH="49" HEIGHT="22" WC="0.93" CONTENT="den"/><SP WIDTH="20" VPOS="425" HPOS="642"/>
							<String ID="string_59" HPOS="662" VPOS="425" WIDTH="107" HEIGHT="22" WC="0.92" CONTENT="sälunda"/><SP WIDTH="12" VPOS="425" HPOS="769"/>
							<String ID="string_60" HPOS="781" VPOS="431" WIDTH="86" HEIGHT="16" WC="0.93" CONTENT="vunna"/>
						</TextLine>
						<TextLine ID="line_9" HPOS="110" VPOS="459" WIDTH="757" HEIGHT="30">
							<String ID="string_61" HPOS="110" VPOS="460" WIDTH="169" HEIGHT="29" WC="0.96" CONTENT="utredningen"/><SP WIDTH="28" VPOS="460" HPOS="279"/>
							<String ID="string_62" HPOS="307" VPOS="460" WIDTH="32" HEIGHT="21" WC="0.92" CONTENT="än"/><SP WIDTH="27" VPOS="460" HPOS="339"/>
							<String ID="string_63" HPOS="366" VPOS="459" WIDTH="159" HEIGHT="30" WC="0.95" CONTENT="fullständigt"/><SP WIDTH="24" VPOS="459" HPOS="525"/>
							<String ID="string_64" HPOS="549" VPOS="459" WIDTH="139" HEIGHT="30" WC="0.96" CONTENT="lagförslag"/><SP WIDTH="28" VPOS="459" HPOS="688"/>
							<String ID="string_65" HPOS="716" VPOS="459" WIDTH="37" HEIGHT="22" WC="0.93" CONTENT="till"/><SP WIDTH="23" VPOS="459" HPOS="753"/>
							<String ID="string_66" HPOS="776" VPOS="459" WIDTH="91" HEIGHT="29" WC="0.87" CONTENT="ifräga-"/>
						</TextLine>
						<TextLine ID="line_10" HPOS="111" VPOS="493" WIDTH="756" HEIGHT="30">
							<String ID="string_67" HPOS="111" VPOS="495" WIDTH="113" HEIGHT="22" WC="0.93" CONTENT="varande"/><SP WIDTH="27" VPOS="495" HPOS="224"/>
							<String ID="string_68" HPOS="251" VPOS="494" WIDTH="105" HEIGHT="22" WC="0.89" CONTENT="besvärs"/><SP WIDTH="29" VPOS="494" HPOS="356"/>
							<String ID="string_69" HPOS="385" VPOS="494" WIDTH="187" HEIGHT="29" WC="0.87" CONTENT="öfvertagande"/><SP WIDTH="28" VPOS="494" HPOS="572"/>
							<String ID="string_70" HPOS="600" VPOS="494" WIDTH="27" HEIGHT="22" WC="0.96" CONTENT="af"/><SP WIDTH="26" VPOS="494" HPOS="627"/>
							<String ID="string_71" HPOS="653" VPOS="495" WIDTH="90" HEIGHT="25" WC="0.96" CONTENT="staten,"/><SP WIDTH="30" VPOS="495" HPOS="743"/>
							<String ID="string_72" HPOS="773" VPOS="493" WIDTH="94" HEIGHT="26" WC="0.44" CONTENT="eller,"/><SP WIDTH="-12" VPOS="493" HPOS="867"/>
							<String ID="string_73" HPOS="855" VPOS="489" WIDTH="15" HEIGHT="38" WC="0.96" CONTENT="i"/>
						</TextLine>
						<TextLine ID="line_11" HPOS="110" VPOS="528" WIDTH="757" HEIGHT="29">
							<String ID="string_74" HPOS="110" VPOS="529" WIDTH="122" HEIGHT="22" WC="0.92" CONTENT="händelse"/><SP WIDTH="19" VPOS="529" HPOS="232"/>
							<String ID="string_75" HPOS="251" VPOS="535" WIDTH="31" HEIGHT="16" WC="0.93" CONTENT="en"/><SP WIDTH="19" VPOS="535" HPOS="282"/>
							<String ID="string_76" HPOS="301" VPOS="529" WIDTH="80" HEIGHT="22" WC="0.92" CONTENT="sädan"/><SP WIDTH="19" VPOS="529" HPOS="381"/>
							<String ID="string_77" HPOS="400" VPOS="528" WIDTH="90" HEIGHT="29" WC="0.92" CONTENT="ätgärd"/><SP WIDTH="19" VPOS="528" HPOS="490"/>
							<String ID="string_78" HPOS="509" VPOS="529" WIDTH="55" HEIGHT="22" WC="0.92" CONTENT="icke"/><SP WIDTH="19" VPOS="529" HPOS="564"/>
							<String ID="string_79" HPOS="583" VPOS="529" WIDTH="109" HEIGHT="28" WC="0.92" CONTENT="ansäges"/><SP WIDTH="18" VPOS="529" HPOS="692"/>
							<String ID="string_80" HPOS="710" VPOS="528" WIDTH="87" HEIGHT="22" WC="0.96" CONTENT="kunna"/><SP WIDTH="14" VPOS="528" HPOS="797"/>
							<String ID="string_81" HPOS="811" VPOS="528" WIDTH="56" HEIGHT="22" WC="0.96" CONTENT="med"/>
						</TextLine>
						<TextLine ID="line_12" HPOS="111" VPOS="562" WIDTH="756" HEIGHT="30">
							<String ID="string_82" HPOS="111" VPOS="563" WIDTH="81" HEIGHT="22" WC="0.92" CONTENT="fördel"/><SP WIDTH="24" VPOS="563" HPOS="192"/>
							<String ID="string_83" HPOS="216" VPOS="563" WIDTH="40" HEIGHT="22" WC="0.96" CONTENT="för"/><SP WIDTH="22" VPOS="563" HPOS="256"/>
							<String ID="string_84" HPOS="278" VPOS="563" WIDTH="31" HEIGHT="22" WC="0.93" CONTENT="de"/><SP WIDTH="19" VPOS="563" HPOS="309"/>
							<String ID="string_85" HPOS="328" VPOS="563" WIDTH="185" HEIGHT="29" WC="0.92" CONTENT="skattskyldige"/><SP WIDTH="20" VPOS="563" HPOS="513"/>
							<String ID="string_86" HPOS="533" VPOS="563" WIDTH="169" HEIGHT="29" WC="0.96" CONTENT="genomföras,"/><SP WIDTH="21" VPOS="563" HPOS="702"/>
							<String ID="string_87" HPOS="723" VPOS="563" WIDTH="36" HEIGHT="22" WC="0.96" CONTENT="till"/><SP WIDTH="18" VPOS="563" HPOS="759"/>
							<String ID="string_88" HPOS="777" VPOS="564" WIDTH="34" HEIGHT="21" WC="0.93" CONTENT="ett"/><SP WIDTH="19" VPOS="564" HPOS="811"/>
							<String ID="string_89" HPOS="830" VPOS="562" WIDTH="37" HEIGHT="23" WC="0.90" CONTENT="sä-"/>
						</TextLine>
						<TextLine ID="line_13" HPOS="111" VPOS="597" WIDTH="755" HEIGHT="29">
							<String ID="string_90" HPOS="111" VPOS="597" WIDTH="62" HEIGHT="23" WC="0.93" CONTENT="dant"/><SP WIDTH="18" VPOS="597" HPOS="173"/>
							<String ID="string_91" HPOS="191" VPOS="597" WIDTH="130" HEIGHT="23" WC="0.96" CONTENT="ordnande"/><SP WIDTH="20" VPOS="597" HPOS="321"/>
							<String ID="string_92" HPOS="341" VPOS="597" WIDTH="25" HEIGHT="22" WC="0.96" CONTENT="af"/><SP WIDTH="18" VPOS="597" HPOS="366"/>
							<String ID="string_93" HPOS="384" VPOS="597" WIDTH="69" HEIGHT="22" WC="0.96" CONTENT="detta"/><SP WIDTH="13" VPOS="597" HPOS="453"/>
							<String ID="string_94" HPOS="466" VPOS="597" WIDTH="101" HEIGHT="27" WC="0.96" CONTENT="besvär,"/><SP WIDTH="15" VPOS="597" HPOS="567"/>
							<String ID="string_95" HPOS="582" VPOS="599" WIDTH="36" HEIGHT="20" WC="0.93" CONTENT="att"/><SP WIDTH="9" VPOS="599" HPOS="618"/>
							<String ID="string_96" HPOS="627" VPOS="597" WIDTH="139" HEIGHT="23" WC="0.92" CONTENT="detsamma"/><SP WIDTH="10" VPOS="597" HPOS="766"/>
							<String ID="string_97" HPOS="776" VPOS="603" WIDTH="90" HEIGHT="23" WC="0.96" CONTENT="genom"/>
						</TextLine>
						<TextLine ID="line_14" HPOS="110" VPOS="631" WIDTH="757" HEIGHT="30">
							<String ID="string_98" HPOS="110" VPOS="632" WIDTH="70" HEIGHT="29" WC="0.92" CONTENT="jämn"/><SP WIDTH="24" VPOS="632" HPOS="180"/>
							<String ID="string_99" HPOS="204" VPOS="632" WIDTH="47" HEIGHT="22" WC="0.96" CONTENT="och"/><SP WIDTH="18" VPOS="632" HPOS="251"/>
							<String ID="string_100" HPOS="269" VPOS="631" WIDTH="89" HEIGHT="23" WC="0.93" CONTENT="rättvis"/><SP WIDTH="19" VPOS="631" HPOS="358"/>
							<String ID="string_101" HPOS="377" VPOS="631" WIDTH="145" HEIGHT="30" WC="0.91" CONTENT="fördelning"/><SP WIDTH="18" VPOS="631" HPOS="522"/>
							<String ID="string_102" HPOS="540" VPOS="632" WIDTH="8" HEIGHT="21" WC="0.93" CONTENT="i"/><SP WIDTH="18" VPOS="632" HPOS="548"/>
							<String ID="string_103" HPOS="566" VPOS="632" WIDTH="142" HEIGHT="29" WC="0.92" CONTENT="möjligaste"/><SP WIDTH="20" VPOS="632" HPOS="708"/>
							<String ID="string_104" HPOS="728" VPOS="631" WIDTH="77" HEIGHT="22" WC="0.91" CONTENT="mätto"/><SP WIDTH="19" VPOS="631" HPOS="805"/>
							<String ID="string_105" HPOS="824" VPOS="631" WIDTH="43" HEIGHT="22" WC="0.92" CONTENT="lin-"/>
						</TextLine>
						<TextLine ID="line_15" HPOS="111" VPOS="666" WIDTH="99" HEIGHT="22">
							<String ID="string_106" HPOS="111" VPOS="666" WIDTH="99" HEIGHT="22" WC="0.92" CONTENT="drades."/>
						</TextLine>
					</TextBlock>
					<TextBlock ID="block_2" HPOS="110" VPOS="700" WIDTH="758" HEIGHT="716">
						<TextLine ID="line_16" HPOS="180" VPOS="700" WIDTH="685" HEIGHT="29">
							<String ID="string_107" HPOS="180" VPOS="700" WIDTH="55" HEIGHT="22" WC="0.92" CONTENT="Den"/><SP WIDTH="26" VPOS="700" HPOS="235"/>
							<String ID="string_108" HPOS="261" VPOS="700" WIDTH="100" HEIGHT="26" WC="0.92" CONTENT="komitö,"/><SP WIDTH="27" VPOS="700" HPOS="361"/>
							<String ID="string_109" HPOS="388" VPOS="706" WIDTH="53" HEIGHT="16" WC="0.96" CONTENT="som"/><SP WIDTH="24" VPOS="706" HPOS="441"/>
							<String ID="string_110" HPOS="465" VPOS="700" WIDTH="8" HEIGHT="22" WC="0.93" CONTENT="i"/><SP WIDTH="23" VPOS="700" HPOS="473"/>
							<String ID="string_111" HPOS="496" VPOS="700" WIDTH="137" HEIGHT="29" WC="0.93" CONTENT="anledning"/><SP WIDTH="19" VPOS="700" HPOS="633"/>
							<String ID="string_112" HPOS="652" VPOS="700" WIDTH="74" HEIGHT="22" WC="0.88" CONTENT="häraf"/><SP WIDTH="18" VPOS="700" HPOS="726"/>
							<String ID="string_113" HPOS="744" VPOS="700" WIDTH="121" HEIGHT="26" WC="0.88" CONTENT="tillsattes,"/>
						</TextLine>
						<TextLine ID="line_17" HPOS="111" VPOS="734" WIDTH="756" HEIGHT="29">
							<String ID="string_114" HPOS="111" VPOS="734" WIDTH="146" HEIGHT="22" WC="0.92" CONTENT="beräknade"/><SP WIDTH="28" VPOS="734" HPOS="257"/>
							<String ID="string_115" HPOS="285" VPOS="734" WIDTH="77" HEIGHT="22" WC="0.96" CONTENT="bland"/><SP WIDTH="26" VPOS="734" HPOS="362"/>
							<String ID="string_116" HPOS="388" VPOS="736" WIDTH="77" HEIGHT="20" WC="0.95" CONTENT="annat"/><SP WIDTH="19" VPOS="736" HPOS="465"/>
							<String ID="string_117" HPOS="484" VPOS="736" WIDTH="36" HEIGHT="21" WC="0.95" CONTENT="att"/><SP WIDTH="18" VPOS="736" HPOS="520"/>
							<String ID="string_118" HPOS="538" VPOS="735" WIDTH="81" HEIGHT="22" WC="0.96" CONTENT="under"/><SP WIDTH="21" VPOS="735" HPOS="619"/>
							<String ID="string_119" HPOS="640" VPOS="734" WIDTH="68" HEIGHT="23" WC="0.92" CONTENT="1864"/><SP WIDTH="19" VPOS="734" HPOS="708"/>
							<String ID="string_120" HPOS="727" VPOS="734" WIDTH="56" HEIGHT="22" WC="0.92" CONTENT="frän"/><SP WIDTH="19" VPOS="734" HPOS="783"/>
							<String ID="string_121" HPOS="802" VPOS="735" WIDTH="65" HEIGHT="28" WC="0.92" CONTENT="gäst-"/>
						</TextLine>
						<TextLine ID="line_18" HPOS="111" VPOS="769" WIDTH="756" HEIGHT="29">
							<String ID="string_122" HPOS="111" VPOS="769" WIDTH="153" HEIGHT="29" WC="0.92" CONTENT="gifverierna"/><SP WIDTH="19" VPOS="769" HPOS="264"/>
							<String ID="string_123" HPOS="283" VPOS="769" WIDTH="8" HEIGHT="21" WC="0.93" CONTENT="i"/><SP WIDTH="18" VPOS="769" HPOS="291"/>
							<String ID="string_124" HPOS="309" VPOS="769" WIDTH="82" HEIGHT="29" WC="0.91" CONTENT="skjuts"/><SP WIDTH="18" VPOS="769" HPOS="391"/>
							<String ID="string_125" HPOS="409" VPOS="769" WIDTH="84" HEIGHT="29" WC="0.91" CONTENT="utgätt"/><SP WIDTH="19" VPOS="769" HPOS="493"/>
							<String ID="string_126" HPOS="512" VPOS="769" WIDTH="114" HEIGHT="26" WC="0.93" CONTENT="722,723"/><SP WIDTH="19" VPOS="769" HPOS="626"/>
							<String ID="string_127" HPOS="645" VPOS="769" WIDTH="87" HEIGHT="22" WC="0.92" CONTENT="hästar"/><SP WIDTH="20" VPOS="769" HPOS="732"/>
							<String ID="string_128" HPOS="752" VPOS="770" WIDTH="63" HEIGHT="20" WC="0.96" CONTENT="samt"/><SP WIDTH="17" VPOS="770" HPOS="815"/>
							<String ID="string_129" HPOS="832" VPOS="769" WIDTH="35" HEIGHT="21" WC="0.96" CONTENT="att"/>
						</TextLine>
						<TextLine ID="line_19" HPOS="112" VPOS="803" WIDTH="755" HEIGHT="29">
							<String ID="string_130" HPOS="112" VPOS="803" WIDTH="171" HEIGHT="23" WC="0.96" CONTENT="kostnaderna"/><SP WIDTH="19" VPOS="803" HPOS="283"/>
							<String ID="string_131" HPOS="302" VPOS="803" WIDTH="39" HEIGHT="22" WC="0.93" CONTENT="för"/><SP WIDTH="12" VPOS="803" HPOS="341"/>
							<String ID="string_132" HPOS="353" VPOS="803" WIDTH="233" HEIGHT="29" WC="0.92" CONTENT="skjutshällningen"/><SP WIDTH="13" VPOS="803" HPOS="586"/>
							<String ID="string_133" HPOS="599" VPOS="804" WIDTH="101" HEIGHT="22" WC="0.92" CONTENT="utöfver"/><SP WIDTH="10" VPOS="804" HPOS="700"/>
							<String ID="string_134" HPOS="710" VPOS="803" WIDTH="157" HEIGHT="29" WC="0.92" CONTENT="skjutslegan"/>
						</TextLine>
						<TextLine ID="line_20" HPOS="112" VPOS="837" WIDTH="755" HEIGHT="30">
							<String ID="string_135" HPOS="112" VPOS="839" WIDTH="72" HEIGHT="28" WC="0.92" CONTENT="stego"/><SP WIDTH="24" VPOS="839" HPOS="184"/>
							<String ID="string_136" HPOS="208" VPOS="838" WIDTH="36" HEIGHT="22" WC="0.96" CONTENT="till"/><SP WIDTH="22" VPOS="838" HPOS="244"/>
							<String ID="string_137" HPOS="266" VPOS="838" WIDTH="9" HEIGHT="22" WC="0.96" CONTENT="i"/><SP WIDTH="22" VPOS="838" HPOS="275"/>
							<String ID="string_138" HPOS="297" VPOS="838" WIDTH="42" HEIGHT="22" WC="0.96" CONTENT="det"/><SP WIDTH="18" VPOS="838" HPOS="339"/>
							<String ID="string_139" HPOS="357" VPOS="838" WIDTH="128" HEIGHT="22" WC="0.93" CONTENT="närmaste"/><SP WIDTH="20" VPOS="838" HPOS="485"/>
							<String ID="string_140" HPOS="505" VPOS="838" WIDTH="141" HEIGHT="26" WC="0.76" CONTENT="1,500,000"/><SP WIDTH="18" VPOS="838" HPOS="646"/>
							<String ID="string_141" HPOS="664" VPOS="838" WIDTH="80" HEIGHT="22" WC="0.95" CONTENT="mark."/><SP WIDTH="37" VPOS="838" HPOS="744"/>
							<String ID="string_142" HPOS="781" VPOS="837" WIDTH="86" HEIGHT="23" WC="0.96" CONTENT="Under"/>
						</TextLine>
						<TextLine ID="line_21" HPOS="112" VPOS="872" WIDTH="755" HEIGHT="29">
							<String ID="string_143" HPOS="112" VPOS="872" WIDTH="183" HEIGHT="22" WC="0.92" CONTENT="framhällande"/><SP WIDTH="28" VPOS="872" HPOS="295"/>
							<String ID="string_144" HPOS="323" VPOS="873" WIDTH="43" HEIGHT="25" WC="0.93" CONTENT="att,"/><SP WIDTH="27" VPOS="873" HPOS="366"/>
							<String ID="string_145" HPOS="393" VPOS="872" WIDTH="75" HEIGHT="22" WC="0.92" CONTENT="äfven"/><SP WIDTH="19" VPOS="872" HPOS="468"/>
							<String ID="string_146" HPOS="487" VPOS="879" WIDTH="41" HEIGHT="15" WC="0.93" CONTENT="om"/><SP WIDTH="19" VPOS="879" HPOS="528"/>
							<String ID="string_147" HPOS="547" VPOS="872" WIDTH="158" HEIGHT="29" WC="0.92" CONTENT="skjutslegan"/><SP WIDTH="19" VPOS="872" HPOS="705"/>
							<String ID="string_148" HPOS="724" VPOS="872" WIDTH="77" HEIGHT="29" WC="0.91" CONTENT="nägot"/><SP WIDTH="18" VPOS="872" HPOS="801"/>
							<String ID="string_149" HPOS="819" VPOS="872" WIDTH="48" HEIGHT="22" WC="0.93" CONTENT="för-"/>
						</TextLine>
						<TextLine ID="line_22" HPOS="112" VPOS="906" WIDTH="755" HEIGHT="30">
							<String ID="string_150" HPOS="112" VPOS="906" WIDTH="97" HEIGHT="29" WC="0.89" CONTENT="höjdes,"/><SP WIDTH="29" VPOS="906" HPOS="209"/>
							<String ID="string_151" HPOS="238" VPOS="906" WIDTH="145" HEIGHT="22" WC="0.90" CONTENT="densamma"/><SP WIDTH="28" VPOS="906" HPOS="383"/>
							<String ID="string_152" HPOS="411" VPOS="906" WIDTH="64" HEIGHT="22" WC="0.91" CONTENT="dock"/><SP WIDTH="23" VPOS="906" HPOS="475"/>
							<String ID="string_153" HPOS="498" VPOS="907" WIDTH="54" HEIGHT="22" WC="0.91" CONTENT="icke"/><SP WIDTH="23" VPOS="907" HPOS="552"/>
							<String ID="string_154" HPOS="575" VPOS="907" WIDTH="33" HEIGHT="28" WC="0.93" CONTENT="pä"/><SP WIDTH="24" VPOS="907" HPOS="608"/>
							<String ID="string_155" HPOS="632" VPOS="907" WIDTH="72" HEIGHT="29" WC="0.93" CONTENT="längt"/><SP WIDTH="18" VPOS="907" HPOS="704"/>
							<String ID="string_156" HPOS="722" VPOS="907" WIDTH="47" HEIGHT="21" WC="0.96" CONTENT="när"/><SP WIDTH="18" VPOS="907" HPOS="769"/>
							<String ID="string_157" HPOS="787" VPOS="906" WIDTH="80" HEIGHT="22" WC="0.96" CONTENT="skulle"/>
						</TextLine>
						<TextLine ID="line_23" HPOS="112" VPOS="940" WIDTH="755" HEIGHT="30">
							<String ID="string_158" HPOS="112" VPOS="940" WIDTH="106" HEIGHT="23" WC="0.90" CONTENT="betäcka"/><SP WIDTH="19" VPOS="940" HPOS="218"/>
							<String ID="string_159" HPOS="237" VPOS="941" WIDTH="30" HEIGHT="22" WC="0.96" CONTENT="de"/><SP WIDTH="19" VPOS="941" HPOS="267"/>
							<String ID="string_160" HPOS="286" VPOS="941" WIDTH="111" HEIGHT="29" WC="0.96" CONTENT="utgifter,"/><SP WIDTH="20" VPOS="941" HPOS="397"/>
							<String ID="string_161" HPOS="417" VPOS="947" WIDTH="54" HEIGHT="16" WC="0.96" CONTENT="som"/><SP WIDTH="19" VPOS="947" HPOS="471"/>
							<String ID="string_162" HPOS="490" VPOS="941" WIDTH="57" HEIGHT="23" WC="0.93" CONTENT="med"/><SP WIDTH="17" VPOS="941" HPOS="547"/>
							<String ID="string_163" HPOS="564" VPOS="941" WIDTH="229" HEIGHT="29" WC="0.91" CONTENT="skjutshällningen"/><SP WIDTH="13" VPOS="941" HPOS="793"/>
							<String ID="string_164" HPOS="806" VPOS="946" WIDTH="61" HEIGHT="16" WC="0.91" CONTENT="vore"/>
						</TextLine>
						<TextLine ID="line_24" HPOS="112" VPOS="975" WIDTH="755" HEIGHT="29">
							<String ID="string_165" HPOS="112" VPOS="975" WIDTH="128" HEIGHT="26" WC="0.92" CONTENT="förenade,"/><SP WIDTH="20" VPOS="975" HPOS="240"/>
							<String ID="string_166" HPOS="260" VPOS="975" WIDTH="46" HEIGHT="22" WC="0.96" CONTENT="och"/><SP WIDTH="19" VPOS="975" HPOS="306"/>
							<String ID="string_167" HPOS="325" VPOS="976" WIDTH="36" HEIGHT="21" WC="0.97" CONTENT="att"/><SP WIDTH="12" VPOS="976" HPOS="361"/>
							<String ID="string_168" HPOS="373" VPOS="975" WIDTH="75" HEIGHT="22" WC="0.96" CONTENT="dessa"/><SP WIDTH="12" VPOS="975" HPOS="448"/>
							<String ID="string_169" HPOS="460" VPOS="976" WIDTH="112" HEIGHT="28" WC="0.96" CONTENT="utgifter,"/><SP WIDTH="15" VPOS="976" HPOS="572"/>
							<String ID="string_170" HPOS="587" VPOS="982" WIDTH="40" HEIGHT="15" WC="0.93" CONTENT="om"/><SP WIDTH="11" VPOS="982" HPOS="627"/>
							<String ID="string_171" HPOS="638" VPOS="975" WIDTH="229" HEIGHT="29" WC="0.92" CONTENT="skjutshällningen"/>
						</TextLine>
						<TextLine ID="line_25" HPOS="112" VPOS="1009" WIDTH="755" HEIGHT="29">
							<String ID="string_172" HPOS="112" VPOS="1009" WIDTH="80" HEIGHT="22" WC="0.93" CONTENT="skulle"/><SP WIDTH="18" VPOS="1009" HPOS="192"/>
							<String ID="string_173" HPOS="210" VPOS="1009" WIDTH="145" HEIGHT="29" WC="0.92" CONTENT="öfvertagas"/><SP WIDTH="20" VPOS="1009" HPOS="355"/>
							<String ID="string_174" HPOS="375" VPOS="1009" WIDTH="26" HEIGHT="22" WC="0.97" CONTENT="af"/><SP WIDTH="14" VPOS="1009" HPOS="401"/>
							<String ID="string_175" HPOS="415" VPOS="1011" WIDTH="90" HEIGHT="25" WC="0.93" CONTENT="staten,"/><SP WIDTH="21" VPOS="1011" HPOS="505"/>
							<String ID="string_176" HPOS="526" VPOS="1009" WIDTH="85" HEIGHT="23" WC="0.96" CONTENT="säkert"/><SP WIDTH="18" VPOS="1009" HPOS="611"/>
							<String ID="string_177" HPOS="629" VPOS="1009" WIDTH="99" HEIGHT="23" WC="0.95" CONTENT="komme"/><SP WIDTH="20" VPOS="1009" HPOS="728"/>
							<String ID="string_178" HPOS="748" VPOS="1011" WIDTH="35" HEIGHT="20" WC="0.96" CONTENT="att"/><SP WIDTH="19" VPOS="1011" HPOS="783"/>
							<String ID="string_179" HPOS="802" VPOS="1009" WIDTH="65" HEIGHT="28" WC="0.96" CONTENT="stiga"/>
						</TextLine>
						<TextLine ID="line_26" HPOS="112" VPOS="1043" WIDTH="755" HEIGHT="30">
							<String ID="string_180" HPOS="112" VPOS="1043" WIDTH="36" HEIGHT="22" WC="0.96" CONTENT="till"/><SP WIDTH="20" VPOS="1043" HPOS="148"/>
							<String ID="string_181" HPOS="168" VPOS="1044" WIDTH="67" HEIGHT="21" WC="0.96" CONTENT="ännu"/><SP WIDTH="19" VPOS="1044" HPOS="235"/>
							<String ID="string_182" HPOS="254" VPOS="1043" WIDTH="78" HEIGHT="29" WC="0.93" CONTENT="högre"/><SP WIDTH="19" VPOS="1043" HPOS="332"/>
							<String ID="string_183" HPOS="351" VPOS="1043" WIDTH="101" HEIGHT="29" WC="0.91" CONTENT="belopp,"/><SP WIDTH="19" VPOS="1043" HPOS="452"/>
							<String ID="string_184" HPOS="471" VPOS="1044" WIDTH="117" HEIGHT="29" WC="0.92" CONTENT="frängick"/><SP WIDTH="16" VPOS="1044" HPOS="588"/>
							<String ID="string_185" HPOS="604" VPOS="1044" WIDTH="110" HEIGHT="22" WC="0.92" CONTENT="komitön"/><SP WIDTH="14" VPOS="1044" HPOS="714"/>
							<String ID="string_186" HPOS="728" VPOS="1043" WIDTH="93" HEIGHT="23" WC="0.96" CONTENT="tanken"/><SP WIDTH="13" VPOS="1043" HPOS="821"/>
							<String ID="string_187" HPOS="834" VPOS="1043" WIDTH="33" HEIGHT="28" WC="0.96" CONTENT="pä"/>
						</TextLine>
						<TextLine ID="line_27" HPOS="112" VPOS="1077" WIDTH="755" HEIGHT="30">
							<String ID="string_188" HPOS="112" VPOS="1077" WIDTH="241" HEIGHT="30" WC="0.88" CONTENT="skjutshällningens"/><SP WIDTH="28" VPOS="1077" HPOS="353"/>
							<String ID="string_189" HPOS="381" VPOS="1079" WIDTH="185" HEIGHT="28" WC="0.88" CONTENT="öfvertagande"/><SP WIDTH="30" VPOS="1079" HPOS="566"/>
							<String ID="string_190" HPOS="596" VPOS="1078" WIDTH="25" HEIGHT="22" WC="0.92" CONTENT="af"/><SP WIDTH="27" VPOS="1078" HPOS="621"/>
							<String ID="string_191" HPOS="648" VPOS="1078" WIDTH="152" HEIGHT="23" WC="0.91" CONTENT="statsverket"/><SP WIDTH="21" VPOS="1078" HPOS="800"/>
							<String ID="string_192" HPOS="821" VPOS="1077" WIDTH="46" HEIGHT="23" WC="0.96" CONTENT="och"/>
						</TextLine>
						<TextLine ID="line_28" HPOS="111" VPOS="1112" WIDTH="756" HEIGHT="30">
							<String ID="string_193" HPOS="111" VPOS="1112" WIDTH="143" HEIGHT="29" WC="0.92" CONTENT="uppgjorde"/><SP WIDTH="27" VPOS="1112" HPOS="254"/>
							<String ID="string_194" HPOS="281" VPOS="1112" WIDTH="8" HEIGHT="22" WC="0.91" CONTENT="i"/><SP WIDTH="27" VPOS="1112" HPOS="289"/>
							<String ID="string_195" HPOS="316" VPOS="1112" WIDTH="83" HEIGHT="23" WC="0.91" CONTENT="stället"/><SP WIDTH="22" VPOS="1112" HPOS="399"/>
							<String ID="string_196" HPOS="421" VPOS="1114" WIDTH="35" HEIGHT="21" WC="0.96" CONTENT="ett"/><SP WIDTH="24" VPOS="1114" HPOS="456"/>
							<String ID="string_197" HPOS="480" VPOS="1113" WIDTH="97" HEIGHT="29" WC="0.96" CONTENT="förslag"/><SP WIDTH="22" VPOS="1113" HPOS="577"/>
							<String ID="string_198" HPOS="599" VPOS="1113" WIDTH="8" HEIGHT="22" WC="0.96" CONTENT="i"/><SP WIDTH="21" VPOS="1113" HPOS="607"/>
							<String ID="string_199" HPOS="628" VPOS="1113" WIDTH="43" HEIGHT="22" WC="0.96" CONTENT="det"/><SP WIDTH="18" VPOS="1113" HPOS="671"/>
							<String ID="string_200" HPOS="689" VPOS="1113" WIDTH="73" HEIGHT="28" WC="0.96" CONTENT="syfte,"/><SP WIDTH="21" VPOS="1113" HPOS="762"/>
							<String ID="string_201" HPOS="783" VPOS="1113" WIDTH="35" HEIGHT="22" WC="0.96" CONTENT="att"/><SP WIDTH="18" VPOS="1113" HPOS="818"/>
							<String ID="string_202" HPOS="836" VPOS="1112" WIDTH="31" HEIGHT="23" WC="0.96" CONTENT="de"/>
						</TextLine>
						<TextLine ID="line_29" HPOS="112" VPOS="1146" WIDTH="755" HEIGHT="29">
							<String ID="string_203" HPOS="112" VPOS="1146" WIDTH="275" HEIGHT="29" WC="0.92" CONTENT="skjutsningsskyldige"/><SP WIDTH="8" VPOS="1146" HPOS="387"/>
							<String ID="string_204" HPOS="395" VPOS="1147" WIDTH="52" HEIGHT="22" WC="0.96" CONTENT="helt"/><SP WIDTH="9" VPOS="1147" HPOS="447"/>
							<String ID="string_205" HPOS="456" VPOS="1147" WIDTH="47" HEIGHT="22" WC="0.93" CONTENT="och"/><SP WIDTH="9" VPOS="1147" HPOS="503"/>
							<String ID="string_206" HPOS="512" VPOS="1147" WIDTH="78" HEIGHT="22" WC="0.92" CONTENT="hället"/><SP WIDTH="10" VPOS="1147" HPOS="590"/>
							<String ID="string_207" HPOS="600" VPOS="1147" WIDTH="80" HEIGHT="22" WC="0.93" CONTENT="skulle"/><SP WIDTH="10" VPOS="1147" HPOS="680"/>
							<String ID="string_208" HPOS="690" VPOS="1147" WIDTH="58" HEIGHT="22" WC="0.92" CONTENT="frän"/><SP WIDTH="9" VPOS="1147" HPOS="748"/>
							<String ID="string_209" HPOS="757" VPOS="1147" WIDTH="110" HEIGHT="21" WC="0.95" CONTENT="nämnda"/>
						</TextLine>
						<TextLine ID="line_30" HPOS="111" VPOS="1180" WIDTH="756" HEIGHT="30">
							<String ID="string_210" HPOS="111" VPOS="1180" WIDTH="93" HEIGHT="23" WC="0.92" CONTENT="besvär"/><SP WIDTH="27" VPOS="1180" HPOS="204"/>
							<String ID="string_211" HPOS="231" VPOS="1180" WIDTH="93" HEIGHT="22" WC="0.89" CONTENT="befrias"/><SP WIDTH="28" VPOS="1180" HPOS="324"/>
							<String ID="string_212" HPOS="352" VPOS="1181" WIDTH="47" HEIGHT="22" WC="0.89" CONTENT="och"/><SP WIDTH="27" VPOS="1181" HPOS="399"/>
							<String ID="string_213" HPOS="426" VPOS="1181" WIDTH="179" HEIGHT="29" WC="0.89" CONTENT="skjutsningen"/><SP WIDTH="24" VPOS="1181" HPOS="605"/>
							<String ID="string_214" HPOS="629" VPOS="1181" WIDTH="120" HEIGHT="23" WC="0.90" CONTENT="bekostas"/><SP WIDTH="22" VPOS="1181" HPOS="749"/>
							<String ID="string_215" HPOS="771" VPOS="1182" WIDTH="96" HEIGHT="21" WC="0.92" CONTENT="ensamt"/>
						</TextLine>
						<TextLine ID="line_31" HPOS="112" VPOS="1215" WIDTH="755" HEIGHT="29">
							<String ID="string_216" HPOS="112" VPOS="1215" WIDTH="26" HEIGHT="22" WC="0.93" CONTENT="af"/><SP WIDTH="18" VPOS="1215" HPOS="138"/>
							<String ID="string_217" HPOS="156" VPOS="1215" WIDTH="116" HEIGHT="26" WC="0.95" CONTENT="trafiken,"/><SP WIDTH="19" VPOS="1215" HPOS="272"/>
							<String ID="string_218" HPOS="291" VPOS="1215" WIDTH="40" HEIGHT="22" WC="0.93" CONTENT="för"/><SP WIDTH="18" VPOS="1215" HPOS="331"/>
							<String ID="string_219" HPOS="349" VPOS="1215" WIDTH="97" HEIGHT="23" WC="0.96" CONTENT="hvilket"/><SP WIDTH="18" VPOS="1215" HPOS="446"/>
							<String ID="string_220" HPOS="464" VPOS="1216" WIDTH="119" HEIGHT="22" WC="0.95" CONTENT="ändamål"/><SP WIDTH="13" VPOS="1216" HPOS="583"/>
							<String ID="string_221" HPOS="596" VPOS="1216" WIDTH="49" HEIGHT="22" WC="0.96" CONTENT="den"/><SP WIDTH="12" VPOS="1216" HPOS="645"/>
							<String ID="string_222" HPOS="657" VPOS="1216" WIDTH="80" HEIGHT="22" WC="0.93" CONTENT="borde"/><SP WIDTH="13" VPOS="1216" HPOS="737"/>
							<String ID="string_223" HPOS="750" VPOS="1215" WIDTH="117" HEIGHT="29" WC="0.96" CONTENT="upplåtas"/>
						</TextLine>
						<TextLine ID="line_32" HPOS="112" VPOS="1249" WIDTH="756" HEIGHT="30">
							<String ID="string_224" HPOS="112" VPOS="1249" WIDTH="26" HEIGHT="22" WC="0.96" CONTENT="ät"/><SP WIDTH="18" VPOS="1249" HPOS="138"/>
							<String ID="string_225" HPOS="156" VPOS="1250" WIDTH="114" HEIGHT="22" WC="0.96" CONTENT="enskilda"/><SP WIDTH="18" VPOS="1250" HPOS="270"/>
							<String ID="string_226" HPOS="288" VPOS="1256" WIDTH="121" HEIGHT="22" WC="0.96" CONTENT="personer"/><SP WIDTH="18" VPOS="1256" HPOS="409"/>
							<String ID="string_227" HPOS="427" VPOS="1250" WIDTH="33" HEIGHT="28" WC="0.93" CONTENT="pä"/><SP WIDTH="14" VPOS="1250" HPOS="460"/>
							<String ID="string_228" HPOS="474" VPOS="1250" WIDTH="169" HEIGHT="29" WC="0.92" CONTENT="entreprenad"/><SP WIDTH="13" VPOS="1250" HPOS="643"/>
							<String ID="string_229" HPOS="656" VPOS="1250" WIDTH="57" HEIGHT="22" WC="0.96" CONTENT="med"/><SP WIDTH="10" VPOS="1250" HPOS="713"/>
							<String ID="string_230" HPOS="723" VPOS="1249" WIDTH="145" HEIGHT="29" WC="0.96" CONTENT="skyldighet"/>
						</TextLine>
						<TextLine ID="line_33" HPOS="110" VPOS="1283" WIDTH="758" HEIGHT="30">
							<String ID="string_231" HPOS="110" VPOS="1283" WIDTH="40" HEIGHT="23" WC="0.93" CONTENT="för"/><SP WIDTH="18" VPOS="1283" HPOS="150"/>
							<String ID="string_232" HPOS="168" VPOS="1285" WIDTH="195" HEIGHT="27" WC="0.92" CONTENT="entreprenören"/><SP WIDTH="24" VPOS="1285" HPOS="363"/>
							<String ID="string_233" HPOS="387" VPOS="1286" WIDTH="36" HEIGHT="21" WC="0.96" CONTENT="att"/><SP WIDTH="18" VPOS="1286" HPOS="423"/>
							<String ID="string_234" HPOS="441" VPOS="1286" WIDTH="62" HEIGHT="21" WC="0.93" CONTENT="utan"/><SP WIDTH="19" VPOS="1286" HPOS="503"/>
							<String ID="string_235" HPOS="522" VPOS="1284" WIDTH="92" HEIGHT="29" WC="0.92" CONTENT="bidrag"/><SP WIDTH="18" VPOS="1284" HPOS="614"/>
							<String ID="string_236" HPOS="632" VPOS="1284" WIDTH="57" HEIGHT="23" WC="0.92" CONTENT="frän"/><SP WIDTH="19" VPOS="1284" HPOS="689"/>
							<String ID="string_237" HPOS="708" VPOS="1286" WIDTH="81" HEIGHT="21" WC="0.96" CONTENT="staten"/><SP WIDTH="20" VPOS="1286" HPOS="789"/>
							<String ID="string_238" HPOS="809" VPOS="1284" WIDTH="59" HEIGHT="22" WC="0.96" CONTENT="eller"/>
						</TextLine>
						<TextLine ID="line_34" HPOS="111" VPOS="1318" WIDTH="756" HEIGHT="29">
							<String ID="string_239" HPOS="111" VPOS="1318" WIDTH="152" HEIGHT="22" WC="0.96" CONTENT="kommunen"/><SP WIDTH="26" VPOS="1318" HPOS="263"/>
							<String ID="string_240" HPOS="289" VPOS="1318" WIDTH="113" HEIGHT="23" WC="0.93" CONTENT="bestrida"/><SP WIDTH="27" VPOS="1318" HPOS="402"/>
							<String ID="string_241" HPOS="429" VPOS="1319" WIDTH="179" HEIGHT="28" WC="0.92" CONTENT="skjutsningen"/><SP WIDTH="28" VPOS="1319" HPOS="608"/>
							<String ID="string_242" HPOS="636" VPOS="1319" WIDTH="90" HEIGHT="22" WC="0.96" CONTENT="endast"/><SP WIDTH="26" VPOS="1319" HPOS="726"/>
							<String ID="string_243" HPOS="752" VPOS="1318" WIDTH="39" HEIGHT="23" WC="0.95" CONTENT="för"/><SP WIDTH="28" VPOS="1318" HPOS="791"/>
							<String ID="string_244" HPOS="819" VPOS="1318" WIDTH="48" HEIGHT="22" WC="0.95" CONTENT="den"/>
						</TextLine>
						<TextLine ID="line_35" HPOS="111" VPOS="1352" WIDTH="756" HEIGHT="30">
							<String ID="string_245" HPOS="111" VPOS="1352" WIDTH="148" HEIGHT="29" WC="0.92" CONTENT="skjutslega,"/><SP WIDTH="19" VPOS="1352" HPOS="259"/>
							<String ID="string_246" HPOS="278" VPOS="1353" WIDTH="36" HEIGHT="22" WC="0.93" CONTENT="till"/><SP WIDTH="18" VPOS="1353" HPOS="314"/>
							<String ID="string_247" HPOS="332" VPOS="1352" WIDTH="79" HEIGHT="23" WC="0.92" CONTENT="hvars"/><SP WIDTH="12" VPOS="1352" HPOS="411"/>
							<String ID="string_248" HPOS="423" VPOS="1353" WIDTH="169" HEIGHT="28" WC="0.92" CONTENT="uppbärande"/><SP WIDTH="12" VPOS="1353" HPOS="592"/>
							<String ID="string_249" HPOS="604" VPOS="1353" WIDTH="121" HEIGHT="29" WC="0.91" CONTENT="rättighet"/><SP WIDTH="15" VPOS="1353" HPOS="725"/>
							<String ID="string_250" HPOS="740" VPOS="1353" WIDTH="26" HEIGHT="22" WC="0.96" CONTENT="af"/><SP WIDTH="9" VPOS="1353" HPOS="766"/>
							<String ID="string_251" HPOS="775" VPOS="1353" WIDTH="92" HEIGHT="22" WC="0.96" CONTENT="honom"/>
						</TextLine>
						<TextLine ID="line_36" HPOS="111" VPOS="1386" WIDTH="226" HEIGHT="30">
							<String ID="string_252" HPOS="111" VPOS="1386" WIDTH="85" HEIGHT="23" WC="0.93" CONTENT="kunde"/><SP WIDTH="18" VPOS="1386" HPOS="196"/>
							<String ID="string_253" HPOS="214" VPOS="1386" WIDTH="123" HEIGHT="30" WC="0.91" CONTENT="betingas."/>
						</TextLine>
					</TextBlock>
				</ComposedBlock>
				<ComposedBlock ID="cblock_2" HPOS="179" VPOS="1469" WIDTH="483" HEIGHT="22">
					<TextBlock ID="block_3" HPOS="179" VPOS="1469" WIDTH="483" HEIGHT="22">
						<TextLine ID="line_37" HPOS="179" VPOS="1469" WIDTH="483" HEIGHT="22">
							<String ID="string_254" HPOS="179" VPOS="1469" WIDTH="48" HEIGHT="22" WC="0.80" CONTENT="Lag-"/><SP WIDTH="13" VPOS="1469" HPOS="227"/>
							<String ID="string_255" HPOS="240" VPOS="1469" WIDTH="31" HEIGHT="18" WC="0.93" CONTENT="och"/><SP WIDTH="13" VPOS="1469" HPOS="271"/>
							<String ID="string_256" HPOS="284" VPOS="1469" WIDTH="182" HEIGHT="19" WC="0.71" CONTENT="Ekonomiutskoitets"/><SP WIDTH="12" VPOS="1469" HPOS="466"/>
							<String ID="string_257" HPOS="478" VPOS="1470" WIDTH="112" HEIGHT="18" WC="0.96" CONTENT="betänkande"/><SP WIDTH="12" VPOS="1470" HPOS="590"/>
							<String ID="string_258" HPOS="602" VPOS="1472" WIDTH="34" HEIGHT="16" WC="0.0" CONTENT="N:o"/><SP WIDTH="8" VPOS="1472" HPOS="636"/>
							<String ID="string_259" HPOS="644" VPOS="1470" WIDTH="18" HEIGHT="17" WC="0.0" CONTENT="6."/>
						</TextLine>
					</TextBlock>
				</ComposedBlock>
			</PrintSpace>
		</Page>
	</Layout>
</alto>
