<?xml version="1.0" encoding="UTF-8"?>
<alto xmlns="http://www.loc.gov/standards/alto/ns-v3#" xmlns:xlink="http://www.w3.org/1999/xlink" xmlns:xsi="http://www.w3.org/2001/XMLSchema-instance" xsi:schemaLocation="http://www.loc.gov/standards/alto/ns-v3# http://www.loc.gov/alto/v3/alto-3-0.xsd">
	<Description>
		<MeasurementUnit>pixel</MeasurementUnit>
		<sourceImageInformation>
			<fileName>/tmp/tess_hjgu37ln_input.PNG</fileName>
		</sourceImageInformation>
		<OCRProcessing ID="OCR_0">
			<ocrProcessingStep>
				<processingSoftware>
					<softwareName>tesseract 5.3.4</softwareName>
				</processingSoftware>
			</ocrProcessingStep>
		</OCRProcessing>
	</Description>
	<Layout>
		<Page WIDTH="1028" HEIGHT="1656" PHYSICAL_IMG_NR="0" ID="page_0">
			<PrintSpace HPOS="0" VPOS="0" WIDTH="1028" HEIGHT="1656">
				<ComposedBlock ID="cblock_0" HPOS="153" VPOS="170" WIDTH="759" HEIGHT="1260">
					<TextBlock ID="block_0" HPOS="154" VPOS="170" WIDTH="758" HEIGHT="573">
						<TextLine ID="line_0" HPOS="155" VPOS="170" WIDTH="757" HEIGHT="28">
							<String ID="string_0" HPOS="155" VPOS="170" WIDTH="47" HEIGHT="20" WC="0.95" CONTENT="med"/><SP WIDTH="18" VPOS="170" HPOS="202"/>
							<String ID="string_1" HPOS="220" VPOS="170" WIDTH="78" HEIGHT="24" WC="0.96" CONTENT="hafvet,"/><SP WIDTH="17" VPOS="170" HPOS="298"/>
							<String ID="string_2" HPOS="315" VPOS="174" WIDTH="30" HEIGHT="17" WC="0.96" CONTENT="att"/><SP WIDTH="18" VPOS="174" HPOS="345"/>
							<String ID="string_3" HPOS="363" VPOS="172" WIDTH="60" HEIGHT="19" WC="0.95" CONTENT="hvem"/><SP WIDTH="19" VPOS="172" HPOS="423"/>
							<String ID="string_4" HPOS="442" VPOS="178" WIDTH="43" HEIGHT="14" WC="0.92" CONTENT="som"/><SP WIDTH="16" VPOS="178" HPOS="485"/>
							<String ID="string_5" HPOS="501" VPOS="172" WIDTH="56" HEIGHT="20" WC="0.92" CONTENT="hälst"/><SP WIDTH="15" VPOS="172" HPOS="557"/>
							<String ID="string_6" HPOS="572" VPOS="172" WIDTH="68" HEIGHT="20" WC="0.96" CONTENT="kunde"/><SP WIDTH="16" VPOS="172" HPOS="640"/>
							<String ID="string_7" HPOS="656" VPOS="172" WIDTH="58" HEIGHT="20" WC="0.96" CONTENT="flotta"/><SP WIDTH="16" VPOS="172" HPOS="714"/>
							<String ID="string_8" HPOS="730" VPOS="172" WIDTH="60" HEIGHT="20" WC="0.96" CONTENT="stock"/><SP WIDTH="14" VPOS="172" HPOS="790"/>
							<String ID="string_9" HPOS="804" VPOS="172" WIDTH="33" HEIGHT="20" WC="0.96" CONTENT="till"/><SP WIDTH="15" VPOS="172" HPOS="837"/>
							<String ID="string_10" HPOS="852" VPOS="173" WIDTH="60" HEIGHT="25" WC="0.96" CONTENT="sågar"/>
						</TextLine>
						<TextLine ID="line_1" HPOS="156" VPOS="199" WIDTH="756" HEIGHT="27">
							<String ID="string_11" HPOS="156" VPOS="199" WIDTH="57" HEIGHT="20" WC="0.93" CONTENT="invid"/><SP WIDTH="19" VPOS="199" HPOS="213"/>
							<String ID="string_12" HPOS="232" VPOS="200" WIDTH="131" HEIGHT="24" WC="0.92" CONTENT="hafskusten,"/><SP WIDTH="17" VPOS="200" HPOS="363"/>
							<String ID="string_13" HPOS="380" VPOS="201" WIDTH="22" HEIGHT="19" WC="0.96" CONTENT="så"/><SP WIDTH="19" VPOS="201" HPOS="402"/>
							<String ID="string_14" HPOS="421" VPOS="200" WIDTH="69" HEIGHT="20" WC="0.93" CONTENT="kunna"/><SP WIDTH="19" VPOS="200" HPOS="490"/>
							<String ID="string_15" HPOS="509" VPOS="207" WIDTH="87" HEIGHT="19" WC="0.91" CONTENT="egarene"/><SP WIDTH="17" VPOS="207" HPOS="596"/>
							<String ID="string_16" HPOS="613" VPOS="201" WIDTH="33" HEIGHT="19" WC="0.96" CONTENT="till"/><SP WIDTH="15" VPOS="201" HPOS="646"/>
							<String ID="string_17" HPOS="661" VPOS="201" WIDTH="61" HEIGHT="19" WC="0.95" CONTENT="dessa"/><SP WIDTH="15" VPOS="201" HPOS="722"/>
							<String ID="string_18" HPOS="737" VPOS="202" WIDTH="61" HEIGHT="24" WC="0.96" CONTENT="sågar"/><SP WIDTH="15" VPOS="202" HPOS="798"/>
							<String ID="string_19" HPOS="813" VPOS="201" WIDTH="39" HEIGHT="20" WC="0.95" CONTENT="alls"/><SP WIDTH="14" VPOS="201" HPOS="852"/>
							<String ID="string_20" HPOS="866" VPOS="202" WIDTH="46" HEIGHT="19" WC="0.96" CONTENT="icke"/>
						</TextLine>
						<TextLine ID="line_2" HPOS="157" VPOS="228" WIDTH="751" HEIGHT="27">
							<String ID="string_21" HPOS="157" VPOS="228" WIDTH="64" HEIGHT="20" WC="0.90" CONTENT="inlåta"/><SP WIDTH="23" VPOS="228" HPOS="221"/>
							<String ID="string_22" HPOS="244" VPOS="228" WIDTH="33" HEIGHT="26" WC="0.96" CONTENT="sig"/><SP WIDTH="18" VPOS="228" HPOS="277"/>
							<String ID="string_23" HPOS="295" VPOS="230" WIDTH="26" HEIGHT="24" WC="0.96" CONTENT="på"/><SP WIDTH="19" VPOS="230" HPOS="321"/>
							<String ID="string_24" HPOS="340" VPOS="229" WIDTH="41" HEIGHT="25" WC="0.96" CONTENT="köp"/><SP WIDTH="19" VPOS="229" HPOS="381"/>
							<String ID="string_25" HPOS="400" VPOS="229" WIDTH="22" HEIGHT="19" WC="0.96" CONTENT="af"/><SP WIDTH="18" VPOS="229" HPOS="422"/>
							<String ID="string_26" HPOS="440" VPOS="229" WIDTH="52" HEIGHT="25" WC="0.96" CONTENT="skog"/><SP WIDTH="19" VPOS="229" HPOS="492"/>
							<String ID="string_27" HPOS="511" VPOS="230" WIDTH="7" HEIGHT="18" WC="0.93" CONTENT="i"/><SP WIDTH="19" VPOS="230" HPOS="518"/>
							<String ID="string_28" HPOS="537" VPOS="229" WIDTH="165" HEIGHT="26" WC="0.91" CONTENT="omgifningarna"/><SP WIDTH="15" VPOS="229" HPOS="702"/>
							<String ID="string_29" HPOS="717" VPOS="230" WIDTH="24" HEIGHT="19" WC="0.93" CONTENT="af"/><SP WIDTH="13" VPOS="230" HPOS="741"/>
							<String ID="string_30" HPOS="754" VPOS="230" WIDTH="154" HEIGHT="20" WC="0.91" CONTENT="Saima-vatten-"/>
						</TextLine>
						<TextLine ID="line_3" HPOS="158" VPOS="257" WIDTH="754" HEIGHT="27">
							<String ID="string_31" HPOS="158" VPOS="257" WIDTH="83" HEIGHT="25" WC="0.96" CONTENT="dragen."/><SP WIDTH="31" VPOS="257" HPOS="241"/>
							<String ID="string_32" HPOS="272" VPOS="257" WIDTH="41" HEIGHT="20" WC="0.90" CONTENT="För"/><SP WIDTH="22" VPOS="257" HPOS="313"/>
							<String ID="string_33" HPOS="335" VPOS="264" WIDTH="87" HEIGHT="19" WC="0.90" CONTENT="egarene"/><SP WIDTH="22" VPOS="264" HPOS="422"/>
							<String ID="string_34" HPOS="444" VPOS="258" WIDTH="33" HEIGHT="19" WC="0.93" CONTENT="till"/><SP WIDTH="24" VPOS="258" HPOS="477"/>
							<String ID="string_35" HPOS="501" VPOS="259" WIDTH="87" HEIGHT="25" WC="0.92" CONTENT="sågarne"/><SP WIDTH="15" VPOS="259" HPOS="588"/>
							<String ID="string_36" HPOS="603" VPOS="258" WIDTH="7" HEIGHT="19" WC="0.96" CONTENT="i"/><SP WIDTH="16" VPOS="258" HPOS="610"/>
							<String ID="string_37" HPOS="626" VPOS="258" WIDTH="34" HEIGHT="20" WC="0.96" CONTENT="det"/><SP WIDTH="20" VPOS="258" HPOS="660"/>
							<String ID="string_38" HPOS="680" VPOS="258" WIDTH="44" HEIGHT="20" WC="0.96" CONTENT="inre"/><SP WIDTH="20" VPOS="258" HPOS="724"/>
							<String ID="string_39" HPOS="744" VPOS="258" WIDTH="23" HEIGHT="20" WC="0.96" CONTENT="af"/><SP WIDTH="16" VPOS="258" HPOS="767"/>
							<String ID="string_40" HPOS="783" VPOS="258" WIDTH="71" HEIGHT="20" WC="0.96" CONTENT="landet"/><SP WIDTH="14" VPOS="258" HPOS="854"/>
							<String ID="string_41" HPOS="868" VPOS="260" WIDTH="44" HEIGHT="18" WC="0.96" CONTENT="åter"/>
						</TextLine>
						<TextLine ID="line_4" HPOS="157" VPOS="286" WIDTH="754" HEIGHT="27">
							<String ID="string_42" HPOS="157" VPOS="286" WIDTH="58" HEIGHT="19" WC="0.96" CONTENT="lönar"/><SP WIDTH="10" VPOS="286" HPOS="215"/>
							<String ID="string_43" HPOS="225" VPOS="286" WIDTH="36" HEIGHT="19" WC="0.96" CONTENT="det"/><SP WIDTH="10" VPOS="286" HPOS="261"/>
							<String ID="string_44" HPOS="271" VPOS="286" WIDTH="32" HEIGHT="26" WC="0.96" CONTENT="sig"/><SP WIDTH="10" VPOS="286" HPOS="303"/>
							<String ID="string_45" HPOS="313" VPOS="286" WIDTH="86" HEIGHT="20" WC="0.96" CONTENT="alldeles"/><SP WIDTH="10" VPOS="286" HPOS="399"/>
							<String ID="string_46" HPOS="409" VPOS="286" WIDTH="46" HEIGHT="20" WC="0.96" CONTENT="icke"/><SP WIDTH="11" VPOS="286" HPOS="455"/>
							<String ID="string_47" HPOS="466" VPOS="289" WIDTH="31" HEIGHT="17" WC="0.96" CONTENT="att"/><SP WIDTH="10" VPOS="289" HPOS="497"/>
							<String ID="string_48" HPOS="507" VPOS="287" WIDTH="69" HEIGHT="19" WC="0.96" CONTENT="betala"/><SP WIDTH="11" VPOS="287" HPOS="576"/>
							<String ID="string_49" HPOS="587" VPOS="287" WIDTH="25" HEIGHT="20" WC="0.96" CONTENT="de"/><SP WIDTH="10" VPOS="287" HPOS="612"/>
							<String ID="string_50" HPOS="622" VPOS="287" WIDTH="52" HEIGHT="19" WC="0.96" CONTENT="allra"/><SP WIDTH="9" VPOS="287" HPOS="674"/>
							<String ID="string_51" HPOS="683" VPOS="287" WIDTH="75" HEIGHT="25" WC="0.96" CONTENT="högsta"/><SP WIDTH="10" VPOS="287" HPOS="758"/>
							<String ID="string_52" HPOS="768" VPOS="287" WIDTH="43" HEIGHT="26" WC="0.96" CONTENT="pris"/><SP WIDTH="11" VPOS="287" HPOS="811"/>
							<String ID="string_53" HPOS="822" VPOS="287" WIDTH="33" HEIGHT="20" WC="0.93" CONTENT="för"/><SP WIDTH="10" VPOS="287" HPOS="855"/>
							<String ID="string_54" HPOS="865" VPOS="288" WIDTH="46" HEIGHT="25" WC="0.92" CONTENT="såg-"/>
						</TextLine>
						<TextLine ID="line_5" HPOS="158" VPOS="314" WIDTH="753" HEIGHT="26">
							<String ID="string_55" HPOS="158" VPOS="314" WIDTH="65" HEIGHT="24" WC="0.96" CONTENT="stock,"/><SP WIDTH="16" VPOS="314" HPOS="223"/>
							<String ID="string_56" HPOS="239" VPOS="318" WIDTH="50" HEIGHT="16" WC="0.92" CONTENT="enär"/><SP WIDTH="15" VPOS="318" HPOS="289"/>
							<String ID="string_57" HPOS="304" VPOS="316" WIDTH="11" HEIGHT="18" WC="0.92" CONTENT="å"/><SP WIDTH="16" VPOS="316" HPOS="315"/>
							<String ID="string_58" HPOS="331" VPOS="315" WIDTH="61" HEIGHT="19" WC="0.96" CONTENT="dessa"/><SP WIDTH="18" VPOS="315" HPOS="392"/>
							<String ID="string_59" HPOS="410" VPOS="318" WIDTH="55" HEIGHT="17" WC="0.96" CONTENT="orter"/><SP WIDTH="19" VPOS="318" HPOS="465"/>
							<String ID="string_60" HPOS="484" VPOS="315" WIDTH="46" HEIGHT="20" WC="0.96" CONTENT="icke"/><SP WIDTH="19" VPOS="315" HPOS="530"/>
							<String ID="string_61" HPOS="549" VPOS="316" WIDTH="67" HEIGHT="19" WC="0.96" CONTENT="såsom"/><SP WIDTH="15" VPOS="316" HPOS="616"/>
							<String ID="string_62" HPOS="631" VPOS="316" WIDTH="36" HEIGHT="19" WC="0.93" CONTENT="vid"/><SP WIDTH="16" VPOS="316" HPOS="667"/>
							<String ID="string_63" HPOS="683" VPOS="316" WIDTH="129" HEIGHT="24" WC="0.92" CONTENT="hafskusten,"/><SP WIDTH="15" VPOS="316" HPOS="812"/>
							<String ID="string_64" HPOS="827" VPOS="316" WIDTH="84" HEIGHT="20" WC="0.96" CONTENT="hvarest"/>
						</TextLine>
						<TextLine ID="line_6" HPOS="157" VPOS="343" WIDTH="754" HEIGHT="27">
							<String ID="string_65" HPOS="157" VPOS="343" WIDTH="61" HEIGHT="20" WC="0.95" CONTENT="äfven"/><SP WIDTH="15" VPOS="343" HPOS="218"/>
							<String ID="string_66" HPOS="233" VPOS="344" WIDTH="26" HEIGHT="18" WC="0.92" CONTENT="de"/><SP WIDTH="20" VPOS="344" HPOS="259"/>
							<String ID="string_67" HPOS="279" VPOS="344" WIDTH="151" HEIGHT="25" WC="0.92" CONTENT="obetydligaste"/><SP WIDTH="24" VPOS="344" HPOS="430"/>
							<String ID="string_68" HPOS="454" VPOS="344" WIDTH="151" HEIGHT="26" WC="0.92" CONTENT="sågprodukter"/><SP WIDTH="22" VPOS="344" HPOS="605"/>
							<String ID="string_69" HPOS="627" VPOS="344" WIDTH="56" HEIGHT="20" WC="0.91" CONTENT="finna"/><SP WIDTH="22" VPOS="344" HPOS="683"/>
							<String ID="string_70" HPOS="705" VPOS="344" WIDTH="110" HEIGHT="24" WC="0.90" CONTENT="afnämare,"/><SP WIDTH="23" VPOS="344" HPOS="815"/>
							<String ID="string_71" HPOS="838" VPOS="345" WIDTH="73" HEIGHT="19" WC="0.96" CONTENT="medan"/>
						</TextLine>
						<TextLine ID="line_7" HPOS="157" VPOS="372" WIDTH="753" HEIGHT="27">
							<String ID="string_72" HPOS="157" VPOS="372" WIDTH="26" HEIGHT="19" WC="0.96" CONTENT="de"/><SP WIDTH="15" VPOS="372" HPOS="183"/>
							<String ID="string_73" HPOS="198" VPOS="372" WIDTH="7" HEIGHT="19" WC="0.96" CONTENT="i"/><SP WIDTH="16" VPOS="372" HPOS="205"/>
							<String ID="string_74" HPOS="221" VPOS="372" WIDTH="36" HEIGHT="20" WC="0.96" CONTENT="det"/><SP WIDTH="15" VPOS="372" HPOS="257"/>
							<String ID="string_75" HPOS="272" VPOS="372" WIDTH="43" HEIGHT="20" WC="0.96" CONTENT="inre"/><SP WIDTH="16" VPOS="372" HPOS="315"/>
							<String ID="string_76" HPOS="331" VPOS="372" WIDTH="24" HEIGHT="20" WC="0.96" CONTENT="af"/><SP WIDTH="16" VPOS="372" HPOS="355"/>
							<String ID="string_77" HPOS="371" VPOS="372" WIDTH="71" HEIGHT="20" WC="0.96" CONTENT="landet"/><SP WIDTH="22" VPOS="372" HPOS="442"/>
							<String ID="string_78" HPOS="464" VPOS="373" WIDTH="57" HEIGHT="19" WC="0.93" CONTENT="bilda"/><SP WIDTH="22" VPOS="373" HPOS="521"/>
							<String ID="string_79" HPOS="543" VPOS="372" WIDTH="64" HEIGHT="24" WC="0.88" CONTENT="affall,"/><SP WIDTH="16" VPOS="372" HPOS="607"/>
							<String ID="string_80" HPOS="623" VPOS="373" WIDTH="66" HEIGHT="20" WC="0.96" CONTENT="finnes"/><SP WIDTH="15" VPOS="373" HPOS="689"/>
							<String ID="string_81" HPOS="704" VPOS="374" WIDTH="77" HEIGHT="25" WC="0.96" CONTENT="åtgång"/><SP WIDTH="15" VPOS="374" HPOS="781"/>
							<String ID="string_82" HPOS="796" VPOS="373" WIDTH="32" HEIGHT="20" WC="0.93" CONTENT="för"/><SP WIDTH="14" VPOS="373" HPOS="828"/>
							<String ID="string_83" HPOS="842" VPOS="373" WIDTH="68" HEIGHT="25" WC="0.92" CONTENT="bipro-"/>
						</TextLine>
						<TextLine ID="line_8" HPOS="157" VPOS="400" WIDTH="752" HEIGHT="28">
							<String ID="string_84" HPOS="157" VPOS="401" WIDTH="74" HEIGHT="19" WC="0.96" CONTENT="dukter"/><SP WIDTH="23" VPOS="401" HPOS="231"/>
							<String ID="string_85" HPOS="254" VPOS="400" WIDTH="23" HEIGHT="20" WC="0.93" CONTENT="af"/><SP WIDTH="21" VPOS="400" HPOS="277"/>
							<String ID="string_86" HPOS="298" VPOS="401" WIDTH="120" HEIGHT="25" WC="0.90" CONTENT="sågningen,"/><SP WIDTH="24" VPOS="401" HPOS="418"/>
							<String ID="string_87" HPOS="442" VPOS="402" WIDTH="68" HEIGHT="19" WC="0.93" CONTENT="såsom"/><SP WIDTH="23" VPOS="402" HPOS="510"/>
							<String ID="string_88" HPOS="533" VPOS="402" WIDTH="70" HEIGHT="23" WC="0.91" CONTENT="bakor,"/><SP WIDTH="23" VPOS="402" HPOS="603"/>
							<String ID="string_89" HPOS="626" VPOS="402" WIDTH="71" HEIGHT="19" WC="0.96" CONTENT="ribbor"/><SP WIDTH="23" VPOS="402" HPOS="697"/>
							<String ID="string_90" HPOS="720" VPOS="402" WIDTH="38" HEIGHT="19" WC="0.93" CONTENT="och"/><SP WIDTH="17" VPOS="402" HPOS="758"/>
							<String ID="string_91" HPOS="775" VPOS="402" WIDTH="134" HEIGHT="26" WC="0.92" CONTENT="plankändor."/>
						</TextLine>
						<TextLine ID="line_9" HPOS="157" VPOS="429" WIDTH="753" HEIGHT="27">
							<String ID="string_92" HPOS="157" VPOS="429" WIDTH="49" HEIGHT="20" WC="0.96" CONTENT="Men"/><SP WIDTH="15" VPOS="429" HPOS="206"/>
							<String ID="string_93" HPOS="221" VPOS="432" WIDTH="31" HEIGHT="16" WC="0.97" CONTENT="att"/><SP WIDTH="16" VPOS="432" HPOS="252"/>
							<String ID="string_94" HPOS="268" VPOS="430" WIDTH="35" HEIGHT="19" WC="0.96" CONTENT="det"/><SP WIDTH="14" VPOS="430" HPOS="303"/>
							<String ID="string_95" HPOS="317" VPOS="430" WIDTH="83" HEIGHT="25" WC="0.96" CONTENT="mycket"/><SP WIDTH="15" VPOS="430" HPOS="400"/>
							<String ID="string_96" HPOS="415" VPOS="430" WIDTH="34" HEIGHT="20" WC="0.96" CONTENT="väl"/><SP WIDTH="15" VPOS="430" HPOS="449"/>
							<String ID="string_97" HPOS="464" VPOS="430" WIDTH="58" HEIGHT="20" WC="0.96" CONTENT="lönar"/><SP WIDTH="16" VPOS="430" HPOS="522"/>
							<String ID="string_98" HPOS="538" VPOS="430" WIDTH="32" HEIGHT="26" WC="0.95" CONTENT="sig"/><SP WIDTH="14" VPOS="430" HPOS="570"/>
							<String ID="string_99" HPOS="584" VPOS="433" WIDTH="31" HEIGHT="17" WC="0.96" CONTENT="att"/><SP WIDTH="15" VPOS="433" HPOS="615"/>
							<String ID="string_100" HPOS="630" VPOS="430" WIDTH="58" HEIGHT="20" WC="0.96" CONTENT="flotta"/><SP WIDTH="16" VPOS="430" HPOS="688"/>
							<String ID="string_101" HPOS="704" VPOS="430" WIDTH="60" HEIGHT="20" WC="0.96" CONTENT="stock"/><SP WIDTH="15" VPOS="430" HPOS="764"/>
							<String ID="string_102" HPOS="779" VPOS="431" WIDTH="38" HEIGHT="19" WC="0.96" CONTENT="och"/><SP WIDTH="14" VPOS="431" HPOS="817"/>
							<String ID="string_103" HPOS="831" VPOS="433" WIDTH="32" HEIGHT="17" WC="0.96" CONTENT="att"/><SP WIDTH="13" VPOS="433" HPOS="863"/>
							<String ID="string_104" HPOS="876" VPOS="431" WIDTH="34" HEIGHT="19" WC="0.96" CONTENT="det"/>
						</TextLine>
						<TextLine ID="line_10" HPOS="156" VPOS="458" WIDTH="753" HEIGHT="27">
							<String ID="string_105" HPOS="156" VPOS="459" WIDTH="37" HEIGHT="24" WC="0.96" CONTENT="går"/><SP WIDTH="18" VPOS="459" HPOS="193"/>
							<String ID="string_106" HPOS="211" VPOS="458" WIDTH="33" HEIGHT="20" WC="0.96" CONTENT="för"/><SP WIDTH="19" VPOS="458" HPOS="244"/>
							<String ID="string_107" HPOS="263" VPOS="458" WIDTH="38" HEIGHT="26" WC="0.96" CONTENT="sig,"/><SP WIDTH="16" VPOS="458" HPOS="301"/>
							<String ID="string_108" HPOS="317" VPOS="459" WIDTH="82" HEIGHT="19" WC="0.96" CONTENT="bevisar"/><SP WIDTH="22" VPOS="459" HPOS="399"/>
							<String ID="string_109" HPOS="421" VPOS="459" WIDTH="77" HEIGHT="25" WC="0.96" CONTENT="tydligt"/><SP WIDTH="23" VPOS="459" HPOS="498"/>
							<String ID="string_110" HPOS="521" VPOS="460" WIDTH="39" HEIGHT="19" WC="0.96" CONTENT="den"/><SP WIDTH="16" VPOS="460" HPOS="560"/>
							<String ID="string_111" HPOS="576" VPOS="459" WIDTH="186" HEIGHT="26" WC="0.96" CONTENT="omständigheten,"/><SP WIDTH="16" VPOS="459" HPOS="762"/>
							<String ID="string_112" HPOS="778" VPOS="462" WIDTH="30" HEIGHT="16" WC="0.96" CONTENT="att"/><SP WIDTH="15" VPOS="462" HPOS="808"/>
							<String ID="string_113" HPOS="823" VPOS="466" WIDTH="26" HEIGHT="13" WC="0.93" CONTENT="en"/><SP WIDTH="15" VPOS="466" HPOS="849"/>
							<String ID="string_114" HPOS="864" VPOS="460" WIDTH="45" HEIGHT="25" WC="0.93" CONTENT="såg-"/>
						</TextLine>
						<TextLine ID="line_11" HPOS="156" VPOS="487" WIDTH="753" HEIGHT="27">
							<String ID="string_115" HPOS="156" VPOS="487" WIDTH="58" HEIGHT="19" WC="0.96" CONTENT="firma"/><SP WIDTH="15" VPOS="487" HPOS="214"/>
							<String ID="string_116" HPOS="229" VPOS="487" WIDTH="7" HEIGHT="19" WC="0.96" CONTENT="i"/><SP WIDTH="15" VPOS="487" HPOS="236"/>
							<String ID="string_117" HPOS="251" VPOS="487" WIDTH="77" HEIGHT="24" WC="0.93" CONTENT="Kotka,"/><SP WIDTH="17" VPOS="487" HPOS="328"/>
							<String ID="string_118" HPOS="345" VPOS="487" WIDTH="83" HEIGHT="20" WC="0.90" CONTENT="Gutzeit"/><SP WIDTH="15" VPOS="487" HPOS="428"/>
							<String ID="string_119" HPOS="443" VPOS="488" WIDTH="18" HEIGHT="18" WC="0.93" CONTENT="&amp;"/><SP WIDTH="16" VPOS="488" HPOS="461"/>
							<String ID="string_120" HPOS="477" VPOS="488" WIDTH="41" HEIGHT="24" WC="0.95" CONTENT="C:o,"/><SP WIDTH="12" VPOS="488" HPOS="518"/>
							<String ID="string_121" HPOS="530" VPOS="488" WIDTH="46" HEIGHT="20" WC="0.96" CONTENT="med"/><SP WIDTH="10" VPOS="488" HPOS="576"/>
							<String ID="string_122" HPOS="586" VPOS="488" WIDTH="106" HEIGHT="26" WC="0.96" CONTENT="betydliga"/><SP WIDTH="10" VPOS="488" HPOS="692"/>
							<String ID="string_123" HPOS="702" VPOS="488" WIDTH="113" HEIGHT="20" WC="0.95" CONTENT="kostnader"/><SP WIDTH="10" VPOS="488" HPOS="815"/>
							<String ID="string_124" HPOS="825" VPOS="488" WIDTH="84" HEIGHT="20" WC="0.96" CONTENT="inrättat"/>
						</TextLine>
						<TextLine ID="line_12" HPOS="155" VPOS="516" WIDTH="756" HEIGHT="26">
							<String ID="string_125" HPOS="155" VPOS="522" WIDTH="51" HEIGHT="19" WC="0.93" CONTENT="egen"/><SP WIDTH="22" VPOS="522" HPOS="206"/>
							<String ID="string_126" HPOS="228" VPOS="516" WIDTH="144" HEIGHT="25" WC="0.89" CONTENT="flottningsled"/><SP WIDTH="21" VPOS="516" HPOS="372"/>
							<String ID="string_127" HPOS="393" VPOS="516" WIDTH="47" HEIGHT="20" WC="0.93" CONTENT="från"/><SP WIDTH="19" VPOS="516" HPOS="440"/>
							<String ID="string_128" HPOS="459" VPOS="516" WIDTH="227" HEIGHT="26" WC="0.91" CONTENT="Saima-vattendragen"/><SP WIDTH="19" VPOS="516" HPOS="686"/>
							<String ID="string_129" HPOS="705" VPOS="516" WIDTH="32" HEIGHT="20" WC="0.96" CONTENT="till"/><SP WIDTH="15" VPOS="516" HPOS="737"/>
							<String ID="string_130" HPOS="752" VPOS="517" WIDTH="115" HEIGHT="25" WC="0.96" CONTENT="Kymmene"/><SP WIDTH="14" VPOS="517" HPOS="867"/>
							<String ID="string_131" HPOS="881" VPOS="517" WIDTH="30" HEIGHT="19" WC="0.96" CONTENT="elf"/>
						</TextLine>
						<TextLine ID="line_13" HPOS="156" VPOS="544" WIDTH="753" HEIGHT="27">
							<String ID="string_132" HPOS="156" VPOS="544" WIDTH="38" HEIGHT="20" WC="0.93" CONTENT="och"/><SP WIDTH="15" VPOS="544" HPOS="194"/>
							<String ID="string_133" HPOS="209" VPOS="544" WIDTH="72" HEIGHT="20" WC="0.91" CONTENT="därtill"/><SP WIDTH="14" VPOS="544" HPOS="281"/>
							<String ID="string_134" HPOS="295" VPOS="544" WIDTH="110" HEIGHT="20" WC="0.92" CONTENT="förskaffat"/><SP WIDTH="16" VPOS="544" HPOS="405"/>
							<String ID="string_135" HPOS="421" VPOS="545" WIDTH="33" HEIGHT="25" WC="0.93" CONTENT="sig"/><SP WIDTH="15" VPOS="545" HPOS="454"/>
							<String ID="string_136" HPOS="469" VPOS="546" WIDTH="121" HEIGHT="25" WC="0.91" CONTENT="eganderätt"/><SP WIDTH="15" VPOS="546" HPOS="590"/>
							<String ID="string_137" HPOS="605" VPOS="546" WIDTH="32" HEIGHT="19" WC="0.96" CONTENT="till"/><SP WIDTH="15" VPOS="546" HPOS="637"/>
							<String ID="string_138" HPOS="652" VPOS="546" WIDTH="40" HEIGHT="19" WC="0.97" CONTENT="alla"/><SP WIDTH="11" VPOS="546" HPOS="692"/>
							<String ID="string_139" HPOS="703" VPOS="546" WIDTH="25" HEIGHT="19" WC="0.93" CONTENT="de"/><SP WIDTH="10" VPOS="546" HPOS="728"/>
							<String ID="string_140" HPOS="738" VPOS="546" WIDTH="87" HEIGHT="23" WC="0.92" CONTENT="marker,"/><SP WIDTH="11" VPOS="546" HPOS="825"/>
							<String ID="string_141" HPOS="836" VPOS="552" WIDTH="73" HEIGHT="19" WC="0.96" CONTENT="genom"/>
						</TextLine>
						<TextLine ID="line_14" HPOS="159" VPOS="573" WIDTH="749" HEIGHT="27">
							<String ID="string_142" HPOS="159" VPOS="573" WIDTH="71" HEIGHT="19" WC="0.91" CONTENT="hvilka"/><SP WIDTH="16" VPOS="573" HPOS="230"/>
							<String ID="string_143" HPOS="246" VPOS="573" WIDTH="71" HEIGHT="25" WC="0.91" CONTENT="dylika"/><SP WIDTH="14" VPOS="573" HPOS="317"/>
							<String ID="string_144" HPOS="331" VPOS="573" WIDTH="144" HEIGHT="26" WC="0.92" CONTENT="flottningsled"/><SP WIDTH="14" VPOS="573" HPOS="475"/>
							<String ID="string_145" HPOS="489" VPOS="574" WIDTH="69" HEIGHT="20" WC="0.93" CONTENT="kunde"/><SP WIDTH="15" VPOS="574" HPOS="558"/>
							<String ID="string_146" HPOS="573" VPOS="574" WIDTH="81" HEIGHT="26" WC="0.92" CONTENT="dragas,"/><SP WIDTH="15" VPOS="574" HPOS="654"/>
							<String ID="string_147" HPOS="669" VPOS="574" WIDTH="33" HEIGHT="20" WC="0.97" CONTENT="till"/><SP WIDTH="14" VPOS="574" HPOS="702"/>
							<String ID="string_148" HPOS="716" VPOS="574" WIDTH="54" HEIGHT="25" WC="0.86" CONTENT="följd"/><SP WIDTH="15" VPOS="574" HPOS="770"/>
							<String ID="string_149" HPOS="785" VPOS="574" WIDTH="76" HEIGHT="20" WC="0.92" CONTENT="hvaraf"/><SP WIDTH="13" VPOS="574" HPOS="861"/>
							<String ID="string_150" HPOS="874" VPOS="575" WIDTH="34" HEIGHT="19" WC="0.97" CONTENT="det"/>
						</TextLine>
						<TextLine ID="line_15" HPOS="158" VPOS="602" WIDTH="751" HEIGHT="26">
							<String ID="string_151" HPOS="158" VPOS="602" WIDTH="40" HEIGHT="20" WC="0.96" CONTENT="blir"/><SP WIDTH="15" VPOS="602" HPOS="198"/>
							<String ID="string_152" HPOS="213" VPOS="602" WIDTH="94" HEIGHT="26" WC="0.96" CONTENT="omöjligt"/><SP WIDTH="18" VPOS="602" HPOS="307"/>
							<String ID="string_153" HPOS="325" VPOS="602" WIDTH="32" HEIGHT="20" WC="0.92" CONTENT="för"/><SP WIDTH="16" VPOS="602" HPOS="357"/>
							<String ID="string_154" HPOS="373" VPOS="602" WIDTH="155" HEIGHT="20" WC="0.92" CONTENT="konkurrenten"/><SP WIDTH="18" VPOS="602" HPOS="528"/>
							<String ID="string_155" HPOS="546" VPOS="605" WIDTH="30" HEIGHT="17" WC="0.96" CONTENT="att"/><SP WIDTH="17" VPOS="605" HPOS="576"/>
							<String ID="string_156" HPOS="593" VPOS="603" WIDTH="81" HEIGHT="19" WC="0.96" CONTENT="komma"/><SP WIDTH="15" VPOS="603" HPOS="674"/>
							<String ID="string_157" HPOS="689" VPOS="603" WIDTH="33" HEIGHT="19" WC="0.96" CONTENT="till"/><SP WIDTH="16" VPOS="603" HPOS="722"/>
							<String ID="string_158" HPOS="738" VPOS="610" WIDTH="77" HEIGHT="12" WC="0.93" CONTENT="samma"/><SP WIDTH="14" VPOS="610" HPOS="815"/>
							<String ID="string_159" HPOS="829" VPOS="603" WIDTH="80" HEIGHT="19" WC="0.92" CONTENT="trakter"/>
						</TextLine>
						<TextLine ID="line_16" HPOS="155" VPOS="631" WIDTH="753" HEIGHT="26">
							<String ID="string_160" HPOS="155" VPOS="631" WIDTH="32" HEIGHT="19" WC="0.91" CONTENT="för"/><SP WIDTH="22" VPOS="631" HPOS="187"/>
							<String ID="string_161" HPOS="209" VPOS="631" WIDTH="90" HEIGHT="25" WC="0.91" CONTENT="uppköp,"/><SP WIDTH="21" VPOS="631" HPOS="299"/>
							<String ID="string_162" HPOS="320" VPOS="634" WIDTH="49" HEIGHT="16" WC="0.91" CONTENT="enär"/><SP WIDTH="22" VPOS="634" HPOS="369"/>
							<String ID="string_163" HPOS="391" VPOS="632" WIDTH="65" HEIGHT="24" WC="0.91" CONTENT="sagda"/><SP WIDTH="22" VPOS="632" HPOS="456"/>
							<String ID="string_164" HPOS="478" VPOS="632" WIDTH="96" HEIGHT="25" WC="0.90" CONTENT="sägfirma"/><SP WIDTH="17" VPOS="632" HPOS="574"/>
							<String ID="string_165" HPOS="591" VPOS="632" WIDTH="45" HEIGHT="19" WC="0.91" CONTENT="icke"/><SP WIDTH="18" VPOS="632" HPOS="636"/>
							<String ID="string_166" HPOS="654" VPOS="632" WIDTH="78" HEIGHT="19" WC="0.92" CONTENT="tilläter"/><SP WIDTH="18" VPOS="632" HPOS="732"/>
							<String ID="string_167" HPOS="750" VPOS="632" WIDTH="64" HEIGHT="19" WC="0.96" CONTENT="andra"/><SP WIDTH="15" VPOS="632" HPOS="814"/>
							<String ID="string_168" HPOS="829" VPOS="634" WIDTH="31" HEIGHT="17" WC="0.93" CONTENT="att"/><SP WIDTH="14" VPOS="634" HPOS="860"/>
							<String ID="string_169" HPOS="874" VPOS="632" WIDTH="34" HEIGHT="19" WC="0.91" CONTENT="be-"/>
						</TextLine>
						<TextLine ID="line_17" HPOS="157" VPOS="659" WIDTH="751" HEIGHT="27">
							<String ID="string_170" HPOS="157" VPOS="666" WIDTH="68" HEIGHT="19" WC="0.92" CONTENT="gagna"/><SP WIDTH="19" VPOS="666" HPOS="225"/>
							<String ID="string_171" HPOS="244" VPOS="660" WIDTH="33" HEIGHT="25" WC="0.96" CONTENT="sig"/><SP WIDTH="19" VPOS="660" HPOS="277"/>
							<String ID="string_172" HPOS="296" VPOS="659" WIDTH="23" HEIGHT="20" WC="0.96" CONTENT="af"/><SP WIDTH="17" VPOS="659" HPOS="319"/>
							<String ID="string_173" HPOS="336" VPOS="660" WIDTH="47" HEIGHT="20" WC="0.93" CONTENT="dess"/><SP WIDTH="19" VPOS="660" HPOS="383"/>
							<String ID="string_174" HPOS="402" VPOS="660" WIDTH="149" HEIGHT="26" WC="0.93" CONTENT="flottningsled,"/><SP WIDTH="19" VPOS="660" HPOS="551"/>
							<String ID="string_175" HPOS="570" VPOS="663" WIDTH="49" HEIGHT="17" WC="0.96" CONTENT="utan"/><SP WIDTH="18" VPOS="663" HPOS="619"/>
							<String ID="string_176" HPOS="637" VPOS="667" WIDTH="60" HEIGHT="13" WC="0.93" CONTENT="anser"/><SP WIDTH="18" VPOS="667" HPOS="697"/>
							<String ID="string_177" HPOS="715" VPOS="660" WIDTH="84" HEIGHT="26" WC="0.92" CONTENT="uppköp"/><SP WIDTH="15" VPOS="660" HPOS="799"/>
							<String ID="string_178" HPOS="814" VPOS="660" WIDTH="23" HEIGHT="20" WC="0.96" CONTENT="af"/><SP WIDTH="13" VPOS="660" HPOS="837"/>
							<String ID="string_179" HPOS="850" VPOS="660" WIDTH="58" HEIGHT="20" WC="0.96" CONTENT="stock"/>
						</TextLine>
						<TextLine ID="line_18" HPOS="156" VPOS="688" WIDTH="751" HEIGHT="27">
							<String ID="string_180" HPOS="156" VPOS="688" WIDTH="36" HEIGHT="20" WC="0.93" CONTENT="vid"/><SP WIDTH="15" VPOS="688" HPOS="192"/>
							<String ID="string_181" HPOS="207" VPOS="688" WIDTH="229" HEIGHT="26" WC="0.92" CONTENT="Saima-vattendragen"/><SP WIDTH="16" VPOS="688" HPOS="436"/>
							<String ID="string_182" HPOS="452" VPOS="689" WIDTH="38" HEIGHT="20" WC="0.93" CONTENT="och"/><SP WIDTH="16" VPOS="689" HPOS="490"/>
							<String ID="string_183" HPOS="506" VPOS="689" WIDTH="97" HEIGHT="26" WC="0.89" CONTENT="flottning"/><SP WIDTH="14" VPOS="689" HPOS="603"/>
							<String ID="string_184" HPOS="617" VPOS="689" WIDTH="33" HEIGHT="19" WC="0.96" CONTENT="till"/><SP WIDTH="14" VPOS="689" HPOS="650"/>
							<String ID="string_185" HPOS="664" VPOS="689" WIDTH="72" HEIGHT="20" WC="0.96" CONTENT="Kotka"/><SP WIDTH="14" VPOS="689" HPOS="736"/>
							<String ID="string_186" HPOS="750" VPOS="696" WIDTH="50" HEIGHT="12" WC="0.96" CONTENT="vara"/><SP WIDTH="15" VPOS="696" HPOS="800"/>
							<String ID="string_187" HPOS="815" VPOS="691" WIDTH="31" HEIGHT="17" WC="0.93" CONTENT="ett"/><SP WIDTH="15" VPOS="691" HPOS="846"/>
							<String ID="string_188" HPOS="861" VPOS="689" WIDTH="46" HEIGHT="19" WC="0.92" CONTENT="doss"/>
						</TextLine>
						<TextLine ID="line_19" HPOS="154" VPOS="717" WIDTH="101" HEIGHT="26">
							<String ID="string_189" HPOS="154" VPOS="717" WIDTH="101" HEIGHT="26" WC="0.88" CONTENT="monopol."/>
						</TextLine>
					</TextBlock>
					<TextBlock ID="block_1" HPOS="156" VPOS="746" WIDTH="751" HEIGHT="169">
						<TextLine ID="line_20" HPOS="223" VPOS="746" WIDTH="684" HEIGHT="26">
							<String ID="string_190" HPOS="223" VPOS="746" WIDTH="47" HEIGHT="19" WC="0.93" CONTENT="Den"/><SP WIDTH="15" VPOS="746" HPOS="270"/>
							<String ID="string_191" HPOS="285" VPOS="746" WIDTH="52" HEIGHT="19" WC="0.92" CONTENT="enda"/><SP WIDTH="15" VPOS="746" HPOS="337"/>
							<String ID="string_192" HPOS="352" VPOS="746" WIDTH="133" HEIGHT="25" WC="0.92" CONTENT="möjligheten"/><SP WIDTH="16" VPOS="746" HPOS="485"/>
							<String ID="string_193" HPOS="501" VPOS="749" WIDTH="31" HEIGHT="17" WC="0.96" CONTENT="att"/><SP WIDTH="14" VPOS="749" HPOS="532"/>
							<String ID="string_194" HPOS="546" VPOS="746" WIDTH="49" HEIGHT="25" WC="0.93" CONTENT="höja"/><SP WIDTH="14" VPOS="746" HPOS="595"/>
							<String ID="string_195" HPOS="609" VPOS="746" WIDTH="70" HEIGHT="26" WC="0.92" CONTENT="prisen"/><SP WIDTH="14" VPOS="746" HPOS="679"/>
							<String ID="string_196" HPOS="693" VPOS="746" WIDTH="33" HEIGHT="20" WC="0.96" CONTENT="för"/><SP WIDTH="16" VPOS="746" HPOS="726"/>
							<String ID="string_197" HPOS="742" VPOS="746" WIDTH="51" HEIGHT="26" WC="0.93" CONTENT="skog"/><SP WIDTH="15" VPOS="746" HPOS="793"/>
							<String ID="string_198" HPOS="808" VPOS="752" WIDTH="55" HEIGHT="18" WC="0.92" CONTENT="vore,"/><SP WIDTH="14" VPOS="752" HPOS="863"/>
							<String ID="string_199" HPOS="877" VPOS="748" WIDTH="30" HEIGHT="17" WC="0.97" CONTENT="att"/>
						</TextLine>
						<TextLine ID="line_21" HPOS="158" VPOS="774" WIDTH="749" HEIGHT="26">
							<String ID="string_200" HPOS="158" VPOS="777" WIDTH="67" HEIGHT="23" WC="0.91" CONTENT="öppna"/><SP WIDTH="16" VPOS="777" HPOS="225"/>
							<String ID="string_201" HPOS="241" VPOS="781" WIDTH="25" HEIGHT="13" WC="0.96" CONTENT="en"/><SP WIDTH="15" VPOS="781" HPOS="266"/>
							<String ID="string_202" HPOS="281" VPOS="774" WIDTH="76" HEIGHT="20" WC="0.93" CONTENT="allmän"/><SP WIDTH="15" VPOS="774" HPOS="357"/>
							<String ID="string_203" HPOS="372" VPOS="774" WIDTH="144" HEIGHT="26" WC="0.91" CONTENT="flottningsled"/><SP WIDTH="13" VPOS="774" HPOS="516"/>
							<String ID="string_204" HPOS="529" VPOS="774" WIDTH="47" HEIGHT="20" WC="0.92" CONTENT="frän"/><SP WIDTH="13" VPOS="774" HPOS="576"/>
							<String ID="string_205" HPOS="589" VPOS="774" WIDTH="201" HEIGHT="26" WC="0.91" CONTENT="Saima-vattendrag"/><SP WIDTH="10" VPOS="774" HPOS="790"/>
							<String ID="string_206" HPOS="800" VPOS="774" WIDTH="33" HEIGHT="20" WC="0.93" CONTENT="till"/><SP WIDTH="9" VPOS="774" HPOS="833"/>
							<String ID="string_207" HPOS="842" VPOS="774" WIDTH="65" HEIGHT="26" WC="0.91" CONTENT="Kym-"/>
						</TextLine>
						<TextLine ID="line_22" HPOS="158" VPOS="803" WIDTH="745" HEIGHT="26">
							<String ID="string_208" HPOS="158" VPOS="803" WIDTH="105" HEIGHT="23" WC="0.93" CONTENT="mene-elf,"/><SP WIDTH="20" VPOS="803" HPOS="263"/>
							<String ID="string_209" HPOS="283" VPOS="803" WIDTH="32" HEIGHT="19" WC="0.96" CONTENT="för"/><SP WIDTH="22" VPOS="803" HPOS="315"/>
							<String ID="string_210" HPOS="337" VPOS="806" WIDTH="31" HEIGHT="16" WC="0.93" CONTENT="att"/><SP WIDTH="19" VPOS="806" HPOS="368"/>
							<String ID="string_211" HPOS="387" VPOS="804" WIDTH="87" HEIGHT="19" WC="0.92" CONTENT="sälunda"/><SP WIDTH="22" VPOS="804" HPOS="474"/>
							<String ID="string_212" HPOS="496" VPOS="804" WIDTH="156" HEIGHT="19" WC="0.93" CONTENT="konkurrensen"/><SP WIDTH="22" VPOS="804" HPOS="652"/>
							<String ID="string_213" HPOS="674" VPOS="804" WIDTH="54" HEIGHT="25" WC="0.92" CONTENT="finge"/><SP WIDTH="22" VPOS="804" HPOS="728"/>
							<String ID="string_214" HPOS="750" VPOS="806" WIDTH="50" HEIGHT="23" WC="0.96" CONTENT="göra"/><SP WIDTH="23" VPOS="806" HPOS="800"/>
							<String ID="string_215" HPOS="823" VPOS="803" WIDTH="37" HEIGHT="19" WC="0.93" CONTENT="sitt"/><SP WIDTH="17" VPOS="803" HPOS="860"/>
							<String ID="string_216" HPOS="877" VPOS="804" WIDTH="26" HEIGHT="18" WC="0.90" CONTENT="in-"/>
						</TextLine>
						<TextLine ID="line_23" HPOS="157" VPOS="831" WIDTH="750" HEIGHT="27">
							<String ID="string_217" HPOS="157" VPOS="831" WIDTH="91" HEIGHT="26" WC="0.96" CONTENT="flytande"/><SP WIDTH="20" VPOS="831" HPOS="248"/>
							<String ID="string_218" HPOS="268" VPOS="832" WIDTH="101" HEIGHT="25" WC="0.95" CONTENT="gällande."/><SP WIDTH="30" VPOS="832" HPOS="369"/>
							<String ID="string_219" HPOS="399" VPOS="832" WIDTH="41" HEIGHT="20" WC="0.96" CONTENT="För"/><SP WIDTH="16" VPOS="832" HPOS="440"/>
							<String ID="string_220" HPOS="456" VPOS="833" WIDTH="40" HEIGHT="19" WC="0.96" CONTENT="den"/><SP WIDTH="14" VPOS="833" HPOS="496"/>
							<String ID="string_221" HPOS="510" VPOS="832" WIDTH="94" HEIGHT="20" WC="0.93" CONTENT="enskilda"/><SP WIDTH="15" VPOS="832" HPOS="604"/>
							<String ID="string_222" HPOS="619" VPOS="832" WIDTH="187" HEIGHT="26" WC="0.96" CONTENT="företagsamheten"/><SP WIDTH="15" VPOS="832" HPOS="806"/>
							<String ID="string_223" HPOS="821" VPOS="832" WIDTH="38" HEIGHT="19" WC="0.96" CONTENT="har"/><SP WIDTH="14" VPOS="832" HPOS="859"/>
							<String ID="string_224" HPOS="873" VPOS="832" WIDTH="34" HEIGHT="19" WC="0.96" CONTENT="det"/>
						</TextLine>
						<TextLine ID="line_24" HPOS="156" VPOS="860" WIDTH="751" HEIGHT="26">
							<String ID="string_225" HPOS="156" VPOS="860" WIDTH="64" HEIGHT="20" WC="0.95" CONTENT="likväl"/><SP WIDTH="15" VPOS="860" HPOS="220"/>
							<String ID="string_226" HPOS="235" VPOS="860" WIDTH="24" HEIGHT="20" WC="0.93" CONTENT="af"/><SP WIDTH="13" VPOS="860" HPOS="259"/>
							<String ID="string_227" HPOS="272" VPOS="860" WIDTH="134" HEIGHT="20" WC="0.92" CONTENT="förenämnda"/><SP WIDTH="16" VPOS="860" HPOS="406"/>
							<String ID="string_228" HPOS="422" VPOS="861" WIDTH="46" HEIGHT="19" WC="0.93" CONTENT="skäl"/><SP WIDTH="14" VPOS="861" HPOS="468"/>
							<String ID="string_229" HPOS="482" VPOS="861" WIDTH="70" HEIGHT="19" WC="0.95" CONTENT="blifvit"/><SP WIDTH="15" VPOS="861" HPOS="552"/>
							<String ID="string_230" HPOS="567" VPOS="860" WIDTH="98" HEIGHT="26" WC="0.96" CONTENT="omöjligt,"/><SP WIDTH="17" VPOS="860" HPOS="665"/>
							<String ID="string_231" HPOS="682" VPOS="861" WIDTH="38" HEIGHT="19" WC="0.93" CONTENT="och"/><SP WIDTH="15" VPOS="861" HPOS="720"/>
							<String ID="string_232" HPOS="735" VPOS="868" WIDTH="48" HEIGHT="12" WC="0.96" CONTENT="vore"/><SP WIDTH="13" VPOS="868" HPOS="783"/>
							<String ID="string_233" HPOS="796" VPOS="860" WIDTH="61" HEIGHT="20" WC="0.95" CONTENT="alltså"/><SP WIDTH="10" VPOS="860" HPOS="857"/>
							<String ID="string_234" HPOS="867" VPOS="861" WIDTH="40" HEIGHT="19" WC="0.97" CONTENT="den"/>
						</TextLine>
						<TextLine ID="line_25" HPOS="157" VPOS="889" WIDTH="653" HEIGHT="26">
							<String ID="string_235" HPOS="157" VPOS="889" WIDTH="52" HEIGHT="19" WC="0.92" CONTENT="enda"/><SP WIDTH="15" VPOS="889" HPOS="209"/>
							<String ID="string_236" HPOS="224" VPOS="892" WIDTH="90" HEIGHT="22" WC="0.92" CONTENT="utvägen"/><SP WIDTH="15" VPOS="892" HPOS="314"/>
							<String ID="string_237" HPOS="329" VPOS="889" WIDTH="33" HEIGHT="19" WC="0.93" CONTENT="till"/><SP WIDTH="15" VPOS="889" HPOS="362"/>
							<String ID="string_238" HPOS="377" VPOS="890" WIDTH="108" HEIGHT="25" WC="0.91" CONTENT="räddning,"/><SP WIDTH="17" VPOS="890" HPOS="485"/>
							<String ID="string_239" HPOS="502" VPOS="895" WIDTH="30" HEIGHT="14" WC="0.96" CONTENT="att"/><SP WIDTH="16" VPOS="895" HPOS="532"/>
							<String ID="string_240" HPOS="548" VPOS="892" WIDTH="67" HEIGHT="18" WC="0.96" CONTENT="staten"/><SP WIDTH="14" VPOS="892" HPOS="615"/>
							<String ID="string_241" HPOS="629" VPOS="890" WIDTH="73" HEIGHT="19" WC="0.93" CONTENT="trädde"/><SP WIDTH="16" VPOS="890" HPOS="702"/>
							<String ID="string_242" HPOS="718" VPOS="889" WIDTH="92" HEIGHT="20" WC="0.90" CONTENT="emellan."/>
						</TextLine>
					</TextBlock>
					<TextBlock ID="block_2" HPOS="153" VPOS="918" WIDTH="756" HEIGHT="512">
						<TextLine ID="line_26" HPOS="225" VPOS="918" WIDTH="682" HEIGHT="26">
							<String ID="string_243" HPOS="225" VPOS="918" WIDTH="73" HEIGHT="19" WC="0.89" CONTENT="Under"/><SP WIDTH="23" VPOS="918" HPOS="298"/>
							<String ID="string_244" HPOS="321" VPOS="920" WIDTH="81" HEIGHT="18" WC="0.89" CONTENT="senaste"/><SP WIDTH="22" VPOS="920" HPOS="402"/>
							<String ID="string_245" HPOS="424" VPOS="918" WIDTH="100" HEIGHT="26" WC="0.92" CONTENT="landtdag"/><SP WIDTH="18" VPOS="918" HPOS="524"/>
							<String ID="string_246" HPOS="542" VPOS="918" WIDTH="85" HEIGHT="20" WC="0.91" CONTENT="väcktes"/><SP WIDTH="15" VPOS="918" HPOS="627"/>
							<String ID="string_247" HPOS="642" VPOS="918" WIDTH="62" HEIGHT="20" WC="0.92" CONTENT="ocksä"/><SP WIDTH="18" VPOS="918" HPOS="704"/>
							<String ID="string_248" HPOS="722" VPOS="918" WIDTH="88" HEIGHT="26" WC="0.92" CONTENT="petition"/><SP WIDTH="19" VPOS="918" HPOS="810"/>
							<String ID="string_249" HPOS="829" VPOS="924" WIDTH="32" HEIGHT="13" WC="0.96" CONTENT="om"/><SP WIDTH="16" VPOS="924" HPOS="861"/>
							<String ID="string_250" HPOS="877" VPOS="920" WIDTH="30" HEIGHT="16" WC="0.97" CONTENT="att"/>
						</TextLine>
						<TextLine ID="line_27" HPOS="156" VPOS="946" WIDTH="750" HEIGHT="26">
							<String ID="string_251" HPOS="156" VPOS="948" WIDTH="68" HEIGHT="18" WC="0.93" CONTENT="staten"/><SP WIDTH="15" VPOS="948" HPOS="224"/>
							<String ID="string_252" HPOS="239" VPOS="947" WIDTH="64" HEIGHT="19" WC="0.93" CONTENT="måtte"/><SP WIDTH="16" VPOS="947" HPOS="303"/>
							<String ID="string_253" HPOS="319" VPOS="946" WIDTH="70" HEIGHT="20" WC="0.92" CONTENT="skrida"/><SP WIDTH="16" VPOS="946" HPOS="389"/>
							<String ID="string_254" HPOS="405" VPOS="947" WIDTH="32" HEIGHT="19" WC="0.93" CONTENT="till"/><SP WIDTH="16" VPOS="947" HPOS="437"/>
							<String ID="string_255" HPOS="453" VPOS="947" WIDTH="107" HEIGHT="25" WC="0.96" CONTENT="öppnande"/><SP WIDTH="16" VPOS="947" HPOS="560"/>
							<String ID="string_256" HPOS="576" VPOS="947" WIDTH="23" HEIGHT="19" WC="0.93" CONTENT="af"/><SP WIDTH="16" VPOS="947" HPOS="599"/>
							<String ID="string_257" HPOS="615" VPOS="947" WIDTH="157" HEIGHT="25" WC="0.92" CONTENT="ifrågavarande"/><SP WIDTH="19" VPOS="947" HPOS="772"/>
							<String ID="string_258" HPOS="791" VPOS="946" WIDTH="115" HEIGHT="25" WC="0.92" CONTENT="flottnings-"/>
						</TextLine>
						<TextLine ID="line_28" HPOS="155" VPOS="974" WIDTH="751" HEIGHT="27">
							<String ID="string_259" HPOS="155" VPOS="975" WIDTH="34" HEIGHT="19" WC="0.95" CONTENT="led"/><SP WIDTH="15" VPOS="975" HPOS="189"/>
							<String ID="string_260" HPOS="204" VPOS="975" WIDTH="38" HEIGHT="19" WC="0.93" CONTENT="och"/><SP WIDTH="16" VPOS="975" HPOS="242"/>
							<String ID="string_261" HPOS="258" VPOS="975" WIDTH="122" HEIGHT="25" WC="0.91" CONTENT="erforderlig"/><SP WIDTH="15" VPOS="975" HPOS="380"/>
							<String ID="string_262" HPOS="395" VPOS="976" WIDTH="164" HEIGHT="25" WC="0.91" CONTENT="expropriation;"/><SP WIDTH="15" VPOS="976" HPOS="559"/>
							<String ID="string_263" HPOS="574" VPOS="982" WIDTH="46" HEIGHT="13" WC="0.93" CONTENT="men"/><SP WIDTH="15" VPOS="982" HPOS="620"/>
							<String ID="string_264" HPOS="635" VPOS="974" WIDTH="71" HEIGHT="21" WC="0.93" CONTENT="förföll"/><SP WIDTH="14" VPOS="974" HPOS="706"/>
							<String ID="string_265" HPOS="720" VPOS="975" WIDTH="74" HEIGHT="26" WC="0.92" CONTENT="frägan"/><SP WIDTH="10" VPOS="975" HPOS="794"/>
							<String ID="string_266" HPOS="804" VPOS="976" WIDTH="26" HEIGHT="24" WC="0.96" CONTENT="pä"/><SP WIDTH="10" VPOS="976" HPOS="830"/>
							<String ID="string_267" HPOS="840" VPOS="975" WIDTH="66" HEIGHT="25" WC="0.96" CONTENT="grund"/>
						</TextLine>
						<TextLine ID="line_29" HPOS="154" VPOS="1003" WIDTH="755" HEIGHT="27">
							<String ID="string_268" HPOS="154" VPOS="1004" WIDTH="23" HEIGHT="18" WC="0.96" CONTENT="af"/><SP WIDTH="17" VPOS="1004" HPOS="177"/>
							<String ID="string_269" HPOS="194" VPOS="1004" WIDTH="33" HEIGHT="19" WC="0.92" CONTENT="sin"/><SP WIDTH="18" VPOS="1004" HPOS="227"/>
							<String ID="string_270" HPOS="245" VPOS="1004" WIDTH="126" HEIGHT="25" WC="0.92" CONTENT="ovanlighet."/><SP WIDTH="30" VPOS="1004" HPOS="371"/>
							<String ID="string_271" HPOS="401" VPOS="1004" WIDTH="32" HEIGHT="20" WC="0.96" CONTENT="Då"/><SP WIDTH="19" VPOS="1004" HPOS="433"/>
							<String ID="string_272" HPOS="452" VPOS="1004" WIDTH="67" HEIGHT="20" WC="0.93" CONTENT="denna"/><SP WIDTH="18" VPOS="1004" HPOS="519"/>
							<String ID="string_273" HPOS="537" VPOS="1004" WIDTH="59" HEIGHT="26" WC="0.96" CONTENT="fråga"/><SP WIDTH="15" VPOS="1004" HPOS="596"/>
							<String ID="string_274" HPOS="611" VPOS="1004" WIDTH="65" HEIGHT="20" WC="0.95" CONTENT="likväl"/><SP WIDTH="14" VPOS="1004" HPOS="676"/>
							<String ID="string_275" HPOS="690" VPOS="1004" WIDTH="7" HEIGHT="20" WC="0.93" CONTENT="i"/><SP WIDTH="15" VPOS="1004" HPOS="697"/>
							<String ID="string_276" HPOS="712" VPOS="1005" WIDTH="47" HEIGHT="19" WC="0.96" CONTENT="vårt"/><SP WIDTH="14" VPOS="1005" HPOS="759"/>
							<String ID="string_277" HPOS="773" VPOS="1004" WIDTH="62" HEIGHT="26" WC="0.96" CONTENT="tycke"/><SP WIDTH="14" VPOS="1004" HPOS="835"/>
							<String ID="string_278" HPOS="849" VPOS="1006" WIDTH="23" HEIGHT="17" WC="0.96" CONTENT="är"/><SP WIDTH="14" VPOS="1006" HPOS="872"/>
							<String ID="string_279" HPOS="886" VPOS="1003" WIDTH="23" HEIGHT="19" WC="0.97" CONTENT="af"/>
						</TextLine>
						<TextLine ID="line_30" HPOS="155" VPOS="1031" WIDTH="752" HEIGHT="26">
							<String ID="string_280" HPOS="155" VPOS="1039" WIDTH="25" HEIGHT="12" WC="0.96" CONTENT="en"/><SP WIDTH="15" VPOS="1039" HPOS="180"/>
							<String ID="string_281" HPOS="195" VPOS="1032" WIDTH="84" HEIGHT="25" WC="0.96" CONTENT="mycket"/><SP WIDTH="15" VPOS="1032" HPOS="279"/>
							<String ID="string_282" HPOS="294" VPOS="1034" WIDTH="43" HEIGHT="17" WC="0.93" CONTENT="stor"/><SP WIDTH="14" VPOS="1034" HPOS="337"/>
							<String ID="string_283" HPOS="351" VPOS="1032" WIDTH="51" HEIGHT="25" WC="0.92" CONTENT="vigt,"/><SP WIDTH="17" VPOS="1032" HPOS="402"/>
							<String ID="string_284" HPOS="419" VPOS="1032" WIDTH="17" HEIGHT="25" WC="0.92" CONTENT="ej"/><SP WIDTH="18" VPOS="1032" HPOS="436"/>
							<String ID="string_285" HPOS="454" VPOS="1033" WIDTH="54" HEIGHT="19" WC="0.92" CONTENT="blott"/><SP WIDTH="14" VPOS="1033" HPOS="508"/>
							<String ID="string_286" HPOS="522" VPOS="1033" WIDTH="32" HEIGHT="19" WC="0.96" CONTENT="för"/><SP WIDTH="16" VPOS="1033" HPOS="554"/>
							<String ID="string_287" HPOS="570" VPOS="1033" WIDTH="24" HEIGHT="19" WC="0.93" CONTENT="de"/><SP WIDTH="15" VPOS="1033" HPOS="594"/>
							<String ID="string_288" HPOS="609" VPOS="1033" WIDTH="85" HEIGHT="23" WC="0.92" CONTENT="trakter,"/><SP WIDTH="17" VPOS="1033" HPOS="694"/>
							<String ID="string_289" HPOS="711" VPOS="1039" WIDTH="43" HEIGHT="13" WC="0.93" CONTENT="som"/><SP WIDTH="14" VPOS="1039" HPOS="754"/>
							<String ID="string_290" HPOS="768" VPOS="1031" WIDTH="90" HEIGHT="26" WC="0.92" CONTENT="omgifva"/><SP WIDTH="10" VPOS="1031" HPOS="858"/>
							<String ID="string_291" HPOS="868" VPOS="1032" WIDTH="39" HEIGHT="19" WC="0.96" CONTENT="den"/>
						</TextLine>
						<TextLine ID="line_31" HPOS="154" VPOS="1060" WIDTH="752" HEIGHT="27">
							<String ID="string_292" HPOS="154" VPOS="1061" WIDTH="130" HEIGHT="19" WC="0.93" CONTENT="vidsträckta"/><SP WIDTH="15" VPOS="1061" HPOS="284"/>
							<String ID="string_293" HPOS="299" VPOS="1060" WIDTH="93" HEIGHT="20" WC="0.91" CONTENT="Saimens"/><SP WIDTH="15" VPOS="1060" HPOS="392"/>
							<String ID="string_294" HPOS="407" VPOS="1064" WIDTH="157" HEIGHT="23" WC="0.92" CONTENT="vattensystem,"/><SP WIDTH="15" VPOS="1064" HPOS="564"/>
							<String ID="string_295" HPOS="579" VPOS="1064" WIDTH="50" HEIGHT="17" WC="0.93" CONTENT="utan"/><SP WIDTH="12" VPOS="1064" HPOS="629"/>
							<String ID="string_296" HPOS="641" VPOS="1061" WIDTH="78" HEIGHT="25" WC="0.93" CONTENT="jemväl"/><SP WIDTH="14" VPOS="1061" HPOS="719"/>
							<String ID="string_297" HPOS="733" VPOS="1061" WIDTH="33" HEIGHT="19" WC="0.96" CONTENT="för"/><SP WIDTH="9" VPOS="1061" HPOS="766"/>
							<String ID="string_298" HPOS="775" VPOS="1063" WIDTH="74" HEIGHT="21" WC="0.96" CONTENT="staten,"/><SP WIDTH="15" VPOS="1063" HPOS="849"/>
							<String ID="string_299" HPOS="864" VPOS="1067" WIDTH="42" HEIGHT="13" WC="0.97" CONTENT="som"/>
						</TextLine>
						<TextLine ID="line_32" HPOS="155" VPOS="1089" WIDTH="753" HEIGHT="26">
							<String ID="string_300" HPOS="155" VPOS="1096" WIDTH="48" HEIGHT="19" WC="0.92" CONTENT="eger"/><SP WIDTH="18" VPOS="1096" HPOS="203"/>
							<String ID="string_301" HPOS="221" VPOS="1089" WIDTH="84" HEIGHT="26" WC="0.96" CONTENT="mycket"/><SP WIDTH="18" VPOS="1089" HPOS="305"/>
							<String ID="string_302" HPOS="323" VPOS="1089" WIDTH="131" HEIGHT="20" WC="0.94" CONTENT="vidsträckta"/><SP WIDTH="20" VPOS="1089" HPOS="454"/>
							<String ID="string_303" HPOS="474" VPOS="1090" WIDTH="76" HEIGHT="25" WC="0.95" CONTENT="skogar"/><SP WIDTH="14" VPOS="1090" HPOS="550"/>
							<String ID="string_304" HPOS="564" VPOS="1090" WIDTH="7" HEIGHT="19" WC="0.96" CONTENT="i"/><SP WIDTH="15" VPOS="1090" HPOS="571"/>
							<String ID="string_305" HPOS="586" VPOS="1097" WIDTH="76" HEIGHT="12" WC="0.96" CONTENT="samma"/><SP WIDTH="19" VPOS="1097" HPOS="662"/>
							<String ID="string_306" HPOS="681" VPOS="1090" WIDTH="108" HEIGHT="25" WC="0.93" CONTENT="landskap,"/><SP WIDTH="19" VPOS="1090" HPOS="789"/>
							<String ID="string_307" HPOS="808" VPOS="1089" WIDTH="100" HEIGHT="25" WC="0.92" CONTENT="förtjenar"/>
						</TextLine>
						<TextLine ID="line_33" HPOS="155" VPOS="1117" WIDTH="752" HEIGHT="27">
							<String ID="string_308" HPOS="155" VPOS="1118" WIDTH="39" HEIGHT="19" WC="0.95" CONTENT="den"/><SP WIDTH="11" VPOS="1118" HPOS="194"/>
							<String ID="string_309" HPOS="205" VPOS="1120" WIDTH="30" HEIGHT="17" WC="0.93" CONTENT="ett"/><SP WIDTH="11" VPOS="1120" HPOS="235"/>
							<String ID="string_310" HPOS="246" VPOS="1118" WIDTH="76" HEIGHT="19" WC="0.92" CONTENT="väckas"/><SP WIDTH="10" VPOS="1118" HPOS="322"/>
							<String ID="string_311" HPOS="332" VPOS="1119" WIDTH="27" HEIGHT="24" WC="0.96" CONTENT="pä"/><SP WIDTH="10" VPOS="1119" HPOS="359"/>
							<String ID="string_312" HPOS="369" VPOS="1120" WIDTH="54" HEIGHT="23" WC="0.93" CONTENT="nytt."/><SP WIDTH="23" VPOS="1120" HPOS="423"/>
							<String ID="string_313" HPOS="446" VPOS="1119" WIDTH="55" HEIGHT="19" WC="0.92" CONTENT="Frän"/><SP WIDTH="11" VPOS="1119" HPOS="501"/>
							<String ID="string_314" HPOS="512" VPOS="1121" WIDTH="78" HEIGHT="17" WC="0.96" CONTENT="statens"/><SP WIDTH="11" VPOS="1121" HPOS="590"/>
							<String ID="string_315" HPOS="601" VPOS="1119" WIDTH="76" HEIGHT="25" WC="0.93" CONTENT="skogar"/><SP WIDTH="10" VPOS="1119" HPOS="677"/>
							<String ID="string_316" HPOS="687" VPOS="1118" WIDTH="64" HEIGHT="25" WC="0.93" CONTENT="säljas"/><SP WIDTH="8" VPOS="1118" HPOS="751"/>
							<String ID="string_317" HPOS="759" VPOS="1118" WIDTH="79" HEIGHT="25" WC="0.92" CONTENT="ärligen"/><SP WIDTH="7" VPOS="1118" HPOS="838"/>
							<String ID="string_318" HPOS="845" VPOS="1117" WIDTH="62" HEIGHT="20" WC="0.96" CONTENT="minst"/>
						</TextLine>
						<TextLine ID="line_34" HPOS="160" VPOS="1146" WIDTH="747" HEIGHT="27">
							<String ID="string_319" HPOS="160" VPOS="1147" WIDTH="89" HEIGHT="23" WC="0.91" CONTENT="100,000"/><SP WIDTH="15" VPOS="1147" HPOS="249"/>
							<String ID="string_320" HPOS="264" VPOS="1147" WIDTH="53" HEIGHT="23" WC="0.91" CONTENT="träd,"/><SP WIDTH="16" VPOS="1147" HPOS="317"/>
							<String ID="string_321" HPOS="333" VPOS="1147" WIDTH="72" HEIGHT="19" WC="0.93" CONTENT="hvilka"/><SP WIDTH="15" VPOS="1147" HPOS="405"/>
							<String ID="string_322" HPOS="420" VPOS="1147" WIDTH="70" HEIGHT="20" WC="0.92" CONTENT="flottas"/><SP WIDTH="15" VPOS="1147" HPOS="490"/>
							<String ID="string_323" HPOS="505" VPOS="1147" WIDTH="40" HEIGHT="20" WC="0.93" CONTENT="ned"/><SP WIDTH="14" VPOS="1147" HPOS="545"/>
							<String ID="string_324" HPOS="559" VPOS="1147" WIDTH="59" HEIGHT="26" WC="0.93" CONTENT="längs"/><SP WIDTH="16" VPOS="1147" HPOS="618"/>
							<String ID="string_325" HPOS="634" VPOS="1147" WIDTH="93" HEIGHT="20" WC="0.91" CONTENT="Saimens"/><SP WIDTH="10" VPOS="1147" HPOS="727"/>
							<String ID="string_326" HPOS="737" VPOS="1147" WIDTH="123" HEIGHT="25" WC="0.96" CONTENT="vattendrag"/><SP WIDTH="9" VPOS="1147" HPOS="860"/>
							<String ID="string_327" HPOS="869" VPOS="1146" WIDTH="38" HEIGHT="19" WC="0.90" CONTENT="och"/>
						</TextLine>
						<TextLine ID="line_35" HPOS="156" VPOS="1174" WIDTH="752" HEIGHT="29">
							<String ID="string_328" HPOS="156" VPOS="1174" WIDTH="61" HEIGHT="21" WC="0.91" CONTENT="äfven"/><SP WIDTH="16" VPOS="1174" HPOS="217"/>
							<String ID="string_329" HPOS="233" VPOS="1182" WIDTH="33" HEIGHT="13" WC="0.96" CONTENT="om"/><SP WIDTH="15" VPOS="1182" HPOS="266"/>
							<String ID="string_330" HPOS="281" VPOS="1175" WIDTH="65" HEIGHT="25" WC="0.96" CONTENT="priset"/><SP WIDTH="15" VPOS="1175" HPOS="346"/>
							<String ID="string_331" HPOS="361" VPOS="1175" WIDTH="32" HEIGHT="20" WC="0.93" CONTENT="för"/><SP WIDTH="16" VPOS="1175" HPOS="393"/>
							<String ID="string_332" HPOS="409" VPOS="1178" WIDTH="53" HEIGHT="17" WC="0.92" CONTENT="stam"/><SP WIDTH="18" VPOS="1178" HPOS="462"/>
							<String ID="string_333" HPOS="480" VPOS="1179" WIDTH="57" HEIGHT="22" WC="0.92" CONTENT="stege"/><SP WIDTH="16" VPOS="1179" HPOS="537"/>
							<String ID="string_334" HPOS="553" VPOS="1176" WIDTH="73" HEIGHT="19" WC="0.96" CONTENT="endast"/><SP WIDTH="14" VPOS="1176" HPOS="626"/>
							<String ID="string_335" HPOS="640" VPOS="1176" WIDTH="33" HEIGHT="19" WC="0.93" CONTENT="till"/><SP WIDTH="18" VPOS="1176" HPOS="673"/>
							<String ID="string_336" HPOS="691" VPOS="1175" WIDTH="43" HEIGHT="28" WC="0.91" CONTENT="11/,"/><SP WIDTH="15" VPOS="1175" HPOS="734"/>
							<String ID="string_337" HPOS="749" VPOS="1175" WIDTH="64" HEIGHT="24" WC="0.93" CONTENT="mark,"/><SP WIDTH="16" VPOS="1175" HPOS="813"/>
							<String ID="string_338" HPOS="829" VPOS="1175" WIDTH="79" HEIGHT="20" WC="0.92" CONTENT="hvilket"/>
						</TextLine>
						<TextLine ID="line_36" HPOS="156" VPOS="1203" WIDTH="752" HEIGHT="27">
							<String ID="string_339" HPOS="156" VPOS="1207" WIDTH="23" HEIGHT="16" WC="0.96" CONTENT="är"/><SP WIDTH="15" VPOS="1207" HPOS="179"/>
							<String ID="string_340" HPOS="194" VPOS="1204" WIDTH="35" HEIGHT="19" WC="0.93" CONTENT="det"/><SP WIDTH="22" VPOS="1204" HPOS="229"/>
							<String ID="string_341" HPOS="251" VPOS="1204" WIDTH="76" HEIGHT="19" WC="0.92" CONTENT="minsta"/><SP WIDTH="23" VPOS="1204" HPOS="327"/>
							<String ID="string_342" HPOS="350" VPOS="1204" WIDTH="102" HEIGHT="19" WC="0.92" CONTENT="tänkbara"/><SP WIDTH="22" VPOS="1204" HPOS="452"/>
							<String ID="string_343" HPOS="474" VPOS="1205" WIDTH="44" HEIGHT="25" WC="0.92" CONTENT="pris"/><SP WIDTH="18" VPOS="1205" HPOS="518"/>
							<String ID="string_344" HPOS="536" VPOS="1205" WIDTH="35" HEIGHT="19" WC="0.93" CONTENT="vid"/><SP WIDTH="12" VPOS="1205" HPOS="571"/>
							<String ID="string_345" HPOS="583" VPOS="1204" WIDTH="119" HEIGHT="25" WC="0.92" CONTENT="jemförelse"/><SP WIDTH="18" VPOS="1204" HPOS="702"/>
							<String ID="string_346" HPOS="720" VPOS="1204" WIDTH="47" HEIGHT="20" WC="0.93" CONTENT="med"/><SP WIDTH="17" VPOS="1204" HPOS="767"/>
							<String ID="string_347" HPOS="784" VPOS="1204" WIDTH="71" HEIGHT="25" WC="0.91" CONTENT="prisen"/><SP WIDTH="18" VPOS="1204" HPOS="855"/>
							<String ID="string_348" HPOS="873" VPOS="1203" WIDTH="35" HEIGHT="20" WC="0.96" CONTENT="vid"/>
						</TextLine>
						<TextLine ID="line_37" HPOS="157" VPOS="1232" WIDTH="750" HEIGHT="27">
							<String ID="string_349" HPOS="157" VPOS="1232" WIDTH="268" HEIGHT="26" WC="0.92" CONTENT="Päijänne-vattendragen,"/><SP WIDTH="17" VPOS="1232" HPOS="425"/>
							<String ID="string_350" HPOS="442" VPOS="1234" WIDTH="23" HEIGHT="19" WC="0.96" CONTENT="sä"/><SP WIDTH="15" VPOS="1234" HPOS="465"/>
							<String ID="string_351" HPOS="480" VPOS="1233" WIDTH="67" HEIGHT="20" WC="0.96" CONTENT="skulle"/><SP WIDTH="14" VPOS="1233" HPOS="547"/>
							<String ID="string_352" HPOS="561" VPOS="1233" WIDTH="102" HEIGHT="26" WC="0.96" CONTENT="företaget"/><SP WIDTH="14" VPOS="1233" HPOS="663"/>
							<String ID="string_353" HPOS="677" VPOS="1233" WIDTH="64" HEIGHT="20" WC="0.93" CONTENT="redan"/><SP WIDTH="15" VPOS="1233" HPOS="741"/>
							<String ID="string_354" HPOS="756" VPOS="1233" WIDTH="96" HEIGHT="24" WC="0.88" CONTENT="inbringa"/><SP WIDTH="15" VPOS="1233" HPOS="852"/>
							<String ID="string_355" HPOS="867" VPOS="1234" WIDTH="40" HEIGHT="17" WC="0.93" CONTENT="sta-"/>
						</TextLine>
						<TextLine ID="line_38" HPOS="154" VPOS="1260" WIDTH="755" HEIGHT="26">
							<String ID="string_356" HPOS="154" VPOS="1263" WIDTH="35" HEIGHT="17" WC="0.96" CONTENT="ten"/><SP WIDTH="19" VPOS="1263" HPOS="189"/>
							<String ID="string_357" HPOS="208" VPOS="1267" WIDTH="26" HEIGHT="13" WC="0.93" CONTENT="en"/><SP WIDTH="22" VPOS="1267" HPOS="234"/>
							<String ID="string_358" HPOS="256" VPOS="1261" WIDTH="53" HEIGHT="25" WC="0.95" CONTENT="årlig"/><SP WIDTH="14" VPOS="1261" HPOS="309"/>
							<String ID="string_359" HPOS="323" VPOS="1261" WIDTH="91" HEIGHT="20" WC="0.96" CONTENT="inkomst"/><SP WIDTH="16" VPOS="1261" HPOS="414"/>
							<String ID="string_360" HPOS="430" VPOS="1261" WIDTH="23" HEIGHT="20" WC="0.93" CONTENT="af"/><SP WIDTH="24" VPOS="1261" HPOS="453"/>
							<String ID="string_361" HPOS="477" VPOS="1263" WIDTH="87" HEIGHT="22" WC="0.91" CONTENT="150,000"/><SP WIDTH="16" VPOS="1263" HPOS="564"/>
							<String ID="string_362" HPOS="580" VPOS="1262" WIDTH="64" HEIGHT="19" WC="0.96" CONTENT="mark."/><SP WIDTH="30" VPOS="1262" HPOS="644"/>
							<String ID="string_363" HPOS="674" VPOS="1261" WIDTH="44" HEIGHT="20" WC="0.92" CONTENT="Och"/><SP WIDTH="15" VPOS="1261" HPOS="718"/>
							<String ID="string_364" HPOS="733" VPOS="1261" WIDTH="46" HEIGHT="20" WC="0.96" CONTENT="ifall"/><SP WIDTH="15" VPOS="1261" HPOS="779"/>
							<String ID="string_365" HPOS="794" VPOS="1263" WIDTH="68" HEIGHT="18" WC="0.96" CONTENT="staten"/><SP WIDTH="14" VPOS="1263" HPOS="862"/>
							<String ID="string_366" HPOS="876" VPOS="1260" WIDTH="33" HEIGHT="20" WC="0.96" CONTENT="för"/>
						</TextLine>
						<TextLine ID="line_39" HPOS="155" VPOS="1289" WIDTH="753" HEIGHT="27">
							<String ID="string_367" HPOS="155" VPOS="1289" WIDTH="111" HEIGHT="26" WC="0.95" CONTENT="nyttjande"/><SP WIDTH="15" VPOS="1289" HPOS="266"/>
							<String ID="string_368" HPOS="281" VPOS="1289" WIDTH="23" HEIGHT="20" WC="0.93" CONTENT="af"/><SP WIDTH="17" VPOS="1289" HPOS="304"/>
							<String ID="string_369" HPOS="321" VPOS="1290" WIDTH="171" HEIGHT="25" WC="0.92" CONTENT="flottningsleden"/><SP WIDTH="19" VPOS="1290" HPOS="492"/>
							<String ID="string_370" HPOS="511" VPOS="1291" WIDTH="105" HEIGHT="19" WC="0.96" CONTENT="bestämde"/><SP WIDTH="15" VPOS="1291" HPOS="616"/>
							<String ID="string_371" HPOS="631" VPOS="1297" WIDTH="25" HEIGHT="13" WC="0.93" CONTENT="en"/><SP WIDTH="15" VPOS="1297" HPOS="656"/>
							<String ID="string_372" HPOS="671" VPOS="1290" WIDTH="69" HEIGHT="26" WC="0.91" CONTENT="afgift,"/><SP WIDTH="16" VPOS="1290" HPOS="740"/>
							<String ID="string_373" HPOS="756" VPOS="1297" WIDTH="31" HEIGHT="12" WC="0.93" CONTENT="om"/><SP WIDTH="16" VPOS="1297" HPOS="787"/>
							<String ID="string_374" HPOS="803" VPOS="1289" WIDTH="39" HEIGHT="20" WC="0.96" CONTENT="ock"/><SP WIDTH="12" VPOS="1289" HPOS="842"/>
							<String ID="string_375" HPOS="854" VPOS="1289" WIDTH="54" HEIGHT="20" WC="0.95" CONTENT="blott"/>
						</TextLine>
						<TextLine ID="line_40" HPOS="156" VPOS="1317" WIDTH="751" HEIGHT="28">
							<String ID="string_376" HPOS="156" VPOS="1319" WIDTH="11" HEIGHT="18" WC="0.95" CONTENT="6"/><SP WIDTH="16" VPOS="1319" HPOS="167"/>
							<String ID="string_377" HPOS="183" VPOS="1319" WIDTH="64" HEIGHT="24" WC="0.95" CONTENT="penni"/><SP WIDTH="15" VPOS="1319" HPOS="247"/>
							<String ID="string_378" HPOS="262" VPOS="1325" WIDTH="36" HEIGHT="19" WC="0.92" CONTENT="per"/><SP WIDTH="16" VPOS="1325" HPOS="298"/>
							<String ID="string_379" HPOS="314" VPOS="1321" WIDTH="60" HEIGHT="22" WC="0.96" CONTENT="stam,"/><SP WIDTH="17" VPOS="1321" HPOS="374"/>
							<String ID="string_380" HPOS="391" VPOS="1319" WIDTH="23" HEIGHT="19" WC="0.96" CONTENT="sä"/><SP WIDTH="16" VPOS="1319" HPOS="414"/>
							<String ID="string_381" HPOS="430" VPOS="1319" WIDTH="67" HEIGHT="19" WC="0.96" CONTENT="skulle"/><SP WIDTH="15" VPOS="1319" HPOS="497"/>
							<String ID="string_382" HPOS="512" VPOS="1319" WIDTH="67" HEIGHT="20" WC="0.93" CONTENT="denna"/><SP WIDTH="14" VPOS="1319" HPOS="579"/>
							<String ID="string_383" HPOS="593" VPOS="1319" WIDTH="86" HEIGHT="26" WC="0.68" CONTENT="afgift,"/><SP WIDTH="-5" VPOS="1319" HPOS="679"/>
							<String ID="string_384" HPOS="674" VPOS="1313" WIDTH="9" HEIGHT="36" WC="0.68" CONTENT="i"/><SP WIDTH="12" VPOS="1313" HPOS="683"/>
							<String ID="string_385" HPOS="695" VPOS="1319" WIDTH="136" HEIGHT="19" WC="0.96" CONTENT="betraktande"/><SP WIDTH="10" VPOS="1319" HPOS="831"/>
							<String ID="string_386" HPOS="841" VPOS="1317" WIDTH="66" HEIGHT="24" WC="0.95" CONTENT="däraf,"/>
						</TextLine>
						<TextLine ID="line_41" HPOS="155" VPOS="1346" WIDTH="754" HEIGHT="25">
							<String ID="string_387" HPOS="155" VPOS="1348" WIDTH="31" HEIGHT="17" WC="0.93" CONTENT="att"/><SP WIDTH="21" VPOS="1348" HPOS="186"/>
							<String ID="string_388" HPOS="207" VPOS="1354" WIDTH="50" HEIGHT="12" WC="0.96" CONTENT="man"/><SP WIDTH="21" VPOS="1354" HPOS="257"/>
							<String ID="string_389" HPOS="278" VPOS="1347" WIDTH="35" HEIGHT="19" WC="0.96" CONTENT="väl"/><SP WIDTH="23" VPOS="1347" HPOS="313"/>
							<String ID="string_390" HPOS="336" VPOS="1347" WIDTH="42" HEIGHT="20" WC="0.93" CONTENT="kan"/><SP WIDTH="22" VPOS="1347" HPOS="378"/>
							<String ID="string_391" HPOS="400" VPOS="1347" WIDTH="92" HEIGHT="20" WC="0.88" CONTENT="beräkna"/><SP WIDTH="22" VPOS="1347" HPOS="492"/>
							<String ID="string_392" HPOS="514" VPOS="1348" WIDTH="78" HEIGHT="19" WC="0.96" CONTENT="antalet"/><SP WIDTH="19" VPOS="1348" HPOS="592"/>
							<String ID="string_393" HPOS="611" VPOS="1347" WIDTH="22" HEIGHT="20" WC="0.96" CONTENT="af"/><SP WIDTH="13" VPOS="1347" HPOS="633"/>
							<String ID="string_394" HPOS="646" VPOS="1348" WIDTH="40" HEIGHT="19" WC="0.95" CONTENT="den"/><SP WIDTH="22" VPOS="1348" HPOS="686"/>
							<String ID="string_395" HPOS="708" VPOS="1347" WIDTH="66" HEIGHT="24" WC="0.95" CONTENT="stock,"/><SP WIDTH="23" VPOS="1347" HPOS="774"/>
							<String ID="string_396" HPOS="797" VPOS="1353" WIDTH="44" HEIGHT="14" WC="0.93" CONTENT="som"/><SP WIDTH="21" VPOS="1353" HPOS="841"/>
							<String ID="string_397" HPOS="862" VPOS="1346" WIDTH="47" HEIGHT="19" WC="0.93" CONTENT="frän"/>
						</TextLine>
						<TextLine ID="line_42" HPOS="157" VPOS="1375" WIDTH="749" HEIGHT="27">
							<String ID="string_398" HPOS="157" VPOS="1375" WIDTH="252" HEIGHT="26" WC="0.91" CONTENT="Saima-vattensystemet"/><SP WIDTH="11" VPOS="1375" HPOS="409"/>
							<String ID="string_399" HPOS="420" VPOS="1376" WIDTH="68" HEIGHT="19" WC="0.93" CONTENT="skulle"/><SP WIDTH="10" VPOS="1376" HPOS="488"/>
							<String ID="string_400" HPOS="498" VPOS="1376" WIDTH="60" HEIGHT="20" WC="0.92" CONTENT="flötas"/><SP WIDTH="10" VPOS="1376" HPOS="558"/>
							<String ID="string_401" HPOS="568" VPOS="1376" WIDTH="32" HEIGHT="19" WC="0.96" CONTENT="till"/><SP WIDTH="10" VPOS="1376" HPOS="600"/>
							<String ID="string_402" HPOS="610" VPOS="1376" WIDTH="77" HEIGHT="24" WC="0.96" CONTENT="Kotka,"/><SP WIDTH="9" VPOS="1376" HPOS="687"/>
							<String ID="string_403" HPOS="696" VPOS="1376" WIDTH="33" HEIGHT="19" WC="0.96" CONTENT="till"/><SP WIDTH="9" VPOS="1376" HPOS="729"/>
							<String ID="string_404" HPOS="738" VPOS="1376" WIDTH="64" HEIGHT="19" WC="0.93" CONTENT="minst"/><SP WIDTH="13" VPOS="1376" HPOS="802"/>
							<String ID="string_405" HPOS="815" VPOS="1375" WIDTH="41" HEIGHT="27" WC="0.34" CONTENT="11/,"/><SP WIDTH="7" VPOS="1375" HPOS="856"/>
							<String ID="string_406" HPOS="863" VPOS="1375" WIDTH="43" HEIGHT="19" WC="0.82" CONTENT="mil-"/>
						</TextLine>
						<TextLine ID="line_43" HPOS="153" VPOS="1403" WIDTH="754" HEIGHT="27">
							<String ID="string_407" HPOS="153" VPOS="1403" WIDTH="38" HEIGHT="25" WC="0.93" CONTENT="jon"/><SP WIDTH="14" VPOS="1403" HPOS="191"/>
							<String ID="string_408" HPOS="205" VPOS="1405" WIDTH="95" HEIGHT="25" WC="0.91" CONTENT="stycken,"/><SP WIDTH="14" VPOS="1405" HPOS="300"/>
							<String ID="string_409" HPOS="314" VPOS="1405" WIDTH="79" HEIGHT="25" WC="0.93" CONTENT="ärligen"/><SP WIDTH="10" VPOS="1405" HPOS="393"/>
							<String ID="string_410" HPOS="403" VPOS="1404" WIDTH="96" HEIGHT="26" WC="0.91" CONTENT="inbringa"/><SP WIDTH="11" VPOS="1404" HPOS="499"/>
							<String ID="string_411" HPOS="510" VPOS="1407" WIDTH="68" HEIGHT="18" WC="0.96" CONTENT="staten"/><SP WIDTH="10" VPOS="1407" HPOS="578"/>
							<String ID="string_412" HPOS="588" VPOS="1412" WIDTH="25" HEIGHT="13" WC="0.93" CONTENT="en"/><SP WIDTH="10" VPOS="1412" HPOS="613"/>
							<String ID="string_413" HPOS="623" VPOS="1405" WIDTH="91" HEIGHT="20" WC="0.92" CONTENT="inkomst"/><SP WIDTH="10" VPOS="1405" HPOS="714"/>
							<String ID="string_414" HPOS="724" VPOS="1404" WIDTH="24" HEIGHT="20" WC="0.93" CONTENT="af"/><SP WIDTH="8" VPOS="1404" HPOS="748"/>
							<String ID="string_415" HPOS="756" VPOS="1405" WIDTH="77" HEIGHT="25" WC="0.92" CONTENT="90,000"/><SP WIDTH="10" VPOS="1405" HPOS="833"/>
							<String ID="string_416" HPOS="843" VPOS="1404" WIDTH="64" HEIGHT="19" WC="0.96" CONTENT="mark."/>
						</TextLine>
					</TextBlock>
				</ComposedBlock>
			</PrintSpace>
		</Page>
	</Layout>
</alto>
