1025 1653
281 111 277 22 Petitionsbetänkande
574 110 44 23 N:o
634 111 39 22 43.
825 112 26 19 11

99 183 145 22 vittnesbörd
272 183 97 21 rörande
391 182 74 21 finska
488 183 104 28 språkets
615 182 173 22 användbarhet
813 181 40 22 vid

99 218 203 29 undervisningen,
326 218 89 21 hvilket
438 218 44 21 den
505 218 63 21 lärda
592 218 81 21 skolan
693 218 72 21 under
782 217 71 22 åratal

99 253 77 30 gifvit,
199 254 73 21 finnes
296 253 97 22 faktiskt
418 254 56 21 icke.
511 254 75 21 Också
609 254 46 21 kan
676 254 39 21 det
733 261 65 14 anses
818 253 35 21 för

101 290 77 21 säkert
194 292 35 19 att
244 289 59 22 efter
318 289 125 22 reformens
459 289 179 29 genomförande
654 290 40 21 det
709 289 50 22 icke
775 289 78 22 vidare

100 325 76 21 skulle
196 325 165 28 ifrågakomma
383 327 34 19 att
439 325 175 21 läroanstaltens
630 325 157 21 elevnumerär
803 325 50 20 icke

101 368 54 14 vore
176 360 108 29 fulltalig,
305 362 71 27 något
399 368 49 14 som
464 374 28 2 —
508 360 72 29 enligt
600 361 61 21 hvad
676 360 69 22 äfven
761 362 93 20 statsut-

100 396 90 22 skottet
207 396 40 21 vid
262 396 153 22 innevarande
439 396 133 29 landtdag
563 392 16 38 i
596 399 70 19 annat
690 396 164 28 sammanhang

102 432 101 29 påpekat
218 445 28 3 —
263 432 73 21 under
352 434 89 19 senaste
457 432 59 22 tider
531 433 60 21 varit
607 432 71 22 fallet.

174 468 69 21 Hvad
264 468 70 21 sedan
354 468 109 22 beträffar
479 468 27 21 de
522 468 148 28 svårigheter,
687 475 49 15 som
753 468 100 22 befarats

102 506 86 26 uppstå
210 503 39 22 vid
272 504 125 21 reformens
419 504 119 28 praktiska
558 504 187 28 genomförande,
769 506 25 19 så
814 504 41 20 har

102 540 122 22 Utskottet
246 539 50 22 icke
320 542 75 19 ansett
419 540 51 21 dem
493 548 55 13 vara
564 542 24 19 så
605 540 138 28 betydande,
760 542 34 19 att
811 539 44 21 den

102 576 146 28 nödvändiga
274 575 162 29 förändringen
459 576 77 22 därför
560 576 70 21 borde
654 576 87 21 lämnas
765 575 89 28 ogjord.

102 611 54 22 Ifall
172 612 136 28 kunskapen
323 612 8 20 i
349 611 74 22 finska
439 612 92 28 språket
546 611 120 29 värkligen
677 614 25 19 är
713 614 25 19 så
749 610 106 22 tillfreds-

103 648 112 21 ställande
231 648 41 21 hos
283 648 89 20 landets
383 655 72 20 yngre
467 647 123 26 officerare,
603 655 48 14 som
663 647 111 22 Senatens
785 646 70 28 majo-

103 683 54 21 ritet
168 682 132 27 framhållit,
312 685 24 19 så
347 683 41 22 bör
399 683 39 21 det
448 683 50 21 icke
509 691 54 13 vara
574 683 107 28 omöjligt
693 685 34 19 att
738 682 35 21 till
785 682 71 21 kåren

104 718 86 21 erhålla
206 718 79 26 lärare,
302 726 48 14 som
366 719 77 21 kunna
459 719 121 21 undervisa
596 721 30 26 på
642 719 80 21 finska.
755 718 48 21 Och
819 725 37 14 om

105 754 163 28 förändringen
284 755 104 28 vidtages
404 755 130 26 successivt,
551 755 55 21 böra
621 755 8 20 i
644 754 80 29 hvarje
735 753 117 26 händelse,

103 790 74 21 ehuru
201 790 124 29 tillräcklig
345 791 129 20 kännedom
490 790 26 21 af
528 790 74 21 finska
618 791 93 28 språket
728 790 73 28 enligt
816 789 41 22 Ut-

104 826 100 21 skottets
220 826 60 21 åsikt
296 825 35 22 för
341 826 140 21 närvarande
493 829 24 18 är
528 826 98 28 sällsynt
636 826 62 21 inom
709 827 40 20 vår
760 825 98 22 officers-

105 861 48 26 kår,
169 861 109 29 lämpliga
294 862 71 21 lärare
382 862 69 21 bland
462 862 27 21 de
501 869 72 21 yngre
584 861 133 22 officerarne
729 861 58 22 dock
795 860 63 22 inom

105 898 53 21 kort
174 897 78 21 kunna
268 897 106 22 utbildas.
397 898 34 21 De
448 897 92 29 platser,
556 898 71 27 högre
644 897 63 22 såväl
723 904 48 14 som
787 897 70 27 lägre,

104 933 38 21 till
154 933 78 21 hvilka
242 933 54 21 fullt
307 933 147 29 kompetenta
465 941 107 21 personer
584 933 19 28 ej
617 933 76 22 kunde
705 933 104 25 erhållas,
821 932 37 21 be-

105 968 70 22 höfde
190 969 27 27 ju
232 969 50 21 icke
301 971 29 26 på
349 977 28 13 en
397 969 33 21 tid
449 969 133 22 ordinariter
593 969 108 25 besättas,
714 971 56 19 utan
780 967 78 22 kunde

104 1004 30 21 ad
149 1004 91 21 interim
256 1004 108 22 beklädas
380 1005 52 21 med
448 1004 220 29 tjänstförrättande.

179 1039 116 29 Slutligen
305 1040 40 22 har
356 1040 72 28 enligt
438 1040 132 22 Utskottets
582 1040 92 28 mening
685 1040 112 22 Senatens
809 1039 50 21 fler-

105 1075 33 22 tal
157 1075 50 22 icke
228 1076 94 21 beaktat
340 1078 34 19 att
390 1076 39 21 det
445 1079 24 18 är
485 1084 28 13 en
528 1076 115 28 väsentlig
659 1076 99 21 skillnad
774 1075 85 21 mellan

106 1113 35 19 att
156 1111 141 29 nödtorftigt
315 1112 75 21 känna
406 1112 27 21 de
450 1114 90 24 termer,
557 1118 48 15 som
620 1114 39 19 äro
671 1110 189 30 oundgängligen

106 1147 146 29 nödvändiga
268 1147 35 22 för
319 1149 34 19 att
369 1148 77 20 kunna
462 1148 121 20 undervisa
598 1148 136 28 manskapet
745 1149 29 26 på
785 1146 75 22 finska

105 1183 44 21 och
169 1185 35 19 att
229 1190 55 14 vara
309 1182 54 22 fullt
386 1183 158 22 hemmastadd
567 1184 7 20 i
590 1183 63 21 detta
670 1183 75 28 språk.
778 1182 82 22 Såsom

106 1218 101 29 framgår
223 1218 27 22 af
262 1219 40 21 det
317 1219 122 28 glädjande
456 1219 152 25 erkännande,
632 1219 89 21 hvilket
736 1218 58 22 både
811 1218 49 21 före

106 1254 44 22 och
171 1254 59 22 efter
251 1255 170 28 värnepliktens
437 1254 119 22 införande
572 1254 39 22 vid
627 1254 154 29 mönstringar
797 1254 63 21 kom-

108 1290 42 21 mit
167 1290 28 21 de
211 1290 74 22 finska
302 1292 125 27 trupperna
443 1290 36 22 till
495 1291 43 25 del,
555 1291 46 21 kan
617 1290 35 22 för
663 1289 197 28 frontutbildning

110 1326 43 21 och
170 1325 180 29 skjutfärdighet
365 1327 94 27 mycket
473 1328 99 19 uträttas
596 1326 68 21 äfven
688 1326 25 21 af
735 1325 124 25 officerare,

106 1369 51 14 som
173 1361 20 28 ej
212 1364 38 19 äro
267 1361 55 22 fullt
337 1361 118 29 förtrogna
471 1362 53 21 med
539 1362 147 28 manskapets
703 1361 75 29 språk.
807 1360 54 21 Men

109 1405 53 13 man
187 1397 41 21 bör
251 1397 146 28 ihågkomma
421 1400 34 19 att
478 1397 132 22 officerarne
634 1397 39 21 vid
689 1395 172 30 värnepliktiga

180 1445 107 18 Allmänna
297 1441 182 27 petitionsutskottets
492 1445 116 18 betänkande
621 1445 37 18 N:o
670 1445 31 18 22.
