1009 1656
207 113 13 19 4

176 179 50 19 eller
248 179 92 20 däremot
362 180 103 19 svarande
487 179 149 25 undervisning
656 179 140 25 inberäknad),
818 178 70 20 förrän
904 179 24 19 de

175 208 71 20 vunnit
262 209 78 19 inträde
355 209 7 19 i
378 209 39 19 den
433 209 57 20 lärda
507 209 82 20 skolans
605 209 64 20 första
685 209 51 23 klas,
752 209 75 19 medan
838 209 91 19 däremot

176 238 26 20 de
222 238 81 26 privata
322 239 148 19 förberedande
490 239 96 20 skolorna
606 239 8 20 i
635 239 110 20 allmänhet
761 238 108 20 förbereda
884 238 45 20 sina

177 269 70 19 elever
268 269 29 19 till
318 274 80 14 samma
418 269 56 19 klass
489 269 8 19 i
513 269 135 25 gosskolorna
662 269 28 25 på
705 271 37 21 tre,
757 269 7 19 i
782 269 146 19 fruntimmers-

176 298 99 20 skolorna
290 299 27 25 på
332 299 46 25 fyra
394 299 29 19 år.
455 298 43 20 Och
515 299 32 23 de,
563 299 71 20 hvilka
649 299 47 19 från
711 298 115 20 folkskolan
842 298 50 20 söka
900 298 29 20 in-

176 328 58 20 träde
260 329 29 19 till
309 328 203 24 fruntimmersskola,
535 329 67 19 måste
622 329 104 19 dessutom
745 329 134 25 ovilkorligen
901 328 28 20 &t-

176 358 58 25 njuta
248 358 79 20 enskild
344 359 146 25 undervisning
506 359 7 19 i
530 359 33 19 det
578 359 65 19 andra
658 359 108 19 inhemska
774 358 89 26 språket,
875 364 54 14 eme-

177 388 39 20 dan
232 390 30 27 ett
276 389 41 19 helt
333 389 33 19 ärs
382 389 49 19 kurs
447 389 43 19 däri
507 389 109 19 erfordras.

248 419 75 19 Åldern
347 419 37 19 har
407 419 130 24 naturligtvis
561 418 49 20 stått
632 419 6 19 i
654 418 128 19 förhållande
799 418 72 19 härtill.
903 417 29 20 Af

177 447 25 20 de
223 447 23 20 af
266 453 33 14 oss
318 449 94 19 använda
427 448 131 26 uppgifterna
573 449 102 19 inhämtas
691 449 29 18 att
734 448 64 19 under
814 453 26 14 en
855 448 74 25 tidspe-

177 477 44 20 riod
238 478 24 19 af
275 477 41 20 fem
333 479 22 18 år
370 479 135 24 (1891—95)
522 479 25 19 de
562 478 47 20 från
625 478 115 20 folkskolan
756 478 29 19 till
802 478 63 19 första
875 477 53 20 klas-

176 513 37 14 sen
228 508 85 25 intagna
328 509 108 19 elevernas
452 509 56 19 ålder
524 509 53 19 varit
592 508 100 25 följande:

573 590 57 17 lår
668 590 58 17 12år
764 591 21 16 13
799 590 22 17 år
855 590 21 17 14
890 589 22 18 år

536 613 40 14 eller
584 613 64 15 mindre
835 613 40 14 eller
884 616 46 11 mera

249 645 7 19 i
274 645 26 19 13
317 645 102 20 klassiska
434 645 69 26 lyceer
580 645 42 19 248
671 645 42 19 169
762 645 41 19 155
864 645 28 18 33

249 675 7 19 i
287 675 12 19 9
316 675 256 25 reallyceerochborgare-

392 701 68 34 skolor
580 705 42 19 235
671 705 42 19 162
762 705 40 19 1927
866 705 25 18 51

248 735 8 18 i
288 735 12 18 8
317 734 207 21 fruntimmersskolor
596 735 27 19 92
686 735 27 18 74
776 735 27 18 98
864 735 28 18 43

578 777 42 18 575
668 776 44 19 405
760 776 44 19 380
851 776 41 19 127

248 866 34 19 Att
302 865 58 26 börja
379 867 32 19 sin
432 867 101 24 skolgäng
551 867 7 18 i
577 867 39 19 den
632 866 58 20 lärda
706 866 71 19 skolan
793 865 34 20 vid
845 865 84 20 12—14

180 895 56 20 ålder
258 896 23 19 är
300 896 64 19 redan
380 896 7 19 i
404 897 37 18 och
457 896 31 19 för
504 897 33 24 sig
553 902 26 13 en
595 896 43 23 sak,
656 901 44 14 som
716 895 94 25 erbjuder
826 895 104 26 svärighe-

178 926 42 23 ter;
236 925 8 19 i
261 926 71 19 sädant
348 926 35 19 fall
399 926 41 19 kan
455 931 48 14 man
519 926 77 25 hoppas
611 926 65 19 blifva
691 926 81 18 student
786 925 35 19 vid
838 925 27 19 20
882 924 48 20 eller

178 955 28 19 22
222 955 36 19 års
279 955 61 23 ålder,
358 961 33 14 om
412 961 48 14 man
475 956 18 24 ej
510 956 62 19 råkar
587 956 126 19 kvarstanna
728 955 35 19 två
779 955 23 19 är
816 955 27 25 pä
853 960 79 14 samma

178 984 62 20 klass.
272 985 10 19 I
305 990 26 15 en
354 985 56 25 dylik
432 986 122 24 belägenhet
577 986 35 19 äro
633 985 112 20 emellertid
766 985 42 19 657
825 985 69 19 elever
910 984 24 20 af

177 1014 49 20 håla
246 1015 75 19 antalet
344 1015 57 19 1146
422 1015 242 25 (fruntimmersskolorna
685 1015 110 24 oräknade)
816 1014 45 20 från
882 1014 50 20 folk-

178 1044 73 20 skolan
274 1044 141 26 öfverflyttade
438 1045 19 19 d.
482 1051 20 13 v.
527 1051 16 13 s.
568 1043 65 28 609/,
657 1045 50 19 eller
728 1050 58 14 mera
805 1045 26 19 än
847 1044 83 20 hälften.

176 1074 47 19 Men
246 1075 54 19 ännu
323 1075 167 25 egendomligare
513 1077 31 17 ter
566 1075 33 25 sig
614 1074 142 23 förhållandet,
772 1074 45 20 sedt
832 1074 45 19 från
893 1074 39 19 den

176 1104 120 20 nuvarande
318 1104 118 26 skollagens
460 1105 128 25 ståndpunkt.
620 1104 38 20 Om
680 1104 37 20 ock
736 1104 116 25 skollagens
868 1104 12 24 $
896 1104 35 22 20,

178 1133 36 20 där
235 1134 34 20 det
289 1134 63 22 heter,
375 1136 28 18 att
419 1140 25 14 en
461 1135 45 19 elev
522 1140 44 14 som
582 1134 60 20 söker
657 1134 81 20 inträde
753 1134 29 19 till
798 1134 64 20 första
878 1134 53 19 klas-

177 1168 37 14 sen
237 1163 25 20 af
282 1164 62 24 något
364 1164 87 25 lyceum,
476 1165 36 19 bör
533 1164 112 20 innehafva
664 1170 26 14 en
706 1164 56 19 ålder
780 1164 59 23 ,frän
854 1164 33 19 nio
903 1163 29 19 till

177 1192 39 20 tolf
232 1194 45 22 år",
296 1194 66 19 tolkas
382 1194 24 19 så
422 1194 79 20 liberalt
517 1200 44 14 som
576 1194 86 25 möjligt,
680 1194 38 20 och
734 1199 33 14 om
782 1199 48 14 man
847 1195 85 23 antager

177 1224 29 18 att
221 1222 33 24 de,
271 1228 43 14 som
330 1223 45 25 fyllt
392 1224 26 19 12
436 1224 30 23 år,
483 1225 54 19 ännu
552 1224 112 20 innehafva
679 1224 65 25 laglig
760 1224 56 19 ålder
830 1224 41 24 (om
881 1223 50 19 hvil-

176 1252 40 20 ken
232 1253 102 25 tolknings
350 1253 96 26 riktighet
462 1259 48 14 man
526 1254 40 19 kan
581 1260 52 13 vara
648 1254 101 22 tveksam,
762 1253 26 19 då
798 1252 134 26 åldersperio-

176 1282 40 20 den
240 1283 73 19 9—12
337 1283 7 19 i
368 1283 54 20 detta
441 1284 36 19 fall
497 1284 82 19 komme
596 1285 28 18 att
639 1284 85 19 omfatta
740 1283 46 25 fyra
802 1283 36 24 år),
856 1283 23 19 så
896 1283 35 19 äro

176 1312 70 23 likvål,
264 1312 234 21 fruntimmersskolorna
514 1313 144 24 fränräknade,
671 1314 43 18 326
726 1313 69 19 elever
806 1313 48 19 eller
866 1313 28 19 28
904 1310 27 28 %,

177 1341 24 19 af
221 1342 49 19 hela
292 1343 75 19 antalet
390 1343 124 25 öfveräriga.
547 1343 81 20 Sädana
643 1343 22 19 fä
681 1343 64 25 enligt
760 1342 107 25 skollagen
883 1344 49 18 mot-

175 1373 60 23 tagas
257 1372 29 19 till
304 1372 64 20 första
389 1373 89 23 klassen,
498 1373 73 19 endast
588 1373 39 24 ,dä
642 1372 128 20 lärovärkets
785 1372 68 20 rektor
868 1372 64 20 finner

176 1402 119 24 synnerliga
310 1402 46 19 skäl
372 1402 66 19 därtill
454 1403 147 19 förekomma."
