1028 1656
172 188 84 28 relägo.>
290 189 33 20 En
338 188 49 28 följd
403 189 20 21 af
443 187 136 30 inspektionen
599 197 40 18 var,
656 193 28 18 att
705 191 12 20 5
734 189 116 28 principaler
864 189 59 28 plikt-

173 218 76 21 fälldes.
281 219 11 20 I
311 222 28 18 ett
358 219 65 27 bageri
443 226 47 15 voro
510 220 151 21 förhållandena
680 220 76 21 sådana
771 223 30 18 att
815 220 108 21 detsamma

172 255 71 20 genom
263 249 135 27 magistratens
418 250 107 27 ätgörande
540 250 98 27 stängdes.
664 250 12 20 I
690 250 31 21 sin
737 249 103 22 berättelse
855 250 31 21 för
901 250 23 20 år

174 279 55 20 1893
246 280 83 19 nämner
343 279 220 25 helsovårdsnämnden,
579 283 28 17 att
622 280 115 21 densamma
747 280 45 20 från
803 279 119 28 bagerifack-

172 308 127 28 afdelningen
317 308 78 22 erhållit
414 316 25 14 en
459 309 108 25 skrifvelse,
587 310 61 27 enligt
666 310 82 21 hvilken
766 310 22 21 af
803 309 120 21 fack-afdel-

172 338 73 28 ningen
263 339 22 21 år
299 340 56 20 1893
367 339 140 21 föranstaltade
517 339 170 28 undersökningar
697 340 6 20 i
715 341 42 20 104
768 340 86 27 bagerier
864 340 58 21 fram-

171 368 40 26 går,
232 372 29 18 att
278 370 27 21 68
324 369 136 21 arbetsställen
478 369 53 28 ligga
552 370 41 20 helt
613 370 36 21 och
670 369 62 22 hållet
751 370 61 21 ofvan
831 369 91 28 jordytan

172 401 51 18 samt
239 400 28 19 32
284 406 39 14 mer
338 399 47 21 eller
400 400 75 20 mindre
489 400 64 21 under
567 400 119 21 densamma.
719 394 107 33 Åtskilliga
836 400 87 27 bagerier

171 428 76 22 erhålla
267 429 59 21 äfven
344 429 79 27 mycket
442 429 77 28 knappt
539 436 32 15 om
590 430 44 27 ljus,
655 433 28 18 ett
702 430 37 21 och
755 432 62 19 annat
836 429 36 21 har
892 429 30 21 till

171 458 38 21 och
222 459 46 20 med
283 459 22 21 så
321 459 47 27 godt
383 466 41 15 som
440 460 48 20 total
504 460 48 21 brist
567 460 26 27 på
608 460 114 21 detsamma.
752 460 81 21 Samma
847 459 75 21 nämnd

173 491 62 24 yttrar
249 490 7 19 i
274 489 87 27 följande
376 490 31 21 års
423 490 110 21 berättelse:
552 490 48 20 >Ett
615 490 5 20 i
636 490 39 28 hög
690 490 49 28 grad
755 489 168 28 beklagansvärdt

172 518 172 22 missförhållande
364 520 44 20 med
428 520 24 20 de
468 520 58 21 flesta
541 520 113 28 bagerlerna
669 521 6 19 i
690 520 70 21 staden
775 521 23 19 är
812 520 39 20 den
866 526 56 21 spar-

171 555 75 15 samma
262 552 14 18 t.
291 556 17 14 o.
323 556 26 14 m.
364 550 61 21 totala
441 550 47 21 brist
503 550 26 27 på
549 550 63 21 direkt
627 550 88 28 dagsljus
731 557 41 14 som
788 550 56 20 råder
855 550 7 20 i
872 550 50 24 dem,

170 578 105 22 äfvensom
290 580 55 20 deras
361 580 60 21 oftast
436 580 107 27 olämpliga
558 580 62 28 läge.>
654 580 44 21 Och
713 580 29 21 uti
757 580 31 21 sin
803 580 31 20 för
849 580 73 20 sistför-

171 608 66 22 flutna
257 610 22 20 år
298 609 124 27 publicerade
442 610 103 21 berättelse
562 617 98 21 upprepar
675 610 100 21 nämnden
791 610 35 21 ord
842 610 30 20 för
886 609 36 21 ord

171 638 53 22 detta
239 638 107 28 klagomål.
376 640 40 27 Jag
431 640 36 21 har
482 640 44 20 med
541 640 57 21 dessa
613 640 71 28 utdrag
699 640 54 22 velat
767 640 48 26 visa,
830 643 30 17 att
874 639 47 21 ifrå-

171 669 113 26 gavarande
298 669 146 27 yrkesarbetare
459 670 54 21 lefva
527 670 63 21 under
605 670 200 25 helsoförhållanden,
820 676 42 15 som
878 669 43 21 icke

170 699 34 21 äro
217 699 125 28 synnerligen
358 700 139 21 afundsvärda.

242 820 35 21 Då
297 820 56 28 fråga
373 821 83 26 uppstår
475 827 32 15 om
527 824 30 18 att
576 823 63 19 staten
656 819 65 22 skulle
736 820 76 27 ingripa
827 820 6 20 i
848 818 72 22 förhål-

170 849 88 22 landena
273 850 83 21 emellan
375 850 140 27 arbetsgifvare
529 850 38 22 och
582 850 92 25 arbetare,
690 853 13 18 t.
719 857 30 14 ex.
765 850 29 21 uti
808 849 113 28 reglerande

170 880 22 20 af
206 880 56 20 tiden
283 880 26 27 på
329 883 27 17 ett
374 880 31 20 för
419 880 96 22 hvardera
530 884 69 24 parten
614 880 97 27 antagligt
726 881 45 25 sätt,
786 879 23 21 så
824 879 35 21 hör
874 886 46 14 man

170 909 65 21 säsom
256 917 25 13 en
301 910 61 21 första
381 910 57 27 fråga
453 910 80 21 uttalas:
549 910 90 22 hvarföre
654 910 81 27 vidtaga
750 909 43 21 icke
803 909 118 27 arbetarene,

170 939 43 21 ifall
229 939 25 21 de
269 940 56 20 finna
340 943 29 17 att
384 940 68 20 brister
467 940 52 21 inom
535 940 56 21 deras
606 940 48 27 yrke
670 940 48 21 böra
733 939 102 27 afhjelpas,
851 938 70 28 åtgärd

170 975 33 15 om
219 970 179 27 sammanslutning
413 970 30 20 för
459 973 28 17 att
502 970 91 27 aflägsna
609 970 100 21 desamma
724 976 71 20 genom
811 972 29 18 att
852 968 70 28 tvinga

169 999 44 21 sina
228 999 141 27 arbetsgifvare
384 999 32 21 till
432 999 68 27 billiga
515 1000 37 21 och
569 1000 113 21 önskvärda
691 998 166 28 medgifvanden?
873 999 49 20 Däri

168 1028 63 28 ligger
245 1030 41 26 just
301 1029 65 20 denna
386 1029 66 27 frågas
467 1029 122 28 kärnpunkt.
619 1030 46 20 Den
680 1029 116 21 nuvarande
811 1028 111 21 arbetsord-

168 1059 81 27 ningen,
265 1066 41 14 som
322 1059 100 26 knappast
437 1066 34 14 ens
481 1066 65 14 unnar
556 1059 112 21 arbetarene
678 1059 61 26 nödig
749 1057 102 28 kroppslig
861 1057 60 26 hvila,

168 1088 35 21 vid
218 1088 77 22 hvilket
310 1092 73 23 system
398 1089 33 20 det
444 1089 42 20 icke
496 1096 35 14 ens
541 1090 22 19 är
573 1089 75 27 möjligt
658 1089 31 20 för
699 1089 102 20 arbetaren
811 1091 28 18 att
850 1088 72 27 grund-

168 1117 61 28 lägga
249 1121 43 25 eget
311 1119 45 20 hem
374 1119 37 20 och
431 1118 76 21 hvilket
523 1119 90 21 beröfvar
632 1119 73 20 honom
727 1117 125 28 möjligheten
872 1121 29 18 att
916 1118 6 20 i

168 1147 64 22 likhet
248 1148 45 21 med
307 1149 62 20 andra
385 1148 125 28 medborgare
526 1148 100 28 tillbringa
641 1149 43 20 sina
700 1148 103 27 söndagar,
819 1149 35 26 gör
868 1148 53 20 inom

168 1177 151 28 ifrågavarande
343 1178 50 27 yrke
411 1185 25 14 en
456 1178 182 27 sammanslutning,
659 1185 42 14 som
722 1177 65 22 skulle
807 1177 61 22 hafva
888 1177 34 21 nä-

168 1215 41 20 gon
225 1207 106 28 betydelse,
347 1211 43 18 rent
405 1208 22 21 af
442 1208 83 27 omöjlig.
557 1209 47 20 Kan
620 1215 46 14 man
682 1208 67 21 fordra
759 1207 47 21 eller
816 1214 34 14 ens
861 1208 61 21 vänta

169 1237 69 28 andlig
254 1237 53 22 kraft
323 1238 37 21 och
375 1237 60 28 lifligt
451 1238 116 21 bevakande
583 1238 21 21 af
619 1239 43 20 sina
678 1238 94 20 intressen
788 1237 36 21 hos
840 1244 24 13 en
880 1244 42 20 per-

168 1273 43 19 son,
231 1274 44 15 som
290 1267 43 22 icke
348 1275 35 14 ens
399 1267 31 21 får
446 1267 78 21 tillfälle
539 1271 30 18 att
583 1267 134 21 tillfredställa
733 1267 32 21 sitt
781 1267 60 20 behof
856 1267 22 20 af
892 1267 29 20 fa-

169 1297 82 27 miljelif,
272 1298 30 21 sin
323 1297 80 28 andliga
425 1297 124 28 utvecklings
565 1297 36 22 och
616 1297 90 28 religiösa
721 1296 82 21 känslas
820 1297 50 24 kraf,
886 1296 36 21 hos

169 1333 25 14 en
209 1334 78 20 person,
303 1327 59 22 hvars
378 1327 95 27 ställning
484 1327 51 21 blott
544 1327 76 21 fordrar
632 1326 157 22 säkerställande
802 1327 21 20 af
833 1326 38 21 den
882 1333 40 14 ma-

169 1357 66 21 teriela
252 1357 91 22 tillvaron
359 1357 37 22 och
411 1357 141 21 bibehållande
567 1357 22 21 af
601 1357 184 28 kroppskrafterna,
797 1356 82 21 hvilken
891 1356 31 21 så-

168 1386 63 21 lunda
247 1387 70 27 sjelfva
337 1387 174 26 arbetsordningen
527 1387 90 22 beröfvar
632 1387 28 21 all
676 1386 141 27 förutsättning
832 1389 29 18 att
876 1386 45 21 med

167 1423 52 20 egna
241 1416 74 22 krafter
335 1417 70 21 kunna
425 1414 61 23 ens
476 1410 15 38 i
506 1417 66 26 någon
593 1417 46 20 mån
660 1416 91 21 realisera
771 1417 43 20 sina
829 1416 92 27 förhopp-

167 1446 84 27 ningar?
267 1446 136 29 Fullständigt
418 1446 107 27 prisgifven
541 1447 21 20 åt
577 1447 24 20 de
616 1447 58 24 faror,
689 1453 43 14 som
747 1449 28 18 ett
787 1445 134 22 lifskrafterna

946 1264 11 67 |

956 1332 4 13 N
