1009 1656
201 114 13 20 2
376 114 239 22 Petitionsbetänkande
631 114 37 23 N:o
684 113 38 23 55.

242 184 109 22 Utskottet
366 184 84 28 bifogar
465 185 47 21 här:

241 221 116 21 Uttalande
373 221 88 27 afgifvet
476 221 21 21 af
513 221 52 28 prof.
582 221 23 21 P.
618 221 107 27 Nyström,
738 220 143 22 föreståndare
891 221 33 20 för

169 256 126 22 fackskolan
311 257 6 20 i
334 256 127 22 arkitektur:

243 301 10 11 >
257 292 95 22 Arbeten
367 293 8 20 i
391 293 118 21 arkitektur
521 293 71 21 finnes
604 292 82 22 minst
677 288 12 36 i
699 292 130 27 biblioteket,
844 292 80 21 hvilket

169 328 104 22 förklaras
297 328 59 22 deraf
379 330 30 20 att
431 328 44 22 före
497 328 114 28 Sjöströms
632 328 30 21 tid
685 328 65 28 ingen
771 328 74 27 tyckes
860 328 64 20 hafva

169 364 62 21 tänkt
245 364 29 28 på
289 364 101 22 behofvet
405 364 22 21 af
435 364 84 22 sådana.
541 364 129 22 Biblioteket
685 364 78 21 saknar
778 365 74 20 nästan
863 364 61 21 totalt

170 400 175 28 grundläggande
377 400 123 22 studieverk
524 400 47 21 från
601 400 40 21 den
664 400 123 21 romaniska
815 400 40 20 och
886 406 37 21 go-

169 436 56 21 tiska
244 436 103 28 perioden
371 438 55 19 samt
446 436 47 21 frän
512 436 181 21 renässans-tiden
708 436 7 20 i
730 435 123 27 Frankrike,
868 435 54 28 Eng-

169 472 57 27 land,
241 471 111 21 Danmark
368 472 41 21 och
432 472 93 28 Sverige.
556 471 91 22 Modern
662 472 118 21 arkitektur
801 471 69 21 finnes
892 478 30 14 re-

168 508 138 27 presenterad
326 508 75 21 endast
417 514 77 22 genom
508 509 29 20 ett
553 508 49 21 fätal
619 508 58 27 verk,
692 509 55 19 mest
761 507 68 27 tyska.
866 507 56 21 Sam-

168 543 97 22 melverk
288 544 60 20 öfver
371 544 84 21 utförda
476 544 104 21 moderna
595 544 125 28 byggnader
735 543 70 21 finnes
820 543 102 21 likaledes

169 579 75 21 endast
266 579 65 28 nägra
352 579 22 21 fä
393 580 94 27 stycken.
519 580 75 20 Under
613 580 79 20 sädana
707 578 146 22 förhällanden
869 579 53 21 lider

168 615 189 28 undervisningen,
378 616 23 26 ty
417 615 155 27 föreläsningar
591 616 7 20 i
614 615 123 27 arkitektur,
752 621 47 15 som
814 615 47 21 icke
876 615 45 21 illu-

168 652 78 20 streras
263 657 77 21 genom
355 651 114 28 planscher
484 650 67 22 måste
561 651 60 21 alltid
633 650 67 22 blifva
710 650 211 22 otillfredsställande.

167 686 49 22 Den
239 686 160 28 praktiserande
423 687 119 21 arkitekten
564 686 45 22 åter
630 688 23 20 är
673 688 52 19 nära
740 692 44 22 nog
794 686 128 21 urständsatt

169 724 30 19 att
221 722 8 21 i
245 722 47 22 värt
307 722 50 21 land
377 722 21 22 fä
418 722 49 22 läna
483 722 52 22 eller
556 722 97 28 begagna
676 722 167 21 arkitektoniska
863 722 58 28 verk,

169 764 46 15 som
235 758 44 20 han
307 758 68 21 skulle
405 758 91 22 behöfva
525 771 28 3 —
575 758 41 22 och
635 758 74 21 länder
733 758 57 21 detta
812 758 38 20 vär
864 764 57 21 unga

167 793 178 29 byggnadskonst
360 794 32 20 till
407 796 54 19 stort
476 800 55 16 men.
546 794 39 21 Att
599 800 31 15 nu
645 794 27 28 pä
687 800 27 15 en
730 794 56 28 gäng
801 794 73 20 kunna
889 794 32 20 in-

167 829 56 28 köpa
233 836 40 15 ens
284 830 26 20 de
321 830 112 27 viktigaste
444 830 57 27 verk,
511 836 46 15 som
573 830 77 21 saknas
665 830 8 20 i
688 830 115 20 institutets
813 829 107 27 bibliotek,

166 865 53 21 låter
235 866 34 27 sig
284 866 18 27 ej
320 867 57 26 göra,
393 866 27 20 dä
430 866 168 20 arkitektoniska
613 865 158 29 publikationer
784 865 7 21 i
807 865 113 21 allmänhet

166 902 37 20 äro
220 901 87 27 mycket
323 901 58 27 dyra.
412 902 46 21 Här
480 902 70 21 nedan
571 902 83 21 anföres
670 908 27 14 en
713 901 133 27 förteckning
861 901 59 21 öfver

166 936 67 28 nägra
248 936 94 28 arbeten,
358 937 73 21 hvilka
454 938 23 21 sä
493 938 42 20 fort
549 938 33 27 sig
597 939 51 26 göra
663 937 54 21 läter
731 937 67 21 borde
813 936 106 22 anskaffas

166 972 41 21 och
223 974 24 20 är
263 973 32 21 för
313 973 92 21 flertalet
435 973 60 21 deraf
518 974 65 27 priset
605 974 102 27 upptaget
729 973 32 21 för
777 972 141 27 antigvariska

166 1008 111 27 exemplar
292 1009 33 21 för
340 1010 30 19 att
385 1008 119 23 kostnaden
525 1009 63 21 mätte
607 1008 129 28 nedbringas
751 1008 24 21 sä
789 1008 85 26 mycket
887 1008 31 27 sig

166 1045 51 26 göra
235 1043 71 22 låter.»
335 1044 78 27 (Följer
429 1045 41 21 den
487 1045 138 27 förteckning,
633 1045 64 20 hvars
713 1044 126 21 slutsumma
854 1049 64 22 anges

166 1085 74 16 senare
257 1079 7 21 i
280 1079 105 28 tabellen.)

239 1115 117 22 Uttalande
372 1116 89 27 afgifvet
476 1116 21 21 af
513 1116 25 21 dr
554 1116 35 27 Hj.
600 1115 107 28 Tallgvist,
717 1115 68 21 lärare
795 1115 7 20 i
813 1115 104 21 mekanik.

239 1150 46 22 »De
301 1151 78 21 exakta
402 1152 169 27 vetenskaperna
592 1152 63 20 hafva
668 1151 7 21 i
691 1151 42 21 alla
748 1151 55 21 tider
818 1150 54 21 varit
886 1152 33 25 yt-

166 1187 51 20 terst
233 1187 148 28 ofullständigt
400 1187 175 28 representerade
596 1188 7 20 i
629 1187 154 27 Polytekniska
805 1186 114 21 institutets

164 1221 110 22 bibliotek.
304 1222 63 21 Detta
391 1223 169 22 sakförhällande
581 1225 24 19 är
620 1223 125 27 visserligen
761 1222 117 27 förklarligt
893 1228 26 14 ur

165 1257 41 22 den
223 1258 116 27 synpunkt,
355 1260 30 19 att
401 1259 62 21 dessa
479 1259 138 27 vetenskaper
632 1260 36 19 äro
684 1258 121 21 företrädda
820 1257 36 21 vid
871 1257 47 20 uni-

164 1293 231 28 versitetsbiblioteket,
419 1295 77 21 medan
519 1295 26 21 de
569 1294 98 21 tekniska
687 1294 76 21 facken
787 1293 18 27 ej
825 1295 36 18 äro
878 1293 40 26 det,

164 1335 50 14 men
229 1328 13 22 &
259 1329 66 21 andra
348 1329 61 21 sidan
426 1330 42 21 kan
485 1330 36 21 det
536 1330 20 27 ej
573 1330 104 27 förnekas,
693 1331 31 19 att
738 1329 128 21 åtminstone
881 1328 37 21 nä-

164 1370 44 21 gon
229 1364 128 28 förbättring
380 1365 7 20 i
409 1365 136 22 förenämndt
569 1365 100 22 afseende
692 1367 24 19 är
731 1365 21 20 af
767 1364 101 21 behofvet
882 1363 35 28 pä-

164 1399 76 22 kallad.
257 1399 34 22 Då
299 1400 98 21 lärarena
405 1401 36 20 vid
452 1401 109 21 Institutet
572 1401 63 20 hafva
646 1407 47 14 som
701 1400 83 28 uppgift
799 1400 19 27 ej
831 1399 87 21 allenast

236 1441 211 19 Ekonomiutskottets
462 1441 125 19 betänkande
600 1441 38 18 N:o
651 1443 31 16 24.
