1034 1656
192 136 27 19 22

161 193 68 22 tande
253 194 85 21 ändrad
362 194 87 28 lydelse
474 194 23 21 af
523 197 9 18 1
558 201 67 14 mom.
644 197 12 18 2
672 194 14 29 8
703 194 8 21 i
726 194 83 28 nådiga
825 193 86 22 förord-

160 229 86 28 ningen
269 229 44 21 den
330 232 26 19 15
372 230 67 28 April
458 232 56 19 1889
536 230 117 28 angående
670 229 103 22 enskilda
786 229 125 28 järnvägar

161 264 35 22 för
212 265 84 21 allmän
312 265 139 26 samfärdsel,
469 268 59 19 samt
543 265 34 21 uti
594 265 142 29 underdånig
752 265 119 22 skrifvelse
887 264 26 21 af

161 301 44 20 den
229 302 28 19 29
281 300 102 22 sistlidne
402 301 45 28 Maj
466 301 42 21 hos
524 301 64 21 Hans
604 301 130 28 Kejserliga
750 300 108 29 Majestät
874 308 36 13 an-

160 335 66 22 hållit
242 343 37 14 om
295 337 68 28 nådig
379 336 145 22 stadfästelse
541 339 13 18 å
570 337 70 28 sagda
655 336 140 29 förordning.

497 434 29 19 45
543 432 20 29 8.

232 479 66 22 Efter
323 480 108 29 pröfning
453 481 62 21 såväl
540 481 23 20 af
586 480 74 29 öfriga
683 481 7 20 i
714 480 96 21 stånden
828 480 82 21 väckta

160 515 185 29 motionsförslag
369 523 47 14 som
438 516 27 21 af
477 516 28 21 de
521 516 203 29 petitionsförslag,
740 516 78 21 hvilka
833 515 78 22 blifvit

160 551 42 21 hos
218 551 43 21 Oss
277 551 138 26 framstälda,
432 551 69 22 hafva
517 551 36 26 Vi,
570 553 29 27 på
615 552 74 28 grund
705 551 26 22 af
744 551 48 22 dels
804 551 44 21 alla
859 551 50 28 fyra

160 586 109 22 ståndens
292 587 120 28 enhälliga,
436 587 49 21 dels
509 589 33 19 tre
567 587 77 21 stånds
668 587 241 21 sammanstämmande

162 623 80 25 beslut,
267 623 33 20 uti
324 623 110 21 särskilda
459 623 155 28 underdåniga
638 623 132 21 skrifvelser
787 623 42 20 hos
846 622 63 21 Hans

161 657 130 29 Kejserliga
307 658 107 28 Majestät
430 659 106 20 anhållit:

234 695 43 26 1:0)
301 696 34 18 att
358 694 36 21 till
417 696 52 19 näst
485 694 213 21 sammanträdande
714 693 110 28 landtdag
839 695 70 19 måtte

160 729 80 21 aflåtas
256 730 69 28 nådig
340 730 142 28 proposition
499 730 19 28 ej
537 730 87 21 mindre
641 737 37 14 om
694 730 70 20 sådan
779 729 97 27 ändring
887 728 23 22 af

161 767 12 19 5
190 765 14 28 &
220 764 8 22 i
244 766 82 28 nådiga
342 765 162 29 förordningen
521 773 37 14 om
573 765 143 29 näringarne,
732 764 79 29 gifven
827 765 44 21 den
882 766 24 19 31

160 800 61 21 Mars
247 802 63 26 1879,
334 803 34 19 att
391 801 110 29 rättighet
525 802 35 20 till
584 801 148 21 bedrifvande
756 800 26 22 af
800 800 82 21 handel
899 802 11 18 ä

160 838 66 26 gator
250 837 42 20 och
316 839 51 26 torg
390 844 83 21 genom
497 837 56 21 barn
576 837 72 21 under
673 839 27 18 15
720 838 24 19 är
760 836 58 21 skall
834 836 76 20 kunna

160 879 82 20 genom
259 872 8 20 i
283 872 107 22 särskildt
406 872 153 22 föreskrifven
575 873 97 27 ordning
683 872 120 21 tillkomna
814 872 97 21 bestäm-

160 907 81 28 ningar
257 908 39 20 vid
311 915 82 14 ansvar
408 908 126 28 förbjudas,
551 911 29 18 än
596 910 34 18 att
646 908 64 28 fräga
726 915 37 14 om
779 907 84 21 sädana
874 907 36 21 be-

160 943 151 27 stämningars
328 943 136 21 utfärdande
480 946 37 18 mä
533 944 77 20 kunna
626 946 113 25 upptagas
756 942 25 21 af
795 942 116 22 stadsfull-

160 978 109 28 mäktige,
292 978 89 22 hvilkas
405 980 6 20 i
436 979 94 21 ärendet
553 978 87 22 fattade
662 978 76 22 beslut
753 978 106 21 insändes
875 977 34 21 till

160 1013 169 21 vederbörande
353 1017 121 25 guvernör,
497 1022 47 14 som
558 1014 72 28 jämte
647 1016 52 26 eget
714 1014 107 28 yttrande
838 1013 72 21 öfver-

160 1048 87 22 lemnar
263 1049 98 22 beslutet
377 1050 36 21 till
429 1050 111 21 Senatens
556 1050 293 28 Ekonomiedepartement,
861 1049 7 20 i
879 1048 31 22 af-

161 1084 83 21 seende
261 1086 12 19 ä
289 1084 109 29 pröfning
414 1086 43 20 och
473 1085 156 26 fastställelse;

232 1122 45 26 2:0)
289 1122 34 19 att
334 1120 63 22 Hans
409 1121 131 28 Kejserliga
551 1121 107 28 Majestät
671 1120 53 22 ville
736 1120 46 21 läta
793 1120 19 28 ej
823 1119 86 22 mindre

160 1154 134 22 införskaffa
310 1156 123 28 utredning
451 1164 36 13 om
503 1156 27 21 de
547 1156 87 25 brister,
651 1156 78 21 hvilka
744 1155 34 21 till
789 1154 118 28 äfventyrs

160 1189 123 22 förefinnas
299 1191 7 20 i
322 1199 31 13 nu
370 1192 105 27 gällande
497 1191 146 29 lagstiftning
666 1190 117 28 angäende
807 1190 103 21 vilkoren

160 1224 35 22 för
219 1225 68 21 barns
311 1227 42 20 och
377 1234 61 20 unga
457 1234 119 21 personers
592 1226 150 22 användande
758 1225 35 21 till
810 1225 76 21 arbete
904 1225 5 20 i

160 1260 82 26 fabrik,
266 1261 128 22 handtverk
419 1263 42 20 och
486 1269 75 14 annan
584 1261 120 22 industriel
720 1260 144 28 handtering,
882 1264 27 17 än

160 1296 50 21 med
228 1296 93 29 ledning
337 1297 68 22 däraf
425 1298 104 20 utarbeta
553 1298 41 20 och
618 1298 33 20 uti
675 1296 70 28 nädig
769 1296 140 28 proposition

159 1330 119 30 förelägga
293 1332 128 22 Ständerna
437 1332 87 29 förslag
539 1333 36 21 till
591 1332 134 28 förordning
741 1332 6 21 i
764 1333 86 24 ämnet;

232 1369 44 26 3:0)
293 1370 34 19 att
337 1369 64 20 Hans
413 1368 130 29 Kejserliga
554 1368 108 28 Majestät
672 1367 89 22 täcktes
772 1367 53 25 läta,
836 1366 7 21 i
855 1374 55 13 sam-

159 1403 116 28 manhang
298 1404 51 21 med
373 1404 118 28 pägäende
514 1404 98 21 revision
636 1403 26 21 af
682 1401 176 30 lagstiftningen
874 1409 36 13 an-

159 1439 88 27 gäende
271 1441 162 24 vattenrätten,
457 1442 53 25 taga
534 1439 71 21 under
629 1437 147 30 ompröfning
801 1437 27 21 de
845 1437 65 21 önsk-
