1003 1656
184 108 14 21 4
351 106 255 24 Petitionsbetänkande
621 106 38 24 N:o
676 106 35 24 54.

154 178 49 22 icke
219 178 72 22 kunde
307 178 62 30 åtaga
385 179 32 29 sig
427 179 139 29 utgifvandet
576 179 41 21 och
627 178 173 23 öfvervakandet
809 178 23 22 af
844 178 63 22 dessa

159 214 46 22 små
220 214 42 22 och
277 214 78 22 talrika
369 214 41 27 lån,
425 214 119 29 hvarjemte
553 222 50 14 man
619 214 66 22 redan
696 222 25 14 ur
732 215 113 28 principiel
857 222 50 22 syn-

157 250 71 29 punkt
253 250 74 29 ogillat
354 253 32 19 att
414 253 70 19 staten
510 251 8 21 i
544 250 138 23 omförmäldt
710 250 102 22 afseende
838 250 69 22 skulle

157 286 108 29 uppträda
288 286 70 22 såsom
385 286 137 30 förmyndare
548 286 35 22 för
605 286 43 22 den
672 286 102 22 enskilde.
804 286 104 22 Däremot

155 322 73 22 kunde
244 330 27 14 en
287 322 27 29 på
333 323 94 21 initiativ
442 322 24 22 af
481 322 97 22 enskilde
595 322 132 22 tillkommen
743 322 41 22 och
799 322 23 21 af
837 324 70 20 staten

157 357 135 23 understödd
302 358 206 29 hypoteksförening
518 358 51 22 bäst
579 358 53 29 fylla
642 358 163 29 ifrågavarande
816 358 91 29 uppgift.

227 394 54 22 Med
297 394 102 22 afseende
414 394 12 22 å
442 394 38 22 det
496 394 92 22 anförda
602 394 36 22 får
646 394 106 22 utskottet
762 396 50 19 äran
823 393 84 28 föreslå,

156 432 33 19 att
205 430 115 22 ständerna
335 431 51 21 ville
402 431 84 22 anhålla

442 499 33 19 att
490 497 65 21 Hans
576 497 121 28 Kejserliga
712 497 103 27 Majestät
830 496 77 21 täcktes

372 536 49 25 taga
444 533 10 21 i
474 533 158 28 öfvervägande
648 533 32 28 på
696 533 58 20 hvad
768 534 43 19 sätt
826 532 79 21 kredit-

371 570 106 21 anstalter
493 569 71 21 kunde
587 569 36 28 fås
646 569 34 21 till
700 569 72 25 stånd,
792 575 27 14 ur
835 567 72 22 hvilka

371 605 23 22 åt
412 605 86 22 mindre
514 605 146 28 jordbrukare
681 605 112 27 beviljades
813 605 93 20 amorte-

370 641 102 28 ringslän
494 641 31 28 på
548 641 76 28 längre
646 639 202 28 återbetalningstid
870 639 38 21 och

371 679 56 20 emot
442 677 35 28 läg
492 679 71 19 ränta.

228 867 10 20 I
262 867 115 28 anledning
398 867 22 21 af
442 867 114 29 uppgiften
578 867 7 20 i
606 869 31 18 ett
659 865 23 22 af
697 864 210 30 petitionsförslagen

156 902 80 27 därom,
253 906 32 19 att
300 903 27 21 de
343 903 35 22 för
393 903 101 22 bildande
510 903 23 21 af
548 901 138 23 kommunala
696 900 163 29 odlingsfonder
871 908 37 13 an-

157 939 74 21 visade
252 939 83 21 medlen
352 939 66 22 redan
442 946 51 15 vore
515 937 149 30 disponerade,
685 937 39 21 har
739 937 106 21 utskottet
860 936 48 21 frän

157 974 162 22 Statskontoret
333 975 141 21 införskaffat
490 975 156 28 upplysningar
661 981 35 14 om
712 971 143 23 förhällandet
868 971 41 22 och

157 1010 75 22 erfarit
248 1013 33 18 att
296 1011 114 28 uppgiften
426 1011 48 21 icke
491 1012 24 19 är
530 1010 72 28 riktig,
615 1009 41 22 och
672 1012 32 18 att
720 1008 22 21 af
758 1007 83 22 medlen
853 1007 56 22 äter-

156 1045 34 23 stä
205 1047 58 20 ännu
279 1047 94 26 487,350
390 1047 66 21 mark.
472 1046 138 29 Visserligen
626 1045 68 22 hafva
709 1044 85 21 medlen
804 1043 105 28 utbjudits

155 1081 24 22 ät
207 1082 160 27 kommunerna,
393 1090 47 14 men
468 1082 27 21 dä
521 1085 31 18 ett
579 1081 126 28 tillräckligt
731 1079 58 22 antal
815 1079 94 21 sökande

157 1117 58 22 inom
231 1121 68 18 utsatt
319 1118 33 22 tid
367 1119 47 21 icke
436 1118 79 21 anmält
532 1119 38 27 sig,
585 1117 39 22 har
639 1116 93 21 nämnda
747 1115 79 28 belopp
842 1122 67 14 reser-

157 1156 72 19 verats
245 1154 35 21 för
295 1154 121 21 framtiden.

227 1189 37 22 Då
279 1197 49 14 man
343 1189 67 22 likväl
426 1189 66 30 ansåg
508 1193 32 18 att
556 1189 37 22 det
603 1187 136 23 återstående
750 1187 101 28 beloppet
861 1185 48 22 icke

156 1232 51 15 vore
223 1225 126 29 tillräckligt
365 1226 34 21 för
414 1229 32 18 att
462 1226 113 28 tillgodose
591 1224 104 23 behofvet
709 1223 68 22 under
787 1221 122 30 påföljande

155 1261 146 28 treårsperiod
321 1261 41 22 och
383 1262 105 21 utskottet
510 1262 59 32 förty
586 1264 38 25 tog
639 1261 7 20 i
662 1257 166 30 öfvervägande,
843 1257 66 21 huru-

156 1296 51 22 vida
223 1297 39 22 det
277 1298 18 28 ej
312 1305 51 14 vore
380 1298 47 21 skäl
443 1301 31 18 att
490 1297 85 22 anhålla
598 1305 34 14 om
648 1295 85 22 ökande
749 1294 23 21 af
787 1293 123 27 detsamma,

155 1331 53 22 fann
225 1333 34 29 sig
274 1333 107 22 utskottet
396 1334 108 21 föranledt
519 1337 31 18 att
565 1335 99 19 närmare
680 1330 121 23 undersöka
820 1329 41 22 och
877 1332 33 18 ut-

155 1368 58 27 reda,
228 1369 35 21 till
278 1369 73 22 hvilka
367 1369 85 30 belopp,
468 1369 68 22 under
550 1369 75 22 hvilka
640 1368 57 22 tider
708 1367 41 22 och
760 1365 28 30 på
798 1364 57 23 hvad
868 1367 43 20 sätt

155 1403 154 24 kommunerna
331 1406 95 22 användt
446 1405 163 30 ifrågavarande
625 1404 76 22 medel.
732 1403 34 21 De
787 1401 76 22 härvid
878 1402 32 20 in-

230 1446 185 19 Ekonomiutskottets
428 1448 109 18 betänkande
550 1454 29 12 n:o
592 1449 28 16 23.
