1025 1656
222 116 75 22 Ständ.
313 117 47 21 Pet.
381 130 21 2 —
420 116 154 23 Petitionsbet.
590 117 37 22 N:o
645 116 33 24 79.
819 118 11 18 7

75 182 81 28 slagna
165 182 193 28 utsträckningen
369 182 25 22 af
402 182 45 22 den
458 182 110 29 politiska
578 184 125 20 rösträtten
714 183 29 28 på
753 182 80 22 landet

75 216 55 22 böra
145 217 92 21 förenas
247 217 53 21 med
308 217 172 21 fastställandet
491 218 26 21 af
527 225 28 14 en
563 225 133 21 gemensam
706 217 124 27 valcensus,

74 254 57 19 utan
147 254 34 19 att
197 252 128 22 Ständerna
341 252 59 22 dock
416 252 62 22 velat
492 254 63 27 yttra
571 252 36 29 sig
621 260 37 14 om
674 252 52 22 dess
740 252 91 28 belopp,

76 287 56 21 eller
154 287 89 29 afgifva
263 289 33 19 ett
318 287 116 22 bestämdt
455 287 120 21 uttalande
591 294 37 14 om
644 287 28 21 de
687 294 107 22 grupper,
810 287 24 20 åt

76 322 85 28 hvilka,
179 322 93 21 utöfver
287 322 44 21 den
347 322 36 21 för
398 322 142 21 närvarande
555 321 193 29 röstberättigade
758 321 75 22 landt-

76 356 175 29 befolkningen,
267 356 59 29 plats
341 356 71 22 borde
428 356 95 22 beredas
539 356 8 22 i
561 356 182 22 Bondeståndet.
765 349 11 28 Å
792 363 42 14 ena

76 390 66 22 sidan
157 391 42 22 har
213 390 118 29 nämligen
346 390 106 22 betonats
468 391 205 29 nödvändigheten
689 392 27 21 af
729 392 34 20 att
773 390 61 22 hålla

76 425 174 22 Bondeståndet
264 425 51 21 fritt
331 426 52 21 från
399 426 105 28 element,
521 433 49 14 som
586 433 54 15 vore
655 426 37 21 för
708 426 126 22 detsamma

76 460 145 29 fullkomligt
236 460 148 28 främmande,
400 460 129 29 hvarjämte
540 460 145 28 framhållits,
697 462 35 20 att
742 460 20 28 ej
775 460 59 21 blott

76 495 136 29 provincial-
237 495 42 21 och
298 495 212 21 kommunalläkare
526 497 56 19 utan
598 495 69 21 äfven
683 495 92 22 domare
792 494 42 22 och

77 530 154 21 landsstatens
254 529 140 29 tjenstemän
415 530 30 28 på
467 530 86 27 landet,
577 529 80 22 hvilka
674 537 33 14 nu
723 533 38 18 äro
777 531 56 19 utan

76 564 246 29 representationsrätt,
346 564 120 22 äfvensom
488 564 188 22 folkskolelärare
699 564 135 28 lämpligare

76 599 72 21 borde
170 599 56 29 ingå
241 599 8 21 i
263 598 180 22 Presteståndet.
473 591 22 29 Å
510 598 71 22 andra
603 599 64 21 sidan
683 599 42 21 har
740 598 95 22 uttalats

78 633 44 22 den
138 634 157 28 uppfattning,
312 635 34 20 att
362 635 32 20 ett
410 633 140 29 åtskiljande
565 634 26 21 af
603 634 187 29 tjenstemännen
806 634 30 28 på

77 668 79 22 landet
179 668 51 22 från
253 668 44 22 den
320 668 75 28 öfriga
409 668 236 29 landtbefolkningen
660 669 20 28 ej
697 676 56 14 vore
768 667 67 22 moti-

77 703 86 28 veradt,
180 703 93 22 hvarför
285 702 88 30 jämväl
389 702 96 22 berörda
494 703 262 29 tjenstemannaklasser
764 702 71 22 borde

78 737 74 22 blifva
174 737 185 29 representerade
382 738 35 21 uti
438 738 181 22 Bondeständet.
650 738 81 22 Såsom
754 738 25 21 af
797 738 39 21 det

78 772 99 28 tidigare
193 772 96 22 anförda
311 772 107 28 framgår,
442 780 44 21 ega
500 772 151 22 förevarande
666 773 100 28 spörmål
781 776 55 18 nära

78 807 111 22 samband
211 807 52 21 med
286 807 82 29 frågan
387 814 37 15 om
439 807 86 22 reform
541 808 25 21 af
578 808 185 21 Presteståndets
778 814 58 14 sam-

78 842 165 28 mansättning.

148 986 47 21 Till
217 986 81 28 frågan
321 993 37 14 om
380 986 225 28 representationens
627 986 210 28 sammansättning

80 1020 103 21 ansluter
197 1020 36 29 sig
248 1021 29 28 på
300 1020 39 21 det
354 1022 115 19 närmaste
484 1021 82 28 frågan
582 1028 37 14 om
634 1021 164 28 fördelningen
814 1021 26 20 af

80 1054 27 22 de
130 1055 63 21 olika
215 1055 181 22 folkklassernas
418 1055 99 22 relativa
539 1055 129 29 inflytande
683 1056 64 21 inom
763 1063 74 21 repre-

80 1089 147 22 sentationen
250 1090 55 21 eller
327 1089 53 22 med
403 1090 71 21 andra
494 1090 41 21 ord
550 1090 106 29 grunden
670 1091 37 21 för
722 1092 116 20 rösternas

79 1123 131 30 beräkning
225 1124 40 22 vid
280 1124 74 22 valen.
384 1125 88 20 Härom
482 1125 115 28 föreligga
607 1125 70 22 bland
689 1127 76 25 annat,
776 1125 62 21 hvad

79 1158 59 22 först
152 1159 72 28 angår
232 1159 201 28 Borgareståndet,
446 1161 86 20 tvenne
543 1160 204 28 petitionsförslag,
759 1159 80 22 hvilka

79 1193 76 28 bägge
177 1193 31 28 gå
229 1195 27 19 ut
278 1193 77 28 därpå,
374 1195 34 19 att
423 1201 29 13 en
468 1193 26 22 af
507 1193 39 22 det
561 1194 148 21 kommunala
724 1194 114 21 skattöret

80 1227 128 29 oafhängig
230 1228 120 21 valcensus
372 1227 77 22 blefve
472 1228 114 28 faststäld,
602 1229 61 21 olika
678 1229 47 28 hög
740 1229 8 20 i
763 1227 76 22 skilda

80 1261 82 29 städer,
186 1262 114 22 beroende
323 1262 26 21 af
362 1262 27 21 de
412 1262 62 21 olika
489 1263 253 26 lefnadskostnaderna,
758 1263 80 21 därvid

80 1297 129 21 röstskalan
225 1297 74 21 skulle
314 1297 138 21 bestämmas
468 1297 103 28 sålunda,
583 1299 34 20 att
627 1298 83 28 högsta
719 1297 120 22 röstetalet

80 1331 134 28 uppnåddes
230 1331 39 22 vid
283 1331 47 22 viss
354 1331 146 28 årsinkomst,
517 1332 127 29 hvarjämte
659 1332 180 29 petitionärerne

80 1365 77 22 lemna
173 1369 75 25 öppen
264 1366 82 28 frågan
362 1366 114 21 huruvida
491 1367 130 21 röstskalan
633 1366 59 22 skall
702 1366 92 29 grunda
804 1366 36 28 sig

80 1400 30 27 på
125 1399 27 22 de
168 1400 148 21 kommunala
331 1400 135 22 skattörena
482 1401 56 21 eller
553 1401 28 28 på
597 1401 108 21 särskildt
720 1400 120 22 bestämda

81 1434 194 29 inkomstbelopp.
306 1435 130 21 Ständerna
451 1435 71 22 hafva
537 1435 59 22 dock
611 1437 76 20 ansett
700 1435 40 22 det
750 1435 89 21 mindre
