1017 1656
98 176 156 20 omkostnader
275 176 71 20 kunde
364 176 100 24 begagna
483 176 34 24 sig
535 176 24 20 af
576 176 121 20 desamma.
716 187 19 3 —
753 176 45 20 Den
814 175 35 20 all-

98 205 82 18 männa
199 203 120 20 nationella
337 203 124 20 entusiasm
477 204 39 20 och
531 203 26 20 de
571 203 24 20 af
608 203 131 20 densamma
753 204 6 18 i
775 203 73 24 hvarje

98 230 34 20 del
147 230 23 20 af
178 230 74 20 landet
259 230 143 20 framkallade
412 235 167 19 gemensamma
589 229 106 25 åtgärder,
706 230 141 24 hvarigenom

98 257 26 19 de
139 257 64 19 bland
219 256 48 20 vårt
281 257 44 19 folk
336 257 118 20 arbetande
464 257 195 24 folkhögskolorna
668 256 55 20 fåtts
734 257 33 19 till
778 256 70 24 stånd,

98 286 37 18 äro
154 284 19 24 ej
188 284 24 19 af
225 284 95 24 tillfällig
340 284 40 24 art,
395 284 131 20 härrörande
541 284 79 20 endast
635 284 22 20 af
671 290 27 14 en
713 284 135 24 bekymmer-

98 316 49 14 sam
162 311 112 19 situation.
302 311 65 19 Fröet
387 311 55 19 hade
463 311 66 19 redan
551 311 64 24 länge
637 312 59 23 grott
715 311 6 19 i
740 311 74 19 skötet
828 310 22 20 af

100 337 37 21 vär
156 337 173 25 bildningsåker;
349 338 77 24 rikliga
447 338 124 20 förarbeten
593 338 23 19 af
635 338 55 20 ideel
710 338 66 20 natur
795 337 54 19 hade

99 365 71 19 blifvit
185 365 73 24 gjorda
273 365 6 19 i
294 365 39 19 och
344 365 33 19 för
387 365 159 19 framkallande
557 365 23 19 af
589 364 100 20 brädden.
705 365 41 19 Det
756 365 92 23 faktum,

99 393 34 19 att
151 392 167 24 folkhögskolan
338 391 92 21 sälunda
451 394 24 17 är
497 397 27 15 en
544 392 49 20 hela
613 392 82 20 folkets
717 392 78 19 ideella
816 396 33 19 ge-

98 424 140 15 mensamma
253 419 114 24 egendom,
385 419 87 20 kräfver
487 419 12 20 ä
514 424 41 15 ena
570 419 63 20 sidan
649 424 26 15 en
690 419 101 24 allvarlig
806 424 42 14 om-

99 452 51 19 sorg
164 447 81 24 därom,
261 447 32 18 att
308 447 72 19 denna
399 447 139 19 institutions
553 445 105 26 ömtåliga
673 446 143 20 värksamhet
830 446 18 24 ej

100 474 68 19 under
180 473 97 20 tidernas
287 473 48 25 lopp
346 474 100 19 kommer
461 474 33 19 att
508 473 61 20 ledas
583 474 24 19 af
620 473 100 20 enskilda
735 478 114 19 personers

98 501 112 24 hugskott,
226 499 12 21 å
252 501 67 19 andra
334 501 62 19 sidan
412 499 53 26 åter,
480 501 33 19 att
527 501 74 19 staten
615 501 91 24 kraftigt
716 501 74 19 stöder
799 500 50 19 dess

99 527 144 20 ekonomiska
258 527 111 24 ställning.
398 527 48 20 Men
462 527 6 20 i
483 528 42 19 den
540 527 51 20 män
606 527 183 24 folkhögskolans
804 529 46 17 väc-

99 555 69 19 kande
184 555 119 23 inflytande
318 554 39 20 bär
369 555 66 24 frukt,
446 556 101 23 uppväxa
557 555 138 24 oupphörligt
705 555 65 19 bland
780 554 69 20 folket

98 581 123 24 ynglingar,
232 581 73 20 hvilka
315 581 79 20 väckta
405 581 32 20 till
448 581 69 20 insikt
525 587 35 14 om
569 581 194 20 människolifvets
771 581 79 24 högsta

99 607 50 25 mål,
164 608 61 25 ifrigt
240 609 69 18 önska
324 609 33 19 att
371 609 89 19 säkrare
475 609 86 19 befästa
575 609 40 19 och
631 609 40 19 hos
686 609 34 23 sig
730 608 118 23 införlifva,

99 635 56 20 hvad
170 635 26 20 de
210 635 7 19 i
232 635 168 24 folkhögskolan
415 635 43 20 fått
472 636 100 23 mottaga
586 636 59 19 samt
660 636 33 19 att
707 640 81 19 genom
806 640 43 19 nya

99 662 125 25 kunskaper
247 662 89 24 utvidga
360 663 39 19 och
422 663 99 24 fördjupa
543 663 124 19 detsamma
687 663 40 19 och
750 661 45 20 låta
814 662 36 19 det

98 694 82 19 mogna
194 689 33 20 till
248 694 27 15 en
295 689 97 24 enhetlig
406 689 55 20 ideel
476 689 69 24 grund
560 689 33 20 för
607 689 40 20 sitt
661 688 187 25 åskådningssätt.

100 716 40 19 Det
157 716 112 19 allmänna
283 716 146 25 erkännande,
444 721 47 15 som
507 717 95 19 kommit
616 716 166 20 universitetets
798 721 16 14 s.
829 715 20 20 k.

98 743 131 19 feriekurser
248 743 33 19 till
299 743 41 24 del,
358 743 93 24 bevisar,
470 744 33 19 att
517 743 60 20 detta
592 743 65 20 behof
671 743 65 20 redan
752 748 30 14 nu
797 743 51 19 före-

99 769 71 20 finnes
185 769 7 20 i
206 770 26 19 de
247 770 170 19 vidsträcktaste
432 770 91 24 kretsar,
538 769 27 25 på
580 775 86 14 samma
681 769 58 25 gång
753 770 37 19 det
804 769 45 24 tyd-

100 797 40 24 ligt
160 797 65 23 visar,
247 797 87 19 hvilken
357 797 86 20 statens
465 798 60 19 stora
545 797 85 24 uppgift
649 799 23 18 är
691 796 28 25 på
733 797 61 19 detta
808 796 40 19 den

100 823 79 24 högsta
200 829 167 18 gemensamma
388 824 185 24 folkbildningens
589 823 94 20 område.
711 823 63 20 Hvad
789 823 60 20 ferie-

99 850 105 20 kurserna
228 851 84 19 kunnat
335 851 79 19 endast
438 851 143 24 provisionelt
604 851 39 19 och
668 850 182 25 fragmentariskt

99 876 159 25 åstadkomma,
277 877 36 20 det
328 877 38 20 bör
381 883 80 18 genom
475 878 86 19 statens
576 877 133 20 medvärkan
725 877 74 20 städse
814 875 35 21 stå

98 904 69 19 folket
188 904 33 19 till
242 904 55 20 buds
319 909 78 19 genom
420 905 135 19 inrättandet
576 905 23 19 af
613 909 26 15 en
655 904 98 24 ständigt
769 904 5 19 i
790 903 58 20 värk-

99 931 88 19 samhet
208 931 93 20 varande
323 931 105 20 nationell
449 931 137 25 läroanstalt,
605 931 38 20 där
662 931 187 24 vetenskapsmän

100 957 47 20 leda
162 958 84 19 arbetet
260 958 33 19 för
303 959 32 18 ett
349 958 137 25 grundligare
497 958 144 24 inträngande
652 959 6 18 i
668 959 42 18 den
721 957 128 24 vetenskap-

99 985 43 23 liga
156 985 150 24 forskningen.
324 997 19 2 —
361 985 42 20 Det
422 985 134 20 vidsträckta
571 985 130 25 samarbete,
717 990 48 15 som
780 984 69 20 delvis

99 1010 27 25 på
136 1011 184 24 folkbildningens
331 1011 88 20 omräde
429 1013 66 19 redan
506 1018 29 14 nu
545 1012 152 24 förekommer,
706 1017 51 14 men
767 1011 83 20 hvilket

99 1039 149 24 synnerligast
269 1044 79 19 genom
371 1039 26 19 de
411 1045 30 14 nu
460 1039 125 24 föreslagna
605 1038 130 25 åtgärderna
753 1038 96 19 fortsätt-

99 1065 100 24 ningsvis
214 1071 137 19 uppammas,
368 1066 83 19 fordrar
470 1066 49 19 med
537 1066 162 24 nödvändighet
714 1071 27 14 en
756 1065 93 20 särskild

99 1093 147 24 styrelsegren
257 1093 33 19 för
299 1093 216 24 folkupplysningen,
524 1093 87 19 hvilken
621 1092 74 20 såsom
704 1097 27 15 en
741 1092 108 24 själfstän-

98 1119 36 24 dig
149 1119 122 24 inrättning
285 1120 129 19 öfvervakar
429 1120 42 19 alla
487 1120 72 19 härtill
574 1120 95 19 hörande
683 1119 79 24 frågor.

171 1146 166 24 Otvifvelaktigt
351 1147 52 24 taga
418 1147 163 20 ofvannämnda
596 1147 82 23 förslag
686 1145 164 26 jämförelsevis

99 1174 59 19 stora
180 1173 90 24 utgifter
291 1174 6 19 i
317 1173 100 25 anspråk,
437 1179 52 14 men
504 1174 26 19 de
545 1173 57 24 gälla
617 1173 39 20 ock
671 1173 42 20 den
728 1173 35 19 del
778 1173 23 18 af
814 1173 36 18 det

99 1200 119 19 nationella
232 1200 68 25 lifvet,
316 1201 34 19 vid
366 1201 186 24 förvärkligandet
566 1201 23 18 af
602 1201 65 18 hvars
682 1200 49 19 kraf
745 1199 105 20 nationen

99 1227 53 19 allra
170 1227 70 19 minst
258 1226 33 20 får
305 1227 58 20 fästa
378 1227 103 20 afseende
497 1228 34 19 vid
545 1227 154 20 kostnaderna.
728 1227 42 19 För
785 1226 65 24 öfrigt

99 1255 23 18 är
140 1254 40 19 den
197 1254 133 19 närvarande
345 1254 59 20 tiden
420 1253 62 20 såväl
497 1255 49 19 med
561 1254 102 19 afseende
678 1253 13 20 å
705 1253 53 20 våra
773 1253 77 20 ekono-

99 1281 72 19 miska
186 1286 47 14 som
249 1281 102 24 politiska
365 1280 152 21 förhållanden
533 1281 23 20 af
570 1281 39 19 allt
623 1281 34 19 att
673 1281 65 19 döma
755 1285 94 19 gynsam

99 1307 33 20 för
147 1306 83 21 sådana
245 1308 89 23 företag.

170 1334 41 24 Jag
232 1333 66 25 vågar
319 1335 72 19 därför
413 1335 114 19 vördsamt
546 1334 93 24 anhålla,
659 1335 37 19 det
711 1333 139 25 Högvördiga

99 1360 170 25 Presteståndet,
281 1361 48 20 med
340 1361 84 20 fästadt
434 1361 102 20 afseende
547 1361 26 25 på
584 1361 164 20 ofvannämnda
759 1359 12 21 å
782 1361 67 19 saken

99 1388 109 19 värkande
232 1388 193 25 omständigheter,
450 1387 69 21 måtte
541 1389 69 24 jämte
635 1388 68 24 öfriga
727 1387 65 20 stånd
817 1387 33 19 till

98 1414 62 20 Hans
182 1415 101 24 Majestät
303 1415 106 24 Kejsaren
431 1415 40 20 och
491 1415 135 20 Storfursten
641 1414 50 25 ingå
706 1415 51 19 med
772 1419 27 15 en
814 1419 36 14 un:

98 1440 104 25 derdånig
216 1442 91 24 petition
323 1442 74 20 därom
