1028 1659
179 150 12 19 2
332 148 76 23 Ständ.
424 150 47 22 Pet.
488 164 27 2 —
531 150 155 23 Petitionsbet.
702 151 37 23 N:o
756 150 33 23 63.

177 214 76 22 blefve
268 216 30 27 pä
313 217 84 19 statens
415 216 128 22 bekostnad
558 216 99 22 inrättad
673 218 43 20 och
731 217 153 22 underhällen.

247 249 44 22 Till
313 250 51 21 stöd
386 250 35 22 för
443 251 61 21 detta
520 251 171 29 önskningsmäl
706 252 41 21 har
763 252 79 22 främst
858 252 75 22 äbero-

177 287 50 25 pats
258 284 38 22 det
326 285 232 29 anmärkningsvärda
581 286 188 27 sakförhällande,
796 289 32 19 att
852 287 82 21 mellan

178 319 142 29 stockprisen
335 320 8 20 i
358 322 61 20 östra
434 320 99 22 Finland
549 321 42 21 och
607 321 74 29 öfriga
697 321 62 22 delar
774 322 25 20 af
811 321 77 22 landet
906 329 28 14 en

177 356 47 19 stor
247 354 89 22 skilnad
358 355 128 26 förefinnes,
503 355 7 21 i
526 358 25 26 ty
574 358 32 19 att
628 356 69 28 kring
715 356 115 22 trakterna
846 356 24 21 af
884 356 49 21 Päi-

175 388 69 28 jänne
260 392 164 26 vattensystem
439 390 72 28 priset
525 398 54 14 vore
591 390 136 22 ätminstone
739 390 93 22 dubbelt
843 392 23 20 sä
877 391 56 28 högt

177 431 48 14 som
246 424 40 22 vid
308 424 76 22 Saima
406 427 170 27 vattensystem,
598 425 87 22 hvilket
705 426 58 21 dock
779 425 105 29 erbjuder
899 428 33 18 ut-

176 458 88 22 märkta
287 459 187 29 flottningsleder.
506 460 150 22 Guvernören
679 460 8 21 i
702 460 92 29 Kuopio
817 460 37 21 län
877 468 55 20 upp-

175 494 75 28 gifver
273 494 34 21 uti
329 494 35 22 sin
386 494 119 22 berättelse
529 495 36 21 för
581 496 24 20 är
621 497 61 24 1891,
700 498 32 18 att
747 495 71 29 priset
833 495 35 21 för
884 497 48 26 säg-

175 529 89 22 timmer
280 529 7 21 i
302 530 60 21 länet
378 529 19 29 ej
414 529 129 29 öfverstigit
559 532 27 19 20
601 529 68 29 penni
681 530 36 22 för
728 530 112 26 kubikfot,
851 530 81 22 medan

175 564 71 28 priset
265 564 4 21 i
284 564 61 22 Vasa
366 564 38 22 län
425 567 99 27 uppgått
545 564 34 22 till
597 567 27 19 45
640 565 13 21 a
669 567 27 19 46
712 565 69 28 penni
797 565 35 21 för
848 572 84 14 samma

175 600 62 25 mätt,
260 600 42 21 och
324 600 24 21 af
362 600 191 28 Forststyrelsens
569 600 119 22 berättelse
704 600 36 21 för
756 602 23 19 är
797 602 54 19 1894
866 600 66 21 fram-

175 635 47 27 går,
248 636 34 19 att
303 634 39 22 vid
365 642 84 14 samma
476 636 35 20 års
538 634 197 22 virkesauktioner
760 634 113 22 betalades
896 634 36 22 för

175 668 130 29 sägtimmer
323 669 52 21 frän
396 669 188 29 kronoskogarna
599 670 8 20 i
622 670 62 21 Vasa
706 670 38 20 län
762 672 12 18 5
790 669 34 22 till
840 672 11 18 7
868 669 64 21 mark

175 703 35 22 för
233 706 64 23 stam,
320 704 81 22 medan
423 704 36 22 för
485 704 88 22 timmer
596 704 51 21 frän
672 704 91 28 Kuopio
787 704 37 21 län
850 704 82 21 erhölls

175 738 80 22 endast
278 739 50 21 från
350 741 12 19 2
385 740 64 20 mark
472 739 33 21 till
527 741 14 19 4
563 740 62 20 mark
644 742 28 18 50
690 739 70 29 penni
775 738 36 22 för
826 741 63 19 stam.
920 738 12 21 I

174 774 77 28 någon
273 775 52 20 män
347 774 46 21 kan
408 774 36 21 väl
463 774 166 28 prisskilnaden
644 774 55 21 bero
716 773 69 26 däraf,
809 776 33 18 att
856 773 76 21 timret

174 808 7 21 i
200 808 114 29 skogarna
339 808 68 30 kring
430 808 76 23 Saima
528 808 136 29 vattendrag
686 808 50 22 icke
760 811 23 18 är
807 808 23 21 af
847 816 84 14 samma

173 844 61 27 goda
256 843 156 22 beskaffenhet
428 852 48 13 som
493 844 7 21 i
519 844 111 21 mellersta
645 844 105 26 Finland,
765 851 53 14 men
832 843 98 21 hufvud-

175 878 97 22 orsaken
287 878 33 22 till
332 878 44 22 den
387 878 133 22 framhällna
532 878 114 22 olikheten
656 878 8 21 i
673 878 48 28 pris
732 878 65 22 torde
807 878 58 21 dock
876 885 55 14 vara

175 912 49 26 den,
242 915 33 19 att
290 916 82 18 största
388 913 65 22 delen
465 913 23 21 af
506 913 75 21 timret
596 913 50 21 från
662 913 198 25 Saimatrakterna,
877 912 7 21 i
900 913 30 21 af-

174 946 88 22 saknad
278 947 23 21 af
316 955 28 14 en
362 948 34 21 till
413 948 79 21 hafvat
515 948 86 28 gäende
624 948 94 25 flottled,
734 948 71 21 mäste
828 947 102 28 försägas

173 982 40 21 vid
228 982 54 22 inne
297 982 8 21 i
319 982 77 22 landet
410 982 97 29 belägna
523 984 72 26 sägar,
612 984 57 20 samt
685 982 98 22 därefter
793 985 137 25 transporte-

173 1024 35 14 ras
232 1024 82 20 genom
335 1017 75 21 Saima
430 1017 68 21 kanal
518 1018 43 21 och
583 1017 105 21 omlastas
704 1017 8 21 i
727 1017 94 28 Viborg,
844 1016 86 22 hvilket

172 1050 114 30 betydligt
308 1051 101 29 förhöjer
431 1052 154 21 kostnaderna
608 1052 35 21 för
666 1052 66 21 dessa
750 1051 178 29 tillverkningar.

173 1085 44 21 Till
233 1086 58 28 följd
306 1086 26 21 af
344 1086 28 22 de
388 1086 73 28 dryga
479 1086 269 28 transportkostnaderna
762 1086 64 22 lönar
842 1086 38 21 det
895 1085 35 28 sig

171 1120 8 20 i
195 1120 121 22 allmänhet
339 1120 51 22 icke
411 1121 70 21 heller
502 1121 36 21 för
561 1120 75 22 Saima
652 1122 96 27 sågarna
763 1123 33 19 att
811 1122 118 26 exportera

171 1154 157 28 hvarjehanda
355 1155 156 28 biprodukter,
539 1157 74 19 såsom
634 1155 79 29 plank-
738 1155 41 21 och
802 1154 127 22 brädändar

172 1192 58 18 samt
246 1190 50 25 stäf,
312 1190 78 22 hvilka
405 1190 151 28 biprodukter
572 1190 130 28 förmänligt
725 1190 78 20 kunna
825 1188 103 29 tillgodo-

171 1226 67 25 göras
250 1224 40 22 vid
301 1226 65 26 sägar
378 1224 51 22 med
440 1232 174 21 gynnsammare
622 1224 244 28 exportförhällanden.
882 1223 46 21 Un-

172 1258 40 21 der
235 1260 25 19 är
281 1261 54 19 1895
358 1259 102 28 uppgick
483 1262 108 26 exporten
615 1259 23 21 af
659 1259 103 28 plankor,
781 1258 89 22 battens
886 1258 43 21 och

170 1292 83 22 bräder
278 1293 64 22 öfver
359 1294 89 27 Viborg
473 1294 34 20 till
531 1295 91 24 261,432
644 1294 43 20 och
710 1293 64 21 öfver
797 1292 77 22 Kotka
896 1292 33 22 till

171 1329 93 23 306,186
287 1328 149 25 kubikmeter,
460 1336 51 14 men
533 1328 111 22 utförseln
664 1328 23 20 af
709 1328 77 28 plank-
803 1327 42 21 och
864 1326 64 22 bräd-

171 1362 71 21 ändar
265 1365 58 19 samt
339 1362 45 22 stäf
399 1362 101 29 uppgick
516 1370 84 14 samma
615 1364 24 19 är
656 1362 64 22 öfver
736 1362 88 28 Viborg
842 1361 34 21 till
892 1369 36 13 en-

172 1396 50 22 dast
240 1398 75 24 16,047
332 1397 150 25 kubikmeter,
498 1397 81 22 medan
595 1397 63 22 öfver
677 1396 77 22 Kotka
769 1396 159 28 exporterades

170 1433 78 23 81,196
272 1431 149 22 kubikmeter.
452 1432 59 21 Hela
532 1432 88 21 landets
641 1434 81 26 export
744 1431 23 21 af
789 1430 77 29 plank-
886 1431 42 21 och
