1011 1656
263 118 277 22 Petitionsbetänkande
550 117 46 23 N:o
611 117 37 23 47.
820 118 13 20 5

84 190 82 21 mande
191 190 88 22 tillfälle
304 191 37 21 att
364 190 35 21 till
423 186 185 31 Öfverstyrelsen
630 190 107 21 framföra
760 189 73 27 klago-

84 226 42 21 och
150 226 170 26 önskningsmål
342 226 95 21 rörande
457 226 171 22 förhållandena
642 225 38 22 vid
697 225 64 22 deras
778 230 55 22 egen

85 261 70 22 skola.

156 296 51 22 Men
230 297 67 21 äfven
321 297 104 21 tillfällen
448 298 37 20 att
501 298 144 26 gemensamt
662 296 116 22 diskutera
793 295 41 22 och

84 333 76 21 uttala
175 333 34 27 sig
224 333 8 21 i
247 333 198 27 angelägenheter,
462 339 49 15 som
527 334 80 20 beröra
618 333 90 21 landets
719 332 115 22 allmänna

85 368 157 28 skolväsende,
265 369 287 27 undervisningsmetoder,
576 368 102 28 disciplin
703 374 29 15 m.
756 374 30 15 m.
802 373 32 17 er-

84 404 80 27 bjudas
185 410 95 16 numera
303 404 56 21 våra
382 404 123 21 skollärare
521 410 82 21 genom
620 404 26 21 de
662 404 25 21 år
705 404 57 21 1890
777 403 57 21 åter-

85 440 129 27 upplifvade
240 440 115 21 allmänna
381 439 223 27 skolläraremötena,
630 445 49 16 som
702 438 131 27 visserligen

84 476 50 21 icke
150 477 38 20 äro
204 475 7 22 i
227 476 37 26 lag
279 475 119 28 påbjudna,
411 481 53 16 men
481 475 89 22 hvilkas
586 475 142 27 periodicitet
741 475 37 21 väl
789 474 44 21 kan

85 512 118 21 betraktas
234 511 76 22 såsom
333 511 109 27 temligen
465 511 136 22 säkerstäld.
636 511 101 22 Likvisst
753 510 81 27 tyckes

85 553 53 16 man
161 547 29 28 på
213 547 71 27 några
298 547 45 21 håll
359 547 62 21 inom
437 547 151 27 pedagogiska
604 547 91 21 kretsar
710 547 76 20 känna
801 545 34 27 sig

85 583 109 22 besviken
209 583 7 21 i
232 583 105 22 afseende
354 583 14 21 å
384 583 67 21 dessa
475 583 26 22 af
513 583 145 21 lärarekåren
674 582 27 22 så
717 581 117 27 efterläng-

84 619 54 22 tade
161 620 84 20 möten.
278 619 111 21 Särskildt
407 619 42 21 har
465 625 53 15 man
534 619 114 27 anmärkt,
665 619 36 21 att
717 618 38 21 det
770 618 65 21 beror

85 655 29 27 på
130 661 28 16 en
173 661 40 16 ren
229 655 144 26 tillfällighet,
390 655 92 21 hvilken
499 661 71 20 grupp
586 654 26 22 af
624 654 73 22 lärare
709 653 38 22 vid
757 653 77 26 hvarje

85 692 62 20 möte
171 693 25 19 är
219 690 106 22 talrikast
347 690 180 27 representerad,
550 690 41 21 och
615 691 36 20 att
672 689 80 22 värdet
768 689 25 22 af
806 694 28 16 en

85 727 84 21 allmän
191 727 141 26 omröstning
355 727 38 20 vid
417 726 66 21 dessa
502 727 78 21 möten
597 726 74 21 därför
686 728 25 19 är
726 725 108 27 temligen

85 762 163 27 tvifvelaktigt.
275 763 51 21 Med
341 763 146 21 erkännande
503 763 25 21 af
541 763 37 21 att
593 762 27 22 så
635 762 105 27 möjligen
756 763 25 19 är
796 761 38 21 fal-

85 799 40 27 let,
149 804 67 15 anser
238 798 124 22 Utskottet
385 798 35 27 sig
435 799 56 21 böra
506 798 126 26 framhålla,
649 799 36 20 att
700 797 38 22 vid
754 797 77 21 möten

86 834 26 21 af
133 834 64 22 detta
223 834 49 27 slag
295 834 49 22 icke
373 834 158 27 majoritetens
559 835 83 26 beslut,
671 835 56 20 utan
751 833 27 21 de
805 832 30 22 af-

86 870 61 27 gifna
163 870 150 27 yttrandenas
329 870 98 22 kvalitet
442 871 100 22 skänker
558 870 196 27 förhandlingarna
770 869 65 21 deras

85 906 77 21 värde.
193 906 33 20 En
250 906 101 27 opartisk
377 907 139 27 granskning
540 907 25 21 af
586 907 26 21 de
636 907 86 21 tvänne
744 905 92 21 senaste

86 941 230 22 skolläraremötenas
337 942 73 27 (1890,
434 942 65 25 1893)
515 942 112 27 protokoll
643 942 72 26 gifver
730 940 38 22 vid
783 940 53 22 han-

87 976 50 28 den,
161 978 37 20 att
222 977 38 21 det
283 977 88 22 tillfälle
395 978 67 21 dessa
478 978 78 21 möten
581 977 92 27 erbjuda
695 977 89 21 lärarne
799 976 37 22 att

86 1012 108 22 framföra
213 1012 50 22 sina
278 1013 85 27 åsigter
379 1013 49 21 icke
445 1015 25 19 är
485 1013 95 27 förtjänt
596 1013 26 21 af
636 1014 36 20 ett
686 1012 150 28 ringaktande

86 1048 146 22 bedömande.

158 1084 129 22 Petitionen
310 1084 126 22 innehåller
459 1084 50 22 icke
533 1085 69 27 något
621 1084 117 22 bestämdt
753 1083 83 27 förslag

86 1120 36 21 till
142 1120 143 27 afhjälpande
308 1120 26 22 af
354 1120 43 22 den
416 1120 160 28 öfverklagade
592 1120 87 22 bristen
694 1120 29 27 pä
739 1124 97 17 samver-

87 1156 46 21 kan
157 1156 83 21 mellan
264 1156 118 28 Styrelsen
398 1156 42 22 och
456 1156 43 22 den
515 1156 63 22 lärda
594 1156 91 22 skolans
701 1156 62 22 samt
778 1154 59 22 flick-

87 1191 94 22 skolans
197 1192 122 27 lärarekär,
336 1198 52 16 men
404 1192 180 27 petitionärerna
599 1192 68 22 hafva
683 1192 56 21 dock
754 1196 82 22 genom

87 1228 36 20 att
146 1227 96 22 hänvisa
264 1228 36 21 till
323 1228 137 22 Frankrikes
484 1228 122 28 föredöme,
628 1228 156 22 hvarförutom
799 1226 38 21 vid

87 1263 107 22 ärendets
224 1264 135 27 behandling
392 1264 61 22 inom
485 1264 123 22 Utskottet
644 1264 68 21 äfven
749 1262 87 22 anförts

87 1299 104 27 exempel
214 1299 50 21 från
288 1299 101 22 Schweiz
413 1300 42 22 och
471 1300 71 27 några
563 1300 71 27 tyska
653 1301 80 25 stater,
753 1298 83 28 antydt

87 1335 36 21 att
139 1334 91 28 frågans
246 1335 89 27 lösning
349 1335 69 22 borde
435 1336 26 26 gå
479 1336 8 20 i
503 1336 43 21 den
561 1336 102 26 riktning
679 1336 36 21 att
731 1335 35 21 ett
776 1334 61 26 slags

86 1371 136 26 permanent
247 1370 87 22 komité
357 1371 74 21 blefve
455 1371 108 27 inrättad,
588 1371 92 21 hvilken
703 1376 54 16 vore
780 1375 58 16 sam-

87 1406 103 21 mansatt
217 1406 25 21 af
262 1407 187 26 representanter
472 1407 68 21 valda
563 1407 26 21 af
608 1406 145 22 lärarekåren
777 1406 61 20 samt

159 1451 97 18 Allmänna
267 1451 168 24 petitionsutskottels
447 1451 109 19 betänkande
568 1452 36 19 N:o
616 1453 32 16 23.
