1034 1656
174 137 12 20 2
303 136 84 23 Ständ.
402 137 53 22 Pet.
471 150 29 3 —
514 137 175 23 Petitionsbet.
705 136 45 23 N:o
766 136 37 23 37.

174 208 109 22 beredas
307 208 103 29 lämplig
433 209 160 28 uppfostran.
631 209 55 22 Den
710 208 75 29 fråga
803 208 48 22 här
869 208 63 23 före-

174 243 82 29 ligger
274 243 75 22 berör
367 244 61 21 utan
447 243 89 22 tvifvel
555 245 35 20 ett
605 243 103 22 allmänt
720 243 108 22 intresse
843 242 25 23 af
881 244 51 21 stor

174 277 139 28 betydelse,
342 277 45 22 och
411 277 46 22 har
480 277 68 22 inom
574 277 31 22 de
630 279 68 20 stora
722 277 210 22 kulturländerna

175 311 144 23 framkallat
343 312 211 22 vidtomfattande
580 312 120 29 åtgärder
724 312 8 21 i
751 312 46 21 och
817 311 38 22 för
874 311 57 22 dess

174 346 111 29 lyckliga
303 346 107 29 lösning,
430 347 87 22 hvilka
532 347 119 28 åtgärder
665 346 120 22 särskildt
801 346 5 22 i
816 345 116 30 England

174 381 52 22 ledt
244 381 37 22 till
300 381 134 22 afsevärda
452 381 114 22 resultat.

244 410 83 27 Äfven
352 415 7 22 i
384 415 107 23 Finland
514 416 48 21 har
586 416 49 22 den
659 415 118 29 ständiga
801 415 131 22 tillväxten

176 449 25 21 af
220 449 95 22 antalet
329 450 170 29 minderåriga
513 450 144 29 förbrytare
672 449 145 23 framkallat
830 449 102 28 bekym-

174 489 61 17 mer.
280 483 77 23 Såväl
384 484 56 22 från
465 486 95 21 statens
586 491 53 16 som
664 485 56 21 från
745 484 49 22 den
817 483 114 23 enskilda

175 519 212 28 välgörenhetens
406 519 55 22 sida
480 519 78 22 hafva
577 519 151 29 visserligen
747 518 120 29 åtgärder
880 518 52 22 vid-

175 553 77 28 tagits
275 553 8 22 i
306 553 45 22 och
376 553 39 22 för
438 553 146 22 beredande
607 553 25 22 åt
651 553 31 22 de
701 553 166 22 vanvårdade
886 553 46 21 och

175 587 141 22 vanartade
340 587 97 23 barnen
461 588 25 22 af
510 595 31 15 en
565 588 105 29 lämplig
692 587 159 29 uppfostran,
875 593 56 15 men

175 621 75 23 dessa
277 622 118 29 åtgärder
419 629 78 22 synas
522 623 54 22 icke
604 629 63 16 vara
697 621 234 30 tillfyllesgörande.

175 656 38 22 De
227 658 93 21 tvenne
337 657 25 22 af
375 658 81 22 staten
470 657 126 23 inrättade
609 656 322 30 förbättringsanstalterna

175 691 39 22 för
242 691 170 29 minderåriga
439 692 144 28 förbrytare
610 692 78 22 hafva
716 691 67 22 visat
807 691 39 29 sig
869 697 63 15 vara

175 725 166 29 otillräckliga
356 726 46 22 och
415 726 76 22 äfven
504 726 31 22 de
549 733 91 22 genom
654 726 98 22 enskild
766 725 167 29 välgörenhet

175 760 131 22 tillkomna
320 760 330 30 uppfostringsanstalterna
661 761 39 22 för
710 760 165 22 vanvårdade
886 759 46 22 och

175 794 93 29 sedligt
297 795 156 22 vilsekomna
481 795 64 22 barn
572 795 87 22 kunna
687 794 94 23 bereda
808 796 124 26 utrymme

174 828 65 23 blott
261 829 40 22 för
324 830 34 21 ett
380 829 61 23 fåtal
467 830 25 21 af
513 830 31 22 de
564 830 92 28 många
676 836 54 16 som
748 835 62 16 vore
829 829 8 21 i
855 828 76 22 behof

176 863 26 22 af
220 870 31 15 en
271 863 80 23 sådan
369 864 159 28 uppfostran.

244 898 50 22 Vid
322 898 90 22 sådant
439 898 159 22 förhållande
622 898 46 22 och
694 898 32 22 då
749 898 68 21 inom
839 896 92 29 många

174 932 58 22 hem
256 932 114 29 förmåga
389 932 93 23 saknas
502 934 36 21 att
556 933 131 22 motverka
706 932 32 22 de
756 932 86 28 dåliga
859 931 73 28 infly-

175 966 83 26 telser,
287 966 39 22 för
349 967 87 22 hvilka
463 967 49 23 den
536 967 173 28 uppväxande
734 966 145 29 ungdomen
904 966 28 21 är

174 1002 87 25 utsatt,
281 1002 64 21 samt
363 1002 22 28 ej
405 1002 79 22 heller
502 1002 32 22 de
552 1001 72 27 barn,
645 1008 40 15 om
704 1001 87 22 hvilka
807 1000 125 22 allmänna

174 1034 174 30 fattigvården
366 1036 63 28 tagit
448 1036 77 26 hand,
546 1036 69 22 alltid
634 1036 100 22 erhållit
752 1035 50 22 den
819 1034 114 22 omvård-

174 1069 52 22 nad
251 1070 144 22 samhällets
420 1070 107 22 intresse
551 1070 111 26 kräfver,
689 1076 76 22 synes
786 1069 146 29 ytterligare

175 1104 110 28 utvägar
303 1104 63 22 böra
385 1105 75 21 sökas
480 1105 39 21 för
538 1106 36 20 att
593 1105 60 21 ernå
674 1104 42 22 det
736 1104 105 22 afsedda
857 1102 76 23 ända-

174 1138 84 22 målet.
295 1138 38 22 Då
348 1138 78 23 likväl
439 1139 167 29 framgången
621 1139 25 22 af
659 1137 274 30 uppfostringsarbetet

174 1172 8 22 i
206 1172 127 30 väsentlig
355 1174 65 28 grad
439 1174 28 21 är
485 1173 128 23 beroende
632 1173 26 22 af
677 1172 200 28 ändamålsenlig
896 1178 37 15 or-

174 1207 145 28 ganisation
344 1208 45 21 och
413 1208 133 29 tillräcklig
571 1208 145 22 erfarenhet
737 1213 40 16 om
796 1206 138 23 företrädet

175 1241 107 22 emellan
307 1242 30 22 de
359 1242 68 22 olika
446 1244 102 27 system,
568 1249 53 15 som
639 1242 89 22 kunna
746 1241 125 28 tillämpas
890 1240 43 22 vid

174 1275 199 29 ifrågavarande
403 1277 78 22 barns
511 1277 159 28 uppfostran,
703 1276 54 22 icke
789 1275 144 29 föreligger,

174 1309 79 23 hafva
273 1310 144 23 Ständerna
437 1313 82 20 ansett
538 1311 136 29 grundliga
690 1309 187 24 förberedande
890 1315 44 16 un-

174 1344 187 30 dersökningar
385 1345 45 22 och
456 1352 31 15 en
505 1352 135 22 noggrann
659 1345 122 29 pröfning
800 1344 25 22 af
843 1344 91 28 frågan

174 1385 63 16 vara
258 1379 25 22 af
301 1379 120 23 behofvet
439 1379 136 29 påkallade
593 1380 78 22 innan
692 1379 120 29 åtgärder
824 1378 8 22 i
846 1377 89 29 antydt

174 1413 67 28 syfte
260 1413 125 30 vidtagas.
