1025 1656
167 110 14 21 2
349 109 280 23 Petitionsbetänkande
643 110 46 22 N:o
705 110 35 22 81.

167 185 59 18 utom
251 182 76 22 landet
350 182 39 22 och
412 189 33 15 om
470 183 67 21 hvars
561 183 153 27 uppehållsort
729 182 70 22 under
815 182 46 22 viss
877 182 44 21 tids

167 217 88 27 förlopp
279 218 71 27 någon
374 218 165 22 underrättelse
561 218 50 22 icke
631 218 79 28 ingått,
728 218 85 22 erhålla
828 220 46 19 rätt
889 219 32 19 att

166 253 66 22 träda
247 254 8 21 i
271 256 50 25 nytt
337 254 60 27 gifte.
421 254 11 21 I
448 254 65 28 fråga
529 260 34 16 om
578 254 37 22 arf
629 254 48 22 åter
694 254 72 28 gäller
782 254 70 27 enligt
863 253 58 23 stad-

167 290 83 26 gandet
265 290 8 21 i
291 292 26 19 15
334 290 49 26 kap.
400 292 12 19 5
430 290 12 28 &
460 290 147 22 ärfdabalken
623 292 33 20 att
670 290 59 22 finsk
742 296 57 22 man,
811 290 67 22 hvars
889 290 32 22 vi-

167 325 106 22 stelseort
289 328 26 19 är
330 326 79 27 okänd,
426 326 95 22 förlorar
538 326 34 21 sin
589 325 99 29 arfsrätt,
700 326 40 22 der
751 326 43 21 han
806 326 49 22 icke
863 326 58 21 inom

166 361 63 28 tjugu
254 362 25 21 år
295 361 58 23 efter
369 362 130 22 arflåtarens
516 362 43 22 död
575 362 94 22 infinner
686 362 35 27 sig
736 362 35 22 för
787 364 33 20 att
835 362 86 22 bevaka

167 397 49 21 sina
239 397 117 22 intressen.
387 397 67 22 Detta
479 398 122 27 stadgande
624 398 44 21 kan
694 398 70 21 likväl
788 398 50 21 icke
856 404 64 15 anses

167 433 139 28 grundlägga
321 433 71 27 någon
410 433 136 27 presumtion
562 433 35 22 för
613 435 33 20 att
663 439 27 16 en
708 439 85 21 person,
811 439 45 16 som
869 436 50 19 utan

150 471 3 2 *
167 470 33 20 att
215 469 125 22 kännedom
363 475 35 16 om
421 469 55 22 hans
493 469 153 27 uppehållsort
662 469 108 28 erhållits,
787 469 58 22 varit
861 469 58 22 frän-

166 505 99 22 varande
280 505 70 22 under
365 505 63 28 tjugu
444 505 37 22 ärs
493 505 39 27 tid,
544 505 73 22 skulle
628 505 78 27 aflidit;
715 505 39 22 och
766 505 72 27 nägon
849 511 71 16 annan

165 540 142 28 bestämning
329 541 70 22 finnes
424 541 19 27 ej
469 541 77 27 heller,
568 547 45 16 som
635 541 35 22 för
686 541 55 28 dem,
758 541 77 22 hvilka
851 541 69 22 under

166 577 125 27 antagande
310 576 25 22 af
348 583 27 16 en
392 577 136 22 försvunnen
546 583 92 21 persons
655 577 43 22 död
713 583 52 16 vore
782 577 55 22 hans
853 579 66 19 rätts-

165 612 152 28 innehafvare,
330 613 96 22 beredde
435 613 115 28 möjlighet
559 616 32 19 att
600 613 100 22 komma
685 608 13 37 i
712 613 122 27 besittning
844 613 25 21 af
878 613 41 21 den

165 648 50 21 utaf
228 649 79 21 honom
323 649 156 26 gvarlemnade
495 649 140 27 egendomen,
647 649 93 22 likasom
749 649 83 27 jemväl
843 649 76 27 hvarje

165 684 123 27 stadgande
312 684 68 22 fattas
402 685 81 27 derom,
508 685 57 21 huru
589 685 65 27 länge
673 685 69 21 sädan
758 685 106 26 egendom
880 685 39 20 bör

165 720 35 21 för
216 720 43 22 den
275 721 110 21 saknades
408 721 98 27 räkning
529 720 26 22 af
568 721 55 21 hans
640 721 92 21 kurator
750 720 169 22 sammanhällas

165 756 72 21 såsom
262 762 27 16 en
312 756 91 28 rättslig
426 757 73 21 enhet.
532 756 105 27 Afsigten
654 756 50 23 med
719 755 146 23 förevarande
882 762 36 21 pe-

163 791 164 28 titionsförslag
343 794 25 19 är
384 794 33 20 att
432 793 136 21 härutinnan
584 793 151 21 ästadkomma
750 798 28 15 en
789 791 130 28 förändring

163 834 80 21 genom
267 827 115 23 införande
399 829 6 20 i
422 829 41 21 vär
487 828 142 28 lagstiftning
644 827 25 22 af
683 830 32 20 ett
730 827 134 28 förfarande,
881 834 36 15 eu-

163 863 43 28 ligt
229 864 88 22 hvilket
336 864 58 22 finsk
413 871 57 21 man,
494 871 45 15 som
557 871 26 15 en
600 865 78 26 längre
694 864 32 21 tid
742 864 59 22 varit
816 863 101 22 försvun-

164 905 51 21 nen,
231 899 76 22 kunde
323 899 111 22 förklaras
451 900 86 22 afliden.

235 935 175 27 Ifrägavarande
425 936 148 22 rättsinstitut
584 936 39 21 har
634 936 7 21 i
653 936 26 21 de
691 935 131 27 europeiska
833 935 84 21 kultur-

163 971 108 21 länderna
295 972 114 21 utvecklat
432 972 36 27 sig
491 972 28 26 pä
540 972 67 27 nägot
623 972 59 21 olika
699 973 50 20 sätt.
781 971 78 27 Enligt
875 971 42 21 den

163 1006 120 22 italienska
299 1007 40 21 och
360 1007 62 22 äldre
438 1008 180 27 romersk-tyska
633 1009 75 20 rätten
724 1007 73 22 skulle
821 1013 96 21 presum-

163 1042 46 21 tion
226 1049 35 15 om
273 1042 94 22 dödsfall
391 1043 96 27 inträda,
505 1044 27 21 dä
548 1044 42 21 den
607 1044 88 26 längsta
711 1042 110 22 tänkbara
836 1042 82 22 menni-

162 1078 112 28 skoälder,
291 1084 46 16 som
353 1078 35 22 till
399 1085 27 15 en
438 1079 75 27 början
526 1083 79 23 antogs
616 1085 53 15 vara
682 1080 41 20 100
734 1079 32 26 är,
779 1084 49 16 men
839 1084 78 16 senare

164 1116 27 19 70
208 1115 13 20 &
237 1116 29 20 80
283 1115 32 25 är,
332 1114 93 22 förflutit
441 1115 51 21 från
509 1115 41 22 den
567 1115 172 22 bortavarandes
750 1114 91 22 födelse.
861 1114 54 22 Der-

162 1149 104 22 förinnan
282 1150 74 22 kunde
372 1151 103 21 eventuel
492 1151 102 27 arfvinge
610 1151 71 21 likväl
696 1150 120 28 inrymmas
832 1150 32 22 uti
880 1151 35 21 be-

163 1185 96 28 sittning
277 1186 24 22 af
315 1186 43 22 den
374 1187 157 25 gvarlemnade
547 1186 189 28 förmögenheten,
753 1186 90 22 hvilken
861 1186 55 22 dock

161 1220 58 22 först
243 1221 58 22 efter
321 1222 69 27 sagda
406 1222 44 22 tids
467 1222 86 27 förlopp
570 1222 76 22 tillföll
663 1222 78 22 honom
757 1222 50 21 med
822 1221 94 27 egande-

161 1258 52 20 rätt.
246 1257 77 22 Under
345 1258 62 22 18:de
422 1258 153 22 ärhundradet
591 1258 123 22 utbildades
731 1256 138 23 förfarandet
884 1257 32 21 uti

161 1292 98 22 flertalet
283 1293 65 27 tyska
372 1295 71 20 stater
467 1294 91 26 derhän,
582 1296 33 19 att
638 1294 43 22 den
702 1293 120 22 försvunne
839 1298 77 22 genom

161 1327 102 28 offentlig
285 1328 113 28 stämning
418 1329 101 22 kallades
542 1329 36 22 till
601 1330 40 21 sitt
657 1331 89 20 senaste
762 1328 71 22 forum
849 1328 66 21 domi-

161 1363 45 21 eilii
222 1364 51 22 med
289 1364 42 22 den
348 1364 84 22 verkan
449 1367 34 19 att
499 1365 49 27 han,
566 1365 7 21 i
589 1365 106 21 händelse
706 1365 43 21 han
760 1364 57 22 inom
829 1364 42 21 den
883 1366 33 19 ut-

160 1401 59 19 satta
236 1400 61 21 tiden
313 1400 51 21 icke
379 1400 77 21 infann
473 1401 35 26 sig
531 1401 56 21 eller
597 1400 124 22 kännedom
733 1406 33 15 om
777 1400 79 21 honom
866 1399 50 21 icke

232 1448 127 21 Lagutskottets
371 1449 102 16 betänkande
488 1449 31 16 N:o
531 1449 28 17 19.
