1034 1656
188 137 27 18 20

158 194 43 21 den
227 196 26 19 19
274 194 108 21 Februari
400 197 57 19 1895
474 194 121 22 faststälda
611 197 53 23 stat,
680 194 70 22 hafva
766 194 28 21 Vi
811 194 36 22 för
862 194 46 21 Vår

158 230 36 21 del
210 231 89 27 antagit
312 231 69 20 sådan
392 230 134 29 förordning
537 231 117 28 angående
666 230 110 21 särskilda
787 230 121 28 ändringar

157 265 7 21 i
183 266 70 28 sagda
269 268 52 23 stat,
338 273 48 14 som
401 266 74 21 finnes
491 267 93 27 intagen
600 265 8 22 i
624 265 47 22 Vår
687 266 35 21 till
738 266 63 21 Hans
817 266 91 27 Kejser-

157 301 46 28 liga
224 301 107 28 Majestät
347 302 43 21 den
407 303 27 20 24
451 302 104 21 sistlidne
571 301 45 28 Maj
634 302 80 21 härom
730 301 83 21 aflåtna
829 301 79 21 under-

158 337 82 28 dåniga
256 337 124 26 skrifvelse,
397 338 64 21 hvari
478 337 28 21 Vi
518 337 74 21 tillika
602 337 7 21 i
621 337 181 28 underdånighet
813 337 95 21 anhållit

158 373 39 20 det
212 373 88 20 täcktes
316 373 62 21 Hans
395 372 130 29 Kejserliga
541 372 108 28 Majestät
666 373 70 28 sagda
752 372 133 29 förordning
900 373 7 20 i

158 408 68 21 nåder
243 408 110 21 stadfästa
369 409 42 20 och
427 409 36 20 till
479 409 150 21 efterrättelse
647 409 109 28 kungöra.

501 476 26 19 41
546 475 20 28 8.

229 515 11 22 I
256 515 100 29 enlighet
371 516 52 21 med
439 518 28 19 38
484 516 13 28 8
509 516 7 21 i
528 516 261 28 Landtdagsordningen
799 515 41 21 har
851 515 56 21 Vårt

157 551 157 22 Bankutskott
330 551 111 22 verkstält
457 551 141 28 granskning
614 551 26 21 af
652 551 110 21 Finlands
772 551 78 21 Banks
861 553 46 26 sty-

157 586 57 21 relse
231 587 42 20 och
290 586 101 22 tillstånd
407 587 72 21 under
495 589 53 19 åren
566 589 146 19 1894—1896
729 589 59 18 samt
802 586 105 22 däröfver

158 621 35 21 till
210 621 41 22 Oss
268 622 105 21 aflemnat
389 622 129 26 berättelse,
536 623 41 20 och
594 622 69 21 hafva
678 622 29 21 Vi
724 621 7 22 i
748 621 119 22 skrifvelse
884 621 26 21 af

158 657 43 21 den
225 659 27 19 29
277 658 102 21 sistlidne
402 658 45 28 Maj
474 658 35 21 till
531 658 59 21 Våra
606 657 213 28 Bankfullmäktige
835 657 72 22 öfver-

157 693 85 21 lemnat
258 694 97 21 nämnda
371 693 121 22 berättelse
509 694 43 21 och
568 693 144 22 betänkande
728 693 7 21 i
752 693 38 21 det
801 693 105 21 afseende

158 729 70 28 sagda
244 729 119 21 skrifvelse
379 732 102 18 närmare
499 729 150 21 omförmäler.

499 797 28 19 42
544 796 20 28 8.

228 837 76 21 Sedan
327 837 42 21 den
393 837 136 28 delegation,
554 844 48 14 som
626 836 26 21 af
672 840 76 17 senast
770 835 136 21 församlade

157 872 98 22 Ständer
276 872 105 22 tillsattes
398 872 35 22 för
449 873 86 21 vården
551 872 23 21 af
590 872 27 21 de
634 879 82 21 genom
733 873 134 19 testamente
884 870 26 21 af

157 908 120 22 framlidne
308 908 242 22 medicinelicentiaten
576 908 99 21 Herman
703 906 102 22 Frithiof
828 906 79 21 Antell

157 944 110 20 Finlands
283 943 48 22 folk
346 944 107 21 tillfallna
470 944 129 27 samlingar,
616 943 35 21 till
664 942 42 22 Oss
718 942 107 21 aflemnat
835 942 72 20 berät-

157 979 56 21 telse
230 986 37 14 om
282 979 154 28 fullgörandet
452 979 26 21 af
491 979 70 28 sagda
577 979 105 28 uppdrag
698 980 60 19 samt
774 978 38 20 det
823 977 83 27 belopp

157 1014 26 21 af
205 1017 116 24 1,000,000
342 1015 71 25 mark,
435 1022 48 14 som
499 1014 8 21 i
523 1014 58 28 följd
598 1014 25 21 af
637 1015 157 20 testamentets
811 1012 96 22 bestäm-

156 1050 82 28 ningar
262 1050 57 21 skall
342 1050 71 21 under
437 1050 138 28 benämning
599 1049 188 27 ,Kammarrädet
807 1048 99 20 Herman

157 1086 146 28 Rosenbergs
326 1086 67 21 fond"
415 1086 110 21 förvaltas
542 1086 41 20 och
600 1085 115 21 användas
732 1084 35 21 till
783 1084 124 21 förökande

157 1120 27 22 af
204 1121 151 28 samlingarna
377 1121 7 21 i
403 1124 34 18 ett
453 1116 117 26 blifvande
586 1120 212 25 nationalmuseum,
815 1126 92 14 numera

157 1156 36 21 till
208 1156 61 22 Våra
285 1156 210 28 Bankfullmäktige
513 1156 168 26 öfverlemnats,
693 1155 69 21 hafva
774 1155 37 25 Vi,
822 1156 29 26 på
863 1157 44 18 sätt

159 1192 45 20 Vår
227 1192 36 20 till
287 1192 62 21 Hans
365 1192 130 28 Kejserliga
512 1192 108 28 Majestät
636 1192 44 20 den
697 1193 26 19 17
741 1190 102 21 sistlidne
860 1190 45 27 Maj

157 1227 84 21 aflåtna
264 1228 155 28 underdåniga
444 1227 119 21 skrifvelse
584 1227 132 25 innehåller,
732 1226 20 28 ej
770 1226 87 21 mindre
873 1225 34 21 till

157 1262 64 22 Hans
244 1263 131 28 Kejserliga
398 1263 120 28 Majestäts
534 1263 84 27 nådiga
633 1262 109 28 pröfning
758 1261 150 21 öfverlemnat

158 1298 44 21 den
226 1298 8 21 i
261 1298 148 22 omförmälda
431 1298 122 21 berättelse
578 1297 133 21 framstälda
735 1296 172 28 organisations-

158 1333 83 28 planen
265 1334 36 21 för
323 1336 33 19 ett
380 1334 212 25 nationalmuseum,
611 1332 118 22 äfvensom
746 1332 162 27 underdånigst

158 1369 96 21 anhållit
277 1371 34 19 att
333 1370 110 28 byggnad
467 1369 35 22 för
526 1371 33 19 ett
578 1369 173 21 konstmuseum
767 1369 70 19 måtte
853 1375 56 20 upp-

158 1404 60 21 föras
240 1407 14 18 å
269 1405 94 28 lämplig
378 1405 69 28 plats,
464 1407 24 18 så
503 1405 51 20 vidt
569 1404 91 28 möjligt
676 1403 8 21 i
700 1403 110 21 närheten
826 1402 26 21 af
865 1403 44 20 den

158 1440 132 21 tillämnade
313 1441 139 27 byggnaden
473 1440 35 21 för
524 1439 156 22 förstnämnda
695 1446 110 18 museum,
822 1441 29 18 än
867 1438 42 21 ock
