1025 1656
218 110 76 22 Ständ.
310 110 47 22 Pet.
374 124 26 2 —
417 109 153 23 Petitionsbet.
586 110 39 22 N:o
641 109 35 22 58.
815 110 13 19 3

277 176 69 22 rande
368 175 264 29 arbetareförhållandena
650 175 60 22 inom
726 174 24 22 de
765 174 63 22 indu-

277 210 82 22 striella
374 210 88 28 yrkena.

142 354 45 20 Vid
203 353 141 29 handlingen
360 353 24 21 af
397 353 113 29 förslaget
524 361 37 14 om
576 353 134 29 beviljande
726 352 25 22 af
764 354 66 20 stats-

74 388 80 28 bidrag
169 388 36 22 för
220 388 158 22 anordnandet
393 388 26 22 af
432 388 205 22 elementarkurser
653 388 37 21 för
704 394 78 15 vuxna
796 394 34 14 ar-

74 423 76 21 betare
172 423 41 20 har
235 422 104 21 beaktats
359 424 34 19 att
410 422 35 21 till
460 422 107 21 städerna
583 422 89 29 årligen
687 422 52 21 från
754 421 76 22 lands-

74 459 65 20 orten
154 457 105 29 inflyttar
274 464 28 14 en
318 459 47 20 stor
384 457 86 29 mängd
486 457 184 28 arbetssökande,
687 456 79 22 hvilka
782 455 48 22 helt

74 492 43 21 och
132 491 71 22 hållet
218 491 71 22 sakna
304 491 226 29 folkskolebildning
545 491 44 22 och
605 491 71 22 oftast
692 495 38 17 äro
746 491 85 21 komna

74 526 36 21 till
132 525 44 22 den
197 525 62 22 ålder
274 528 33 19 att
323 526 28 21 de
366 526 52 21 icke
433 533 63 14 mera
510 526 80 21 kunna
603 525 87 22 besöka
704 525 124 22 folkskola.

74 561 45 21 För
134 560 80 29 dylika
229 560 113 21 arbetares
358 560 168 29 undervisning
541 560 71 22 hafva
627 559 203 28 hufvudsakligast

75 595 25 21 af
112 595 117 21 städernas
252 594 237 29 arbetareföreningar
506 595 114 21 särskilda
635 594 107 29 åtgärder
757 593 73 22 vidta-

74 629 46 28 gits
136 630 73 21 såsom
231 629 148 22 anordnande
402 629 26 22 af
441 629 206 22 elementarkurser
663 629 43 21 och
721 628 110 29 populära

75 663 112 29 föredrag.

143 691 222 28 Åstadkommandet
387 698 25 21 af
432 698 177 29 ifrågavarande
624 697 207 22 elementarkurser

75 732 41 21 har
130 732 37 21 till
182 734 47 19 stor
245 733 36 20 del
303 733 157 28 möjliggjorts
482 740 85 21 genom
583 733 27 21 de
625 732 127 22 understöd
766 733 64 21 kom-

75 774 111 14 munerna
207 774 28 13 ur
257 767 50 21 sina
329 767 93 21 andelar
437 767 8 21 i
461 767 283 28 utskänkningsbolagens
759 767 72 22 vinst-

76 801 74 21 medel
171 801 36 21 för
230 801 130 22 ändamålet
381 801 103 29 beviljat.
514 802 54 21 Men
584 801 29 22 då
629 801 44 22 den
689 801 142 29 omständig-

75 835 69 22 heten
167 837 34 20 att
222 835 177 22 kommunernas
422 836 68 21 andel
505 837 8 20 i
528 836 101 21 nämnda
652 836 76 22 medel
747 843 84 22 genom

77 871 53 21 1892
146 870 35 21 års
196 870 85 28 nådiga
296 870 136 29 förordning
447 871 120 28 angående
577 871 139 29 försäljning
726 871 26 21 af
765 871 66 21 brän-

75 905 40 20 vin
130 912 29 13 m.
175 912 29 13 m.
219 905 116 28 betydligt
351 905 118 27 minskats,
489 905 130 29 säkerligen
635 905 59 21 skall
710 905 121 21 återverka

75 940 29 27 på
119 938 147 29 utgifvandet
281 939 26 21 af
319 939 118 29 bidragen,
454 940 47 21 står
517 940 39 21 det
570 942 65 19 utom
651 940 42 21 allt
703 939 83 22 tvifvel
797 941 35 19 att

75 973 174 29 ifrågavarande
264 974 271 29 undervisningsföretag
549 974 93 22 befinna
657 975 37 28 sig
709 974 9 22 i
733 976 34 20 ett
781 982 51 21 pre-

75 1008 51 21 kärt
141 1008 58 28 läge,
215 1008 93 28 sålänge
324 1008 28 22 de
367 1008 146 22 uteslutande
529 1009 54 21 bero
599 1009 26 21 af
637 1009 127 21 understöd
779 1009 52 21 från

76 1042 233 22 stadskommunerna.
331 1043 52 21 Den
393 1043 136 29 anslutning
545 1043 66 22 dessa
625 1044 207 21 elementarkurser

75 1079 53 19 rönt
151 1077 52 21 från
229 1076 281 30 arbetarebefolkningens
532 1078 55 28 sida,
611 1078 76 28 gifver
709 1078 60 22 dock
791 1078 40 21 vid

75 1111 91 23 handen
182 1114 33 19 att
230 1112 71 28 sagda
315 1112 169 28 undervisning
499 1112 55 29 fyllt
569 1114 34 20 ett
618 1113 102 29 verkligt
732 1112 76 22 behof.

144 1147 46 21 För
206 1148 33 20 att
254 1146 134 22 säkerställa
404 1147 28 21 de
443 1146 71 22 redan
529 1147 9 21 i
549 1148 63 28 gång
622 1148 100 21 varande
733 1147 99 22 elemen-

75 1182 146 21 tarkurserna
237 1181 42 21 och
295 1181 121 21 framkalla
430 1189 47 21 nya
492 1182 91 28 företag
598 1182 25 21 af
637 1182 63 21 detta
710 1182 56 28 slag,
777 1189 55 14 vore

76 1216 38 21 det
130 1216 76 21 därför
221 1216 104 28 önskligt
348 1218 34 19 att
397 1218 76 19 staten
490 1216 91 28 deltoge
596 1216 9 22 i
620 1216 212 29 upprätthållandet

76 1250 25 22 af
113 1250 176 29 ifrågavarande
311 1250 174 29 undervisning.
515 1251 70 21 Detta
608 1258 55 14 vore
681 1250 69 22 äfven
766 1250 8 22 i
788 1250 44 22 full

76 1285 237 22 öfverensstämmelse
323 1285 53 21 med
387 1285 45 21 den
442 1286 97 28 princip,
553 1293 48 14 som
612 1286 65 28 följts
688 1285 144 22 beträffande

75 1320 259 28 folkbildningsarbetet
350 1320 64 21 öfver
428 1319 97 23 hufvud.
556 1320 92 22 Samma
659 1320 55 28 skäl,
726 1327 49 14 som
786 1319 45 22 för-

75 1356 59 20 mått
148 1356 75 20 staten
239 1357 34 19 att
295 1354 90 22 biträda
400 1354 167 22 kommunerna
582 1355 39 21 vid
636 1354 196 30 tillgodoseendet

76 1390 25 21 af
122 1390 236 28 bildningsbehofvet,
381 1394 41 17 när
438 1390 38 21 det
491 1390 73 29 gäller
579 1390 57 21 barn
651 1390 55 21 eller
721 1390 109 27 ungdom,

75 1425 47 21 tala
143 1424 36 22 för
201 1427 34 18 att
257 1425 82 28 bidrag
361 1432 27 14 ur
403 1425 116 21 allmänna
534 1425 74 21 medel
621 1424 88 29 jämväl
724 1424 56 21 böra
794 1423 38 22 be-
