1003 1656
203 109 13 20 8
374 109 237 23 Petitionsbetänkande
629 110 36 22 N:o
682 110 37 22 52.

174 180 65 28 vigtig
261 182 53 26 post.
345 180 136 28 Exempelvis
502 180 35 22 må
558 181 85 21 anföras
667 182 30 20 att
718 180 7 21 i
746 187 26 15 en
788 180 61 22 skola
865 180 61 22 dessa

173 216 118 21 inkomster
312 216 71 28 uppgå
398 216 30 21 till
444 217 64 27 8,269
524 216 62 21 mark
601 217 28 21 30
647 217 71 27 penni,
734 216 77 22 medan
827 216 98 28 samtliga

174 252 87 27 utgifter
282 252 97 28 utgjorde
402 252 78 28 11,808
496 252 61 21 mark
574 253 26 20 55
617 252 75 28 penni;
710 252 6 21 i
732 258 28 15 en
776 258 71 15 annan
862 252 63 28 utgif-

174 290 66 24 terna,
261 287 140 22 inberäknadt
422 288 179 26 hyreskostnader
625 288 63 27 1,500
704 288 61 21 mark
782 288 40 21 och
838 290 30 19 ett
883 288 42 20 lika

173 324 96 27 rundligt
284 324 89 27 tilltaget
387 324 77 28 belopp
480 324 31 20 till
528 324 110 21 elevernas
654 324 118 27 underhåll,
789 324 63 27 5,500
863 324 60 20 mark

175 359 39 21 och
229 359 162 28 ifrågavarande
406 360 117 20 inkomster
540 360 62 27 1,815
619 360 68 21 mark.

247 394 95 22 Orsaken
364 395 31 21 till
417 395 25 21 de
465 395 56 21 olika
544 396 116 21 resultaten
682 396 37 20 vid
734 396 26 21 de
777 396 92 27 manliga
885 396 40 20 och

175 430 95 28 kvinliga
291 431 100 21 skolorna
412 433 86 26 antages
521 432 7 20 i
547 432 139 20 förenämnda
701 432 102 20 Finlands
819 431 106 21 allmänna

174 466 168 28 Slöjdförenings
357 467 94 21 ansökan
468 474 50 14 vara
534 467 48 28 den,
598 469 30 19 att
638 468 33 20 för
682 468 26 20 de
719 467 94 28 kvinliga
824 467 101 21 skolorna

174 502 83 21 kunnat
273 502 88 22 erhållas
377 503 87 28 dugliga
478 503 125 28 lärarinnor,
615 504 112 20 hvaremot
738 503 26 21 de
774 503 93 27 manliga
878 503 48 21 sko-

174 538 71 21 lornas
261 538 68 22 lärare
339 539 47 21 icke
397 540 54 20 varit
462 541 64 19 annat
536 541 28 19 än
577 539 103 28 skickliga
690 539 161 21 handtverkare.
876 538 50 22 Med

174 574 77 21 fästadt
267 574 98 22 afseende
381 574 51 22 härå
450 575 72 27 vidtog
540 575 126 28 föreningen
677 575 73 27 åtgärd
761 575 31 21 till
807 575 118 21 inrättande

174 610 21 20 af
221 616 27 15 en
274 610 60 21 skola
353 611 33 21 för
406 610 123 22 utbildande
550 611 20 20 af
588 611 128 27 slöjdlärare.
749 610 33 21 En
800 610 65 22 sådan
888 611 39 20 har

174 646 63 21 äfven
272 646 89 21 kommit
391 647 30 20 till
455 646 61 22 stånd
550 648 40 20 och
621 647 77 21 verkar
731 647 33 20 för
794 646 132 22 närvarande

174 682 32 20 för
235 682 94 21 nämnda
351 682 98 22 ändamål
478 684 54 20 samt
562 683 92 27 åtnjuter
683 682 21 21 af
738 682 126 21 statsverket
897 684 29 19 ett

174 718 117 22 understöd
324 718 21 21 af
377 719 63 27 3,000
472 719 61 20 mark
566 725 34 15 om
631 718 50 22 året.
718 718 77 21 Denna
825 718 101 27 Slöjdför-

175 753 104 28 eningens
301 754 73 28 åtgärd
397 754 60 22 torde
482 761 50 14 vara
556 754 68 28 egnad
645 756 29 19 att
698 754 88 28 bidraga
809 754 31 21 till
863 754 63 20 fram-

175 789 83 28 gången
286 790 21 20 af
332 790 136 27 föreningens
498 790 133 21 verksamhet
655 790 41 21 och
718 790 28 28 på
768 796 81 15 samma
870 790 55 27 gång

174 824 104 28 befrämja
299 826 199 28 slöjdkunnigheten
523 826 7 21 i
552 826 77 21 landet.
662 826 50 21 Men
736 832 35 14 om
794 825 64 21 också
881 826 45 20 dels

175 861 124 27 härigenom
321 862 44 20 dels
387 868 77 20 genom
484 863 30 20 att
534 863 68 20 staten
618 862 70 26 börjat
703 862 82 26 utgifva
801 862 126 26 resestipen-

175 896 46 22 dier
236 896 21 22 åt
273 897 127 28 slöjdlärare,
416 904 27 14 en
459 898 74 27 början
550 898 67 27 gjorts
632 898 32 20 till
680 898 92 27 höjande
783 898 20 20 af
814 897 42 21 den
867 904 59 14 man-

174 932 43 28 liga
239 933 139 27 handslöjden
400 934 41 20 och
463 940 35 14 om
520 934 64 21 också
606 934 36 21 det
658 933 20 21 åt
694 933 157 21 centralskolan
866 933 7 20 i
889 933 38 21 Ta-

175 968 101 22 vastehus
291 969 33 21 för
339 969 124 21 utbildande
479 970 21 20 af
514 970 121 20 lärarinnor
651 970 7 20 i
674 969 79 21 väfnad
769 969 105 27 beviljade
890 969 38 21 be-

175 1004 81 27 tydliga
265 1004 147 28 statsbidraget
419 1006 62 27 utgör
488 1012 26 14 en
522 1006 80 27 garanti
611 1006 38 26 för,
658 1006 30 20 att
697 1005 128 21 åtminstone
835 1004 92 21 nämnda

177 1039 78 28 vigtiga
271 1047 52 20 gren
339 1040 20 21 af
374 1041 140 27 handslöjden
530 1041 89 22 erhåller
635 1041 43 28 god
693 1040 95 27 ledning,
800 1040 61 21 torde
872 1040 55 21 dock

175 1077 58 19 ännu
254 1075 47 22 icke
320 1076 37 21 allt
375 1083 51 14 vara
441 1077 75 27 gjordt,
532 1083 46 14 som
594 1077 67 20 borde
678 1077 62 26 göras
756 1077 33 20 för
805 1077 30 20 att
850 1075 78 22 bereda

175 1111 236 28 slöjdundervisningen
428 1119 27 14 en
470 1113 62 20 säker
547 1113 113 27 grundval.

247 1146 53 21 Lika
323 1147 45 21 litet
391 1154 45 15 som
462 1149 34 20 det
518 1148 42 21 kan
582 1155 62 14 anses
661 1154 51 15 vara
735 1147 104 27 tillfyllest
854 1149 30 19 att
899 1148 30 20 ett

175 1182 52 21 visst
251 1183 56 20 antal
324 1183 72 21 skolor
410 1184 102 27 inrättats,
533 1184 43 20 lika
591 1184 45 21 litet
652 1186 24 19 är
692 1183 37 21 allt
744 1184 82 20 vunnet
842 1183 87 21 dermed

175 1219 29 20 att
223 1225 50 14 man
293 1219 50 20 ökat
362 1219 138 28 möjligheten
516 1221 30 19 att
562 1219 79 22 erhålla
657 1219 88 28 dugliga
760 1219 67 20 lärare
845 1219 32 20 för
893 1219 35 20 de-

175 1260 87 14 samma.
293 1254 41 21 Det
349 1254 39 21 bör
403 1255 64 21 äfven
482 1255 76 28 dragas
574 1255 82 28 försorg
672 1255 81 27 derom,
764 1256 30 19 att
809 1254 68 27 öfriga
892 1254 36 21 be-

175 1289 102 28 tingelser
292 1290 32 21 för
339 1290 86 22 skolans
441 1291 167 28 framgångsrika
624 1291 142 26 verksamhet,
781 1289 69 22 såsom
861 1290 67 21 erfor-

175 1325 68 28 derlig
259 1325 73 28 tillsyn
348 1327 40 20 och
404 1328 29 19 ett
444 1327 35 21 det
490 1327 94 27 verkliga
595 1327 101 21 behofvet
707 1325 149 22 motsvarande
867 1325 62 28 följd-

175 1360 73 29 riktigt
264 1361 40 21 och
320 1362 102 27 enhetligt
437 1369 98 21 program
552 1363 121 21 förefinnes.
705 1362 62 21 Inom
778 1361 103 22 utskottet
891 1361 38 20 har

247 1437 182 20 Ekonomiutskottets
442 1439 108 18 betänkande
563 1439 34 18 N:o
610 1441 30 16 22.
