989 1706
276 133 72 23 Nådiga
359 134 140 23 Propositionen
511 134 36 18 N:o
559 136 28 16 50.
758 135 42 21 1681

164 188 62 14 annan
243 189 66 19 genom
328 186 55 21 sten-,
403 185 68 19 metall-
490 184 43 20 eller
551 185 91 26 trä-tryck
657 184 142 27 mängfaldigad

164 206 144 35 bokstafsskrift.
476 212 2 6 |

197 239 36 19 2:0.
263 239 13 19 I
293 239 83 20 Finland
394 242 73 24 utgifna
484 241 72 23 kartor,
575 242 120 22 musiknoter,
707 242 92 24 plancher

162 266 33 18 och
214 267 130 26 afbildningar
363 268 23 26 af
403 269 37 18 alla
459 269 48 25 slag,
526 269 42 19 med
582 269 43 19 eller
639 271 46 17 utan
699 269 99 26 vidfogade

162 294 40 23 ord,
214 296 33 18 och
258 294 93 28 återgifna
360 302 66 18 genom
433 297 62 19 hvilka
505 297 84 19 tekniska
597 297 60 19 medel
666 297 30 19 det
705 304 47 12 vara
760 296 36 20 mä.

195 322 38 20 3:0.
257 318 6 36 —
272 324 110 25 Offentligen
403 324 93 26 uppförda
516 324 98 26 skådespel
632 324 28 26 pä
675 325 67 25 finska
764 326 34 18 och

147 354 3 2 *
160 351 79 19 svenska
254 352 85 24 språken.

194 379 36 19 4:0.
260 380 120 20 Läroböcker
402 382 6 18 i
424 381 120 25 fremmande
566 380 64 26 språk,
653 383 73 24 utgifna
748 382 49 18 inom

161 406 88 24 Finland,
265 410 49 17 samt
329 408 39 19 alla
382 409 60 19 under
456 409 86 20 inseende
557 409 42 19 eller
606 409 156 26 föranstaltande
775 410 24 25 af

160 435 126 20 Alexanders-
292 436 134 24 Universitetet,
442 437 72 20 Finska
532 437 210 25 Vetenskapssocieteten
752 438 44 19 eller

160 463 132 26 Domkapitlen
310 465 7 18 i
336 465 62 20 landet
416 465 128 20 utkommande
563 465 78 25 skrifter
655 464 12 20 &
676 466 120 25 fremmande

159 491 63 26 spräk.

193 521 38 20 5:0.
261 521 83 20 Kortare
362 522 70 25 utdrag
446 529 23 12 ur
483 522 78 26 skrifter
576 521 12 20 &
597 522 120 26 fremmande
732 522 64 25 språk,

159 549 63 20 hvilka
241 551 7 18 i
266 549 58 26 något
335 549 29 26 pä
373 551 66 25 finska
453 551 44 19 eller
512 551 79 20 svenska
605 549 76 27 språket
689 551 106 26 författadt

159 577 63 20 arbete
237 580 85 25 anföras.

193 606 102 25 Angående
317 606 61 20 andra
396 609 6 17 i
421 606 83 20 Finland
522 606 26 26 pä
561 607 120 26 fremmande
695 605 57 27 språk
768 609 26 17 ut-

159 635 109 19 kommande
283 635 83 25 skrifter,
382 637 49 18 samt.
445 635 95 20 utländskt
555 635 63 26 trycks
633 635 96 26 spridning
739 637 7 17 i
756 635 41 19 lan-

159 663 36 22 det,
212 664 94 24 äfvensom
321 663 104 26 skådespel,
440 664 62 19 hvilka
517 663 12 19 &
537 664 119 25 fremmande
666 662 58 26 språk
734 665 7 17 i
751 663 44 19 Fin-

160 691 44 19 land
218 691 108 26 offentligen
340 693 98 24 uppföras,
453 695 24 16 är
490 692 91 19 särskildt
595 691 95 26 stadgadt.

451 745 15 28 $
480 745 19 20 3.

197 785 33 25 (Af
252 789 75 16 samma
350 784 90 26 innehåll,
458 790 44 15 som
519 785 140 20 motsvarande
677 784 10 26 $
704 785 6 19 i
724 790 70 21 propo-

161 811 98 26 sitionen.)

452 837 15 29 $
481 838 18 19 4

192 871 124 35 Alexanders-
325 871 135 35 Universitetet
469 876 32 19 och
521 876 130 25 Domkapitlen
671 877 6 18 i
693 876 62 19 landet
770 875 24 18 bi-

159 904 82 20 behällas
262 905 30 19 vid
312 905 35 19 den
361 905 125 24 härförinnan
499 911 66 19 genom
580 904 95 20 särskilda
683 904 113 26 författnin-

156 939 38 18 gar
216 933 40 19 dem
278 933 76 25 tillagda
374 933 89 25 rättighet
483 935 27 17 att
527 932 46 23 låta,
584 933 45 24 före
645 932 127 26 tryckningen,
788 933 8 17 i

158 962 135 24 vetenskapligt
312 960 88 26 afseende
418 960 84 26 granska
521 960 82 24 skrifter,
623 966 39 13 som
673 960 28 24 pä
716 959 79 20 nämnde

157 989 139 25 myndigheters
305 988 154 27 föranstaltande
470 988 44 20 eller
525 988 58 19 under
597 988 54 19 deras
667 988 85 19 inseende
767 990 27 16 ut-

158 1017 84 24 komma;
262 1016 32 20 och
308 1023 46 13 vare
369 1016 73 20 sädana
457 1016 77 26 skrifter
549 1016 16 24 ej
580 1016 139 19 underkastade
735 1015 60 19 denna

152 1046 126 25 förordnings
293 1045 145 25 bestämningar,
453 1046 58 18 innan
526 1044 23 20 de
560 1044 36 25 för
609 1043 96 26 spridning
716 1044 27 18 till
753 1043 42 19 bok-

158 1074 68 19 hundel
244 1074 97 19 utlemnas.
372 1072 43 20 Men
434 1073 37 19 den
490 1074 23 25 af
525 1072 132 25 Domkapitlen
671 1072 123 25 härförinnan

157 1102 89 25 utöfvade
264 1102 94 24 rättighet,
378 1104 28 17 att
419 1102 45 25 före
487 1101 120 26 tryckningen
627 1100 85 26 granska
734 1099 60 19 andra

157 1130 77 26 skrifter
248 1131 24 25 af
282 1130 83 25 andeligt
379 1129 86 24 innehäll,
480 1129 57 20 varde
552 1128 92 26 upphäfd.

452 1183 12 27 $
482 1185 18 19 5.

198 1224 35 26 (Af
245 1224 100 20 enahanda
359 1224 77 26 lydelse
449 1224 47 20 med
511 1228 76 15 samma
588 1217 13 37 $
613 1222 9 25 i
631 1221 162 26 propositionen.)

436 1283 13 19 2
464 1283 53 25 Kap.

159 1321 31 17 Om
204 1318 89 20 skrifters
307 1318 96 23 utgifning
415 1317 33 19 och
459 1322 29 14 om
499 1316 74 20 dermed
583 1316 88 19 förenade
683 1315 111 25 rättigheter

390 1340 33 18 och
434 1340 134 22 skyldigheter.

422 1384 31 29 $$
468 1384 61 20 6—8.

200 1420 140 28 (Likalydande
353 1420 45 20 med
413 1425 74 15 samma
502 1418 21 26 $$
537 1414 5 24 i
558 1416 163 28 propositionen.)
