1000 1706
197 142 44 18 1356
411 140 72 23 Nådiga
495 142 139 22 Propositionen
649 140 35 18 N:o
697 140 27 18 40.

199 191 38 19 och
251 190 46 20 med
310 190 39 20 den
367 191 24 18 45
405 190 203 26 Augusti.
512 185 12 36 —
537 190 70 26 Elgens
623 190 118 26 sällsynthet
755 190 5 19 i
775 189 44 20 vårt
833 189 45 21 land
892 190 47 20 rätt-

199 216 84 26 färdigar
296 217 46 23 ock,
358 216 57 25 enligt
431 216 110 20 Utskottets
555 216 84 25 mening,
655 219 28 16 ett
697 216 111 25 ovilkorligt
821 216 70 20 förbud
900 216 40 20 tills

199 242 68 20 vidare
281 245 53 18 emot
347 242 53 20 detta
415 242 42 20 ädla
471 242 100 26 djurslags
583 241 83 27 jagande
680 242 49 20 eller
745 241 124 27 fångande.—
881 237 58 35 Fred-

199 269 140 26 lysningstiden
352 269 30 19 för
396 268 77 26 villgås
486 270 38 18 och
539 274 49 15 svan
606 269 65 25 torde,
689 274 33 14 om
739 269 111 20 Utskottets
868 274 5 14 i
889 268 51 20 utlå-

199 296 68 19 tandet
283 301 32 14 om
335 296 61 20 första
413 295 85 25 punkten
515 295 119 20 framställda
651 296 72 24 förslag
741 298 27 16 att
785 296 80 20 hänföra
883 296 57 19 äfven

200 322 58 20 dessa
280 322 101 26 fogelarter
400 322 26 20 till
447 322 72 26 nyttigt
537 322 96 20 villebråd
646 322 75 28 vinner
741 322 119 29 Ständernas
882 322 58 25 bifall,

200 348 109 26 lämpligast
323 349 63 19 kunna
401 349 134 20 sammanfalla
550 349 45 19 med
610 348 187 26 fredlysningstiden
811 349 30 19 för
849 348 91 29 gräsand,

200 374 62 20 sådan
277 375 37 19 den
328 376 22 20 är
364 375 4 19 i
383 375 128 20 förevarande
529 375 62 26 punkt
606 376 114 24 föreslagen.
737 386 25 3 —
776 376 69 28 Ehuru
862 376 22 18 all
903 376 38 24 sjö-

201 401 60 25 fogel,
279 401 46 20 med
342 401 98 25 undantag
456 402 21 19 af
491 402 93 25 gräsand,
601 401 75 26 vildgås
691 402 37 19 och
743 407 56 19 svan,
813 401 77 26 jemlikt
904 402 38 19 för-

201 430 30 17 sta
245 428 87 25 punkten
347 428 62 20 skulle
423 428 79 20 komma
516 431 28 17 att
558 428 71 20 räknas
643 428 27 20 till
685 428 98 26 oskadligt
796 427 104 26 villebråd,
915 428 26 20 till

201 454 60 19 hvars
269 454 94 20 fredande
369 454 62 20 under
441 455 199 25 fortplantningstiden
650 454 66 26 någon
726 454 83 20 särskild
820 454 68 27 åtgärd
898 454 44 20 icke

201 480 62 21 borde
276 481 21 19 af
309 481 119 25 lagstiftaren
443 481 95 26 vidtagas,
556 482 34 18 har
604 481 101 19 Utskottet
719 482 59 24 dock,
794 482 5 18 i
813 481 129 21 betraktande

201 507 21 19 af
236 507 38 19 den
291 507 111 26 synnerliga
419 510 65 23 nytta,
503 514 43 14 som
563 507 117 19 invånarene
697 508 5 18 i
723 508 76 20 landets
821 508 121 19 vidsträckta

201 532 118 26 skärgårdar
333 534 57 20 hafva
405 534 20 19 af
437 534 36 19 alla
487 534 52 25 slags
554 533 79 27 sjöfogel
648 534 43 19 dels
705 534 68 20 såsom
784 534 106 20 födoämne
899 534 43 20 dels

201 565 70 20 genom
286 559 135 46 försäljningen
435 560 20 19 af
467 560 47 20 dess
528 560 40 20 dun
583 561 38 19 och
635 560 69 25 fjeder,
715 564 66 16 ansett
790 561 29 25 sig
829 561 47 19 böra
887 561 55 19 hem-

202 586 62 24 ställa,
280 592 33 13 om
327 586 43 20 icke
393 586 136 26 fredlysningen
543 587 61 20 borde
618 587 5 19 i
638 586 21 20 så
675 586 62 20 måtto
754 588 112 19 utsträckas
883 587 59 25 äfven

202 612 27 20 till
244 613 36 19 alla
294 612 60 21 dessa
371 613 112 25 fogelarter,
499 616 28 17 att
541 614 33 20 det
590 614 60 19 redan
668 613 97 26 befintliga
783 614 90 20 förbudet
890 616 54 17 emot

202 639 137 24 borttagandet
355 640 20 18 af
389 640 60 18 deras
466 641 36 24 ägg
519 642 84 24 upptogs
620 640 5 19 i
643 640 37 19 den
697 640 98 20 blifvande
810 639 131 27 jagtstadgan;

203 665 38 19 och
255 664 83 20 föreslår
351 666 100 19 Utskottet
465 666 77 20 derföre
555 669 28 17 att
593 672 23 14 en
625 666 90 20 anhållan
725 667 5 18 i
740 666 69 21 sådant
819 667 52 25 syfte
880 666 61 20 måtte

203 690 18 20 få
236 691 65 26 inflyta
315 692 5 18 i
335 692 118 20 Ständernas
466 692 132 26 underdåniga
612 692 100 20 utlåtande
726 693 5 19 i
746 693 53 20 detta
813 693 80 20 ärende.

256 718 29 19 De
301 718 5 18 i
321 718 71 20 femte
408 718 87 25 punkten
512 720 107 24 föreslagna
636 720 181 25 ansvarsbeloppen
838 725 60 14 anser
911 720 34 19 Ut-

203 744 74 19 skottet
290 744 85 26 uppfylla
390 745 84 19 vilkoret
488 746 29 19 för
531 751 23 14 en
569 745 96 26 strafflags
679 745 72 26 godhet
766 746 6 19 i
785 746 64 19 denna
863 746 30 20 del
904 747 39 19 och

203 769 62 21 finner
279 770 28 25 sig
321 770 78 21 derföre
412 772 120 24 uppmanadt
549 775 28 17 att
593 772 97 26 tillstyrka
707 772 54 20 dem.
776 783 25 3 —
816 772 126 26 Stadgandet,

203 799 28 17 att
245 797 119 25 öfvermage,
381 803 42 14 som
438 798 93 20 beträdes
545 798 45 20 med
604 798 57 26 något
675 799 20 19 af
708 799 25 19 de
746 799 5 19 i
766 798 59 20 första
835 802 108 17 momentet

203 823 21 19 af
235 824 63 19 denna
315 824 61 24 punkt
393 824 116 20 omnämnda
527 825 176 19 öfverträdelserna
721 826 48 19 skall
788 831 46 20 agas
851 826 20 19 af
887 826 57 20 föräl-

203 849 52 24 drar,
271 850 104 20 husbonde
389 850 48 20 eller
453 850 106 27 målsman,
577 852 81 19 innebär
675 852 116 26 visserligen
808 854 28 18 för
853 852 46 20 dem
916 858 26 14 en

203 876 118 20 förbindelse
336 879 33 21 att,
385 877 58 25 enligt
457 877 96 21 domstols
567 878 70 26 utslag,
654 878 103 20 verkställa
773 878 58 20 sådan
844 884 42 20 aga,
898 885 45 14 men

202 902 63 21 denna
282 902 118 21 förbindelse
417 904 36 19 bör
469 904 37 20 ock
523 905 29 19 för
568 904 46 20 dem
627 905 60 19 blifva
704 905 37 20 den
756 905 113 26 kraftigaste
883 906 61 20 beve-

202 928 145 26 kelsegrunden
361 932 33 20 att,
414 930 2 19 i
431 930 50 20 hvad
500 930 23 26 på
541 931 46 20 dem
603 932 122 24 ankommer,
745 932 75 26 afstyra
838 933 38 19 och
894 933 50 19 före-

203 955 79 20 komma
300 955 147 25 ifrågavarande
464 957 114 24 förseelser;
594 959 38 18 och
644 958 42 24 just
701 959 4 17 i
723 958 62 20 denna
800 959 144 26 omständighet

203 980 64 20 finner
283 982 100 19 Utskottet
397 982 33 20 det
446 983 96 26 giltigaste
559 984 64 20 skälet
639 987 27 17 att
684 984 77 20 förorda
778 985 102 25 förslagets
897 987 47 25 gou-

204 1007 102 20 kännande
320 1009 58 19 äfven
393 1009 4 19 i
412 1009 62 20 denna
489 1010 36 20 del.
541 1022 26 2 —
581 1010 90 20 Orsaken
687 1011 69 23 dertill,
772 1014 28 17 att
813 1012 34 19 det
856 1012 88 24 gällande

203 1034 90 20 förbudet
308 1036 54 18 emot
375 1036 70 25 nyttigt
459 1036 106 20 villebråds
578 1036 81 26 jagande
669 1038 46 18 eller
726 1036 93 27 fångande
829 1039 62 19 under
900 1039 44 19 icke

203 1060 73 20 tillåten
291 1061 26 19 tid
334 1061 49 20 visat
397 1063 29 23 sig
441 1061 20 20 så
477 1063 41 19 föga
534 1063 107 25 verksamt,
657 1063 38 20 kan
710 1064 31 19 väl
756 1065 25 19 till
796 1064 62 26 någon
873 1065 30 20 del
913 1066 31 19 sö-

203 1086 36 20 kas
260 1087 5 19 i
287 1089 27 16 ett
335 1088 63 25 slappt
418 1077 149 32 handhafvande
587 1090 20 19 af
622 1090 117 19 detsamma.
767 1091 177 26 Hufvudsakligast

203 1112 35 19 har
254 1113 52 19 dock
323 1113 61 20 denna
401 1114 47 20 dess
465 1115 52 26 ringa
532 1116 134 24 verksamhet,
683 1117 59 25 enligt
756 1117 109 20 Utskottets
878 1119 66 18 öfver-

203 1139 86 26 tygelse,
305 1140 29 19 sin
349 1141 62 24 grund
425 1141 48 25 deri,
490 1145 27 16 att
532 1142 89 20 förbudet
635 1143 60 24 afser,
712 1146 54 17 utom
781 1143 70 26 sjelfva
865 1143 78 27 fångan-

203 1165 32 19 det
253 1166 46 19 eller.
316 1166 107 25 dödandet,
442 1168 69 19 endast
529 1168 103 25 forslinsen
649 1170 39 18 och
702 1169 129 25 utbjudandet
847 1171 20 19 af
881 1171 63 20 under

202 1191 103 25 förbjuden
319 1193 27 19 tid
360 1193 71 20 dödadt
445 1195 48 19 eller
507 1194 76 27 fångadt
598 1195 100 20 villebråd.
728 1197 37 19 Det
779 1198 22 18 är
814 1197 78 22 derföre
905 1199 38 19 och

202 1217 24 26 på
247 1218 34 19 det
301 1221 28 17 att
349 1219 33 20 det
401 1219 91 26 åsyftade
512 1221 110 20 ändamålet
642 1222 61 19 måtte
718 1223 64 20 kunna
797 1224 146 26 fullständigare

202 1245 83 24 uppnås,
302 1246 99 19 Utskottet
415 1252 58 14 anser
487 1248 28 24 sig
529 1248 46 19 böra
590 1249 77 22 föreslå,
684 1252 28 15 att
725 1249 134 25 ifrågakomna
873 1251 69 19 förbud

202 1270 45 19 med
261 1271 62 19 dertill
339 1271 84 20 hörande
433 1274 209 25 ansvarsbestämning
652 1274 62 19 måtte
724 1276 4 17 i
739 1275 38 19 den
788 1276 95 20 blifvande
894 1276 49 27 jagt-

202 1296 80 25 stadgan
296 1298 111 19 utsträckas
421 1298 44 19 icke
481 1299 56 26 blott,
553 1299 24 26 på
597 1302 37 17 sätt
649 1301 3 18 i
671 1301 64 19 denna
749 1302 62 25 punkt
825 1303 115 26 föreslagits,

201 1322 26 19 till
245 1323 55 28 dem,
320 1323 42 20 son
381 1324 61 20 under
459 1325 183 27 fredlysningstiden
657 1326 88 26 utbjuda,
761 1327 47 26 sälja
823 1329 47 20 eller
891 1330 49 25 köpa

201 1352 70 26 nyttigt
284 1350 101 26 villebråd,
401 1354 46 17 utan
461 1352 57 19 äfven
534 1353 26 19 till
575 1353 55 26 dem,
647 1360 43 13 som
706 1355 61 20 under
782 1358 75 17 samma
874 1357 26 19 tid
915 1357 24 25 på

201 1375 74 20 hvilket
289 1379 57 16 annat
360 1379 37 18 sätt
412 1383 43 14 som
470 1379 51 20 helst
531 1379 56 20 aflåta
598 1381 46 19 eller
654 1381 101 20 åtkomma
765 1382 62 26 dylikt
837 1383 101 27 villebråd,

200 1401 51 21 dock
264 1403 45 28 med
325 1404 91 25 rättighet
430 1405 29 20 för
473 1405 36 20 den
524 1406 91 25 tilltalade
629 1411 34 21 att,
680 1414 32 14 om
727 1409 37 20 han
779 1409 32 20 det
821 1410 63 26 gitter,
897 1411 42 20 visa

199 1431 28 17 att
240 1429 65 25 djuret
319 1430 63 21 blifvit
395 1431 79 26 fångadt
488 1433 47 20 eller
549 1433 72 21 dödadt
634 1435 61 20 under
710 1435 73 21 tillåten
798 1436 26 21 tid
839 1438 37 19 och
888 1437 41 20 deri
