981 1703
180 145 2 3 *
196 145 46 20 1558
414 145 71 22 Nädiga
497 145 140 24 Propositionen
650 145 37 17 N:o
699 145 28 16 47.

252 194 58 20 Dock
327 193 32 20 mä
377 193 61 20 sädan
452 200 80 19 person,
548 194 5 19 i
567 194 94 19 händelse
675 195 37 18 han
727 195 21 18 är
762 194 29 18 för
805 193 95 20 allmänna
914 194 32 19 sä-

199 220 98 20 kerheten
312 220 74 25 vädlig,
405 221 90 19 dömmas
509 224 28 16 att
552 221 89 18 förvaras
655 221 5 18 i
675 219 177 25 arbetsinrättning
862 219 22 19 sä
898 218 46 25 lång

199 246 28 19 tid
245 253 50 17 som,
315 246 77 26 jemlikt
409 247 24 19 de
451 247 4 19 i
473 247 10 25 $
501 245 24 22 25
545 247 95 24 stadgade
656 247 93 24 grunder,
766 245 44 20 med
825 246 95 19 afseende
934 245 11 20 ä

200 273 50 19 hans
264 272 51 27 frejd
329 274 39 19 och
382 273 128 26 uppförando,
527 274 29 19 för
570 274 73 19 honom
657 273 38 19 kan
709 273 130 20 bestämmas.

544 327 56 25 SM.

252 358 34 20 Till
301 358 80 20 allmänt
395 358 68 20 arbete
477 358 59 20 dömd
551 358 118 20 försvarslös
683 363 136 20 mansperson,
836 363 43 14 som
889 356 58 26 eljest

200 385 22 18 är
236 384 116 26 välfrejlad,
368 385 39 24 mä,
424 390 31 14 om
472 386 37 18 han
523 385 34 20 det
571 384 100 24 ästundar,
687 384 68 26 utbyta
770 384 33 20 det
813 384 72 20 honom
895 382 52 27 älag-

200 410 25 20 da
245 410 129 26 arbetstväng
395 414 53 17 emot
465 412 121 25 krigstjenst,
603 410 81 20 såframt
705 412 37 18 han
764 410 90 20 befinnes
868 411 26 19 till
909 411 38 19 slik

201 436 62 26 tjenst
278 438 65 26 duglig
357 439 38 18 och
409 438 148 20 vederbörande
570 438 51 20 befäl
636 438 31 19 vill
683 438 72 19 honom
769 438 62 19 dertill
842 440 76 23 antaga.

544 491 10 26 $
567 492 34 18 42.

254 524 36 19 För
311 523 153 21 försvarslöshet
484 523 59 21 dömd
560 529 81 20 person,
658 523 5 19 i
678 524 61 19 hvars
753 523 62 20 vilkor
829 522 63 21 sädan
908 524 38 19 för-

200 550 82 25 ändring
303 550 87 20 inträffar
411 553 28 17 att
460 552 37 18 han
518 550 44 19 icke
582 550 67 20 vidare
670 551 22 18 är
712 552 28 17 att
759 549 68 21 såsom
847 550 100 19 försvars-

200 576 30 20 lös
250 582 66 20 anses,
338 577 36 19 bör
393 577 98 25 frigifvas;
513 576 86 20 anhäller
620 577 38 19 han
679 579 28 17 att
726 577 61 19 varda
807 576 91 26 frigifven
913 582 33 14 en-

200 603 45 20 dast
265 603 25 26 pä
311 603 64 26 grund
396 604 20 19 af
435 604 66 19 anbud
521 609 32 14 om
573 602 66 27 tjenst,
661 602 32 21 mä
715 603 69 20 sädant
804 603 44 20 icke
871 603 75 20 bifallas

200 629 47 20 med
266 630 78 19 mindre
364 633 24 16 än
409 633 28 17 att
453 631 135 23 Guvernören,
605 631 50 18 efter
669 630 167 26 tillsyningsmans
849 630 95 24 hörande,

200 656 114 25 godkänner
328 657 93 19 anbudet.

543 710 10 24 $
567 710 32 19 43.

253 740 29 20 Dä
298 741 109 25 Guvernör,
423 742 46 19 med
484 742 44 19 stöd
543 742 20 19 af
575 742 116 25 stadgandet
705 742 5 19 i
725 742 6 25 $
745 742 31 25 16,
788 742 25 20 till
825 742 80 20 allmänt
916 748 30 13 ar-

201 767 47 20 bete
268 767 91 20 dömmer
379 773 72 19 person
468 768 41 20 frän
527 771 58 17 annat
599 769 38 21 län,
653 768 35 20 bör
702 769 5 19 i
721 769 85 25 utslaget
819 770 85 18 utsättas
919 768 26 20 till

201 793 79 20 hvilkeh
295 797 31 16 ort
340 800 104 19 personen,
461 795 49 19 efter
524 794 131 20 arbetstidens
666 795 45 24 slut,
723 795 48 19 skall
782 795 112 24 försändas
891 789 9 34 ;
908 795 38 20 och

201 820 114 20 underrätte
329 820 129 20 Guvernören
469 821 73 19 derhos
557 826 32 14 om
604 820 59 20 mälet
678 821 37 20 och
729 821 48 20 dess
787 821 71 27 utgäng
868 822 78 20 Guver-

200 847 61 19 nören
275 846 5 20 i
294 846 34 20 det
342 848 37 23 län,
396 848 78 19 hvartill
488 848 37 19 den
540 848 71 19 dömde
625 848 66 19 hörer.

543 900 10 25 S
567 902 32 18 44.

253 932 41 19 Den
310 937 43 14 som
367 932 123 26 uppsätligen
505 933 36 19 och
557 932 28 20 för
600 935 28 17 att
642 934 73 18 honom
729 932 58 26 dölja,
803 933 62 26 hyser
880 936 66 17 veter--

200 956 50 26 ligen
265 957 118 21 försvarslös
397 964 73 19 person
486 958 41 20 frän
542 964 63 14 annan
620 959 102 23 kommun,
741 960 46 19 böte
801 958 56 27 tjugu
877 960 64 24 mark,

199 983 27 20 till
239 982 54 26 jemn
308 984 77 26 delning
399 985 83 19 emellan
497 986 113 24 angifvaren
625 986 38 19 och
677 986 24 19 de
715 986 73 25 fattige.

256 1010 81 19 Förmär
351 1011 37 18 den
403 1011 94 20 sakfällde
511 1012 45 19 icke
571 1011 72 20 sådana
658 1012 56 19 böter
728 1012 62 25 gälda,
807 1012 54 19 skola
873 1012 26 19 de
908 1012 38 19 för-

200 1035 81 20 vandlas
301 1036 26 20 till
349 1037 93 25 fängelse,
465 1037 24 26 pä
507 1039 39 18 sätt
560 1043 44 14 som
618 1039 4 18 i
638 1039 25 18 10
677 1038 49 25 Kap.
743 1038 202 25 Utsöknings-balken

199 1062 39 19 och
248 1063 11 18 8
269 1063 85 24 punkten
365 1063 5 19 i
381 1064 67 25 Kongl.
460 1064 130 26 förklaringen
603 1065 21 18 af
634 1064 37 20 den
684 1065 24 19 23
719 1065 52 20 Mars
782 1065 50 20 1807
843 1064 102 26 angäende

199 1088 111 20 vitesböter
325 1089 86 25 stadgas.

542 1135 9 24 $
565 1135 33 18 45.

251 1164 38 19 För
303 1164 24 19 de
342 1170 102 19 personer,
460 1165 73 26 hvilka,
550 1167 59 24 enligt
622 1167 53 18 äldre
689 1167 140 25 författningar,
841 1167 64 20 blifvit
915 1168 29 19 för

199 1190 154 19 försvarslöshet
366 1191 71 20 dömda
452 1193 26 18 till
493 1193 79 19 allmänt
586 1193 67 19 arbete
668 1192 25 26 på
708 1194 103 19 obestämd
825 1194 28 19 tid
863 1193 45 26 och,
919 1193 25 20 då

198 1215 64 20 denna
275 1216 111 26 förordning
400 1218 67 19 träder
480 1219 6 18 i
500 1219 135 24 verksamhet,
652 1221 50 17 ännu
716 1220 44 19 icke
773 1219 34 20 fått
818 1220 41 19 viss
869 1220 77 19 arbets-

198 1242 27 19 tid
245 1243 31 18 för
296 1243 30 24 sig
343 1244 98 23 bestämd,
457 1245 49 18 skall
521 1245 63 19 denna
599 1245 34 24 tid,
649 1245 130 20 inberäknadt
792 1246 39 19 den
845 1247 26 18 de
885 1246 60 19 redan

198 1267 64 20 hållits
276 1267 12 20 å
303 1269 205 26 arbetsinrättningen,
528 1271 20 19 af
561 1277 75 13 samma
653 1271 115 26 inrättnings
782 1273 86 25 styrelse
882 1273 63 18 utsät-

198 1295 38 23 tas,
249 1294 62 29 enligt
325 1295 25 19 de
365 1295 5 18 i
384 1295 11 25 $
410 1296 25 19 25
449 1297 109 19 fastställda
573 1297 96 24 grunder;
685 1297 52 20 dock
751 1298 84 26 iakttage
845 1299 99 26 styrelsen

197 1320 70 20 dervid
287 1321 58 27 nödig
365 1322 125 26 försigtighet
507 1323 21 20 så
547 1327 28 16 att
590 1324 43 19 icke
648 1324 63 20 alltför
724 1324 70 28 många
807 1325 26 27 på
847 1331 26 14 en
887 1325 56 27 gång,

197 1350 47 17 utan
258 1348 78 20 mindre
350 1350 50 19 antal
416 1350 51 19 efter
481 1350 91 27 lämpliga
586 1352 121 19 mellantider
723 1352 95 25 frigifvas.

541 1405 56 25 $-46.

251 1434 119 26 Ordningen,
385 1435 6 20 i
406 1437 79 20 hvilken
499 1437 24 20 de
538 1443 44 15 som
595 1438 59 26 enligt
668 1439 10 25 $
692 1439 26 20 45
730 1439 71 26 uttjent
810 1440 38 20 den
857 1440 87 21 bestäm-
