986 1709
196 142 44 32 1426
409 146 71 21 Nådiga
492 146 140 22 Propositionen
644 146 36 17 N:o
692 145 29 18 43.

196 195 230 20 manufaktur-industrin
443 196 15 18 sig
488 194 121 22 utbredande
626 194 132 27 arbotsöfning
772 195 38 19 och
824 195 111 20 erfarenhet

195 225 55 17 utom
264 221 79 26 skräen,
357 221 61 25 jemte
432 227 59 15 andra
505 222 39 20 den
557 226 72 14 senare
638 221 64 20 tidens
711 226 38 20 nya
759 220 139 25 förhållanden,
908 232 25 4 —

196 248 64 20 mäste
273 247 85 26 fräntaga
373 247 175 27 skräinrättningen
561 248 38 19 och
613 247 181 26 skräprivilegierna
809 247 57 20 deras
884 248 52 20 förra

197 275 103 26 betydelse
314 275 38 19 och
367 274 130 26 tidsenlighet.

249 310 137 26 Lärotvänget,
409 311 58 25 enligt
486 311 76 19 hvilket
581 309 48 20 flere
643 310 33 19 års
690 309 186 26 verkstädsarbete,
891 312 46 25 utan

197 337 93 20 afseende
305 336 12 20 å
333 337 100 26 lärlingars
447 337 50 20 olika
511 337 63 25 anlag,
590 337 144 24 förkunskaper
748 337 38 18 och
800 335 136 26 läroförmäga,

197 364 77 20 fordras
288 363 30 20 för
331 363 125 20 inhemtande
470 364 21 19 af
503 364 57 19 äfven
575 363 33 20 det
616 363 66 20 lättast
691 363 53 19 lärda
754 362 118 26 handtverk,
884 363 56 19 med-

196 391 30 19 för
240 390 70 25 många
325 390 131 25 olägenheter,
476 389 115 21 hvaribland
607 392 29 17 att
650 390 57 19 söner
721 389 21 20 af
753 389 116 20 bemedlade
883 389 56 20 föräl-

198 417 44 19 drar
257 415 81 21 afhällas
352 416 43 20 från
410 419 27 17 att
451 417 5 19 i
472 416 123 27 slöjäeyrken
610 416 84 25 inträda,
710 415 24 20 dä
750 421 22 14 en
787 415 25 26 pä
826 419 61 16 annan
902 417 37 24 väg

199 449 79 14 vunnen
292 442 156 27 yrkesfärdighet
462 443 38 20 och.
512 442 72 26 jemväl
595 443 61 24 högre
664 441 78 21 teknisk
752 443 60 25 insigt
822 441 69 21 endast
900 442 40 20 del-

199 469 30 20 vis
242 469 74 23 frikaila
330 468 42 21 från
386 470 60 30 sagde
460 469 66 26 tvång,
543 468 73 21 hvilket
630 468 60 20 också
706 468 80 20 hindrar
800 468 102 27 ynglingen
912 471 28 17 att

198 495 102 27 samtidigt
310 495 59 20 inlära
383 499 34 16 två
431 496 48 19 eller
492 495 49 20 flere
554 495 148 25 närbeslägtade
716 495 38 19 och
766 495 111 20 hvarandra
887 495 53 20 stöd-

195 521 61 26 jande
270 521 107 21 handtverk
392 525 52 17 samt
458 523 97 19 utesluter
567 521 125 26 möjligheten
706 524 35 23 att,
757 521 49 20 efter
820 520 120 26 konjunktu-

197 554 69 14 rernas
280 549 50 24 kraf,
346 548 80 27 öfvergå
440 547 44 21 från
497 551 29 17 ett
540 548 113 26 slöjdeyrke
666 548 26 20 till
708 550 27 18 ett
749 551 64 16 annat.
837 547 27 20 På
879 547 61 21 andra

198 575 56 20 sidan
274 581 61 20 synes
355 575 122 25 lärotvänget
493 575 44 19 icke
555 577 62 17 kunna
635 575 87 20 medföra
739 573 61 27 några
818 574 122 25 väsenutliga

198 601 91 25 fördelar,
311 607 44 14 som
376 601 62 20 skulle
458 603 91 24 uppväga
565 601 48 20 dess
630 601 114 25 uppenbara
760 601 130 26 olägenheter,
907 600 31 25 då,

197 627 69 20 såsom
279 628 59 19 andra
353 633 43 14 mer
413 628 113 19 industriela
543 628 78 20 länders
635 628 112 19 erfarenhet
761 627 60 24 visar,
837 632 48 20 egen
900 632 41 14 om-

198 654 58 20 tanke
270 655 29 19 för
313 654 90 20 framtida
418 654 104 20 fortkomst
536 655 37 19 och
588 653 89 20 välstånd
691 654 5 19 i
711 657 28 17 ett
754 654 52 19 valdt
814 653 126 26 lefnadsyrke

198 682 57 25 utgör
269 681 38 20 den
321 681 91 20 säkraste
426 681 90 20 drifkraft
530 681 25 20 till
571 681 86 20 sökande
670 681 21 19 af
703 680 63 21 sådan
777 680 64 26 insigt,
853 680 88 20 hvarför-

198 711 46 16 utan
258 707 59 20 dessa
332 707 84 20 fördelar
430 707 44 20 icke
488 707 64 20 kunna
566 707 66 20 ernås.

251 743 33 20 Att
305 743 141 26 mästareprofs
463 743 111 26 afläggande
588 743 44 20 icke
646 742 100 21 försäkrar
760 743 131 20 allmänheten
907 748 33 14 om

198 769 278 26 handtverkstillverkningars
497 770 106 25 duglighet,
623 769 21 20 så
661 769 43 20 vidt
720 769 24 20 de
758 769 21 20 af
791 769 148 20 skrämästaren

200 796 45 26 sjelf
264 796 122 26 förfärdigas,
409 797 46 19 eller
475 802 31 14 om
525 797 50 19 hans
589 795 86 27 förmåga
690 797 37 19 och
742 796 132 25 sorgfällighet
888 799 28 17 att
930 795 10 21 å

199 822 119 20 verkstaden
332 823 105 25 behörigen
451 823 43 20 leda
509 823 38 19 och
561 823 107 20 öfvervaka
683 823 95 24 gesällers
794 823 37 18 och
840 823 102 26 lärlingars

200 849 74 24 arbete,
296 849 35 20 har
351 849 138 20 erfarenheten
506 849 108 26 ådagalagt.
642 849 27 21 På
684 849 59 20 andra
758 849 55 20 sidan
827 849 36 20 har
877 849 33 21 det
924 848 18 27 ej

199 877 75 19 kunnat
288 876 110 20 förmärkas
412 879 28 16 att
453 876 68 20 idkare
535 876 22 19 af
569 877 96 20 särskilda
678 876 64 20 under
755 875 47 21 skrå
816 876 45 20 icke
874 876 68 26 lydan-

199 903 25 19 de
238 902 154 27 industriyrken,
409 903 46 19 eller
470 902 152 26 slöjdeutöfvare
636 904 6 18 i
651 903 25 20 de
686 902 110 20 industrielt
805 903 63 24 längst
878 903 63 20 hunna

198 929 75 24 länder,
289 929 82 20 hvarest
385 929 132 26 mästareprof
529 928 44 20 icke
587 929 84 25 fordras,
688 929 5 19 i
706 929 114 20 förberörde
828 929 114 20 hänseende

199 955 48 20 stått
261 955 50 20 efter
326 955 165 20 skrämästarene.
514 955 102 20 Likaledes
630 957 35 18 har
679 961 45 14 man
738 955 46 20 icke
797 956 73 19 kunnat
884 955 58 26 påstå

200 982 34 19 det
255 981 129 21 allmänheten
399 982 123 27 tillskyndats
537 982 102 25 olägenhet
652 982 64 24 deraf,
732 984 28 17 att
774 983 97 19 mästares
885 982 55 26 enka,

198 1009 30 19 för
238 1008 79 21 hvilken
328 1009 174 26 skicklighetsprof
511 1007 17 26 ej
539 1009 22 20 är
570 1009 134 24 föreskrifvet,
714 1009 121 26 författnings
845 1009 59 25 enligt
914 1008 30 21 får

198 1035 90 20 fortsätta
301 1035 29 19 sin
345 1035 71 20 aflidne
427 1041 55 14 mans
492 1035 141 26 industriyrke.
663 1036 41 19 Den
717 1035 34 20 fria
765 1035 67 20 täflans
849 1035 53 20 makt
916 1038 28 17 att

199 1061 110 26 framdraga
330 1061 39 20 den
391 1062 101 25 skicklige,
507 1062 82 20 redbare
604 1063 37 18 och
655 1062 77 25 driftige
746 1065 52 16 samt
811 1062 131 20 tillbakasätta

200 1088 39 19 den
253 1087 103 26 okunnige,
372 1087 24 26 pä
410 1088 102 20 underslef
524 1088 76 25 begifne
614 1089 39 19 och
662 1088 110 25 värdslöse,
784 1088 5 19 i
799 1088 86 25 förening
895 1089 46 20 med

200 1114 155 20 konsumentens
369 1121 49 19 egen
433 1114 90 21 omtanke
537 1114 33 20 vid
585 1115 52 19 valet
651 1116 21 19 af
685 1113 138 27 slöjdeidkare,
834 1114 65 21 måste
909 1115 34 20 all-

200 1141 28 19 tid
242 1141 64 20 bättre
320 1142 22 18 än
358 1140 69 26 hvarje
441 1141 163 26 förmynderskap
618 1141 20 20 af
651 1144 73 22 staten,
743 1141 29 19 till
789 1142 60 19 hvars
866 1142 78 25 uppgift

200 1167 70 20 sådant
284 1167 106 26 egentligen
404 1168 44 19 icke
466 1168 65 25 hörer,
549 1170 69 24 trygga
636 1169 129 18 allmänheten
782 1168 30 19 för
828 1167 62 26 dåliga
906 1168 37 20 till-

201 1193 123 27 verkningar.
356 1194 141 26 Skyldigheten
511 1196 30 17 att
562 1194 5 19 i
588 1194 38 19 den
647 1195 89 24 ordning,
759 1194 183 25 skräförfattningen

200 1219 81 26 äsyltar,
297 1219 75 27 aflägga
386 1220 132 26 mästareprof
530 1226 61 21 synes
605 1220 77 21 således
697 1226 48 15 vara
759 1220 130 21 ändamälslös
904 1222 38 19 och

200 1247 82 24 onyttig,
298 1252 45 13 men
357 1248 21 17 är
392 1247 103 18 dessutom
511 1248 5 17 i
529 1247 48 18 flere
593 1247 30 18 fall
639 1247 73 24 skadlig
726 1247 38 18 och
774 1247 75 18 medför
859 1247 83 25 mången

201 1271 109 26 olägenhet,
327 1270 67 21 såsom
408 1278 24 13 en
446 1272 39 19 ofta
499 1272 85 25 betydlig
599 1272 82 20 kostnad
698 1273 30 18 för
744 1273 89 18 material
851 1273 38 19 och
907 1273 35 19 till-

201 1297 62 20 behör
277 1298 26 20 till
317 1298 130 25 profstycket,
464 1298 68 19 förlust
545 1298 21 19 af
578 1298 28 19 tid
620 1299 37 18 och
670 1299 74 24 arbete,
756 1299 59 18 oftast
824 1301 47 17 utan
880 1299 62 24 utsigt

200 1323 25 20 till
241 1325 107 24 ersättning
362 1330 70 20 genom
447 1324 90 27 styckets
550 1323 121 28 försäljning,
686 1323 62 27 jemte
765 1325 125 26 anledningar
904 1326 37 19 och

200 1351 84 20 tillfällen
299 1352 29 19 för
342 1351 144 24 afundsamme,
501 1351 21 20 af
534 1352 64 25 privat
611 1351 85 20 intresse
710 1351 57 21 ledde
784 1351 53 20 äldre
855 1354 87 18 mästare

200 1378 5 19 i
220 1377 73 25 skräet,
311 1381 27 16 att
351 1383 72 20 genom
437 1378 70 20 ränker
521 1379 37 19 och
573 1379 55 18 sökta
643 1378 92 26 svepskäl
750 1379 54 25 lägga
821 1379 68 20 hinder
903 1379 38 20 och

202 1403 124 28 svärigheter
340 1405 4 19 i
359 1406 62 24 vägen
435 1405 29 19 för
478 1404 39 21 Jen
532 1404 92 21 sökande.

256 1440 72 26 Sjelfva
339 1440 139 26 -privilegierna
490 1441 45 19 eller
545 1440 25 20 de
579 1441 123 20 uteslutande
712 1443 228 25 näringsrättigheterna,
