1006 1706
284 136 72 24 Nådiga
367 138 141 22 Propositionen
521 137 36 18 N:o
568 138 29 18 39.
759 136 45 20 1337

67 186 5 20 i
87 187 65 21 stället
165 186 30 21 för
209 186 62 20 «ifrån
286 188 38 19 och
338 187 45 20 med
397 186 55 27 tjugu
465 187 26 20 till
506 188 38 19 och
558 187 46 20 med
621 186 104 21 etthundra
740 186 67 20 mark»

66 214 65 20 kunde
146 215 84 18 utsättas
243 213 62 20 «ifrån
320 214 26 19 20
360 214 26 20 till
401 215 25 18 40
441 214 77 20 mark.»

119 240 10 24 $
143 240 24 19 21
183 241 38 18 och
235 240 25 18 22
273 240 122 25 godkännas.
739 247 14 7 wi

119 266 11 25 $
144 266 33 19 23.
207 266 84 25 Antages
305 267 5 18 i
324 265 61 20 likhet
399 266 46 19 med
459 266 74 26 Nädiga
548 266 145 25 propositionen
706 265 49 20 ifrån
766 266 43 19 «lä-

66 292 273 26 genhetsinnehafvare»
358 292 25 19 till
402 293 166 19 «fastställde»
590 295 52 16 samt
657 292 46 20 med
724 291 85 25 följande

66 319 74 24 tillägg:
157 317 58 26 «vilja
229 318 230 26 lägenhetsinnehafvare
472 319 28 19 uti
514 318 63 26 nägon
591 319 65 19 större
673 318 46 20 eller
733 318 76 19 mindre

68 344 130 25 samfällighet
212 344 172 20 öfverenskomma
399 350 32 14 om
445 345 107 26 fullkomlig
566 344 145 26 stängselfrihet
721 344 25 26 pä
756 345 54 19 vissa

67 372 48 19 eller
129 371 36 19 alla
180 370 42 20 sina
237 372 53 23 ägor,
306 376 47 14 vare
368 371 33 19 det
414 371 46 20 dem
474 371 71 25 tillätit,
564 371 51 19 dock
632 371 48 19 söke
697 371 24 19 de
738 371 72 19 veder-

66 397 98 20 börandes
182 398 126 19 stadfästelse
326 397 46 20 derä
390 398 38 19 och
445 397 38 21 låte
496 398 38 20 den
548 397 6 19 i
568 397 137 26 församlingen
715 397 92 20 afkunna.

67 424 50 25 Vilja
131 424 26 19 de
170 424 98 19 bibehålla
281 424 164 25 stängselvitsord
459 430 44 13 som
516 425 31 24 lag
562 424 122 19 härförinnan
698 424 108 25 medgifvit,

64 449 32 21 mä
111 450 37 19 ock
163 449 61 21 sådan
238 450 214 26 öfverenskommelse,
467 450 25 21 då
506 451 39 20 den
558 450 83 26 enhällig
651 453 28 22 är,
692 451 37 19 tills
739 450 70 19 vidare

65 482 47 15 vara
127 476 103 21 bindande.
258 477 44 20 Men
316 477 229 25 lägenhetsinnehafvare
560 478 37 24 äge
611 475 18 27 ej
639 479 38 18 rätt
687 479 26 18 att
723 476 86 26 derjem-

65 506 20 17 te
99 503 67 26 älägga
180 503 62 26 nägon
256 505 54 18 emot
324 504 48 19 hans
387 503 46 26 vilja
447 507 27 16 att
488 504 84 26 uppföra
587 505 28 18 tät
629 504 88 25 stängsel
723 499 9 35 i
731 504 80 19 stället

66 531 30 18 för
109 530 49 25 gles,
173 530 46 19 med
233 530 76 19 mindre
324 530 37 19 han
374 529 69 21 såsom
456 531 5 18 i
479 531 20 25 $$
514 531 34 23 16,
571 531 24 18 17
613 531 38 19 och
669 531 24 19 18
710 531 67 24 säges,
793 530 21 19 af

67 562 73 15 annans
155 558 39 18 täta
208 557 85 25 stängsel
307 558 55 24 nyttä
376 557 69 25 dragit,
461 557 44 20 icke
519 557 61 19 heller
594 558 35 25 äge
643 557 26 19 de
681 557 38 19 rätt
729 559 27 16 att
765 559 46 16 utan

66 583 49 20 allas
130 583 104 26 samtycke
247 583 79 20 minska
340 583 139 26 skyldigheten
493 584 30 19 för
538 586 59 23 ägare
611 584 20 19 af
644 582 83 25 husdjur
742 585 27 17 att
780 589 31 13 er-

66 611 50 44 s
131 609 73 20 skadan
222 609 29 20 för
264 609 59 20 deras
340 609 137 27 äverkningar,
496 609 25 27 pä
539 611 39 18 sätt
595 610 5 19 i
617 610 64 19 denna
699 609 112 26 förordning

66 639 103 22 stadgas.
160 635 14 31 »

117 663 21 25 $$
152 664 32 23 24,
200 663 32 25 25,
248 663 32 24 26,
296 663 25 18 27
337 663 38 20 och
389 663 25 20 28
429 663 113 25 godkännas
557 663 26 20 till
597 663 112 20 innehållet.

119 691 68 18 Denna
202 689 112 26 förordning
328 690 47 25 gälle
390 689 95 20 intilldess
499 691 137 18 erfarenheten
651 689 72 20 utvisat
737 692 29 17 att
779 695 24 14 en

66 715 146 26 fullständigare
226 715 146 26 stängselfrihet
386 717 5 18 i
405 716 66 20 landet
485 718 22 18 är
521 717 138 20 verkställbar.

208 778 26 21 Af
247 779 234 26 Landtdagsmannen
494 779 22 20 P.
532 775 106 29 Östring:

119 825 59 18 Emot
194 823 110 20 Utskottets
317 825 66 19 beslut
397 826 28 17 att
438 823 44 20 icke
495 823 100 26 upphäfva
610 829 26 14 nu
646 823 87 26 gällande
743 824 66 25 stäng-

68 850 116 25 selvitsord,
204 850 83 20 hvarvid
306 851 24 19 10
348 851 37 19 och
403 851 24 19 12
443 851 63 19 röster
522 850 73 26 utgjort
609 850 98 25 pluralitet
720 853 42 16 mot
777 851 31 23 17,

66 877 74 25 nödgas
152 876 33 27 jag
199 882 106 15 reservera
319 877 41 20 min
370 876 109 27 skiljaktiga
489 878 83 25 mening,
583 882 44 14 som
639 877 44 19 icke
691 877 50 19 blott
751 882 58 19 grun-

66 904 36 20 dar
116 905 29 24 sig
159 903 61 26 derpä
234 905 29 18 att
276 904 183 26 stängselvitsordet
472 910 24 13 ur
510 904 99 25 principiel
621 903 88 26 synpukt
718 904 22 19 är
750 904 59 18 orätt-

66 931 47 23 vist,
132 933 47 17 utan
196 931 133 25 förnämligast
346 929 71 26 derpä,
433 933 28 17 att
478 931 33 21 det
527 930 98 26 praktiskt
644 930 52 18 visat
713 931 30 23 sig
760 935 48 13 vara

66 956 106 26 olämpligt,
194 956 24 20 dä
238 956 39 20 den
294 956 74 26 dagliga
386 957 137 19 erfarenheten
541 957 60 23 lärer,
620 958 27 17 att
664 956 38 19 den
718 954 92 27 jordbru-

65 984 48 19 karn
137 989 27 13 nu
184 982 99 26 äliggande
304 983 231 27 stängselskyldigheten,
558 983 44 19 icke
622 982 73 20 förmår
715 982 93 20 förskaffa

66 1011 73 19 honom
153 1008 61 26 någon
228 1010 38 26 god
280 1010 86 26 egofred;
383 1010 77 20 hvartill
475 1010 84 20 orsaken
573 1008 98 26 sjelffallet
684 1010 22 18 är
720 1009 45 24 den,
781 1011 27 17 att

66 1037 118 19 kreaturena
201 1042 26 14 nu
243 1036 18 20 fä
278 1036 64 20 drifva
359 1036 99 26 omkring,
477 1039 46 17 utan
538 1039 28 17 att
580 1041 71 20 egaren
666 1041 33 14 om
713 1035 46 20 dem
774 1035 34 20 be-

65 1063 71 20 höfver
150 1065 42 23 taga
207 1062 63 26 någon
285 1062 55 25 vård,
356 1064 47 18 eller
417 1064 35 19 har
465 1063 59 25 något
537 1063 86 19 intresse
640 1062 33 20 vid
690 1064 29 18 att
735 1063 73 24 hägna-

66 1090 60 20 derna
140 1089 150 26 upprätthållas,
305 1092 45 17 utan
368 1090 81 20 fastmer
469 1090 39 20 ofta
529 1088 104 20 föranlätes
654 1091 28 17 att
702 1088 51 20 rifva
774 1094 36 14 ner

66 1116 52 20 dem.
147 1116 126 20 Tillkommen
287 1115 25 27 pä
328 1122 23 14 en
365 1116 34 24 tid,
415 1116 24 20 dä
454 1122 45 14 man
513 1115 118 21 betraktade
648 1116 114 24 odlingarne
777 1114 32 20 sä-

67 1149 43 13 som
125 1142 98 26 vilkorligt
237 1142 71 21 tillåtna
323 1142 75 26 intagor
412 1142 24 26 pä
451 1144 37 19 den
502 1147 149 21 gemensamma
666 1142 83 19 marken
763 1142 46 18 sak-

65 1175 36 14 nar
114 1169 224 27 stängselskylligheten
352 1175 80 14 numera
446 1170 34 20 det
494 1169 51 25 stöd,
561 1168 24 20 då
600 1168 34 20 det
647 1168 82 20 dermed
743 1168 66 19 afsed-

66 1196 25 20 da
112 1195 111 20 ändamålet
243 1196 44 19 icke
304 1196 84 24 vunnits,
405 1202 44 14 men
461 1196 69 25 jorden
544 1194 98 26 öfvergätt
656 1195 26 19 till
697 1194 112 26 fullständig

68 1222 103 26 egendom.

119 1249 76 19 Genom
208 1251 28 17 att
249 1248 120 26 fullständigt
382 1251 68 24 antaga
465 1248 108 26 principen,
591 1250 28 17 att
629 1253 59 20 egare
698 1248 21 19 af
725 1247 83 19 kreatur

68 1276 48 19 skall
132 1280 72 21 genom
219 1276 86 24 stängsel
318 1275 46 19 eller
377 1275 24 26 pä
410 1278 57 17 annat
476 1277 39 17 sätt
524 1280 33 14 om
566 1275 45 19 dem
621 1278 43 22 taga
674 1274 63 20 sådan
747 1273 61 29 vård,

68 1304 28 18 att
107 1302 25 20 de
144 1301 20 26 ej
176 1302 98 19 inkomma
287 1301 24 25 pä
324 1302 72 20 andras
406 1308 53 20 egor,
470 1302 24 20 dä
505 1301 193 25 stängselvitsordet,
711 1300 99 25 (möjligen

68 1328 44 18 med
123 1329 97 24 undantag
230 1328 30 18 för
269 1327 93 25 urfjellar)
373 1328 122 24 naturligtvis
504 1328 36 18 bör
550 1328 98 23 bortfalla
644 1323 10 34 ,
660 1328 64 18 skulle
734 1327 75 19 vinnas:

122 1356 32 18 4:0
168 1355 30 19 En
212 1354 45 24 god
271 1354 91 24 egofred,
377 1356 22 24 ty
413 1353 34 21 det
460 1353 42 25 läge
516 1352 25 20 då
551 1352 50 21 både
611 1353 27 19 uti
647 1352 115 26 jordegarns
773 1352 38 20 och

67 1380 162 26 kreatursegarns
248 1380 84 19 intresse
348 1382 28 18 att
393 1380 56 26 ingen
467 1379 60 19 skada
544 1380 80 19 timade.
653 1378 70 25 Någon
738 1378 73 20 nedrif-

68 1407 45 27 ning
132 1408 22 19 af
171 1406 98 26 hägnader
285 1406 64 20 kunde
364 1406 77 20 allsicke
456 1406 79 20 komma
549 1406 6 20 i
569 1405 60 27 fråga.
658 1404 101 21 Uraktläte
776 1404 35 20 nä-

68 1439 37 21 gon
119 1436 28 17 att
161 1433 61 20 vårda
237 1434 41 19 sina
293 1434 86 23 kreatur,
395 1434 46 19 eller
457 1433 44 20 ville
515 1434 38 18 han
566 1434 60 24 draga
640 1434 55 24 nytta
709 1432 22 19 af
742 1438 24 13 en
776 1438 34 13 an-
