992 1706
257 138 72 22 Nådiga
341 139 139 23 Propositionen
494 138 36 18 N:o
542 138 28 18 42.
744 138 46 20 1399

48 190 29 17 ett
90 189 38 19 och
142 190 29 16 ett
184 188 48 19 halft
245 188 41 25 öre,
302 189 29 18 för
346 187 68 26 hvarje
429 189 39 24 mil,
485 191 51 17 samt
550 189 68 25 Kongl.
635 189 35 19 FF.
685 188 21 20 af
718 189 39 19 den
768 190 24 19 10

48 214 57 20 Febr.
122 214 51 20 1614
187 215 38 18 och
239 214 38 20 den
293 215 10 18 3
321 215 55 19 Febr.
393 215 58 23 1645,
468 215 58 25 enligt
541 216 65 18 hvilka
616 215 86 20 kronans
713 215 79 25 tjenste-

48 242 51 23 män,
116 243 52 17 samt
182 240 114 26 krigsfolket
310 240 24 26 på
349 241 59 20 deras
423 241 38 26 tåg,
477 242 102 19 äfvensom
588 242 130 19 medlemmar
727 242 21 19 af
755 242 39 20 rid-

48 267 108 25 derskapet
169 268 38 18 och
221 267 63 24 adeln,
301 267 24 19 då
340 267 25 20 de
380 268 85 19 kallades
480 268 25 19 till
520 268 109 25 riksdagar,
645 268 65 19 skulle
719 268 74 24 åtnjuta

42 294 30 25 fri
86 293 65 25 skjuts
165 294 37 18 och
217 294 99 25 förtäring.
339 294 36 19 För
389 296 28 18 att
431 294 102 25 undslippa
547 294 121 20 sistnämnda
679 297 57 22 tunga
747 294 46 26 åtog

48 320 30 26 sig
99 320 96 25 allmogen
217 320 32 20 vid
269 320 50 20 1642
334 320 32 20 års
381 320 79 26 riksdag
474 323 28 17 att
517 321 107 19 tillsvidare
639 320 23 26 på
678 320 33 20 två
726 321 22 19 år
762 327 32 13 er-

48 346 54 26 lägga
117 353 25 13 en
159 346 92 26 bevilling
267 347 22 19 af
301 347 11 19 3
328 347 53 19 daler
395 347 125 25 silfvermynt
534 348 29 19 för
577 346 68 25 hvarje
660 347 40 20 helt
713 348 79 19 mantal.

49 374 67 19 Denna
137 373 104 25 bevillning
262 374 39 19 blef
320 379 69 20 genom
409 374 50 20 1649
477 373 32 20 års
527 374 155 25 riksdagsbeslut
696 374 98 20 förklarad

48 400 30 20 för
98 406 24 14 en
143 400 83 26 ständig.
239 401 61 23 ränta,
323 400 37 20 och
382 400 63 26 ingick
463 400 5 19 i
485 401 152 19 mantalsräntan
650 401 63 19 under
728 401 63 19 titeln:

49 426 233 27 skjutsfärdspenningar.

102 453 65 21 Sedan
189 453 36 20 den
247 453 52 21 tiden
320 454 35 19 har
375 453 53 20 detta
446 460 49 14 onus
510 453 82 27 utgjorts
607 453 69 20 endast
691 457 52 17 emot
759 455 36 19 be-

49 480 64 20 stämd
128 480 103 26 betalning,
247 481 61 19 hvars
322 480 71 26 belopp
408 481 50 19 varit
473 481 50 20 olika
537 481 25 25 på
577 481 95 19 särskilda
687 481 57 19 tider.
760 481 33 20 Vi-

48 507 47 20 dare
115 507 36 20 bör
172 507 107 20 anmärkas
295 509 28 17 att
337 506 249 27 skjutningsskyldigheten
600 508 6 18 i
620 507 68 25 början
703 507 43 26 äläg
760 513 34 14 en-

49 533 44 20 dast
112 533 34 20 det
166 533 26 20 till
213 533 114 27 gästgifveri
347 533 70 21 indelta
440 534 119 25 hemmanet,
578 537 53 16 emot
648 533 114 25 åtnjutande
776 533 20 20 af

48 560 141 20 motsvarande
209 560 88 25 friheter,
314 559 63 26 jemte
395 560 22 20 så
431 561 70 26 många
516 561 5 19 i
536 560 93 20 närheten
643 560 80 27 belägna
738 561 56 20 hem-

49 593 51 18 man,
122 593 45 14 som
188 587 159 20 häradsrätterna
364 587 73 26 ansågo
456 588 78 25 nödiga,
551 590 52 17 samt
616 590 29 17 att
659 587 49 20 först
723 593 71 15 senare

49 613 37 20 den
102 613 114 20 nuvarande
230 612 11 21 å
256 614 25 19 de
295 619 53 14 mera
363 614 79 20 befarna
453 615 143 24 landsvägarne
606 613 126 20 existerande
741 615 54 18 stän-

48 639 44 26 diga
107 639 129 25 hållskjutsen
251 640 93 20 infördes.
367 640 48 20 Från
431 641 52 19 äldre
499 640 49 20 tider
562 645 48 14 voro
625 641 33 19 det
671 640 75 25 andliga
756 640 38 20 och

49 667 99 25 verdsliga
165 667 66 19 frälset
245 667 30 19 för
288 667 41 19 sina
340 666 69 26 gårdar
420 667 86 20 befriade
515 666 42 20 från
567 669 29 18 att
606 667 68 25 utgöra
684 666 110 25 skjulsning

48 694 38 19 och
106 693 95 26 gästning,
225 696 53 17 utom
299 693 25 20 då
344 693 113 25 konungen,
474 694 47 19 dess
536 693 102 20 sändebud
653 693 47 19 eller
715 693 77 20 riksens

48 719 34 20 råd
104 722 54 17 reste
175 725 70 19 genom
263 720 70 24 landet,
351 720 31 19 vid
398 721 65 18 hvilka
478 719 84 21 tillfällen
577 720 37 19 alla
629 720 91 19 hemman
735 720 59 25 enligt

48 746 189 25 Skeninge-stadgan
252 747 21 18 af
285 746 22 20 år
322 747 50 20 1248
388 752 47 14 voro
451 747 86 25 skyldiga
553 749 29 16 att
595 746 41 19 deri
651 746 84 25 deltaga.
759 746 36 19 För

47 773 122 19 närvarande
183 772 74 25 åligger
272 772 260 27 skjutsningsskyldigheten
547 773 23 18 all
586 773 4 18 i
606 773 70 19 mantal
692 775 38 17 satt
742 771 52 26 jord,

48 799 47 20 med
101 799 99 25 undantag
207 800 21 19 af
233 800 148 24 frälsesäterier,
390 799 116 26 ladugårdar
514 801 51 18 samt
572 799 70 19 rä-och
653 799 143 26 rörshemman,

48 826 111 20 berustade
175 826 89 25 säterier,
278 825 142 26 kungsgärdar,
431 827 103 22 boställen,
545 826 47 19 lots-
601 826 38 18 och
648 826 146 25 posthemman,

49 852 201 27 prebendehemman,
266 853 92 19 hemman
373 859 43 14 som
429 853 62 20 bebos
501 853 21 20 af
530 852 203 20 häradsnämndemän
744 855 52 17 samt

49 879 25 20 de
94 880 75 19 skatte-
190 879 46 20 eller
258 880 161 24 kronohemman,
439 879 77 20 hvilkas
533 880 59 25 ägare
606 879 48 19 eller
668 879 128 19 innehafvare

49 906 94 26 upptäckt
158 907 54 18 vissa
227 907 69 19 malm-
309 906 39 19 och
363 906 157 20 mineralstreck.

102 933 33 20 Att
155 932 55 25 rödja
231 934 60 25 vägar
307 933 38 19 och
362 933 63 26 bygga
443 933 59 19 broar
516 934 21 18 är
552 931 95 20 likaledes
661 931 20 20 af
694 931 25 20 de
732 931 64 20 äldsta

50 959 145 25 skattebesvär,
215 959 37 19 och
269 959 5 18 i
292 959 11 19 3
317 959 46 25 kap.
379 960 45 19 B.B.
441 959 122 25 Landslagen
578 960 57 24 säges
649 961 28 17 att
690 959 36 19 alla
741 958 55 20 skola

50 986 41 20 deri
106 986 83 25 deltaga,
205 991 44 14 som
265 989 36 22 äga
314 985 50 26 jord,
381 986 75 19 enhvar
470 987 50 18 efter
534 985 42 20 sina
591 987 53 23 ägor.
667 985 65 19 Denna
742 985 54 25 prin-

52 1013 31 24 cip
98 1013 36 19 har
148 1013 113 19 sedermera
275 1012 119 20 fortfarande
408 1012 104 25 vidhällits,
529 1013 37 18 och
581 1012 58 25 enligt
653 1012 26 19 25
693 1011 45 26 kap.
750 1011 44 20 B.B.

50 1041 52 18 samt
122 1039 64 20 dertill
206 1039 94 20 utkomna
321 1039 133 24 författningar
471 1041 22 18 är
508 1039 10 19 ä
532 1038 66 21 landet
611 1038 23 19 all
650 1037 4 20 i
670 1039 70 19 mantal
755 1040 41 17 satt

50 1065 45 26 jord
116 1065 133 20 underkastad
264 1066 52 19 Jetta
331 1071 57 14 onus.
418 1065 89 20 Derifrän
522 1068 34 17 äro
571 1065 69 20 endast
654 1065 140 24 lotshemman,

51 1092 60 25 enligt
125 1093 68 24 Kongl.
209 1092 93 20 Förordn.
317 1093 37 19 den
370 1093 24 19 17
410 1093 118 25 September
542 1092 52 19 1783
610 1092 37 19 och
662 1091 24 20 82
695 1086 12 36 $
719 1090 12 26 i
741 1090 55 26 Kejs.

50 1119 93 20 Förordn.
162 1119 39 19 den
218 1119 25 19 30
258 1119 51 20 Mars
324 1119 49 20 1857
390 1119 131 26 undantagna,
538 1118 83 20 emedan
636 1117 59 20 deras
709 1117 88 20 innehaf-

52 1152 47 14 vare
114 1145 42 26 öläg
171 1151 23 14 en
208 1146 139 19 motsvarande
362 1145 122 27 skyldighet,
500 1146 96 24 nemligen
611 1147 27 17 att
656 1144 91 26 utpricka
760 1144 38 20 far-

52 1173 78 20 lederna
145 1173 5 19 i
165 1171 50 26 sjön.

106 1199 63 20 Dessa
190 1199 113 26 åligganden
317 1200 34 18 äro
366 1199 115 26 isynnerhet
495 1205 70 20 genom
579 1200 60 17 sättet
654 1198 28 19 för
695 1198 59 20 deras
768 1200 31 17 ut-

52 1226 86 25 görande
158 1225 25 20 de
204 1228 52 17 mest
277 1225 108 26 tryckande
402 1226 21 19 af
437 1225 25 20 de
479 1225 11 20 å
506 1225 70 26 jorden
593 1225 55 25 lagda
663 1225 80 24 besvär,
760 1225 38 18 och

54 1258 61 20 synes
136 1253 33 18 det
189 1253 95 19 allmänna
306 1252 60 20 behof
382 1252 4 19 i
404 1253 52 19 detta
475 1252 92 20 afseende
581 1251 65 20 kunna
661 1251 57 26 fyllas
732 1251 24 25 pä
772 1253 29 17 ett

52 1279 30 19 för
96 1279 37 19 den
149 1279 88 19 enskilde
252 1278 75 20 mindre
341 1279 108 25 tryckande
464 1280 46 18 sätt.
531 1278 54 20 Slika
595 1277 145 25 tjenstebesvär
750 1278 48 18 kun-

54 1311 22 14 na
92 1304 17 26 ej
124 1305 98 20 beräknas
237 1305 88 20 hvarken
339 1305 26 20 till
380 1305 98 26 beloppet.
495 1305 47 20 eller
557 1305 25 19 till
598 1305 51 19 tiden
665 1307 34 17 när
708 1304 25 19 de
742 1303 56 20 skola

53 1333 87 23 utgöras.
165 1331 64 20 Dertill
244 1331 91 20 kommer
349 1334 26 17 att
390 1332 25 18 de
430 1333 88 23 vanligen
532 1331 94 24 fullgöras
640 1331 23 25 pä
674 1337 23 12 en
708 1330 42 19 från
760 1330 38 19 Jen

55 1357 154 26 skattskyldiges
223 1357 87 20 hemvist
323 1362 44 15 mer
381 1357 46 20 eller
441 1357 77 20 mindre
527 1357 86 24 aflägsen
622 1361 38 19 ort,
671 1355 129 26 hvarigenom

54 1386 72 23 tungan
140 1384 6 19 i
160 1383 89 26 betydlig
262 1383 47 20 män
323 1383 56 26 ökes,
395 1383 82 20 emedan
493 1383 52 20 tiden
559 1384 29 19 för
602 1383 60 19 fram-
675 1383 37 19 och
726 1381 74 20 äterre-

56 1416 34 14 san
99 1404 10 36 .
110 1409 73 26 jemväl
205 1409 34 27 går
259 1409 91 21 förlorad.
380 1410 66 20 Denna
468 1409 186 26 hbeskattningsform
670 1409 38 20 kan
722 1408 78 20 derföre

56 1442 59 17 anses
130 1437 67 21 såsom
211 1437 70 21 endast
296 1442 24 15 en
334 1437 143 26 nödfallsutväg
490 1437 43 24 der,
550 1437 82 20 hvarest
644 1437 106 25 penninge-
763 1435 37 20 och
