1028 1714
195 148 46 19 1308
424 147 71 22 Nädiga
506 148 139 23 Propositionen
658 147 36 17 N:o
700 147 28 18 39.

199 197 86 20 damälet
305 202 71 21 genom
396 203 23 13 en
441 196 92 25 utvidgad
548 195 208 27 stängselskyldighet
759 191 9 36 ,
775 201 44 14 som
836 195 106 26 berättigar

200 223 68 25 hvarje
281 223 104 26 jordegare
399 226 28 16 att
440 223 19 19 fä
474 223 35 19 alla
524 223 40 19 sina
580 228 46 19 egor
640 223 27 18 uti
682 222 54 24 äker,
752 223 37 24 äng
803 223 37 18 och
850 222 50 25 skog
910 228 32 20 ge-

200 255 46 14 nom
260 250 84 25 stängsel
359 249 42 20 från
415 249 70 20 andras
500 255 48 19 egor
562 249 89 20 afskilla.
670 249 43 20 Men
727 248 114 25 derigenom
852 249 35 19 har
898 249 46 25 häg-

199 276 159 25 nalsäliggandet
372 276 61 19 blifvit
447 275 22 20 sä
484 275 130 26 betungande,
629 278 29 17 att
672 275 33 20 det
718 281 81 13 numera
815 274 23 26 pä
853 275 48 20 intet
912 275 32 19 vis

199 304 38 19 kan
258 309 59 13 anses
339 302 109 20 underlätta
466 301 156 26 jordbrukarnes
636 303 80 22 besvär,
732 301 67 20 såsom
815 301 81 20 dermed
910 307 34 14 ur-

201 329 126 26 sprungligen
348 328 91 26 äsyftats.
468 328 188 26 Stängselvitsordet
675 329 35 18 har
731 327 40 20 haft
789 329 26 18 till
829 327 71 26 påföljd
916 330 28 17 att

202 356 98 25 hägnader
316 356 121 24 tillkommit,
457 355 35 20 der
509 355 73 19 sådana
599 355 73 19 kunnat
688 355 103 24 umbäras,
809 355 46 19 eller
870 356 35 18 der
920 355 26 19 Je

201 382 119 20 åtminstone
335 382 43 19 icke
392 382 67 19 behöft
474 387 46 14 vara
538 381 21 19 sä
578 381 104 24 inrättade,
698 387 44 14 som
757 381 55 26 lagen
826 381 70 19 derom
910 381 35 19 be-

201 410 104 19 stämmer.
333 408 79 26 Mycket
426 408 68 20 arbete
508 409 37 18 har
559 407 62 21 blifvit
634 408 95 25 förspildt,
746 409 37 18 och
798 408 37 19 den
850 413 70 14 massa
926 408 21 19 af

201 435 63 24 virke,
281 441 44 14 som
338 435 30 19 för
383 435 123 25 hägnaderna
521 434 50 20 varit
585 434 98 25 hehöfligt,
699 435 37 19 har
750 435 5 18 i
769 435 38 24 hög
820 434 48 25 grad
881 434 65 20 bidra-

202 462 28 25 git
244 462 26 19 till
286 462 108 25 skogarnes
408 462 113 25 förstöring,
538 467 45 13 men
598 461 110 20 ändamålet
723 463 27 17 att
764 461 54 20 freda
829 466 73 20 egorna
911 461 36 19 har

202 488 59 20 likväl
276 493 71 21 genom
361 488 32 20 allt
407 488 54 19 detta
475 488 63 19 blifvit
552 487 57 26 högst
623 487 131 27 ofullständigt
767 487 123 24 befrämjadt.

256 515 29 20 En
306 515 110 25 väsendtlig
433 515 111 25 förändring
557 515 22 19 af
591 514 38 19 den
642 519 26 15 nu
682 514 88 26 gällande
784 514 143 26 lagstiftningen
942 514 6 19 i

203 543 65 18 ämnet
283 547 62 20 synes
359 541 62 20 under
435 540 73 21 sådana
522 540 132 21 förhållanden
670 547 47 14 vara
732 541 4 19 i
747 542 38 25 hög
794 541 46 26 grad
851 541 20 19 af
879 540 69 21 behof-

203 571 34 16 vet
257 567 100 26 påkallad,
381 573 44 14 men
446 568 68 19 tvifvel
532 567 37 20 kan
586 567 71 26 uppstå
675 574 33 13 om
725 568 33 19 det
774 570 49 17 rätta
838 569 37 18 och
890 567 60 20 ända-

203 594 145 25 mälsenligaste
359 596 69 17 sättet
444 597 29 17 att
489 594 143 26 tillvägabringa
646 595 63 19 denna
724 594 118 25 förändring.
871 595 31 19 En
918 596 29 17 ut-

205 622 35 24 väg
254 621 5 19 i
274 621 53 19 detta
340 620 95 20 afseende
450 626 47 14 vore
512 623 27 17 att
553 620 66 26 ålägga
633 620 55 25 jord-
702 621 38 19 och
753 620 103 26 djuregare
866 626 24 14 en
901 620 47 20 obe-

203 647 65 25 tingad
288 646 113 26 skyldighet
417 649 28 17 att
462 652 85 14 ansvara
561 648 29 18 för
605 648 34 18 alla
654 653 71 21 genom
740 648 57 19 deras
812 646 84 26 husdjur
911 647 37 20 till-

203 674 70 24 fogade
288 673 73 19 skador
375 674 38 18 och
428 676 28 16 att
469 672 97 25 Jerjemte
579 674 96 20 bibehålla
688 674 2 18 i
700 673 63 25 någon
773 674 51 18 form
833 674 38 19 den
880 675 68 24 stäng-

205 700 160 26 selskyldighet,
377 705 45 13 som
443 699 93 20 härintills
554 700 51 20 varit
621 699 105 26 pähjuden.
755 700 43 19 Men
815 699 69 20 sådant
898 705 50 21 upp-

203 727 59 19 bäres
276 726 45 19 icke
335 726 20 20 af
370 726 82 20 rättvisa
469 727 38 18 och
526 727 56 19 torde
595 726 45 20 icke
654 728 61 25 heller
730 726 61 20 förmä
805 726 85 26 afhjelpa
905 732 44 14 mer

206 754 25 18 än
248 758 24 16 en
290 752 31 21 del
338 752 20 20 af
373 752 25 20 de
414 752 131 26 olägenheter,
563 758 44 14 som
622 753 100 20 befunnits
735 753 83 26 härflytä
832 753 20 20 af
867 753 37 20 den
922 759 27 13 nu

205 780 87 25 gällande
302 779 149 26 lagstiftningen.
476 778 77 26 Följden
563 780 57 19 deraf
627 780 66 20 blefve
702 782 28 17 att
739 780 137 19 landimannen
886 780 63 19 skulle

206 806 129 20 underkastas
349 805 33 20 två
397 805 133 27 skyldigheter
544 807 4 18 i
563 806 64 20 stället
640 806 30 19 för
684 812 30 18 en,
731 812 44 14 som
789 806 108 25 naturligen
912 806 36 20 bör

205 832 60 26 åligga
280 833 80 19 honom.
382 832 37 19 Det
433 832 66 19 kunde
513 832 44 20 icke
570 833 60 19 heller
642 832 97 20 undvikas
749 835 28 17 att
786 832 37 20 han
833 833 39 19 ofta
881 833 68 19 blefve

205 862 87 22 tvungen
306 862 28 16 att
347 858 29 20 uti
389 858 88 20 Finlands
492 858 21 20 sä
525 859 82 26 mycket
619 859 95 26 styckade
725 860 37 19 och
771 859 121 20 vidsträckta
902 860 47 19 sko-

205 891 34 20 gar
252 885 46 19 med
313 886 78 19 absolut
408 885 116 25 skogsmark
537 885 113 20 underhålla
664 886 76 24 hägnad
755 885 23 25 pä
789 886 73 20 sådana
872 886 75 24 ställen,

205 913 82 19 hvarest
300 912 23 19 all
338 912 85 24 stängsel
439 917 49 13 vore
503 912 44 19 icke
561 913 82 19 allenast
656 912 29 19 för
699 913 80 23 honom,
795 915 46 17 utan
856 911 92 27 möjligen

204 939 58 19 äfven
276 938 29 19 för
320 939 49 19 hans
382 944 83 19 grannar
482 938 114 26 öfverflödig
613 939 46 19 eller
676 939 102 25 umbärlig.
807 940 37 18 För
858 941 28 17 att
900 940 47 25 göra

205 964 224 26 stängselskylligheten
450 965 76 19 mindre
545 965 124 25 betungande
689 965 67 20 kunde
775 965 38 20 den
831 965 116 26 visserligen

204 991 117 20 inskränkas
336 990 26 20 till
377 989 72 21 sådana
463 992 100 24 hägnader
577 992 20 19 af
604 992 77 25 glesare
691 992 142 24 beskaffenhet,
846 997 43 14 som
899 998 49 14 vore

205 1018 96 24 behöfliga
313 1018 29 18 för
354 1016 72 21 vården
437 1018 20 18 af
466 1017 25 20 de
501 1019 64 18 större
575 1018 116 24 husdjuren;
703 1024 47 14 men
760 1018 112 26 derigenom
884 1019 64 19 skulle

204 1045 45 19 icke
262 1046 71 24 gagnet
347 1044 37 19 och
398 1044 93 20 besväret
505 1044 59 20 blifva
577 1044 63 26 jemnt
654 1044 100 20 fördelade
768 1045 83 19 emellan
866 1045 25 20 de
900 1046 48 24 häg-

204 1070 145 27 nadsskyldige.
379 1071 37 19 Om
428 1071 39 19 den
482 1076 45 20 ena,
543 1076 45 14 men
605 1070 43 20 icke
662 1070 38 20 den
715 1071 59 19 andra
789 1076 97 21 grannens
900 1071 48 19 hus-

205 1096 83 27 hållning
302 1096 64 20 skulle
382 1096 76 26 påkalla
472 1097 110 20 inrättande
595 1097 20 19 af
627 1099 62 17 tätare
704 1098 82 24 hägnad,
803 1098 80 19 komme
897 1098 51 20 blott

205 1124 37 19 den
263 1123 83 19 "sednare
366 1126 28 16 att
414 1123 59 25 draga
490 1124 60 19 fördel
568 1124 20 19 af
603 1123 235 26 stängselskyldigheten,
858 1125 38 19 och
910 1124 38 20 den

205 1150 52 19 förre
270 1149 67 20 kunde
351 1149 59 20 blifva
424 1150 98 19 nödsakad
537 1152 28 16 att
579 1150 25 26 på
617 1149 161 25 råsträckningen
793 1150 81 20 emellan
888 1150 60 20 deras

205 1181 48 20 egor
273 1181 69 15 ensam
362 1175 115 20 underhålla
497 1176 37 19 den
555 1177 30 19 för
606 1177 48 19 hans
671 1176 89 20 ändamål
778 1177 91 25 nödigare
885 1178 63 18 tätare

206 1202 108 25 hägnaden.

259 1229 36 19 För
309 1228 72 20 sådana
396 1229 80 20 orsaker
490 1230 56 19 torde
562 1230 34 20 det
610 1235 59 14 anses
684 1236 47 13 vara
748 1236 53 14 mera
817 1230 78 20 rättvist
908 1231 39 19 och

205 1255 160 24 ändamålsenligt
381 1258 27 15 att
424 1256 57 23 lagen:
498 1256 44 18 icke
559 1256 76 19 fordrar
652 1257 46 18 eller
714 1256 95 24 påbjuder
822 1256 63 24 någon
900 1257 47 18 ovil-

205 1280 60 26 korlig
279 1280 208 26 stängselskyldighet,
506 1283 46 17 utan
566 1281 49 20 låter
632 1281 34 19 det
679 1282 47 19 bero
741 1283 21 18 af
774 1281 68 25 hvarje
857 1281 91 26 djurega-

205 1311 33 15 res
259 1312 51 20 egen
327 1312 79 20 omsorg
423 1309 27 17 att
465 1313 70 20 genom
550 1307 98 26 hägnader
662 1308 47 19 eller
724 1308 59 20 andra
798 1308 63 20 medel
876 1308 70 20 afhålla

206 1333 40 19 sina
260 1332 85 26 husdjur
358 1332 50 20 ifrån
422 1334 70 19 andras
506 1339 53 20 egor.
589 1334 37 19 Vid
639 1334 98 26 lösningen
752 1335 20 19 af
784 1334 67 25 frågan
867 1336 5 18 i
882 1335 64 20 denna

201 1360 89 46 kata
304 1360 64 19 möter
381 1365 45 14 man
441 1361 107 20 emellertid
563 1364 28 17 ett
604 1360 68 21 hinder
687 1361 20 20 af
719 1361 44 20 icke
777 1361 121 26 oväsendtlig
912 1362 36 20 be-

205 1387 116 20 skaffenhet.
351 1387 41 19 Den
412 1386 80 27 häglöse
510 1386 145 26 jordbrukaren
675 1388 67 20 kunde
759 1388 84 27 begagna
860 1389 30 19 sin
904 1388 43 21 fliti-

205 1418 46 21 gare
271 1414 38 19 och
331 1413 180 21 omtänksammare.
530 1420 86 21 grannes
636 1415 87 25 stängsel
746 1416 38 19 och
803 1415 59 26 draga
884 1416 63 20 fördel

204 1439 61 26 deraf,
281 1443 46 16 utan
341 1442 28 17 att
382 1440 65 20 kunna
462 1441 77 26 tvingäs
553 1441 26 20 till
593 1440 62 27 någon
669 1441 120 26 delaktighet
799 1442 5 19 i
813 1442 94 20 besväret
916 1445 29 18 att
