989 1711
261 137 71 23 Nådiga
344 139 140 22 Propositionen
498 138 35 18 N:o
545 140 28 16 50.
642 143 6 8 s
747 139 44 19 1643

49 188 32 26 dig
95 191 29 17 att
137 188 101 26 uppdraga
253 188 119 26 utgifvandet
385 188 20 20 ät
419 188 63 26 någon
497 193 68 21 annan,
580 194 44 14 som
633 188 78 21 derföre
720 194 70 15 ansva-

49 221 33 14 rar
96 218 52 17 samt
162 215 79 19 innehar
255 214 38 21 den
308 215 55 26 ålder
377 215 37 20 och
429 215 24 20 de
467 215 121 26 egenskaper
601 221 62 14 mom.
686 217 10 18 4
718 216 72 19 omför-

49 242 68 19 mäler.
146 242 65 19 Sedan
224 241 70 20 derom
308 242 26 19 till
349 242 160 25 Öfverstyrelsen
523 242 115 19 inberättats
652 243 38 18 och
710 242 38 19 den
762 243 28 19 fö-

50 269 89 23 reslagne
153 268 109 24 utgifvaren
277 269 30 18 för
321 268 29 25 sig
360 269 51 19 ställt
421 269 94 19 säkerhet
524 268 59 25 enligt
593 268 52 20 hvad
656 268 60 24 sagde
727 274 61 14 mom.

49 294 68 19 vidare
131 293 112 24 innehäller,
260 294 47 20 skall
321 294 161 26 Öfverstyrelsen
496 294 52 20 inom
562 294 38 20 den
614 294 6 19 i
635 300 60 13 mom.
698 289 12 35 5
728 298 62 16 utsat-

49 323 19 16 ta
83 320 26 19 tid
124 320 55 19 öfver
193 320 94 26 förslaget
299 320 30 26 sig
343 320 66 24 utläta;
425 326 46 14 men
482 321 95 25 iakttages
587 320 17 25 ej
615 321 33 19 allt
657 320 60 24 detta,
728 322 62 18 varde

49 346 94 20 skriftens
157 346 115 24 utgifvande
286 346 79 20 instalut
378 346 38 20 tills
431 346 76 21 hindret
521 348 30 18 för
564 347 38 19 den
615 348 53 18 förut
685 347 105 25 godkände

48 373 111 25 utgifvaren
173 373 77 25 upphör
265 374 38 18 och
316 374 37 18 han
368 373 38 19 kan
421 374 30 19 för
465 374 81 19 skriften
560 373 51 26 ånyo
625 379 91 14 ansvara.

102 400 41 19 9:0.
173 399 65 20 Sedan
252 400 216 25 Pressöfverstyrelsen
483 400 84 25 godkänt
581 400 38 19 den
634 400 89 19 anmälda
732 400 58 25 utgif-

49 431 72 14 varens
136 425 121 26 behörighet,
274 426 37 19 kan
326 426 229 26 utgifningsrättigheten,
577 426 46 19 med
642 427 99 25 undantag
761 427 29 19 för

49 452 25 20 de
88 452 5 19 i
107 458 60 14 mom.
184 452 12 20 6
211 453 37 19 och
263 454 10 18 7
288 453 83 19 nämnda
385 453 38 25 fall,
440 453 88 20 hvarken
542 453 87 20 inställas
649 453 47 20 eller
717 459 72 19 genom

49 479 112 26 indragning
176 479 20 20 af
209 479 82 20 skriften
306 479 71 20 honom
392 479 106 27 fräntagas,
509 482 46 17 utan
565 482 28 17 att
602 479 123 26 vederbörlig
734 480 57 20 Jom-

50 506 44 25 stol,
110 506 46 19 med
170 506 95 20 afseende
279 505 10 20 ä
304 505 25 20 Je
346 506 2 19 i
363 511 60 15 mom.
440 508 9 19 1
465 507 95 25 stadgade
578 505 79 26 vilkor,
670 509 66 17 ansett
756 507 35 19 ho-

50 538 46 14 nom
110 533 95 25 obehörig
219 535 28 17 att
261 533 44 19 med
320 533 118 26 utgifningen
452 533 87 24 fortfara,
555 533 48 19 eller
617 532 92 21 förklarat
718 534 73 19 honom

49 559 225 26 utgifningsrättigheten
297 559 88 27 förlustig
407 559 68 20 säsom
496 561 5 18 i
525 560 10 25 $
559 560 24 18 32
607 565 60 14 mom.
691 561 10 18 7
723 560 68 20 vidare

49 588 67 18 säges.

73 601 12 11 ?
104 613 52 19 10:0.
186 613 32 20 Uti
233 612 111 26 periodiska
360 612 79 21 skrifter
453 612 26 24 få,
495 616 46 16 utan
556 612 85 21 tillstånd
656 613 20 19 af
689 612 37 20 den
740 613 51 19 litte-

50 640 43 18 rära
107 645 78 20 egaren,
201 638 54 21 såväl
271 639 100 26 aftryckas
393 645 43 14 som
458 640 4 19 i
483 639 141 26 öfversättning
645 639 107 26 ätergifvas
772 638 17 26 ej

49 666 77 20 mindre
140 666 89 26 stycken,
246 666 67 20 hvilka
327 666 52 20 förut
393 666 62 20 blifvit
468 666 115 20 meddelade
598 666 5 19 i
618 666 99 20 enahanda
737 666 52 25 blad,

50 693 24 19 än
89 694 37 19 ock
140 693 70 25 utdrag
224 698 24 14 ur
262 692 80 20 skrifter
356 692 153 26 offentliggjorda
524 693 4 19 i
543 698 61 14 annan
615 692 56 24 form;
681 692 52 20 dock
743 692 47 21 skall

51 718 63 22 källan
129 720 110 26 uppgifvas,
254 719 34 20 vid
301 719 34 20 bot
349 719 19 20 af
380 718 54 27 tjugu
449 720 57 19 mark
520 720 29 18 för
563 718 70 26 hvarje
651 718 50 27 gång
722 718 70 21 sådant

51 742 120 35 underlåtes.
396 763 2 2 N

100 776 23 18 41
135 780 18 13 0.
163 773 132 25 Kungörelser
301 774 38 19 och
346 774 60 19 andra
413 773 148 25 meddelanden,
569 778 51 20 som,
629 773 60 25 enligt
695 772 96 21 domstols

51 801 47 20 eller
112 806 63 14 annan
189 800 86 25 offentlig
289 800 126 27 myndighets
428 800 72 25 beslut,
517 800 45 20 böra
577 800 78 20 komma
674 800 26 20 till
720 800 72 20 allmän

51 828 117 24 kännedom,
185 833 47 13 vare
246 826 97 26 utgifvare
357 828 20 18 af
389 827 99 26 periodisk
503 827 64 25 skrift,
588 826 5 20 i
614 827 61 19 hvars
694 826 44 26 plan
759 828 33 19 Jet

52 854 55 25 ingär
121 857 28 16 att
163 857 86 22 upptaga
263 859 104 20 annonser,
384 854 102 26 förpligtad
499 857 35 22 att,
551 856 52 17 emot
625 854 62 25 vanlig
708 859 84 14 annons-

52 881 60 26 afgift,
127 881 25 26 pä
168 881 159 26 vederbörandes
342 881 90 25 begäran,
448 881 5 19 i
467 880 62 27 någon
543 881 21 19 af
576 880 25 19 Je
616 879 33 20 två
663 882 57 17 nästa
737 887 56 13 num-

52 914 57 14 rorna
124 908 20 19 af
156 907 97 26 tidningen
268 907 67 24 införa,
352 908 33 19 vid
399 907 34 20 bot
447 908 20 19 af
479 907 103 20 etthundra
597 906 56 20 mark
673 907 29 19 för
722 908 71 19 under-

51 934 87 21 lätenhet
153 935 55 18 häraf
221 934 38 20 och
269 934 45 20 med
329 934 110 27 skyldighet
453 937 28 17 att
492 936 74 19 ersätta
575 933 37 21 den
622 933 112 26 Jerigenom
745 939 49 21 upp-

52 962 73 19 komna
140 961 67 20 skada.

107 989 53 19 12:0.
189 987 104 20 Likaledes
307 993 36 20 ege
357 988 81 23 enhvar,
454 993 43 14 som
511 988 64 19 finner
589 987 31 24 sig
634 987 5 19 i
654 993 23 13 en
692 987 102 26 periodisk

54 1015 59 20 skrift
126 1020 47 14 vara
191 1015 123 25 personligen
336 1014 125 25 förolämpad,
484 1015 47 20 eller
551 1013 71 20 önskar
643 1013 95 26 beriktiga
760 1014 34 19 der

53 1041 69 27 gjorda
136 1041 37 20 och
188 1042 72 19 honom
274 1041 85 20 rörande
371 1041 148 24 meduelanden,
536 1041 92 25 rättighet
647 1043 28 16 att
697 1040 23 26 på
742 1040 53 20 hvad

54 1069 56 20 ställe
125 1069 4 18 i
145 1068 84 20 skriften
244 1069 37 19 han
296 1068 78 25 önskar,
391 1071 50 16 samt
456 1069 4 18 i
476 1067 112 26 någondera
599 1067 22 20 af
628 1067 25 20 de
663 1067 32 20 två
705 1073 87 19 numror,

54 1101 44 15 som
118 1098 89 17 närmast
227 1094 45 26 följa
292 1095 50 19 efter
361 1095 155 26 tillkännagifven
537 1096 74 18 önskan
632 1094 79 25 derom,
734 1095 60 18 införa

54 1123 91 25 antingen
161 1125 27 16 ett
201 1121 90 27 genmäle
306 1121 10 20 å
331 1121 34 20 det
378 1122 20 19 af
411 1122 71 19 honom
497 1121 68 20 såsom
582 1120 107 26 förgripligt
709 1121 86 19 ansedda

54 1148 137 20 meddelandet
205 1149 47 19 eller
266 1151 28 17 ett
308 1148 183 25 tillkännagifvande
506 1154 32 13 om
548 1147 95 20 tillernadt
653 1148 47 19 eller
709 1147 87 19 anstäldt

55 1175 37 20 åtal
107 1174 54 24 derå,
177 1175 46 19 eller
237 1180 26 14 en
277 1174 116 26 hänvisning
407 1175 25 19 till
447 1174 134 24 beriktizande
595 1174 4 18 i
610 1174 63 19 annan
683 1173 63 24 skrift;
758 1174 38 19 och

55 1202 48 19 skall
118 1202 28 18 för
161 1202 45 19 slikt
220 1200 123 25 bemötande,
359 1201 74 19 hvilket
448 1201 35 19 bör
497 1206 46 14 vara
560 1200 157 19 undertecknadt
729 1200 21 19 af
758 1200 38 19 den

55 1234 72 20 person
141 1226 51 27 sjelf,
209 1233 42 14 som
267 1228 53 24 afger
334 1226 117 26 detsamma,
467 1227 50 19 efter
532 1228 47 18 hans
594 1226 76 20 önskan
691 1226 105 20 kostnads-

55 1255 41 19 fritt
109 1254 90 26 upplåtas
214 1256 28 17 ett
257 1254 25 19 till
297 1252 99 26 omfånget
410 1254 80 19 dubbelt
510 1252 21 20 så
551 1255 52 17 stort
622 1255 108 23 utrymme,
752 1258 44 14 som

55 1281 34 19 det
103 1281 86 19 bemötta
209 1280 137 20 meddelandet
366 1280 105 24 innehållit;
493 1285 46 14 men
561 1279 28 19 för
611 1280 50 18 hvad
681 1279 115 19 derutöfver

55 1307 42 25 går,
113 1308 90 24 erlägges
213 1306 113 25 ersättning,
341 1306 139 20 motsvarande
489 1306 254 26 tryckningskostnaderna.
759 1306 37 18 För

55 1333 150 19 underlåtenhet
218 1336 29 15 att
259 1333 47 18 slikt
320 1333 117 18 bemötande
450 1333 67 23 införa,
533 1332 44 19 böte
592 1332 109 24 utgifvaren
718 1332 80 18 etthun-

55 1360 34 18 dra
105 1359 62 23 mark;
183 1360 38 18 och
235 1358 39 25 må,
290 1364 31 13 om
337 1358 69 20 sådant
420 1358 17 25 ej
453 1358 75 20 medför
545 1356 78 27 åsyftad
643 1357 81 24 verkan,
741 1356 55 20 dom-

55 1385 63 20 stolen
133 1385 96 25 förelägga
243 1385 37 19 den
294 1384 121 20 tredskande
429 1385 61 24 högre
508 1384 40 19 vite
569 1384 47 19 eller
635 1388 62 14 annan
717 1383 79 25 lämplig

56 1413 121 25 förpligtelse
190 1412 26 20 till
231 1412 38 19 och
284 1412 45 19 med
342 1412 91 25 äfventyr
446 1412 21 19 af
479 1411 94 20 skriftens
588 1410 119 25 indragning.
727 1436 1 3 —
755 1436 3 3 -

110 1440 53 19 13:0.
193 1439 55 20 Hvad
261 1439 6 18 i
281 1438 86 25 denna
355 1431 13 38 $
384 1438 86 26 stadgas,
492 1438 49 25 gälle
561 1437 58 20 äfven
639 1436 26 20 de
684 1435 110 27 periodiska

685 1469 43 16 103*
