981 1703
238 137 71 23 Nådiga
321 139 140 22 Propositionen
475 140 35 18 N:o
523 141 28 18 48,
721 139 45 22 1567

79 188 40 19 Gör
133 189 37 18 han
184 188 34 20 Jet
231 187 25 27 ej,
273 195 36 20 ege
323 188 140 27 tjenstehjonet
477 192 38 18 rätt
529 193 27 17 att
571 190 62 20 under
647 187 84 28 följande
742 191 27 19 le-

30 216 104 23 zostämmäa
149 215 4 18 i
168 213 84 26 tjensten
268 200 116 55 avarblifva.

368 269 10 25 $
392 269 33 20 26.

79 306 153 26 Afskedsbetyg,
256 313 50 18 som,
329 307 5 19 i
355 307 29 20 fall
400 307 118 26 tjenstehjon
533 307 21 20 sä
569 308 82 24 fordrar,
668 308 36 19 bör
719 311 49 22 tjen-

30 331 72 26 stehjon
125 333 81 19 tilldelas
227 335 35 17 när
282 323 34 30 det
332 339 23 13 ur
372 333 84 30 tjensten
470 334 73 25 träder,
559 334 48 20 skall
621 337 85 23 upptaga
721 335 48 19 Jess

30 359 117 25 1ppförande
168 362 52 16 samt
241 360 118 20 förhållande
380 360 5 19 i
399 359 86 26 tjensten
499 350 44 30 från
556 361 39 19 den
610 361 28 19 tid
652 360 116 21 orlofssedel

30 386 38 24 3afs
82 386 25 20 till
123 386 171 26 flyttningsdagen.

80 412 41 20 Kan
136 413 102 19 husbonde
253 412 17 26 ej
285 412 47 26 sjelf
344 413 142 27 afskedsbetyg
500 414 145 25 underskrifva,
657 414 51 25 gälle
717 414 54 20 hvad

30 445 30 13 om
75 440 127 19 orlofssedels
217 440 117 20 utfärdande
347 440 59 20 ofvan
421 441 5 19 i
442 440 9 26 $
465 442 26 18 24
506 441 91 25 stadgadt
610 442 28 18 är.

369 494 10 26 S
393 494 33 20 27.

79 532 108 21 Husbonde
200 532 36 20 bör
251 532 32 21 vid
297 532 128 21 orlofssedels
435 533 47 20 eller
491 533 153 27 afskedsbetygs
654 534 117 20 utfärdande

30 565 44 20 10ga
90 559 44 26 följa
149 560 80 26 sanning
243 561 37 18 och
295 560 89 19 rättvisa.

79 587 42 19 Den
136 592 43 13 som
194 575 123 36 otullständig
332 587 47 19 eller
389 587 119 25 sanningslös
518 587 122 26 orlofssedel,
655 587 47 20 eller
711 587 60 20 såbe-

30 613 80 19 skaffadt
129 612 142 27 afskedsbetyg
292 613 93 24 utfärdar,
408 613 56 22 skall,
487 619 31 14 om
533 615 56 18 nästa
605 604 102 30 husbonde
721 614 49 20 derå

30 639 68 26 <lagar,
115 639 43 20 böta
173 639 55 26 tjugu
242 628 57 31 mark
313 641 38 19 och
366 642 74 17 ersätta
454 640 81 20 skadan.

369 693 9 25 $
393 694 32 19 28.

80 732 106 19 Förmenar
206 730 121 27 tjenstehjon
345 734 28 18 att
386 732 90 20 utfärdad
490 732 116 20 orlofssedel
621 733 46 19 eller
682 733 91 20 afskeds-

30 759 56 25 betyg
100 758 108 20 innehåller
222 760 59 18 annat
294 760 25 18 än
334 759 33 19 det
381 758 85 25 förtjent,
482 758 31 20 mä
530 758 119 26 tjenstehjon
664 760 51 19 talan
728 759 45 20 der-

30 790 29 14 om
81 785 63 31 utföra
165 785 33 19 vid
216 785 41 25 laga
272 784 94 24 domstol;
383 785 50 20 dock
447 786 36 19 bör
497 792 33 13 om
545 785 61 21 sådan
621 786 50 20 talan
686 786 90 19 bestäm-

30 817 42 13 mas
86 810 11 20 å
111 812 65 19 landet
191 814 67 17 senast
273 812 52 18 inom
340 818 23 13 en
378 811 71 21 månad
464 813 39 19 och
517 812 4 19 i
537 812 44 20 stad
595 813 51 18 inom
659 812 71 26 fjorton
739 812 33 20 da-

30 844 32 20 gar
76 838 50 20 efter
142 838 33 20 Jet
190 838 128 20 orlofssedeln
333 839 47 19 eller
392 839 160 26 afskedsbetyget
566 840 71 24 utgafs.

81 861 92 33 Befinnes
184 864 134 32 tjenstehjons
332 865 69 25 klagan
415 866 94 25 grundad,
520 866 61 25 plikte
588 854 107 31 husbonde
705 865 68 21 såsom

30 902 2 9 i
47 892 10 25 $
71 892 25 19 27
111 892 56 25 sagdt
181 892 21 18 är
218 892 38 18 och
270 893 73 18 ersätte
357 892 81 19 skadan.

81 918 91 20 Befinnes
192 918 43 19 äter
255 918 70 26 klagan
339 918 106 26 ogrundad,
462 924 46 14 vare
522 917 119 27 tjenstehjon
655 919 25 19 till
697 924 78 14 samma

30 950 70 15 ansvar
117 944 92 27 skyldigt.

371 972 10 25 $
395 972 33 20 29.

81 1011 75 25 Vägras
177 1010 122 24 orlofssedel,
319 1012 34 17 när
371 1010 117 25 tjenstehjon
503 1010 68 20 derom
586 1012 5 17 i
606 1011 43 25 laga
664 1011 27 19 tid
706 1010 68 20 anhäl-

30 1041 32 20 ler,
78 1037 48 20 eller
140 1036 145 23 alskedsbevis,
301 1036 24 20 då
340 1036 118 26 tjenstehjon
473 1043 24 13 ur
511 1036 84 26 tjensten
609 1037 66 20 träder
690 1037 37 20 och
742 1036 33 20 sä-

30 1063 43 20 dant
94 1064 82 23 fordrar,
193 1063 45 20 böte
253 1063 103 20 husbonde
369 1063 66 20 trettio
449 1063 56 20 mark
523 1064 37 19 och
575 1065 73 18 ersätte
661 1064 25 19 all
701 1063 70 20 skada.

372 1116 9 25 $
397 1117 31 19 30.

82 1150 8 19 I
105 1150 30 19 fall
151 1149 102 20 husbonde
269 1151 69 29 vägrar
352 1151 28 17 att
393 1149 74 30 utgifva
482 1149 122 23 orlofssedel,
621 1155 44 13 som
678 1149 4 19 i
693 1149 42 25 laga
746 1148 28 19 tid

30 1177 90 25 begäres,
144 1176 47 20 eller
212 1176 38 19 ock
267 1178 28 22 är,
312 1175 61 20 sedan
388 1175 36 20 slik
440 1175 27 20 tid
481 1175 77 25 inträdt,
575 1175 136 24 fränvarande,
728 1178 46 16 utan

30 1192 36 30 att
72 1193 58 29 hafva
145 1206 38 16 satt
197 1208 62 14 annan
274 1208 72 20 person
360 1202 6 19 i
380 1202 34 19 sill
429 1203 61 23 ställe,
507 1201 31 21 må
554 1192 117 34 tjenstehjon
686 1191 25 30 af
719 1204 54 17 tven-

30 1235 26 13 ne
70 1230 113 25 Wovärdiga
198 1231 44 17 män
257 1232 50 26 taga
315 1228 65 25 bevis,
391 1228 135 20 innehållande
536 1228 93 26 orsaken,
641 1228 92 20 hvarlöre
743 1234 32 13 or-

30 1256 92 20 lofssedel
138 1257 20 19 af
159 1245 129 31 husbonde
284 1241 9 45 +
289 1254 18 31 ej
322 1241 71 44 kunnat
409 1255 90 24 erhållas,
515 1258 52 17 samt
576 1255 25 20 de
610 1241 103 44 uppgifter,
726 1255 48 19 hvil-

30 1283 26 19 ka
76 1283 59 25 enligt
155 1283 10 25 $
186 1283 24 19 23
230 1283 48 19 böra
292 1282 6 20 i
312 1282 114 20 orlofssedel
441 1285 96 23 upptagas
552 1282 37 19 och
603 1282 66 19 kunna
684 1282 28 19 för
727 1281 46 19 dem

31 1315 47 14 vara
93 1309 71 20 kända.

84 1335 26 19 På
124 1336 63 26 dylikt
200 1336 64 22 bevis,
281 1341 44 13 som
339 1336 20 18 af
371 1335 25 19 de
407 1336 50 24 gode
467 1337 84 17 männen
561 1335 87 19 utfärdas
658 1334 62 19 under
731 1340 45 12 ena-

31 1361 64 20 handa
115 1367 79 18 ansvar,
216 1367 45 13 som
277 1362 30 18 för
321 1360 104 20 husbonde
439 1360 101 25 angående
554 1360 115 19 orlofssedel
684 1360 91 25 stadgadt

32 1389 28 23 är,
76 1393 49 20 eger
139 1387 119 26 tjenstehjon
274 1389 38 18 rätt
325 1389 29 17 att
367 1385 61 31 tjenst
442 1387 46 20 söka
503 1387 38 19 och
555 1387 74 19 städsel
642 1389 51 22 taga.

87 1415 109 20 Husbonde
215 1416 74 18 ersätte
308 1414 38 20 ock
368 1413 118 26 tjenstehjon
502 1413 40 20 den
556 1413 83 20 kostnad
653 1413 38 20 han
705 1417 72 22 genom

32 1443 32 18 sin
80 1443 73 25 vägran
168 1442 47 19 eller
229 1441 92 20 frånvaro
336 1441 4 20 i
355 1441 59 20 dessa
429 1441 30 20 fall
473 1440 118 21 förorsakat.
