989 1706
205 146 43 19 1646
419 145 71 21 Nådiga
502 131 140 40 Propositionen
655 143 37 18 N:o
704 144 28 17 50.

204 195 29 19 för
248 194 76 25 hvarje,
340 197 54 17 utom
408 194 34 19 det
455 194 6 19 i
475 194 10 25 $
499 194 25 19 40
540 194 115 19 omnämnda
670 194 107 24 exemplar,
792 194 36 18 sist
842 194 52 19 inom
909 198 37 14 sex

204 220 93 20 månader
311 221 50 19 efter
376 220 34 20 det
423 220 104 20 skrifterna
548 220 112 22 utkommit,
682 220 26 19 till
728 220 218 24 Pressöfverstyrelsen

205 248 47 18 eller
266 248 47 18 dess
328 246 72 21 ombud
415 249 45 17 utan
475 246 97 26 betalning
586 246 47 26 och
642 248 54 18 emot
715 247 63 24 qvitto
798 245 84 20 aflemna
903 246 43 26 fyra

205 274 60 19 andra
281 274 107 24 exemplar,
405 274 20 19 af
438 274 73 23 hvilka,
527 278 71 21 genom
619 272 172 26 Öfverstyrelsens
811 273 85 24 försorg,
918 275 29 17 ett

204 300 97 20 tillställes
311 300 152 20 Universitetets
473 300 91 20 bibliotek
574 300 6 18 i
589 299 127 26 Helsingfors,
732 302 52 17 samt
798 302 73 17 tvenne
884 300 64 18 afsän-

205 326 36 20 das
255 327 26 19 till
296 326 97 26 offentliga
407 327 115 19 biblioteket
536 327 4 19 i
555 327 31 19 S:t
599 326 121 25 Petersburg
734 327 38 19 och
786 329 28 16 ett
828 326 25 20 till
876 326 72 19 Veten-

206 353 178 25 skaps-Akademin
404 353 112 23 derstädes;
538 354 106 24 hvarutom
663 354 20 18 af
700 352 98 25 juridiska
818 353 82 19 arbeten
920 355 28 17 ett

205 380 61 19 femte
281 380 101 25 exemplar
396 380 36 20 bör
446 380 93 19 aflemnas
554 380 25 20 till
595 379 168 27 Ofverstyrelsen,
779 379 29 19 för
818 382 28 16 att
855 379 93 20 insändas

206 406 26 19 till
247 406 34 20 det
295 406 32 20 vid
342 407 59 19 andra
422 406 122 26 afdelningen
564 407 20 18 af
602 406 62 19 Hans
685 405 109 26 Majestät
817 405 132 26 Kejsarens

207 432 50 26 Eget
271 433 65 20 Kansli
350 433 94 20 inrättade
458 433 100 20 bibliotek.
586 432 50 20 Från
651 433 59 20 dessa
719 432 123 20 föreskrifter
854 432 94 20 undanta-

205 465 36 19 ges
255 459 51 20 dock
320 458 68 21 sådant
402 459 110 26 smätryck,
528 465 44 14 som
587 459 5 19 i
606 459 10 24 $
632 460 23 19 49
670 463 22 16 är
706 459 122 24 omnämndt,
845 459 102 20 äfvensom

207 485 106 26 plancher
302 481 10 34 i
324 486 41 25 pris
378 487 144 24 öfverstigande
536 486 66 19 femtio
616 486 62 25 mark,
695 485 66 20 hvilka
775 485 69 20 endast
861 486 29 19 för
904 485 45 20 Uni-

206 512 220 21 versitetsbibliotekets
441 513 80 25 räkning
536 512 127 26 ovilkorligen
678 512 55 20 skola
747 512 101 20 aflemnas.

547 565 57 26 $.23.

259 604 134 27 Boktryckare
407 604 71 26 äligge,
496 605 32 20 vid
542 605 34 19 bot
590 604 20 20 af
622 603 104 21 etthundra
742 604 63 25 mark,
820 604 44 19 att
855 599 10 36 i
878 607 28 17 ett
916 603 34 21 års

206 631 27 20 tid
247 631 78 20 förvara
340 630 118 21 åtminstone
472 634 28 17 ett
513 631 120 26 fullständigt
645 631 101 25 exemplar
752 631 23 19 af
783 631 35 20 alla
830 631 36 20 hos
876 632 72 19 honom

205 657 78 26 tryckta
297 657 87 25 skrifter;
400 659 38 18 och
453 663 47 15 vare
511 657 103 26 derjemte,
627 657 32 20 vid
672 657 98 20 enahanda
780 663 78 19 ansvar,
870 657 78 28 skyldig

205 687 29 16 att
248 684 41 19 föra
304 685 38 20 och
356 684 71 25 årligen
442 685 55 19 innan
511 685 80 20 Januari
605 683 83 20 månads
701 683 73 27 utgång
786 685 26 19 till
822 685 127 20 Pressöfver-

207 711 98 26 styrelsen
321 711 46 20 eller
381 711 47 20 dess
443 711 73 20 ombud
530 712 84 19 inlemna
632 716 98 20 noggrann
750 711 122 26 förteckning
884 712 65 25 öfver

205 740 82 17 senaste
300 737 33 20 års
348 737 64 26 tryck,
429 743 43 14 som
487 737 43 20 från
543 737 111 26 tryckeriet
666 737 69 26 utgått;
757 738 101 19 hvarefter
878 739 71 19 Öfver-

206 763 101 26 styrelsen
321 763 124 25 ombesörjer
461 767 29 16 att
510 770 75 14 samma
606 763 122 26 förteckning
749 764 72 20 varder
840 764 108 26 behörigen

207 789 106 25 granskad.

550 843 10 25 $
573 842 32 20 24.

259 881 58 19 Detta
331 880 83 27 kapitels
429 881 120 25 stadganden
563 886 32 14 om
610 880 128 27 boktryckeri
752 880 48 27 gälle
815 881 57 20 äfven
882 881 68 20 inrätt-

206 906 67 26 ningar
286 907 30 19 för
330 908 127 19 sten-metall-
464 909 38 18 och
516 907 94 27 trätryck,
627 907 65 20 såvidt
706 907 26 20 de
745 908 101 19 användas
860 907 27 20 till
898 907 51 21 äter-

205 933 92 25 gifvande
310 934 20 19 af
343 934 153 24 bokstafsskrift,
509 935 103 19 hvaremot
621 934 126 25 inrättningar
762 934 28 19 för
799 934 150 26 mängfaldigan-

205 959 25 19 de
245 960 20 19 af
277 960 25 19 de
316 960 6 18 i
336 960 11 25 $
367 961 3 19 2
386 965 61 15 mom.
462 962 12 18 2
490 961 82 19 nämnda
587 960 86 21 litterära
686 960 38 20 och
734 960 126 20 konst-alster
878 961 70 19 endast

207 986 33 45 är
256 986 145 20 underkastade
415 987 25 19 de
454 988 5 18 i
473 987 21 26 $$
509 988 31 24 20,
557 988 31 23 21,
608 987 25 19 22
655 988 38 19 och
714 988 24 18 23
761 987 117 21 meddelade
898 988 52 19 före-

207 1013 87 19 skrifter.

533 1070 13 20 5
565 1070 53 26 Kap.

369 1128 31 20 Om
412 1128 106 20 bokhandel
528 1129 35 19 och
575 1129 89 19 skrifters
679 1128 103 26 spridande.

548 1179 11 26 $
572 1180 34 19 25.

258 1216 114 25 Författare,
389 1217 97 25 utgifvare
504 1218 37 20 och
562 1218 109 26 förläggare
690 1219 21 19 af
729 1219 36 20 alla
786 1220 53 24 slags
860 1219 88 21 litterära

205 1242 36 28 och
252 1242 127 29 konst-alster
386 1249 36 19 ege
430 1245 94 23 rättighet
534 1247 27 16 att
570 1244 70 24 sjelive
648 1246 47 18 eller
704 1251 72 19 genom
786 1245 61 19 andra
855 1246 47 19 dem
910 1246 38 19 för-

206 1268 47 24 sälja
268 1269 47 19 eller
329 1269 56 24 eljest
399 1269 95 25 utsprida.

547 1323 11 26 $
572 1324 32 20 26.

257 1360 122 21 Beträffande
392 1362 118 26 rättigheten
527 1364 28 18 att
576 1362 68 20 såsom
665 1363 67 25 näring
751 1363 63 20 drifva
836 1363 110 21 bokhandel

204 1389 51 17 samt
269 1387 49 20 hålla
333 1387 135 21 lånebibliotek
490 1389 36 19 och
548 1389 136 24 läsekabinett,
707 1390 49 25 gälle
777 1396 75 14 samma
875 1391 69 25 vilkor,

204 1418 43 15 som
262 1414 58 20 ofvan
334 1415 5 19 i
354 1414 21 26 $$
389 1416 32 24 14,
438 1416 24 19 46
476 1416 38 19 och
530 1416 23 20 17
569 1415 101 27 angående
684 1416 198 28 boktryckeriyrkets
897 1418 50 20 utöf-

204 1440 45 25 ning
263 1440 140 21 föreskrifvits.
