984 1700
255 138 71 23 Nådiga
338 139 140 23 Propositionen
490 138 38 18 N:o
538 139 29 18 43.
739 140 44 20 1419

145 188 34 22 att,
190 188 36 24 för
240 188 92 20 vinnande
347 188 24 25 af
382 190 39 18 rätt
437 189 27 19 till
479 188 119 26 bedrifvande
611 190 23 23 af
640 188 144 27 handtverksyr-

145 215 22 19 ke
181 215 43 19 med
238 216 89 19 verkstad
341 217 33 18 och
389 216 112 20 biträdande
516 216 94 23 arbetare,
626 219 7 17 i
647 217 45 19 stad
705 217 45 20 eller
756 217 29 26 på

144 243 69 23 landet,
229 243 24 26 af
264 243 35 20 den
313 244 82 19 sökande
411 245 48 19 skall
468 245 74 25 företes
558 245 113 25 tillförlitligt
686 246 53 25 intyg
758 246 24 18 el-

144 271 28 18 ler
186 278 64 12 annan
265 272 99 25 utredning
378 272 65 19 derom
458 275 28 16 att
499 272 38 19 han
549 273 57 24 yrket
614 272 72 24 förstår
696 273 33 19 och
739 276 46 23 äger

144 299 36 18 den
190 300 36 23 för
240 299 42 20 dess
296 299 102 26 ulöfvande
412 300 71 25 nödiga
496 300 93 25 kunskap.

96 331 93 26 Slutligen
204 331 29 20 får
245 332 96 21 utskottet
353 333 144 25 tillkännagifva
506 335 30 18 att
545 333 94 26 vällofliga
648 333 137 26 borgarestån-

42 357 34 20 det
90 357 85 20 medelst
188 358 179 26 protokollsutdrag
380 359 21 19 af
413 359 38 20 den
467 360 24 19 47
506 360 38 19 och
557 360 25 19 20
594 359 89 21 Oktober
693 361 50 19 1863
758 361 26 19 till

41 384 96 25 uskottet,
152 384 30 20 för
197 387 27 16 att
241 385 2 18 i
257 385 141 25 sammanhang
412 385 45 20 med
470 386 128 19 förevarande
611 386 75 25 Nådiga
694 387 90 25 proposi-

43 410 40 19 tion
93 410 114 25 behandlas,
218 411 109 20 remitterat
336 411 83 25 följande
429 412 26 19 till
466 411 79 21 ståndet
554 412 111 20 inlemnade
673 413 110 26 petitioner.

183 443 25 20 Af
221 443 73 20 Herrar
305 438 108 31 Öhrnberg
427 445 39 18 och
479 443 109 21 Sundman:

95 475 46 19 «4:0
155 481 33 14 om
204 475 162 20 skräembetenas
380 476 128 25 upphörande
522 477 38 19 och
574 477 112 20 ersättande
699 477 46 20 med
759 483 25 14 en

41 502 36 19 alla
92 501 190 20 handtverksidkare
295 501 5 20 i
315 503 69 20 staden
398 503 119 20 omfattande
531 503 219 26 handtverksförening,
764 503 20 20 ät

42 528 78 19 hvilken
134 527 74 21 vården
222 534 32 14 om
269 528 198 21 handtverkeriernas
482 529 97 20 förkofran
588 531 38 18 och
635 530 61 26 öfriga
704 535 80 21 gemen-

41 560 76 15 samma
136 555 163 25 angelägenheter
317 555 105 20 äfvensom
442 555 143 26 behandlingen
605 557 21 19 af
643 557 25 19 de
689 557 92 24 ärenden,

41 581 67 20 hvilka
122 586 26 14 nu
162 582 123 20 handhafvas
299 582 20 19 af
331 582 171 25 embetsrätterna,
521 582 61 20 borde
599 584 139 24 öfverlemnas,
757 584 28 19 äf-

42 613 82 14 vensom
140 610 26 17 att
181 608 6 19 i
201 607 59 21 dessa
273 608 110 27 föreningar
397 608 62 20 borde
471 608 44 26 ingå
529 608 32 25 de,
577 614 43 14 som
638 609 45 20 idka
700 609 81 26 bageri-,

41 634 101 25 bryggeri-
156 635 47 19 eller
217 634 229 26 slagteri-handteringen
460 635 63 19 under
536 635 96 26 burskap;

96 661 33 19 2:0
143 665 33 14 om
190 661 111 25 skyldighet
315 661 29 19 för
357 661 36 20 alla
407 661 52 24 dem,
475 661 66 20 hvilka
556 661 45 26 vilja
616 661 46 20 med
676 661 75 20 biträde
765 663 21 18 af

41 687 91 19 arbetare
145 689 55 17 utom
215 686 85 27 familjen
313 687 63 20 drifva
391 687 111 20 handtverk
516 687 67 20 såsom
593 688 73 25 näring,
678 691 28 17 att
715 688 65 24 hafva,

42 713 50 46 a
106 713 72 26 aflegdt
194 713 136 26 mästareprof,
349 713 108 21 förvärfvat
474 714 124 26 mästerskap
616 715 38 20 och
671 715 87 25 burskap
771 714 11 21 ä

41 742 68 24 yrket;

95 767 33 19 3:0
142 772 32 14 om
189 767 92 26 rättighet
294 769 28 18 att
337 767 55 20 vinna
407 767 126 26 mästerskap
543 768 58 19 äfven
615 768 4 19 i
631 767 81 26 bageri-,
724 769 59 25 bryg-

41 792 50 27 geri-
104 794 38 19 och
157 793 252 26 slagteri-handteringarne
425 795 39 19 och
478 794 27 20 till
522 793 44 26 följe
583 794 57 20 deraf
654 778 64 46 drifva
737 794 46 21 dem

41 819 65 20 under
120 819 95 26 burskap;

94 847 34 19 4:0
146 852 32 14 om
196 847 93 24 rättighet
305 847 30 20 för
352 847 209 26 handtverksförening
578 849 37 23 att,
634 847 49 20 efter
704 853 79 14 vunnen

41 872 103 27 utredning
160 879 33 14 om
210 873 57 26 nödig
283 873 118 26 skicklighet
417 873 6 20 i
440 875 68 25 yrket,
526 874 67 20 utdela
610 874 111 25 gesällskap
738 873 44 21 icke

41 899 50 20 blott
106 899 6 20 i
128 900 26 19 de
170 901 95 24 egentliga
282 900 145 25 handtverken,
446 904 47 17 utan
510 900 38 20 ock
562 901 5 19 i
581 900 85 26 bageri-,
682 901 100 26 bryggeri-

41 926 39 19 och
94 926 261 26 slagteri-handteringarne
349 922 9 35 ;

96 952 32 20 5:0
143 958 32 14 om
190 953 91 25 rättighet
295 953 28 20 för
338 953 202 20 handtverks-idkare
556 956 28 17 att
600 952 43 21 från
661 953 76 20 utrikes
753 956 31 17 ort

41 978 126 21 införskrifva
180 980 38 19 och
233 979 94 21 införtulla
342 979 5 20 i
361 979 59 20 deras
434 980 62 25 yrken
513 979 126 26 erforderliga
655 979 127 26 materialier,

42 1005 86 26 redskap
143 1006 38 19 och
195 1008 94 24 vertyg;»

183 1035 52 16 samt
248 1033 21 19 af
281 1033 68 19 herrar
364 1033 103 25 Bergstedt
481 1033 38 20 och
533 1032 101 21 Candelin:

96 1059 46 19 «4:0
157 1061 28 17 att
198 1059 33 19 det
246 1059 205 19 handtverksidkande
465 1059 143 25 borgerskapet
617 1058 61 20 måtte
688 1059 96 19 förklaras

43 1084 119 26 berättigadt
174 1087 29 18 att
216 1084 43 20 från
272 1085 87 19 utlandet
372 1085 127 20 införskrifva
513 1086 37 18 och
564 1085 5 19 i
584 1086 42 24 laga
644 1085 81 25 ordning
741 1085 45 20 tull-

42 1111 97 20 behandla
153 1112 36 19 alla
203 1112 25 19 de
242 1111 101 26 råämnen,
360 1112 84 25 redskap
458 1113 39 19 och
510 1111 92 27 verktyg,
620 1117 44 14 som
681 1112 30 19 för
726 1112 59 19 deras

43 1138 110 20 handtverk
167 1140 35 17 äro
216 1139 20 18 af
247 1139 95 19 behofvet
355 1137 109 27 påkallade,
481 1140 51 18 samt
546 1139 28 19 ått
587 1139 58 19 äfven
662 1138 122 20 omedelbart

42 1163 19 20 få
76 1165 27 20 till
116 1165 90 20 utlandet
220 1167 102 22 exportera
337 1165 41 19 sina
392 1165 152 25 tillverkningar;

96 1191 34 20 2:0
144 1193 28 17 att
189 1191 296 26 handtverkare-borgerskapet
501 1191 61 20 måtte
579 1191 94 20 förunnas
690 1191 39 20 lika
746 1192 40 18 rätt

42 1217 46 20 med
106 1217 267 31 handlande-borgerskapet
389 1217 27 20 till
434 1217 112 20 erhållande
563 1218 20 18 af
595 1217 135 26 hypotheks-,
746 1217 40 19 dis-

42 1243 62 20 kont-
121 1243 38 19 och
179 1243 60 20 andra
259 1244 31 19 lån
309 1246 46 17 utur
374 1243 25 20 de
416 1244 63 19 under
498 1243 176 20 storfustendömet
694 1243 91 20 Finlands

42 1269 53 20 bank
108 1269 117 25 förvaltning
242 1266 83 23 stående
341 1270 91 19 fonder.»

95 1296 26 19 Af
133 1295 58 20 dessa
206 1296 105 25 petitioner
324 1297 35 18 har
373 1296 96 20 utskottet
486 1295 17 26 ej
520 1299 65 16 ansett
602 1297 30 25 sig
649 1295 92 26 befogadt
757 1298 28 17 att

43 1324 44 23 taga
102 1322 37 19 den
153 1325 69 16 senast
234 1322 79 19 anförda
327 1323 62 18 under
403 1324 90 18 närmare
507 1323 94 24 pröfning,
613 1322 123 20 alldenstund
745 1322 40 19 lan-

44 1347 45 20 dets
104 1347 79 20 ständer
197 1348 68 19 tillsatt
278 1350 29 17 ett
321 1348 93 19 särskildt
427 1348 135 25 bankutskott,
578 1348 27 19 till
622 1349 62 18 hvars
700 1347 88 20 behand-

43 1374 40 25 ling
98 1374 36 19 alla
151 1375 84 18 ärender
252 1374 83 19 rörande
349 1374 91 20 Finlands
457 1374 51 20 bank
525 1374 55 19 torde
597 1375 47 19 böra
663 1373 122 26 hänskjutas.

44 1400 57 20 Hvad
115 1401 26 20 de
154 1400 62 26 öfriga
229 1399 43 21 åter
287 1399 65 28 angår,
369 1400 56 20 torde
439 1400 107 21 utskottets
559 1401 34 19 här
607 1401 57 20 ofvan
674 1400 70 26 afgifna
753 1400 35 20 be-

43 1427 101 20 tänkande
161 1427 59 20 äfven
234 1427 64 21 kunna
316 1428 91 19 hänföras
424 1427 25 20 till
467 1427 52 21 dem.
552 1427 100 21 Utskottet
670 1428 32 19 vill
720 1427 69 20 endast
