986 1692
203 150 46 32 1420
419 151 71 22 Nådiga
501 151 141 23 Propositionen
655 150 36 17 N:o
702 149 29 17 42.

202 202 83 20 manade
301 203 29 17 att
345 202 37 18 hos
399 201 23 19 E.
441 200 23 19 K.
483 200 40 18 M:t
539 199 95 20 särskildt
652 198 103 20 framhålla
774 197 169 29 nödvändigheten

203 228 62 23 deraf,
281 230 29 17 att
323 227 33 19 vid
365 226 145 25 tillämpningen
519 226 20 19 af
547 225 29 19 hit
585 224 86 20 hörande
681 224 121 24 stadganden
812 224 132 25 skjutsnings-

203 256 72 22 tungan
289 252 61 20 måtte
363 252 91 26 påläggas
467 251 149 21 vederbörande
625 251 114 25 lägenheter
751 250 6 19 i
771 252 93 24 noggrant
873 249 72 21 förhål-

203 280 58 20 lande
274 280 27 18 till
315 279 59 19 deras
388 278 98 20 skattetal.

257 306 8 18 I
279 306 141 24 sammanhang
434 304 81 20 härmed
529 304 58 19 hafva
604 303 109 19 Ständerne
730 302 45 20 icke
791 302 73 20 kunnat
880 301 65 27 undgå

204 334 28 18 att
246 337 49 20 egna
310 331 200 25 uppmärksamheten
525 329 20 20 åt
559 335 23 14 en
596 335 63 14 arnan
673 329 151 25 omständighet,
840 334 44 14 som
898 328 5 20 i
916 329 30 19 sin

204 357 47 21 mån
265 357 119 20 medverkar
399 357 26 19 till
441 362 24 14 en
479 356 83 20 orättvis
575 355 108 25 fördelning
699 355 21 19 af
736 354 162 26 hållskjutsnings
912 355 34 19 be-

205 386 76 18 sväret.
311 384 49 19 Utan
375 385 28 17 att
416 388 48 14 vara
478 388 71 20 genom
564 382 70 20 allmän
648 381 111 25 förordning
772 382 90 19 närmare
872 381 75 20 ordnad

205 411 48 19 eller
267 415 36 15 ens
317 410 105 24 fastställd,
437 410 35 18 har
486 408 205 26 häradspostföringen
705 408 47 19 eller
766 407 136 27 skyldigheten
919 410 29 18 att

205 436 93 20 framföra
315 435 149 21 vederbörande
482 434 128 27 tjenstemäns
627 434 11 19 å
655 434 64 20 landet
736 434 124 20 embetsbref
873 436 76 18 ansetts

207 468 47 14 vara
271 463 21 19 af
307 468 76 14 samma
400 462 138 20 beskaffenhet
555 466 44 15 som
615 461 133 19 förstnämnda
765 460 80 25 besvär,
860 460 27 20 till
901 459 48 26 följd

206 490 71 19 hvaraf
289 488 26 20 de
328 489 101 23 hemman,
445 488 66 20 hvilka
525 488 82 20 indelats
624 488 26 19 till
666 486 186 26 häradspostföring,
871 485 78 27 åtnjutit

206 515 93 20 befrielse
312 514 42 20 från
369 513 181 27 hållskjutsningen.
579 508 17 26 Å
609 513 48 20 flere
671 516 54 17 orter
739 512 56 20 torde
809 513 38 19 ock
861 516 28 18 ett
898 514 51 18 stör-

207 547 21 14 re
240 541 54 20 antal
308 542 122 24 lägenheter,
446 542 24 18 än
487 541 65 25 nödigt
565 541 29 24 är,
610 545 46 14 vara
673 540 90 25 anslagna
780 539 26 20 till
820 539 129 25 häradspost-

206 567 69 26 föring,
290 568 75 19 hvilket
379 567 40 20 ledt
435 567 145 24 derhän,
532 562 36 35 att
581 566 174 25 hållskjutsningen
772 566 62 20 blifvit
851 567 24 19 än
893 571 55 15 mera

206 594 126 26 betungande
346 594 29 18 för
389 594 25 19 de
428 593 61 26 öfriga
504 592 217 26 skjutsningsskyldige,
734 592 70 20 medan
814 592 24 20 de
848 592 99 26 hemman,

208 626 45 14 som
270 620 124 24 undantagits
411 620 29 18 för
458 618 217 27 häradspostföringen,
694 619 41 19 haft
749 618 103 26 lindrigare
868 619 81 25 besvär,

207 645 22 26 ju
243 646 48 20 flere
305 646 25 19 de
347 646 59 19 varit.
434 646 29 19 En
480 646 42 20 fullt
538 645 70 19 rättvis
624 645 107 25 fördelning
747 645 20 19 af
783 644 168 26 häliskjutsnings-

207 672 95 20 besväret
316 672 37 19 kan
367 672 86 25 derföre,
469 672 58 26 enligt
541 671 120 21 Ständernes
675 672 140 25 öfvertygelse,
831 671 45 20 icke
890 672 61 20 tillvä-

207 699 108 25 gabringas
328 698 46 20 med
389 698 84 26 mindre,
489 700 23 18 än
527 700 28 18 att
569 697 206 26 häradspostföringen
789 698 56 20 äfven
855 701 58 23 göres
922 698 27 20 till

208 724 81 20 föremål
305 725 29 19 för
348 730 110 20 noggranna
473 724 127 26 öfverhetliga
610 724 122 20 föreskrifter
741 724 65 20 samt
801 720 9 34 i
816 724 69 20 sådant
894 724 56 20 skick

208 752 105 19 häradsvis
327 751 132 20 öfverlemnas
474 751 20 20 åt
509 757 24 13 en
547 751 128 25 entreprenör
692 750 45 20 med
751 750 117 21 förbindelse
882 751 30 19 för
926 751 25 20 de

208 777 256 27 hållskjutsningsskyldige
479 778 54 19 inom
547 778 82 18 häradet
642 780 28 16 att
683 777 6 19 i
703 777 38 19 den
755 777 51 25 mån,
822 778 25 19 de
860 778 91 25 deltaga
941 773 14 35 i

208 804 129 20 nästberörda
354 804 83 24 besvär,
456 804 73 26 utgifva
547 803 37 19 den
602 802 20 20 åt
638 804 151 24 entreprenören
805 804 98 20 utfästade
920 810 31 14 er-

208 831 117 24 sättningen.

264 857 27 18 De
305 855 98 26 åtgärder,
418 861 50 18 som,
484 856 59 25 enligt
556 855 38 20 den
608 855 69 26 nådiga
691 856 153 25 propositionen,
860 861 50 15 vore
922 859 29 17 att

208 882 97 25 vidtagas,
321 883 30 18 för
364 885 28 16 att
406 882 72 20 bereda
491 882 26 20 de
533 882 117 25 landsväga-
667 883 39 18 och
722 883 230 26 brobyggnadsskyldige

208 907 63 27 någon
285 908 73 20 lättnad
373 908 6 19 i
392 909 53 19 detta
462 909 83 25 besvär,
564 910 34 17 äro
616 908 42 19 åter
675 908 92 25 följande:
789 912 28 17 att
836 909 38 20 den
893 909 58 20 frihet

208 934 92 25 derifrån,
317 940 43 14 som
374 941 26 12 nu
415 935 117 20 tillkommer
546 936 131 19 lotshemman
687 936 38 18 och
735 935 109 26 skattlagda
853 935 95 26 utjordar,

208 961 64 20 skulle
288 961 99 25 upphöra;
407 963 27 17 att
451 961 109 26 åliggandet
577 964 29 17 att
622 961 74 26 deltaga
714 962 6 19 i
737 962 93 20 besväret
846 961 105 21 dessutom

208 987 121 19 utsträcktes
344 987 27 20 till
386 987 74 20 kronan
475 988 29 19 för
517 987 47 20 dess
579 987 179 26 öfverloppsjordar
775 989 38 18 och
829 988 78 25 parker,
923 989 28 19 till

208 1012 128 20 innehafvare
350 1014 20 18 af
385 1013 113 20 industriela
515 1013 125 26 inrättningar
656 1013 25 26 på
698 1015 65 19 landet
780 1017 50 17 samt
847 1014 25 20 till
890 1015 63 19 landt-

208 1039 118 24 handlande;
342 1042 34 21 att,
392 1040 36 19 ifall
444 1041 128 24 statsverket,
583 1045 70 20 genom
664 1041 60 25 högre
733 1041 124 26 beskattning
866 1041 21 19 af
894 1041 59 20 brän-

208 1065 207 26 vinstillverkningen,
431 1066 70 20 allmän
518 1066 106 26 bevillning
640 1067 48 19 eller
704 1067 24 25 på
747 1070 56 17 annat
820 1068 47 24 sätt,
886 1073 66 14 vunne

208 1091 65 25 någon
288 1092 86 25 betydlig
388 1092 100 25 tillökning
501 1093 6 18 i
521 1093 116 24 inkomster,
653 1093 20 18 af
685 1093 60 19 dessa
759 1093 71 26 årligen
845 1093 63 20 skulle
918 1099 34 14 an-

208 1117 41 19 slås
265 1117 169 20 tvåhundratusen
449 1119 56 18 mark
520 1119 26 20 till
562 1119 68 24 nödiga
646 1119 185 26 vägförbättringars
848 1119 103 20 utförande

207 1146 53 17 samt
274 1146 28 17 ett
316 1144 38 19 lika
368 1144 72 25 belopp
454 1145 26 19 till
495 1145 91 19 bildande
597 1145 19 19 af
625 1151 23 13 en
658 1145 87 20 särskild
755 1146 62 19 under
826 1146 125 25 regeringens

208 1169 123 26 förvaltning,
348 1170 57 19 ställd
420 1171 52 24 fond,
488 1177 23 13 ur
525 1171 79 19 hvilken
618 1171 30 19 lån
663 1171 30 19 för
701 1172 145 19 kostsammare
856 1172 97 26 brobygg-

208 1195 61 20 nader
283 1195 68 20 kunde
365 1195 82 26 beviljas
462 1200 54 16 emot
529 1197 53 25 lägre
596 1199 54 18 ränta
664 1198 39 19 och
711 1197 241 27 äterbetalningsskyldig-

208 1221 35 19 het
259 1221 26 25 på
302 1222 67 25 längre
386 1223 37 23 tid;
439 1225 29 17 att
484 1223 55 25 dem,
559 1223 65 20 hvilka
638 1224 79 25 uppfört
726 1223 72 20 sådana
808 1224 68 25 broar,
887 1225 65 19 kunde

208 1247 111 25 medgifvas
334 1249 91 24 rättighet
441 1252 33 20 att,
491 1249 22 19 sä
528 1250 57 24 länge
598 1249 62 20 länets
675 1250 139 25 återbetalning
828 1250 80 26 fortgår,
925 1251 26 19 el-

208 1273 36 23 ler,
261 1279 33 13 om
308 1274 76 19 arbetet
398 1275 53 18 skett
464 1278 47 16 utan
525 1275 47 19 slikt
586 1275 117 25 understöd,
719 1277 62 18 under
790 1277 91 19 bestämd
890 1277 63 24 lämp-

207 1298 26 25 lig
249 1299 27 19 tid
290 1300 20 18 af
323 1300 117 25 vägfarande
454 1301 87 24 uppbära
556 1301 42 19 viss
610 1301 75 26 måttlig
702 1302 128 26 bropenning;
847 1303 105 19 äfvensom

207 1327 30 16 att
252 1325 74 26 ploglag
341 1326 27 19 för
383 1326 25 20 de
422 1327 97 19 allmänna
534 1328 97 25 vägarnes
643 1327 102 21 underhåll
755 1328 117 20 vintertiden
881 1328 69 25 måtte,

207 1350 36 19 der
257 1351 63 25 någon
334 1352 20 19 af
366 1352 117 25 delegarene
499 1353 34 20 det
549 1353 69 26 yrkar,
637 1354 64 19 kunna
719 1353 106 27 påbjudas,
844 1355 57 19 äfven
918 1361 33 13 om

207 1375 84 21 flertalet
305 1378 20 19 af
336 1378 46 19 dem
397 1381 93 17 motsatte
504 1379 29 26 sig
547 1379 76 20 sådant.

214 1427 4 4 .
259 1403 57 29 Hvad
335 1404 50 20 först
402 1405 124 20 vidkommer
543 1405 148 26 ifrågavarande
708 1407 85 20 besvärs
809 1407 142 20 utsträckande

205 1429 26 19 till
246 1429 25 20 de
283 1429 165 27 jordlägenheter,
466 1437 43 14 som
523 1437 26 14 nu
563 1435 35 16 äro
612 1432 85 20 derifrän
711 1433 94 23 befriade,
821 1433 22 20 så
858 1433 45 25 kan,
919 1434 29 19 äf-
