978 1703
242 141 72 23 Nådiga
326 143 139 22 Propositionen
478 143 36 17 N:o
526 143 28 18 46.
637 161 5 2 N
726 142 43 19 1509

24 190 33 26 ligt
78 193 29 17 att
126 191 75 29 förutse
222 192 34 18 när
270 192 37 19 den
322 192 50 19 rätta
387 192 114 26 tidpunkten
515 192 48 20 skall
578 192 74 20 inträffa
666 191 25 21 dä
706 192 61 25 sagde

24 220 88 23 systems
129 218 137 24 obligatoriska
285 218 99 20 införande
400 222 46 16 utan
461 219 88 20 särdeles
563 218 101 26 svårighet
677 218 38 20 kan
730 224 36 20 ega

25 250 52 14 rum.

205 271 28 19 Af
245 272 182 24 Borgmästaren
441 272 146 25 Tengström:

76 308 57 20 Emot
148 308 111 20 Utskottets
273 309 72 25 förslag
359 305 82 23 rörände
455 308 52 20 tiden
521 305 34 23 för
565 308 107 19 införandet
690 309 21 18 af
725 314 40 14 me-

25 334 59 19 triska
100 334 64 24 mätt-,
177 334 47 21 mäl-
234 336 37 19 och
286 334 157 26 vigt-systemets
458 334 137 27 obligatoriska
610 334 50 19 bruk
671 335 4 18 i
686 335 80 19 allmän-

25 367 21 13 aa
61 361 88 19 rörelsen
164 361 73 26 nödgas
251 361 32 25 jag
297 361 76 19 anmäla
388 361 127 25 reservation,
531 360 24 26 pä
570 361 61 25 grund
645 361 21 18 af
678 361 87 19 erfaren-

26 388 30 19 het
71 393 32 14 om
117 387 144 20 allmänhetens
275 387 76 25 vanliga
365 387 115 26 likgiltighet
494 388 28 19 för
536 387 96 20 reformer
644 392 43 14 som
697 386 68 26 päbju-

26 413 31 19 las
77 413 26 20 till
125 413 98 20 införande
244 413 49 20 efter
314 413 47 20 flere
382 414 33 19 års
436 415 84 24 förlopp;
543 413 69 20 dervid
632 412 70 26 hvarje
722 419 42 14 om-

27 440 53 19 anke
101 443 27 16 att
149 440 103 20 förbereda
269 440 30 25 sig
315 439 25 26 på
355 440 146 25 förändringen,
517 439 78 20 hvartill
609 439 115 26 öfverflödig
737 440 27 19 tid

27 466 86 25 iterstår,
130 477 26 4 —
170 466 25 20 till
211 473 23 14 en
248 465 67 26 början
330 465 117 27 uppskjutes
461 467 37 20 och
513 467 66 25 lägges
593 465 11 20 å
619 466 42 19 sido
677 469 51 16 samt
737 467 28 18 ef-

28 493 77 19 .erhand
119 493 60 20 råkar
193 494 4 19 i
212 494 129 24 förgätenhet.
361 488 14 36 I
392 493 46 26 följd
453 494 58 19 häraf
523 493 48 20 skall
586 492 129 20 allmänheten
729 498 36 14 un-

28 520 28 19 ler
69 519 33 21 det
117 519 59 26 sjette
190 519 94 20 anstånds
298 519 43 20 året
354 519 89 21 befinnas
457 520 37 19 lika
509 521 41 19 litet
559 519 104 20 förberedd
674 525 43 14 som
730 525 35 13 un-

28 546 27 20 ler
70 547 33 19 det
117 546 67 26 första,
199 552 45 14 men
258 547 80 24 troligen
352 547 45 19 vida
408 553 42 14 mer
460 546 79 26 likgiltig
549 547 29 19 för
586 545 106 25 reformen;
705 546 59 19 hvar-

29 575 45 18 ;mot
94 578 24 15 en
139 573 80 20 kortare
238 579 45 14 men
303 573 76 20 ändock
395 573 72 26 ganska
485 573 101 25 tillräcklig
599 572 131 20 beredelsetid
745 573 21 18 af

30 599 23 20 vå
75 601 57 24 högst
151 603 30 16 tre
197 599 21 20 år
236 600 62 19 skulle
312 600 63 20 bättre
390 600 50 20 hålla
454 599 202 27 uppmärksamheten
670 600 38 18 och
723 605 41 13 om-

31 626 61 19 anken
108 626 62 20 vakna
185 629 51 17 samt
250 626 83 20 sålunda
347 627 47 24 göra
404 627 111 20 reformens
525 625 152 27 genomförande
687 626 76 24 lättare,

30 658 37 15 nen
81 653 103 26 ingalunda
198 653 88 24 svårare,
302 654 24 19 än
341 653 79 25 sexårig
434 653 121 20 anståndstid
569 653 37 19 kan
618 651 144 20 åstadkomma.

74 679 48 20 Häri
136 680 93 19 förenade
244 679 29 26 sig
282 679 175 21 Kommerserådet
467 679 66 25 Wolff,
545 679 150 25 Borgmästaren
705 679 60 19 Ther-

31 706 38 20 nen
82 706 38 20 och
134 706 194 26 Landtdagsmannen
342 708 95 24 Hagman,

227 888 93 20 Finlands
340 889 86 19 ständers
441 896 45 12 svar
504 888 12 19 &
535 887 71 25 nädiga
622 888 142 24 propositionen

160 917 96 25 angående
271 918 94 18 särskilda
374 917 142 26 förändringar
531 916 23 26 af
565 915 72 20 landets
654 914 53 23 mått,
727 914 38 20 mål

159 947 33 18 och
207 948 44 24 vigt.

181 989 219 20 (Ekonomie-Utskottets
414 989 113 19 betänkande
539 989 34 18 N:o
585 990 19 18 4)

307 1037 58 20 S.A.
381 1037 23 20 K.
421 1043 17 13 o.
457 1037 21 19 S.

75 1091 65 20 Eders
154 1090 107 27 Kejserliga
276 1090 89 25 Majestät
380 1091 35 18 har
429 1090 5 19 i
449 1095 24 14 en
487 1089 89 20 Finlands
592 1087 98 21 ständerä
702 1088 63 19 Jenna

37 1118 76 25 indtdag
127 1118 85 25 förelagd
227 1117 127 26 proposition,
370 1117 5 19 i
389 1116 66 21 Näder
470 1117 57 20 eskat
540 1115 115 20 ständernas
667 1114 98 20 underdä-

37 1146 28 25 iga
81 1145 98 20 utlåtande
193 1145 55 19 öfver
263 1143 82 26 följande
360 1143 74 26 frågor:

76 1173 33 18 1:0
123 1177 33 13 om
170 1171 44 19 icke
228 1171 25 19 de
267 1171 50 19 olika
332 1172 41 24 slag
387 1171 21 19 af
425 1170 68 25 vigter,
513 1169 64 20 hvilka
596 1168 61 20 under
673 1173 53 24 namn
746 1169 21 18 af

39 1198 126 25 -apelstads
152 1190 16 37 ,-
174 1199 78 23 bergs-,
265 1196 109 25 tackjerns-
388 1197 38 19 och
440 1195 152 27 uppstads-vigt
606 1196 34 18 äro
655 1194 29 19 för
698 1195 67 19 metal-

39 1230 24 14 rs
77 1225 83 25 vägning
175 1224 4 19 i
194 1224 95 19 särskilda
313 1224 28 19 fall
363 1223 122 25 föreskrifna,
509 1222 66 20 kunde
595 1223 45 17 utan
660 1221 106 25 olägenhet

39 1254 52 16 anast
105 1251 41 19 helt
160 1250 37 20 och
211 1250 60 20 hållet
285 1250 103 23 afskaffas;
661 1273 49 3 NIKON

76 1278 34 19 2:0
125 1276 97 20 huruvida
237 1276 3 19 i
256 1276 105 26 beräkning
375 1277 20 18 af
403 1276 56 24 mått,
471 1275 37 20 mål
519 1275 37 19 och
566 1274 40 25 vigt
622 1273 143 20 decimalindel-

40 1304 36 26 ing,
93 1304 45 19 med
154 1303 134 21 bibehållande
302 1303 21 20 af
335 1303 25 20 de
374 1303 67 19 hittills
454 1302 87 26 brukliga
556 1301 114 23 enheterna,
686 1300 27 19 fot
727 1300 38 19 och

41 1331 76 19 iktualie
133 1330 104 24 skålpund,
253 1330 66 18 kunde
333 1330 78 21 införas,
427 1329 48 18 eller

78 1356 33 19 3:0
125 1362 32 13 om
172 1355 18 25 ej
205 1356 110 24 lämpligast
331 1361 46 12 vore
395 1357 28 17 att
443 1354 121 19 omedelbart
584 1352 79 25 öfvergä
685 1352 27 19 tili
733 1352 34 18 det

41 1382 79 19 ietriska
136 1384 97 24 systemet
247 1383 45 23 och,
308 1381 5 19 i
327 1381 53 19 detta
394 1381 39 24 fall,

78 1410 33 19 4:0
126 1408 80 20 hvilken
221 1407 34 25 tid,
272 1413 44 15 som
331 1407 84 26 ansäges
429 1406 83 26 behöflig
527 1405 29 20 för
570 1405 67 26 nödiga
648 1404 119 20 förberedel-

42 1442 17 13 ar
73 1435 26 21 till
115 1435 54 20 detta
184 1438 88 24 systems
285 1434 105 21 införande.
679 1447 2 2 .
