989 1711
201 144 46 33 1644
416 147 70 22 Nådiga
498 148 140 22 Propositionen
652 147 36 17 N:o
701 148 27 16 50.

204 197 86 25 skrifter,
306 203 43 13 som
364 197 30 19 för
407 197 35 18 det
454 197 121 19 närvarande
589 196 92 26 utgifvas.
711 197 55 18 Dock
781 195 82 26 beviljas
883 196 59 19 deras

203 213 105 36 utgifvare,
323 224 30 19 för
368 223 93 20 ställande
476 223 21 18 af
509 223 37 19 den
560 216 62 25 under
636 228 60 14 mom.
713 223 9 18 4
739 223 93 24 stadgade
842 223 98 24 säkerhet,

204 255 24 14 en
243 250 26 19 tid
285 240 23 29 af
318 249 41 26 fyra
375 250 80 24 veckor,
472 249 71 20 räknad
559 249 41 20 från
615 249 37 20 den
667 249 43 25 dag,
721 248 25 21 då
756 238 62 31 denna
831 239 112 35 förordning

204 276 66 19 träder
284 276 4 19 i
304 276 134 19 verksamhet.

258 308 36 19 För
308 308 25 19 de
346 308 5 19 i
367 314 60 14 mom.
444 309 31 23 40,
493 309 22 19 11
532 309 37 18 och
584 308 23 19 12
623 307 116 20 omnämnda
755 308 30 19 fail
796 308 49 24 gålle
854 308 90 25 stadgan-

204 336 50 19 dena
269 335 4 19 i
288 335 11 25 $
315 335 24 19 32
354 336 27 18 uti
397 335 109 25 tillämpliga
521 334 54 20 delar
589 335 26 19 till
630 334 138 20 efterrättelse.

535 410 13 20 4
562 410 54 25 Kap.

488 470 30 18 Om
534 469 127 23 boktryckeri.

547 520 11 25 $
573 520 32 19 14.

259 554 131 40 Boktryckeri
404 558 30 19 får
447 558 81 20 inrättas
543 558 20 19 af
575 556 68 26 hvarje
658 564 78 19 person,
753 564 43 13 som
810 558 84 26 uppnått
908 558 38 25 tju-

207 588 55 22 guelt
276 585 33 20 års
324 584 60 25 ålder,
401 585 78 20 innehar
493 584 52 20 finsk
560 584 175 29 medborgarerätt,
752 590 46 21 eger
811 585 41 19 fritt
872 585 73 25 förfoga

207 612 55 19 öfver
276 613 30 24 sig
320 612 38 18 och
373 601 33 30 sitt
422 611 55 25 gods,
494 614 51 17 samt
560 617 17 19 ej
593 610 61 21 blifvit
668 611 59 20 dömd
743 595 34 45 för
797 612 69 25 nesligt
886 612 58 23 brott;

206 639 52 19 dock
272 639 46 19 med
333 637 122 27 iakttagande
469 638 20 19 af
501 638 24 19 de
540 637 69 26 vilkor,
626 643 43 14 som
683 637 133 26 efterföljande
831 626 26 38 s
868 639 5 19 i
894 628 52 30 detta

207 665 70 26 kapitel
292 665 5 20 i
313 653 93 32 afseende
420 665 11 19 å
446 665 59 20 sådan
520 654 115 35 inrättnings
649 665 101 20 drifvande
763 665 102 20 innehålla.

547 719 10 25 $
573 719 30 20 15.

260 758 128 27 Boktryckeri
405 757 30 20 mä
451 757 17 25 ej
483 757 20 20 af
516 757 61 26 någon
592 757 74 20 drifvas
681 757 128 20 annorstädes
830 761 23 16 än
868 758 4 19 i
895 759 50 20 stad.

208 785 60 24 Hvar,
285 791 43 14 som
344 785 90 19 häremot
447 785 74 26 bryter,
537 785 45 18 böte
596 786 77 17 ettusen
684 784 55 20 mark
749 785 37 19 och
801 785 58 30 hafve
874 785 74 20 förver-

208 811 33 20 kat
256 801 197 37 tryckeriredskapen
467 811 64 20 under
544 812 86 19 Kronan.

548 864 10 26 $
573 865 31 19 16.

261 904 55 19 Hvar
331 904 38 19 och
384 910 30 15 en,
431 908 43 14 som
489 904 30 19 vill
535 904 77 24 anlägga
628 905 42 24 nytt
684 903 86 31 tryckeri
791 904 47 19 eller
859 904 35 19 ock
915 910 33 20 ge-

208 935 46 14 nom
268 930 30 19 arf
310 930 48 20 eller
372 932 57 18 annat
443 930 42 25 laga
500 930 45 26 fång
560 930 61 20 blifvit
635 935 58 21 egare
708 930 20 19 af
741 929 68 21 sådant
824 931 55 23 verk,
900 937 48 14 vare

209 956 84 27 skyldig,
310 957 42 26 ifall
362 957 37 19 han
414 944 70 32 önskar
498 945 85 37 begagna
598 946 116 35 detsamma,
731 959 26 17 att
772 958 69 19 derom
855 959 45 24 göra
914 964 34 14 an-

210 985 63 18 målan
288 973 36 30 hos
339 984 161 26 Öfverstyrelsen
513 984 30 19 för
558 973 165 36 pressärenderna
738 984 40 19 och
790 984 23 20 då
828 973 58 31 tillika
902 985 45 20 med

208 1010 122 26 fullständiga
345 1010 56 20 bevis
416 1006 67 24 utreda
498 1013 28 17 alt
540 1011 37 19 han
592 1010 79 20 innehar
685 1010 39 20 den
739 1010 54 20 ålder
802 1012 38 18 och
855 1012 25 19 de
890 1018 58 20 egen-

209 1038 78 24 skaper,
304 1038 61 18 som
355 1032 15 36 i
384 1038 9 24 $
411 1039 24 18 14
453 1039 33 18 äro
504 1038 29 18 för
550 1038 36 19 slik
603 1038 87 18 förmons
707 1036 113 26 åtnjutande
837 1039 108 24 bestämda;

208 1054 100 31 hvarefter
323 1061 160 33 Öfverstyrelsen
498 1064 35 19 har
548 1067 27 17 au
595 1064 44 20 med
661 1064 60 20 sådan
742 1065 87 19 anmälan
850 1066 71 20 förfara
942 1066 6 19 i

209 1091 62 20 likhet
286 1091 44 19 med
345 1091 52 19 hvad
411 1092 4 18 i
431 1091 10 25 $
455 1092 24 18 43
495 1097 60 13 mom.
571 1091 11 19 3
597 1093 22 18 är
633 1091 90 25 stadgadt
733 1096 31 14 om
774 1088 173 29 Öfverstyrelsens

208 1117 142 25 handläggning
364 1117 20 19 af
398 1112 61 25 skedd
473 1118 88 19 anmälan
576 1123 31 14 om
622 1106 96 31 åstundan
729 1120 27 16 att
765 1117 73 25 utgifva
848 1119 100 24 periodisk

209 1144 63 19 skrift.
302 1144 60 18 Innan
379 1140 160 32 Ölverstyrelsen
560 1144 97 19 meddelat
677 1142 84 21 tillstånd
783 1144 26 20 till
830 1145 118 25 tryckeriets

208 1170 103 19 drifvande
326 1169 31 20 må
372 1175 17 19 ej
404 1170 109 19 detsamma
528 1170 103 25 begagnas,
644 1170 31 19 vid
686 1171 33 18 bot
729 1170 20 19 af
757 1170 115 20 femhundra
883 1172 63 20 mark.

209 1196 69 20 Finnes
294 1202 76 19 egaren,
388 1196 60 20 sedan
463 1196 45 20 slikt
522 1185 84 31 tillstånd
621 1186 45 30 erhå
664 1196 50 24 illits,
729 1197 57 19 hafva
798 1197 78 19 förlorat
887 1198 61 26 någon

210 1223 19 19 af
242 1222 24 20 de
280 1211 36 31 för
324 1208 178 48 tillgodonjutandet
515 1223 57 19 deraf
584 1224 5 18 i
603 1223 11 25 $
629 1224 25 18 14
668 1213 95 35 stadgade
773 1223 129 26 egenskaper,
914 1231 35 19 ege

210 1246 159 31 Öfverstyrelsen
384 1252 53 15 emot
451 1249 138 24 inrättningens
604 1250 66 18 vidare
684 1239 102 29 dritvande
800 1250 29 18 för
841 1250 49 19 hans
904 1240 45 30 räk-

209 1280 43 20 ning
267 1274 89 20 meddela
370 1274 76 20 förbud.

549 1327 10 27 $
575 1329 31 19 17.

262 1366 38 20 Om
315 1366 132 27 boktryckare
462 1368 20 19 af
495 1373 23 14 en
533 1368 46 19 eller
594 1372 63 14 annan
671 1368 59 19 orsak
744 1367 25 26 pä
783 1366 63 27 någon
860 1368 27 20 tid
907 1370 41 19 hin-

208 1393 48 19 dras
270 1396 30 17 att
312 1393 46 26 sjelf
370 1394 62 19 drifva
447 1394 33 20 sitt
493 1394 56 26 yrke,
566 1393 31 21 mä
613 1393 70 21 sådant
698 1394 36 20 ske
751 1400 71 20 genom
836 1395 63 21 dertill
914 1402 33 14 an-

209 1422 57 29 tagen
280 1420 141 26 föreståndare,
438 1421 77 20 hvilken
530 1422 80 19 innehar
625 1421 24 19 de
663 1421 4 19 i
683 1421 9 25 $
707 1422 25 19 14
746 1422 116 20 föreskrifna
884 1422 64 21 ålders

208 1445 24 21 är
246 1447 36 19 och
298 1433 126 44 egenskaper;
440 1448 50 19 dock
506 1448 41 25 bör,
563 1448 56 20 innan
633 1447 62 26 någon
711 1449 57 19 skrift
782 1449 30 20 för
829 1449 119 21 förestånda-
