992 1703
194 141 49 30 1664
416 144 70 22 Nädiga
498 145 141 22 Propositionen
651 143 36 18 N:o
700 144 28 17 50.

194 195 39 19 den
255 194 83 25 sällsynt
358 193 133 26 endrägtighet
510 196 45 23 togo
576 193 103 19 initiativet
699 192 27 21 till
747 192 47 19 dess
807 191 128 26 afskaffande,

194 221 77 20 hvilket
284 220 76 20 skedde
374 225 70 20 genom
458 220 68 25 Kongl.
536 219 144 25 Förordningen
689 219 38 19 den
736 219 12 18 2.
759 218 110 20 December
877 219 58 24 1766,

174 249 1 3 *
194 253 45 13 som
260 247 57 19 likväl
336 246 83 21 bibehöll
436 246 38 20 den
488 247 53 18 förut
554 245 20 20 ät
587 245 135 25 Jomkapitlen
737 245 50 25 gifna
802 245 93 25 rättighet
908 247 29 17 att

194 279 110 14 censurera
324 273 79 20 skrifter
424 273 19 19 af
463 273 85 25 religiöst
568 271 91 21 innehåll.
689 272 65 19 Denna
769 271 167 26 tryckfrihetslag,

194 305 45 14 som
253 299 131 26 uttryckligen
398 299 120 20 förklarades
533 304 47 14 vara
594 299 21 18 af
627 298 106 26 grundlags
746 300 64 22 natur,
825 297 42 20 blef
878 297 58 21 likväl

194 327 20 18 af
227 327 45 18 kort
288 326 129 25 varaktighet.
440 326 82 18 emedan
537 325 114 19 densamma
666 325 33 19 vid
713 324 72 20 Gustaf
797 325 46 19 III:s
857 325 80 18 revolu-

193 352 40 20 tion
254 352 40 19 blef
313 352 112 25 inbegripen
443 352 64 20 ibland
521 352 24 19 de
559 351 55 19 äldre
627 351 124 25 grundlagar,
767 356 43 13 som
826 350 110 25 upphäfdes

193 384 71 20 genom
286 379 25 19 39
330 378 10 25 $
360 378 20 20 af
400 379 50 19 1772
472 377 33 20 års
521 377 168 26 Regeringsform.
718 377 127 19 Sistnämnde
859 376 78 26 konung

194 404 102 20 utfärdade
316 404 58 21 likväl
397 404 43 20 kort
462 404 93 24 derefter,
577 406 46 17 utan
644 404 121 19 Ständernas
786 403 93 21 hörande,
898 403 39 20 den

195 434 54 17 ännu
269 431 88 25 gällande
377 430 271 26 tryckfrihetsförordningen'
669 430 21 19 af
708 430 38 19 den
766 430 25 19 26
808 429 53 25 April
877 430 58 24 1774,

194 457 82 21 hvilken
291 457 116 25 visserligen
422 457 5 19 i
442 457 25 19 de
484 457 56 19 flesta
554 456 55 20 delar
623 456 188 20 öfverensstämmer
825 456 46 19 med
886 456 51 20 1766

194 483 34 21 års
248 483 160 27 tryckfrihetslag
425 494 26 4 —
468 483 57 19 äfven
543 482 41 20 deri
599 485 28 17 att
640 482 148 26 domkapitlens
802 482 93 26 rättighet
909 485 28 17 att

194 516 106 15 censurera
315 510 89 26 religiösa
418 510 79 19 skrifter
511 509 112 20 bibehållits
633 520 26 3 —
669 514 45 14 men
724 508 57 20 likväl
792 508 5 20 i
807 508 60 20 andra
881 508 54 20 delar

195 536 109 21 innehåller
318 536 122 26 väsendtliga
454 536 107 20 afvikelser
574 535 49 20 ifrån
637 535 38 20 den
689 536 60 19 förra.
769 535 32 20 Till
817 534 59 21 dessa
890 535 48 19 afvi-

193 564 67 19 kelser
281 564 59 20 hörer
359 562 18 26 ej
399 562 83 20 allenast
497 562 38 20 den
549 562 78 26 vigtiga,
642 565 28 17 att
685 562 51 20 1774
751 560 33 21 års
798 561 138 27 tryckfrihets-

194 590 111 25 förordning
325 589 43 20 icke
388 594 55 15 mera
464 590 22 19 är
505 595 24 13 en
549 589 100 25 grundlag,
666 591 46 17 utan
726 589 59 20 äfven
799 588 136 25 stadgandet
925 584 14 35 i

194 616 48 20 dess
256 616 12 20 2
282 616 16 25 $,
316 616 78 21 hvilken
407 616 26 20 till
448 616 34 20 det
494 616 5 19 i
515 616 52 20 1766
580 614 34 21 års
628 615 111 25 förordning
753 615 77 25 intagna
845 614 91 21 förbudet

194 645 28 17 att
236 642 100 21 »bestrida
350 643 47 20 eller
410 642 89 20 anfäkta«
514 642 62 20 rikets
585 642 125 26 grundlagar,
721 642 62 20 hvars
793 641 143 20 öfverträdelse

194 669 35 20 der
250 675 35 14 var
306 669 69 25 belagd
396 669 46 19 med
462 669 106 20 trehundra
587 668 65 20 dalers
668 669 64 23 böter,
751 668 59 25 tillagt
824 668 70 20 förbud
908 670 29 17 att

194 695 75 21 skrifva
284 695 46 20 eller
344 695 39 20 låta
397 695 69 26 trycka
482 694 64 27 något,
562 701 44 14 som
620 697 68 17 »rörer
702 694 48 21 eller
759 693 88 26 qväljer«
861 695 76 19 Monar-

194 722 50 20 kens
255 723 38 18 och
303 722 62 19 rikets
380 721 110 26 »majestät,
505 723 72 24 höghet
591 722 38 19 och
643 723 57 22 rätt«,
716 721 33 20 allt
763 721 33 19 vid
808 721 91 20 äfventyr
909 723 28 17 att

193 754 60 14 anses
274 747 68 22 såsom
358 748 116 20 Monarkens
492 749 38 19 och
546 748 62 20 rikets
623 747 87 20 »fiende«
727 749 52 19 samt
793 750 58 17 »utan
866 753 70 14 skons-

193 775 39 20 mål
246 775 70 20 dömas
329 775 39 20 och
382 774 84 25 straffas,
482 781 44 13 som
540 776 29 25 lag
583 775 6 18 i
603 774 143 25 högmålsbrott
756 773 67 20 vidare
834 774 99 25 stadgar«,

193 801 19 20 d.
230 807 19 14 v.
265 807 17 14 s.
305 801 58 26 enligt
377 802 9 19 4
403 801 11 25 $
432 802 11 19 5
460 801 45 26 kap.
521 803 26 18 M.
563 802 28 23 B.,
614 801 76 20 hvilket
709 801 76 25 lagrum
806 800 129 20 föreskrifver

194 827 108 20 dödsstraff
313 829 30 19 för
356 828 38 19 den
408 833 44 14 som
467 828 111 26 »lasteligen
593 828 48 19 talar
655 828 48 20 eller
717 827 86 21 skrifver
812 826 71 27 nägot«
894 830 41 17 mot

193 857 102 23 regenten.
324 854 117 27 Betydelsen
462 855 20 19 af
500 855 53 20 detta
571 855 71 25 vigtiga
661 854 108 25 stadgande
783 855 55 19 inses
851 854 42 24 lätt,
909 853 25 21 dä

193 883 68 18 nästan
276 882 32 19 allt
327 881 81 20 klander
425 882 21 19 af
458 887 24 14 en
496 881 168 26 regeringsätgärd
680 881 37 19 kan
733 881 94 20 förklaras
842 881 93 20 innebära

194 911 27 16 ett
242 907 128 26 »gväljande«
388 908 20 19 af
420 908 116 20 Monarkens
553 909 38 18 och
606 908 63 19 rikets
683 906 111 26 »majestät,
809 907 74 26 höghet
897 908 38 19 och

194 936 58 22 rätt«;
268 935 38 19 och
320 936 27 17 att
361 934 83 20 nämnda
459 935 108 25 stadgande
581 935 5 18 i
602 935 51 19 1774
667 934 34 19 års
715 933 111 26 förordning
835 933 58 21 äfven
903 933 32 20 sä-

193 961 57 19 lunda
272 961 124 25 uppfattades
414 961 20 19 af
449 961 78 26 konung
544 960 71 21 Gustaf
628 961 30 23 IH,
675 960 86 25 framgår
775 966 24 14 ur
812 960 39 19 den
866 961 20 19 af
898 961 34 18 ho-

193 993 45 14 nom
252 987 109 25 utfärdade,
378 990 52 17 ännu
444 987 87 26 gällande
545 987 68 26 Kongl.
630 987 131 26 Kungörelsen
776 987 36 20 och
829 987 105 25 varningen

192 1014 21 18 af
231 1014 38 19 den
290 1014 11 18 7
323 1014 47 19 Dec.
394 1014 57 23 1787,
474 1014 55 19 hvari
546 1013 104 25 konungen
668 1014 45 19 fann
727 1014 29 18 för
771 1013 46 25 godt
831 1016 28 16 att
873 1019 61 14 varna

192 1040 42 19 sine
248 1039 124 23 undersäter,
389 1042 34 22 att,
440 1039 80 21 »sävida
535 1040 24 20 Je
574 1040 42 20 vela
632 1040 84 19 undvika
730 1039 34 20 det
778 1040 5 18 i
797 1040 76 24 Lagens
887 1039 47 21 äbe-

193 1066 73 25 ropade
281 1072 44 13 rum
340 1066 19 24 (1
374 1066 10 25 $
399 1067 11 18 5
425 1066 45 25 kap.
485 1067 25 19 M.
526 1067 30 24 B.)
572 1069 73 17 utsatte
660 1066 61 24 straff,
737 1072 50 19 noga
801 1068 43 23 taga
859 1066 29 25 sig
895 1066 39 20 till-

192 1098 54 19 vara,
262 1092 32 20 det
309 1093 25 19 de
348 1093 88 19 hvarken
450 1093 66 19 skrift-
530 1093 47 19 eller
591 1092 131 26 mundteligen
737 1093 47 19 eller
792 1098 72 19 genom
873 1092 59 26 tryck

192 1119 42 19 fälla
256 1118 104 26 obehöriga
381 1120 37 18 och
440 1118 75 26 vränga
534 1119 106 19 omdömen
661 1120 56 18 öfver
736 1119 25 19 Je
778 1118 153 26 författningar«,

192 1148 92 22 regenten
306 1146 38 19 till:
359 1145 68 20 Rikets
442 1145 58 20 fördel
516 1147 38 18 och
571 1148 55 24 nytta
641 1146 101 24 vidtagite,
765 1146 48 19 eller
827 1146 106 20 framdeles

191 1171 47 26 säge
253 1172 29 24 sig
296 1171 106 20 föranläten
417 1174 27 17 att
459 1172 84 25 vidtaga.

244 1198 77 20 Genom
330 1198 128 20 omförmälda
472 1198 105 26 stadgande
591 1199 5 18 i
611 1199 11 19 2
632 1198 10 26 $
651 1199 21 19 at
681 1199 51 19 4774
747 1198 33 20 års
794 1198 139 26 tryckfrihets-

192 1224 112 26 förordning
325 1225 38 19 och
384 1224 52 20 1787
456 1224 33 20 års
507 1224 123 26 kungörelse,
646 1228 52 17 samt
712 1225 24 20 dä
751 1231 24 14 en
789 1225 142 20 öfverträdelse

190 1252 21 16 af
223 1252 11 17 2
250 1251 10 24 $
273 1251 6 17 i
294 1252 51 18 1774
365 1250 33 19 års
415 1251 110 24 författning
540 1252 98 18 medförer
651 1251 59 19 straff
721 1251 18 25 ej
754 1252 82 18 allenast
849 1251 30 19 för
892 1252 39 18 för-

190 1277 88 23 fattaren,
303 1279 45 17 utan
368 1277 57 19 äfven
442 1277 57 24 enligt
516 1278 13 18 4
543 1276 10 25 $
567 1277 28 19 för
611 1276 151 26 boktryckaren,
778 1277 51 19 kade
843 1276 88 26 följ.ktli-

189 1307 37 21 gen
241 1301 69 26 hvarje
330 1302 59 20 kritik
404 1302 20 19 af
436 1308 25 13 en
475 1302 170 26 regeringsätgärd
661 1303 64 20 blifvit
740 1303 79 20 förenad
834 1303 45 20 med
893 1303 38 20 den

189 1332 72 17 största
282 1330 47 22 fara,
352 1330 38 19 och
410 1328 78 21 således
505 1329 60 20 också
580 1330 24 20 all
619 1329 24 20 fri
656 1330 115 20 diskussion
786 1336 32 14 om
833 1330 97 26 offentliga

190 1356 161 25 angelägenheter
371 1355 65 20 blifvit
455 1356 136 25 tillintetzjord,
614 1356 59 20 redan.
690 1356 58 20 innan
763 1356 37 20 den
814 1358 116 24 preventiva

188 1387 99 14 censuren
301 1382 5 19 i
321 1382 78 20 Finland
420 1381 167 26 återupplifvades
601 1389 71 20 genom
686 1382 83 26 Kejserl.
785 1383 144 26 Förordningen

190 1409 38 20 den
242 1410 25 19 44
281 1409 89 21 Oktober
385 1409 57 20 1829.
472 1408 28 21 Då
514 1409 63 21 härtill
591 1409 64 21 måste
669 1411 68 25 läggas
751 1409 94 28 åtskilliga
859 1410 68 24 andra,

191 1435 42 21 dels
247 1436 21 20 af
280 1436 72 21 Gustaf
364 1436 32 25 III,
412 1437 38 19 och
465 1435 42 21 dels
521 1436 62 21 under
597 1436 71 21 Gustaf
680 1437 26 21 IV
721 1437 67 21 Adolfs
802 1436 129 27 minderårig-
