995 1703
197 163 44 20 1684

412 161 70 22 Nädiga
493 161 140 22 Propositionen
646 160 37 17 N:o
696 160 27 17 50.

298 219 36 19 gen
347 212 97 25 fortfara;
464 211 44 19 eller
522 210 98 26 förklarat
639 210 68 19 honom
720 210 166 25 utgifningsrätten
894 209 43 25 för-

300 241 63 24 lustig,
378 239 63 20 såsom
455 241 7 17 i
476 238 16 27 $
506 239 27 19 32
547 244 53 13 mom.
616 238 12 19 7
642 237 66 20 vidare
722 240 61 23 säges.

334 268 37 20 9:0.
405 267 31 20 Uti
454 267 106 26 periodiska
574 267 75 24 skrifter
657 265 33 26 få,
709 268 46 17 utan
770 264 84 21 tillstånd
868 265 24 21 af
903 265 35 19 den

300 297 86 19 litterära
401 302 75 19 egaren,
492 295 53 20 såväl
558 294 98 27 aftryckas
671 300 40 13 som
726 295 7 18 i
745 294 134 25 öfversättning
889 292 50 20 äter-

299 326 61 24 gijvas
380 325 17 24 ej
415 324 71 19 mindre
501 323 82 26 stycken,
599 323 61 19 hvilka
669 323 56 24 förut
740 322 57 23 blifvit
811 321 107 20 meddelade
932 322 9 18 i

301 352 99 20 enahanda
416 352 49 22 blad,
484 355 25 15 än
524 351 33 19 ock
570 350 77 20 kortare
661 350 69 26 utdrag
744 357 24 12 ur
782 350 76 25 skrifter
873 349 65 25 offent-

301 380 92 26 liggjorda
409 382 6 17 i
430 386 62 13 annan
506 380 60 23 form;
585 379 46 19 dock
646 379 48 19 skall
709 379 64 19 källan
787 378 106 26 uppgifvas,
908 377 31 20 vid

301 409 31 19 bot
341 410 23 24 af
371 408 52 26 tjugu
436 408 54 20 mark
499 408 35 25 för
548 407 64 25 hvarje
625 406 51 26 gång
692 406 68 20 sådant
774 406 112 20 underlåtes.

335 437 45 19 10:o
396 437 32 19 och
443 436 47 20 11:0.
520 436 32 26 (Af
567 440 75 14 samma
659 434 83 20 innehåll
761 440 43 14 som
822 435 23 19 11
862 435 37 18 och
915 434 23 19 12

303 468 134 16 momenterna
452 464 5 19 i
472 464 135 25 prositionen.)

335 492 49 19 12:o.
414 491 56 19 Hvad
489 493 7 17 i
515 491 62 19 denna
591 490 17 28 $
621 490 86 26 stadgas,
725 490 49 26 gälle
793 490 54 25 äfven
866 490 23 19 de
907 496 32 19 pe-

301 520 84 20 riodiska
400 520 81 25 skrifter,
496 526 41 13 som
546 520 35 24 för
595 519 30 19 det
639 518 120 20 närvarande
774 519 87 25 utgifvas.

336 548 40 19 För
394 548 22 20 de
436 550 6 17 i
460 554 54 13 mom.
533 548 21 22 9,
573 547 28 19 10
620 547 33 19 och
673 546 24 20 11
716 546 113 20 omnämnda
838 546 40 26 fall
890 547 50 25 gälle

301 576 131 26 stadgandena
447 578 7 17 i
468 576 15 27 $
498 576 26 19 32
539 578 27 18 uti
581 576 110 25 tillämpliga
706 575 53 20 delar
774 575 28 19 till
811 575 129 25 efterrättelse.

581 662 14 20 4
609 663 54 25 Kap.

533 719 30 18 Om
579 718 127 23 boktryckeri.

557 786 31 27 $$
603 786 84 20 14—16.

343 819 138 39 (Likalydande
495 833 46 18 med
556 837 75 15 samma
645 831 21 26 $$
681 832 5 19 i
700 832 164 25 propositionen.)

593 897 15 26 $
622 897 31 20 17.

338 937 32 20 Om
390 938 123 26 boktryckare
532 938 24 23 af
571 943 23 13 en
615 937 45 20 eller
679 943 64 13 annan
763 937 56 19 orsak
837 936 27 27 på
878 937 63 26 någon

302 967 27 19 tid
348 967 77 18 hindras
445 969 28 16 att
489 966 45 25 sjelf
544 965 62 26 drifva
620 966 32 18 sitt
664 965 55 26 yrke,
735 964 30 20 må
780 965 69 20 sådant
863 965 33 20 ske
908 972 32 19 ge-

302 1001 44 13 nom
364 995 62 19 dertill
440 997 81 23 antagen
530 993 142 26 föreståndare,
688 993 73 20 hvilken
775 994 77 19 innehar
866 994 23 19 de
904 995 7 18 i
925 993 17 28 $

302 1022 26 20 14
341 1022 118 26 föreskrifna
479 1022 62 19 ålders
556 1021 23 20 år
593 1022 33 18 och
641 1021 120 25 egenskaper.
792 1022 51 18 Dock
858 1022 34 19 bör
907 1029 33 12 an-

302 1051 64 19 mälan
380 1057 31 13 om
423 1050 144 28 föreståndares
582 1050 108 24 antagande
704 1051 49 18 inom
768 1049 40 19 åtta
823 1050 62 26 dagar
900 1050 41 20 der-

302 1080 47 24 efter
366 1079 31 19 ske
416 1078 33 20 hos
470 1074 145 30 Öfverstyrelsen
631 1078 45 19 eller
692 1078 41 27 dess
749 1078 121 19 ombudsman
884 1077 12 20 ä
912 1084 28 14 or-

302 1110 37 20 ten,
362 1107 72 19 hvilken
454 1113 43 19 eger
512 1109 27 16 att
554 1106 63 19 derom
633 1106 26 19 till
675 1103 148 29 Öfverstyrelsen
837 1106 103 25 ofördröjli-

300 1142 36 18 gen
356 1135 98 19 wberätta.
485 1134 123 20 Försummar
627 1134 123 26 boktryckare
768 1134 61 20 sådan
843 1135 96 23 anmälan,

302 1163 41 19 böte
356 1162 119 28 femhundra
485 1163 53 19 mark
554 1163 33 19 och
601 1168 45 14 vare
659 1162 46 26 sjelf
714 1164 31 22 för
761 1163 97 25 tryckeriet
873 1169 67 14 ansva-

301 1193 36 23 rig.
368 1191 71 19 Finner
460 1191 153 26 Öfverstyrelsen,
633 1190 32 20 vid
678 1192 91 24 pröfning
784 1192 23 25 af
812 1192 128 25 förenämnda

302 1220 96 22 anmälan,
413 1219 35 19 den
463 1222 81 22 antagne
553 1218 148 26 föreståndaren
716 1219 61 19 sakna
792 1220 22 19 de
827 1221 7 18 i
843 1218 16 28 $
868 1219 25 19 14
903 1226 37 13 om-

301 1248 83 18 nämnda
403 1248 114 24 egenskaper
535 1248 33 18 och
587 1248 74 24 derföre
681 1247 46 19 böra
742 1248 75 24 ogillas,
831 1248 109 18 underrätte

302 1275 63 19 derom
377 1277 67 23 genast
459 1274 142 26 boktryckaren,
617 1274 73 19 hvilken
704 1276 7 17 i
725 1274 62 20 sådan
801 1274 88 20 händelse
899 1274 45 26 sjelf

301 1302 35 20 bör
349 1309 82 13 ansvara
441 1303 36 25 för
491 1303 30 19 det
536 1302 59 26 tryck,
611 1309 38 13 som
665 1302 35 20 den
710 1303 80 25 ogillade
796 1302 143 26 föreståndaren

302 1330 99 21 emellertid
416 1330 40 20 låtit
465 1330 47 28 från
528 1331 99 26 tryckeriet
641 1330 52 26 utgå.

335 1360 42 25 Lag
392 1366 72 13 samma
478 1366 46 13 vare
538 1366 29 13 om
583 1360 115 25 boktryckeri
712 1360 113 19 arrenderas
839 1360 45 20 eller
892 1367 47 18 upp-

302 1387 46 20 låtes
372 1388 26 20 till
421 1388 87 19 konkurs.
544 1388 42 19 Dör
607 1387 123 27 boktryckare
748 1388 34 20 och
801 1389 72 19 lemnar
891 1389 47 19 enka

301 1417 46 25 efter
362 1418 34 24 sig,
407 1423 37 19 ege
459 1417 43 23 hon,
518 1416 59 20 ehvad
591 1416 54 20 ålder
659 1417 37 19 hon
709 1417 85 23 innehar,
809 1418 89 25 rättighet
912 1420 28 17 att

300 1445 60 20 under
374 1451 46 19 egen
434 1445 120 26 ansvarighet
569 1445 44 20 eller
625 1451 66 20 genom
706 1447 88 24 ansvarig
803 1445 136 26 föreståndare
