1003 1703
214 135 44 32 1350
427 140 71 21 Nådiga
510 140 139 22 Propositionen
661 139 37 16 N:o
710 138 28 17 40.

213 188 101 20 Utskottet
327 189 163 24 tillhandakomna
505 188 128 24 remisserna,
650 190 27 17 att
691 187 113 20 diskussion
819 187 4 19 i
834 188 65 19 ämnet
908 187 47 20 icke

213 215 37 18 hos
264 214 57 25 något
334 215 21 18 af
368 214 86 20 Stånden
469 214 81 26 föregått
564 214 157 25 propositionens
735 220 42 13 rem
786 213 95 20 tterande.

267 241 100 20 Utskottet
381 241 35 20 bör
432 243 35 17 ock
483 241 84 24 anmäla,
584 243 27 16 att
619 240 100 19 Utskottet
728 239 35 20 fått
773 243 95 22 emottaga
879 239 18 26 ej
907 239 48 20 min-

214 267 34 20 dre
269 267 34 20 det
320 267 72 25 förslag
405 267 25 20 till
446 267 147 26 ifrågavarande
608 266 130 26 proposition,
755 272 44 14 som
812 267 110 18 utarbetats
937 267 19 19 af

214 299 23 13 en
252 294 29 19 för
295 293 70 20 sådant
378 293 87 20 ändamål
480 295 5 18 i
500 294 59 19 slutet
574 294 20 18 af
607 293 118 20 sistförlidna
740 293 21 19 år
775 292 77 20 nedsatt
866 293 87 25 Komite,

214 321 24 18 än
252 321 69 24 utdrag
336 326 23 13 ur
373 320 125 25 protokollet,
512 320 52 20 fördt
574 320 31 19 vid
616 319 107 25 Kejserliga
734 321 95 18 Senatens
839 320 29 19 för
878 319 77 28 Finland

215 347 94 19 allmänna
324 347 78 24 plenum
417 346 37 20 den
469 348 25 18 20
509 346 51 26 April
570 346 132 19 innevarande
711 346 30 19 år.
770 346 37 19 Vid
816 346 81 19 anställd
905 352 51 18 jem-

215 372 71 20 förelse
300 373 82 19 emellan
397 373 82 19 berörda
494 373 70 24 förslag
579 373 37 19 och
630 372 37 19 den
680 372 75 25 Nådiga
765 372 146 25 propositionen
921 373 35 19 har

216 399 101 20 Utskottet
333 400 104 24 inhemtat,
456 403 27 16 att
496 399 63 20 denna
574 399 4 19 i
594 398 95 20 särskilda
704 399 53 19 delar
773 398 75 20 afviker
862 398 42 20 från
919 399 39 19 för-

216 426 69 24 slaget.
314 426 44 19 Och
372 425 71 20 tillåter
457 428 29 24 sig
500 426 99 19 Utskottet
613 428 37 22 att,
665 425 120 20 beträffande
795 424 55 20 såväl
860 424 59 20 dessa
929 426 27 18 af-

217 452 86 20 vikelser
320 457 44 14 som
381 452 37 20 den
436 452 128 26 omröstning,
580 452 89 24 hvilken,
685 452 58 24 enligt
757 452 51 19 hvad
823 452 134 25 nyssnämnda

216 478 179 26 protokollsutdrag
409 480 88 23 utreder,
514 481 31 23 egt
560 484 43 14 rum
617 478 5 19 i
636 477 107 26 Kejserliga
758 479 83 19 Senaten
856 478 32 20 vid
903 480 54 18 ären-

216 505 45 19 dets
278 504 112 27 ytterligare
407 506 105 24 beredning
530 505 115 25 derstädes,
661 505 81 19 hänvisa
757 506 26 18 till
797 504 60 26 sagde
872 505 87 19 handlin-

216 537 42 19 gar,
275 532 65 18 hvilka
354 531 96 27 härjemte
463 533 93 25 biläggas.

272 558 93 19 Deremot
379 564 58 14 anser
450 560 102 19 Utskottet
566 559 28 25 sig
608 558 44 20 icke
660 558 66 20 kunna
736 558 85 20 undvika
832 560 27 17 att
868 560 91 18 närmare

217 585 45 25 göra
280 584 48 20 redo
345 584 30 20 för
388 585 161 20 beskaffenheten
564 585 37 19 och
615 584 104 21 innehållet
733 584 21 19 af
767 584 59 25 några
842 585 59 19 andra
916 584 42 20 offi-

218 612 48 18 ciela
280 610 119 26 handlingar,
415 612 45 20 dem
475 611 107 26 Kejserliga
596 612 95 20 Senatens
703 611 117 25 Expedition
830 612 30 18 för
867 610 92 26 jordbru-

216 637 34 19 ket
265 638 38 18 och
316 638 96 20 allmänna
426 639 100 23 arbetena,
538 638 125 26 åberopande
675 638 145 25 ifrågavarande
830 637 73 27 Nådiga
913 644 45 19 pro-

216 664 94 24 position,
331 662 62 25 jemte
414 665 104 19 skrifvelse
539 665 20 18 af
574 666 37 18 den
628 666 12 18 2
656 664 102 19 nästvikne
772 664 87 20 Oktober
873 664 86 20 tillsändt

217 690 229 25 Ekonomie-Utskottet,
463 691 99 20 hvarifrån
574 691 101 19 desamma
685 691 113 19 sedermera
808 691 28 19 hit
845 690 112 20 aflemnats.

218 727 25 3 —
258 717 63 24 Enligt
335 717 51 19 hvad
401 718 60 25 sagde
475 717 113 26 handlingar
602 717 125 26 ådagalägga,
744 718 35 18 har
793 716 90 21 bemälde
894 718 65 24 Expe-

217 742 69 24 dition,
303 743 6 18 i
326 743 191 21 cirkulärskrifvelse
535 744 26 20 till
577 745 152 18 Guvernörerne
743 744 20 19 af
776 744 37 19 den
828 744 26 19 26
868 744 89 19 sistlidne

217 769 61 24 Mars,
301 769 92 20 anbefallt
409 771 90 24 samtlige
515 771 192 19 Kronolänsmännen
724 770 5 19 i
744 770 64 20 landet
822 772 28 17 att
864 770 5 19 i
884 771 73 19 formu-

217 795 87 26 lärenligt
321 797 116 24 upprättade
453 797 110 20 blanketter
578 798 61 18 införa
653 802 48 14 svar
715 796 10 19 ä
741 803 24 13 en
779 796 70 26 mängd
864 796 4 19 i
883 797 74 19 formu-

216 822 50 19 läret
286 826 106 23 upptagna,
415 824 45 19 med
481 824 129 19 förevarande
628 823 205 26 lagstiftningsärende
850 828 43 14 mer
910 823 49 20 eller

217 848 77 21 mindre
311 850 191 25 sammanhängande
520 850 76 26 frågor;
611 851 36 18 och
662 850 59 19 dessa
736 850 110 19 blanketter
858 849 62 26 jemte
935 850 25 19 Je

216 875 5 18 i
243 875 45 20 dem
309 875 121 20 antecknade
447 882 72 14 svaren
537 878 34 19 har
589 876 142 25 Expeditionen
749 877 59 19 sedan
827 877 132 19 öfverlemnat

217 901 26 20 till
258 901 109 21 Utskottet.
397 903 113 19 Förcmälen
525 904 29 19 för
568 903 25 20 Je
607 903 80 19 sålunda
702 903 118 20 framställda
836 904 37 18 och
888 903 72 20 besva-

216 927 48 20 rade
278 928 123 25 spörsmälen
416 931 34 17 äro
459 929 91 25 följande:
563 931 32 18 1:0
605 928 150 27 skjälfängsten
749 923 9 36 ,
765 929 5 19 i
781 930 74 19 hvilket
864 929 94 20 afseende

217 955 76 25 uppgift
313 955 104 20 infordrats
434 955 54 20 såväl
505 962 33 13 om
556 956 71 19 antalet
643 956 21 19 af
680 955 72 26 årligen
769 956 76 19 dödade
858 955 99 20 fullvuxna

217 981 38 19 och
272 987 50 18 unga
340 980 71 26 skjälar
426 987 44 14 som
484 988 32 13 om
531 983 91 24 beloppet
637 982 19 19 af
669 981 38 20 den
721 982 59 25 årliga
795 982 130 19 nettovinsten
939 983 22 18 af

217 1007 84 19 berörde
315 1007 75 25 fångst;
406 1009 32 18 2:0
453 1008 91 26 beloppet
558 1009 20 18 af
590 1007 58 26 årliga
663 1009 132 19 nettovinsten
809 1009 21 18 af
842 1008 62 26 nyttigt
922 1009 37 19 vil-

216 1032 77 26 lebräd,
316 1034 76 19 hvartill
414 1034 57 26 enligt
491 1034 114 20 formuläret
624 1034 73 20 räknas
718 1034 69 25 tjäder,
806 1040 54 18 orre,
880 1033 77 27 hjerpe,

217 1060 108 24 rapphöns,
345 1060 88 26 snöripa,
449 1061 93 25 gräsand,
558 1067 28 13 m.
601 1060 20 19 fl.
636 1062 116 25 matnyttiga
767 1061 49 19 vilda
831 1061 63 24 foglar
908 1064 52 16 samt

217 1086 68 23 harar;
308 1086 33 19 3:o
362 1087 97 19 huruvida
477 1087 67 25 hvarje
562 1087 22 19 är
598 1087 4 18 i
617 1089 55 18 orten
687 1087 90 19 anträffas
792 1088 38 24 elg,
846 1088 111 25 rapphöns,

216 1118 84 18 svanor
290 1109 10 35 ;
311 1114 34 18 4:0
356 1114 71 18 antalet
437 1114 20 18 af
464 1114 62 19 under
534 1114 67 25 loppet
610 1114 20 18 af
637 1113 46 20 åren
693 1114 128 20 1858—1862
832 1113 78 25 skjutna
920 1115 39 19 och

216 1138 83 26 fångade
317 1140 42 26 rof-
378 1141 38 18 och
438 1139 112 26 skadedjur,
570 1140 75 20 hvilket
661 1141 50 19 antal
729 1140 61 20 borde
806 1143 96 23 upptagas
917 1144 43 16 sär-

218 1164 60 20 skildt
292 1166 29 18 för
334 1165 65 25 björn,
417 1172 56 20 varg,
489 1167 28 24 lo,
533 1167 70 23 filfras,
619 1167 38 23 räf,
673 1167 79 24 bäfver,
768 1166 64 25 mård,
848 1167 65 25 hiller,
929 1170 30 17 ut-

217 1193 36 22 ter,
273 1192 68 23 lekatt,
361 1192 43 26 örn,
423 1193 30 23 uf,
471 1194 67 24 uggla,
557 1193 48 24 hök,
624 1194 53 24 glada
693 1194 38 19 och
745 1194 48 23 falk;
810 1194 32 18 5:0
856 1194 71 20 antalet
941 1194 20 19 af

216 1218 74 25 hästar,
307 1224 47 13 oxar
368 1220 38 18 och
420 1219 68 25 tjurar,
507 1220 43 25 kor,
568 1220 82 25 ungnöt,
669 1219 36 25 får,
725 1220 44 18 svin
784 1220 36 19 och
836 1226 63 19 renar,
915 1226 44 14 som

216 1244 64 18 under
298 1250 75 13 samma
392 1246 25 18 tid
435 1246 51 18 fällts
504 1246 20 18 af
536 1246 84 23 rofdjur;
636 1247 32 18 6:0
683 1246 94 24 beloppet
791 1246 19 19 af
823 1246 59 26 årliga
896 1249 63 16 netto-

215 1269 111 19 inkomsten
344 1276 70 19 genom
432 1270 111 26 försäljning
560 1271 20 19 af
596 1272 51 19 vilda
664 1271 56 25 djurs
738 1272 64 24 skinn;
820 1272 34 20 7:0
867 1272 92 25 beloppet

214 1296 20 18 af
247 1296 168 26 skottpenningar,
432 1303 55 18 som,
499 1298 78 18 utöfver
590 1298 52 19 hvad
658 1298 98 19 allmänna
772 1298 54 25 lagen
836 1300 69 18 härom
917 1298 42 26 bju-

215 1321 42 25 der,
278 1324 33 17 äro
329 1324 97 19 utfästade
443 1324 29 19 för
489 1324 89 20 dödande
594 1325 20 18 af
629 1324 65 26 björn,
713 1330 57 20 varg,
789 1325 39 25 räf,
843 1326 28 24 lo,
887 1325 69 24 lekatt,

214 1349 44 28 örn,
275 1349 48 24 hök,
339 1350 65 25 glada,
421 1350 49 25 falk,
486 1351 29 23 uf;
532 1351 33 19 8:0
580 1357 32 13 om
627 1351 86 20 särskild
729 1350 101 27 jagtkassa
845 1354 21 17 är
880 1352 5 19 i
900 1355 56 16 orten

213 1375 83 20 inrättad
311 1377 36 18 och
363 1377 4 18 i
383 1376 69 20 sådant
466 1377 30 20 fall
511 1377 92 26 beloppet
617 1378 21 19 af
650 1377 127 21 densammas
791 1378 120 27 behållning;
921 1380 34 19 9:0

213 1401 109 21 beskrifning
354 1409 32 14 om
403 1405 25 18 de
446 1405 47 24 sätt,
509 1410 43 15 som
567 1405 100 25 begagnas
683 1405 31 20 vid
729 1404 118 28 djurfångst;
864 1407 45 19 10:0
924 1412 33 13 om

214 1429 99 26 skallgång
328 1430 72 26 årligen
414 1431 97 26 företages
526 1433 37 18 och
579 1432 72 19 verkan
665 1431 65 24 deraf;
751 1433 45 20 11:0
810 1438 32 15 om
857 1433 22 20 så
894 1433 61 20 kallad
