986 1706
249 141 72 23 Nådiga
332 143 140 23 Propositionen
485 142 35 18 N:o
532 142 28 18 43.
732 142 42 19 1441

33 191 196 27 Privilegiisystemet
242 191 39 21 kan
296 192 101 25 nemligen,
413 193 32 19 allt
458 192 51 20 efter
522 192 25 20 de
561 190 105 28 styrandes
677 192 97 20 voxlande

34 218 83 26 äsigter,
132 218 71 20 likaväl
222 218 60 20 verka
298 221 40 17 mot
353 224 44 14 som
411 219 30 19 för
454 219 172 25 näringsfriheten,
645 220 37 18 och
698 218 24 20 dä
740 219 34 20 det

34 245 44 19 icke
93 245 37 19 kan
144 245 109 25 uppställas
267 244 62 26 nägon
346 246 80 18 allmänt
443 245 52 25 giltig
512 246 52 24 regel
582 245 28 19 för
625 245 114 19 utdelandet
755 246 21 19 af

34 271 236 25 tillständsresolutioner,
287 272 61 18 sättes
362 271 6 19 i
383 272 63 18 stället
460 272 28 18 för
505 272 29 24 lag
552 274 28 16 ett
597 271 114 25 fullkomligt
727 272 47 24 god-

34 298 67 26 tycke,
117 298 37 18 och
171 298 53 18 detta
241 298 26 18 till
286 303 45 13 'men
348 297 53 19 såväl
419 298 30 18 för
465 298 37 19 den
519 297 87 19 enskilda
624 297 147 26 medborgaren,

35 329 43 14 som
93 324 30 18 för
138 324 197 24 statsförvaltningen.
364 324 41 18 Den
419 324 52 18 förre
485 324 35 18 bör
534 324 46 19 med
597 324 41 18 skäl
656 323 64 19 kunna
734 324 39 18 for-

34 350 42 24 dra,
92 352 29 17 att
135 351 48 18 hans
198 350 29 19 val
242 350 21 19 af
275 350 50 26 yrke
339 350 69 19 endast
422 349 31 20 mä
469 350 46 20 bero
529 350 21 18 af
562 356 24 13 en
600 350 39 25 lag,
658 350 61 19 hvars
733 350 40 19 bud

35 378 37 18 han
87 376 37 20 kan
138 376 39 20 lära
191 376 71 25 känna,
277 377 39 18 och
331 375 78 21 säledes
423 377 58 19 äfven
495 376 37 20 kan
546 376 95 26 uppfylla,
659 377 38 19 och
714 375 17 25 ej
749 376 24 26 pä

34 403 105 26 godtycke,
155 403 60 19 hvars
230 402 106 26 fordringar
350 402 24 26 pä
385 403 80 19 förhand
476 402 16 26 ej
502 403 67 19 kunna
578 403 103 19 beräknas.
711 403 62 19 Stats-

35 430 142 24 förvaltningen
194 428 43 20 åter
253 429 47 25 kan,
319 429 33 19 allt
363 435 49 13 som
429 429 49 20 olika
495 429 73 26 åsigter
583 430 111 19 bestämma
711 428 63 26 ätgär-

34 456 67 25 derne,
117 461 70 21 genom
201 456 227 26 koncessionssystemet
441 455 47 21 råka
502 456 5 19 i
522 461 23 14 en
559 456 108 19 vacklande
677 456 94 25 ställning.

35 483 100 20 Utskottet
149 488 57 14 anser
221 482 34 20 det
268 482 77 20 derföre
362 483 47 19 böra
426 488 70 20 genom
512 483 31 25 lag
560 481 119 21 bestämmas
697 484 28 17 att
741 488 33 14 en-

35 510 50 19 hvar
99 510 21 18 är
135 508 106 26 berättigad
255 511 28 17 att
296 508 69 25 hvarje
379 509 67 25 näring
460 509 72 25 utöfva,
543 509 82 19 allenast
634 509 37 19 han
682 509 54 19 visar
745 511 29 17 att

35 537 37 19 han
86 536 84 26 uppfyllt
183 536 67 24 lagens
263 535 114 25 fordringar.

87 567 89 20 Handeln
195 568 35 18 har
250 567 26 20 till
296 567 75 25 uppgift
390 570 29 16 att
439 568 36 18 hos
491 567 155 25 producenterna
663 568 108 25 hopsamla,

35 594 53 20 hvad
102 594 25 20 de
141 594 63 19 kunna
218 593 64 24 aflåta,
298 596 51 16 samt
363 593 49 20 hålla
429 594 109 19 detsamma
555 594 166 19 konsumenterna
739 594 36 20 till-

35 621 70 19 handa.
134 620 52 20 Skall
200 620 83 19 handeln
293 620 64 23 kunna
367 620 88 26 uppfylla
464 620 24 20 de
497 620 115 25 fordringar,
623 626 43 13 som
675 619 25 26 på
711 621 62 23 grund

35 648 57 19 deraf
104 647 64 19 kunna
184 646 66 19 ställas
263 645 24 26 pä
302 646 63 19 denna
380 646 73 26 näring,
470 647 35 19 bör
518 646 38 20 den
570 652 46 14 vara
633 646 23 19 fri
673 647 38 19 och
728 646 45 20 icke

34 673 134 20 underkastad
180 672 118 20 hämmande
312 672 103 20 kontroller
429 674 37 18 och
481 674 139 24 reglementen.
648 673 37 19 För
694 675 27 17 att
730 673 43 20 full-

35 701 46 25 göra
96 700 29 20 sin
139 699 149 27 bestämmelse,
304 699 35 19 bör
354 699 83 20 handeln
451 699 19 20 få
484 700 74 19 drifvas
576 699 96 25 öfverallt,
692 699 82 20 hvarest

35 727 61 19 behof
108 727 21 19 af
140 726 114 20 densamma
268 728 65 23 göres,
349 726 82 19 emedan
445 726 43 26 lång
501 727 38 23 väg
552 726 27 19 till
594 726 119 19 marknaden
726 726 47 19 ned-

35 754 80 26 trycker
129 752 52 20 såväl
196 751 141 27 produktionen
352 758 44 14 som
410 752 149 20 konsumtionen
574 753 37 19 och
620 752 113 26 derigenom
743 754 30 17 ut-

35 780 57 20 öfver
106 786 24 14 en
147 780 69 24 menlig
231 779 74 19 verkan
319 778 25 26 pä
359 779 33 19 det
406 780 94 18 allmänna
513 778 116 20 välståndet.
657 778 70 20 Likasä
737 778 36 25 bör

36 807 57 19 äfven
108 806 82 20 tillträde
204 806 26 19 till
244 806 53 19 detta
312 806 60 25 yrkes
389 806 105 19 utöfvande
510 806 75 19 lemnas
601 805 41 19 fritt
658 806 29 18 för
705 804 68 26 hvarje

35 833 136 25 medborgare,
187 834 46 18 utan
247 832 143 20 inskränkande
405 832 62 20 vilkor
481 832 20 19 af
516 832 42 19 viss
572 832 142 24 förmögenhet,
730 832 43 19 viss

35 860 69 20 lärotid
118 860 38 18 och
173 858 53 20 vissa
243 858 156 26 kunskapsprof,
417 858 81 20 emedan
516 858 59 20 dessa
592 858 51 20 visat
658 858 30 25 sig
705 857 17 25 ej
740 858 34 19 det

35 886 71 19 minsta
123 885 78 25 bidraga
219 886 25 19 till
262 890 24 14 en
303 884 140 20 handelsaffärs
459 885 101 24 säkerhet,
579 886 105 18 hvaremot
700 884 33 20 det
752 885 22 19 är

36 912 97 25 sjelffallet
147 914 26 17 att
187 910 69 26 hvarje
269 911 120 20 händlandes
404 917 47 20 egen
465 911 59 20 fördel
540 910 70 24 bjuder
626 913 29 17 att
670 912 39 18 han
725 910 49 20 iakt-

35 938 55 27 tager
105 939 38 25 allt,
160 938 51 20 hvad
226 944 44 13 som
284 938 97 19 erfordras
395 938 26 19 till
431 938 69 26 yrkets
510 938 58 20 säkra
578 937 133 25 bedrifvande,
723 940 51 16 samt

36 965 80 21 sålunda
128 965 80 25 tvingar
222 966 71 18 honom
308 966 27 18 att
349 964 90 20 förskaffa
454 965 28 25 sig
496 964 24 20 de
534 964 30 20 för
578 964 57 26 yrket
648 963 68 26 nödiga
725 964 50 18 kun-

36 992 79 25 skaper.
145 992 101 20 Utskottet
260 991 36 19 kan
310 990 77 20 derföre
401 990 17 25 ej
434 993 56 17 annat
504 994 25 16 än
544 990 96 26 tillstyrka
652 993 27 17 att
688 990 25 19 de
722 990 52 20 band

35 1019 72 24 lossas,
124 1024 43 14 som
181 1020 52 18 ännu
247 1018 78 19 hämma
339 1018 94 19 handelns
447 1018 34 19 fria
495 1017 117 25 utveckling,
628 1018 37 18 och
673 1016 101 20 deribland

36 1046 57 19 äfven
108 1045 37 19 den
161 1045 5 18 i
180 1046 11 18 2
206 1045 46 24 kap.
267 1044 25 19 H.
309 1043 13 20 B
336 1044 111 25 uppställda
461 1045 37 18 och
512 1044 5 19 i
526 1044 145 25 propositionen
681 1042 94 20 särskildt

36 1071 115 20 framhällna
166 1071 106 20 skillnaden
286 1071 82 19 emellan
383 1070 139 25 stapelstäders
536 1071 39 18 och
591 1069 118 27 uppstäders
726 1070 49 19 han-

36 1098 89 20 delsrätt.

90 1129 27 20 Pä
130 1129 62 26 grund
206 1130 21 19 af
238 1129 52 21 hvad
304 1129 95 20 utskottet
413 1129 79 20 sälunda
506 1129 63 19 anfört
580 1128 82 21 föreslär
678 1128 97 20 utskottet

37 1156 147 21 vördsammast
200 1159 28 16 att
241 1156 77 20 landets
332 1156 79 19 ständer
424 1156 45 19 ville
481 1156 6 19 i
502 1155 33 20 det
548 1155 98 20 utlåtande
659 1155 25 20 de
694 1155 6 19 i
710 1154 65 22 anled-

37 1184 45 25 ning
96 1183 21 19 af
129 1183 36 20 den
180 1182 68 26 nådiga
261 1182 145 26 propositionen
423 1183 78 18 komma
519 1184 28 17 att
564 1182 78 25 afgifva,
661 1181 45 20 med
723 1181 51 20 bifall

37 1210 26 20 till
78 1215 61 14 mom.
155 1209 19 25 a)
188 1209 6 19 i
211 1209 38 20 den
266 1208 67 27 nådiga
350 1209 154 25 propositionen,
523 1207 140 26 underdånigst
679 1207 96 26 tillstyrka

37 1239 29 16 att
79 1236 37 19 den
132 1235 97 20 blifvande
243 1235 89 21 handels-
345 1235 37 20 och
395 1234 221 27 näringslagstiftaingen
628 1234 32 20 mä
672 1233 47 26 utgå
731 1233 44 20 från

37 1263 38 21 den
89 1262 114 25 grundsats:

139 1291 28 17 att
180 1289 64 24 hvarje
258 1288 107 26 välfreidad
374 1289 54 25 finsk
442 1289 121 24 medborgare
578 1291 24 16 är
616 1288 105 25 berättigad
737 1289 37 20 att,

138 1319 7 17 4
159 1319 37 17 viss
212 1317 85 24 ordning,
318 1316 87 19 nedsätta
424 1318 29 23 sig
472 1318 7 17 i
497 1316 43 20 stad
555 1317 43 18 eller
616 1315 26 26 pä
661 1316 63 19 landet
743 1315 33 20 och

139 1345 62 24 drifva
216 1344 68 19 hvilket
295 1344 54 25 yrke,
365 1344 38 19 han
414 1345 33 24 för
459 1344 46 25 godt
514 1344 72 25 finner.

91 1377 59 20 Bland
167 1377 25 19 de
209 1377 134 24 olägenheter,
362 1382 44 14 som
424 1376 76 20 vidläda
517 1375 83 25 skräen,
619 1375 94 26 förtjenar
729 1376 48 19 ovil-

38 1404 86 25 korligen
139 1406 27 17 att
180 1403 103 20 anmärkas
297 1403 37 20 den
344 1402 109 26 smäaktiga
467 1404 37 19 och
512 1403 92 19 stundom
614 1403 86 24 orimliga
711 1404 65 24 gräns-

38 1430 146 26 bestämningen
198 1431 81 19 emellan
292 1429 27 21 de
331 1429 50 20 olika
395 1430 86 25 yrkenas
492 1429 114 21 arbetsrätt.
634 1429 62 20 Deraf
704 1429 72 26 uppstå
