981 1706
250 146 71 23 Nådiga
333 148 140 22 Propositionen
486 149 36 18 N:o
535 149 27 18 47.
737 152 42 19 1547

34 220 4 4 =
88 194 10 25 S
119 196 9 19 1
145 196 122 20 bestämmer
280 198 36 18 när
330 197 153 21 försvarslöshet.
497 199 46 20 med
556 200 49 19 dess
618 200 96 26 påföljder
728 202 48 20 skall

33 221 82 25 inträda,
138 222 106 20 hvarutom
265 223 36 19 der
320 224 87 25 stadgas,
427 228 28 16 att
471 226 38 19 den
523 226 103 20 obesuttna
640 227 136 27 befolkningen

32 247 32 20 väl
86 248 4 19 i
112 248 104 20 allmänhet
236 250 35 19 bör
292 250 47 19 söka
357 251 37 19 och
411 254 69 22 antaga
494 252 67 25 tjenst,
577 258 44 14 men
635 256 28 16 att
678 254 98 26 undantag

32 274 43 19 från
96 274 62 20 denna
173 275 112 26 skyldighet
299 276 50 20 dock
365 276 31 20 må
411 278 110 25 medgifvas
535 279 54 24 dem,
605 285 43 13 som
663 280 58 19 hafva
736 284 39 16 sta-

30 300 41 26 digt
85 301 88 19 hemvist
188 302 36 19 och
240 302 73 26 ärligen
328 303 37 20 låta
380 304 30 24 sig
423 304 159 20 mantalsskrifva
597 309 51 16 samt
664 306 69 20 dervid
748 308 27 18 fö-

30 330 43 16 rete
87 328 21 18 af
120 328 212 26 fattigvårdsstyrelse,
344 330 186 20 kommunalnämnd
541 331 47 19 eller
597 332 132 20 kommunens
739 333 36 20 till-

30 354 126 25 syningsmän
175 355 99 19 utfärdadt
295 356 56 19 bevis
365 356 98 25 deröfver,
480 360 28 16 att
521 357 25 19 de
561 358 47 19 söka
623 358 50 20 efter
687 359 87 25 förmåga

30 380 73 26 ärligen
124 380 82 26 försörja
227 382 29 25 sig
276 385 52 17 samt
348 383 51 19 lefva
421 384 104 25 ordentligt
546 385 37 18 och
603 385 76 25 sedligt.
711 386 63 19 Dessa

30 407 128 25 grundsatser
169 408 101 24 godkänna
278 409 57 19 äfven
343 409 105 20 ständerne
455 410 121 25 fullkomligt,
591 416 44 14 men
646 414 29 16 tro
685 414 28 16 att
721 412 53 20 detta

30 433 70 25 lagbud
122 434 63 19 skulle
199 434 58 19 vinna
272 435 4 19 i
292 435 83 26 klarhet,
391 442 32 13 om
438 436 33 20 det
485 437 99 19 bestämdt
598 438 99 19 föreskref
708 438 66 20 hvilka

30 460 55 28 skola
100 460 67 20 såsom
182 461 131 20 försvarslöse
327 468 66 19 anses,
409 464 38 18 och
462 468 31 14 om
508 463 92 25 rättighet
610 466 27 17 att
648 464 87 20 försvara
745 465 30 26 sig

30 486 44 25 sjelf
86 486 117 26 medgåfves
218 493 24 13 en
261 488 57 25 hvar,
333 488 101 26 angående
449 490 78 19 hvilken
541 489 44 20 icke
599 490 131 26 uttryckligen
745 491 28 19 in-

30 513 81 25 lygades
125 516 29 17 att
171 515 36 18 han
224 514 18 25 ej
260 516 26 18 är
299 515 99 20 arbetsam
416 516 37 18 och
471 516 61 26 sedlig
550 519 51 16 samt
617 517 51 19 efter
685 517 88 26 förmåga

30 540 27 26 sig
71 540 73 26 ärligen
158 540 101 26 försörjer.

80 567 88 19 Emedan
183 568 25 19 de
222 568 5 18 i
241 567 10 25 $
266 568 11 19 3
293 568 112 26 begagnade
419 569 62 19 orden
496 569 90 20 «allmänt
600 570 119 19 understöd»
733 571 40 19 och

30 593 183 20 <husbondevälde»
234 594 104 20 äfvensom
358 595 100 20 saknaden
479 596 20 18 af
518 595 69 26 hvarje
601 596 125 26 bestämning
740 602 33 14 om

30 620 158 20 beskaffenheten
203 621 20 19 af
236 621 33 19 det
283 622 74 23 arbete,
374 627 45 14 som
433 622 52 26 finge
494 623 119 19 försvarslös
623 623 87 25 anvisas,
722 624 51 19 kun-

31 646 20 20 le
65 647 43 19 leda
122 647 26 19 till
164 648 144 24 missförstånd,
325 648 56 19 torde
398 648 62 20 denna
475 649 10 25 $
500 649 46 19 böra
561 648 72 21 erhålla
648 655 26 14 en
689 650 5 18 i
708 650 65 25 någon

30 672 42 20 mån
87 674 104 18 förändrad
207 674 81 26 lydelse.

81 700 42 19 Den
137 699 92 21 svåraste
242 700 100 26 påföljden
357 700 20 20 af
390 702 154 20 försvarslöshet
558 702 82 26 antydes
656 703 5 18 i
671 702 10 26 $
694 703 19 23 4,
725 703 48 19 ehu-

30 732 20 13 ru
64 726 26 20 de
104 728 90 18 närmare
208 726 176 26 bestämningarne
398 728 69 20 derom
482 728 121 20 förekomma
617 729 122 25 först
674 722 12 36 i
696 729 41 25 Kap.
751 729 19 19 6.

30 753 62 25 Sagde
106 753 10 25 $
130 754 112 24 uppräknar
256 754 63 20 under
334 755 39 19 fem
389 754 94 20 särskilda
498 755 111 25 kategorier
622 755 46 19 dem
683 761 42 13 som
738 756 34 19 äro

30 780 142 20 anderkastade
193 780 83 20 nämnde
298 780 78 26 påföljd,
399 787 44 13 men
460 782 35 24 gör
512 782 83 19 emellan
609 782 37 19 den
660 782 61 19 femte
735 783 38 19 och

31 806 19 20 le
60 806 41 26 fyra
113 808 60 18 första
184 807 37 19 den
232 807 70 26 vigtiga
313 808 45 25 och,
371 808 59 25 enligt
440 808 117 20 ständernes
568 808 56 26 åsigt,
633 809 30 19 väl
673 808 100 26 grundade

30 832 98 22 itskilnad,
144 836 29 17 att
186 833 38 20 den
239 834 136 25 försvarslöse,
391 840 43 14 som
451 834 50 26 gjort
515 835 30 25 sig
559 834 48 20 känd
623 836 29 18 för
667 835 64 25 «lättja
747 835 26 20 el-

31 866 23 13 er
75 859 75 26 böjelse
170 860 29 19 för
220 863 28 17 ett
269 860 118 26 oordentligt
404 862 37 18 och
460 861 161 26 kringstrykande
634 862 137 24 lefnadssätt,»

32 887 36 19 cke
89 888 21 18 är
130 887 104 19 hemfallen
250 887 61 20 under
325 888 38 19 den
377 887 91 20 svåraste
482 887 104 26 påföljden,
602 888 59 19 innan
677 888 36 19 han
728 888 44 20 blif-

30 914 23 18 vit
73 914 106 25 behörigen
200 914 72 19 varnad
294 914 65 20 derför
379 915 38 19 och
440 915 107 24 varningen
567 914 52 20 visat
633 915 30 25 sig
678 914 91 20 fruktlös.

30 940 36 20 Den
81 940 138 26 varningsrätt,
236 946 44 14 som
294 940 35 20 här
343 940 132 26 omförmäies,
491 946 47 14 anse
549 941 107 19 ständerne
666 941 51 19 dock
728 941 43 19 icke

30 968 41 18 öra
88 967 126 20 tillerkännas
228 967 37 19 den
280 967 89 19 enskilde
382 967 202 26 tillsyningsmannen,
601 970 47 16 utan
662 968 110 19 tillkomma

30 994 179 19 communalnämnd
225 994 53 24 eller,
290 994 36 19 der
339 993 59 20 sådan
409 994 17 25 ej
437 994 62 19 finnes
509 994 92 24 inrättad,
613 994 160 26 fattigvårdssty-

31 1020 53 20 else.
114 1020 37 20 För
168 1020 56 26 öfrigt
242 1022 38 18 och
296 1020 25 20 då
336 1020 69 20 förlust
419 1021 20 19 af
452 1022 33 18 ära
500 1020 69 20 såsom
583 1020 57 19 straff
652 1021 87 19 härefter
753 1020 18 26 ej

30 1047 62 19 vidare
106 1046 55 19 torde
176 1047 80 19 komma
271 1047 4 18 i
291 1046 61 26 fråga,
368 1046 52 20 hålla
435 1047 107 19 ständerne
557 1047 48 23 före,
618 1049 27 16 att
655 1046 65 25 tredje
730 1052 42 13 mo-

30 1076 69 17 nentet
115 1073 5 18 i
138 1073 61 19 denna
217 1073 10 25 $
245 1073 61 20 borde
320 1075 83 23 upptaga
419 1073 68 19 endast
501 1073 129 24 försvarslös,
646 1079 44 13 som
704 1073 66 20 dömts

30 1100 83 25 örlustig
127 1099 153 26 medborgerligt
296 1099 121 20 förtroende.

77 1127 7 18 I
96 1126 102 26 anledning
211 1126 20 19 af
242 1126 53 20 hvad
308 1125 10 26 $
331 1127 11 18 5
354 1125 106 21 innehåller
474 1132 32 13 om
520 1126 208 25 tillsyningsmännens
740 1129 32 16 ut-

30 1152 84 24 svällande
128 1153 38 19 och
180 1152 120 27 åligganden,
317 1158 61 21 synes
393 1153 33 20 det
440 1153 107 19 ständerne
557 1153 80 19 komma
648 1155 28 17 att
685 1152 43 20 leda
744 1153 27 19 till

30 1179 64 26 nånga
116 1179 129 26 svårigheter,
269 1185 32 14 om
323 1180 132 19 kommunens
477 1180 85 25 styrelse
581 1179 127 25 ovilkorligen
723 1179 48 19 skall

31 1206 54 19 land
106 1206 42 19 sina
164 1207 128 18 medlemmar
309 1209 44 16 utse
367 1206 60 19 Jesse
442 1206 162 25 tillsyningsmän,
620 1205 83 20 likasom
718 1208 55 16 stän-

30 1232 55 19 lerne
104 1232 50 20 hålla
173 1233 47 24 före,
236 1235 28 17 att
279 1238 24 13 en
317 1232 4 19 i
337 1233 30 23 lag
381 1232 73 19 uttalad
470 1231 100 20 föreskrift
584 1232 29 18 för
627 1232 53 23 dem,
697 1233 27 17 att
739 1237 33 13 om

30 1259 31 19 len
83 1259 5 19 i
108 1259 121 19 kommunen
250 1258 98 25 befintliga
369 1259 103 19 obesuttna
487 1258 144 25 befolkningens
646 1257 123 26 uppförande

30 1285 32 19 ch
83 1285 141 19 lefnadsvilkor
244 1287 44 23 taga
303 1290 98 19 noggrann
417 1285 114 24 kännedom,
549 1287 22 16 är
585 1284 96 25 olämplig.
712 1283 58 20 Stän-

30 1311 54 20 lerne
101 1311 80 20 förneka
197 1311 100 25 ingalunda
311 1311 142 25 behöfligheten
463 1311 19 18 af
491 1317 24 12 en
525 1309 61 20 sådan
596 1310 117 23 kännedom,
726 1315 45 14 men

30 1343 24 12 ro
69 1340 28 16 att
112 1340 28 15 ett
154 1338 72 23 lagbud
240 1337 5 18 i
259 1337 53 18 detta
327 1338 53 24 syfte
393 1337 46 18 icke
453 1338 22 17 är
489 1336 71 25 egnadt
572 1339 27 15 att
609 1336 88 24 bibringa
707 1335 65 19 öfver-

32 1364 68 24 ygelse
115 1363 76 23 derom,
207 1363 35 20 der
256 1363 39 19 den
310 1363 44 19 icke
369 1363 50 19 förut
428 1362 70 24 finnes,
510 1364 47 17 utan
567 1364 28 16 att
604 1361 111 30 detsamma
724 1361 48 19 fast-

31 1395 47 13 nera
94 1389 49 20 skall
158 1389 5 19 i
178 1389 207 26 tillsyningsmannens
399 1388 107 26 befattning
521 1388 74 25 inlägga
605 1393 23 13 en
634 1387 54 30 både
697 1387 30 19 för
737 1387 34 28 ho-

30 1422 40 13 10m
90 1417 36 18 och
142 1416 29 19 för
185 1416 53 25 dem,
253 1415 47 20 med
315 1415 65 20 hvilka
394 1416 38 19 han
446 1415 91 19 kommer
551 1415 5 18 i
572 1415 99 24 behöring,
687 1414 85 24 motbju.

31 1443 57 20 lande
104 1443 93 19 karakter
209 1443 38 19 och
258 1442 82 20 sålunda
350 1443 79 19 komma
441 1444 28 17 att
479 1443 71 18 uträtta
561 1446 54 14 mera
626 1441 47 19 ondt
685 1443 24 17 än
717 1440 54 27 godt,

658 1472 32 18 97*
