1011 1709
202 143 44 36 1328
421 151 71 22 Nådiga
504 150 140 24 Propositionen
657 150 35 18 N:o
705 151 28 17 39.

200 202 47 22 rätt,
271 206 43 13 som
336 200 37 19 kän
391 200 110 24 medgifvas
518 200 130 25 kommunen,
666 200 43 19 icke
723 200 61 19 borde
798 199 18 19 få
832 200 76 19 utöfvas
923 199 20 28 af

200 232 24 14 en
241 227 93 18 kommun
351 227 20 18 af
387 226 77 19 mindre
481 226 114 24 omfattning
612 228 24 17 än
653 226 94 24 socknen,
766 232 45 13 men
829 226 51 19 helst
897 226 44 19 bor-

199 252 25 20 de
245 258 48 14 vara
314 253 51 19 länet
382 252 72 19 :säsom
475 253 93 19 kommun
589 252 130 25 förbehållen,
742 252 126 25 hvarigenom
885 252 57 25 nödig

198 280 72 17 enhet
284 279 5 18 i
304 278 24 19 de
342 278 117 25 vidtagande
474 278 116 26 åtgärderna
605 278 64 19 kunde
683 278 46 19 med
743 279 63 18 större
820 278 77 19 visshet
906 278 34 25 på-

198 305 80 19 räknas.
307 305 43 18 Men
365 305 25 19 de
405 305 134 24 medlemmar,
555 305 67 18 hvilka
637 305 74 18 förenat
725 304 29 25 sig
766 310 33 13 om
808 307 28 16 att
846 304 95 26 tillstyrka

198 331 98 24 punktens
316 331 106 25 antagande
437 331 5 18 i
457 331 124 19 oförändradt
598 330 66 24 skick,
683 330 58 20 hafva
758 330 42 20 åter
817 330 78 25 erinrat,
915 333 28 16 att

197 357 149 26 vilkorligheten
367 357 5 19 i
393 357 38 20 den
448 357 120 19 kommunen
585 357 97 26 medgifna
696 357 162 25 föreningsrätten
872 358 21 18 är
907 357 36 20 be-

197 383 66 26 tingad
282 384 21 19 af
321 384 88 25 tillbörlig
426 384 79 25 aktning
520 384 29 19 för
563 383 74 20 sådane
651 383 38 20 den
703 383 100 20 enskildes
818 383 121 25 rättigheter,

199 415 44 14 som
264 411 33 18 äro
319 411 100 24 grundade
437 411 6 18 i
459 410 87 25 gällande
563 410 39 25 lag,
621 412 28 17 att
664 410 134 19 minoritetens
812 409 130 26 ifrågaställda

198 437 97 25 öfvervigt
309 437 61 19 under
384 437 85 26 antydda
483 436 134 20 förhållanden
631 437 38 18 kan
684 442 46 13 vara
745 437 118 26 nödvändig
856 432 8 35 ,
875 437 30 18 för
915 439 28 17 att

198 463 122 20 förekomma
334 463 113 20 förhastade
460 463 70 24 beslut,
548 463 37 19 och
600 465 28 17 att
641 463 38 20 den
693 463 108 24 förenings-
815 463 52 19 med-
879 463 62 20 dertill

198 489 86 20 hörande
304 489 164 25 beslutanderätt,
487 491 83 18 hvarom
586 490 36 19 här
636 492 22 17 är
672 489 64 26 fråga,
752 490 111 25 lämpligast
877 490 66 19 kunde

198 516 124 19 tillerkännas
337 519 27 17 ett
378 517 52 18 huru
444 516 53 25 ringa
512 517 49 19 antal
579 516 227 25 lägenhetsinnehafvare
823 522 44 13 som
881 517 57 22 helst,

198 541 21 20 sä
234 543 57 24 länge
304 542 26 20 de
344 543 49 19 höllo
408 543 29 25 sig
451 543 69 19 endast
535 543 25 19 till
575 541 144 21 förhållandena
734 543 45 19 dem
796 543 91 20 emellan.

251 570 41 18 Den
306 568 73 26 Nädiga
393 569 159 25 propositionens
570 568 63 25 tredje
648 569 30 19 del
693 569 67 19 består
778 569 89 26 slutligen
881 570 20 19 af
914 572 28 17 ett

198 595 72 26 förslag
283 595 26 20 till
324 595 111 25 förordning
448 596 5 19 i
468 597 72 23 ämnet,
555 595 113 20 utarbetalt
677 595 29 19 för
715 598 28 16 att
752 595 126 26 ädagalägga,
892 596 51 23 huru

198 622 25 19 de
237 622 6 19 i
255 621 26 20 de
299 626 36 15 sex
349 622 108 25 punkterna
474 622 119 19 framställda
610 622 94 19 allmänna
719 622 122 25 principerna
856 622 67 19 kunde
937 622 5 19 i

198 654 23 13 en
242 647 61 20 sådan
324 648 96 25 tillämpas
438 649 38 18 och
490 649 132 24 genomföras.
652 647 27 20 Då
693 648 59 20 dessa
766 649 111 25 principers
892 654 49 20 upp-

199 675 81 25 tagande
294 675 5 18 i
315 675 75 20 landets
404 675 73 19 skrifna
491 675 31 26 lag
536 676 47 19 bero
598 674 64 23 deraf,
679 677 27 17 att
720 675 25 19 de
758 675 21 20 af
794 675 76 20 landets
885 676 56 19 Stän-

199 701 35 20 der
254 701 115 26 godkännas
387 702 37 19 och
441 704 88 23 antagas,
549 700 21 21 sä
579 696 61 35 följer
652 702 59 19 häraf
723 704 105 23 otvunget,
845 704 27 17 att
886 703 56 18 Stän-

200 728 61 19 derna
275 728 44 19 icke
336 728 66 19 kunna
419 728 124 25 undandraga
560 729 30 24 sig
607 730 27 17 att
651 728 107 20 medverka
776 729 26 19 till
816 729 38 19 den
869 729 75 19 förord-

200 755 54 25 ning,
278 755 57 19 hvari
355 755 24 20 de
400 757 83 22 antagna
500 755 124 25 principerna
641 755 55 19 skola
711 755 56 20 vinna
781 755 30 20 sin
824 755 120 26 tillämpning

200 781 37 19 och
258 781 34 19 sitt
312 781 165 26 förverkligande.
506 781 159 20 Bestämmandet
679 782 20 19 af
712 781 69 26 sjelfva
796 782 148 25 förordningens

200 807 83 20 innehåll
304 809 22 18 är
347 807 60 20 också
428 809 20 18 af
468 808 44 19 vida
528 808 143 25 väsendtligare
688 809 40 24 vigt
745 809 38 18 och
800 809 103 26 betydelse
920 810 24 18 än

201 834 60 19 blotta
279 834 112 26 pröfningen
409 835 20 18 af
444 834 61 25 några
521 835 42 19 deri
579 834 97 25 ingående
694 835 96 19 allmänna
804 835 140 25 grundsatsers

200 861 68 19 värde.
298 860 73 25 Hvarje
388 861 68 19 tvifvel
474 867 32 13 om
525 861 119 20 Ständernas
663 861 117 26 befogenhet
796 861 6 19 i
816 862 129 19 förevarande

199 887 32 19 fall
248 886 63 20 måste
325 887 37 19 ock
376 887 105 24 försvinna,
498 887 32 19 vid
544 887 34 20 det-
592 893 44 14 man
651 887 91 20 besinnar
751 890 27 17 att
788 888 38 19 den
837 888 107 25 föreslagna

200 913 227 26 lagstiftningsätgärden
441 913 76 26 äsyftar
531 919 24 14 en
568 914 164 25 genomgripande
747 914 110 25 förändring
871 914 20 19 af
904 916 41 18 sär-

201 939 62 20 skilda
278 941 70 18 ställen
364 940 5 19 i
383 940 200 26 Byggninga-balken,
600 940 37 19 och
652 940 77 20 således
743 941 20 19 af
775 941 70 20 allmän
854 941 37 25 lag.
913 941 33 19 Att

202 966 50 19 1802
268 965 34 20 ärs
317 966 113 25 förordning
444 967 4 18 i
464 969 66 17 ämnet
544 967 111 20 tillkommit
672 969 45 17 utan
735 967 119 20 Ständernas
868 967 77 20 direkta

202 993 123 19 medverkan
339 994 21 18 är
375 995 28 17 ett
417 993 86 25 faktum,
518 999 45 14 som
578 993 69 20 endast
660 993 37 20 kan
713 994 95 19 förklaras
822 994 121 25 derigenom,

202 1021 28 17 att
243 1019 76 20 landets
339 1019 85 20 Ständer
440 1019 24 20 dä
483 1021 30 18 för
526 1020 53 19 tiden
596 1020 45 20 icke
656 1026 47 13 voro
718 1021 5 18 i
737 1020 104 26 besittning
855 1021 20 19 af
887 1020 58 20 deras

202 1045 102 26 tillbörliga
318 1046 55 19 andel
389 1046 6 19 i
408 1047 150 25 lagstiftningen.
574 1058 26 3 —
614 1047 28 20 Då
657 1047 99 20 Utskottet
770 1047 77 20 ändock
861 1047 44 19 icke
917 1047 29 19 in-

204 1071 42 26 gått
267 1073 5 18 i
292 1073 91 19 närmare
397 1073 120 26 granskning
526 1073 24 19 af
563 1073 125 20 förenämnda
703 1073 203 26 författningsförslag,
923 1073 21 20 sä

201 1099 36 18 har
251 1099 53 19 detta
319 1099 29 19 sin
363 1099 59 20 orsak
437 1100 4 18 i
455 1099 38 20 den
507 1100 176 25 omständigheten,
695 1102 29 17 att
735 1100 99 20 Utskottet
843 1100 43 19 icke
896 1100 49 19 kun-

202 1127 32 16 nat
249 1125 96 26 tillstyrka
360 1125 35 20 alla
410 1125 25 20 de
449 1125 5 19 i
466 1126 146 25 propositionen
622 1126 106 25 framlagda
738 1127 164 24 grundsatsernas
911 1132 34 13 an-

202 1151 83 24 tagande
302 1152 5 18 i
325 1151 123 20 oforändradt
465 1152 65 25 skick,
549 1153 38 18 och
601 1153 121 19 beträffande
736 1158 24 13 en
776 1153 20 18 af
808 1153 46 19 dem
868 1153 77 19 staunat

203 1177 33 19 vid
251 1183 23 13 en
289 1177 132 26 skiljaktighet
435 1179 5 18 i
455 1178 77 25 äsigter,
549 1184 43 14 som
606 1179 44 19 icke
664 1179 73 18 kunnat
746 1179 20 19 af
774 1179 101 20 Utskottet
884 1179 59 20 lösas.

202 1203 65 20 Varda
284 1204 25 19 de
326 1204 71 25 förslag
414 1205 26 19 till
456 1205 119 25 väsendiliga
589 1205 161 25 inskränkningar
764 1206 37 19 och
816 1205 129 20 modifikatio-

203 1235 35 14 ner
252 1230 5 19 i
272 1231 108 19 änberörda
394 1231 134 25 grundsatser,
544 1237 42 14 som
598 1232 113 25 härigenom
720 1231 145 20 vördsammast
873 1231 71 20 under-

204 1256 66 19 ställas
285 1256 77 19 landets
379 1257 55 24 Högl.
451 1257 94 20 Ständers
562 1258 97 24 pröfning,
678 1258 20 18 af
710 1257 109 20 Ständerne
832 1257 75 25 gillade,
923 1257 22 19 sä

203 1281 38 19 kan
263 1283 28 17 ett
311 1281 71 20 sädant
402 1283 119 19 Ständernas
538 1283 66 20 beslut
620 1283 98 25 svärligen
735 1283 57 19 vinna
805 1283 99 25 tillbörligt
917 1283 29 19 af-

203 1307 73 20 seende
286 1313 70 20 genom
366 1309 81 19 enstaka
458 1309 104 25 ändringar
572 1310 5 19 i
587 1309 148 26 ifrågavarande
744 1310 200 25 författningsförslag,

202 1336 47 17 utan
266 1334 65 20 måste
347 1335 99 20 föranleda
463 1336 27 19 till
508 1342 24 13 en
546 1336 165 26 genomgripande
725 1336 133 26 omarbetning
871 1337 21 18 af
904 1336 41 20 det-

202 1367 86 19 samma,
305 1367 25 14 en
344 1361 76 26 åtgärd,
437 1362 79 20 hvilken
531 1363 5 18 i
549 1363 99 20 anseende
660 1363 26 20 till
697 1363 24 20 de
731 1362 69 27 många
810 1364 37 19 och
857 1365 89 18 ansträn-

202 1388 65 25 gande
281 1388 92 25 ärender,
390 1394 44 14 som
449 1391 42 24 taga
506 1390 120 19 Ständernas
641 1391 38 24 och
693 1390 58 20 äfven
766 1390 109 20 Utskottets
888 1390 58 19 verk-

203 1415 79 19 samhet
295 1415 5 19 i
314 1415 93 25 anspråk,
423 1415 44 20 icke
483 1416 37 20 kan
534 1417 63 19 under
611 1417 130 19 innevarande
754 1417 91 25 landtdag
858 1417 89 19 medhin-

204 1446 42 15 nas.
258 1437 10 36 -
275 1441 100 21 Utskottet
389 1442 62 20 finner
465 1442 30 26 sig
508 1443 79 20 derföre
602 1443 124 26 uppmanadt,
743 1446 27 17 att
784 1444 25 20 till
826 1444 119 20 Ständernas
