992 1703
264 128 72 25 Nådiga
347 130 141 23 Propositionen
501 130 35 17 N:o
549 131 27 17 50.
745 131 44 25 1661

101 177 63 23 Anm.
194 180 62 20 Hans
271 180 132 29 Kejserliga
413 180 114 27 Majestät
540 180 119 23 förbehåller
672 182 34 26 Sig
719 184 29 18 att
760 170 28 33 uti

42 205 63 20 denna
120 208 39 18 stat
171 207 48 25 göra
233 206 26 21 de
273 206 134 27 förändringar
420 208 192 26 omständigheterna
625 208 66 30 kunna
701 208 84 28 påkalla.

256 259 64 27 Enligt
341 260 62 20 Hans
422 259 127 26 Kejserliga
569 260 122 25 Majestäts
711 260 75 26 Nådiga

185 285 110 25 befallning,
312 286 65 25 gifven
392 287 5 18 i
412 286 31 21 S:t
456 286 119 28 Petersburg
589 287 38 20 den
639 287 26 21 23
675 288 111 20 December

186 311 50 20 1863
252 312 20 24 (4
286 312 80 20 Januari
380 312 68 26 1864).

307 391 73 17 Alex.
394 390 125 19 Armfelt.
767 407 11 8 äö

512 463 19 19 A.
545 464 26 18 W.
584 464 133 19 Wallensköld.

245 647 159 24 Lagutskottets
418 646 130 21 betänkande
565 647 39 19 N:o
619 647 27 20 25
660 649 7 16 i
682 647 101 26 anledning

174 674 26 24 af
215 674 54 20 Hans
288 674 107 26 Kejserliga
410 674 99 25 Majestäts
524 674 70 25 nådiga
605 676 129 24 proposition,
749 682 33 13 an-

172 701 74 25 gående
261 702 110 26 tryckfrihet
386 703 7 18 i
408 701 83 21 Finland
504 703 34 19 och
553 702 81 20 vilkoren
643 704 36 25 för
693 703 44 19 dess
754 704 28 19 be-

173 730 107 26 gagnande.

91 787 28 20 Då
135 788 54 19 Hans
203 787 107 25 Kejserliga
328 788 89 25 Majestät
434 787 5 20 i
454 787 59 21 nåder
527 787 43 20 låtit
583 787 62 21 denna
659 788 122 25 proposition

36 820 34 14 om
84 820 24 14 en
123 814 241 26 tryckfrihetsförordning
380 814 108 26 föreläggas
501 814 66 21 landet
577 814 100 26 höglofliga
687 815 92 25 Ständer,

37 841 35 19 har
85 841 54 20 Hans
154 841 107 25 Kejserliga
275 840 90 27 Majestät.
383 841 83 26 behagat
481 842 58 19 tillika
553 840 39 20 låta
607 841 83 20 förklara
704 841 29 20 sin
748 841 33 20 nå-

36 868 43 25 diga
101 866 44 26 vilja
167 873 53 19 vara,
240 870 41 17 «att
297 868 83 20 nämnde
398 867 119 27 författning,
536 867 83 21 såframt
632 868 115 20 densamma
762 869 21 19 af

35 894 112 20 Stånderna
166 894 6 19 i
194 894 126 20 oförändradt
340 894 56 20 skick
417 898 86 22 antages,
522 895 47 19 eller
585 894 25 20 de
625 894 102 26 ändringar
741 896 39 19 och

34 921 65 26 tillägg
120 921 49 25 deri,
191 921 66 20 hvilka
275 922 21 18 af
311 922 107 20 Ständerna
435 922 129 26 tilläfventyrs
582 920 89 25 föreslås,
688 922 22 19 af
725 922 55 19 Hans

35 947 90 26 Majestät
139 948 27 20 till
180 948 36 19 alla
231 948 53 20 delar
298 948 121 26 godkännas,
435 948 48 20 skall
498 948 59 20 blifva
572 948 88 25 gällande
670 948 47 20 intill
729 950 52 18 näst-

35 974 103 20 infallande
154 974 102 26 landtdags
274 976 39 18 slut
330 975 26 20 till
373 975 38 19 den
429 974 57 26 kraft,
504 980 45 14 som
564 975 120 20 tillkommer
697 975 50 25 öfrig
761 974 21 22 af

34 1002 81 19 Monark
136 1002 38 19 och
194 1001 86 20 Ständer
296 1001 66 20 stiftad
378 1002 71 19 allmän
466 1002 39 25 lag,
522 1002 110 24 hvaremot,
648 1002 5 18 i
668 1004 59 16 annat
740 1002 39 24 fall,

34 1027 93 26 förslaget
140 1028 26 19 till
182 1028 44 19 hela
240 1027 47 20 dess
301 1027 46 20 vidd
362 1027 91 20 kommer
467 1031 27 16 att
508 1027 73 20 förfalla
599 1028 39 19 och
652 1033 27 14 nu
693 1027 88 26 gällande

34 1054 194 25 pressförfattningar
250 1054 55 20 skola
327 1056 24 18 än
371 1054 96 26 framgent
484 1054 106 20 tillsvidare
607 1054 55 20 lända
679 1055 27 19 till
721 1055 58 18 efter-

34 1081 101 20 rättelse».

86 1107 8 20 I
108 1107 100 20 anseende
218 1107 27 20 till
256 1107 53 20 detta
320 1107 62 20 vilkor
392 1107 36 21 har
438 1107 142 26 Lagutskottet,
593 1107 27 20 till
629 1107 62 20 hvars
697 1107 82 25 gransk-

34 1135 45 24 ning
96 1134 90 25 samtliga
206 1133 131 21 Riksstånden
354 1133 109 26 hänskjutit
480 1134 38 19 den
536 1133 69 26 nådiga
623 1134 154 25 propositionen,

32 1162 66 17 ansett
111 1161 31 19 sin
155 1160 47 26 pligt
219 1166 48 14 vara
285 1163 28 17 att
329 1161 5 18 i
349 1160 81 21 främsta
445 1163 85 17 rummet
544 1160 120 25 undersöka,
681 1160 96 20 huruvida

32 1186 106 21 innehållet
158 1187 22 19 af
197 1186 38 20 den
253 1187 108 25 föreslagna
378 1187 134 25 författningen
526 1186 191 20 öfverensstämmer
731 1186 47 20 med

32 1212 54 20 hvad
101 1213 101 20 Utskottet
216 1218 58 16 anser
283 1214 77 19 landets
369 1213 56 21 bästa
436 1214 38 19 och
485 1214 100 19 nationens
595 1213 122 26 rättsåsigter
727 1212 52 20 kräf-

32 1245 32 19 va,
87 1242 51 17 samt
155 1242 34 22 att,
208 1239 5 19 i
232 1240 94 20 händelse
343 1240 62 20 denna
423 1240 144 24 undersökning
581 1240 44 18 icke
639 1240 58 20 ledde
710 1240 26 19 till
751 1242 28 17 ett

33 1266 177 20 tillfredsställande
227 1267 89 25 resultat,
334 1266 82 20 dernäst
433 1268 43 24 taga
493 1266 5 20 i
513 1266 152 25 öfvervägande,
681 1265 98 20 huruvida

32 1292 39 25 det,
88 1292 70 21 sådant
172 1292 86 27 oaktadt,
275 1293 65 19 kunde
354 1294 28 19 för
396 1293 90 20 nationen
500 1298 44 18 vara
555 1292 126 26 gagneligare,
694 1294 27 17 att
731 1291 46 20 ifrå-

32 1319 110 24 gavarande
156 1320 109 24 lagförslag,
274 1320 65 18 blefve
354 1320 5 18 i
377 1319 123 20 oförändradt
517 1319 56 19 skick
587 1319 21 19 af
620 1319 109 19 Ständerna
743 1324 33 14 an-

32 1347 60 22 taget,
108 1346 24 17 än
146 1347 28 16 att
188 1345 115 25 nugällande
317 1345 190 25 pressförfattningar
522 1344 119 19 fortfarande
656 1345 79 18 komme
750 1347 28 16 att

33 1370 56 20 lända
104 1370 25 20 till
145 1371 139 20 efterrättelse.

86 1397 38 20 Vid
138 1397 38 20 den
190 1397 126 26 granskning,
331 1397 101 21 Utskottet
447 1397 4 19 i
466 1396 104 25 anledning
583 1396 58 20 häraf
649 1395 129 21 underkastat

32 1423 34 21 det
87 1423 149 27 ifrågavarande
253 1425 131 26 lagförslaget,
400 1425 36 19 har
451 1424 99 20 Utskottet
563 1423 45 20 icke
622 1423 69 20 saknat
705 1422 72 21 tillfälle
