992 1703
258 143 71 22 Nådiga
340 144 141 22 Propositionen
494 145 35 16 N:o
541 140 36 31 58
742 146 45 20 1667

46 192 96 26 okunnige
162 193 46 20 eller
229 193 101 26 föraktlige
351 198 95 21 personer
466 195 61 18 sättas
548 194 25 20 till
588 195 57 20 doms
659 195 57 19 öfver
730 195 55 20 såväl

45 219 39 20 den
97 219 21 20 af
129 219 43 25 låga
186 204 195 45 bevekelsegrunder
393 220 59 19 ledde
468 221 198 28 smädeskrifvarens,
689 227 44 14 som
747 222 38 19 den

45 245 21 20 af
77 245 43 20 ädel
135 245 186 20 fosterlandskärlek
336 245 73 20 lifvade
422 247 107 23 patriotens
544 247 88 19 arbeten.

98 271 65 21 Också
177 271 53 20 detta
245 272 170 26 förmynderskap,
434 278 44 13 som
495 273 19 18 af
527 278 96 14 censuren
639 273 76 20 utöfvas
729 274 58 19 öfver

44 298 92 26 myndige
150 300 57 17 mäns
221 298 118 21 handlingar,
362 300 35 23 gör
410 298 121 25 densamma,
553 299 101 19 betraktad
669 300 57 19 äfven
742 299 43 20 från

45 330 24 13 en
83 330 63 14 annan
164 325 49 23 sida,
229 325 106 24 förkastlig.
368 325 37 19 Det
419 324 65 20 måste
499 315 32 29 väl
543 327 85 23 antagas,
644 329 29 16 att
687 331 99 14 censuren

45 351 5 18 i
65 350 53 20 äldre
136 350 52 20 tider
204 340 51 30 varit
271 344 116 32 nödvändig,
406 351 94 19 eftersom
516 340 116 31 densamma
646 352 62 20 under
721 352 67 30 loppet

44 377 22 19 af
80 377 59 26 några
154 376 137 21 århundraden
305 366 82 31 funnits
392 378 34 24 till,
450 377 102 20 äfvensom
566 380 27 17 att
607 378 115 20 densamma
736 380 52 18 ännu

44 404 6 18 i
65 404 86 20 nittonde
165 404 64 19 seklet
243 404 37 19 kan
294 409 47 14 vara
357 389 82 44 behöflig
453 404 29 19 för
496 404 72 20 sådana
582 405 96 24 nationer,
694 410 43 14 som
752 406 34 19 be-

43 430 52 20 finna
110 430 31 25 sig
155 430 25 26 på
194 436 25 14 en
233 430 54 26 lägre
300 415 112 45 ståndpunkt
431 419 8 31 i
454 430 92 26 bildning.
563 431 42 19 Men
621 431 32 19 vid
667 432 38 19 den
720 431 68 20 stånd-

45 457 62 25 punkt
120 458 25 18 af
155 457 74 24 kultur,
244 456 76 20 hvartill
335 457 34 20 det
383 457 70 20 Finska
468 457 57 20 folket
541 457 59 20 redan
616 458 74 24 hunnit,
710 458 78 20 förefal-

45 483 29 20 ler
93 483 35 20 det
147 483 156 26 principvidrigt,
329 486 28 17 att
377 483 165 27 förmynderskap
562 484 49 22 skall
632 484 76 20 utöfvas
730 485 57 19 öfver

44 515 72 20 mogne
136 512 52 22 män,
211 510 5 19 i
237 510 52 20 hvad
309 510 61 20 desse
389 511 49 19 söka
458 513 27 16 att
506 516 70 20 genom
590 510 34 20 det
638 512 78 25 tryckta
732 511 56 19 ordet

44 529 62 27 verka
120 537 6 20 i
140 543 24 14 en
179 526 47 30 eller
239 542 64 14 annan
318 537 90 30 rigtning;.
426 537 39 20 och
478 536 52 21 detta.
545 537 165 26 förmynderskap
723 536 65 21 måste

44 563 74 21 kännas
132 565 51 18 ännu
197 563 89 24 svårare,
303 562 23 21 då
341 563 33 20 det
388 553 123 30 handhafves
526 564 45 19 med
585 563 98 27 godtycke
698 565 37 19 och
746 564 41 19 må-

44 592 32 18 ste
90 591 99 19 anförtros
203 589 21 20 åt
238 595 95 26 personer
347 591 20 18 af
379 590 56 25 ringa
450 591 46 20 eller
511 591 99 25 tvetydigt
623 591 107 20 anseende.
753 591 36 20 Be-

44 616 36 27 gås
94 622 71 20 genom
179 617 57 25 tryck
245 616 69 31 någon
327 617 119 26 förbrytelse
462 620 52 17 emot
528 617 88 25 Monark,
632 618 94 19 samhälle
740 618 47 19 eller

45 643 76 21 enskild
136 649 80 22 person,
232 642 22 21 så
269 645 22 18 är
305 643 32 20 det
351 645 39 18 rätt
404 644 38 20 och
457 643 61 26 billigt
530 646 29 17 att
568 644 38 19 den
612 628 107 46 ”brottslige
729 645 59 19 straf-

44 671 40 22 fas;
105 676 45 13 men
168 669 126 30 möjligheten
311 670 56 19 deraf
380 673 28 15 att
422 676 23 13 en
461 659 47 30 eller
521 676 63 13 annan
598 671 38 18 kan
650 659 56 37 begå
714 673 28 17 ett
756 670 32 20 så-

46 686 46 30 dant
104 696 61 26 brott,
186 698 21 18 är
223 697 30 19 väl
268 696 18 26 ej
301 700 29 16 ett
344 696 108 26 tillräckligt
466 697 41 19 skäl
523 699 28 18 att
564 697 56 19 ställa
635 697 36 19 alla
685 697 102 19 författare

44 723 63 20 under
115 724 39 18 den
161 709 117 44 preventiva
289 728 110 15 censurens
408 723 170 26 förmynderskap.
594 724 44 19 Man
649 723 64 20 kunde
723 722 63 21 likaså

43 755 59 20 gerna
112 750 72 24 fordra,
200 752 27 18 att
241 755 25 14 en
280 750 56 24 hvar,
353 755 44 15 som
409 749 25 26 på
445 750 58 25 något
514 753 56 17 annat
580 751 39 25 sätt
632 750 45 20 ville
687 750 98 26 uppträda

46 776 100 26 offentligt,
169 776 62 20 borde
252 776 49 20 först
315 776 95 26 redogöra
424 776 30 20 för
468 777 30 19 sin
512 777 58 25 afsigt
584 778 37 18 och
636 776 85 20 inhemta
735 776 52 21 bifall

46 803 63 20 dertill
125 803 20 20 af
158 802 63 26 någon
235 803 29 19 för
279 802 70 20 sådant
363 802 89 20 ändamål
467 803 82 20 inrättad
564 809 78 14 censur.
674 804 38 18 Det
725 809 63 20 synes

44 830 39 19 ock
104 835 47 14 vara
171 830 59 25 klart,
251 832 28 16 att
299 829 44 25 den,
366 835 44 14 som
427 835 49 14 vore
493 829 21 20 så
528 830 97 26 brottslig,
648 832 28 17 att
691 830 36 19 han
742 830 45 20 ville

44 856 134 26 offentliggöra
197 856 64 26 någon
280 856 107 26 upprorisk
408 856 47 20 eller
468 859 42 17 mot
523 856 76 19 landets
613 856 89 26 regering
716 856 70 20 fiendt-

44 883 26 26 lig
91 883 46 20 eller
159 883 94 26 smädelig
270 882 64 26 skrift,
352 883 43 19 icke
408 882 6 20 i
428 882 64 26 någon
506 882 95 20 händelse
616 883 49 19 skall
680 883 63 19 vända
758 883 30 25 sig

45 910 27 20 till
94 915 97 15 censuren
212 910 29 19 för
261 912 28 16 att
309 909 73 21 erhålla
403 909 47 20 dess
471 909 131 26 imprimatur,
625 912 45 17 utan
685 909 102 21 fasthellre

45 936 53 25 söka,
118 939 35 20 att,
172 936 45 20 med
234 935 125 26 förbigående
373 936 20 20 af
406 941 98 15 censuren
519 936 38 20 och
571 938 46 17 utan
630 936 48 20 dess
692 936 93 26 vetskap,

44 962 20 20 få
86 952 34 30 sitt
140 959 101 38 brottsliga
263 951 68 31 arbete
351 963 66 26 tryckt
437 963 38 20 och
496 962 91 26 utspridt.
616 962 57 20 Hvad
688 968 99 14 censuren

46 988 109 30 egentligen
169 990 21 18 är
204 989 68 21 afsedd
287 992 28 16 att
328 990 113 26 förebygga,
457 989 91 19 kommer
562 988 78 20 derföre
655 988 60 20 också
726 988 61 26 aldrig

46 1015 49 19 inför
116 1016 48 19 dess
185 1016 56 25 ögon,
264 1018 46 17 utan
330 1016 47 19 dess
398 1016 76 19 tillvaro
492 1015 62 26 tjenar
568 1016 82 19 allenast
664 1015 26 20 till
707 1018 28 16 att
749 1005 39 30 för-

45 1041 54 25 dröja
120 1043 38 18 och
179 1031 96 36 försvåra,
298 1042 46 19 eller
360 1042 79 20 alldeles
456 1042 100 19 förhindra
570 1041 76 20 litterär
661 1041 128 20 verksamhet

45 1069 21 18 af
78 1074 103 19 personer,
204 1058 71 30 hvilka
290 1073 70 20 genom
377 1074 25 14 en
418 1067 61 20 sådan
497 1068 129 20 verksamhet
643 1067 65 20 kunde
724 1073 63 20 gagna

47 1094 129 21 fosterlandet
190 1095 38 19 och
241 1094 163 25 menskligheten.

99 1121 31 20 Uti
146 1121 33 20 Jet
193 1121 5 19 i
213 1121 36 20 Jen
264 1110 75 36 nådiga
347 1120 147 31 propositionen
508 1120 161 21 förekommande
682 1120 71 31 förslag
762 1121 27 20 till

46 1153 24 25 en
84 1143 161 40 tryckfrihetslag
259 1149 21 18 är
295 1152 96 15 censuren
406 1148 5 19 i
424 1148 104 19 allmänhet
536 1142 131 40 undanrödjad
682 1148 4 3 i
682 1153 5 13 i
696 1147 94 20 afseende

46 1173 10 20 å
78 1174 82 20 skrifter
175 1173 24 27 på
215 1173 64 21 finska
297 1175 47 19 eller
357 1175 86 20 svenska
458 1173 93 27 språken,
567 1179 44 14 som
626 1179 16 19 ej
657 1175 33 18 äro
705 1174 85 25 periodi-

46 1201 35 19 ska
96 1204 51 16 samt
161 1201 6 19 i
181 1200 79 26 omfång
274 1200 64 26 uppgå
354 1201 25 19 till
394 1201 50 21 eller
456 1201 107 25 öfverstiga
578 1204 30 15 tre
621 1200 45 24 ark;
683 1202 38 18 och
731 1200 58 20 äfven

46 1227 34 19 det
96 1227 5 19 i
118 1228 26 19 40
161 1228 11 25 $
188 1227 84 25 intagna,
291 1228 52 19 förut
359 1227 119 20 omnämnda
494 1228 114 25 preventiva
622 1226 123 26 stadgandet,
762 1230 27 16 att

45 1254 122 26 broschyrer
180 1254 22 20 af
213 1254 76 20 mindre
303 1253 78 27 omfång
395 1256 23 18 än
431 1257 31 17 tre
476 1255 35 18 ark
526 1254 61 20 borde
597 1253 61 20 minst
666 1242 37 31 tolf
711 1253 80 19 timmar

46 1280 103 20 afvensom
164 1280 112 26 periodiska
290 1280 80 20 skrifter
384 1281 59 19 minst
458 1286 23 14 en
496 1280 68 20 timme
573 1280 42 19 före
624 1280 58 19 deras
688 1278 103 32 utdelning

46 1306 93 20 aflemnas
156 1308 27 18 till
200 1307 147 19 vederbörande
363 1307 137 25 ombudsman,
519 1307 83 19 innebär
615 1306 44 19 icke
672 1305 64 27 någon:
752 1307 38 17 rät-

46 1333 62 24 tighet
122 1334 29 18 för
165 1334 63 18 denne
242 1336 28 16 att
283 1338 106 14 eensurera
405 1319 111 43 skrifterna,
532 1336 46 15 utan
592 1316 117 45 medgifver
716 1333 74 18 honom

43 1343 84 45 allenast
142 1358 99 26 möjlighet
255 1361 28 16 att
296 1359 42 18 före
352 1359 58 18 deras
420 1345 100 42 utdelning
529 1358 81 25 belägga
620 1346 44 30 dem
676 1358 44 19 med
730 1363 60 20 qvar-

47 1384 50 25 stad,
114 1385 83 20 hvarom
211 1386 38 19 han
263 1385 59 24 enligt
336 1385 25 19 49
371 1384 10 25 $
391 1385 34 19 bör
440 1369 163 44 fordersammast
613 1383 112 20 underrätta
734 1384 57 19 dom-

47 1412 47 23 stol,
109 1412 80 19 hvilken
205 1412 34 20 det
255 1411 118 20 tillkommer
390 1414 27 16 att
431 1411 43 25 gilla
489 1411 46 20 eller
549 1411 99 25 upphäfva
663 1413 127 23 segvestern.

47 1423 65 46 Något
129 1439 70 20 förbud
219 1441 29 18 att
267 1438 83 26 granska
371 1439 38 18 och
431 1438 92 20 kriticera
537 1437 108 20 bestående
659 1437 133 20 förhållanden

686 1471 33 16 103
