984 1703
264 131 70 23 Nådiga
347 133 139 21 Propositionen
500 132 35 17 N:o
548 132 27 17 44.
749 131 42 19 1477

46 181 45 21 dets
105 182 116 20 nödlidande
234 181 118 20 innevånare
366 182 42 20 dels
423 182 83 20 medelst
525 181 125 26 penningelån
664 181 20 19 åt
699 182 88 19 kommu-

47 214 35 13 ner
96 208 48 20 eller
158 208 216 26 spanmålshandlande,
391 208 42 20 dels
447 214 71 19 genom
533 208 110 20 beredande
653 208 21 20 af
681 208 107 20 arbetsför-

46 234 60 24 tjenst
120 234 20 19 åt
153 235 25 19 de
192 234 129 24 behöfvande,
340 234 45 20 med
402 234 46 19 flera
465 234 65 26 dylika
549 234 236 25 undsättningsåtgärder.

45 260 110 22 Ständerne
165 260 83 20 erkänna
258 266 58 20 gerna
330 263 28 17 att
372 260 34 20 Jet
419 262 53 18 ännu
487 261 55 25 länge
557 262 4 17 i
575 260 79 20 Finland
671 260 57 20 torde
746 261 43 19 blif-

45 292 24 13 va
83 286 66 26 nödigt
163 290 28 16 att
204 290 66 16 staten
284 287 32 19 vid
329 286 113 20 inträffande
457 286 120 21 missvextär
587 287 107 24 uppträder
704 286 84 20 förmed-

44 313 58 19 lande
116 301 37 31 och
167 312 111 30 hjelpande,
295 314 37 18 och
346 313 34 19 det
394 312 21 20 så
430 314 82 25 mycket
527 313 60 19 hellre
598 318 43 14 som
651 313 137 19 erfarenheten

46 339 53 19 visat
113 342 28 16 att
154 340 58 19 äfven
226 340 6 18 i
246 339 106 26 lyckligare
367 339 73 20 lottade
454 339 67 20 länder
535 340 23 17 än
573 338 46 19 vårt
627 339 53 24 land,
691 344 24 13 en
726 338 61 20 sådan

45 365 122 20 medverkan
181 364 43 21 från
241 368 75 17 statens
334 365 43 20 sida
394 366 92 19 stundom
505 365 50 19 varit
572 365 37 19 och
629 367 22 18 är
670 351 115 48 nödvändig.

44 391 70 21 Likaså
129 391 35 20 bör
177 391 77 20 landets
268 393 85 25 styrelse
367 392 126 19 tillerkännas
509 391 120 26 befogenhet
645 394 28 17 att
689 392 51 19 efter
757 392 30 25 sig

44 418 114 23 företeende
173 419 41 19 skäl
230 419 38 19 och
281 418 167 25 omständigheter
463 419 77 24 vidtaga
555 405 25 32 de
590 417 97 26 åtgärder,
699 423 45 14 som
754 418 32 20 vid

44 444 69 25 hvarje
127 445 93 20 särskildt
235 445 71 20 tillfälle
320 445 7 25 i
340 434 68 37 antydt
422 444 112 20 hänseende
548 444 65 19 kunna
628 450 58 14 anses
704 450 46 13 vara
768 446 20 18 af

44 471 93 19 behofvet
146 471 107 25 påkallade.
269 471 110 20 Ständerne
389 471 58 20 hafva
457 471 50 20 dock
518 473 47 17 trott
574 471 29 25 sig
612 471 47 20 böra
665 471 50 19 fästa
722 471 64 20 Eders

45 496 108 32 Kejserliga
163 497 94 26 Majestäts
261 499 49 24 höga
315 498 177 25 uppmärksamhet
498 497 67 25 derpå,
571 499 28 17 att
605 503 70 20 genom
682 497 42 20 läns
731 497 56 20 utde-

44 523 58 20 lande
111 523 20 20 åt
140 524 211 30 spanmålshandlande
361 525 104 18 resultater
475 523 91 25 möjligen
574 523 65 20 kunna
648 522 82 26 uppstå,
743 529 44 13 som

45 550 101 20 motverka
160 550 41 22 Jen,
212 550 35 20 fria
258 549 194 33 spanmålshandelns
461 550 121 25 utveckling.
597 545 8 41 —
611 550 32 19 Att
653 549 91 20 räntefria
754 549 31 20 län

44 576 5 20 i
64 576 70 20 sådant
147 577 95 20 afseende
256 576 71 25 måste,
344 576 66 20 såsom
424 577 86 26 skadliga
525 577 38 19 och
577 576 108 20 hindrande
699 576 37 20 den
751 576 35 20 fria

44 603 148 20 konkurrensen
205 604 99 30 upphöra,
310 594 64 30 torde
388 607 45 16 utan
448 604 69 19 vidare
531 608 47 14 vara
592 603 60 25 klart,
668 608 45 14 men
727 603 59 19 äfven

43 628 32 21 län
90 632 54 22 emot
159 630 67 32 vanlig
237 632 61 24 ränta,
315 630 71 29 utgifna
401 630 20 20 ät
436 615 217 45 spanmälsimportörer
671 630 33 19 vid
721 629 66 19 inträf-

44 656 57 20 fande
118 656 128 25 missvextär,
265 646 44 31 leda
326 663 17 24 ej
360 657 28 19 till
404 656 35 20 det
455 656 82 20 dermed
554 656 89 26 åsyftade
660 656 67 20 målet.
757 656 28 20 En

44 688 128 21 nyssvunnen,
190 684 114 19 erfarenhet
320 684 54 19 visar
391 683 97 25 nemligen
506 685 34 18 att
550 683 34 20 det
601 682 18 25 ej
637 683 22 18 är
678 682 109 26 tillräckligt

42 710 31 19 för
86 709 74 20 nödens
175 709 125 27 afhjelpande
320 713 28 16 att
368 712 118 23 uppmuntra
507 711 38 18 och
564 715 66 25 gynna
650 709 98 26 importen
767 697 21 31 af

43 735 96 26 spanmål,
156 739 46 17 utan
216 739 28 17 att
258 737 58 20 äfven
333 737 93 19 afseende
440 737 36 20 bör
492 737 62 19 fästas
571 735 58 26 derå,
647 736 98 19 huruvida
761 735 26 20 de

43 763 123 20 behöfvande
180 765 77 18 orterna
272 765 34 24 äga
321 763 127 25 erforderliga
462 763 62 20 medel
540 764 29 19 för
583 765 28 18 att
625 752 62 31 tillösa
702 762 29 26 sig
748 762 37 20 den

43 789 90 26 spanmål
148 790 25 19 de
187 789 91 21 behöfva.
308 791 37 19 Det
362 790 56 20 torde
424 779 72 31 "kunna
514 792 79 23 antagas
610 792 27 17 att
654 782 81 27 allenast
752 789 34 19 kö-

44 822 46 19 pare
104 817 70 23 finnas,
186 816 48 21 skall
244 823 38 20 nog
295 817 83 20 handeln
393 816 59 20 förstä
467 819 28 16 att
508 804 114 32 framskaffa
635 816 39 19 den
684 821 47 14 vara
742 821 43 14 som

44 839 90 33 begäres.
164 832 71 31 Senast
248 843 148 29 genomgängna
409 842 121 21 missvextär
540 843 107 30 bestyrker
664 842 51 19 hvad
730 843 56 19 Stän-

43 870 60 19 derne
119 869 69 24 anfört,
204 871 47 18 enär
264 870 26 20 Je
304 870 45 20 med
363 869 53 29 hjelp
431 871 19 18 af
463 869 90 20 räntefria
568 868 31 20 län
613 868 42 20 från
671 871 64 17 staten
751 869 35 19 im-

43 896 105 25 porterade
163 880 213 46 spanmälsförräderna
392 902 17 19 ej
424 896 66 20 kunde
502 896 20 19 af
529 896 58 19 deras
597 895 126 20 innehafvare
732 897 55 18 emot

44 923 80 19 kontant
138 921 89 26 försäljas
242 923 83 20 emedan
339 923 24 20 de
380 922 123 21 behöfvande
520 921 17 26 ej
555 921 51 27 egde
622 922 64 19 medel
704 924 28 17 att
746 923 40 19 lösa

43 948 122 27 spanmälen,
181 949 78 20 hvilken
274 949 78 20 säledes
366 949 65 20 mäste
444 950 28 19 till
487 938 94 37 importör
583 954 57 14 ernas
655 951 53 17 stora
718 948 68 21 förlust

43 976 140 19 utkrediteras.
212 975 29 20 Då
255 977 69 19 vidare
337 976 64 20 dylika
416 975 31 20 lån
462 975 16 25 ej
494 976 65 19 kunna
574 972 83 23 tilldelas
669 975 50 20 alla
716 981 70 20 impor-

44 1003 54 19 törer
111 1003 21 18 af
144 1002 96 25 spanmäl,
256 1006 47 17 utan
318 1005 75 26 endast
403 1008 24 14 en
441 1003 63 19 större
519 1002 47 19 eller
578 1001 76 20 mindre
662 1002 31 19 del
703 1002 20 18 af
731 1002 53 24 Jem,

44 1034 58 14 anses
117 1028 59 20 desse
191 1034 71 14 senare
277 1029 37 20 och
328 1029 34 20 det
376 1028 17 25 ej
409 1031 47 17 utan
466 1029 43 19 skäl
519 1027 68 20 säsom
597 1027 21 20 af
625 1027 102 31 Styrelsen
737 1033 48 21 gyn-

44 1055 49 19 nade
108 1055 79 19 framför
201 1055 25 19 de
240 1055 67 26 öfriga.
338 1056 108 19 Dessutom
459 1055 66 24 torde,
544 1060 33 14 om
594 1059 24 14 en
634 1053 151 32 ändamålsenlig

44 1081 60 20 bank-
118 1082 39 19 och
171 1066 184 45 kreditlagstiftning
368 1082 80 25 införes,
464 1070 68 31 lättare
547 1080 77 27 tillgång
638 1080 24 26 på
675 1080 111 21 erforderli-

44 1113 23 20 ga
84 1107 95 26 kapitaler
196 1108 64 19 kunna
277 1108 94 25 erhållas,
390 1109 39 19 och
444 1098 82 30 sålunda
542 1107 133 26 ifrågakomna
691 1106 32 21 lån
743 1107 43 20 från

44 1135 124 19 statskassan
182 1135 58 19 blifva
255 1121 133 48 öfverflödiga.

97 1160 26 20 På
137 1160 59 20 dessa
210 1161 42 20 skäl
268 1161 19 20 få
301 1161 110 20 Ständerne
425 1162 6 18 i
445 1160 155 26 underdånighet
613 1159 75 21 anhålla
707 1163 27 16 att
754 1160 32 20 lån

38 1191 38 24 för
90 1189 101 25 framtiden
206 1190 16 25 ej
237 1189 57 20 måtte
303 1189 48 27 från
366 1193 70 16 statens
450 1191 58 18 medel
527 1189 75 25 beviljas
622 1188 163 26 spanmälsimpor-

44 1220 56 21 törer,
115 1219 46 18 utan
176 1218 67 19 endast
257 1219 23 18 de
295 1219 113 22 kommuner,
424 1225 40 12 sam
479 1222 34 15 äro
528 1219 6 17 i
549 1217 56 26 behof
618 1217 62 25 deraf,
695 1217 34 19 och
747 1223 39 13 som

43 1247 29 22 för
88 1245 63 20 länens
166 1245 141 21 äterbetalande
322 1247 57 19 ställa
393 1247 82 25 nöjaktig
490 1246 92 20 säkerhet.

98 1274 95 29 Slutligen
207 1274 35 19 har
255 1275 54 18 Eder
321 1273 131 27 Kejserliga
468 1273 106 26 Majestät
584 1273 5 20 i
599 1272 141 21 meranämnde
753 1272 33 20 nä-

44 1299 44 29 diga
98 1300 121 26 proposition
234 1299 85 27 behagat
332 1300 84 20 infordra
429 1301 115 19 ständernes
553 1299 132 26 underdäniga
695 1299 92 27 yttrande

44 1333 18 17 ej
76 1327 77 19 mindre
171 1326 121 20 beträffande
308 1329 69 24 nyttan
395 1329 38 17 och
449 1326 170 24 nödvändigheten
636 1327 21 18 af
671 1326 117 18 socknema-

44 1352 84 26 gasiner,
148 1352 39 19 och
204 1358 32 14 om
254 1353 102 19 desamma
373 1353 46 19 böra
436 1354 24 18 än
477 1353 68 19 vidare
562 1351 117 24 bibehållas,
697 1351 90 28 antingen

44 1378 81 20 allmänt
138 1379 5 19 i
159 1378 65 20 landet
239 1379 47 19 eller
296 1379 69 19 endast
374 1379 28 19 uti
412 1379 24 19 de
446 1378 42 20 frän
499 1378 101 25 sjökusten
611 1366 108 36 aflägsnare
726 1376 62 26 jemte

44 1404 29 32 de
84 1405 110 31 nordiigare
208 1406 81 24 belägna
299 1405 79 20 delarne
388 1405 62 26 deraf,
460 1406 24 19 än
494 1405 37 19 ock
541 1404 98 20 huruvida
647 1404 140 19 kommunerna

44 1431 32 21 mä
95 1432 5 19 i
115 1432 69 20 sädant
198 1432 30 20 fall
244 1432 116 26 medgifvas,
376 1434 28 18 att
419 1422 31 30 till
463 1432 64 20 större
544 1432 47 19 eller
608 1431 75 20 mindre
697 1430 33 21 del
748 1436 41 14 om-
