998 1709
208 153 45 20 1364
436 152 71 22 Nådiga
518 152 141 22 Propositionen
672 150 36 17 N:o
720 148 29 19 40.

417 228 93 19 Finlands
529 226 87 21 ständers
630 224 130 27 underdåniga
775 231 45 14 svar
834 226 7 18 i
856 224 100 26 anledning

349 258 23 24 af
388 256 54 19 Hans
460 256 108 26 Kejserliga
587 254 100 26 Majestäts
702 253 70 26 nådiga
784 254 125 24 proposition,
925 260 32 12 an-

347 284 72 27 gående
437 284 110 26 grunderna
559 284 36 26 för
613 290 23 12 en
654 282 70 20 allmän
737 282 115 27 förfaltning
870 288 30 13 om
914 280 44 27 jagt

349 313 34 20 och
398 312 94 26 djurfång.

244 359 140 19 (Sammansatta
398 357 36 22 Lag
447 357 35 18 och
494 357 101 18 Ekonomie
607 355 103 18 Utskottets
723 355 116 18 betänkande
852 355 36 17 N:o
902 355 25 20 1).

501 398 20 20 S.
537 399 23 19 A.
575 398 24 19 K.
615 403 19 14 0.
650 397 21 20 S.

266 449 76 20 Eders
356 447 134 26 Kejserliga
506 447 107 25 Majestät
630 447 42 25 har,
688 447 5 19 i
708 453 24 14 en
747 446 89 20 Finlands
850 446 81 20 ständer
947 445 10 20 ä

214 477 63 19 denna
291 474 91 26 landtdag
396 474 85 29 förelagd
496 473 128 27 proposition,
640 474 77 19 förmält
731 473 33 26 Sig
778 479 47 14 vara
840 472 81 20 betänkt
935 471 25 27 pä

213 501 117 21 utfärdande
344 501 21 20 af
378 507 24 13 en
416 507 26 20 ny
455 501 111 26 jagtstadga
584 501 39 18 och
637 500 52 27 förty
706 501 5 18 i
725 499 61 20 nåder
800 499 58 20 eskat
872 499 89 20 ständer-

214 535 36 14 nes
264 527 93 27 yttrande
370 527 56 20 öfver
440 527 84 26 följande
537 527 87 26 grunder
639 527 29 19 för
681 527 85 20 berörde
780 526 77 25 stadga:

569 581 33 19 1:0

258 619 50 20 *Allt
321 618 95 21 villebråd
431 619 92 19 hänföres
537 618 26 20 till
578 620 30 18 tre
624 617 50 26 slag,
690 617 106 26 nemligen:
813 618 40 25 1:0)
869 617 94 26 Nyttigt

214 645 129 25 villebråd,
360 646 61 19 hvars
436 644 135 21 bibehållande
585 645 39 19 och
638 643 106 20 förökande
758 644 37 20 bör
808 643 107 26 befrämjas
929 649 34 20 ge-

214 678 47 13 nom
278 672 122 25 fredlysning
417 671 63 20 under
496 671 162 26 fortplantningen
676 671 38 19 och
730 671 77 28 ynglets
821 671 86 24 tillvext,
923 671 38 19 och

215 699 78 20 hvartill
310 698 66 20 kunna
394 698 72 19 räknas
480 699 40 24 elg,
536 697 39 20 vild
589 703 45 19 ren,
650 698 58 23 hare,
724 697 69 25 tjäder,
810 703 54 17 orre,
881 696 80 27 hjerpe,

215 726 111 24 rapphöna,
343 725 41 25 ripa
399 724 37 20 och
452 724 93 25 gräsand.
573 725 42 24 2:0)
626 723 133 26 Skadedjur
769 723 46 20 eller
824 723 67 26 björn,
903 729 58 20 varg,

215 752 26 23 lo,
258 751 71 25 filfras,
345 751 39 24 räf,
400 750 67 25 mård,
484 751 63 25 hiller,
561 751 44 24 örn,
620 751 32 24 uf,
662 750 48 24 hök,
721 750 65 25 glada,
797 751 39 18 falk
847 751 38 18 och
895 751 66 24 uggla,

215 777 80 20 hvilkas
307 777 104 20 utrotande
424 779 21 17 är
456 777 107 20 önskvärdt
573 778 37 18 och
619 777 80 19 derföre
708 777 35 19 bör
754 779 137 23 uppmuntras.
921 777 40 24 3:0)

215 803 126 26 Oskadligt
358 803 126 25 villebråd,
504 803 78 20 hvartill
597 803 48 20 höra
659 803 36 20 alla
710 803 60 26 öfriga
785 806 51 17 arter
851 803 53 20 vilda
919 801 44 26 djur

215 831 21 18 af
249 829 61 20 sådan
324 829 136 21 beskaffenhet
473 832 28 17 att
515 830 88 20 hvarken
617 830 59 19 deras
690 829 94 20 fredande
799 830 47 19 eller
858 829 104 20 utrotande

215 857 39 20 kan
269 863 60 14 anses
343 856 85 21 behöfva
443 863 70 20 genom
528 857 96 20 särskilda
639 856 72 26 lagbud
726 856 156 21 åstadkommas.

575 911 34 19 2:0

271 945 73 26 Hvarje
352 945 103 27 jordegare
465 947 39 19 och
514 946 176 20 kronohemmans-
700 946 47 20 eller
756 946 209 20 boställsinnehafvare

217 973 121 20 tillkommer
359 973 5 18 i
385 973 105 20 allmänhet
507 973 127 20 uteslutande
648 973 38 19 rätt
699 973 27 19 till
739 972 43 26 jagt
795 972 24 26 på
834 978 49 20 egen
896 973 67 23 mark;

216 1005 47 14 men
281 998 107 25 skadedjur
405 999 31 19 må
452 999 52 20 dock
519 1000 20 19 af
551 1000 76 19 enhvar
641 998 69 26 fångas
724 999 38 20 och
776 999 69 24 dödas,
861 999 104 20 hvarhelst

217 1025 26 20 de
259 1026 6 19 i
282 1025 42 20 fritt
341 1025 86 20 tillstånd
444 1025 92 20 anträffas
551 1025 24 26 på
590 1031 48 20 egna
653 1026 47 19 eller
714 1026 72 20 andras
800 1031 53 20 egor.
882 1025 83 26 Jagträtt

217 1052 11 20 å
244 1052 82 20 samfäld
340 1052 56 19 mark
411 1052 110 20 tillkomme
535 1051 69 26 hvarje
619 1052 99 26 delegare.

568 1106 41 19 3:0.

271 1143 54 19 Hvar
339 1148 43 15 som
398 1143 77 20 utöfvar
490 1143 64 25 oloflig
567 1142 40 27 jagt
622 1145 38 18 och
672 1142 110 27 djurfångst
791 1143 24 25 på
825 1148 74 15 annans
908 1149 54 20 egor,

216 1171 22 18 är
252 1169 89 20 förfallen
355 1172 28 16 att
397 1169 44 20 böta
456 1171 51 18 efter
522 1169 70 20 sakens
607 1170 136 19 beskaffenhet
756 1169 42 20 från
813 1169 54 25 tjugu
878 1170 27 19 till
915 1170 50 19 fem-

216 1196 27 19 tio
262 1195 67 26 mark,
349 1196 37 19 ifall
403 1195 107 26 påstående
524 1196 70 19 derom
608 1197 20 18 af
640 1195 126 26 målsegande
781 1197 65 24 göres.
875 1197 26 18 Af
913 1196 48 25 den,

216 1222 81 19 hvilken
313 1221 9 20 å
338 1221 35 20 bar
388 1223 82 24 gerning
484 1222 82 20 dermed
575 1223 105 25 beträdes,
692 1222 32 20 må
734 1223 37 19 ock
783 1221 140 27 målseganden
933 1221 31 21 sä-

217 1254 44 13 som
275 1248 115 19 vedermäle
405 1251 42 22 taga
460 1248 128 25 jagtredskap
603 1250 39 18 och
656 1249 45 18 dem
715 1248 87 25 behålla,
819 1249 37 19 tills
870 1249 39 18 han
923 1249 41 19 blif-

217 1274 28 19 vit
259 1275 30 18 för
303 1274 52 19 liden
369 1274 60 19 skada
443 1273 110 26 godtgjord.

567 1328 41 19 4:0.

268 1365 58 26 Ingen
343 1365 32 20 må
394 1364 24 27 på
436 1371 49 20 egna
501 1365 46 20 eller
561 1366 72 20 andras
648 1371 46 21 egor
706 1365 44 26 jaga
766 1367 38 19 och
819 1365 56 26 fånga
890 1366 73 26 nyttigt

216 1393 39 18 och
272 1392 83 27 fredlyst
371 1391 95 21 villebråd
484 1392 62 20 under
559 1392 103 25 förbjuden
676 1392 71 25 årstid,
764 1399 43 14 som
821 1393 98 20 beräknas
934 1393 29 20 för

216 1419 100 25 rapphöns
331 1418 42 21 från
387 1419 38 19 den
440 1419 9 19 4
465 1419 114 21 November
593 1419 45 20 intil
653 1419 37 20 den
706 1420 10 19 4
731 1420 91 25 Augusti,
837 1420 29 19 för
876 1419 86 27 gräsand

215 1445 44 20 från
276 1445 38 21 den
332 1446 24 20 45
373 1446 53 19 Mars
444 1446 24 19 till
486 1446 39 20 den
543 1447 25 19 45
585 1446 48 26 Juli,
649 1449 52 17 samt
715 1447 29 19 för
758 1446 36 21 alla
808 1446 62 26 öfriga
885 1447 42 26 slag
945 1447 21 19 af
