986 1700
259 136 71 22 Nådiga
340 137 142 23 Propositionen
494 137 37 18 N:o
543 137 28 18 42.
743 138 44 18 1424

45 186 32 20 da.
106 187 30 19 En
150 186 60 20 sådan
225 186 67 26 åtgärd
306 187 63 19 skulle
383 186 72 20 bereda
465 186 66 20 fätalet
545 192 31 19 en,
592 187 60 26 enligt
664 187 122 21 Ständernes

45 212 132 24 förmenande,
190 212 92 25 obehörig
291 213 97 25 öfvervigt
396 212 56 20 öfver
461 213 84 19 flertalet
551 213 38 19 och
596 213 133 26 mångengång
738 213 49 20 kun-

45 244 24 15 na
82 239 45 24 leda
136 239 70 23 dertill,
217 241 28 17 att
255 244 23 14 en
288 239 47 19 eller
344 244 63 14 annan
417 238 99 27 delegare,
528 239 5 19 i
546 239 61 19 hvars
620 239 87 20 enskilda
717 240 69 19 intres-

45 271 22 14 se
81 265 37 20 det
129 271 47 13 vore
191 267 28 18 att
233 265 95 26 ploglaget
338 265 80 19 komme
427 265 25 20 till
463 265 66 24 stånd,
541 265 67 20 kunde
616 266 66 25 tvinga
691 266 26 19 de
727 265 60 26 öfriga

44 291 70 20 dertill.
143 291 33 20 Till
186 291 160 20 förekommande
356 291 57 20 deraf
421 297 48 14 anse
478 291 114 24 Ständerne,
604 292 46 19 med
662 292 125 20 erkännande

46 318 20 19 af
73 317 34 20 det
117 317 112 20 önskvärda
238 317 51 25 deri,
301 321 28 16 att
338 318 75 25 ploglag
423 318 60 19 varda
492 317 96 20 inrättade
597 318 102 20 öfverallt
696 313 9 34 i
713 319 73 24 landet,

46 345 29 24 sig
82 344 47 25 böra
136 343 97 27 tillstyrka
240 343 136 21 bibehållande
386 345 20 18 af
411 343 39 20 den
457 345 86 24 gällande
550 345 143 25 lagstiftningen
701 346 5 18 i
714 347 73 17 ämnet.

97 370 200 26 Öfverläggningarne
312 371 4 18 i
331 371 102 24 anledning
450 371 20 19 af
485 370 128 20 förevarande
630 370 68 27 nådiga
714 377 73 20 propo-

46 397 59 19 sition
119 397 58 20 hafva
192 398 37 19 hos
243 397 111 20 Ständerne
368 397 76 26 stadgat
458 397 38 20 den
511 398 139 25 öfvertygelse,
666 400 28 17 att
708 400 28 17 ett
745 399 43 19 full-

45 423 86 26 ständigt
145 424 38 19 och
198 423 72 26 slutligt
284 423 101 20 ordnande
398 425 20 18 af
432 423 143 20 ofvannämnde
589 424 70 25 vigtiga
673 425 115 25 angelägen-

45 450 57 19 heter
116 450 45 19 icke
174 450 37 19 kan
225 450 5 19 i
245 450 74 20 sakens
332 449 113 21 nuvarande
460 450 56 20 skick
525 450 164 25 tillvägabringas.
718 451 71 19 Behof-

46 479 34 16 vet
93 477 21 18 af
127 483 24 13 en
165 475 60 21 sådan
240 475 69 26 åtgärd
323 476 91 25 yvarstär
428 476 78 21 således
521 477 39 19 och
574 476 64 20 måste
652 477 76 20 alltmer
754 478 34 19 göra

45 502 30 25 sig
89 502 87 26 gällande
190 502 22 26 ju
225 503 117 20 allmännare
356 503 144 26 öfvertygelsen
514 503 37 20 blir
566 508 32 14 om
608 503 34 21 det
651 503 76 25 obilliga
737 483 50 44 jat,

46 531 28 17 att
90 529 133 20 kostnaderne
240 529 29 19 för
286 529 174 26 hällskjutsningen
478 532 51 17 samt
545 529 26 20 de
588 530 94 19 allmänna
697 529 91 21 landsvä-

45 561 71 19 garnes
134 556 38 20 och
194 555 95 21 broarnes
303 555 101 21 underhåll
421 556 74 20 drabba
509 556 70 20 endast
599 557 53 19 vissa
671 557 77 19 klasser
761 556 29 20 .af

45 582 138 26 medborgare.
213 582 25 20 Af
251 582 61 20 sådan
327 582 58 21 orsak
399 587 60 21 synes
473 583 33 20 det
520 582 108 20 Ständerne
646 588 46 14 vara
709 583 21 19 af
745 586 43 16 stor

46 608 41 26 vigt
104 610 38 18 och
158 611 64 23 nyttä,
241 610 58 18 äfven
313 614 32 14 om
362 608 101 27 principen
480 615 32 13 om
529 612 75 16 statens
622 609 113 26 skyldighet
751 612 36 22 att,

46 635 46 20 med
109 636 46 19 eller
171 637 48 18 utan
236 636 90 25 lämpliga
342 635 68 25 bidrag
427 635 21 19 af
463 635 25 19 de
506 635 127 25 vägfarande,
654 635 133 26 upprätthålla

45 661 128 20 merberörda
191 661 242 20 kommunikationsmede!
450 661 44 20 icke
510 661 66 20 kunde
594 661 96 25 snarligen
707 667 81 20 genom-

45 687 58 26 föras,
120 690 28 17 att
162 683 68 34 åtgärd
242 683 88 34 vidtoges
348 689 26 19 till
390 687 112 20 erhållande
515 688 22 19 af
549 693 25 14 en
588 688 6 18 i
609 687 108 26 möjligaste
725 687 62 20 måtto

45 714 106 25 tillförlitlig
164 714 103 25 utredning
282 713 17 26 ej
314 715 48 18 blott
377 720 33 13 om
420 714 30 27 de
464 714 107 20 kostnader
584 714 29 19 för
630 714 156 25 vederbörande,

45 741 96 19 hvarmed
156 739 147 27 ifrägavarande
316 740 83 20 besvärs
414 741 107 25 utgörande
535 743 35 17 äro
585 741 97 24 förenade,
693 743 47 17 utan
749 741 39 19 ock

45 772 32 13 om
92 767 25 20 de
131 767 86 25 utgifter,
233 772 44 14 som
291 767 112 20 desammas
417 767 138 25 öfvertagande
573 767 21 19 af
609 769 64 17 staten
689 767 99 19 sannolikt

45 793 64 20 skulle
127 793 95 20 medföra.
255 793 107 20 Ständerne
379 793 59 20 tillåta
458 793 29 25 sig
507 793 78 20 Jerföre
607 794 5 18 i
632 788 157 29 underdänighet

45 819 113 25 hemställa,
177 825 33 14 om
223 820 44 19 icke
281 820 22 19 E.
322 819 22 20 K.
363 820 41 19 M:t
422 820 45 19 ville
480 819 6 19 i
502 819 62 20 nåder
579 819 100 29 uppuraga
694 819 20 20 ät
728 819 60 26 några

45 846 120 25 sakkunnige
180 847 45 18 män
239 848 28 17 att
280 845 111 21 införskaffa
406 846 60 25 sagde
479 845 103 26 utredning
592 848 62 23 jemte
664 846 61 24 öfriga
735 845 11 20 ä
757 851 31 14 sa-

45 873 39 18 ken
98 872 120 20 inverkande
231 872 139 26 upplysningar
384 871 56 21 säväl
454 873 30 18 för
496 872 135 26 landsbygden
645 877 44 14 som
703 873 31 18 för
749 873 40 18 stä-

45 899 62 20 derne
121 901 52 18 samt
187 899 86 20 derefter
287 899 26 20 till
328 899 23 19 E.
367 899 41 19 M:t
422 899 83 20 afiemna
523 897 17 26 ej
558 898 76 21 mindre
651 899 37 19 den
706 898 82 21 sålunda

45 931 66 14 vunna
123 926 130 25 utredningen
267 927 24 18 än
308 928 28 17 ett
352 925 46 20 derä
416 925 97 26 grundadt
530 925 119 26 fullständigt
665 925 74 26 förslag
755 930 34 14 an-

45 953 67 24 tingen
126 952 28 19 till
168 952 170 20 meromförmälda
352 951 85 21 besvärs
451 951 141 26 öfvertagande
607 952 20 19 af
640 954 63 17 staten
718 951 70 24 eller,
778 947 13 35 i

46 978 95 20 händelse
155 984 25 14 en
195 977 61 21 sädan
273 977 67 26 ätgärd
358 983 58 15 anses
433 979 45 19 icke
494 978 65 19 kunna
576 977 46 20 med
638 978 61 20 fördel
717 978 30 19 för
763 977 25 20 de

46 1005 143 26 skattskyldige
203 1005 133 25 genomföras,
355 1005 27 19 till
400 1007 28 18 ett
445 1004 70 21 sådant
531 1004 99 20 ordnande
647 1005 20 19 af
682 1004 60 20 dessa
755 1004 35 19 be-

46 1032 55 23 svär,
117 1034 28 17 att
159 1031 31 25 de,
206 1037 70 20 genom
291 1037 24 14 en
327 1030 54 26 jemn
395 1032 38 19 och
447 1031 69 20 rättvis
530 1030 113 25 fördelning,
659 1031 6 19 i
679 1030 110 25 möjligaste

46 1057 62 20 måtto
123 1057 79 20 lindras.
232 1058 43 19 Och
289 1057 49 26 våga
352 1057 110 20 Ständerne
476 1057 63 20 härtill
553 1057 44 25 foga
609 1057 38 19 den
657 1056 132 26 underdäniga

47 1083 96 26 anhållan,
159 1084 34 19 det
207 1084 76 20 täcktes
297 1084 24 19 E.
337 1084 22 19 K.
374 1084 37 20 M:t
424 1083 11 20 å
449 1083 165 21 nästkommande
630 1083 91 25 landtdag
739 1084 51 18 före-

47 1111 54 25 lägga
116 1110 75 20 landets
206 1110 82 20 Ständer
303 1110 60 26 sagde
376 1110 78 27 förslag,
470 1110 89 26 antingen
573 1109 5 19 i
592 1109 124 20 oförändradt
731 1109 58 20 skick

47 1137 47 20 eller
109 1137 46 20 med
168 1137 25 20 de
208 1137 139 25 förändringar,
364 1143 44 13 som
422 1137 24 20 E.
461 1138 42 19 M:t
519 1137 30 20 för
563 1136 71 21 sådant
648 1135 91 22 ändamål
749 1137 40 19 kan

49 1163 52 20 finna
116 1169 46 14 vara
176 1164 21 19 af
210 1163 68 20 nöden.

99 1190 140 20 Dessförinnan
254 1190 63 19 kunde
330 1190 53 20 dock
392 1189 62 27 någon
463 1189 80 26 lindring
558 1190 5 19 i
580 1189 123 20 oftanämnda
712 1189 76 20 besvär

48 1216 83 21 beredas
146 1216 153 26 vederbörande,
315 1222 33 13 om
360 1217 23 19 E.
400 1216 23 20 K.
438 1217 36 18 M:t
482 1215 109 21 emellertid
599 1215 81 26 Nådigst
691 1215 45 20 ville
749 1215 40 20 låta

48 1243 120 20 underkasta
189 1243 58 20 äfven
261 1243 25 20 de
300 1243 119 25 stadganden
434 1242 99 26 angående
551 1245 61 17 sättet
629 1243 29 19 för
675 1242 114 20 desammas

48 1269 116 26 utgörande,
181 1270 27 19 till
223 1269 78 20 hvilkas
316 1269 113 20 utfärdande
443 1269 120 20 Ständernes
573 1268 120 21 medverkan
702 1269 44 18 icke
756 1269 35 19 be-

50 1296 75 24 höfves,
142 1302 24 13 en
181 1296 110 25 fullständig
306 1296 91 19 revision.
426 1296 45 19 Och
485 1295 48 26 våga
547 1295 109 20 Ständerne
670 1295 78 19 derföre
760 1297 31 17 tro

49 1325 28 16 att
91 1323 23 18 E.
133 1323 41 18 M:t
194 1322 45 19 icke
255 1322 50 19 skall
323 1322 94 25 obenäget
433 1325 84 22 upptaga
534 1321 58 20 deras
609 1321 131 24 underdåniga
757 1321 34 20 be-

49 1349 59 24 gäran
123 1353 31 14 om
169 1353 25 14 en
209 1347 61 20 sådan
284 1347 74 26 åtgärd.

251 1389 87 20 Finlands
350 1389 76 20 Ständer
438 1389 106 20 framhärda
553 1390 37 19 ete.

104 1426 131 26 Helsingfors,
251 1426 38 20 den
305 1426 24 21 12
344 1425 52 27 April
411 1426 59 21 1864.
