992 1706
206 142 47 34 1400
420 146 70 22 Nådiga
503 147 141 23 Propositionen
656 146 36 18 N:o
705 146 29 18 42.

203 197 202 25 varu-omsättningen
423 197 21 18 är
462 197 51 25 trög,
533 200 51 15 samt
601 196 71 20 tillfälle
687 195 17 25 ej
719 196 52 19 alltid
785 196 64 24 gifves
864 196 29 18 för
907 196 38 19 den

201 222 144 26 skattskyldige
365 226 28 16 att
413 222 23 26 på
458 225 57 17 annat
533 222 37 20 håll
589 222 113 26 produktivt
720 222 88 20 använda
822 222 34 20 sitt
870 222 73 19 arbete.

203 249 86 19 Hvarest
303 249 71 20 tillfälle
389 249 63 19 dertill
466 249 70 25 finnes,
553 249 65 19 måste
631 249 33 20 det
678 248 52 20 alltid
740 248 59 20 blifva
808 248 138 26 förmånligare

203 278 27 18 att
244 276 63 20 under
321 276 62 25 vanlig
398 276 186 25 beskattningsform
595 276 79 25 bidraga
685 276 24 19 till
720 275 227 28 kommunikationernas

202 302 176 26 upprätthållande,
395 304 23 18 än
433 305 28 17 att
475 303 118 19 fortfarande
608 302 120 20 omedelbart
743 305 67 23 utgöra
825 302 58 20 dessa
897 305 54 21 tjen-,

203 330 110 24 stebesvär,
336 329 51 19 helst
408 330 58 18 deras
480 329 61 26 tyngd
555 329 101 20 efterhand
672 329 77 19 förökas
765 330 5 18 i
784 334 77 14 samma
877 328 70 20 förhål-

201 356 63 24 lande,
284 361 44 13 som
346 356 37 19 den
400 356 96 20 allmänna
516 356 87 20 rörelsen
616 356 92 26 utvidgas
722 356 37 18 och
773 355 76 20 landets
864 355 83 20 industri

203 383 105 19 förkofras.

255 419 34 19 Ett
303 418 55 19 lands
372 418 274 19 kommunikationsanstalter
660 424 60 20 gagna
735 418 35 19 allä
785 418 47 19 dess
843 418 104 19 inneväna-

202 451 28 19 re,
253 445 57 20 äfven
332 450 32 13 om
382 445 53 19 detta
451 451 49 20 gagn
515 443 17 27 ej
548 445 51 20 alltid
613 446 21 17 är
649 445 127 24 omedelbart,
793 445 38 19 och
844 444 25 26 på
885 445 62 25 grund

201 472 57 20 deraf
271 471 38 20 kan
323 471 34 20 det
371 470 17 26 ej
404 472 98 19 bestridas
516 474 28 17 att
559 471 135 26 principenligt
709 471 36 20 alla
761 471 129 26 medborgare
903 472 46 19 bor-

201 499 26 19 de
241 499 75 24 deltaga
331 498 5 19 i
350 498 132 20 kostnaderna
498 499 29 20 för
541 498 226 20 kommunikationernas
777 497 172 26 upprätthållande

202 525 53 20 inom
275 527 70 17 staten.
376 525 40 19 Den
437 525 112 20 rättvisaste
569 525 75 25 lösning
660 525 21 19 af
693 525 67 25 frågan
781 530 32 14 om
829 524 120 26 skjutnings-

203 552 38 19 och
263 551 150 26 vägabyggnads
424 551 148 26 skyldighetens
592 551 92 20 rationela
703 551 99 20 ordnande
821 557 48 13 vore
883 551 65 20 derför

203 578 143 25 otvifvelaktigt
367 580 27 17 att
415 580 62 17 staten
498 579 100 24 öfvertöge
615 578 60 19 dessa
693 577 254 21 kommunikationsmedels

205 604 182 25 vidmakthållande,
404 608 51 15 samt
469 607 28 16 att
510 605 38 19 den
564 610 83 17 summa,
663 610 44 14 som
721 605 77 19 utöfver
811 604 25 19 de
848 605 100 24 vägfaran-

203 631 36 20 des
253 631 69 25 bidrag
336 631 5 18 i
356 629 69 21 sådant
439 631 94 20 afseende
547 631 131 24 erfordrades,
690 633 84 18 ersattes
784 630 122 20 statskassan
915 637 34 20 ge-

203 663 46 14 nom
264 658 71 19 allmän
349 657 113 25 bevillning.

257 689 67 20 Denna
338 689 107 25 grundsats
459 689 57 20 torde
530 690 50 19 dock
594 689 30 20 för
638 690 122 19 närvarande
770 690 4 19 i
784 689 79 20 Finland
874 689 16 25 ej
901 690 49 19 kun-

203 721 24 14 na
244 716 6 19 i
268 716 29 19 sin
315 716 66 19 helhet
395 717 130 24 genomföras,
542 716 82 20 emedan
640 715 68 27 många
722 716 133 20 förhållanden
870 716 37 20 tills
923 717 28 19 vi-

203 743 48 19 dare
265 743 54 24 lägga
335 742 68 19 hinder
417 742 5 19 i
438 744 61 24 vägen
514 743 29 19 för
558 743 174 24 verkställigheten
747 743 61 25 deraf,
825 743 37 19 och
877 743 31 21 vill
919 746 31 17 ut-

203 769 73 20 skottet
291 769 94 20 särskildt
398 770 94 21 anmärka
507 772 27 17 att
549 769 112 26 tillräckliga
671 770 98 19 statitiska
778 770 55 25 data,
845 775 44 14 som
900 770 49 19 kun-

203 795 25 20 de
248 796 63 19 lemna
329 801 23 14 en
370 795 110 26 fullständig
498 796 94 26 öfversigt
606 797 21 19 af
639 796 60 20 dessa
714 796 157 25 tjenstebesvärs
886 802 62 14 nuva-

204 822 59 20 rande
278 821 84 26 omfång,
379 822 72 20 saknas
465 823 38 19 och
518 823 79 19 således
612 823 58 20 äfven
684 829 23 13 en
722 823 104 26 tillförlitlig
840 823 64 26 grund
918 823 30 20 för

204 849 157 20 bestämmandet
379 849 20 19 af
415 854 24 13 en
456 849 104 26 bevillning
575 850 5 18 i
595 850 128 26 ofvanantydt
737 850 119 19 hänseende.
886 850 65 25 Enligt

204 875 108 20 utskottets
327 875 50 20 åsigt
391 875 36 20 bör
441 875 78 20 derföre
532 876 154 26 lagstiftningens
701 877 87 19 sträfvan
802 876 27 20 till
844 883 24 13 en
883 875 67 26 början

204 903 38 18 och
256 902 58 19 innan
328 902 56 25 nödig
399 902 102 26 utredning
515 903 5 18 i
535 904 66 18 ämnet
624 903 74 23 vinnes,
715 903 116 20 inskränkas
847 903 25 20 till
887 905 28 17 att
928 902 21 21 så

204 929 83 25 mycket
301 934 43 13 som
362 928 74 26 möjligt
450 929 61 19 lindra
526 929 118 25 utgörandet
657 929 21 19 af
690 929 59 19 dessa
763 930 73 20 besvär
850 931 30 18 för
893 929 56 26 dem,

204 954 66 20 hvilka
284 960 27 14 nu
324 956 34 18 äro
373 954 103 21 desamma
491 956 153 20 underkastade.

256 987 37 19 För
307 990 29 16 att
349 986 137 21 åstadkomma
502 994 24 13 en
541 988 60 21 sådan
616 988 99 20 önskvärd
730 988 82 26 lindring
824 989 28 19 uti
860 988 91 26 jordäga-

203 1019 33 15 res
250 1013 112 26 skyldighet
376 1017 28 16 att
418 1014 86 20 bestrida
520 1014 18 26 ej
554 1015 74 19 mindre
644 1014 155 26 hållskjutsning,
816 1016 24 18 än
856 1017 44 24 väg-
911 1016 38 19 och

203 1040 127 26 brobyggnad
345 1040 10 20 å
370 1041 71 23 landet,
459 1041 34 19 har
507 1042 55 19 Hans
578 1041 106 26 Kejserliga
694 1040 97 26 Majestät,
804 1047 72 19 genom
887 1042 60 26 Nådig

202 1067 129 26 proposition,
349 1067 52 20 velat
415 1068 46 19 höra
476 1068 77 20 landets
568 1068 79 20 ständer
662 1069 55 19 öfver
732 1068 96 26 åtskilliga
841 1069 5 19 i
858 1069 93 20 ofvanap-

203 1094 44 26 tydt
260 1094 53 25 syfte
327 1094 109 25 föreslagna
451 1094 99 26 åtgärder,
566 1096 38 18 och
619 1096 35 19 har
667 1096 64 19 denna
745 1094 73 26 Nådiga
829 1096 120 25 proposition

204 1121 21 19 af
244 1120 102 25 höglofliga
367 1120 137 26 ridderskapet
521 1122 39 19 och
576 1122 56 19 adeln
647 1122 119 19 remitterats
781 1122 25 20 till
822 1124 128 18 sammansatt

202 1147 39 25 lag-
255 1147 39 19 och
307 1146 197 26 ekonomie-utskott,
520 1154 45 13 men
580 1148 20 19 af
612 1148 25 19 de
651 1151 31 17 tre
696 1148 59 23 öfriga
771 1148 82 20 stånden
866 1149 26 19 till
903 1149 47 19 eko-

205 1173 152 25 mie-utskottet,
380 1174 75 19 hvilket
476 1175 32 20 vid
528 1174 69 20 sådant
614 1174 119 20 förhållande
747 1175 47 25 tagit
807 1174 54 20 detta
876 1176 73 20 ärende

204 1200 63 19 under
284 1200 115 25 beredning.

259 1232 8 19 I
280 1232 93 20 afseende
388 1231 10 20 ä
414 1232 233 26 hållskjutsningstungan
661 1233 83 20 föreslås
758 1233 5 19 i
776 1233 38 20 den
823 1233 73 25 Nådiga
906 1240 46 18 pro--

205 1258 110 24 positionen
330 1260 41 17 «att
384 1258 25 19 de
421 1258 165 26 jordlägenheter,
602 1260 66 18 hvilka
679 1266 26 13 nu
716 1259 74 25 åtnjuta
800 1260 92 20 befrielse
901 1260 49 20 ifrån

205 1284 118 24 detsamma,
340 1284 105 20 framdeles
460 1286 54 19 skola
532 1286 43 19 deri
592 1285 85 25 deltaga,
696 1286 78 19 likvisst
790 1286 47 20 med
854 1286 97 26 undantag

205 1310 20 20 af
239 1310 169 26 militieboställen,
431 1312 84 20 emedan
536 1312 62 20 denna
620 1312 122 26 skyldighets
762 1312 141 20 utsträckande
923 1313 26 21 till

206 1336 46 21 dem
267 1337 64 19 skulle
345 1337 99 21 föranieda
459 1344 23 14 en
497 1339 62 20 alltför
571 1338 87 21 kännbar
668 1340 122 25 minskning
782 1332 12 37 i
801 1339 149 21 militieverkets

202 1364 62 20 redan
279 1364 51 20 förut
345 1364 130 27 otillräckliga
490 1366 130 23 inkomster»,
636 1367 104 19 äfvensom
754 1369 40 17 «att
808 1367 35 19 alla
857 1367 32 24 de,
906 1372 43 15 som

205 1390 60 20 hafva
279 1391 61 20 fördel
355 1391 20 19 af
387 1391 34 20 det
430 1392 209 27 fortskaffningsmedel
650 1392 175 28 hållskjutsningen
840 1394 108 23 innefattar,

205 1418 50 19 hvar
270 1418 5 19 i
290 1418 31 20 sin
335 1417 46 21 mån
396 1418 79 27 bidraga
486 1420 26 19 till
526 1420 47 20 dess
582 1420 190 25 upprätthållande»,
784 1420 24 26 på
818 1420 64 27 grund
891 1422 59 19 hvar-

205 1445 20 18 af
238 1444 58 25 bruk,
313 1445 92 24 fabriker,
421 1446 44 25 såg-
479 1447 38 19 och
532 1446 138 26 mjölqvarnar,
682 1448 61 19 andra
752 1447 121 20 industriella
883 1448 67 20 inrätt-
