973 1703
187 148 43 19 1498
400 149 71 21 Nådiga
483 149 140 22 Propositionen
635 149 36 17 N:o
684 149 28 17 45.

187 197 102 26 obehörigt
310 199 37 18 sätt
368 198 65 19 skulle
452 198 59 19 ändra
528 197 48 20 våra
592 198 53 25 lagar.
658 203 32 14 om
705 197 102 20 bildandet
819 198 20 19 af
852 198 57 25 bolag
922 199 6 18 i

187 224 113 24 allmänhet,
321 227 46 16 utan
385 224 36 20 ock
438 224 5 19 i
461 225 45 19 dem
521 225 59 19 införa
595 230 24 13 en
634 224 117 25 stipulation,
768 224 60 19 hvars
843 225 87 19 efterlef-

186 250 43 25 nad,
252 249 117 21 åtminstone
391 250 65 21 såvidt
476 251 109 26 aktiebolag
606 250 130 23 vidkommer,
755 251 59 25 aldrig
829 251 38 19 kan
881 251 49 20 kon-

188 277 96 20 trolleras.

240 303 55 20 Huru
309 303 40 20 litet
363 304 107 25 företagets
488 304 92 19 säkerhet
595 304 37 19 kan
645 304 49 19 bero
709 305 20 18 af
741 305 71 18 antalet
827 310 101 19 personer,

187 336 44 13 som
244 330 42 19 deri
304 330 82 25 deltaga,
405 331 36 19 har
457 331 37 19 den
508 330 68 26 nådiga
592 331 146 25 propositionen
753 331 59 19 redan
827 331 44 19 sökt
887 331 42 19 visa

188 356 30 25 (se
232 361 43 21 pag.
291 357 12 19 2
318 356 6 19 i
338 357 59 19 slutet
411 358 38 18 och
463 356 49 26 följ.)
541 356 67 21 Också
624 357 71 25 tyckes
710 357 62 19 denna
786 357 85 19 soliditet
885 358 45 19 icke

185 384 69 24 utgöra
274 383 83 19 motivet
378 384 28 18 för
427 383 110 20 Utskottets
551 384 82 24 förslag,
649 386 47 17 utan
710 384 70 20 endast
794 389 24 14 en
833 384 94 25 sträfvan,

186 412 29 16 att
234 408 49 21 ifrån
304 410 115 25 deltagande
438 410 6 19 i
464 410 127 20 bankrörelse
608 411 37 18 hos
660 416 33 14 oss
708 411 102 24 utestänga
824 410 105 20 utländske

186 437 52 24 män,
254 436 59 20 hafva
327 436 96 20 föranledt
436 437 92 25 tillägget.
557 437 43 19 Men
615 436 47 20 våra
677 437 53 25 lagar
744 437 110 19 bestämma
862 436 21 26 ju
894 438 35 20 till-

185 463 73 25 fyllest,
282 463 96 20 huruvida
399 464 91 19 utländsk
513 469 44 14 man
575 462 31 20 må
621 463 44 20 idka
680 463 102 20 industriel
797 464 75 20 rörelse
886 465 44 19 här-

188 489 74 20 städes.
291 489 38 21 Om
350 489 77 21 således
448 490 61 26 sagde
526 490 64 26 tillägg
605 489 28 20 får
648 496 58 14 anses
721 490 91 20 innebära
826 493 29 17 ett
868 491 62 25 begif-

188 516 63 20 vande
271 516 30 19 för
317 516 133 27 utländningar
464 520 28 16 att
505 518 6 18 i
525 516 78 20 Finland
617 516 63 20 drifva
695 517 131 25 bankrörelse,
843 518 49 19 blott
905 518 25 20 de

188 543 25 20 till
236 543 29 25 sig
286 543 99 20 associera
401 545 25 19 20
441 544 63 19 finska
518 543 136 26 medborgare,
670 543 22 20 så
707 544 85 26 ingriper
806 544 86 27 tillägget
905 545 25 26 på

188 572 28 17 ett
237 569 106 26 betänkligt
363 571 39 19 sätt
419 571 5 19 i
439 571 77 25 lagarne
530 576 33 14 om
577 571 92 19 utländsk
683 577 56 14 mans
754 571 91 26 rättighet
859 572 26 20 till
900 573 31 18 rö-

187 597 52 19 relse
259 597 36 19 här
312 597 6 18 i
332 597 71 20 landet.
432 597 29 20 Då
475 603 27 14 nu
515 598 90 25 tillägget,
621 597 67 20 såsom
702 598 60 19 redan
777 598 68 26 antydt
859 599 69 24 blifvit,

188 625 22 18 är
224 623 79 20 alldeles
318 624 109 25 opraktiskt
440 625 6 18 i
459 624 93 20 afseende
567 629 10 14 å
592 624 116 26 aktiebolag,
724 627 52 17 samt
789 625 29 20 för
832 625 57 26 öfrigt
898 632 34 20 eg-

189 649 47 20 nadt
250 652 28 17 att
283 651 112 19 motverka
408 651 132 25 uppkomsten
554 651 21 19 af
587 651 61 20 solida
662 654 65 23 öppna
740 651 117 26 bankbolag,
873 652 20 20 d.
908 659 21 13 v.

187 681 17 14 s.
221 675 57 26 bolag
295 675 93 27 ingångna
405 678 21 18 af
438 679 27 17 ett
482 677 76 19 mindre
572 677 49 19 antal
636 678 97 19 välkände
746 678 107 20 affärsmän
867 679 64 19 under

186 702 106 20 solidarisk
314 703 132 25 ansvarighet,
469 703 22 19 sä
512 704 38 18 kan
567 702 33 26 jag
621 704 29 19 för
670 705 40 18 min
724 704 30 20 del
769 704 45 20 icke
828 705 102 25 godkönna

187 728 117 26 detsamma,
326 732 46 17 utan
396 730 31 20 vill
444 729 97 21 bibehålla
555 729 10 29 $
580 731 10 18 4
606 730 124 26 oförändrad,
746 730 51 21 helst
811 732 87 26 pröfning
913 732 20 20 af

188 755 90 26 bolagets
298 756 157 26 vederhäftighet
475 757 6 19 i
502 757 70 25 hvarje
591 756 31 21 fall
639 757 36 20 bör
692 757 58 27 enligt
763 758 11 26 $
788 758 12 20 2
815 758 66 26 föregå
896 758 36 21 till-

187 781 224 22 stånds-resolutionens
426 782 124 21 utfärdande.

392 952 93 20 Finlands
507 952 87 20 ständers
614 953 130 26 underdäniga
764 960 44 13 svar
827 953 13 21 &
859 954 25 20 H.
906 954 24 20 K.

324 980 38 19 M:s
382 980 76 26 Nädiga
473 982 129 24 proposition,
623 988 29 12 om
671 984 67 24 nyttan
757 982 33 20 och
810 982 82 26 behofvet
910 984 23 25 af

323 1008 84 19 enskilda
422 1008 70 19 banker
506 1009 44 19 med
564 1009 192 26 sedelutgifningsrätt
770 1013 48 16 samt
833 1010 97 26 angäende

322 1036 82 19 vilkoren
413 1037 36 25 för
463 1037 109 19 inrättande
587 1037 24 26 af
623 1038 85 19 enskilda
724 1038 70 19 banker
807 1039 6 18 i
824 1039 106 20 allmänhet.

365 1075 53 22 (Bank
427 1071 110 31 -Utskoltets
550 1076 113 19 betänkande
675 1077 35 18 N:o
722 1078 26 20 2).

469 1112 21 19 S.
506 1111 25 20 A.
546 1112 24 19 K.
586 1117 18 14 o.
620 1112 21 20 S.

239 1155 23 19 E.
277 1154 24 20 K.
316 1155 36 19 M:t
366 1156 36 18 har
416 1155 5 19 i
435 1161 24 14 en
474 1156 91 19 Finlands
578 1156 79 19 ständer
672 1156 10 20 å
698 1157 62 19 denna
775 1157 91 26 lanutdag
880 1158 50 19 före-

186 1181 44 24 lagd
251 1181 127 25 proposition,
401 1182 6 19 i
427 1182 60 20 näder
508 1183 58 19 eskat
586 1184 115 19 ständernes
715 1184 100 31 yltrande,
833 1184 97 20 huruvida

186 1208 84 20 handeln
292 1209 38 18 och
350 1208 97 20 industrin
467 1209 54 20 inom
541 1209 64 20 landet
618 1210 62 20 redan
695 1216 31 14 mä
741 1211 59 19 hafva
815 1210 63 20 ernätt
892 1212 38 19 den

185 1234 114 24 utveckling
314 1237 51 17 samt
379 1241 33 13 om
425 1236 219 24 penninge-ställningen
658 1236 5 19 i
678 1237 66 19 landet
757 1238 58 18 äfven
829 1238 31 18 för
874 1238 58 24 öfrigt

188 1260 22 18 är
230 1260 67 24 sådan,
321 1262 27 16 att
368 1261 59 19 dessa
447 1262 38 18 och
507 1261 59 19 andra
581 1262 131 20 förhållanden
727 1262 101 25 påkallade
842 1263 88 19 enskilda

186 1285 77 20 banker
276 1285 46 20 med
336 1286 199 26 sedelutgifningsrätt
549 1290 52 16 samt
614 1293 32 13 om
661 1288 66 26 dylika
738 1289 99 24 anstalter,
848 1289 47 19 meu
904 1289 28 19 af-

187 1311 48 21 sedd
257 1314 55 24 nyttä
333 1312 37 20 och
392 1312 58 26 nödig
463 1314 92 25 trygghet
569 1313 65 20 kunde
648 1315 80 19 inrättas
743 1315 63 19 under
819 1315 25 20 de
859 1315 69 25 vilkor,

187 1344 43 14 som
250 1338 108 20 innehällas
372 1339 6 19 i
393 1342 27 16 ett
433 1340 39 20 den
486 1340 70 26 nådiga
570 1341 147 25 propositionen
731 1341 73 26 bilagdt
817 1342 73 25 förslag
904 1342 25 20 till

186 1364 112 27 förordning
312 1371 33 14 om
359 1366 88 20 enskilda
461 1367 81 19 banker.

239 1392 57 19 Detta
310 1392 46 20 dem
371 1392 77 27 nädigst
463 1393 109 20 affordrade
586 1395 91 25 yttrande
691 1395 18 20 få
722 1395 104 20 ständerne
844 1401 26 14 nu
873 1388 10 37 i
895 1401 35 14 un-

187 1418 129 26 derdänighet
329 1419 78 26 afgifva.

240 1445 64 21 Sedan
326 1446 143 21 Bankrörelsen
484 1448 5 19 i
504 1447 74 26 landet,
596 1453 32 15 om
642 1454 44 15 man
701 1449 121 26 undantager
835 1452 29 17 ett
877 1451 50 19 antal
