981 1703
250 135 72 23 Nädiga
334 137 139 23 Propositionen
485 138 36 18 N:o
533 138 28 18 44.
734 139 41 20 1471

36 189 46 15 ners
96 184 94 20 allmänna
205 185 47 19 eller
266 185 74 21 delvisa
355 186 118 26 indragning.
496 188 99 20 Utskottet
609 194 57 14 anser
681 190 95 25 nemligen

36 214 28 16 att
84 216 24 14 en
126 210 61 20 sådan
204 211 66 25 åtgård
285 212 64 20 skulle
363 214 67 24 utgöra
446 217 26 16 ett
486 215 83 25 ingrepp
583 215 27 19 uti
625 216 152 24 magasinsdele-

36 242 83 20 garenes
134 237 32 19 vid
180 238 58 19 dessa
253 239 121 25 magasiners
389 240 129 25 upprättande
532 241 46 19 dem
592 241 118 19 förbehållna
720 243 57 24 ägan-

36 264 30 24 de;
83 264 39 18 och
134 263 172 25 dispositionsrätt.
329 266 7 18 I
351 271 59 14 mom.
427 267 10 18 3
453 267 20 18 af
485 266 32 20 Jet
531 266 77 26 projekt
618 267 25 20 till
657 268 118 24 reglemente

35 290 30 19 för
78 290 192 24 socknemagasiner,
287 296 44 14 som
345 292 31 19 vid
393 293 50 19 1756
458 292 32 20 ärs
501 293 79 25 riksdag
594 294 21 18 af
625 293 84 19 Riksens
719 294 56 20 Stän-

36 311 43 37 der”
84 315 79 26 gillades
178 317 36 18 och
228 316 120 26 godkändes,
365 321 52 16 samt
431 319 112 19 sedermera
557 324 70 19 genom
641 319 69 25 Kongl.
723 321 54 19 Bref-

36 345 34 16 vet
84 342 19 19 af
116 342 38 19 den
169 343 12 19 9
196 343 93 19 Februari
305 343 49 20 4757
370 344 151 26 bekantgjordes
535 345 5 19 i
554 345 61 20 rikets
629 346 34 19 alla
673 346 101 26 landskap,

37 369 45 19 med
95 369 118 26 uppmaning
228 369 25 20 till
269 369 88 21 bildande
372 371 20 18 af
405 371 187 25 sockncmagasiner
605 371 24 26 pä
639 372 25 26 de
675 372 42 19 Jeri
728 379 49 20 upp-

36 396 50 25 gifna
107 395 91 25 grunder,
222 397 57 25 säges
293 397 42 19 det:
352 397 136 21 »Förbehälles
504 399 25 18 uti
545 399 113 24 kraftigaste
674 399 60 20 måtto
749 403 27 16 att

38 423 52 19 detta
105 421 113 20 förrådshus
233 423 48 19 ska'l
297 423 26 20 till
339 424 108 26 evärdeliga
462 425 49 19 tider
525 424 29 20 stä
569 426 37 18 och
617 425 87 20 förblifva
715 427 62 19 under

37 449 168 20 socknemännens
220 450 39 19 och
272 448 161 28 deltagandernas
445 457 47 20 egen
503 451 90 20 särskilte
602 453 37 18 och
649 452 128 21 oinskränkte

35 475 123 26 disposition:
176 475 21 19 sä
211 479 28 16 att
253 477 88 18 hvarken
355 477 148 25 kronobetjente
517 479 47 18 elier
578 479 37 18 eho
629 479 32 19 det
676 485 47 13 vara
735 479 40 26 mä,

37 503 46 20 skall
97 501 24 26 pä
136 501 58 26 nägot
209 504 39 17 sätt
261 503 46 19 dem
321 503 63 20 Jeruti
399 504 106 25 hinderliga
521 510 66 14 vara».
616 505 79 19 Samma
704 506 73 25 grund-

37 532 41 16 sats
93 534 97 20 upprepas
204 529 113 25 ytterligare
331 530 4 18 i
350 530 107 26 Kejserliga
471 531 133 24 Kungörelsen
618 532 37 18 Jen
671 532 10 18 7
694 532 82 25 Augusti

36 556 58 20 1810.
125 555 99 19 Utskottet
243 561 59 14 anser
321 556 30 26 sig
367 557 78 19 derföre
458 556 47 21 böra
521 557 144 20 vördsammast
680 558 96 26 tillstyrka

34 586 27 16 att
70 581 66 26 frågan
149 587 32 13 om
191 582 222 26 socknemagasinernas
422 584 112 25 indragning
545 584 46 20 eller
599 584 134 20 bibehållande
744 585 32 19 mä

33 609 132 19 Öfverlemnas
174 608 20 20 ät
203 608 144 20 kommunerna
357 608 70 26 sjelfve
441 610 45 20 med
500 611 91 25 rättighet
605 613 27 16 att
646 610 41 20 deri
696 610 79 21 besluta

33 641 45 14 som
92 635 24 20 de
131 635 29 19 för
174 635 46 25 godt
234 634 58 25 finna,
308 638 45 17 utan
368 636 70 20 hinder
451 636 20 19 af
483 636 24 20 de
521 636 30 20 för
562 637 136 24 magasinerna
710 638 65 19 härin-

33 662 39 20 tills
86 661 94 26 gällande,
196 662 5 18 i
216 662 48 19 flere
277 661 105 21 afseenden
396 663 102 25 olämplige
512 664 142 24 reglementen,
672 664 104 19 äfvensom

34 689 24 19 de
72 688 124 25 kommuner,
212 693 44 14 som
271 689 77 19 besluta
361 688 96 21 bibehälla
472 689 41 20 sina
526 689 118 26 magasiner,
659 690 57 20 torde
728 691 48 19 böra

36 713 126 22 tillerkännas
176 716 38 18 rätt
227 714 44 20 icke
286 715 81 19 allenast
381 717 28 18 att
422 715 77 26 vidtaga
513 715 25 20 de
552 715 133 27 förändringar
698 717 6 18 i
713 717 24 20 de
746 717 31 20 för

34 742 46 19 dem
94 741 107 20 fastställda
215 741 142 25 reglementen,
374 747 43 14 som
431 742 65 19 kunna
510 745 58 16 anses
582 742 75 25 nödiga,
673 745 46 17 utan
729 743 44 25 ock,

34 769 34 19 der
90 768 24 19 de
135 766 69 21 sådant
222 767 68 25 önska,
312 770 28 17 att
357 767 128 26 sjelfständigt
498 771 47 16 utan
559 769 22 19 all
596 769 123 26 inblandning
732 769 44 20 från

34 795 112 26 Styrelsens
167 794 42 19 sida
229 793 83 21 förvalta
332 794 60 20 dessa
408 795 132 24 inrättningar,
556 795 52 19 helst
621 795 69 20 sädant
704 796 33 20 vid
751 802 24 14 en

35 823 53 18 snart
108 820 114 20 inträdande
239 820 75 20 ordnad
328 820 113 21 kommunal
455 821 117 25 förvaltning
585 821 38 19 kan
638 821 35 20 ske
687 824 46 17 utan
748 822 28 20 äf-

36 850 80 18 ventyr.

85 849 97 55 Perstöct
195 874 58 19 hafva
262 874 112 19 Utskottets
383 874 108 20 ledamöter
505 873 17 26 ej
536 874 74 20 kunnat
624 874 67 20 förena
705 875 30 26 sig
743 881 33 14 an-

35 900 74 27 gående
123 899 99 26 omfånget
236 901 20 19 af
268 901 37 18 den
320 901 97 24 rättighet,
433 907 44 13 som
491 901 5 18 i
510 901 93 26 afseende
617 900 11 20 å
638 901 138 21 användandet

36 927 20 20 af
68 927 24 20 de
106 926 93 25 indragne
212 927 221 26 socknemagasinernas
444 926 100 27 tillgångar
555 927 36 20 bör
600 927 108 20 tillkomma
721 928 56 20 kom-

35 957 101 21 munerna,
148 953 46 20 eller
207 953 116 26 delegarena
337 954 6 19 i
351 953 142 26 magasinerna.
729 953 2 2 |

87 979 27 20 På
126 979 64 26 grund
204 979 56 21 deraf
272 983 28 16 att
313 979 68 25 hvarje
396 986 58 19 egare
465 979 35 21 bör
510 980 106 20 tillkomma
627 986 23 13 en
659 980 116 21 oinskränkt

35 1006 166 26 dispositionsrätt
215 1006 55 20 öfver
284 1006 47 20 dess
343 1006 105 26 egendom,
464 1012 48 14 anse
521 1006 96 26 nemligen
627 1006 120 26 deputerade
756 1008 21 19 af

34 1032 75 21 Bonde-
130 1033 37 18 och
187 1032 177 26 Borgare-stånden
384 1033 98 25 magasins
501 1033 91 26 delegare
613 1033 122 25 berättigade
748 1036 29 17 att

35 1060 41 19 fritt
92 1059 104 25 disponera
212 1059 56 20 öfver
282 1059 26 20 de
320 1059 91 26 upplösta
426 1060 144 25 magasinernas
586 1059 98 26 tillgångar
698 1059 24 26 på
737 1061 39 19 sätt

35 1087 25 26 de
74 1085 70 25 sjelfva
158 1091 47 13 anse
218 1086 117 25 lämpligast,
351 1091 45 14 men
410 1085 83 20 flertalet
506 1087 21 18 af
538 1086 121 25 deputerade
673 1085 43 20 från
730 1087 47 20 Pre-

35 1111 109 22 steständet.
164 1114 51 17 samt
234 1112 145 26 Ridderskapet
395 1113 38 19 och
449 1113 62 20 Adeln
528 1113 58 19 hafva
602 1113 63 19 funnit
679 1113 95 20 rättvisan

36 1139 65 20 fordra
115 1141 27 17 att
156 1143 33 15 om
203 1144 24 14 en
241 1139 94 20 kommun
349 1139 88 20 besluter
451 1141 28 17 att
493 1139 78 26 indraga
585 1139 34 19 sitt
630 1139 88 26 magasin
727 1139 49 20 dess

35 1165 109 27 grundfond
164 1165 24 20 dä
209 1166 35 20 bör
264 1165 19 20 få
301 1165 118 26 undantagas
436 1167 30 18 för
480 1165 126 26 delegarenas
620 1165 89 26 räkning,
725 1169 52 17 samt

36 1193 36 20 den
92 1192 31 20 del
144 1191 20 20 af
179 1191 144 26 behållningen,
345 1197 44 14 som
409 1192 64 20 blifvit
492 1192 65 20 bildad
571 1192 21 20 af
603 1192 38 19 den
655 1191 60 27 ärliga
729 1198 48 14 vex-

30 1222 45 21 sten,
91 1219 46 20 böra
151 1219 99 20 användas
264 1218 68 20 såsom
341 1218 226 26 magasinsdelegarenas
577 1218 69 26 bidrag
655 1219 27 20 till
692 1219 85 25 fyllande

37 1246 19 19 af
69 1245 130 20 kommunens
213 1246 94 19 allmänna
322 1245 65 20 behof.

30 1289 19 9 <
88 1273 37 19 Allt
143 1271 63 25 detta,
226 1271 62 26 jemte
305 1271 95 26 åtskilliga
417 1271 118 20 ledamöters
549 1272 5 19 i
568 1272 55 19 vissa
637 1271 53 20 delar
703 1271 71 26 afgifna

37 1299 93 20 särskilda
150 1299 113 25 yttranden,
285 1297 30 21 får
336 1298 99 20 Utskottet
451 1298 147 20 vördsammast
614 1298 119 21 öfverlemna
748 1299 27 19 till

37 1325 75 20 landets
126 1325 93 20 Ständers
233 1325 68 20 vidare
315 1325 119 24 granskning
448 1325 39 19 och
500 1325 140 24 bepröfvande.
