978 1700
249 140 71 22 Nådiga
332 142 139 22 Propositionen
485 142 34 18 N:o
533 143 26 17 48.
727 142 43 19 1509

81 190 48 20 eller
145 191 46 19 ock:

170 217 123 26 Tjenstehjon,
314 224 39 13 som
368 220 73 23 antagit
455 219 54 25 tjenst
518 219 37 25 för
568 219 37 19 helt
619 219 44 19 eller
677 218 48 26 halft
740 219 29 23 år,

131 252 50 18 eger,
200 245 33 20 der
250 247 40 18 icke
308 246 32 19 vid
353 246 108 25 städjandet
475 247 118 19 annorlunda
608 246 162 26 öfverenskommet

131 273 63 24 blifvit,
214 273 31 20 vid
264 275 140 24 legostemmans
424 275 65 25 början
508 274 74 25 åtnjuta
602 275 78 25 ledighet
694 275 8 17 i
716 274 54 25 högst

129 301 31 25 sju
179 302 68 25 dagar,
267 302 41 25 ifall
326 302 31 19 det
377 304 73 23 antagit
468 302 94 25 årstjenst,
581 309 41 12 men
636 304 7 17 i
657 303 54 24 högst
720 302 49 25 fyra

130 329 68 26 dagar,
214 336 30 13 om
258 330 31 19 det
304 331 74 24 antagit
392 329 54 26 tjenst
459 331 30 23 för
503 330 48 26 halft
565 330 28 20 är.
618 329 80 21 Sednast
710 329 60 26 dagen

130 359 46 21 efter
196 358 30 19 det
246 358 100 26 ledigheten
364 358 41 25 gått
425 359 26 18 till
465 358 58 23 ända,
539 359 48 19 skall
601 357 128 27 tjenstehjonet
742 359 27 18 in-

129 386 56 19 ställa
200 387 28 24 sig
242 388 8 18 i
264 387 83 24 tjensten.
478 391 2 3 :

81 414 7 19 1
110 414 94 19 händelse
225 413 105 27 nägotdera
351 415 20 18 af
390 415 58 19 dessa
465 415 71 24 förslag
553 416 20 18 af
585 415 107 20 Ständerne
706 414 62 25 gillas,

33 441 51 18 orde
99 439 68 26 början
182 441 20 19 af
215 446 60 14 mom.
292 442 11 18 2
318 441 46 19 böra
380 441 72 20 erhålla
467 441 82 24 följande
563 441 114 20 förändrade
686 440 81 27 lydelse:

165 467 123 20 Försummar
302 467 109 26 tjenstehjon
425 471 46 16 utan
486 469 45 25 laga
539 468 65 25 förfall
613 470 28 17 att
651 467 12 20 &
666 467 103 26 föreskrif-

130 501 35 13 ven
185 497 25 18 tid
230 497 76 18 inställa
320 497 28 24 sig
362 497 7 18 i
384 496 83 25 tjensten,
483 496 33 19 och
530 497 32 18 vill
576 496 106 20 husbonden
697 495 29 20 det
741 495 28 20 be-

131 523 57 24 hålla,
203 525 69 24 begäre
287 530 18 13 0.
322 529 16 14 s.
355 529 19 14 v.
390 524 58 25 enligt
462 523 154 26 propositionen.

81 552 59 19 Emot
154 551 10 25 $
179 553 23 19 52
217 554 36 18 har
266 552 34 20 det
314 552 42 20 åter
370 552 107 25 anmärkts,
492 553 43 20 dels
549 555 28 17 att
590 553 33 19 det
633 553 35 19 här
678 551 92 25 stadgade

33 581 88 17 insvaret
141 579 59 25 enligt
219 578 137 27 ordalydelsen
377 579 44 20 icke
441 579 38 19 kan
493 579 101 21 ädömmas
609 580 4 18 i
629 582 57 16 annat
701 578 30 20 fall
745 579 25 18 än

33 610 28 14 »m
76 605 115 20 husbonden
205 605 24 25 pä
244 611 76 14 samma
338 605 49 26 gång
401 606 79 19 hindrar
496 604 141 27 tjenstehjonet
651 608 29 16 att
693 604 77 26 begifva

34 632 25 24 sig
74 637 23 14 ur
111 631 87 25 tjensten
213 632 38 19 och
264 634 29 17 att
306 632 45 20 med
366 632 29 25 sig
410 635 42 22 taga
467 632 30 19 sin
512 632 104 25 egendom,
632 632 42 19 dels
684 634 28 16 att
721 630 50 25 tjen-

34 657 105 25 stehjonets
154 659 38 18 rätt
205 659 27 19 till
247 657 170 26 skadeersättning
431 659 4 18 i
450 659 52 19 detta
517 659 30 19 fall
562 658 44 19 icke
620 657 63 21 blifvit
695 657 76 20 behöri-

34 685 48 24 igen
97 684 93 20 bevarad.
219 685 67 19 Denna
300 685 127 25 anmärkning
442 685 56 20 hafva
513 685 24 20 de
551 684 121 25 deputerade
686 683 40 20 från
737 682 32 20 två

34 711 12 19 f
59 710 88 21 Stånden
162 714 64 17 ansett
240 711 29 25 sig
283 711 44 20 icke
344 711 46 20 böra
408 711 81 25 biträda,
505 712 38 19 och
557 711 70 20 föreslå
642 711 85 23 derföre,
744 711 27 17 att

35 737 78 20 vämnde
128 737 9 25 $
153 740 79 23 antages
246 737 46 20 utan
302 738 34 19 alla
347 738 142 25 förändringar,
499 739 105 19 hvaremot
612 738 25 19 de
646 737 59 26 öfriga
714 735 57 22 Stån-

35 765 41 18 lens
91 764 127 25 deputerade,
234 764 46 20 med
294 764 141 25 godkännande
448 765 21 19 af
481 763 157 26 anmärkningen,
652 763 30 20 för
692 763 79 26 sagde
761 759 14 35 $

35 790 70 20 örorda
121 790 148 21 nedanstående
283 791 133 26 ordalydelse:

166 817 41 20 Den
226 817 102 24 husbonde,
343 824 46 17 som,
405 818 59 19 sedan
479 817 110 26 tjenstehjon
603 817 126 20 stemmotiden
744 819 27 17 ut-

130 845 45 26 tjent
194 846 32 19 och
246 846 45 19 redo
309 846 33 24 för
360 847 30 24 sig
406 846 57 25 gjort,
479 846 80 19 hindrar
573 845 31 20 det
618 848 28 17 att
661 845 110 26 tillhörighet

128 874 42 19 med
188 875 29 24 sig
240 877 50 22 taga,
310 881 45 13 vare
373 874 74 26 skyldig
463 875 26 19 till
503 874 30 20 det
549 880 76 17 ansvar,
640 880 40 13 som
694 875 7 18 i
715 873 16 26 $
745 873 26 19 29

125 903 35 25 för
174 905 74 22 vägran
263 903 24 26 af
298 902 107 26 orlofssedel
419 903 91 25 stadgadt
524 905 31 21 är,
569 902 33 19 och
612 904 69 17 ersätte
690 901 81 20 skadan.

83 929 56 30 Kap.
155 929 20 28 8,
192 930 44 20 med
250 930 113 20 öfverskrift
381 931 108 19 «särskilda
507 929 143 26 stadganden,»
665 929 106 20 innehåller

36 959 13 25 $
63 960 24 19 54
102 959 37 19 och
151 959 30 23 55,
193 959 65 20 hvilka
268 959 44 20 icke
321 959 97 20 föranleda
428 959 62 26 någon
499 958 127 26 anmärkning
635 959 21 18 af
664 958 105 20 Utskottet.

80 985 95 26 Slutligen
189 991 58 14 anser
262 985 100 21 Utskottet
376 987 30 24 sig
420 985 47 20 böra
483 985 109 24 hemställa,
604 991 32 13 om
645 985 51 25 icke,
708 985 5 18 i
724 985 47 18 hän-

36 1012 46 20 lelse
97 1012 111 19 Utskottets
222 1013 5 18 i
243 1012 33 20 det
291 1012 116 26 föregående
418 1012 119 20 framställda
547 1011 72 26 förslag
630 1017 32 14 om
673 1013 98 23 husagans

40 1038 107 20 fskaffande
169 1039 20 19 :f
207 1039 108 20 Ständerne
332 1039 62 25 gillas,
410 1039 110 20 Ständerne
534 1038 62 21 borde
610 1038 6 19 i
630 1038 57 20 deras
701 1037 71 20 under-

40 1064 55 26 äniga
118 1064 98 21 utlätande
234 1066 5 18 i
256 1065 53 19 Jetta
326 1065 74 20 ärende
417 1065 82 25 anhälla,
518 1067 30 18 att
566 1064 60 20 Hans
639 1063 132 27 Kejserliga

37 1091 108 25 Tajestät,
161 1092 36 19 ifall
212 1092 122 19 Ständernes
348 1091 51 25 äsigt
413 1092 4 18 i
432 1091 133 26 nyssberörda
579 1091 30 19 del
627 1090 69 20 vinner
711 1090 61 19 Hans

37 1117 116 26 Tajestäts
167 1117 72 26 Nädiga
254 1118 59 25 bifall,
329 1118 45 20 ville
388 1118 11 19 i"
411 1117 66 21 Näder
493 1117 104 27 samtycka
614 1116 70 27 dertill,
699 1118 27 18 att
744 1116 8 20 2
762 1116 10 25 $

37 1145 16 19 '6
74 1145 47 25 Kap.
141 1145 24 19 M.
185 1145 29 25 B.,
230 1144 67 21 såsom
312 1145 32 19 vid
360 1145 151 20 änomförmäida
527 1143 120 21 förhållande
661 1144 69 19 endast
744 1143 28 20 le-

37 1171 53 20 lande
113 1171 25 19 till
156 1171 145 25 missförstånd,
320 1171 61 20 måtte
395 1170 24 27 pä
435 1177 74 14 samma
525 1170 50 27 gång
589 1171 25 19 till
630 1171 22 19 all
668 1170 52 19 kraft
734 1170 37 19 och

37 1198 66 19 *erkan
118 1198 119 24 upphätvas.

81 1224 130 25 Helsingfors,
227 1224 38 19 den
280 1225 26 19 25
320 1224 79 20 Januari
416 1225 57 19 1864.

254 1320 290 23 Reservationer.

172 1375 23 18 Af
209 1375 58 20 Herr
283 1380 44 13 von
340 1375 181 24 Weissenberg:

83 1405 70 20 Såsom
169 1406 18 19 vi
201 1407 36 19 alle
252 1406 45 20 med
311 1405 63 27 glädje
389 1406 119 25 förnummit,
527 1405 58 21 hafva
604 1406 108 19 Ständerne
728 1405 45 19 med

39 1439 15 12 :n
69 1433 195 26 anmärkningsvärd,
281 1439 44 14 men
338 1432 41 26 just
391 1433 79 20 derföre
480 1432 21 21 sä
513 1432 79 27 mycket
602 1432 170 27 betydelsefullare
