981 1703
202 145 43 19 1512
415 144 71 23 Nådiga
497 145 139 22 Propositionen
648 144 37 17 N:o
697 143 28 18 46.

196 194 110 26 synnerliga
321 193 123 25 svårigheter
458 196 28 17 att
499 195 36 18 när
550 198 43 14 som
607 193 52 19 helst
672 192 74 25 aflägga
760 192 32 20 det
809 192 63 30 gamla
882 192 52 19 och
923 188 15 38 i

194 220 48 20 dess
264 221 56 19 ställe
339 223 68 22 antaga
424 220 33 19 det
471 220 95 19 metriska
581 222 103 22 systemet,
701 220 65 18 ansett
780 221 28 17 ett
821 218 70 30 sådant
904 221 31 16 ut-

193 246 48 26 byte
255 246 29 19 för
298 246 136 20 landtmannen
448 246 59 20 blifva
523 245 81 20 svårare
613 246 38 18 och
660 244 89 20 förenadt
760 244 45 20 med
816 244 44 20 vida
870 245 64 19 större

194 272 158 26 ansträngningar
372 275 51 17 samt
444 273 37 19 förty
515 274 47 17 trott
576 271 30 25 sig
620 271 22 25 gå
657 277 24 14 en
696 271 103 29 medelväg
813 271 82 31 emellan
910 271 24 19 de

194 300 71 18 tvänne
279 299 168 26 ytterligheterna,
463 299 24 19 då
498 298 24 20 de
532 298 94 25 tillstyrkt
639 300 28 17 att
680 304 24 13 en
715 297 26 20 tid
756 298 20 28 af
788 302 36 25 sex
838 303 22 13 år
874 297 61 20 borde

193 324 83 27 förflyta,
298 326 57 18 innan
374 331 25 13 en
415 326 49 18 hvar
479 330 48 13 vore
541 324 107 19 förbunden
662 324 47 29 att
702 320 10 37 i
722 324 73 25 dagliga
805 324 87 19 rörelsen
902 324 34 29 be-

193 357 62 20 gagna
270 351 38 20 den
323 357 38 20 nya
376 351 65 25 mått-,
457 351 47 20 mäl-
519 350 37 20 och
570 350 41 26 vigt
621 351 139 28 beräkningen,
778 351 103 18 hvaremot
891 350 45 19 Rid-

192 377 108 26 derskapet
309 379 37 18 och
357 377 61 20 Adeln
428 378 103 20 äfvensom
540 377 172 25 Borgareståndet,
723 383 5 12 i
738 376 127 21 betraktande
872 377 61 24 deraf,

192 406 28 17 att
234 404 136 20 erfarenheten
385 404 120 25 vitsordade,
520 404 34 19 det
568 404 129 19 allmänheten
711 403 89 25 vanligen
811 403 68 20 visade
893 406 41 17 stor

192 430 115 25 likgiltighet
320 431 29 18 för
364 431 101 24 reformer,
482 436 44 15 som
539 429 96 26 påbjudas
645 431 26 18 till
682 429 99 20 införande
791 429 49 20 först
849 430 51 19 efter
910 435 23 14 en

193 456 45 26 lång
249 457 39 19 tids
302 457 76 25 förlopp
392 457 38 19 och
445 457 42 25 just
500 457 77 19 derföre
591 457 57 18 äfven
662 457 59 18 oftast
735 455 106 20 åsidosatte
854 457 23 19 all
893 462 42 14 om-

193 484 59 19 tanke
269 486 28 17 att
314 483 6 19 i
336 483 28 20 tid
380 483 103 20 förbereda
500 484 30 25 sig
543 482 25 26 på
583 483 142 25 förändringen,
741 482 54 20 hållit
809 483 41 20 före
864 485 29 17 att
906 483 28 20 åt-

192 510 100 19 minstone
306 509 76 25 menige
396 515 45 14 man
455 510 61 20 under
531 509 33 20 det
578 509 58 25 sjette
650 509 42 20 året
706 510 50 19 efter
770 509 33 19 det
817 515 38 20 nya
870 512 64 23 syste-

192 539 53 16 mets
264 535 124 26 påbjudande
405 537 63 19 skulle
485 536 87 19 befinnas
589 535 37 20 lika
640 536 42 19 litet
695 535 104 20 förberedd
814 541 43 14 som
873 536 61 20 under

192 562 34 19 det
246 563 66 24 första,
329 568 45 14 men
388 562 81 26 troligen
483 562 45 20 vida
542 568 43 14 mer
594 562 79 25 likgiltig
682 562 30 20 för
720 562 106 24 reformen,
842 565 53 17 samt
908 562 25 26 på

193 588 61 20 sådan
268 589 62 25 grund
345 591 64 17 ansett
423 595 23 14 en
461 590 85 22 kortare,
562 594 46 14 men
622 588 75 20 ändock
706 588 75 26 ganska
790 588 102 26 tillräcklig
901 589 34 19 be-

194 615 106 20 redelsetid
320 616 21 18 af
360 616 57 25 högst
433 618 30 17 tre
477 616 21 19 år
512 616 64 19 bättre
590 616 64 19 kunna
669 615 51 20 hålla
734 616 200 25 uppmärksamheten

193 642 37 19 och
252 642 103 19 omtanken
377 642 29 20 för
426 643 99 19 reformen
539 642 65 20 vakna
619 644 51 18 samt
684 642 82 20 sålunda
780 642 47 26 göra
840 642 93 20 densam-

192 673 44 14 mas
249 669 152 24 genomförande
415 668 76 26 lättare,
507 674 45 14 men
566 669 101 24 ingalunda
682 668 89 20 svårare.

246 701 109 19 Ständerne
369 706 47 14 anse
430 701 29 26 sig
474 701 88 25 slutligen
577 702 51 18 ännu
642 701 46 19 böra
701 701 50 20 fästa
760 701 23 20 E.
795 701 22 20 K.
828 701 46 20 M:ts
885 707 49 20 upp-

193 727 137 19 märksamhet
350 727 67 26 derpä,
436 730 28 17 att
481 733 32 14 om
526 727 34 20 det
574 727 94 20 metriska
682 730 98 23 systemet
793 728 6 19 i
813 727 65 20 landet
891 728 43 20 full-

193 753 85 26 ständigt
291 753 78 28 införes,
388 754 57 20 torde
461 754 33 20 det
506 753 74 26 femväl
596 754 100 20 erfordras
710 757 28 17 att
752 754 76 20 landets
844 757 91 24 myntvä-

192 780 62 19 sende
268 780 36 19 blir
318 780 83 20 ordnadt
415 781 5 18 i
434 781 84 26 enlighet
532 780 89 20 dermed.
637 781 73 24 Hvarje
721 784 55 23 mynt
785 781 35 19 har
830 781 34 20 sitt
873 781 61 20 värde

192 807 38 18 och
244 806 29 19 sin
287 806 103 27 betydelse
404 807 20 19 af
436 807 38 20 den
488 807 41 26 vigt
542 807 42 20 ädel
600 808 64 19 metall
679 807 34 20 det
727 807 113 25 innehåller,
855 808 49 19 eller
912 809 22 18 är

192 832 6 18 i
212 831 69 26 sjelfva
297 833 69 20 verket
380 833 17 26 ej
412 836 58 17 annat
484 835 23 18 än
522 839 24 14 en
562 833 41 20 viss
617 834 42 25 vigt
673 834 45 25 guld
732 835 48 19 eller
793 834 74 20 silfver.
898 835 36 19 Det

192 860 22 18 är
227 859 78 20 Jerföre
319 860 33 19 lätt
365 860 65 19 insedt
444 863 28 17 att
486 863 53 16 stora
553 860 85 19 fördelar
651 860 71 25 uppstå
732 861 62 23 deraf,
805 863 28 17 att
842 864 92 23 mynten-

192 885 58 20 heten
265 887 38 18 och
317 885 47 20 dess
378 886 120 27 indelningar
512 885 30 22 stä
556 887 6 19 i
576 893 25 13 en
616 887 42 19 viss
670 887 208 20 öfverensstämmelse
888 889 46 19 med

193 911 125 26 vigtenheten
332 912 36 19 och
383 913 47 20 dess
443 913 125 26 indelningar.
590 913 76 20 Eders
678 913 132 26 Kejserliga
826 914 108 25 Majestät

191 939 36 18 har
240 938 5 19 i
260 938 66 20 Näder
339 939 99 20 förordnat
451 943 29 17 att
493 939 78 20 Finland
586 940 28 19 för
628 940 104 20 framtiden
748 941 47 19 skall
806 940 72 21 erhälla
889 945 43 22 eget

191 967 61 23 mynt,
276 971 43 13 som
336 965 91 20 kommer
444 969 28 18 att
486 966 34 19 här
534 966 6 19 i
554 966 65 20 landet
632 967 5 19 i
652 967 85 20 kronans
751 967 95 26 mynthus
860 968 73 20 tillver-

191 990 43 20 kas.
262 992 38 19 Om
316 992 61 19 denna
393 993 122 25 tillverkning
530 993 46 19 sker
590 993 49 19 efter
653 993 87 25 gällande
754 994 134 25 författningar
900 1001 32 13 om

192 1020 86 22 myntets
300 1018 55 19 skrot
372 1019 37 18 och
427 1018 48 20 korn
492 1021 52 17 samt
561 1019 47 19 dess
624 1020 41 24 vigt
681 1020 39 18 och
736 1020 91 25 lölighet,
843 1020 90 21 kommer

190 1043 33 19 det
233 1044 136 19 cirkulerande
378 1047 76 23 myntet
464 1044 16 26 ej
491 1047 27 17 att
526 1045 166 20 öfverenstämma
702 1045 45 20 med
759 1046 124 25 vigtenheten
893 1048 38 19 och

190 1069 47 20 dess
258 1070 127 25 indelningar,
404 1071 61 19 sedan
483 1071 64 20 Jenna
561 1071 63 20 blifvit
636 1072 76 20 ordnad
727 1071 49 20 efter
790 1073 94 19 metriska
899 1079 33 20 sy-

190 1098 79 21 stemet,
286 1096 91 19 hvarföre
391 1098 37 17 och
442 1097 24 20 dä
480 1097 34 20 det
528 1098 63 19 skulle
601 1104 46 13 vara
658 1098 89 20 förenadt
756 1099 45 20 med
812 1100 64 19 större
886 1099 47 20 svä-

189 1121 88 24 righeter
290 1124 29 17 att
332 1123 114 20 sedermera
460 1124 5 19 i
480 1129 23 14 en
518 1123 77 20 framtid
612 1124 75 25 vidtaga
702 1130 23 13 en
739 1125 86 26 ändring,
838 1131 50 20 som,
899 1132 33 14 om

189 1147 38 20 den
242 1151 69 22 genast
326 1149 31 19 vid
372 1149 60 19 första
447 1149 148 26 tillverkningen
609 1151 21 19 af
638 1151 61 19 finskt
710 1153 56 24 mynt
775 1151 97 26 vidtoges,
884 1153 49 19 kun-

188 1174 25 19 de
228 1174 84 25 försiggä
326 1177 46 17 utan
389 1177 131 24 olägenheter,
539 1177 38 18 den
594 1176 68 26 åtgärd
680 1183 74 20 syynes
770 1184 45 14 vara
830 1179 21 19 af
863 1179 68 20 behof-

189 1202 34 17 vet
243 1200 96 25 påkallad,
358 1204 28 17 att
402 1201 38 20 den
454 1203 65 19 finska
536 1204 142 25 myntenheten
692 1204 122 20 bestämmes
828 1205 4 19 i
848 1206 84 25 enlighet

189 1227 45 19 med
248 1227 34 19 det
296 1228 94 19 metriska
405 1231 105 23 systemet.

242 1259 29 18 En
286 1258 60 19 sådan
360 1259 110 26 förändring
485 1261 55 24 utgör
550 1261 52 18 dock
611 1267 32 18 en,
655 1267 31 13 om
697 1263 25 18 än
732 1262 105 26 obetydlig,
848 1263 84 26 ändring

189 1285 20 18 af
228 1284 34 19 det
283 1285 114 20 nuvarande
417 1285 63 20 finska
494 1289 87 23 myntets
596 1287 32 19 vid
642 1287 61 25 Borgå
719 1289 89 25 landtdag
823 1289 109 20 fastställda

188 1310 57 19 skrot
265 1311 38 18 och
321 1311 55 24 korn,
394 1313 37 18 och
445 1311 18 21 få
479 1312 77 20 således
571 1313 111 24 ständerne,
699 1314 4 19 i
719 1315 92 20 afseende
826 1315 10 20 å
850 1315 34 20 det
899 1316 31 19 vid

187 1342 49 21 nyss
252 1337 68 26 antydt
334 1337 120 21 förhållande
468 1338 24 26 pä
507 1339 52 24 dem,
576 1340 56 20 äfven
647 1341 5 18 i
666 1341 64 20 denne
739 1341 38 25 del,
788 1342 144 21 ankommande

187 1363 99 26 yttrande,
302 1364 140 26 underdänigst
456 1365 93 21 förklara.

319 1403 28 17 att
366 1401 29 23 de,
414 1402 30 23 för
463 1403 29 18 sin
512 1402 36 24 del,
568 1410 46 12 anse
633 1406 27 17 alt
678 1404 35 20 den
722 1406 66 24 finska
804 1407 126 25 myntenheten

290 1429 28 19 till
331 1430 52 19 skrot
398 1430 33 20 och
446 1430 47 21 korn
508 1430 34 20 bör
552 1432 112 20 bestämmas
674 1434 6 18 i
690 1433 190 25 öfverensstämmelse
890 1435 42 19 med
