981 1703
200 140 44 32 1542
413 143 70 22 Nädiga
495 145 140 20 Propositionen
648 143 36 17 N:o
696 143 29 17 47.

199 193 28 19 för
241 193 38 19 den
294 193 95 19 allmänna
404 193 131 19 säkerhetens
549 192 133 26 betryggande
698 191 72 25 jemväl
786 191 63 20 skuile
864 191 80 20 komma

198 222 28 16 att
247 219 31 19 vid
296 219 63 19 denna
377 219 119 26 tillämpning
512 219 55 19 vinna
582 218 99 25 tillbörligt
695 219 100 22 afseende,
811 219 34 18 äro
860 218 84 19 nämnde

199 245 21 26 $$
234 245 58 25 enligt
308 245 109 20 Utskottets
429 245 58 25 åsigt,
498 245 57 20 äfven
565 245 121 25 berättigade
696 247 28 16 att
733 245 21 19 af
763 245 108 19 Ständerne
881 245 62 25 gillas:

254 273 35 18 För
310 271 56 26 öfrigt
387 273 34 18 har
443 271 100 20 Utskottet
559 272 39 19 ock
612 272 43 19 bort
671 271 100 24 anmärka,
787 273 28 17 att
829 271 5 19 i
850 271 96 19 händelse

200 298 111 21 Utskottets
325 287 72 37 förslag
412 305 32 13 om
459 299 123 19 uteslutande
596 299 20 18 af
629 299 10 24 $
653 299 25 19 34
694 298 69 19 vinner
783 297 121 20 Ständernes
918 297 29 19 bi-

200 325 38 23 fall,
255 325 163 30 nummerföljden
433 325 5 19 i
453 325 24 19 de
491 324 84 25 följande
589 325 22 25 $$
625 326 36 18 bör
676 323 86 26 undergå
778 324 37 19 den
826 323 119 25 förändring,

201 357 43 14 som
259 351 61 25 sagde
334 350 67 27 åtgärd
415 352 35 25 gör
465 351 118 25 nödvändig.

256 362 127 46 Helsingfors,
399 367 38 30 den
453 379 25 19 14
492 378 111 19 December
621 378 58 19 1863.

430 549 290 24 Reservationer.

345 606 25 19 Af
382 606 59 19 Herr
455 611 45 15 von
514 605 182 26 Weissenberg:

255 645 33 18 Att
302 644 88 26 uttryckt
405 644 152 25 «försvarslös,»
573 643 4 20 i
593 643 38 20 den
645 644 79 25 mening
738 644 33 19 det
785 644 36 19 här
831 643 116 26 begagnats,

201 672 22 18 är
237 671 64 25 något,
319 677 43 13 som
377 671 21 19 af
410 671 38 19 den
463 660 90 36 oinvigde
568 669 19 26 ej
600 670 39 19 kan
653 659 79 36 förstås,
749 673 44 17 utan
808 670 38 19 den
861 670 87 26 vidlyfti-

201 700 57 22 gaste
262 685 121 37 ”Törktaring,
402 697 112 25 bestyrkes,
534 696 58 20 bland
607 699 64 23 annat,
687 697 20 20 af
720 683 137 43 omöjligheten
871 700 29 16 att
916 697 34 19 be-

204 724 94 25 gripligen
319 724 94 25 ätergifva
430 724 33 19 det
478 723 23 26 pä
517 723 57 26 något
589 726 56 16 annat
659 709 119 44 Europeiskt
793 722 68 26 språk.
890 724 57 19 Detta

202 750 36 20 ord
257 750 82 26 innebär
355 751 104 19 dessutom
477 750 38 20 den
533 750 94 24 oklarhet,
646 752 28 17 att
687 750 34 19 det
735 750 88 24 skäligen
837 750 38 18 kan
890 750 58 25 tydas

204 776 28 25 så,
250 782 44 14 som
313 777 64 19 skulle
393 776 25 20 de
435 782 101 20 personer,
553 776 66 20 hvilka
637 776 45 20 med
697 779 79 17 namnet
791 776 158 20 «försvarslöse»

202 789 150 44 brännmärkas,
369 802 17 26 ej
401 808 35 14 ens
451 808 35 20 ega
499 805 38 17 rätt
548 806 28 16 att
589 804 88 18 försvara
689 804 41 18 sina
741 803 27 24 lif,
779 802 24 20 då
814 802 25 20 de
848 801 60 21 blifva
918 808 33 15 an-

202 830 66 19 fallne.
297 830 36 25 Jag
348 830 45 19 ville
410 818 85 36 derföre,
514 830 29 19 för
559 830 40 18 min
613 830 37 23 del,
667 819 102 30 vördsamt
783 828 78 26 föreslå,
877 832 29 16 att
920 835 22 13 or

202 856 35 20 det
252 841 125 46 försvarslös,
389 856 90 21 öfverallt
489 846 36 30 der
534 856 47 20 det
573 842 12 45 i
592 846 135 36 författningen
737 842 140 45 förekommer,
889 855 62 20 måtte

203 883 81 25 utbytas
303 886 53 16 emot
373 883 56 19 ordet
446 883 149 25 «lösdrifvare»,
614 882 67 20 såsom
699 882 59 20 också
776 888 54 14 mera
849 883 102 19 öfverens-

203 910 124 19 stämmande
344 910 45 19 med
407 910 36 19 den
459 910 3 19 i
481 910 60 19 andra
556 910 141 25 lagstiftningar
711 912 81 23 antagna
807 910 117 24 benämning
940 909 10 19 å

203 936 136 25 ifrågakomna
350 942 102 20 personer.
470 937 57 19 Utom
537 936 63 20 denna
611 939 42 17 mot
662 936 216 26 författningsförslaget
888 936 5 20 i
904 936 47 19 dess

204 963 67 19 helhet
286 962 68 26 gjorda
369 963 132 25 anmärkning,
518 962 29 20 får
560 962 32 26 jag
606 963 29 19 för
649 963 57 24 öfrigt
721 966 41 16 mot
777 963 104 25 förslagets
890 962 63 20 Jetal-

202 988 37 26 jer,
262 988 74 20 sådane
357 990 30 24 de,
411 990 44 20 med
477 989 122 25 iakttagande
616 990 20 18 af
649 990 113 20 Utskottets
773 989 126 20 betänkande
913 990 40 18 och

202 1016 48 18 dess
264 1016 103 19 liberalare
381 1016 126 19 alternativer
522 1016 62 19 skulle
598 1016 66 24 blifva,
681 1022 104 13 reservera
799 1016 38 25 mig
847 1016 5 19 i
863 1015 87 25 följande

203 1041 174 26 omständigheter.

258 1069 38 18 1:0.
326 1068 36 25 Jag
379 1069 38 18 kan
435 1067 104 26 omöjligen
556 1068 101 25 godkänna
673 1069 35 19 alla
723 1068 21 19 af
757 1068 102 20 Utskottet
873 1069 30 18 för
917 1069 35 19 till-

203 1093 146 27 godonjutande
370 1095 21 19 af
410 1095 117 26 rättigheten
541 1095 26 19 till
583 1094 96 21 såkalladt
694 1093 121 27 sjelfförsvar
829 1095 6 18 i
851 1095 9 19 4
878 1095 10 24 $
902 1095 52 19 före-

204 1121 64 26 slagna
285 1121 70 19 vilkor.
384 1121 101 20 Utskottet
499 1122 36 19 har
548 1121 97 26 nemligen
659 1121 58 20 bland
735 1124 58 17 annat
808 1121 52 20 velat
875 1121 75 26 stadga,

203 1150 29 17 att
246 1148 46 24 den,
309 1153 44 13 som
367 1147 45 20 icke
425 1148 58 25 gitter
497 1148 68 26 styrka
580 1148 32 19 det
626 1149 38 18 han
679 1148 62 25 guldit
756 1148 42 19 sine
811 1148 142 26 kronoutskyl-

203 1174 35 19 der
253 1175 30 18 för
297 1174 34 19 det
345 1174 119 25 föregående
474 1175 49 24 året,
535 1174 36 19 bör
580 1180 57 14 anses
647 1175 66 20 såsom
725 1174 153 20 «försvarslös.»
894 1175 59 19 Detta

203 1201 110 24 stadgande
327 1200 70 25 skulle,
414 1201 31 20 vid
458 1207 24 14 en
493 1191 66 36 sträng
570 1201 119 26 tillämpning
699 1201 61 23 deraf,
771 1201 128 25 ovilkorligen
910 1201 43 20 leda

203 1212 72 44 dertill,
291 1229 29 18 att
334 1227 43 20 ieke
391 1217 82 30 allenast
488 1227 69 26 många
575 1228 60 25 ärlige
649 1229 38 18 -och
701 1227 108 26 ordentlige
824 1228 67 25 fattige
905 1231 47 16 utan

205 1253 38 18 ock
258 1244 24 27 en
298 1255 40 22 hop
353 1253 89 19 behållne
457 1259 45 14 men
517 1247 89 30 möjligen
611 1243 70 35 ”pägot
694 1239 82 43 glömske
786 1243 11 29 |
796 1259 98 19 personer
904 1254 48 19 kun-

203 1278 25 19 de
242 1279 81 19 komma
337 1281 28 16 att
380 1279 80 26 skyldra
475 1279 23 26 pä
514 1268 145 36 förteckningen
675 1268 56 31 öfver
745 1279 138 20 försvarslöse.
910 1280 43 18 Fat-

202 1304 76 26 tigdom
294 1306 39 18 och
354 1311 23 13 en
396 1305 35 20 slik
451 1305 114 30 visserligen
584 1294 75 31 mindre
673 1305 204 20 rekommenderande
892 1306 61 25 glöm-

203 1331 36 20 ska
254 1334 29 17 att
297 1332 5 19 i
320 1332 39 19 rätt
376 1331 27 20 tid
419 1332 77 26 erlägga
511 1332 41 20 sina
566 1332 110 26 utskylder,
692 1333 37 19 kan
743 1332 32 26 jag
789 1331 52 21 Uock
855 1332 45 20 icke
914 1333 39 19 för-

203 1358 31 19 mä
250 1359 40 25 mig
304 1361 33 17 att
349 1359 90 20 betrakta
454 1358 67 20 såsom
537 1359 114 25 tillräcklige
665 1359 42 20 skäl
717 1360 26 19 till
755 1360 38 19 den
803 1359 148 25 öfvervakning,

204 1384 33 21 det
260 1385 103 23 allmänna,
379 1385 58 20 äfven
452 1385 59 26 enligt
528 1387 39 18 min
583 1386 56 25 äsigt,
655 1385 37 20 kan
708 1387 37 19 och
761 1386 35 20 hör
810 1385 19 21 få
843 1386 69 19 utöfva
927 1386 26 19 öf-

205 1417 36 15 ver
256 1411 76 21 sädane
345 1417 102 20 personer,
464 1418 43 13 som
523 1415 45 17 utan
583 1412 71 26 stadigt
667 1413 88 19 hemvist
769 1414 38 19 och
822 1413 61 19 kändt
895 1412 60 26 lofligt

206 1438 125 27 näringsfäng
345 1440 47 19 eller
406 1439 61 28 andra
484 1439 63 20 medel
566 1440 29 19 för
613 1439 28 20 sin
656 1439 94 26 bergning
764 1440 109 26 sysslolöse
887 1439 63 20 drifva
