975 1709
204 141 46 32 1482
420 146 70 20 Nådiga
502 146 140 21 Propositionen
655 146 36 16 N:o
704 146 28 17 45.

258 196 37 18 Det
310 196 35 19 har
359 195 51 19 varit
424 196 4 18 i
444 194 44 26 följd
503 196 56 18 häraf
572 198 50 16 samt
636 194 25 26 pä
675 196 34 18 det
722 195 25 19 de
761 195 88 20 enskilda
863 195 83 19 banker-

204 227 26 13 ne
243 221 32 19 må
290 222 66 19 kunna
369 222 89 19 medföra
472 224 28 16 ett
514 223 64 18 större
586 227 50 20 gagn
647 222 30 18 för
685 222 119 24 produkters
814 222 38 18 och
861 222 85 19 värdens

204 248 123 20 omsättande
347 248 38 18 och
403 247 87 26 belåning
507 250 51 17 samt
575 248 58 20 tillika
650 248 52 24 gifva
720 248 29 19 sin
769 248 127 19 verksamhet
915 253 31 14 er-

204 274 92 24 forderlig
311 274 140 26 utsträckning,
467 274 59 20 äfven
540 274 5 19 i
560 274 58 20 lokait
632 274 119 24 hänseende,
770 280 44 14 som
828 274 25 19 Je
869 277 76 17 ansetts

204 301 46 20 böra
264 306 36 20 ega
314 300 204 26 sedelutgifningsrätt.
550 300 117 26 Derigenom
681 302 64 18 skulle
759 300 24 20 de
795 300 73 25 jemväl
884 302 61 18 sättas

204 327 5 19 i
223 327 79 24 tillfälle,
310 330 28 17 att
355 326 49 21 hålla
421 333 24 13 en
463 328 51 25 lägre
531 327 133 19 diskontränta
684 328 37 18 och
738 326 81 21 sålunda
838 327 65 19 kunna
922 326 23 26 på

205 356 27 18 ett
246 354 86 26 billigare
346 355 39 19 sätt
398 353 77 26 betjena
489 354 92 25 trafiken
597 354 76 19 ,-hvilket
686 353 43 20 åter
743 354 61 20 borde
819 353 87 21 medföra
921 360 24 13 en

204 386 54 14 mera
272 380 47 26 liflig
333 381 116 25 omsättning
463 382 38 19 och
515 383 26 17 ett
556 381 63 19 större
633 386 50 20 gagn
698 381 29 19 för
741 380 34 20 det
788 381 102 19 allmänna.

257 407 84 20 Landets
355 407 190 21 cirkulationsmedel
560 406 64 21 måste
638 407 109 20 emellertid
764 407 51 20 alltid
833 408 68 24 utgöra
919 410 27 17 ett

204 434 68 26 vigtigt
286 433 81 21 föremål
381 434 30 19 för
426 434 125 26 regeringens
565 434 178 26 uppmärksamhet
757 435 38 19 och
805 439 107 21 omsorger,
923 434 22 20 så

204 461 82 26 mycket
298 466 55 15 mera
367 466 44 14 som
425 460 238 27 pappers-bytesmedlen,
679 460 22 20 så
717 464 54 16 snart
785 462 24 18 de
824 461 69 19 hunnit
907 463 40 17 vin-

204 493 23 14 na
242 490 28 17 ett
284 488 66 24 större
362 486 64 27 insteg
439 487 4 19 i
459 488 93 23 rörelsen,
568 488 21 19 af
600 487 129 20 allmänheten
740 488 88 25 vanligen
838 490 109 22 emottagas

188 536 4 3 —
204 517 46 17 utan
262 516 31 19 att
307 512 25 22 till
347 513 58 20 deras
420 514 63 20 kredit
498 515 38 19 och
550 516 49 18 rätta
615 514 61 20 värde
689 519 71 20 nogare
774 514 115 20 bedömmas
900 515 47 19 eller

203 540 135 23 undersökas;
360 540 43 20 Och
418 541 82 19 emedan
516 541 38 20 den
572 544 53 16 stora
642 546 81 14 massan
738 541 21 19 af
772 541 60 19 folket
845 540 45 20 icke
904 540 45 26 sjelf

203 568 22 19 är
245 567 6 19 i
271 565 73 22 tillfälle
363 570 29 16 att
414 566 5 20 i
439 567 53 19 Jetta
513 567 111 20 hänseende
639 567 52 25 sörja
705 567 30 19 för
748 568 30 19 sin
792 567 94 19 säkerhet
900 568 47 19 eller

204 593 76 27 skydda
295 594 30 24 sig
339 596 41 16 mot
393 594 99 24 förluster,
508 593 37 20 blir
560 594 33 19 det
606 594 111 25 styrelsens
736 594 101 25 oafvisliga
857 594 48 25 pligt
919 596 27 17 att

204 620 48 20 söka
272 623 63 17 värna
355 620 76 20 landets
453 620 116 20 innevånare
590 622 53 17 emot
663 620 26 20 de
710 619 61 21 välor
785 621 38 19 och
838 620 107 26 missbruk,

205 652 43 14 som
263 647 57 20 häraf
332 645 57 27 eljest
402 646 66 21 kunde
483 647 113 21 föranledas.
625 647 44 19 Men
683 646 53 20 detta
751 646 87 22 ändamål
849 647 39 19 kan
899 648 48 19 blott

205 673 68 20 vinnas
279 669 10 34 :
292 673 126 25 derigenom
413 669 9 34 ,
437 676 27 16 att
478 673 221 26 sedelutgifningsrätten
714 673 69 20 bindes
797 673 32 20 vid
844 673 54 20 vissa
913 674 34 20 vil-

204 700 36 19 kor
262 700 37 20 och
319 699 118 22 iaskränkes
451 700 53 20 inom
518 700 92 25 behöriga
625 704 91 21 gränsor,
732 702 52 18 samt
797 700 25 20 de
836 700 112 25 sedelutgif-

206 727 62 19 vande
281 726 101 21 bankerne
395 726 58 20 tillika
469 726 66 20 ställas
549 727 63 19 under
625 732 24 14 en
664 728 90 18 närmare
768 726 65 26 tillsyn
848 728 37 18 och.
899 727 48 20 kon-

205 754 50 19 troll.
282 753 68 20 Under
363 758 24 14 en
403 753 71 19 redbar
488 753 38 19 och
540 752 24 27 pä
578 753 52 19 detta
644 755 40 18 sätt
697 753 119 20 öfvervakad
831 754 117 26 förvaltning

204 780 62 20 borde
285 779 231 26 selelutgifningsrätten,
538 786 32 13 om
584 780 39 19 den
638 779 110 26 medgifves
762 779 87 21 enskilda
864 780 81 26 banker,

204 806 44 20 icke
269 806 66 19 kunna
349 806 135 24 missbrukas,
499 806 82 20 likasom
596 806 38 19 ock
648 812 24 14 en
687 806 156 25 sedelemission,
859 812 44 14 som
916 810 31 16 ut-

204 832 182 20 sträckes-utöfver
395 832 76 20 landets
482 833 85 26 verkliga
582 832 60 20 behof
654 833 21 19 af
682 832 53 21 detta
744 833 201 26 omsättningsmedel,

203 864 60 15 anses
276 859 81 20 komma
372 861 29 17 att
415 862 53 17 snart
483 865 36 20 nog
533 860 100 24 korrigera
647 859 30 25 sig
691 858 51 26 sjelf,
758 865 71 20 genom
839 860 34 20 det
881 860 65 20 öfver-

204 885 68 26 flödiga
293 888 174 23 pappersmyntets
488 885 146 21 återvändande
652 886 26 19 till
693 886 84 25 banken,
792 886 30 20 för
841 888 29 18 att
889 887 58 26 utby-

205 915 30 17 tas
249 914 54 19 emot
317 918 24 14 en
358 911 61 21 sådan
435 912 73 26 valuta,
524 918 44 14 som
582 918 48 20 eger
642 915 29 17 ett
686 912 41 20 inre
742 912 61 21 värde
817 914 38 20 och
869 912 78 22 således

204 938 37 20 kan
255 939 57 19 äfven.
326 942 55 16 utom
396 939 64 19 landet
477 939 105 20 användas.

257 965 92 20 Enskilda
369 965 74 19 banker
459 967 33 17 äro
510 966 88 25 vanligen
611 966 102 26 grundade
727 967 90 25 antingen
831 972 71 20 genom
916 972 31 14 as-

204 992 94 20 sociation
308 992 24 20 af.
345 992 54 19 vissa
414 992 110 24 namngifna
539 998 102 20 personer,
656 993 63 19 under
733 992 103 22 solidarisk
844 993 103 25 ansvarig-

204 1019 34 19 het
256 1018 32 28 för
301 1018 52 21 dem
373 1018 43 24 alla,
439 1019 47 19 eller
500 1018 38 20 ock
552 1019 19 19 af
584 1024 96 21 anonyma
695 1020 110 25 aktiebolag
819 1019 46 20 med
879 1026 24 13 en
917 1020 30 19 för

203 1046 70 24 hvarje
286 1045 113 25 aktieegare
412 1045 109 25 begränsad
535 1046 127 25 ansvarighet
676 1046 25 20 till
717 1046 33 20 det
764 1046 19 20 af
795 1048 71 18 honom
876 1047 70 19 insatta

203 1071 133 26 aktiekapital.

256 1098 59 20 Emot
335 1098 26 19 de
381 1098 52 19 förra
454 1098 46 20 eller
519 1098 110 26 bankbolag
642 1099 46 20 med
703 1098 103 21 solidarisk
821 1100 126 25 ansvarighet

204 1124 28 19 för
247 1126 28 17 ett
288 1123 136 21 inskränktare
439 1125 50 19 antal
504 1126 110 25 namngifna
624 1130 95 20 personer
729 1127 37 18 har
775 1126 63 20 blifvit
847 1126 97 20 anmärkt:

202 1153 28 17 att
242 1150 28 20 de
282 1151 45 20 icke
340 1150 53 20 alltid
407 1151 65 19 kunna
486 1151 119 26 fullständigt
619 1152 86 26 uppfylla
715 1152 30 20 sin
755 1152 148 24 bestämmelse,
914 1152 32 21 sä-

203 1177 44 20 vida
266 1182 96 20 personer
382 1177 47 20 med
449 1178 64 19 större
529 1178 142 26 förmögenhet,
689 1179 5 19 i
708 1179 99 19 anseende
821 1178 27 20 tili
863 1180 39 19 Jen
917 1180 30 18 för

202 1204 35 19 alla
258 1203 91 26 delegare
369 1203 117 28 ömsesidiga
503 1205 158 25 ansvarigheten,
677 1210 44 14 som
735 1204 76 26 åtföljer
825 1205 118 27 föreningen,

203 1230 62 20 sällan.
277 1230 64 20 skulle.
357 1230 46 25 vilja
419 1230 104 31 äfventyra
537 1232 43 19 hela
594 1232 30 18 sin
638 1232 137 25 förmögenhet
789 1231 24 26 pä
827 1232 54 20 detta
897 1232 48 20 enda

202 1256 80 24 företag,
299 1256 38 18 och
352 1261 33 15 om
399 1256 58 19 äfven
471 1257 74 19 sälane
553 1258 85 21 solidare
647 1258 105 19 affärsmän
763 1258 41 19 från
815 1258 68 25 början
894 1259 50 19 hade

202 1281 60 25 ingått
276 1282 5 18 i
295 1281 117 25 detsamma,
428 1281 24 26 pä
467 1282 33 20 det
513 1282 129 26 inrättningen
657 1284 63 19 skulle
734 1284 69 19 lättare
817 1284 85 20 tillvinna
917 1284 28 26 sig

202 1308 143 20 allmänhetens
353 1308 118 26 förtroende,
483 1308 45 20 söka
543 1309 25 20 de
582 1310 57 20 likväl
654 1310 122 26 sedermera,
792 1309 22 21 sä
829 1313 54 17 snart
896 1311 50 20 före-

202 1337 52 24 taget
273 1334 59 20 råkar
352 1335 5 20 i
375 1334 58 27 några
447 1336 149 26 förvecklingar,
612 1339 29 17 att
655 1336 43 21 åter
710 1336 62 26 draga
786 1337 29 26 sig
829 1342 24 15 ur
867 1338 79 24 bolaget

201 1367 72 21 genom.
286 1362 133 20 öfverlåtande
434 1363 20 20 af
466 1363 42 19 sina
522 1363 78 20 andelar
618 1363 25 21 till
661 1364 61 20 andra
737 1369 102 21 personer,
855 1367 48 17 utan
917 1368 28 17 att

202 1388 130 21 allmänheten
352 1389 90 21 kommer
461 1392 27 17 att
508 1389 6 19 i
534 1390 27 20 tid
583 1391 176 25 uppmärksamma
773 1391 38 20 den
825 1387 119 40 förändring,

204 1420 44 16 som
265 1415 5 20 i
287 1416 94 22 afseende.
397 1415 12 21 å
425 1416 139 26 inrättringens
578 1417 92 20 säkerhet
685 1417 112 27 härigenom
811 1418 43 23 kan,
865 1421 79 23 uppstå.

203 1442 37 21 Det
258 1442 65 20 skulle
344 1443 78 20 derföre
441 1444 40 19 ofta
497 1443 92 26 inträffat,
607 1446 28 18 att
649 1450 96 21 personer
758 1444 45 20 med
819 1445 74 26 ringare
908 1445 37 21 för-
