<?xml version="1.0" encoding="UTF-8"?>
<alto xmlns="http://www.loc.gov/standards/alto/ns-v3#" xmlns:xlink="http://www.w3.org/1999/xlink" xmlns:xsi="http://www.w3.org/2001/XMLSchema-instance" xsi:schemaLocation="http://www.loc.gov/standards/alto/ns-v3# http://www.loc.gov/alto/v3/alto-3-0.xsd">
	<Description>
		<MeasurementUnit>pixel</MeasurementUnit>
		<sourceImageInformation>
			<fileName>/tmp/tess_vdj5vrui_input.PNG</fileName>
		</sourceImageInformation>
		<OCRProcessing ID="OCR_0">
			<ocrProcessingStep>
				<processingSoftware>
					<softwareName>tesseract 5.3.4</softwareName>
				</processingSoftware>
			</ocrProcessingStep>
		</OCRProcessing>
	</Description>
	<Layout>
		<Page WIDTH="1014" HEIGHT="1709" PHYSICAL_IMG_NR="0" ID="page_0">
			<PrintSpace HPOS="0" VPOS="0" WIDTH="1014" HEIGHT="1709">
				<ComposedBlock ID="cblock_0" HPOS="283" VPOS="138" WIDTH="530" HEIGHT="24">
					<TextBlock ID="block_0" HPOS="283" VPOS="138" WIDTH="530" HEIGHT="24">
						<TextLine ID="line_0" HPOS="283" VPOS="138" WIDTH="530" HEIGHT="24">
							<String ID="string_0" HPOS="283" VPOS="138" WIDTH="72" HEIGHT="22" WC="0.91" CONTENT="Nådiga"/><SP WIDTH="12" VPOS="138" HPOS="355"/>
							<String ID="string_1" HPOS="367" VPOS="139" WIDTH="140" HEIGHT="23" WC="0.90" CONTENT="Propositionen"/><SP WIDTH="12" VPOS="139" HPOS="507"/>
							<String ID="string_2" HPOS="519" VPOS="140" WIDTH="37" HEIGHT="17" WC="0.95" CONTENT="N:o"/><SP WIDTH="11" VPOS="140" HPOS="556"/>
							<String ID="string_3" HPOS="567" VPOS="140" WIDTH="28" HEIGHT="18" WC="0.96" CONTENT="39."/><SP WIDTH="175" VPOS="140" HPOS="595"/>
							<String ID="string_4" HPOS="770" VPOS="140" WIDTH="43" HEIGHT="18" WC="0.96" CONTENT="1327"/>
						</TextLine>
					</TextBlock>
				</ComposedBlock>
				<ComposedBlock ID="cblock_1" HPOS="66" VPOS="187" WIDTH="748" HEIGHT="1273">
					<TextBlock ID="block_1" HPOS="67" VPOS="187" WIDTH="745" HEIGHT="132">
						<TextLine ID="line_1" HPOS="68" VPOS="187" WIDTH="742" HEIGHT="27">
							<String ID="string_5" HPOS="68" VPOS="194" WIDTH="39" HEIGHT="13" WC="0.96" CONTENT="ven"/><SP WIDTH="20" VPOS="194" HPOS="107"/>
							<String ID="string_6" HPOS="127" VPOS="188" WIDTH="38" HEIGHT="19" WC="0.93" CONTENT="den"/><SP WIDTH="22" VPOS="188" HPOS="165"/>
							<String ID="string_7" HPOS="187" VPOS="187" WIDTH="108" HEIGHT="27" WC="0.91" CONTENT="tjenligaste"/><SP WIDTH="21" VPOS="187" HPOS="295"/>
							<String ID="string_8" HPOS="316" VPOS="188" WIDTH="53" HEIGHT="20" WC="0.96" CONTENT="tiden"/><SP WIDTH="21" VPOS="188" HPOS="369"/>
							<String ID="string_9" HPOS="390" VPOS="189" WIDTH="30" HEIGHT="19" WC="0.93" CONTENT="för"/><SP WIDTH="17" VPOS="189" HPOS="420"/>
							<String ID="string_10" HPOS="437" VPOS="189" WIDTH="165" HEIGHT="25" WC="0.92" CONTENT="hägnadsvirkets"/><SP WIDTH="19" VPOS="189" HPOS="602"/>
							<String ID="string_11" HPOS="621" VPOS="189" WIDTH="78" HEIGHT="25" WC="0.83" CONTENT="fällning"/><SP WIDTH="17" VPOS="189" HPOS="699"/>
							<String ID="string_12" HPOS="716" VPOS="191" WIDTH="22" HEIGHT="18" WC="0.96" CONTENT="är"/><SP WIDTH="17" VPOS="191" HPOS="738"/>
							<String ID="string_13" HPOS="755" VPOS="190" WIDTH="55" HEIGHT="20" WC="0.96" CONTENT="förbi."/>
						</TextLine>
						<TextLine ID="line_2" HPOS="69" VPOS="215" WIDTH="743" HEIGHT="27">
							<String ID="string_14" HPOS="69" VPOS="215" WIDTH="100" HEIGHT="19" WC="0.93" CONTENT="Utskottet"/><SP WIDTH="17" VPOS="215" HPOS="169"/>
							<String ID="string_15" HPOS="186" VPOS="215" WIDTH="114" HEIGHT="19" WC="0.92" CONTENT="hemställer"/><SP WIDTH="16" VPOS="215" HPOS="300"/>
							<String ID="string_16" HPOS="316" VPOS="215" WIDTH="88" HEIGHT="25" WC="0.40" CONTENT="derföre,"/><SP WIDTH="19" VPOS="215" HPOS="404"/>
							<String ID="string_17" HPOS="423" VPOS="222" WIDTH="33" HEIGHT="13" WC="0.92" CONTENT="om"/><SP WIDTH="13" VPOS="222" HPOS="456"/>
							<String ID="string_18" HPOS="469" VPOS="216" WIDTH="45" HEIGHT="19" WC="0.96" CONTENT="icke"/><SP WIDTH="14" VPOS="216" HPOS="514"/>
							<String ID="string_19" HPOS="528" VPOS="216" WIDTH="27" HEIGHT="19" WC="0.88" CONTENT="till"/><SP WIDTH="14" VPOS="216" HPOS="555"/>
							<String ID="string_20" HPOS="569" VPOS="216" WIDTH="123" HEIGHT="20" WC="0.91" CONTENT="Ständernas"/><SP WIDTH="13" VPOS="216" HPOS="692"/>
							<String ID="string_21" HPOS="705" VPOS="216" WIDTH="107" HEIGHT="26" WC="0.96" CONTENT="antagande"/>
						</TextLine>
						<TextLine ID="line_3" HPOS="67" VPOS="241" WIDTH="745" HEIGHT="27">
							<String ID="string_22" HPOS="67" VPOS="241" WIDTH="20" HEIGHT="19" WC="0.92" CONTENT="af"/><SP WIDTH="14" VPOS="241" HPOS="87"/>
							<String ID="string_23" HPOS="101" VPOS="241" WIDTH="126" HEIGHT="19" WC="0.76" CONTENT="merberörda"/><SP WIDTH="15" VPOS="241" HPOS="227"/>
							<String ID="string_24" HPOS="242" VPOS="241" WIDTH="108" HEIGHT="25" WC="0.95" CONTENT="grundsats"/><SP WIDTH="14" VPOS="241" HPOS="350"/>
							<String ID="string_25" HPOS="364" VPOS="242" WIDTH="65" HEIGHT="19" WC="0.96" CONTENT="kunde"/><SP WIDTH="14" VPOS="242" HPOS="429"/>
							<String ID="string_26" HPOS="443" VPOS="243" WIDTH="56" HEIGHT="24" WC="0.96" CONTENT="fogas"/><SP WIDTH="14" VPOS="243" HPOS="499"/>
							<String ID="string_27" HPOS="513" VPOS="242" WIDTH="33" HEIGHT="19" WC="0.93" CONTENT="det"/><SP WIDTH="13" VPOS="242" HPOS="546"/>
							<String ID="string_28" HPOS="559" VPOS="242" WIDTH="103" HEIGHT="24" WC="0.83" CONTENT="förbehåll,"/><SP WIDTH="12" VPOS="242" HPOS="662"/>
							<String ID="string_29" HPOS="674" VPOS="244" WIDTH="28" HEIGHT="17" WC="0.93" CONTENT="att"/><SP WIDTH="15" VPOS="244" HPOS="702"/>
							<String ID="string_30" HPOS="717" VPOS="243" WIDTH="95" HEIGHT="25" WC="0.91" CONTENT="stängsel-"/>
						</TextLine>
						<TextLine ID="line_4" HPOS="67" VPOS="267" WIDTH="745" HEIGHT="27">
							<String ID="string_31" HPOS="67" VPOS="267" WIDTH="117" HEIGHT="25" WC="0.91" CONTENT="skyldighet,"/><SP WIDTH="17" VPOS="267" HPOS="184"/>
							<String ID="string_32" HPOS="201" VPOS="273" WIDTH="43" HEIGHT="13" WC="0.93" CONTENT="som"/><SP WIDTH="15" VPOS="273" HPOS="244"/>
							<String ID="string_33" HPOS="259" VPOS="268" WIDTH="62" HEIGHT="19" WC="0.95" CONTENT="blifvit"/><SP WIDTH="14" VPOS="268" HPOS="321"/>
							<String ID="string_34" HPOS="335" VPOS="268" WIDTH="106" HEIGHT="25" WC="0.93" CONTENT="behörigen"/><SP WIDTH="14" VPOS="268" HPOS="441"/>
							<String ID="string_35" HPOS="455" VPOS="268" WIDTH="96" HEIGHT="26" WC="0.96" CONTENT="uppsagd,"/><SP WIDTH="15" VPOS="268" HPOS="551"/>
							<String ID="string_36" HPOS="566" VPOS="268" WIDTH="44" HEIGHT="20" WC="0.96" CONTENT="icke"/><SP WIDTH="11" VPOS="268" HPOS="610"/>
							<String ID="string_37" HPOS="621" VPOS="269" WIDTH="78" HEIGHT="25" WC="0.94" CONTENT="upphör"/><SP WIDTH="10" VPOS="269" HPOS="699"/>
							<String ID="string_38" HPOS="709" VPOS="269" WIDTH="65" HEIGHT="19" WC="0.96" CONTENT="förrän"/><SP WIDTH="10" VPOS="269" HPOS="774"/>
							<String ID="string_39" HPOS="784" VPOS="271" WIDTH="28" HEIGHT="17" WC="0.96" CONTENT="ett"/>
						</TextLine>
						<TextLine ID="line_5" HPOS="69" VPOS="292" WIDTH="255" HEIGHT="27">
							<String ID="string_40" HPOS="69" VPOS="292" WIDTH="22" HEIGHT="20" WC="0.95" CONTENT="år"/><SP WIDTH="14" VPOS="292" HPOS="91"/>
							<String ID="string_41" HPOS="105" VPOS="294" WIDTH="51" HEIGHT="18" WC="0.96" CONTENT="efter"/><SP WIDTH="14" VPOS="294" HPOS="156"/>
							<String ID="string_42" HPOS="170" VPOS="294" WIDTH="154" HEIGHT="25" WC="0.96" CONTENT="uppsägningen."/>
						</TextLine>
					</TextBlock>
					<TextBlock ID="block_2" HPOS="66" VPOS="318" WIDTH="748" HEIGHT="1142">
						<TextLine ID="line_6" HPOS="121" VPOS="318" WIDTH="691" HEIGHT="28">
							<String ID="string_43" HPOS="121" VPOS="318" WIDTH="76" HEIGHT="26" WC="0.91" CONTENT="Sjette"/><SP WIDTH="16" VPOS="318" HPOS="197"/>
							<String ID="string_44" HPOS="213" VPOS="320" WIDTH="85" HEIGHT="24" WC="0.94" CONTENT="punkten"/><SP WIDTH="18" VPOS="320" HPOS="298"/>
							<String ID="string_45" HPOS="316" VPOS="320" WIDTH="35" HEIGHT="19" WC="0.93" CONTENT="har"/><SP WIDTH="14" VPOS="320" HPOS="351"/>
							<String ID="string_46" HPOS="365" VPOS="320" WIDTH="84" HEIGHT="25" WC="0.96" CONTENT="följande"/><SP WIDTH="16" VPOS="320" HPOS="449"/>
							<String ID="string_47" HPOS="465" VPOS="320" WIDTH="86" HEIGHT="26" WC="0.95" CONTENT="lydelse:"/><SP WIDTH="16" VPOS="320" HPOS="551"/>
							<String ID="string_48" HPOS="567" VPOS="323" WIDTH="41" HEIGHT="17" WC="0.93" CONTENT="«att"/><SP WIDTH="13" VPOS="323" HPOS="608"/>
							<String ID="string_49" HPOS="621" VPOS="321" WIDTH="191" HEIGHT="25" WC="0.91" CONTENT="lägenhetsinnehaf-"/>
						</TextLine>
						<TextLine ID="line_7" HPOS="68" VPOS="346" WIDTH="745" HEIGHT="27">
							<String ID="string_50" HPOS="68" VPOS="351" WIDTH="73" HEIGHT="14" WC="0.92" CONTENT="varene"/><SP WIDTH="14" VPOS="351" HPOS="141"/>
							<String ID="string_51" HPOS="155" VPOS="346" WIDTH="4" HEIGHT="18" WC="0.95" CONTENT="i"/><SP WIDTH="16" VPOS="346" HPOS="159"/>
							<String ID="string_52" HPOS="175" VPOS="346" WIDTH="143" HEIGHT="20" WC="0.93" CONTENT="kommunerna"/><SP WIDTH="15" VPOS="346" HPOS="318"/>
							<String ID="string_53" HPOS="333" VPOS="347" WIDTH="50" HEIGHT="24" WC="0.91" CONTENT="egde"/><SP WIDTH="13" VPOS="347" HPOS="383"/>
							<String ID="string_54" HPOS="396" VPOS="346" WIDTH="44" HEIGHT="25" WC="0.94" CONTENT="ingå"/><SP WIDTH="10" VPOS="346" HPOS="440"/>
							<String ID="string_55" HPOS="450" VPOS="347" WIDTH="109" HEIGHT="25" WC="0.96" CONTENT="föreningar"/><SP WIDTH="9" VPOS="347" HPOS="559"/>
							<String ID="string_56" HPOS="568" VPOS="352" WIDTH="33" HEIGHT="14" WC="0.93" CONTENT="om"/><SP WIDTH="10" VPOS="352" HPOS="601"/>
							<String ID="string_57" HPOS="611" VPOS="347" WIDTH="80" HEIGHT="25" WC="0.91" CONTENT="egofred"/><SP WIDTH="10" VPOS="347" HPOS="691"/>
							<String ID="string_58" HPOS="701" VPOS="348" WIDTH="39" HEIGHT="18" WC="0.93" CONTENT="och"/><SP WIDTH="9" VPOS="348" HPOS="740"/>
							<String ID="string_59" HPOS="749" VPOS="350" WIDTH="64" HEIGHT="23" WC="0.91" CONTENT="stäng-"/>
						</TextLine>
						<TextLine ID="line_8" HPOS="69" VPOS="372" WIDTH="745" HEIGHT="26">
							<String ID="string_60" HPOS="69" VPOS="373" WIDTH="28" HEIGHT="19" WC="0.95" CONTENT="sel"/><SP WIDTH="22" VPOS="373" HPOS="97"/>
							<String ID="string_61" HPOS="119" VPOS="375" WIDTH="51" HEIGHT="17" WC="0.68" CONTENT="samt"/><SP WIDTH="17" VPOS="375" HPOS="170"/>
							<String ID="string_62" HPOS="187" VPOS="372" WIDTH="28" HEIGHT="19" WC="0.96" CONTENT="för"/><SP WIDTH="17" VPOS="372" HPOS="215"/>
							<String ID="string_63" HPOS="232" VPOS="372" WIDTH="109" HEIGHT="20" WC="0.93" CONTENT="ändamålet"/><SP WIDTH="17" VPOS="372" HPOS="341"/>
							<String ID="string_64" HPOS="358" VPOS="373" WIDTH="95" HEIGHT="19" WC="0.93" CONTENT="fastställa"/><SP WIDTH="14" VPOS="373" HPOS="453"/>
							<String ID="string_65" HPOS="467" VPOS="374" WIDTH="68" HEIGHT="24" WC="0.93" CONTENT="nödiga"/><SP WIDTH="15" VPOS="374" HPOS="535"/>
							<String ID="string_66" HPOS="550" VPOS="373" WIDTH="167" HEIGHT="25" WC="0.92" CONTENT="ordningsreglor,"/><SP WIDTH="17" VPOS="373" HPOS="717"/>
							<String ID="string_67" HPOS="734" VPOS="373" WIDTH="20" HEIGHT="20" WC="0.91" CONTENT="sä"/><SP WIDTH="17" VPOS="373" HPOS="754"/>
							<String ID="string_68" HPOS="771" VPOS="374" WIDTH="43" HEIGHT="19" WC="0.87" CONTENT="vidt"/>
						</TextLine>
						<TextLine ID="line_9" HPOS="67" VPOS="398" WIDTH="746" HEIGHT="26">
							<String ID="string_69" HPOS="67" VPOS="398" WIDTH="24" HEIGHT="20" WC="0.96" CONTENT="de"/><SP WIDTH="23" VPOS="398" HPOS="91"/>
							<String ID="string_70" HPOS="114" VPOS="399" WIDTH="44" HEIGHT="19" WC="0.64" CONTENT="ieke"/><SP WIDTH="20" VPOS="399" HPOS="158"/>
							<String ID="string_71" HPOS="178" VPOS="399" WIDTH="93" HEIGHT="19" WC="0.96" CONTENT="innebära"/><SP WIDTH="21" VPOS="399" HPOS="271"/>
							<String ID="string_72" HPOS="292" VPOS="399" WIDTH="107" HEIGHT="25" WC="0.96" CONTENT="kränkning"/><SP WIDTH="17" VPOS="399" HPOS="399"/>
							<String ID="string_73" HPOS="416" VPOS="399" WIDTH="20" HEIGHT="19" WC="0.96" CONTENT="af"/><SP WIDTH="16" VPOS="399" HPOS="436"/>
							<String ID="string_74" HPOS="452" VPOS="400" WIDTH="86" HEIGHT="19" WC="0.96" CONTENT="enskilda"/><SP WIDTH="16" VPOS="400" HPOS="538"/>
							<String ID="string_75" HPOS="554" VPOS="399" WIDTH="140" HEIGHT="20" WC="0.96" CONTENT="medlemmars"/><SP WIDTH="14" VPOS="399" HPOS="694"/>
							<String ID="string_76" HPOS="708" VPOS="400" WIDTH="5" HEIGHT="18" WC="0.96" CONTENT="i"/><SP WIDTH="15" VPOS="400" HPOS="713"/>
							<String ID="string_77" HPOS="728" VPOS="400" WIDTH="32" HEIGHT="24" WC="0.96" CONTENT="lag"/><SP WIDTH="15" VPOS="400" HPOS="760"/>
							<String ID="string_78" HPOS="775" VPOS="401" WIDTH="38" HEIGHT="19" WC="0.96" CONTENT="och"/>
						</TextLine>
						<TextLine ID="line_10" HPOS="66" VPOS="425" WIDTH="745" HEIGHT="26">
							<String ID="string_79" HPOS="66" VPOS="425" WIDTH="89" HEIGHT="25" WC="0.96" CONTENT="gällande"/><SP WIDTH="13" VPOS="425" HPOS="155"/>
							<String ID="string_80" HPOS="168" VPOS="425" WIDTH="135" HEIGHT="25" WC="0.95" CONTENT="författningar"/><SP WIDTH="16" VPOS="425" HPOS="303"/>
							<String ID="string_81" HPOS="319" VPOS="425" WIDTH="104" HEIGHT="20" WC="0.96" CONTENT="bestämda"/><SP WIDTH="17" VPOS="425" HPOS="423"/>
							<String ID="string_82" HPOS="440" VPOS="426" WIDTH="134" HEIGHT="25" WC="0.95" CONTENT="rättigheter.»"/><SP WIDTH="29" VPOS="426" HPOS="574"/>
							<String ID="string_83" HPOS="603" VPOS="426" WIDTH="37" HEIGHT="19" WC="0.95" CONTENT="Det"/><SP WIDTH="14" VPOS="426" HPOS="640"/>
							<String ID="string_84" HPOS="654" VPOS="426" WIDTH="56" HEIGHT="20" WC="0.96" CONTENT="torde"/><SP WIDTH="14" VPOS="426" HPOS="710"/>
							<String ID="string_85" HPOS="724" VPOS="426" WIDTH="18" HEIGHT="19" WC="0.93" CONTENT="få"/><SP WIDTH="16" VPOS="426" HPOS="742"/>
							<String ID="string_86" HPOS="758" VPOS="429" WIDTH="53" HEIGHT="17" WC="0.92" CONTENT="anta-"/>
						</TextLine>
						<TextLine ID="line_11" HPOS="67" VPOS="451" WIDTH="745" HEIGHT="27">
							<String ID="string_87" HPOS="67" VPOS="456" WIDTH="35" HEIGHT="20" WC="0.93" CONTENT="gas"/><SP WIDTH="15" VPOS="456" HPOS="102"/>
							<String ID="string_88" HPOS="117" VPOS="451" WIDTH="68" HEIGHT="20" WC="0.96" CONTENT="såsom"/><SP WIDTH="14" VPOS="451" HPOS="185"/>
							<String ID="string_89" HPOS="199" VPOS="452" WIDTH="74" HEIGHT="24" WC="0.96" CONTENT="ganska"/><SP WIDTH="14" VPOS="452" HPOS="273"/>
							<String ID="string_90" HPOS="287" VPOS="452" WIDTH="96" HEIGHT="19" WC="0.96" CONTENT="sannolikt"/><SP WIDTH="15" VPOS="452" HPOS="383"/>
							<String ID="string_91" HPOS="398" VPOS="455" WIDTH="29" HEIGHT="16" WC="0.96" CONTENT="att"/><SP WIDTH="13" VPOS="455" HPOS="427"/>
							<String ID="string_92" HPOS="440" VPOS="457" WIDTH="24" HEIGHT="14" WC="0.96" CONTENT="en"/><SP WIDTH="15" VPOS="457" HPOS="464"/>
							<String ID="string_93" HPOS="479" VPOS="452" WIDTH="71" HEIGHT="20" WC="0.95" CONTENT="allmän"/><SP WIDTH="11" VPOS="452" HPOS="550"/>
							<String ID="string_94" HPOS="561" VPOS="452" WIDTH="117" HEIGHT="26" WC="0.96" CONTENT="författning,"/><SP WIDTH="12" VPOS="452" HPOS="678"/>
							<String ID="string_95" HPOS="690" VPOS="452" WIDTH="88" HEIGHT="26" WC="0.95" CONTENT="grundad"/><SP WIDTH="10" VPOS="452" HPOS="778"/>
							<String ID="string_96" HPOS="788" VPOS="452" WIDTH="24" HEIGHT="26" WC="0.96" CONTENT="pä"/>
						</TextLine>
						<TextLine ID="line_12" HPOS="69" VPOS="478" WIDTH="745" HEIGHT="26">
							<String ID="string_97" HPOS="69" VPOS="478" WIDTH="187" HEIGHT="20" WC="0.90" CONTENT="ofvanomförmälda"/><SP WIDTH="17" VPOS="478" HPOS="256"/>
							<String ID="string_98" HPOS="273" VPOS="479" WIDTH="107" HEIGHT="25" WC="0.95" CONTENT="principer,"/><SP WIDTH="21" VPOS="479" HPOS="380"/>
							<String ID="string_99" HPOS="401" VPOS="478" WIDTH="48" HEIGHT="20" WC="0.88" CONTENT="skall"/><SP WIDTH="15" VPOS="478" HPOS="449"/>
							<String ID="string_100" HPOS="464" VPOS="479" WIDTH="5" HEIGHT="18" WC="0.96" CONTENT="i"/><SP WIDTH="15" VPOS="479" HPOS="469"/>
							<String ID="string_101" HPOS="484" VPOS="478" WIDTH="66" HEIGHT="26" WC="0.96" CONTENT="början"/><SP WIDTH="15" VPOS="478" HPOS="550"/>
							<String ID="string_102" HPOS="565" VPOS="480" WIDTH="38" HEIGHT="18" WC="0.93" CONTENT="och"/><SP WIDTH="14" VPOS="480" HPOS="603"/>
							<String ID="string_103" HPOS="617" VPOS="478" WIDTH="58" HEIGHT="20" WC="0.96" CONTENT="innan"/><SP WIDTH="14" VPOS="478" HPOS="675"/>
							<String ID="string_104" HPOS="689" VPOS="480" WIDTH="59" HEIGHT="19" WC="0.93" CONTENT="dessa"/><SP WIDTH="14" VPOS="480" HPOS="748"/>
							<String ID="string_105" HPOS="762" VPOS="480" WIDTH="52" HEIGHT="24" WC="0.93" CONTENT="prin-"/>
						</TextLine>
						<TextLine ID="line_13" HPOS="68" VPOS="504" WIDTH="746" HEIGHT="28">
							<String ID="string_106" HPOS="68" VPOS="505" WIDTH="65" HEIGHT="25" WC="0.91" CONTENT="cipers"/><SP WIDTH="14" VPOS="505" HPOS="133"/>
							<String ID="string_107" HPOS="147" VPOS="504" WIDTH="88" HEIGHT="26" WC="0.96" CONTENT="giltighet"/><SP WIDTH="14" VPOS="504" HPOS="235"/>
							<String ID="string_108" HPOS="249" VPOS="506" WIDTH="38" HEIGHT="18" WC="0.93" CONTENT="och"/><SP WIDTH="15" VPOS="506" HPOS="287"/>
							<String ID="string_109" HPOS="302" VPOS="505" WIDTH="122" HEIGHT="25" WC="0.85" CONTENT="gasnelighet"/><SP WIDTH="14" VPOS="505" HPOS="424"/>
							<String ID="string_110" HPOS="438" VPOS="505" WIDTH="64" HEIGHT="20" WC="0.95" CONTENT="blifvit"/><SP WIDTH="14" VPOS="505" HPOS="502"/>
							<String ID="string_111" HPOS="516" VPOS="506" WIDTH="117" HEIGHT="19" WC="0.93" CONTENT="allmännare"/><SP WIDTH="14" VPOS="506" HPOS="633"/>
							<String ID="string_112" HPOS="647" VPOS="506" WIDTH="88" HEIGHT="24" WC="0.87" CONTENT="insedda,"/><SP WIDTH="16" VPOS="506" HPOS="735"/>
							<String ID="string_113" HPOS="751" VPOS="508" WIDTH="63" HEIGHT="24" WC="0.84" CONTENT="emot-"/>
						</TextLine>
						<TextLine ID="line_14" HPOS="67" VPOS="531" WIDTH="745" HEIGHT="26">
							<String ID="string_114" HPOS="67" VPOS="533" WIDTH="54" HEIGHT="23" WC="0.93" CONTENT="tagas"/><SP WIDTH="22" VPOS="533" HPOS="121"/>
							<String ID="string_115" HPOS="143" VPOS="531" WIDTH="47" HEIGHT="19" WC="0.93" CONTENT="med"/><SP WIDTH="20" VPOS="531" HPOS="190"/>
							<String ID="string_116" HPOS="210" VPOS="532" WIDTH="133" HEIGHT="20" WC="0.92" CONTENT="misstroende"/><SP WIDTH="20" VPOS="532" HPOS="343"/>
							<String ID="string_117" HPOS="363" VPOS="531" WIDTH="24" HEIGHT="26" WC="0.93" CONTENT="pä"/><SP WIDTH="20" VPOS="531" HPOS="387"/>
							<String ID="string_118" HPOS="407" VPOS="531" WIDTH="70" HEIGHT="26" WC="0.92" CONTENT="mänga"/><SP WIDTH="15" VPOS="531" HPOS="477"/>
							<String ID="string_119" HPOS="492" VPOS="534" WIDTH="54" HEIGHT="18" WC="0.92" CONTENT="orter"/><SP WIDTH="14" VPOS="534" HPOS="546"/>
							<String ID="string_120" HPOS="560" VPOS="532" WIDTH="4" HEIGHT="19" WC="0.96" CONTENT="i"/><SP WIDTH="15" VPOS="532" HPOS="564"/>
							<String ID="string_121" HPOS="579" VPOS="532" WIDTH="73" HEIGHT="20" WC="0.89" CONTENT="landet."/><SP WIDTH="30" VPOS="532" HPOS="652"/>
							<String ID="string_122" HPOS="682" VPOS="532" WIDTH="95" HEIGHT="25" WC="0.90" CONTENT="Antagligt"/><SP WIDTH="14" VPOS="532" HPOS="777"/>
							<String ID="string_123" HPOS="791" VPOS="533" WIDTH="21" HEIGHT="19" WC="0.96" CONTENT="är"/>
						</TextLine>
						<TextLine ID="line_15" HPOS="67" VPOS="557" WIDTH="745" HEIGHT="27">
							<String ID="string_124" HPOS="67" VPOS="557" WIDTH="34" HEIGHT="20" WC="0.92" CONTENT="det"/><SP WIDTH="14" VPOS="557" HPOS="101"/>
							<String ID="string_125" HPOS="115" VPOS="558" WIDTH="47" HEIGHT="25" WC="0.95" CONTENT="ock,"/><SP WIDTH="15" VPOS="558" HPOS="162"/>
							<String ID="string_126" HPOS="177" VPOS="561" WIDTH="28" HEIGHT="17" WC="0.96" CONTENT="att"/><SP WIDTH="14" VPOS="561" HPOS="205"/>
							<String ID="string_127" HPOS="219" VPOS="558" WIDTH="54" HEIGHT="20" WC="0.96" CONTENT="detta"/><SP WIDTH="14" VPOS="558" HPOS="273"/>
							<String ID="string_128" HPOS="287" VPOS="558" WIDTH="133" HEIGHT="20" WC="0.96" CONTENT="misstroende"/><SP WIDTH="15" VPOS="558" HPOS="420"/>
							<String ID="string_129" HPOS="435" VPOS="559" WIDTH="64" HEIGHT="19" WC="0.93" CONTENT="skulle"/><SP WIDTH="13" VPOS="559" HPOS="499"/>
							<String ID="string_130" HPOS="512" VPOS="558" WIDTH="80" HEIGHT="26" WC="0.93" CONTENT="öfvergä"/><SP WIDTH="15" VPOS="558" HPOS="592"/>
							<String ID="string_131" HPOS="607" VPOS="558" WIDTH="25" HEIGHT="20" WC="0.93" CONTENT="till"/><SP WIDTH="15" VPOS="558" HPOS="632"/>
							<String ID="string_132" HPOS="647" VPOS="558" WIDTH="104" HEIGHT="26" WC="0.96" CONTENT="missnöje,"/><SP WIDTH="14" VPOS="558" HPOS="751"/>
							<String ID="string_133" HPOS="765" VPOS="559" WIDTH="47" HEIGHT="19" WC="0.96" CONTENT="om"/><SP WIDTH="-12" VPOS="559" HPOS="812"/>
							<String ID="string_134" HPOS="800" VPOS="553" WIDTH="16" HEIGHT="35" WC="0.96" CONTENT="i"/>
						</TextLine>
						<TextLine ID="line_16" HPOS="68" VPOS="584" WIDTH="744" HEIGHT="26">
							<String ID="string_135" HPOS="68" VPOS="584" WIDTH="137" HEIGHT="26" WC="0.95" CONTENT="författningen"/><SP WIDTH="16" VPOS="584" HPOS="205"/>
							<String ID="string_136" HPOS="221" VPOS="585" WIDTH="63" HEIGHT="25" WC="0.96" CONTENT="ingick"/><SP WIDTH="15" VPOS="585" HPOS="284"/>
							<String ID="string_137" HPOS="299" VPOS="584" WIDTH="66" HEIGHT="26" WC="0.96" CONTENT="påbud"/><SP WIDTH="14" VPOS="584" HPOS="365"/>
							<String ID="string_138" HPOS="379" VPOS="590" WIDTH="34" HEIGHT="14" WC="0.93" CONTENT="om"/><SP WIDTH="14" VPOS="590" HPOS="413"/>
							<String ID="string_139" HPOS="427" VPOS="585" WIDTH="128" HEIGHT="20" WC="0.90" CONTENT="densammas"/><SP WIDTH="10" VPOS="585" HPOS="555"/>
							<String ID="string_140" HPOS="565" VPOS="585" WIDTH="113" HEIGHT="25" WC="0.92" CONTENT="ovilkorliga"/><SP WIDTH="10" VPOS="585" HPOS="678"/>
							<String ID="string_141" HPOS="688" VPOS="585" WIDTH="124" HEIGHT="20" WC="0.88" CONTENT="efterlefnad."/>
						</TextLine>
						<TextLine ID="line_17" HPOS="68" VPOS="611" WIDTH="744" HEIGHT="26">
							<String ID="string_142" HPOS="68" VPOS="611" WIDTH="29" HEIGHT="19" WC="0.95" CONTENT="De"/><SP WIDTH="14" VPOS="611" HPOS="97"/>
							<String ID="string_143" HPOS="111" VPOS="611" WIDTH="164" HEIGHT="25" WC="0.94" CONTENT="inskränkningar"/><SP WIDTH="14" VPOS="611" HPOS="275"/>
							<String ID="string_144" HPOS="289" VPOS="612" WIDTH="5" HEIGHT="18" WC="0.96" CONTENT="i"/><SP WIDTH="18" VPOS="612" HPOS="294"/>
							<String ID="string_145" HPOS="312" VPOS="612" WIDTH="148" HEIGHT="24" WC="0.96" CONTENT="författningens"/><SP WIDTH="16" VPOS="612" HPOS="460"/>
							<String ID="string_146" HPOS="476" VPOS="612" WIDTH="130" HEIGHT="25" WC="0.58" CONTENT="tillämpning,"/><SP WIDTH="19" VPOS="612" HPOS="606"/>
							<String ID="string_147" HPOS="625" VPOS="612" WIDTH="76" HEIGHT="19" WC="0.85" CONTENT="hvartill"/><SP WIDTH="16" VPOS="612" HPOS="701"/>
							<String ID="string_148" HPOS="717" VPOS="611" WIDTH="95" HEIGHT="26" WC="0.92" CONTENT="ifrågava-"/>
						</TextLine>
						<TextLine ID="line_18" HPOS="68" VPOS="637" WIDTH="742" HEIGHT="27">
							<String ID="string_149" HPOS="68" VPOS="638" WIDTH="59" HEIGHT="19" WC="0.96" CONTENT="rande"/><SP WIDTH="15" VPOS="638" HPOS="127"/>
							<String ID="string_150" HPOS="142" VPOS="638" WIDTH="62" HEIGHT="24" WC="0.94" CONTENT="punkt"/><SP WIDTH="14" VPOS="638" HPOS="204"/>
							<String ID="string_151" HPOS="218" VPOS="638" WIDTH="84" HEIGHT="20" WC="0.69" CONTENT="bereder"/><SP WIDTH="14" VPOS="638" HPOS="302"/>
							<String ID="string_152" HPOS="316" VPOS="639" WIDTH="66" HEIGHT="24" WC="0.87" CONTENT="utväg,"/><SP WIDTH="14" VPOS="639" HPOS="382"/>
							<String ID="string_153" HPOS="396" VPOS="638" WIDTH="64" HEIGHT="20" WC="0.96" CONTENT="måste"/><SP WIDTH="10" VPOS="638" HPOS="460"/>
							<String ID="string_154" HPOS="470" VPOS="637" WIDTH="118" HEIGHT="26" WC="0.96" CONTENT="följaktligen"/><SP WIDTH="11" VPOS="637" HPOS="588"/>
							<String ID="string_155" HPOS="599" VPOS="644" WIDTH="61" HEIGHT="20" WC="0.96" CONTENT="synas"/><SP WIDTH="10" VPOS="644" HPOS="660"/>
							<String ID="string_156" HPOS="670" VPOS="639" WIDTH="30" HEIGHT="19" WC="0.93" CONTENT="väl"/><SP WIDTH="11" VPOS="639" HPOS="700"/>
							<String ID="string_157" HPOS="711" VPOS="638" WIDTH="99" HEIGHT="20" WC="0.92" CONTENT="betänkta."/>
						</TextLine>
						<TextLine ID="line_19" HPOS="67" VPOS="664" WIDTH="745" HEIGHT="26">
							<String ID="string_158" HPOS="67" VPOS="664" WIDTH="111" HEIGHT="25" WC="0.92" CONTENT="Egofreden"/><SP WIDTH="21" VPOS="664" HPOS="178"/>
							<String ID="string_159" HPOS="199" VPOS="665" WIDTH="38" HEIGHT="19" WC="0.89" CONTENT="och"/><SP WIDTH="18" VPOS="665" HPOS="237"/>
							<String ID="string_160" HPOS="255" VPOS="664" WIDTH="183" HEIGHT="26" WC="0.89" CONTENT="stängselbesväret"/><SP WIDTH="13" VPOS="664" HPOS="438"/>
							<String ID="string_161" HPOS="451" VPOS="667" WIDTH="34" HEIGHT="18" WC="0.96" CONTENT="äro"/><SP WIDTH="14" VPOS="667" HPOS="485"/>
							<String ID="string_162" HPOS="499" VPOS="664" WIDTH="38" HEIGHT="20" WC="0.96" CONTENT="ock"/><SP WIDTH="13" VPOS="664" HPOS="537"/>
							<String ID="string_163" HPOS="550" VPOS="665" WIDTH="168" HEIGHT="25" WC="0.81" CONTENT="angelägenheter,"/><SP WIDTH="17" VPOS="665" HPOS="718"/>
							<String ID="string_164" HPOS="735" VPOS="664" WIDTH="77" HEIGHT="21" WC="0.96" CONTENT="hvilkas"/>
						</TextLine>
						<TextLine ID="line_20" HPOS="68" VPOS="690" WIDTH="744" HEIGHT="26">
							<String ID="string_165" HPOS="68" VPOS="690" WIDTH="100" HEIGHT="20" WC="0.96" CONTENT="ordnande"/><SP WIDTH="15" VPOS="690" HPOS="168"/>
							<String ID="string_166" HPOS="183" VPOS="691" WIDTH="20" HEIGHT="20" WC="0.96" CONTENT="sä"/><SP WIDTH="16" VPOS="691" HPOS="203"/>
							<String ID="string_167" HPOS="219" VPOS="692" WIDTH="82" HEIGHT="24" WC="0.93" CONTENT="mycket"/><SP WIDTH="14" VPOS="692" HPOS="301"/>
							<String ID="string_168" HPOS="315" VPOS="691" WIDTH="62" HEIGHT="20" WC="0.83" CONTENT="hetlre"/><SP WIDTH="13" VPOS="691" HPOS="377"/>
							<String ID="string_169" HPOS="390" VPOS="691" WIDTH="36" HEIGHT="20" WC="0.96" CONTENT="bör"/><SP WIDTH="8" VPOS="691" HPOS="426"/>
							<String ID="string_170" HPOS="434" VPOS="691" WIDTH="66" HEIGHT="20" WC="0.93" CONTENT="kunna"/><SP WIDTH="8" VPOS="691" HPOS="500"/>
							<String ID="string_171" HPOS="508" VPOS="691" WIDTH="108" HEIGHT="20" WC="0.89" CONTENT="öfverlåtas"/><SP WIDTH="8" VPOS="691" HPOS="616"/>
							<String ID="string_172" HPOS="624" VPOS="692" WIDTH="27" HEIGHT="18" WC="0.47" CONTENT="tii"/><SP WIDTH="9" VPOS="692" HPOS="651"/>
							<String ID="string_173" HPOS="660" VPOS="691" WIDTH="152" HEIGHT="25" WC="0.92" CONTENT="kommunerne,"/>
						</TextLine>
						<TextLine ID="line_21" HPOS="67" VPOS="717" WIDTH="746" HEIGHT="26">
							<String ID="string_174" HPOS="67" VPOS="722" WIDTH="44" HEIGHT="14" WC="0.96" CONTENT="som"/><SP WIDTH="15" VPOS="722" HPOS="111"/>
							<String ID="string_175" HPOS="126" VPOS="717" WIDTH="50" HEIGHT="20" WC="0.93" CONTENT="olika"/><SP WIDTH="14" VPOS="717" HPOS="176"/>
							<String ID="string_176" HPOS="190" VPOS="718" WIDTH="128" HEIGHT="19" WC="0.80" CONTENT="landsorters:"/><SP WIDTH="10" VPOS="718" HPOS="318"/>
							<String ID="string_177" HPOS="328" VPOS="717" WIDTH="50" HEIGHT="20" WC="0.91" CONTENT="olika"/><SP WIDTH="19" VPOS="717" HPOS="378"/>
							<String ID="string_178" HPOS="397" VPOS="718" WIDTH="60" HEIGHT="19" WC="0.91" CONTENT="behof"/><SP WIDTH="15" VPOS="718" HPOS="457"/>
							<String ID="string_179" HPOS="472" VPOS="721" WIDTH="53" HEIGHT="17" WC="0.93" CONTENT="samt"/><SP WIDTH="15" VPOS="721" HPOS="525"/>
							<String ID="string_180" HPOS="540" VPOS="717" WIDTH="111" HEIGHT="26" WC="0.93" CONTENT="skiljaktiga"/><SP WIDTH="13" VPOS="717" HPOS="651"/>
							<String ID="string_181" HPOS="664" VPOS="720" WIDTH="39" HEIGHT="16" WC="0.93" CONTENT="ort-"/><SP WIDTH="15" VPOS="720" HPOS="703"/>
							<String ID="string_182" HPOS="718" VPOS="719" WIDTH="38" HEIGHT="19" WC="0.93" CONTENT="och"/><SP WIDTH="14" VPOS="719" HPOS="756"/>
							<String ID="string_183" HPOS="770" VPOS="718" WIDTH="43" HEIGHT="19" WC="0.90" CONTENT="kul-"/>
						</TextLine>
						<TextLine ID="line_22" HPOS="68" VPOS="743" WIDTH="744" HEIGHT="26">
							<String ID="string_184" HPOS="68" VPOS="743" WIDTH="171" HEIGHT="26" WC="0.69" CONTENT="turförhällanden,"/><SP WIDTH="17" VPOS="743" HPOS="239"/>
							<String ID="string_185" HPOS="256" VPOS="744" WIDTH="74" HEIGHT="20" WC="0.90" CONTENT="äfven:i"/><SP WIDTH="9" VPOS="744" HPOS="330"/>
							<String ID="string_186" HPOS="339" VPOS="746" WIDTH="28" HEIGHT="18" WC="0.95" CONTENT="ett"/><SP WIDTH="10" VPOS="746" HPOS="367"/>
							<String ID="string_187" HPOS="377" VPOS="744" WIDTH="76" HEIGHT="20" WC="0.93" CONTENT="mindre"/><SP WIDTH="10" VPOS="744" HPOS="453"/>
							<String ID="string_188" HPOS="463" VPOS="744" WIDTH="109" HEIGHT="20" WC="0.96" CONTENT="vidsträckt"/><SP WIDTH="9" VPOS="744" HPOS="572"/>
							<String ID="string_189" HPOS="581" VPOS="745" WIDTH="45" HEIGHT="19" WC="0.90" CONTENT="land"/><SP WIDTH="10" VPOS="745" HPOS="626"/>
							<String ID="string_190" HPOS="636" VPOS="746" WIDTH="24" HEIGHT="18" WC="0.97" CONTENT="än"/><SP WIDTH="9" VPOS="746" HPOS="660"/>
							<String ID="string_191" HPOS="669" VPOS="744" WIDTH="85" HEIGHT="25" WC="0.93" CONTENT="Finland,"/><SP WIDTH="14" VPOS="744" HPOS="754"/>
							<String ID="string_192" HPOS="768" VPOS="744" WIDTH="44" HEIGHT="20" WC="0.96" CONTENT="icke"/>
						</TextLine>
						<TextLine ID="line_23" HPOS="67" VPOS="770" WIDTH="745" HEIGHT="27">
							<String ID="string_193" HPOS="67" VPOS="770" WIDTH="65" HEIGHT="21" WC="0.89" CONTENT="kunna"/><SP WIDTH="20" VPOS="770" HPOS="132"/>
							<String ID="string_194" HPOS="152" VPOS="771" WIDTH="8" HEIGHT="19" WC="0.93" CONTENT="i"/><SP WIDTH="19" VPOS="771" HPOS="160"/>
							<String ID="string_195" HPOS="179" VPOS="771" WIDTH="38" HEIGHT="20" WC="0.94" CONTENT="den"/><SP WIDTH="20" VPOS="771" HPOS="217"/>
							<String ID="string_196" HPOS="237" VPOS="772" WIDTH="97" HEIGHT="19" WC="0.65" CONTENT="allmänna"/><SP WIDTH="20" VPOS="772" HPOS="334"/>
							<String ID="string_197" HPOS="354" VPOS="771" WIDTH="144" HEIGHT="26" WC="0.95" CONTENT="lagstiftningen"/><SP WIDTH="17" VPOS="771" HPOS="498"/>
							<String ID="string_198" HPOS="515" VPOS="771" WIDTH="6" HEIGHT="19" WC="0.93" CONTENT="i"/><SP WIDTH="17" VPOS="771" HPOS="521"/>
							<String ID="string_199" HPOS="538" VPOS="772" WIDTH="66" HEIGHT="18" WC="0.96" CONTENT="ämnet"/><SP WIDTH="14" VPOS="772" HPOS="604"/>
							<String ID="string_200" HPOS="618" VPOS="772" WIDTH="59" HEIGHT="18" WC="0.96" CONTENT="vinna"/><SP WIDTH="13" VPOS="772" HPOS="677"/>
							<String ID="string_201" HPOS="690" VPOS="771" WIDTH="34" HEIGHT="19" WC="0.96" CONTENT="allt"/><SP WIDTH="13" VPOS="771" HPOS="724"/>
							<String ID="string_202" HPOS="737" VPOS="771" WIDTH="33" HEIGHT="19" WC="0.93" CONTENT="det"/><SP WIDTH="14" VPOS="771" HPOS="770"/>
							<String ID="string_203" HPOS="784" VPOS="771" WIDTH="28" HEIGHT="19" WC="0.93" CONTENT="af-"/>
						</TextLine>
						<TextLine ID="line_24" HPOS="67" VPOS="797" WIDTH="746" HEIGHT="26">
							<String ID="string_204" HPOS="67" VPOS="798" WIDTH="80" HEIGHT="24" WC="0.74" CONTENT="seende,"/><SP WIDTH="17" VPOS="798" HPOS="147"/>
							<String ID="string_205" HPOS="164" VPOS="803" WIDTH="45" HEIGHT="14" WC="0.96" CONTENT="som"/><SP WIDTH="2" VPOS="803" HPOS="209"/>
							<String ID="string_206" HPOS="211" VPOS="793" WIDTH="20" HEIGHT="34" WC="0.95" CONTENT="de"/><SP WIDTH="16" VPOS="793" HPOS="231"/>
							<String ID="string_207" HPOS="247" VPOS="798" WIDTH="10" HEIGHT="19" WC="0.96" CONTENT="i"/><SP WIDTH="13" VPOS="798" HPOS="257"/>
							<String ID="string_208" HPOS="270" VPOS="797" WIDTH="72" HEIGHT="25" WC="0.96" CONTENT="sjelfva"/><SP WIDTH="13" VPOS="797" HPOS="342"/>
							<String ID="string_209" HPOS="355" VPOS="797" WIDTH="72" HEIGHT="20" WC="0.93" CONTENT="verket"/><SP WIDTH="13" VPOS="797" HPOS="427"/>
							<String ID="string_210" HPOS="440" VPOS="798" WIDTH="89" HEIGHT="25" WC="0.92" CONTENT="förtjena."/><SP WIDTH="22" VPOS="798" HPOS="529"/>
							<String ID="string_211" HPOS="551" VPOS="798" WIDTH="65" HEIGHT="24" WC="0.93" CONTENT="Enligt"/><SP WIDTH="9" VPOS="798" HPOS="616"/>
							<String ID="string_212" HPOS="625" VPOS="797" WIDTH="111" HEIGHT="21" WC="0.93" CONTENT="Utskottets"/><SP WIDTH="12" VPOS="797" HPOS="736"/>
							<String ID="string_213" HPOS="748" VPOS="798" WIDTH="65" HEIGHT="19" WC="0.77" CONTENT="ölver-"/>
						</TextLine>
						<TextLine ID="line_25" HPOS="68" VPOS="824" WIDTH="746" HEIGHT="26">
							<String ID="string_214" HPOS="68" VPOS="824" WIDTH="79" HEIGHT="26" WC="0.92" CONTENT="tygelse"/><SP WIDTH="12" VPOS="824" HPOS="147"/>
							<String ID="string_215" HPOS="159" VPOS="827" WIDTH="22" HEIGHT="17" WC="0.93" CONTENT="är"/><SP WIDTH="10" VPOS="827" HPOS="181"/>
							<String ID="string_216" HPOS="191" VPOS="824" WIDTH="62" HEIGHT="20" WC="0.96" CONTENT="också"/><SP WIDTH="10" VPOS="824" HPOS="253"/>
							<String ID="string_217" HPOS="263" VPOS="824" WIDTH="38" HEIGHT="21" WC="0.94" CONTENT="den"/><SP WIDTH="10" VPOS="824" HPOS="301"/>
							<String ID="string_218" HPOS="311" VPOS="824" WIDTH="29" HEIGHT="20" WC="0.96" CONTENT="tid"/><SP WIDTH="9" VPOS="824" HPOS="340"/>
							<String ID="string_219" HPOS="349" VPOS="824" WIDTH="62" HEIGHT="20" WC="0.93" CONTENT="redan"/><SP WIDTH="8" VPOS="824" HPOS="411"/>
							<String ID="string_220" HPOS="419" VPOS="825" WIDTH="51" HEIGHT="25" WC="0.95" CONTENT="inne,"/><SP WIDTH="11" VPOS="825" HPOS="470"/>
							<String ID="string_221" HPOS="481" VPOS="824" WIDTH="25" HEIGHT="20" WC="0.96" CONTENT="dä"/><SP WIDTH="11" VPOS="824" HPOS="506"/>
							<String ID="string_222" HPOS="517" VPOS="824" WIDTH="20" HEIGHT="20" WC="0.93" CONTENT="ät"/><SP WIDTH="10" VPOS="824" HPOS="537"/>
							<String ID="string_223" HPOS="547" VPOS="824" WIDTH="127" HEIGHT="25" WC="0.95" CONTENT="kommunen,"/><SP WIDTH="12" VPOS="824" HPOS="674"/>
							<String ID="string_224" HPOS="686" VPOS="829" WIDTH="46" HEIGHT="15" WC="0.89" CONTENT="som"/><SP WIDTH="7" VPOS="829" HPOS="732"/>
							<String ID="string_225" HPOS="739" VPOS="824" WIDTH="75" HEIGHT="20" WC="0.89" CONTENT="onekli-"/>
						</TextLine>
						<TextLine ID="line_26" HPOS="67" VPOS="850" WIDTH="747" HEIGHT="27">
							<String ID="string_226" HPOS="67" VPOS="857" WIDTH="37" HEIGHT="20" WC="0.96" CONTENT="gen"/><SP WIDTH="15" VPOS="857" HPOS="104"/>
							<String ID="string_227" HPOS="119" VPOS="850" WIDTH="45" HEIGHT="20" WC="0.96" CONTENT="bäst"/><SP WIDTH="13" VPOS="850" HPOS="164"/>
							<String ID="string_228" HPOS="177" VPOS="851" WIDTH="38" HEIGHT="20" WC="0.93" CONTENT="kan"/><SP WIDTH="14" VPOS="851" HPOS="215"/>
							<String ID="string_229" HPOS="229" VPOS="851" WIDTH="69" HEIGHT="25" WC="0.95" CONTENT="döma,"/><SP WIDTH="14" VPOS="851" HPOS="298"/>
							<String ID="string_230" HPOS="312" VPOS="852" WIDTH="52" HEIGHT="19" WC="0.94" CONTENT="huru"/><SP WIDTH="14" VPOS="852" HPOS="364"/>
							<String ID="string_231" HPOS="378" VPOS="851" WIDTH="39" HEIGHT="20" WC="0.96" CONTENT="och"/><SP WIDTH="14" VPOS="851" HPOS="417"/>
							<String ID="string_232" HPOS="431" VPOS="857" WIDTH="71" HEIGHT="20" WC="0.93" CONTENT="genom"/><SP WIDTH="13" VPOS="857" HPOS="502"/>
							<String ID="string_233" HPOS="515" VPOS="851" WIDTH="67" HEIGHT="21" WC="0.96" CONTENT="hvilka"/><SP WIDTH="14" VPOS="851" HPOS="582"/>
							<String ID="string_234" HPOS="596" VPOS="851" WIDTH="65" HEIGHT="21" WC="0.95" CONTENT="medel"/><SP WIDTH="12" VPOS="851" HPOS="661"/>
							<String ID="string_235" HPOS="673" VPOS="854" WIDTH="75" HEIGHT="17" WC="0.93" CONTENT="hennes"/><SP WIDTH="10" VPOS="854" HPOS="748"/>
							<String ID="string_236" HPOS="758" VPOS="850" WIDTH="56" HEIGHT="21" WC="0.92" CONTENT="med-"/>
						</TextLine>
						<TextLine ID="line_27" HPOS="67" VPOS="877" WIDTH="747" HEIGHT="30">
							<String ID="string_237" HPOS="67" VPOS="878" WIDTH="94" HEIGHT="20" WC="0.91" CONTENT="lemmars"/><SP WIDTH="22" VPOS="878" HPOS="161"/>
							<String ID="string_238" HPOS="183" VPOS="878" WIDTH="56" HEIGHT="20" WC="0.93" CONTENT="bästa"/><SP WIDTH="20" VPOS="878" HPOS="239"/>
							<String ID="string_239" HPOS="259" VPOS="879" WIDTH="79" HEIGHT="19" WC="0.96" CONTENT="säkrast"/><SP WIDTH="18" VPOS="879" HPOS="338"/>
							<String ID="string_240" HPOS="356" VPOS="879" WIDTH="38" HEIGHT="19" WC="0.93" CONTENT="och"/><SP WIDTH="18" VPOS="879" HPOS="394"/>
							<String ID="string_241" HPOS="412" VPOS="879" WIDTH="143" HEIGHT="25" WC="0.33" CONTENT="fullständigast."/><SP WIDTH="16" VPOS="879" HPOS="555"/>
							<String ID="string_242" HPOS="571" VPOS="878" WIDTH="48" HEIGHT="20" WC="0.81" CONTENT="skall"/><SP WIDTH="15" VPOS="878" HPOS="619"/>
							<String ID="string_243" HPOS="634" VPOS="877" WIDTH="86" HEIGHT="30" WC="0.96" CONTENT="uppnås,"/><SP WIDTH="17" VPOS="877" HPOS="720"/>
							<String ID="string_244" HPOS="737" VPOS="878" WIDTH="35" HEIGHT="20" WC="0.93" CONTENT="bör"/><SP WIDTH="14" VPOS="878" HPOS="772"/>
							<String ID="string_245" HPOS="786" VPOS="878" WIDTH="28" HEIGHT="19" WC="0.92" CONTENT="in-"/>
						</TextLine>
						<TextLine ID="line_28" HPOS="68" VPOS="904" WIDTH="745" HEIGHT="27">
							<String ID="string_246" HPOS="68" VPOS="910" WIDTH="89" HEIGHT="14" WC="0.96" CONTENT="rymmas"/><SP WIDTH="16" VPOS="910" HPOS="157"/>
							<String ID="string_247" HPOS="173" VPOS="905" WIDTH="32" HEIGHT="19" WC="0.96" CONTENT="allt"/><SP WIDTH="14" VPOS="905" HPOS="205"/>
							<String ID="string_248" HPOS="219" VPOS="906" WIDTH="33" HEIGHT="18" WC="0.93" CONTENT="det"/><SP WIDTH="15" VPOS="906" HPOS="252"/>
							<String ID="string_249" HPOS="267" VPOS="905" WIDTH="105" HEIGHT="26" WC="0.96" CONTENT="inflytande"/><SP WIDTH="14" VPOS="905" HPOS="372"/>
							<String ID="string_250" HPOS="386" VPOS="904" WIDTH="25" HEIGHT="26" WC="0.93" CONTENT="pä"/><SP WIDTH="15" VPOS="904" HPOS="411"/>
							<String ID="string_251" HPOS="426" VPOS="905" WIDTH="158" HEIGHT="25" WC="0.26" CONTENT="lagstiftningens"/><SP WIDTH="10" VPOS="905" HPOS="584"/>
							<String ID="string_252" HPOS="594" VPOS="905" WIDTH="90" HEIGHT="25" WC="0.96" CONTENT="detaljer,"/><SP WIDTH="10" VPOS="905" HPOS="684"/>
							<String ID="string_253" HPOS="694" VPOS="904" WIDTH="119" HEIGHT="20" WC="0.85" CONTENT="kommuner"/>
						</TextLine>
						<TextLine ID="line_29" HPOS="67" VPOS="930" WIDTH="746" HEIGHT="28">
							<String ID="string_254" HPOS="67" VPOS="932" WIDTH="96" HEIGHT="24" WC="0.88" CONTENT="sjelffallet"/><SP WIDTH="14" VPOS="932" HPOS="163"/>
							<String ID="string_255" HPOS="177" VPOS="932" WIDTH="36" HEIGHT="19" WC="0.93" CONTENT="bör"/><SP WIDTH="14" VPOS="932" HPOS="213"/>
							<String ID="string_256" HPOS="227" VPOS="937" WIDTH="36" HEIGHT="21" WC="0.93" CONTENT="ega"/><SP WIDTH="14" VPOS="937" HPOS="263"/>
							<String ID="string_257" HPOS="277" VPOS="933" WIDTH="39" HEIGHT="18" WC="0.92" CONTENT="och"/><SP WIDTH="14" VPOS="933" HPOS="316"/>
							<String ID="string_258" HPOS="330" VPOS="932" WIDTH="74" HEIGHT="20" WC="0.87" CONTENT="utöfva."/><SP WIDTH="22" VPOS="932" HPOS="404"/>
							<String ID="string_259" HPOS="426" VPOS="932" WIDTH="102" HEIGHT="19" WC="0.96" CONTENT="Utskottet"/><SP WIDTH="9" VPOS="932" HPOS="528"/>
							<String ID="string_260" HPOS="537" VPOS="932" WIDTH="36" HEIGHT="18" WC="0.93" CONTENT="har"/><SP WIDTH="9" VPOS="932" HPOS="573"/>
							<String ID="string_261" HPOS="582" VPOS="930" WIDTH="117" HEIGHT="27" WC="0.93" CONTENT="följaktligen"/><SP WIDTH="10" VPOS="930" HPOS="699"/>
							<String ID="string_262" HPOS="709" VPOS="931" WIDTH="45" HEIGHT="19" WC="0.88" CONTENT="ieke"/><SP WIDTH="8" VPOS="931" HPOS="754"/>
							<String ID="string_263" HPOS="762" VPOS="931" WIDTH="51" HEIGHT="19" WC="0.82" CONTENT="kun-"/>
						</TextLine>
						<TextLine ID="line_30" HPOS="66" VPOS="958" WIDTH="747" HEIGHT="26">
							<String ID="string_264" HPOS="66" VPOS="960" WIDTH="34" HEIGHT="17" WC="0.95" CONTENT="nat"/><SP WIDTH="13" VPOS="960" HPOS="100"/>
							<String ID="string_265" HPOS="113" VPOS="961" WIDTH="56" HEIGHT="17" WC="0.96" CONTENT="annat"/><SP WIDTH="16" VPOS="961" HPOS="169"/>
							<String ID="string_266" HPOS="185" VPOS="960" WIDTH="25" HEIGHT="18" WC="0.96" CONTENT="än"/><SP WIDTH="13" VPOS="960" HPOS="210"/>
							<String ID="string_267" HPOS="223" VPOS="958" WIDTH="52" HEIGHT="20" WC="0.93" CONTENT="finna"/><SP WIDTH="14" VPOS="958" HPOS="275"/>
							<String ID="string_268" HPOS="289" VPOS="958" WIDTH="82" HEIGHT="20" WC="0.79" CONTENT="de&#39;skäl"/><SP WIDTH="15" VPOS="958" HPOS="371"/>
							<String ID="string_269" HPOS="386" VPOS="958" WIDTH="155" HEIGHT="26" WC="0.91" CONTENT="öfvervägande,"/><SP WIDTH="15" VPOS="958" HPOS="541"/>
							<String ID="string_270" HPOS="556" VPOS="958" WIDTH="67" HEIGHT="19" WC="0.95" CONTENT="hvilka"/><SP WIDTH="14" VPOS="958" HPOS="623"/>
							<String ID="string_271" HPOS="637" VPOS="958" WIDTH="36" HEIGHT="20" WC="0.95" CONTENT="tala"/><SP WIDTH="15" VPOS="958" HPOS="673"/>
							<String ID="string_272" HPOS="688" VPOS="958" WIDTH="32" HEIGHT="18" WC="0.93" CONTENT="för"/><SP WIDTH="7" VPOS="958" HPOS="720"/>
							<String ID="string_273" HPOS="727" VPOS="958" WIDTH="86" HEIGHT="24" WC="0.83" CONTENT="godkän-"/>
						</TextLine>
						<TextLine ID="line_31" HPOS="67" VPOS="984" WIDTH="746" HEIGHT="26">
							<String ID="string_274" HPOS="67" VPOS="985" WIDTH="73" HEIGHT="19" WC="0.89" CONTENT="nandet"/><SP WIDTH="14" VPOS="985" HPOS="140"/>
							<String ID="string_275" HPOS="154" VPOS="985" WIDTH="20" HEIGHT="19" WC="0.89" CONTENT="af"/><SP WIDTH="12" VPOS="985" HPOS="174"/>
							<String ID="string_276" HPOS="186" VPOS="985" WIDTH="154" HEIGHT="25" WC="0.69" CONTENT="grundtanken:i"/><SP WIDTH="15" VPOS="985" HPOS="340"/>
							<String ID="string_277" HPOS="355" VPOS="984" WIDTH="147" HEIGHT="26" WC="0.96" CONTENT="ifrågavarande"/><SP WIDTH="14" VPOS="984" HPOS="502"/>
							<String ID="string_278" HPOS="516" VPOS="984" WIDTH="72" HEIGHT="26" WC="0.90" CONTENT="punki."/><SP WIDTH="15" VPOS="984" HPOS="588"/>
							<String ID="string_279" HPOS="603" VPOS="996" WIDTH="25" HEIGHT="3" WC="0.91" CONTENT="—"/><SP WIDTH="14" VPOS="996" HPOS="628"/>
							<String ID="string_280" HPOS="642" VPOS="985" WIDTH="94" HEIGHT="19" WC="0.92" CONTENT="Deremot"/><SP WIDTH="11" VPOS="985" HPOS="736"/>
							<String ID="string_281" HPOS="747" VPOS="986" WIDTH="22" HEIGHT="18" WC="0.93" CONTENT="är"/><SP WIDTH="9" VPOS="986" HPOS="769"/>
							<String ID="string_282" HPOS="778" VPOS="984" WIDTH="35" HEIGHT="20" WC="0.93" CONTENT="Ut-"/>
						</TextLine>
						<TextLine ID="line_32" HPOS="68" VPOS="1010" WIDTH="745" HEIGHT="26">
							<String ID="string_283" HPOS="68" VPOS="1010" WIDTH="73" HEIGHT="20" WC="0.96" CONTENT="skottet"/><SP WIDTH="15" VPOS="1010" HPOS="141"/>
							<String ID="string_284" HPOS="156" VPOS="1011" WIDTH="43" HEIGHT="19" WC="0.96" CONTENT="icke"/><SP WIDTH="13" VPOS="1011" HPOS="199"/>
							<String ID="string_285" HPOS="212" VPOS="1012" WIDTH="5" HEIGHT="18" WC="0.93" CONTENT="i"/><SP WIDTH="14" VPOS="1012" HPOS="217"/>
							<String ID="string_286" HPOS="231" VPOS="1012" WIDTH="73" HEIGHT="19" WC="0.96" CONTENT="tillfälle"/><SP WIDTH="15" VPOS="1012" HPOS="304"/>
							<String ID="string_287" HPOS="319" VPOS="1013" WIDTH="28" HEIGHT="17" WC="0.93" CONTENT="att"/><SP WIDTH="14" VPOS="1013" HPOS="347"/>
							<String ID="string_288" HPOS="361" VPOS="1012" WIDTH="108" HEIGHT="19" WC="0.89" CONTENT="framställa"/><SP WIDTH="14" VPOS="1012" HPOS="469"/>
							<String ID="string_289" HPOS="483" VPOS="1017" WIDTH="25" HEIGHT="14" WC="0.96" CONTENT="en"/><SP WIDTH="14" VPOS="1017" HPOS="508"/>
							<String ID="string_290" HPOS="522" VPOS="1011" WIDTH="91" HEIGHT="20" WC="0.88" CONTENT="bestämd"/><SP WIDTH="14" VPOS="1011" HPOS="613"/>
							<String ID="string_291" HPOS="627" VPOS="1010" WIDTH="50" HEIGHT="26" WC="0.88" CONTENT="äsigt"/><SP WIDTH="14" VPOS="1010" HPOS="677"/>
							<String ID="string_292" HPOS="691" VPOS="1010" WIDTH="122" HEIGHT="20" WC="0.95" CONTENT="beträffande"/>
						</TextLine>
						<TextLine ID="line_33" HPOS="68" VPOS="1036" WIDTH="745" HEIGHT="28">
							<String ID="string_293" HPOS="68" VPOS="1037" WIDTH="62" HEIGHT="20" WC="0.79" CONTENT="denna"/><SP WIDTH="24" VPOS="1037" HPOS="130"/>
							<String ID="string_294" HPOS="154" VPOS="1038" WIDTH="134" HEIGHT="24" WC="0.79" CONTENT="grundtankes"/><SP WIDTH="23" VPOS="1038" HPOS="288"/>
							<String ID="string_295" HPOS="311" VPOS="1038" WIDTH="118" HEIGHT="25" WC="0.95" CONTENT="tillämpning"/><SP WIDTH="23" VPOS="1038" HPOS="429"/>
							<String ID="string_296" HPOS="452" VPOS="1038" WIDTH="38" HEIGHT="19" WC="0.91" CONTENT="och"/><SP WIDTH="21" VPOS="1038" HPOS="490"/>
							<String ID="string_297" HPOS="511" VPOS="1038" WIDTH="158" HEIGHT="26" WC="0.95" CONTENT="genomförande."/><SP WIDTH="32" VPOS="1038" HPOS="669"/>
							<String ID="string_298" HPOS="701" VPOS="1036" WIDTH="112" HEIGHT="20" WC="0.93" CONTENT="Utskottets"/>
						</TextLine>
						<TextLine ID="line_34" HPOS="68" VPOS="1063" WIDTH="744" HEIGHT="27">
							<String ID="string_299" HPOS="68" VPOS="1064" WIDTH="130" HEIGHT="20" WC="0.95" CONTENT="medlemmar"/><SP WIDTH="21" VPOS="1064" HPOS="198"/>
							<String ID="string_300" HPOS="219" VPOS="1065" WIDTH="20" HEIGHT="19" WC="0.93" CONTENT="af"/><SP WIDTH="20" VPOS="1065" HPOS="239"/>
							<String ID="string_301" HPOS="259" VPOS="1064" WIDTH="33" HEIGHT="20" WC="0.90" CONTENT="två"/><SP WIDTH="14" VPOS="1064" HPOS="292"/>
							<String ID="string_302" HPOS="306" VPOS="1063" WIDTH="60" HEIGHT="21" WC="0.92" CONTENT="&#39;ständ"/><SP WIDTH="18" VPOS="1063" HPOS="366"/>
							<String ID="string_303" HPOS="384" VPOS="1065" WIDTH="59" HEIGHT="19" WC="0.92" CONTENT="hafva"/><SP WIDTH="14" VPOS="1065" HPOS="443"/>
							<String ID="string_304" HPOS="457" VPOS="1065" WIDTH="97" HEIGHT="25" WC="0.91" CONTENT="nemligen"/><SP WIDTH="13" VPOS="1065" HPOS="554"/>
							<String ID="string_305" HPOS="567" VPOS="1064" WIDTH="91" HEIGHT="26" WC="0.95" CONTENT="enhälligt"/><SP WIDTH="14" VPOS="1064" HPOS="658"/>
							<String ID="string_306" HPOS="672" VPOS="1064" WIDTH="89" HEIGHT="19" WC="0.96" CONTENT="omfattat"/><SP WIDTH="14" VPOS="1064" HPOS="761"/>
							<String ID="string_307" HPOS="775" VPOS="1063" WIDTH="37" HEIGHT="20" WC="0.91" CONTENT="den"/>
						</TextLine>
						<TextLine ID="line_35" HPOS="67" VPOS="1090" WIDTH="745" HEIGHT="26">
							<String ID="string_308" HPOS="67" VPOS="1091" WIDTH="90" HEIGHT="25" WC="0.94" CONTENT="mening,"/><SP WIDTH="23" VPOS="1091" HPOS="157"/>
							<String ID="string_309" HPOS="180" VPOS="1093" WIDTH="27" HEIGHT="17" WC="0.93" CONTENT="att"/><SP WIDTH="21" VPOS="1093" HPOS="207"/>
							<String ID="string_310" HPOS="228" VPOS="1091" WIDTH="134" HEIGHT="25" WC="0.69" CONTENT="ifrägakemna"/><SP WIDTH="17" VPOS="1091" HPOS="362"/>
							<String ID="string_311" HPOS="379" VPOS="1091" WIDTH="116" HEIGHT="25" WC="0.96" CONTENT="grundsats,"/><SP WIDTH="16" VPOS="1091" HPOS="495"/>
							<String ID="string_312" HPOS="511" VPOS="1091" WIDTH="60" HEIGHT="20" WC="0.93" CONTENT="sådan"/><SP WIDTH="14" VPOS="1091" HPOS="571"/>
							<String ID="string_313" HPOS="585" VPOS="1091" WIDTH="38" HEIGHT="20" WC="0.96" CONTENT="den"/><SP WIDTH="15" VPOS="1091" HPOS="623"/>
							<String ID="string_314" HPOS="638" VPOS="1092" WIDTH="21" HEIGHT="18" WC="0.93" CONTENT="är"/><SP WIDTH="14" VPOS="1092" HPOS="659"/>
							<String ID="string_315" HPOS="673" VPOS="1090" WIDTH="121" HEIGHT="20" WC="0.95" CONTENT="formulerad"/><SP WIDTH="13" VPOS="1090" HPOS="794"/>
							<String ID="string_316" HPOS="807" VPOS="1090" WIDTH="5" HEIGHT="18" WC="0.96" CONTENT="i"/>
						</TextLine>
						<TextLine ID="line_36" HPOS="67" VPOS="1116" WIDTH="744" HEIGHT="27">
							<String ID="string_317" HPOS="67" VPOS="1117" WIDTH="111" HEIGHT="20" WC="0.89" CONTENT="änberörda"/><SP WIDTH="22" VPOS="1117" HPOS="178"/>
							<String ID="string_318" HPOS="200" VPOS="1118" WIDTH="71" HEIGHT="25" WC="0.95" CONTENT="punkt,"/><SP WIDTH="22" VPOS="1118" HPOS="271"/>
							<String ID="string_319" HPOS="293" VPOS="1118" WIDTH="45" HEIGHT="19" WC="0.96" CONTENT="icke"/><SP WIDTH="20" VPOS="1118" HPOS="338"/>
							<String ID="string_320" HPOS="358" VPOS="1118" WIDTH="61" HEIGHT="20" WC="0.96" CONTENT="borde"/><SP WIDTH="16" VPOS="1118" HPOS="419"/>
							<String ID="string_321" HPOS="435" VPOS="1117" WIDTH="8" HEIGHT="19" WC="0.93" CONTENT="i"/><SP WIDTH="15" VPOS="1117" HPOS="443"/>
							<String ID="string_322" HPOS="458" VPOS="1117" WIDTH="125" HEIGHT="21" WC="0.79" CONTENT="oförändradt"/><SP WIDTH="17" VPOS="1117" HPOS="583"/>
							<String ID="string_323" HPOS="600" VPOS="1118" WIDTH="56" HEIGHT="19" WC="0.96" CONTENT="skick"/><SP WIDTH="14" VPOS="1118" HPOS="656"/>
							<String ID="string_324" HPOS="670" VPOS="1118" WIDTH="20" HEIGHT="19" WC="0.93" CONTENT="af"/><SP WIDTH="13" VPOS="1118" HPOS="690"/>
							<String ID="string_325" HPOS="703" VPOS="1116" WIDTH="108" HEIGHT="20" WC="0.92" CONTENT="Ständerne"/>
						</TextLine>
						<TextLine ID="line_37" HPOS="69" VPOS="1143" WIDTH="744" HEIGHT="27">
							<String ID="string_326" HPOS="69" VPOS="1144" WIDTH="122" HEIGHT="25" WC="0.96" CONTENT="godkännas,"/><SP WIDTH="17" VPOS="1144" HPOS="191"/>
							<String ID="string_327" HPOS="208" VPOS="1145" WIDTH="105" HEIGHT="19" WC="0.92" CONTENT="hvaremot"/><SP WIDTH="13" VPOS="1145" HPOS="313"/>
							<String ID="string_328" HPOS="326" VPOS="1144" WIDTH="36" HEIGHT="19" WC="0.96" CONTENT="hos"/><SP WIDTH="14" VPOS="1144" HPOS="362"/>
							<String ID="string_329" HPOS="376" VPOS="1144" WIDTH="26" HEIGHT="20" WC="0.93" CONTENT="Ge"/><SP WIDTH="14" VPOS="1144" HPOS="402"/>
							<String ID="string_330" HPOS="416" VPOS="1144" WIDTH="33" HEIGHT="20" WC="0.96" CONTENT="två"/><SP WIDTH="13" VPOS="1144" HPOS="449"/>
							<String ID="string_331" HPOS="462" VPOS="1145" WIDTH="60" HEIGHT="25" WC="0.92" CONTENT="öfriga"/><SP WIDTH="10" VPOS="1145" HPOS="522"/>
							<String ID="string_332" HPOS="532" VPOS="1144" WIDTH="95" HEIGHT="20" WC="0.91" CONTENT="ståndens"/><SP WIDTH="8" VPOS="1144" HPOS="627"/>
							<String ID="string_333" HPOS="635" VPOS="1144" WIDTH="131" HEIGHT="20" WC="0.71" CONTENT="medlemmar"/><SP WIDTH="8" VPOS="1144" HPOS="766"/>
							<String ID="string_334" HPOS="774" VPOS="1143" WIDTH="39" HEIGHT="20" WC="0.96" CONTENT="den"/>
						</TextLine>
						<TextLine ID="line_38" HPOS="67" VPOS="1170" WIDTH="746" HEIGHT="26">
							<String ID="string_335" HPOS="67" VPOS="1170" WIDTH="52" HEIGHT="25" WC="0.88" CONTENT="åsigt"/><SP WIDTH="21" VPOS="1170" HPOS="119"/>
							<String ID="string_336" HPOS="140" VPOS="1171" WIDTH="68" HEIGHT="19" WC="0.93" CONTENT="vunnit"/><SP WIDTH="20" VPOS="1171" HPOS="208"/>
							<String ID="string_337" HPOS="228" VPOS="1170" WIDTH="119" HEIGHT="24" WC="0.89" CONTENT="öfverhand,"/><SP WIDTH="15" VPOS="1170" HPOS="347"/>
							<String ID="string_338" HPOS="362" VPOS="1173" WIDTH="27" HEIGHT="17" WC="0.96" CONTENT="att"/><SP WIDTH="17" VPOS="1173" HPOS="389"/>
							<String ID="string_339" HPOS="406" VPOS="1171" WIDTH="100" HEIGHT="20" WC="0.96" CONTENT="Utskottet"/><SP WIDTH="13" VPOS="1171" HPOS="506"/>
							<String ID="string_340" HPOS="519" VPOS="1171" WIDTH="63" HEIGHT="20" WC="0.96" CONTENT="borde"/><SP WIDTH="13" VPOS="1171" HPOS="582"/>
							<String ID="string_341" HPOS="595" VPOS="1171" WIDTH="101" HEIGHT="25" WC="0.91" CONTENT="tillstyrka"/><SP WIDTH="14" VPOS="1171" HPOS="696"/>
							<String ID="string_342" HPOS="710" VPOS="1170" WIDTH="103" HEIGHT="26" WC="0.90" CONTENT="grundsat-"/>
						</TextLine>
						<TextLine ID="line_39" HPOS="67" VPOS="1196" WIDTH="745" HEIGHT="27">
							<String ID="string_343" HPOS="67" VPOS="1202" WIDTH="48" HEIGHT="14" WC="0.83" CONTENT="sens"/><SP WIDTH="13" VPOS="1202" HPOS="115"/>
							<String ID="string_344" HPOS="128" VPOS="1197" WIDTH="107" HEIGHT="25" WC="0.87" CONTENT="antagande"/><SP WIDTH="15" VPOS="1197" HPOS="235"/>
							<String ID="string_345" HPOS="250" VPOS="1200" WIDTH="47" HEIGHT="17" WC="0.95" CONTENT="utan"/><SP WIDTH="15" VPOS="1200" HPOS="297"/>
							<String ID="string_346" HPOS="312" VPOS="1197" WIDTH="37" HEIGHT="19" WC="0.84" CONTENT="alla"/><SP WIDTH="15" VPOS="1197" HPOS="349"/>
							<String ID="string_347" HPOS="364" VPOS="1197" WIDTH="103" HEIGHT="26" WC="0.96" CONTENT="ändringar"/><SP WIDTH="14" VPOS="1197" HPOS="467"/>
							<String ID="string_348" HPOS="481" VPOS="1198" WIDTH="46" HEIGHT="19" WC="0.90" CONTENT="eller"/><SP WIDTH="13" VPOS="1198" HPOS="527"/>
							<String ID="string_349" HPOS="540" VPOS="1196" WIDTH="156" HEIGHT="20" WC="0.96" CONTENT="modifikationer"/><SP WIDTH="10" VPOS="1196" HPOS="696"/>
							<String ID="string_350" HPOS="706" VPOS="1198" WIDTH="5" HEIGHT="18" WC="0.93" CONTENT="i"/><SP WIDTH="10" VPOS="1198" HPOS="711"/>
							<String ID="string_351" HPOS="721" VPOS="1196" WIDTH="91" HEIGHT="20" WC="0.88" CONTENT="densam-"/>
						</TextLine>
						<TextLine ID="line_40" HPOS="66" VPOS="1223" WIDTH="746" HEIGHT="27">
							<String ID="string_352" HPOS="66" VPOS="1228" WIDTH="43" HEIGHT="14" WC="0.96" CONTENT="mas"/><SP WIDTH="16" VPOS="1228" HPOS="109"/>
							<String ID="string_353" HPOS="125" VPOS="1224" WIDTH="35" HEIGHT="18" WC="0.96" CONTENT="här"/><SP WIDTH="14" VPOS="1224" HPOS="160"/>
							<String ID="string_354" HPOS="174" VPOS="1224" WIDTH="60" HEIGHT="19" WC="0.93" CONTENT="ofvan"/><SP WIDTH="13" VPOS="1224" HPOS="234"/>
							<String ID="string_355" HPOS="247" VPOS="1223" WIDTH="95" HEIGHT="26" WC="0.92" CONTENT="återgifna"/><SP WIDTH="14" VPOS="1223" HPOS="342"/>
							<String ID="string_356" HPOS="356" VPOS="1224" WIDTH="133" HEIGHT="26" WC="0.89" CONTENT="ordalydelse."/><SP WIDTH="27" VPOS="1224" HPOS="489"/>
							<String ID="string_357" HPOS="516" VPOS="1224" WIDTH="25" HEIGHT="19" WC="0.96" CONTENT="Af"/><SP WIDTH="12" VPOS="1224" HPOS="541"/>
							<String ID="string_358" HPOS="553" VPOS="1224" WIDTH="25" HEIGHT="18" WC="0.96" CONTENT="de"/><SP WIDTH="12" VPOS="1224" HPOS="578"/>
							<String ID="string_359" HPOS="590" VPOS="1223" WIDTH="134" HEIGHT="20" WC="0.95" CONTENT="förstnämnde"/><SP WIDTH="10" VPOS="1223" HPOS="724"/>
							<String ID="string_360" HPOS="734" VPOS="1224" WIDTH="36" HEIGHT="18" WC="0.96" CONTENT="har"/><SP WIDTH="9" VPOS="1224" HPOS="770"/>
							<String ID="string_361" HPOS="779" VPOS="1223" WIDTH="33" HEIGHT="19" WC="0.90" CONTENT="det"/>
						</TextLine>
						<TextLine ID="line_41" HPOS="66" VPOS="1248" WIDTH="746" HEIGHT="28">
							<String ID="string_362" HPOS="66" VPOS="1249" WIDTH="112" HEIGHT="25" WC="0.92" CONTENT="anmärkts,"/><SP WIDTH="13" VPOS="1249" HPOS="178"/>
							<String ID="string_363" HPOS="191" VPOS="1249" WIDTH="43" HEIGHT="20" WC="0.96" CONTENT="dels"/><SP WIDTH="15" VPOS="1249" HPOS="234"/>
							<String ID="string_364" HPOS="249" VPOS="1252" WIDTH="28" HEIGHT="17" WC="0.93" CONTENT="att"/><SP WIDTH="13" VPOS="1252" HPOS="277"/>
							<String ID="string_365" HPOS="290" VPOS="1250" WIDTH="145" HEIGHT="25" WC="0.92" CONTENT="slutmeningen"/><SP WIDTH="12" VPOS="1250" HPOS="435"/>
							<String ID="string_366" HPOS="447" VPOS="1251" WIDTH="5" HEIGHT="19" WC="0.96" CONTENT="i"/><SP WIDTH="15" VPOS="1251" HPOS="452"/>
							<String ID="string_367" HPOS="467" VPOS="1249" WIDTH="149" HEIGHT="27" WC="0.91" CONTENT="ifrågavarande"/><SP WIDTH="12" VPOS="1249" HPOS="616"/>
							<String ID="string_368" HPOS="628" VPOS="1250" WIDTH="62" HEIGHT="24" WC="0.96" CONTENT="punkt"/><SP WIDTH="14" VPOS="1250" HPOS="690"/>
							<String ID="string_369" HPOS="704" VPOS="1250" WIDTH="36" HEIGHT="19" WC="0.92" CONTENT="bör"/><SP WIDTH="12" VPOS="1250" HPOS="740"/>
							<String ID="string_370" HPOS="752" VPOS="1248" WIDTH="60" HEIGHT="20" WC="0.83" CONTENT="allde-"/>
						</TextLine>
						<TextLine ID="line_42" HPOS="67" VPOS="1275" WIDTH="743" HEIGHT="27">
							<String ID="string_371" HPOS="67" VPOS="1276" WIDTH="28" HEIGHT="18" WC="0.93" CONTENT="les"/><SP WIDTH="15" VPOS="1276" HPOS="95"/>
							<String ID="string_372" HPOS="110" VPOS="1276" WIDTH="95" HEIGHT="24" WC="0.91" CONTENT="bortfalla,"/><SP WIDTH="18" VPOS="1276" HPOS="205"/>
							<String ID="string_373" HPOS="223" VPOS="1276" WIDTH="67" HEIGHT="20" WC="0.96" CONTENT="såsom"/><SP WIDTH="14" VPOS="1276" HPOS="290"/>
							<String ID="string_374" HPOS="304" VPOS="1276" WIDTH="71" HEIGHT="20" WC="0.93" CONTENT="endast"/><SP WIDTH="13" VPOS="1276" HPOS="375"/>
							<String ID="string_375" HPOS="388" VPOS="1276" WIDTH="132" HEIGHT="26" WC="0.87" CONTENT="uttryekande"/><SP WIDTH="13" VPOS="1276" HPOS="520"/>
							<String ID="string_376" HPOS="533" VPOS="1279" WIDTH="29" HEIGHT="17" WC="0.96" CONTENT="ett"/><SP WIDTH="14" VPOS="1279" HPOS="562"/>
							<String ID="string_377" HPOS="576" VPOS="1276" WIDTH="69" HEIGHT="24" WC="0.93" CONTENT="vilkor,"/><SP WIDTH="13" VPOS="1276" HPOS="645"/>
							<String ID="string_378" HPOS="658" VPOS="1271" WIDTH="90" HEIGHT="35" WC="0.66" CONTENT="bvilket.i"/><SP WIDTH="14" VPOS="1271" HPOS="748"/>
							<String ID="string_379" HPOS="762" VPOS="1271" WIDTH="48" HEIGHT="35" WC="0.92" CONTENT="män-"/>
						</TextLine>
						<TextLine ID="line_43" HPOS="66" VPOS="1302" WIDTH="748" HEIGHT="26">
							<String ID="string_380" HPOS="66" VPOS="1308" WIDTH="24" HEIGHT="18" WC="0.96" CONTENT="ga"/><SP WIDTH="14" VPOS="1308" HPOS="90"/>
							<String ID="string_381" HPOS="104" VPOS="1302" WIDTH="30" HEIGHT="20" WC="0.96" CONTENT="fall"/><SP WIDTH="16" VPOS="1302" HPOS="134"/>
							<String ID="string_382" HPOS="150" VPOS="1302" WIDTH="37" HEIGHT="20" WC="0.92" CONTENT="kan"/><SP WIDTH="14" VPOS="1302" HPOS="187"/>
							<String ID="string_383" HPOS="201" VPOS="1302" WIDTH="80" HEIGHT="20" WC="0.96" CONTENT="komma"/><SP WIDTH="14" VPOS="1302" HPOS="281"/>
							<String ID="string_384" HPOS="295" VPOS="1306" WIDTH="27" HEIGHT="16" WC="0.93" CONTENT="att"/><SP WIDTH="9" VPOS="1306" HPOS="322"/>
							<String ID="string_385" HPOS="331" VPOS="1302" WIDTH="99" HEIGHT="25" WC="0.90" CONTENT="upphäfva"/><SP WIDTH="10" VPOS="1302" HPOS="430"/>
							<String ID="string_386" HPOS="440" VPOS="1303" WIDTH="34" HEIGHT="19" WC="0.93" CONTENT="det"/><SP WIDTH="11" VPOS="1303" HPOS="474"/>
							<String ID="string_387" HPOS="485" VPOS="1303" WIDTH="119" HEIGHT="25" WC="0.84" CONTENT="väsendtliga"/><SP WIDTH="10" VPOS="1303" HPOS="604"/>
							<String ID="string_388" HPOS="614" VPOS="1302" WIDTH="103" HEIGHT="20" WC="0.53" CONTENT="innehållet"/><SP WIDTH="9" VPOS="1302" HPOS="717"/>
							<String ID="string_389" HPOS="726" VPOS="1302" WIDTH="38" HEIGHT="20" WC="0.93" CONTENT="och"/><SP WIDTH="10" VPOS="1302" HPOS="764"/>
							<String ID="string_390" HPOS="774" VPOS="1302" WIDTH="40" HEIGHT="18" WC="0.92" CONTENT="för-"/>
						</TextLine>
						<TextLine ID="line_44" HPOS="67" VPOS="1328" WIDTH="745" HEIGHT="25">
							<String ID="string_391" HPOS="67" VPOS="1328" WIDTH="78" HEIGHT="19" WC="0.91" CONTENT="delarne"/><SP WIDTH="21" VPOS="1328" HPOS="145"/>
							<String ID="string_392" HPOS="166" VPOS="1330" WIDTH="21" HEIGHT="17" WC="0.72" CONTENT="af"/><SP WIDTH="16" VPOS="1330" HPOS="187"/>
							<String ID="string_393" HPOS="203" VPOS="1329" WIDTH="38" HEIGHT="19" WC="0.72" CONTENT="den"/><SP WIDTH="15" VPOS="1329" HPOS="241"/>
							<String ID="string_394" HPOS="256" VPOS="1329" WIDTH="119" HEIGHT="19" WC="0.90" CONTENT="kommunen"/><SP WIDTH="14" VPOS="1329" HPOS="375"/>
							<String ID="string_395" HPOS="389" VPOS="1329" WIDTH="5" HEIGHT="18" WC="0.93" CONTENT="i"/><SP WIDTH="15" VPOS="1329" HPOS="394"/>
							<String ID="string_396" HPOS="409" VPOS="1330" WIDTH="99" HEIGHT="23" WC="0.92" CONTENT="punktens"/><SP WIDTH="14" VPOS="1330" HPOS="508"/>
							<String ID="string_397" HPOS="522" VPOS="1330" WIDTH="52" HEIGHT="18" WC="0.95" CONTENT="förra"/><SP WIDTH="13" VPOS="1330" HPOS="574"/>
							<String ID="string_398" HPOS="587" VPOS="1329" WIDTH="31" HEIGHT="19" WC="0.93" CONTENT="del"/><SP WIDTH="15" VPOS="1329" HPOS="618"/>
							<String ID="string_399" HPOS="633" VPOS="1329" WIDTH="99" HEIGHT="23" WC="0.92" CONTENT="medgifna"/><SP WIDTH="14" VPOS="1329" HPOS="732"/>
							<String ID="string_400" HPOS="746" VPOS="1328" WIDTH="66" HEIGHT="24" WC="0.89" CONTENT="rättig-"/>
						</TextLine>
						<TextLine ID="line_45" HPOS="67" VPOS="1352" WIDTH="745" HEIGHT="27">
							<String ID="string_401" HPOS="67" VPOS="1353" WIDTH="65" HEIGHT="25" WC="0.96" CONTENT="heten,"/><SP WIDTH="23" VPOS="1353" HPOS="132"/>
							<String ID="string_402" HPOS="155" VPOS="1354" WIDTH="42" HEIGHT="19" WC="0.95" CONTENT="dels"/><SP WIDTH="21" VPOS="1354" HPOS="197"/>
							<String ID="string_403" HPOS="218" VPOS="1357" WIDTH="29" HEIGHT="17" WC="0.93" CONTENT="att"/><SP WIDTH="19" VPOS="1357" HPOS="247"/>
							<String ID="string_404" HPOS="266" VPOS="1354" WIDTH="10" HEIGHT="25" WC="0.93" CONTENT="$"/><SP WIDTH="21" VPOS="1354" HPOS="276"/>
							<String ID="string_405" HPOS="297" VPOS="1355" WIDTH="25" HEIGHT="19" WC="0.83" CONTENT="23"/><SP WIDTH="15" VPOS="1355" HPOS="322"/>
							<String ID="string_406" HPOS="337" VPOS="1354" WIDTH="7" HEIGHT="20" WC="0.45" CONTENT="i"/><SP WIDTH="13" VPOS="1354" HPOS="344"/>
							<String ID="string_407" HPOS="357" VPOS="1352" WIDTH="71" HEIGHT="26" WC="0.88" CONTENT="sjelfva"/><SP WIDTH="13" VPOS="1352" HPOS="428"/>
							<String ID="string_408" HPOS="441" VPOS="1354" WIDTH="225" HEIGHT="25" WC="0.91" CONTENT="färfattningsförslaget,"/><SP WIDTH="16" VPOS="1354" HPOS="666"/>
							<String ID="string_409" HPOS="682" VPOS="1353" WIDTH="82" HEIGHT="21" WC="0.96" CONTENT="hvilken"/><SP WIDTH="12" VPOS="1353" HPOS="764"/>
							<String ID="string_410" HPOS="776" VPOS="1354" WIDTH="36" HEIGHT="19" WC="0.96" CONTENT="har"/>
						</TextLine>
						<TextLine ID="line_46" HPOS="67" VPOS="1380" WIDTH="745" HEIGHT="25">
							<String ID="string_411" HPOS="67" VPOS="1380" WIDTH="29" HEIGHT="20" WC="0.63" CONTENT="till."/><SP WIDTH="19" VPOS="1380" HPOS="96"/>
							<String ID="string_412" HPOS="115" VPOS="1381" WIDTH="77" HEIGHT="24" WC="0.96" CONTENT="uppgift"/><SP WIDTH="21" VPOS="1381" HPOS="192"/>
							<String ID="string_413" HPOS="213" VPOS="1383" WIDTH="28" HEIGHT="17" WC="0.96" CONTENT="att"/><SP WIDTH="16" VPOS="1383" HPOS="241"/>
							<String ID="string_414" HPOS="257" VPOS="1382" WIDTH="93" HEIGHT="18" WC="0.71" CONTENT="närmare"/><SP WIDTH="13" VPOS="1382" HPOS="350"/>
							<String ID="string_415" HPOS="363" VPOS="1381" WIDTH="92" HEIGHT="19" WC="0.96" CONTENT="utveckla"/><SP WIDTH="15" VPOS="1381" HPOS="455"/>
							<String ID="string_416" HPOS="470" VPOS="1382" WIDTH="38" HEIGHT="18" WC="0.96" CONTENT="den"/><SP WIDTH="14" VPOS="1382" HPOS="508"/>
							<String ID="string_417" HPOS="522" VPOS="1381" WIDTH="5" HEIGHT="18" WC="0.93" CONTENT="i"/><SP WIDTH="15" VPOS="1381" HPOS="527"/>
							<String ID="string_418" HPOS="542" VPOS="1380" WIDTH="128" HEIGHT="20" WC="0.91" CONTENT="merberörda"/><SP WIDTH="13" VPOS="1380" HPOS="670"/>
							<String ID="string_419" HPOS="683" VPOS="1380" WIDTH="62" HEIGHT="25" WC="0.96" CONTENT="punkt"/><SP WIDTH="14" VPOS="1380" HPOS="745"/>
							<String ID="string_420" HPOS="759" VPOS="1380" WIDTH="5" HEIGHT="18" WC="0.93" CONTENT="i"/><SP WIDTH="15" VPOS="1380" HPOS="764"/>
							<String ID="string_421" HPOS="779" VPOS="1380" WIDTH="33" HEIGHT="20" WC="0.43" CONTENT="att-"/>
						</TextLine>
						<TextLine ID="line_47" HPOS="66" VPOS="1406" WIDTH="746" HEIGHT="27">
							<String ID="string_422" HPOS="66" VPOS="1407" WIDTH="81" HEIGHT="19" WC="0.89" CONTENT="mänhet"/><SP WIDTH="15" VPOS="1407" HPOS="147"/>
							<String ID="string_423" HPOS="162" VPOS="1407" WIDTH="85" HEIGHT="20" WC="0.93" CONTENT="uttalade"/><SP WIDTH="12" VPOS="1407" HPOS="247"/>
							<String ID="string_424" HPOS="259" VPOS="1407" WIDTH="141" HEIGHT="26" WC="0.77" CONTENT="grundsatsen,"/><SP WIDTH="17" VPOS="1407" HPOS="400"/>
							<String ID="string_425" HPOS="417" VPOS="1407" WIDTH="4" HEIGHT="19" WC="0.96" CONTENT="i"/><SP WIDTH="16" VPOS="1407" HPOS="421"/>
							<String ID="string_426" HPOS="437" VPOS="1408" WIDTH="54" HEIGHT="19" WC="0.96" CONTENT="vissa"/><SP WIDTH="14" VPOS="1408" HPOS="491"/>
							<String ID="string_427" HPOS="505" VPOS="1407" WIDTH="31" HEIGHT="20" WC="0.93" CONTENT="fall"/><SP WIDTH="15" VPOS="1407" HPOS="536"/>
							<String ID="string_428" HPOS="551" VPOS="1406" WIDTH="129" HEIGHT="20" WC="0.91" CONTENT="tillerkänner"/><SP WIDTH="8" VPOS="1406" HPOS="680"/>
							<String ID="string_429" HPOS="688" VPOS="1407" WIDTH="124" HEIGHT="19" WC="0.93" CONTENT="minoriteten"/>
						</TextLine>
						<TextLine ID="line_48" HPOS="67" VPOS="1433" WIDTH="744" HEIGHT="27">
							<String ID="string_430" HPOS="67" VPOS="1435" WIDTH="52" HEIGHT="18" WC="0.94" CONTENT="inom"/><SP WIDTH="15" VPOS="1435" HPOS="119"/>
							<String ID="string_431" HPOS="134" VPOS="1434" WIDTH="123" HEIGHT="20" WC="0.94" CONTENT="kommunen"/><SP WIDTH="13" VPOS="1434" HPOS="257"/>
							<String ID="string_432" HPOS="270" VPOS="1440" WIDTH="24" HEIGHT="14" WC="0.96" CONTENT="en"/><SP WIDTH="14" VPOS="1440" HPOS="294"/>
							<String ID="string_433" HPOS="308" VPOS="1434" WIDTH="92" HEIGHT="25" WC="0.66" CONTENT="obehörig."/><SP WIDTH="14" VPOS="1434" HPOS="400"/>
							<String ID="string_434" HPOS="414" VPOS="1434" WIDTH="110" HEIGHT="26" WC="0.88" CONTENT="öfvervigt,"/><SP WIDTH="13" VPOS="1434" HPOS="524"/>
							<String ID="string_435" HPOS="537" VPOS="1434" WIDTH="43" HEIGHT="20" WC="0.89" CONTENT="dels"/><SP WIDTH="14" VPOS="1434" HPOS="580"/>
							<String ID="string_436" HPOS="594" VPOS="1436" WIDTH="29" HEIGHT="17" WC="0.96" CONTENT="att"/><SP WIDTH="12" VPOS="1436" HPOS="623"/>
							<String ID="string_437" HPOS="635" VPOS="1434" WIDTH="39" HEIGHT="19" WC="0.93" CONTENT="den"/><SP WIDTH="12" VPOS="1434" HPOS="674"/>
							<String ID="string_438" HPOS="686" VPOS="1433" WIDTH="125" HEIGHT="21" WC="0.92" CONTENT="beslutande-"/>
						</TextLine>
					</TextBlock>
				</ComposedBlock>
			</PrintSpace>
		</Page>
	</Layout>
</alto>
