981 1703
239 136 71 23 Nådiga
321 138 141 22 Propositionen
476 137 35 17 N:n
523 138 28 17 45.
724 138 44 19 1499

35 186 121 25 parbanker,
172 186 62 20 under
246 186 69 20 femtio
325 186 23 20 är
357 186 51 20 varit
417 186 144 21 koncentrerad
571 187 6 19 i
586 187 136 25 statsbanken,
734 188 36 20 har

35 213 86 19 rehofvet
135 212 21 19 af
168 212 98 26 tidsenligt
280 212 180 21 framåtskridande
474 213 58 20 ätven
546 213 6 19 i
566 213 53 20 detta
629 214 93 20 afseende
732 215 38 19 för-

38 240 53 19 nledt
111 239 96 19 stiftelsen
224 239 21 19 af
257 245 24 13 en
296 240 64 18 större
373 239 124 25 privatbank.
527 240 67 19 Bildad
608 245 70 20 genom
693 242 29 18 ett
735 241 34 19 ak-

35 266 75 25 iebolag
123 265 46 19 med
186 265 108 25 begränsad
308 266 134 25 ansvarighet,
458 266 63 20 under
535 271 57 14 namn
606 266 20 19 af
639 266 131 26 «Förenings-

35 292 69 19 vanken
126 292 5 18 i
148 291 101 25 Finland»,
265 292 61 19 erhöll
340 292 116 20 densamma
470 292 58 26 nådig
542 291 64 26 oktroj
620 291 24 27 pä
658 292 26 19 tio
700 292 22 20 år
736 299 32 19 ge-

35 324 37 14 wom
93 317 109 26 Kejserliga
222 318 138 20 Resolutionen
373 318 39 20 den
426 318 24 20 21
465 318 35 25 Maj
516 318 59 20 1862.
604 319 42 19 Den
660 318 58 20 korta
732 320 35 23 tid,

34 344 104 19 ivarunder
159 344 85 20 nämnde
264 345 71 19 anstalt
355 344 51 20 varit
419 344 6 19 i
439 345 136 25 verksamhet,
592 345 35 19 har
640 344 52 20 dock
706 345 63 20 redan

34 371 88 19 raktiskt
137 370 51 20 visat
201 373 68 24 nyttan
284 372 38 18 och
336 371 93 19 behofvet
441 371 20 19 af
476 371 116 20 densamma
606 371 72 20 liksom
688 372 80 19 allmän-

34 399 62 18 ietens
110 397 115 20 förtroende
246 397 68 26 tydligt
328 396 52 26 röjer
394 397 28 25 sig
436 397 48 26 deri,
500 400 28 17 att
541 397 63 20 under
618 398 106 20 halftannat
738 397 22 20 är

34 429 36 14 som
84 423 184 26 Föreningsbanken
286 423 51 20 varit
350 424 73 25 öppen,
439 429 91 14 summan
544 423 20 20 af
576 423 71 25 medel,
663 424 67 19 hvilka
743 429 26 21 pä

34 450 124 25 lepositions-
171 451 38 19 och
223 449 83 26 löpande
319 450 81 25 räkning
414 450 28 20 dit
455 450 76 22 influtit,
546 450 54 25 stigit
613 450 26 19 till
651 450 74 20 dubbla
734 451 35 19 be-

34 479 59 23 oppet
106 477 21 19 af
139 476 89 20 bankens
241 476 132 25 aktiekapital.

79 504 63 19 Dessa
163 502 133 21 förhållanden
316 508 67 21 synas,
399 503 59 20 äfven
472 503 52 20 hvad
538 502 79 21 Finland
632 503 99 24 beträffar,
746 509 24 14 ur

34 529 144 20 rfarenhetens'
195 529 100 27 synpunkt
314 529 110 26 tillräckligt
444 530 95 19 motivera
559 529 34 20 det
612 531 60 25 syfte,
694 529 76 20 Eders

34 555 127 26 Cejserliga
182 555 109 26 Majestät
310 555 6 19 i
337 555 37 20 den
388 556 69 25 nådiga
471 556 146 25 propositionen
631 557 76 23 uttalat,
723 557 48 18 eller

34 585 22 17 it
68 588 73 20 genom
155 582 98 20 tillåtande
266 582 22 19 af
299 582 138 25 privatbanker
446 583 46 19 med
502 582 205 26 sedelutgifningsrätt,
719 585 51 16 samt

34 609 145 20 >estämmande
192 609 21 19 af
226 609 88 19 vilkoren
328 609 30 18 för
372 609 87 20 enskilda
473 609 73 20 banker
560 608 5 19 i
580 609 112 24 allmänhet,
707 609 63 25 öppna

34 637 56 24 vägen
105 636 29 19 för
148 635 33 20 det
195 634 62 20 finska
274 635 160 25 banksystemets
448 635 112 24 utveckling
574 635 5 18 i
593 635 58 19 friare
660 635 82 23 former.

129 661 109 21 Ständerna
246 661 26 26 få
286 661 57 20 alltså
352 661 135 26 underdånigst
496 661 87 25 uttrycka
592 663 33 18 sitt
633 661 138 25 godkännande

128 691 24 25 af
164 690 36 19 den
215 689 70 25 nådiga
296 691 129 23 propositions
440 691 55 24 syfte.

80 718 38 20 Det
132 719 23 19 är
169 717 69 20 endast
251 717 27 19 uti
293 716 61 26 några
367 717 145 25 bestämningar
528 716 21 20 af
561 717 33 19 det
608 717 5 19 i
623 716 147 26 propositionen

34 747 70 22 ntagna
126 744 71 25 förslag
217 744 27 20 till
262 744 111 25 förordning
386 744 6 19 i
406 745 67 18 ämnet
486 749 43 14 som
544 743 105 20 ständerne
663 745 65 17 ansett
742 742 28 26 sig

34 772 39 18 vöra
88 771 5 19 i
107 770 155 26 underdånighet
273 770 71 20 föreslå
354 771 54 19 vissa
419 769 163 25 mouifikationer,
594 770 65 19 hvilka
670 770 36 18 här
716 769 55 20 skola

33 798 71 20 införas
112 798 5 19 i
124 797 101 20 enahanda
233 797 89 25 ordning,
332 802 44 14 som
384 797 28 19 för
423 796 68 26 sjelfva
499 796 93 26 förslaget
598 796 60 26 ligger
665 796 27 20 till
700 795 70 26 grund.

80 829 122 21 Beträffande
215 830 51 19 först
279 829 116 26 delegarene
409 829 5 20 i
428 828 116 27 bankbolag,
560 828 46 20 med
620 828 104 20 solidarisk
738 834 32 14 an-

33 857 101 25 svarighet,
157 856 59 20 hafva
231 856 105 20 ständerne
351 858 47 18 trott
412 856 63 20 större
490 856 91 26 trygghet
594 856 65 18 kunna
674 855 75 25 vinnas,
765 855 6 19 i

33 884 27 20 all
74 883 65 21 finske
153 883 137 25 medborgare,
306 883 26 19 till
348 883 51 19 visst
412 883 56 23 antal,
485 882 44 26 ingå
544 882 26 20 uti
585 881 73 21 sådane
672 881 64 27 bolag,
747 882 24 18 än

33 916 28 14 >m
82 910 103 20 desamma
205 909 66 20 skulle
292 909 18 20 få
331 909 63 20 bildas
415 910 40 18 helt
472 910 38 19 och
523 908 60 20 hållet
597 908 19 19 af
629 908 141 25 utländningar.

33 937 21 20 På
76 942 76 15 samma
172 936 62 25 grund
255 936 56 20 torde
331 936 39 19 ock
386 936 48 19 böra
451 936 86 26 stadgas,
553 937 28 17 att
596 936 4 18 i
616 935 35 19 alla
664 934 108 26 bankbolag

33 964 55 20 minst
105 962 33 20 två
155 962 118 26 tredjedelar
290 963 20 19 af
322 962 109 26 styrelsens
446 962 130 20 mediemmar
591 961 55 19 skola
659 961 80 25 utgöras
753 961 21 19 af

33 990 60 20 finske
114 989 137 25 medborgare.
280 989 109 19 Ständerna
410 988 52 20 finna
484 988 30 26 sig
535 988 78 20 derföre
626 988 49 19 böra
690 988 32 19 vid
736 987 10 25 $
761 988 9 18 1

32 1016 138 25 underdänigst
186 1015 70 20 föreslå
271 1014 83 26 följande
368 1015 73 25 tillägg:

132 1049 13 20 I
159 1049 38 19 alla
216 1048 105 25 bankbolag
340 1048 47 19 böra
402 1047 110 20 ätminstone
527 1046 31 21 tvä
572 1046 111 25 tredjedelar
698 1047 23 24 af
733 1048 38 24 sty-

130 1077 74 20 relsens
219 1077 128 23 medlemmar,
363 1076 95 25 äfvensom
472 1077 7 18 i
494 1075 70 20 banker
578 1075 42 20 med
629 1075 101 20 solidarisk
740 1081 32 13 an-

132 1105 94 26 svarighet
247 1107 57 18 minst
326 1105 71 25 hälften
418 1105 25 26 af
461 1105 109 25 delegarene
589 1110 48 13 vara
646 1103 64 26 jinske
724 1103 49 19 med-

134 1134 85 25 borgare.

85 1167 89 21 Sednare
188 1170 108 17 momentet
310 1167 20 19 af
342 1167 10 25 $
362 1167 12 19 2
384 1167 127 19 tillerkänner
519 1166 76 20 landets
604 1166 60 19 Senat
673 1165 100 25 «pröfning

32 1196 20 19 af
71 1195 157 25 bolagsreglorna
249 1194 38 18 och
304 1194 59 19 deras
376 1192 210 21 öfverensstämmelse
600 1192 45 20 med
658 1192 63 19 denna
736 1191 38 19 för-

32 1222 80 24 ordning
133 1221 38 19 och
188 1220 52 20 hvad
257 1221 30 24 lag
301 1220 30 19 för
344 1220 59 25 öfrigt
417 1220 98 24 stadgar»,
532 1218 34 20 vid
580 1219 80 19 hvilken
672 1217 102 21 redaktion

32 1249 78 19 Presta-
131 1248 39 19 och
189 1246 169 26 Borgareständen
378 1247 30 19 för
428 1246 30 19 sin
478 1246 38 23 del,
540 1245 44 19 icke
600 1245 62 19 funnit
675 1244 59 25 något
748 1246 28 16 att

33 1274 71 20 erinra.
133 1274 95 20 Deremot
241 1273 58 19 hafva
313 1272 145 26 Ridderskapet
472 1272 37 19 och
521 1270 63 21 Adeln
594 1274 52 17 samt
654 1269 120 21 Bondestän-

32 1300 34 20 det
80 1303 64 17 ansett
158 1300 34 20 Jet
205 1299 111 25 föreslagna
331 1298 115 26 stadgandet
459 1298 99 24 innebära,
574 1300 28 17 att
619 1296 107 25 Kejserliga
740 1296 35 19 Se-

34 1330 58 15 naten
106 1327 49 25 ägde
169 1326 69 25 pröfva
252 1324 70 25 sjelfva
337 1325 170 24 bolagsreglornas
521 1324 95 19 allmänna
631 1326 54 22 nyttä
695 1322 37 19 och
742 1323 34 27 än-

34 1352 167 25 damälsenlighet,
227 1351 80 18 hvilken
331 1350 62 25 fråga,
410 1350 58 24 enligt
485 1348 135 20 nästbemälde
634 1348 68 19 ständs
718 1347 58 24 äsigt,

35 1378 62 19 borde
115 1379 69 18 endast
197 1378 49 19 bero
260 1377 20 19 af
293 1377 88 24 bolagets
395 1378 45 23 eget
454 1375 110 25 afgörande.
582 1376 62 18 Desse
653 1373 56 20 stånd
720 1373 56 29 hafva

35 1405 122 20 fördenskull
172 1404 64 20 tillåtit
250 1404 29 25 sig
294 1402 140 25 underdänigst
448 1401 97 26 tillstyrka
560 1400 82 26 följande
657 1399 123 20 reJaktions-

39 1426 121 35 förändring:
370 1428 4 5 N
686 1455 10 16 N

673 1456 31 15 94*
