995 1706
279 140 71 22 Nådiga
362 141 139 22 Propositionen
514 141 36 17 N:o
562 141 28 18 41.
758 141 43 19 1377

60 189 58 26 enligt
132 189 11 20 2
158 189 10 26 $
182 189 11 19 3
208 189 46 25 kap:
269 189 6 19 i
290 190 52 20 1766
356 189 32 20 års
403 190 75 25 stadga,
494 190 98 26 begagnas
607 191 21 19 af
639 190 44 25 alla,
695 196 43 14 som
749 191 52 19 inom

59 215 82 20 häradet
162 216 47 20 eller
229 216 87 19 socknen
337 216 64 26 bygga
421 216 38 19 och
473 217 32 24 bo,
521 216 52 20 dock
587 217 45 19 med
646 217 135 25 guvernörens
795 217 5 19 i

59 242 53 19 länet
126 241 86 21 tillstånd
226 242 40 19 och
279 245 41 17 mot
334 244 43 18 viss
391 242 48 25 årlig
453 242 54 26 afgift
520 242 28 20 till
562 243 81 19 kronan.
669 243 93 25 Slutligen
771 244 28 23 är,

58 268 60 24 enligt
139 268 9 20 4
170 268 11 24 $
201 268 11 20 2
233 268 45 25 kap.
296 268 22 20 af
332 269 84 19 nämnda
431 269 74 25 stadga,
522 268 84 20 idkande
620 269 19 19 af
651 268 52 20 fiske
716 268 6 20 i
736 270 64 24 öppna

56 294 78 24 hafvet,
154 294 31 20 vid
203 294 116 23 kronoskär,
339 296 89 19 stränder
443 296 37 18 och
494 296 82 23 holmar,
591 301 45 14 som
650 296 45 19 icke
709 296 47 19 höra
772 296 28 19 till

57 319 58 27 något
135 321 102 23 hemman,
253 321 47 19 eller
313 320 116 21 innehafvas
442 322 63 19 under
520 322 95 19 särskilda
630 322 70 23 vilkor,
716 321 42 20 fritt
771 322 31 19 för

58 345 70 27 hvarje
141 347 76 19 landets
232 346 123 21 innevånare.
384 348 8 19 I
406 354 70 14 senare
490 353 61 14 mom.
567 348 20 19 af
599 348 129 20 förevarande
739 348 61 20 första

57 373 63 25 punkt
134 375 68 23 säges:
223 374 55 19 «Den
292 373 103 21 obesuttna
409 374 136 26 befolkningen
559 374 35 19 har
608 374 78 20 således
701 374 59 20 frihet
774 377 28 17 att

57 399 51 19 fiska
123 400 70 20 endast
207 400 35 20 der
257 400 144 26 strandegande
416 401 46 19 eller
477 406 63 14 annan
558 400 74 20 enskild
647 403 38 18 rätt
700 400 25 20 till
741 400 61 20 fiske-

59 428 75 18 vattnet
154 426 18 25 ej
193 428 47 25 äger
260 432 64 14 rum»...
354 427 59 20 Emot
433 427 53 20 detta
503 429 88 17 moment
604 430 42 17 tror
661 428 28 25 sig
704 427 97 21 utskottet

57 452 46 21 böra
126 453 91 20 anmärka
232 456 28 17 att
273 453 34 19 det
322 453 49 20 efter
385 453 135 26 ordalydelsen
534 452 90 27 möjligen
638 455 39 18 kan
691 454 64 20 tolkas
770 453 31 20 så-

57 479 64 24 lunda,
137 482 29 17 att
180 479 69 20 endast
263 479 38 20 den
314 479 105 20 obesuttna
433 480 137 25 befolkningen
584 481 6 18 i
604 480 65 20 landet
678 487 48 13 vore
736 481 66 19 berät-

56 505 52 25 tigad
129 508 29 17 att
178 505 5 20 i
203 506 22 19 så
241 505 109 20 beskaffadt
367 506 106 20 fiskvatten
487 506 44 21 idka
545 506 60 25 fiske,
621 507 79 20 hvilken
714 506 87 26 tolkning

57 531 64 21 skulle
135 533 43 19 leda
192 532 25 20 till
233 532 138 26 inskränkning
386 533 5 19 i
405 533 37 20 den
456 534 93 19 besuttna
564 533 146 26 befolkningens
724 535 40 18 rätt
773 533 28 20 till

57 557 120 28 delaktighet
190 559 48 26 deri,
254 559 77 20 hvartill
346 559 41 20 skäl
402 560 45 19 icke
461 565 60 22 synes
535 559 129 21 förekomma.

92 600 3 3 »
112 594 100 20 Utskottet
225 593 83 21 föreslår
322 593 77 20 derföre
413 596 27 18 att
454 595 25 20 de
493 595 5 19 i
514 595 61 19 första
589 595 87 25 punkten
690 595 111 26 uppställda

59 620 127 26 grundsatser
200 621 62 20 måtte
275 621 21 20 af
307 620 77 21 landets
399 621 80 20 ständer
493 622 54 25 gillas
562 621 37 20 och
614 624 87 23 antagas,
712 622 52 20 dock
774 624 28 18 att

58 652 70 15 senare
143 650 108 17 momentet
265 647 83 20 erhåller
362 647 83 26 följande
459 648 85 26 lydelse:

158 683 33 20 En
205 683 48 20 hvar
268 684 24 25 af
305 683 73 20 landets
393 683 113 21 innevånare
516 691 45 13 vare
571 683 73 21 således
654 684 107 26 berättigad
771 685 31 20 att

154 712 53 25 fiska
225 712 40 23 der,
283 712 75 19 hvarest
376 713 143 24 strandägande
537 713 43 19 eller
595 719 64 13 annan
673 713 71 19 enskild
758 714 42 19 rätt

160 740 27 19 till
195 740 123 25 fiskevattnet
333 740 17 25 ej
364 743 47 22 äger
425 747 47 13 rum.

111 777 66 24 Enligt
197 777 10 25 $
228 777 12 19 6
257 777 45 25 kap.
318 777 12 19 2
345 777 20 19 af
378 777 51 20 1766
444 777 33 20 års
492 777 68 32 stadga
573 777 18 20 få
607 777 146 26 strandägaren,
770 778 33 19 vid

59 805 64 24 öppna
137 803 145 25 hafsstranden,
298 803 48 20 eller
360 803 35 20 der
409 803 56 26 ingen
475 804 95 25 skärgård
580 806 29 22 är,
620 803 68 20 såsom
699 803 37 20 ock
747 806 55 17 utom

60 831 80 24 skären,
156 830 79 19 sträcka
250 829 30 20 sin
295 830 87 20 enskilda
397 831 38 18 rätt
445 831 25 19 till
480 831 107 19 fiskvatten
598 830 21 20 så
630 830 52 25 långt
691 830 47 20 dess
748 831 55 19 land-

56 857 64 25 grund
135 857 78 24 räcker,
230 862 43 13 som
289 857 31 19 vid
335 856 92 21 stranden
441 857 60 25 ligger
515 857 38 20 och
567 856 85 21 derifrån
666 857 84 25 utlöper.
770 858 32 19 Att

56 884 54 19 detta
125 883 105 26 stadgande
244 883 96 20 behöfver
349 885 90 18 närmare
449 883 106 26 förklaring
565 884 56 20 torde
630 885 34 18 lätt
674 883 60 25 inses,
746 889 54 14 eme-

56 910 38 20 dan
111 910 6 19 i
134 909 95 20 särskilda
245 909 32 20 fall
292 909 102 26 svårighet
407 910 39 19 kan
462 910 61 19 förete
538 910 29 25 sig
581 913 28 16 att
623 911 111 19 bestämma
749 910 52 19 huru

57 936 53 26 långt
129 936 128 26 landgrundet
277 936 47 19 skall
340 936 78 20 sträcka
432 936 35 25 sig.
496 937 31 19 En
548 938 91 18 närmare
655 936 125 25 bestämning
794 936 7 19 i

57 963 55 20 detta
125 962 112 21 hänseende
252 961 82 21 föreslås
348 962 5 19 i
371 963 60 19 andra
445 963 86 24 punkten
542 963 20 19 af
570 963 93 25 förslaget
673 962 87 25 sålunda,
774 965 28 17 att

57 989 64 19 under
141 989 214 24 strandägande-rätten
375 989 5 19 i
401 989 36 26 thy
451 989 31 19 fall
497 989 61 20 «skall
573 989 91 26 begripas
678 989 32 20 allt
725 991 73 22 vatten,

58 1021 44 14 som
123 1015 62 20 finnes
205 1015 28 20 till
254 1015 37 19 och
312 1015 45 20 med
378 1015 105 20 etthundra
501 1015 72 20 famnar
591 1015 42 20 från
650 1016 35 20 det
699 1015 55 20 ställe
769 1015 32 20 vid

58 1041 98 24 stranden,
172 1042 35 19 der
222 1041 71 26 stadigt
307 1041 47 26 djup
368 1043 21 18 af
401 1048 23 13 en
440 1043 51 18 famn
509 1042 97 25 vidtager,
625 1041 126 26 strandägare
767 1041 35 20 lik-

57 1069 30 18 väl
108 1067 44 20 icke
174 1069 83 18 förment
273 1070 28 17 att
315 1067 132 26 tillgodonjuta
462 1069 51 19 förut
526 1067 25 26 på
566 1074 63 14 annan
642 1068 64 25 grund
720 1067 81 26 lagligen

57 1094 121 19 tillkommen
193 1096 38 17 rätt
245 1095 26 19 till
284 1094 64 19 större
362 1093 82 21 område
459 1096 5 18 i
478 1095 147 19 fiskevattnet.»
647 1095 103 20 Utskottet
764 1094 38 19 för-

58 1120 59 20 ordar
130 1120 33 20 det
177 1121 108 25 uppställda
302 1120 116 26 stadgandet
434 1122 5 18 i
454 1121 22 20 så
491 1120 68 25 måtto,
575 1123 28 17 att
617 1124 28 16 ett
659 1122 52 18 visst
725 1123 78 17 vatten-

57 1146 48 26 djup
119 1147 35 19 bör
168 1150 54 23 tagas
236 1147 26 20 till
277 1146 149 27 utgångspunkt
437 1149 30 18 för
479 1147 158 20 bestämmandet
645 1148 21 19 af
675 1147 128 25 strandägan-

57 1173 98 25 derätten,
174 1179 46 14 men
238 1179 58 14 anser
313 1174 104 19 etthundra
431 1175 74 19 famnar
520 1173 41 20 från
575 1173 33 20 det
623 1175 54 18 ställe
692 1174 32 19 vid
738 1175 63 17 stran-

57 1200 46 24 den,
119 1200 35 20 der
168 1200 71 25 stadigt
252 1199 48 27 djup
314 1200 20 19 af
347 1206 23 14 en
385 1201 53 19 famn
448 1201 94 25 vidtager,
555 1206 46 14 vara
612 1206 24 13 en
647 1201 33 19 allt
689 1201 29 18 för
728 1200 75 25 knappt

57 1228 71 18 utmätt
142 1227 65 26 rymd,
223 1226 21 20 så
260 1227 81 26 mycket
354 1232 56 15 mera
424 1233 44 14 som
481 1227 17 26 ej
508 1226 73 27 någons
591 1227 113 26 äganderätt
712 1226 90 20 inskrän-

57 1253 36 20 kes
107 1259 72 20 genom
193 1259 24 13 en
232 1253 134 26 utsträckning
381 1255 20 18 af
414 1254 52 19 detta
481 1253 86 20 område.

112 1285 100 20 Utskottet
226 1285 83 20 föreslår
322 1285 79 20 derföre
416 1286 144 23 vördsammast
574 1288 29 17 att
617 1285 84 20 sednare
714 1290 90 15 momen-

60 1315 28 17 tet
102 1312 20 20 af
134 1312 63 20 denna
210 1312 63 26 punkt
286 1312 62 20 måtte
362 1312 71 20 erhålla
449 1312 85 26 följande
547 1312 86 27 lydelse:

161 1347 68 19 Denna
243 1347 89 25 rättighet
346 1346 109 20 bestämmes
471 1350 87 16 närmare
572 1345 81 20 sålunda
666 1348 28 17 att
707 1346 94 20 derunder

161 1375 83 25 begripes
264 1375 35 18 allt
318 1377 72 20 vatten,
411 1381 40 12 som
464 1375 65 24 finnes
549 1374 26 19 till
593 1373 33 20 och
640 1374 42 18 med
696 1373 106 20 tvåhundra

158 1403 79 24 famnar
245 1402 50 26 från
308 1403 32 19 det
354 1402 54 21 ställe
423 1403 31 18 vid
467 1402 99 23 stranden,
583 1401 34 20 der
634 1401 71 26 stadigt
720 1400 44 28 djup
780 1402 25 25 af

163 1438 22 13 en
193 1432 57 25 famn
265 1431 90 26 vidtager,
371 1431 125 26 strandägare
511 1431 55 19 likväl
581 1430 38 20 icke
628 1431 88 24 förment,
728 1432 27 18 att
766 1431 34 19 till-
