981 1703
257 152 72 23 Nådiga
341 154 139 22 Propositionen
494 154 36 18 N:o
542 154 28 18 48.
744 154 45 19 1563

44 202 48 20 eller
106 202 108 20 läkemedel
230 203 84 25 utgifvit,
330 202 82 21 säframt
425 202 141 27 tjenstehjonet
579 203 44 21 icke
637 204 5 19 i
651 204 38 20 och
699 205 29 19 för
739 204 48 26 tjen-

40 232 44 16 sten
99 231 51 17 samt
164 232 47 16 utan
226 232 45 22 eget
284 229 121 21 förvållande
419 230 62 20 skada
496 230 53 26 tagit.

96 255 42 19 Har
152 254 120 27 tjenstehjon
288 255 77 26 ådragit
382 257 30 24 sig
427 256 60 20 sådan
503 256 72 26 smitta,
591 259 28 17 att
631 257 48 20 dess
693 258 93 25 gvarblif-

41 282 64 19 vande
120 282 4 18 i
140 281 84 25 tjensten
239 282 65 20 blefve
318 283 29 19 för
361 283 48 19 dess
423 283 104 25 omgifning
542 282 79 26 vådligt,
636 289 49 14 vare
699 284 86 19 husbon-

40 308 26 28 de
80 308 108 25 berättigad
202 311 34 22 att,
252 309 28 19 uti
295 309 37 19 den
350 309 5 19 i
370 309 10 25 $
395 310 10 18 3
421 309 94 26 stadgade
530 310 88 25 ordning,
634 309 38 20 låta
687 310 33 20 det
734 310 49 19 ifrån

39 337 84 22 tjensten
139 334 64 25 skilja.

389 372 10 23 $
414 374 19 18 6.

94 417 109 20 Husbonde
218 423 46 19 eger
278 417 91 20 förordna
382 423 65 14 annan
461 423 72 20 person
549 420 27 17 att
590 416 118 27 tjenstehjon
721 418 62 20 under

39 443 68 20 arbete
122 444 46 19 eller
184 443 57 26 eljest
255 446 54 24 styra
325 444 38 19 och
377 445 80 23 efterse,
474 443 37 21 och
526 444 117 20 tillkommer
660 445 64 20 denne
738 451 47 13 ena-

40 471 62 19 handa
116 470 79 26 lydnad,
212 476 43 14 som
271 469 103 21 husbonde
388 476 46 20 eger
448 471 20 20 af
481 470 118 26 tjenstehjon
615 471 72 25 fordra,
704 471 32 20 vid
751 471 33 20 det

38 503 73 14 ansvar
124 497 30 19 för
168 497 87 26 olydnad
268 499 55 18 emot
336 497 109 26 husbonde,
462 503 43 14 som
520 498 107 20 framdeles
641 499 64 25 säges.

381 560 44 24 $'T.

92 604 115 26 Husbonde,
230 604 54 24 eller,
307 605 5 18 i
334 604 48 19 hans
403 603 98 26 fränvaro,
520 604 37 19 den
575 610 44 14 som
635 604 5 19 i
656 604 126 20 husbondens

38 631 57 20 ställe
109 633 39 17 satt
162 632 28 23 är,
206 630 32 20 mä
253 630 33 20 vid
302 629 129 26 tjenstehjons
446 630 125 26 bestraffning
581 631 44 19 icke
635 632 100 24 strängare
746 632 38 18 för-

39 658 40 19 fara
94 661 24 16 än
133 658 5 18 i
152 658 12 19 2
179 657 11 25 $
205 658 24 19 36
244 657 44 25 kap.
307 657 211 26 Missgerningsbalken
533 658 22 19 är
569 657 112 26 medgifvet,
698 657 32 20 vid
745 658 39 20 den

38 684 42 23 bot,
97 689 44 14 som
156 684 35 19 der
205 683 86 26 stadgas,
309 686 51 17 samt
373 685 107 24 ersättning
494 684 29 19 för
538 683 81 25 skadan,
636 683 67 20 såsom
717 685 12 18 4
739 684 10 25 $
759 684 24 19 39

39 711 48 25 Kap.
104 716 76 14 samma
194 710 45 20 balk
254 709 81 21 förmär.

92 737 152 20 Vederbörande
259 743 42 20 ega,
317 736 25 21 dä
356 737 121 20 annorlunda
487 737 53 25 sker,
553 736 117 26 tjenstehjon
680 737 43 20 från
734 736 49 26 tjen-

37 767 46 17 sten
99 764 97 25 entlediga
210 763 24 26 pä
250 765 38 19 sätt
303 764 4 19 i
322 763 10 26 $
346 765 12 18 4
373 764 58 25 saglt
444 766 29 18 är.

92 791 108 26 Förbryter
220 791 29 25 sig
271 790 24 27 pä
312 791 77 20 anfördt
406 793 37 17 sätt
457 791 46 25 den,
518 796 44 15 som
578 790 4 19 i
598 791 114 19 husbondes
726 791 69 20 ställe
787 786 12 36 .

39 821 39 16 satt
98 819 29 24 är,
150 817 48 20 skall
220 817 104 21 husbonde
341 817 73 26 utgifva
429 817 201 26 skadeersättningen,
646 818 38 19 och
698 817 32 20 mä
745 818 37 19 han

37 845 62 24 sedan
114 845 48 20 söka
177 845 33 20 sitt
225 844 42 21 åter
281 844 45 20 bäst
342 845 42 19 han
393 845 64 25 gitter.

369 949 12 20 2
397 949 54 25 Kap.

331 1008 29 17 Om
376 1007 117 24 tjenstehjon.

391 1057 10 26 S
415 1058 19 19 8.

91 1095 126 26 Tjenstehjon
235 1097 21 19 är
274 1095 45 25 den,
339 1101 44 14 man
398 1096 47 19 eller
460 1096 77 25 gvinna,
554 1100 43 15 som
611 1097 53 17 emot
678 1095 60 19 utfäst
752 1094 31 20 lön

39 1124 39 19 och
92 1124 52 23 kost,
161 1123 47 20 eller
222 1123 91 20 deremot
327 1122 97 19 svarande
440 1121 105 26 förmäner,
562 1123 37 18 hos
613 1121 103 20 husbonde
730 1124 53 17 anta-

39 1151 27 24 git
80 1149 95 26 ärstjenst
189 1149 47 21 eller
250 1150 5 19 i
270 1149 43 20 stad
328 1148 60 26 tjenst
402 1149 24 25 pä
442 1149 47 20 halft
506 1148 29 20 är.

93 1177 57 20 Dock
171 1176 31 20 mä
223 1177 57 19 äfven
301 1175 39 20 den
361 1175 68 20 såsom
450 1175 119 26 tjenstehjon
584 1180 65 19 anses,
665 1175 80 19 hvilken
760 1174 24 25 pä

40 1204 78 19 kortare
132 1203 28 20 tid
174 1202 42 26 gått
230 1203 4 19 i
248 1203 66 24 tjenst,
330 1203 83 19 allenast
427 1202 68 20 sådant
509 1202 52 19 skett
575 1201 46 20 med
634 1201 62 20 vilkor
705 1201 30 19 för
744 1200 39 19 den

40 1229 89 26 tjenande
144 1232 28 17 att
187 1229 26 20 till
228 1231 56 18 nästa
297 1228 131 26 flyttningstid
443 1229 5 19 i
463 1228 84 25 tjensten
562 1227 97 20 förblifva.

391 1282 9 25 S
415 1283 19 18 9.

95 1322 49 23 Den,
161 1326 43 15 som
218 1320 62 21 vistas
295 1321 5 19 i
315 1320 106 20 föräldrars
435 1321 37 18 hus
487 1321 38 19 och
538 1319 17 25 ej
567 1318 82 26 uppnått
659 1317 83 26 tjuguett
753 1317 32 20 års

42 1347 60 25 ålder,
118 1347 30 19 får
163 1347 44 19 icke
221 1350 67 21 antaga
304 1346 65 25 tjenst,
386 1345 22 20 sä
422 1346 57 25 länge
493 1345 53 20 fader
561 1345 46 19 eller
621 1344 69 20 moder
699 1343 48 20 Jess
757 1343 30 19 bi-

42 1373 53 20 träde
110 1372 102 20 ästundar.

94 1400 64 20 Hatva
173 1398 96 22 föräldrar
283 1398 17 25 ej
315 1398 61 21 behof
388 1398 22 20 af
422 1398 70 21 sådant
505 1398 58 20 deras
578 1397 59 20 barns
653 1396 82 25 biträde,
752 1401 35 21 ega

43 1427 24 20 de
88 1427 30 20 för
132 1426 112 21 Jetsamma
258 1428 46 18 utse
317 1426 62 20 första
394 1424 84 26 tjensten
493 1427 51 18 samt
558 1430 32 14 om
607 1424 88 20 vilkoren
709 1423 78 20 derföre

44 1454 77 20 afsluta.

703 1483 32 16 98"
