1009 1706
200 137 44 32 1326
425 140 70 22 Nådiga
508 142 139 21 Propositionen
661 140 37 18 N:o
709 141 27 17 39.

202 190 81 24 hemtat,
299 193 29 17 att,
341 190 37 19 den
393 192 64 22 nyttä,
474 196 43 13 sam
535 190 79 18 komme
628 192 27 16 att
670 189 29 19 för
713 195 72 19 granne
799 189 91 29 innebära
906 190 38 19 för-

203 216 86 19 bindelse
309 218 28 17 att
357 216 59 19 inlösa
432 215 108 25 råhägnad,
556 221 44 13 som
615 217 37 18 han
667 215 128 25 undandragit
809 220 30 20 sig
854 218 27 16 att
895 222 49 20 upp-

202 242 47 24 föra,
265 242 63 20 skulle
342 247 58 14 anses
415 248 47 13 vara
477 242 114 24 förbanden,
603 241 21 20 så
635 244 53 18 snart
698 242 35 19 han
744 242 10 19 å
765 242 34 20 sitt
808 243 135 25 angränsande

201 268 82 20 område
297 268 57 21 betar
367 268 51 26 djur,
434 271 46 17 utan
494 272 29 16 att
537 274 32 14 om
583 268 47 20 dem
644 268 49 20 hålla
708 268 60 20 sådan
778 268 58 25 vård,
849 274 50 24 som,
911 275 32 13 om

203 295 98 25 stängseln
322 294 17 26 ej
359 295 79 24 funnes,
462 296 65 19 kunde
544 294 71 20 afnålla
629 295 45 20 dem
688 294 49 20 ifrån
754 295 78 21 marken
845 295 97 29 derinom,

203 322 103 19 äfvensom
320 324 28 16 att
361 321 76 26 hägnad
451 322 20 18 af
478 321 133 27 ifrågakomna
622 321 135 20 beskaffenhet
766 322 75 20 borde
833 317 10 35 i
852 322 92 20 afseende

203 346 11 20 å
233 347 55 20 såväl
309 348 139 25 uppsättandet
468 354 44 13 som
531 347 123 21 underhållet
673 348 54 28 delas
745 348 82 20 emellan
844 348 25 20 de
882 348 62 26 bägge

202 379 116 20 grannarne,
334 376 58 18 änser
405 374 31 24 sig
450 374 51 20 både
515 374 77 20 derföre
606 375 38 19 och
657 374 6 19 i
677 374 46 24 följd
737 374 20 20 af
770 375 52 19 hvad
836 374 37 20 här
886 376 58 19 ofvan

202 400 86 25 anförts,
305 400 64 20 kunna
387 400 26 20 till
431 401 120 19 Ständernas
565 401 107 24 antagande
686 400 77 20 förorda
778 401 38 19 den
830 401 113 25 grundsats,

203 431 42 14 som
260 426 107 20 innehålles
381 427 5 18 i
401 426 148 26 ifrågavarande
563 427 68 25 punkt,
647 427 58 20 likväl
719 427 47 19 med
780 427 37 29 den
831 427 21 19 af
865 427 80 20 Utskot-

203 454 38 17 tets
262 452 97 21 utlåtande
373 458 33 14 om
421 453 162 26 nästföregående
599 453 62 25 punkt
675 453 105 25 betingade
797 453 146 26 inskränkning,

203 481 28 16 att
244 478 262 27 inbjudaingsskyldigheten
520 480 38 19 och
571 479 26 20 de
610 479 57 20 deraf
679 479 160 26 uppkommande
853 481 93 25 rättighe-

203 507 55 16 terna
273 506 38 18 och
324 505 156 26 förpligtelserna
494 506 63 20 skulle
571 506 42 19 afse
628 506 70 19 endast
712 507 26 18 tät
753 506 93 29 stängsel.

257 531 121 26 Antagandet
397 532 21 19 af
436 532 37 19 den
487 533 114 24 grundsats,
618 538 45 14 som
679 532 105 26 genomgår
798 532 148 26 ifrågavarande

202 558 130 24 proposition,
345 556 64 22 måste
423 559 136 24 naturligtsvis
573 559 94 25 berättiga
681 559 50 20 hvar
745 560 38 19 och
797 565 24 13 en
835 560 111 25 lägenhets-

204 584 167 23 innehafvare
340 580 33 35 att
385 584 49 19 efter
447 585 137 25 godtfinnande
597 585 98 20 bibehålla
710 587 46 18 eller
771 586 82 25 nedtaga
864 586 25 19 de
899 587 47 24 häg-

203 609 68 26 nader,
288 611 39 20 han
340 611 35 21 har
388 610 24 25 pä
427 611 47 20 eller
488 612 68 20 utmed
570 612 34 20 sitt
617 611 126 26 egoområde.
772 612 43 19 Men
829 613 38 19 lika
880 616 66 16 natur-

203 635 34 26 ligt
250 638 22 18 är
286 637 34 20 det
333 637 45 24 ock,
394 639 27 17 att
435 639 49 18 hans
498 637 91 26 åtgärder
604 639 3 18 i
623 638 61 20 denna
699 639 30 19 del
744 638 44 20 icke
802 639 64 20 kunna
882 638 63 26 undgå

203 665 28 16 att
252 664 65 19 utöfva
338 663 107 26 inflytande
463 663 25 26 pä
506 665 51 20 hans
569 670 83 21 grannes
666 665 136 26 skyldigheter
815 666 38 19 och
867 666 21 19 af
900 666 46 19 dem

203 688 112 22 föranledda
335 689 137 26 tillgöranden;
490 691 36 19 der
542 692 38 19 han
597 691 93 26 nedtager
707 692 36 19 slik
758 692 84 25 hägnad,
858 691 87 21 inträder

203 715 132 21 förbindelsen
347 716 30 20 för
391 722 109 20 grannarne
513 720 29 17 att
555 724 32 13 om
602 718 41 19 sina
658 717 45 26 djur
716 722 45 22 taga
776 718 60 19 sådan
851 719 94 20 verksam

203 740 55 27 vård,
274 748 44 14 som
331 743 39 20 den
383 743 154 20 undanskaffade
555 745 104 24 hägnaden
674 745 67 20 uittills
757 745 52 26 gjort
822 745 122 26 öfverflödig.

202 769 79 19 Femte
295 769 87 25 punkten
397 771 108 24 uppställer
518 771 39 20 den
570 772 116 25 grundsats,
702 771 101 20 hvarefter
822 765 122 37 omförmälda

202 795 138 25 angelägenhet
354 795 64 21 skulle
434 797 81 24 ordnas,
535 798 37 19 och
589 797 88 26 föreslår,
693 801 27 16 att
734 799 23 19 all
772 799 174 26 stängselskyldig-

202 821 41 24 het,
258 827 43 14 som
317 822 110 25 tillkommit
440 822 25 25 på
479 823 63 26 grund
555 825 22 18 af
588 830 25 14 nu
628 825 88 25 gällande
730 826 31 24 lag
775 825 47 20 elker
835 825 24 20 till
871 825 45 25 följd
926 826 20 19 af

203 847 203 23 öfverenskommelse
421 850 82 19 emellan
518 855 82 20 grannar
614 851 47 20 eller
674 851 20 19 af
702 851 64 21 sådan
772 852 66 24 orsak,
850 857 46 14 som
904 857 41 15 om-

202 875 82 19 nämnes
301 875 4 18 i
322 874 161 26 nästföregående
499 876 72 26 punkt,
589 877 44 20 icke
650 877 64 20 skulle
728 878 67 19 kunna
809 879 89 24 upphöra
912 884 33 14 an-

203 900 95 20 norlunda
312 903 24 19 än
350 902 49 19 efter
413 901 83 27 bevislig
510 904 133 25 uppsägning,
659 904 99 20 hvarefter
772 905 38 19 den
825 905 119 20 fortfarande

203 927 64 22 skulle
284 927 110 25 behörigen
407 928 94 25 fullgöras
518 929 46 20 intill
578 929 98 27 utgången
691 931 20 18 af
722 931 45 19 Juni
781 930 69 22 måna
866 931 78 26 nästpä-

202 951 84 27 följande
301 953 28 20 år.
358 953 108 26 Utskottet,
482 961 45 14 som
540 956 43 19 icke
596 956 75 20 kunnat
685 957 77 19 förorda
772 954 177 38 stängselskyldig-

202 979 70 20 hetens
286 980 39 20 och
338 980 194 26 hägnadsvitsordets.
547 982 119 21 afskaffande
683 984 5 18 i
702 983 146 21 vidsträcktare
861 990 45 13 män
920 986 24 18 än

201 1004 24 22 sä
243 1005 42 20 vidt
305 1006 25 19 Je
351 1008 45 19 röra
416 1008 39 18 täta
472 1008 105 25 hägnaler,
597 1008 36 20 kan
650 1009 118 27 följaktligen
781 1010 44 20 icke
839 1010 61 20 heller
915 1014 29 16 ut-

202 1032 80 20 sträcka
302 1032 33 20 sitt
355 1033 137 26 tillstyrkande
513 1035 20 19 af
548 1040 27 14 nu
590 1034 148 27 ifrågavarande
752 1038 115 24 grundsats,
884 1036 60 21 hvars

201 1058 146 24 nödvändighet
360 1060 55 20 torde
430 1065 49 14 vara
493 1061 5 18 i
513 1061 33 19 det
556 1061 117 26 föregående
682 1062 111 26 ädagalagd,
805 1063 77 20 utöfver
890 1065 54 18 näst-

199 1084 84 20 berörda
297 1085 44 25 slag
355 1086 21 21 af
388 1086 106 25 hägnader.
522 1087 150 21 Grundsatsens
684 1089 134 26 tillämplighet
831 1090 56 19 torde
901 1090 42 20 åter

200 1109 47 20 böra
264 1110 50 20 bero
329 1111 63 25 deraf,
412 1114 28 18 att
456 1112 40 20 den
509 1113 132 26 ifrägakomna
655 1116 99 25 stängsein
768 1116 7 19 i
788 1116 72 25 sjelfva
873 1117 71 20 verket

200 1137 23 18 är
242 1137 21 19 af
277 1136 65 26 någon
359 1141 53 23 nytta
427 1139 30 19 för
471 1145 24 13 en
509 1140 47 20 eller
570 1140 47 20 flere
631 1147 83 19 grannar
728 1145 53 17 samt
795 1146 28 16 att
836 1143 59 20 desse
909 1144 34 19 äro

200 1163 120 26 berättigade
341 1164 25 21 til
385 1170 23 14 en
426 1164 62 21 sådan
503 1169 62 23 nyttä,
581 1167 104 20 hvaremot
699 1168 160 21 beskaffenheten
873 1170 20 18 af
905 1170 38 19 den

201 1189 120 25 rättserund,
339 1191 74 20 hvarur
430 1196 24 14 en
472 1191 62 21 sådan
548 1192 57 21 deras
619 1194 91 25 rättighet
724 1196 30 24 sig
769 1196 97 24 härleder,
882 1201 60 20 synes

199 1214 101 22 Utskottet.
320 1216 45 20 icke
378 1217 47 19 böra
440 1218 67 20 utöfva
521 1218 58 27 något
593 1219 107 27 inflytande
713 1220 55 21 derä.
797 1222 101 20 Utskottet
912 1222 30 21 får

199 1240 78 20 således
297 1242 78 19 förorda
395 1244 144 23 grundsatsens
556 1246 115 24 obetingade
684 1247 142 24 godkännande
840 1249 6 17 i
860 1253 27 14 nu
901 1253 41 14 om-

200 1266 83 21 nämnda
298 1267 118 21 hänseende,
431 1279 26 3 —
470 1270 95 19 Deremot
578 1271 37 19 kan
626 1271 99 20 Utskottet
734 1272 45 20 icke
788 1273 97 26 tillstyrka
895 1274 47 19 den-

198 1296 88 16 sammas
307 1294 106 24 antagande
428 1294 6 19 i
448 1294 53 26 fråga
516 1301 33 13 om
562 1297 63 24 tider,
641 1298 114 21 hvarunder
768 1299 174 27 stängselskyldig-

198 1318 39 24 het,
254 1319 57 20 äfven
326 1318 49 21 efter
388 1320 137 26 försiggången
540 1323 129 27 uppsägning,
685 1326 52 19 ännu
749 1325 37 20 bör
796 1326 97 26 fullgöras.
909 1327 31 19 En

198 1344 62 20 sådan
280 1347 121 25 uppsägning
422 1347 49 21 skall
492 1349 91 26 vanligen
599 1351 30 20 för
642 1350 55 26 dem,
714 1354 41 18 mot
769 1352 65 21 hvilka
849 1353 38 21 den
902 1353 37 20 kan

197 1370 107 28 åberopas,
320 1374 50 28 göra
380 1374 33 19 det
426 1374 119 26 nödvändigt
559 1379 27 17 att
600 1376 68 21 inrätta
681 1384 39 20 nya
734 1379 106 26 hägmader,
856 1386 48 14 men
917 1380 23 20 ti-

197 1398 47 25 den,
260 1404 44 15 som
321 1399 64 21 dertill
401 1400 36 20 här
455 1401 119 27 medgifves,
591 1403 36 20 kan
641 1404 5 19 i
661 1404 69 27 mänga
744 1406 31 20 fall
791 1406 57 21 blifva
863 1408 33 20 allt
904 1403 35 23 för

197 1424 50 25 kort,
271 1426 4 18 i
290 1426 108 25 synnerhet
414 1432 33 15 om
464 1429 146 26 uppsägningen
624 1430 54 20 skett
692 1432 33 19 vid
739 1431 54 22 ärets
807 1433 48 25 slut,
870 1434 25 20 då
910 1434 28 19 äf-
