978 1703
254 137 71 22 Nådiga
337 139 140 21 Propositionen
490 138 35 17 N:o
538 137 28 18 47.
704 147 3 1 +
739 138 44 20 1545

43 189 29 17 ter
88 187 28 19 för
130 186 69 26 hvarje
217 188 99 25 upprepad
334 188 94 19 förseelse
446 188 128 23 härutinnan;
590 188 68 20 vidare
672 188 5 19 i
693 189 24 18 37
732 188 10 25 $
757 189 24 19 12

42 214 67 19 rubels
124 214 56 19 böter
194 216 53 17 utom
263 215 40 25 laga
318 220 71 14 ansvar
399 214 34 19 för
445 215 44 24 den,
505 219 44 14 som
562 214 49 19 låter
625 213 10 20 ä
646 214 30 25 sig
690 215 92 19 mantals-

41 240 40 19 föra
101 239 61 26 dreng
182 241 47 18 eller
246 241 49 24 piga,
311 246 44 14 som
369 240 43 20 icke
427 242 21 18 är
461 241 6 18 i
482 241 48 19 hans
544 241 46 18 kost
603 241 38 19 och
655 241 38 18 hos
709 241 72 19 honom

41 266 91 19 förrättar
146 266 70 25 dagligt
229 267 74 24 arbete,
320 268 86 18 hvarhos
423 266 177 27 byaäldermännen
614 266 79 25 åläggas
707 269 35 22 att,
758 272 24 13 en

40 293 51 18 hvar
107 293 30 18 för
154 293 33 18 sitt
202 293 85 23 distrikt,
307 293 31 19 vid
355 293 204 24 mantalsskrifningen
576 293 107 19 öfvervaka
698 293 84 19 efterlef-

41 318 63 19 naden
126 319 61 24 häraf,
203 320 37 18 och
256 319 89 25 slutligen
360 319 5 19 i
380 319 9 25 $
405 320 24 19 38
444 319 87 25 stadgar:
549 322 57 16 «utan
620 319 101 25 samteliga
735 319 47 25 bya-

41 346 57 27 mäns
113 345 92 25 enhälliga
221 346 103 25 samtycke
338 351 47 14 vare
400 346 56 25 ingen
470 344 68 21 tillåtet
552 348 28 16 att
590 345 4 19 i
605 346 34 18 sitt
648 345 77 19 försvar
737 345 46 19 eller

41 374 60 22 tjenst
115 374 43 22 taga
172 377 25 13 en
211 377 80 20 person,
308 378 42 13 som
365 372 29 19 för
409 372 78 26 okynne
501 371 37 20 och
548 371 54 25 lättja
612 371 65 20 blifvit
686 371 33 19 vid
729 376 54 14 man-

41 398 158 26 talsskrifningen
215 404 44 14 som
272 398 117 20 lösdrifvare
403 398 107 20 antecknad
526 399 47 19 eller
587 398 67 20 såsom
669 398 62 19 sådan
741 398 42 19 blif-

42 425 28 19 vit
84 425 21 19 af.
118 424 149 26 kronobetjente
282 426 101 19 bortsänd.
402 426 41 18 Den
458 426 90 18 häremot
557 425 67 25 bryter
633 424 60 26 plikte
702 424 25 19 20
737 424 43 20 rub.

43 452 37 18 och
100 457 48 13 vare
169 451 75 20 ändock
265 452 78 26 skyldig
357 454 28 17 att
397 451 130 20 undanskaffa
541 457 25 14 en
581 450 58 20 sådan
653 456 73 20 person
741 450 42 20 från

42 478 111 25 byalaget.»
181 478 42 19 Man
237 478 39 19 kan
291 478 78 19 klandra
384 478 37 20 den
436 478 119 19 öfverdrifna
571 478 125 24 strängheten
707 478 5 18 i
725 476 59 20 dessa

43 504 127 25 stadganden,
190 506 36 18 och
243 510 59 20 gerna
319 505 118 25 medgifves,
456 507 28 16 att
497 504 25 20 de
536 504 64 19 kunde
614 503 36 20 tåla
666 504 32 19 vid
713 509 24 14 en
751 504 33 19 be-

43 530 61 27 tydlig
124 530 139 20 modifikation.
293 531 42 20 Men
356 531 33 20 det
410 531 83 20 foktiska
515 534 22 16 är
557 533 28 17 att
603 531 2 18 i
620 530 25 20 de
659 530 123 23 kommuner,

43 557 65 20 hvilka
129 563 32 13 om
183 557 20 20 sä
222 557 114 20 beskaffade
351 558 78 25 stadgar
443 557 173 20 öfverenskommit
630 557 38 19 och
682 557 77 25 lyckats
774 555 10 20 ä

42 583 46 20 dem
103 584 56 19 vinna
175 584 122 25 vederbörlig
312 584 131 24 fastställelse,
459 584 38 19 den
511 583 118 25 välgörande
644 583 73 19 verkan
729 583 57 19 deraf

43 610 43 19 icke
107 610 104 19 uteblifvit.
239 610 27 19 På
287 610 84 20 sednare
388 611 50 19 tider
452 610 51 19 lärer
517 610 52 19 dock
582 609 202 20 Guvernörsembetet

42 636 63 25 dragit
119 636 6 19 i
139 636 122 20 betänkande
275 639 29 16 att
313 637 51 24 gifva
375 637 92 19 sanktion
477 636 20 20 åt
507 635 73 21 sådana
589 636 111 25 lokallagar.
721 632 64 23 Önsk-

42 663 33 25 ligt
97 668 48 14 vore
166 663 30 20 väl
219 663 37 20 ock
276 665 27 17 att
317 663 153 20 kommunernas
488 665 37 17 rätt
539 665 28 17 att
580 663 51 19 inom
646 663 29 24 sig
689 662 96 19 handhaf-

44 695 23 13 va
83 689 131 26 sedepolisen,
230 690 59 19 äfven
303 695 70 20 genom
388 689 21 20 så
424 689 113 20 beskaffade
550 689 63 19 medel
628 694 44 14 som
683 689 59 19 ofvan
753 694 32 14 an-

44 716 60 25 tydts,
121 715 65 21 blefve
199 722 71 20 genom
284 716 70 20 allmän
368 717 30 25 lag
413 716 115 26 betryggad.
557 716 29 19 De
595 716 126 24 kommuner,
732 715 52 19 inom

44 742 66 20 hvilka
131 748 24 14 en
176 743 37 19 slik
233 743 101 25 stränghet
354 742 89 20 befinnes
465 749 46 13 vara
529 742 101 26 obehöflig,
647 742 44 19 lede
703 741 20 25 ju
738 742 48 18 intet

43 768 60 26 derpå
125 772 28 16 att
174 775 23 13 en
218 769 60 20 sådan
293 770 31 24 lag
338 770 79 23 funnes;
435 775 44 13 men
493 770 31 24 de,
540 769 5 19 i
560 769 64 19 hvilka
639 768 146 25 tillämpningen

43 795 56 19 deraf
111 797 22 18 ar
147 796 84 26 ständigt
245 796 20 19 af
277 795 93 21 behofvet
383 796 96 26 påkallad,
491 796 62 19 skulle
563 795 142 25 otvifvelaktigt
715 800 70 20 genom

45 822 147 20 återvändande
212 823 84 24 ordning
311 823 37 19 och
362 822 89 26 stigande
466 822 95 25 sedlighet
575 822 54 25 gälda
644 822 29 19 sin
688 822 98 18 tacksam-

45 848 104 20 hetsskuld
170 849 25 19 till
217 849 142 25 lagstiftningen
374 850 29 18 för
417 851 28 17 ett
459 849 52 19 inom
526 848 59 20 deras
598 847 81 20 område
694 848 45 25 högt
753 847 33 25 på-

43 875 73 19 kalladt
130 875 106 25 stadgande
250 876 5 18 i
270 876 69 26 antydt
352 876 61 26 syfte;
431 876 37 19 och
483 876 52 18 detta
550 874 108 26 stadgande
671 875 70 23 skulle,
755 880 31 13 en-

43 901 34 25 ligt
91 902 39 18 min
146 901 55 26 äsigt,
218 902 111 25 lämpligast
342 902 57 20 finne
410 902 29 19 sin
453 903 50 24 plats
513 902 4 18 i
529 902 10 19 4
550 902 9 24 $
569 902 19 18 af
596 902 61 18 denna
667 900 117 26 författning.

96 928 8 19 I
118 928 64 20 denna
197 929 122 19 reservation
333 928 92 20 förenade
439 929 28 24 sig
482 928 50 20 Herr
546 927 143 25 Wasastjerna,
706 927 77 19 Gustaf.

185 981 24 20 Af
221 982 60 19 Herr
296 982 229 25 Kontraktsprosten
539 980 128 20 Stenbäck:

97 1027 26 20 På
145 1028 24 19 de
192 1029 47 24 skål,
263 1029 51 19 Herr
332 1034 37 13 von
383 1029 65 18 Essen
463 1028 4 19 i
482 1027 121 20 reservation
618 1027 69 25 anfört,
704 1026 82 21 föreslår

44 1054 148 20 vördsammast
209 1054 32 26 jag
262 1055 25 19 till
306 1055 84 20 Landets
405 1055 106 24 Högloflige
525 1054 95 19 Ständers
634 1054 92 25 pröfning
740 1053 47 20 infö-

44 1081 70 20 randet
128 1082 20 18 af
161 1084 28 16 ett
203 1081 107 26 stadgande
325 1082 20 19 af
353 1081 83 25 följande
446 1081 84 26 lydelse:
555 1080 41 20 «Då
607 1081 122 18 kommunal-
741 1081 47 18 eller

45 1107 160 26 »kyrkostämma
227 1108 25 19 till
275 1107 202 20 Guvernörsembetet
496 1107 76 19 insändt
589 1109 27 17 ett
631 1107 4 18 i
650 1107 41 25 laga
707 1106 80 25 ordning

45 1134 64 19 »fördt
129 1135 102 24 protokoll,
251 1134 70 19 hvaraf
337 1140 67 20 synes,
423 1136 28 17 att
465 1134 34 19 alla
515 1133 115 26 röstägande
644 1133 5 19 i
664 1133 124 19 kommunal-

45 1161 60 19 »eller
127 1161 162 26 kyrkostämman
311 1161 89 25 enhalligt
421 1160 103 25 vitsordat,
547 1163 27 16 att
591 1159 62 25 någon
668 1160 47 19 eller
729 1159 58 26 några

45 1189 64 17 »inom
125 1188 120 19 kommunen
260 1193 71 20 genom
345 1187 163 26 kringstrykande
519 1187 46 19 eller
575 1189 27 17 ett
611 1187 82 20 lastbart
702 1186 86 20 lefnads-

46 1215 51 18 »sätt
115 1214 42 19 visa
175 1214 28 25 sig
221 1214 29 19 för
267 1215 70 18 allmän
354 1214 81 25 ordning
450 1214 37 19 och
501 1213 93 19 säkerhet
609 1212 90 26 vällige,
712 1212 76 20 dömme

45 1240 36 20 »då
104 1240 128 20 Guvernören
252 1240 38 20 den
312 1240 45 20 eller
375 1240 45 20 dem
435 1240 25 19 till
475 1240 79 19 allmänt
568 1240 88 18 arbete.»
673 1235 7 35 =
685 1240 30 18 All
730 1240 58 18 rätts-

45 1266 50 20 våda
113 1267 71 25 tyckes
201 1267 38 25 mig
256 1267 66 19 kunna
340 1267 104 22 undvikas,
463 1266 24 20 då
506 1266 119 19 kommunen
640 1266 4 18 i
658 1266 48 19 dess
721 1266 66 19 helhet

46 1293 124 20 tillerkännes
185 1300 22 13 en
222 1294 93 19 moralisk
330 1294 59 24 makt,
406 1299 43 13 som
464 1293 52 19 alltid
531 1294 21 18 är
565 1293 43 19 vida
620 1292 168 26 välsignelserika-

45 1326 28 17 re,
89 1322 24 17 än
127 1320 84 24 positiva
225 1320 78 25 lagbud.

99 1351 92 19 Sistlidne
211 1350 22 20 år
250 1351 91 19 förenade
357 1351 30 25 sig
400 1350 106 19 Alahärmä
521 1350 123 25 församlings
659 1350 129 19 medlemmar

46 1377 21 19 af
79 1378 62 19 Wasa
155 1378 31 18 län
201 1377 92 24 enhälligt
307 1382 32 14 om
353 1377 33 19 det
400 1377 71 23 beslut,
488 1378 28 17 att
529 1375 25 25 på
569 1376 79 19 anförda
658 1375 43 20 skäl
712 1375 76 19 förorda

47 1402 58 27 några
127 1402 126 26 vanfrejdade
274 1405 45 18 män
336 1403 6 19 i
359 1402 136 26 församlingen
509 1401 26 20 till
551 1402 138 19 Guvernörens
704 1401 86 20 behand-

47 1430 44 25 ling.
120 1430 68 20 Under
207 1430 53 19 tiden
278 1429 269 27 kyrkostämmoprotokollet
561 1428 92 20 insändes
667 1428 26 20 till
709 1427 80 26 behörig
