<?xml version="1.0" encoding="UTF-8"?>
<alto xmlns="http://www.loc.gov/standards/alto/ns-v3#" xmlns:xlink="http://www.w3.org/1999/xlink" xmlns:xsi="http://www.w3.org/2001/XMLSchema-instance" xsi:schemaLocation="http://www.loc.gov/standards/alto/ns-v3# http://www.loc.gov/alto/v3/alto-3-0.xsd">
	<Description>
		<MeasurementUnit>pixel</MeasurementUnit>
		<sourceImageInformation>
			<fileName>/tmp/tess_943soquf_input.PNG</fileName>
		</sourceImageInformation>
		<OCRProcessing ID="OCR_0">
			<ocrProcessingStep>
				<processingSoftware>
					<softwareName>tesseract 5.3.4</softwareName>
				</processingSoftware>
			</ocrProcessingStep>
		</OCRProcessing>
	</Description>
	<Layout>
		<Page WIDTH="992" HEIGHT="1703" PHYSICAL_IMG_NR="0" ID="page_0">
			<PrintSpace HPOS="0" VPOS="0" WIDTH="992" HEIGHT="1703">
				<ComposedBlock ID="cblock_0" HPOS="263" VPOS="146" WIDTH="528" HEIGHT="24">
					<TextBlock ID="block_0" HPOS="263" VPOS="146" WIDTH="528" HEIGHT="24">
						<TextLine ID="line_0" HPOS="263" VPOS="146" WIDTH="528" HEIGHT="24">
							<String ID="string_0" HPOS="263" VPOS="146" WIDTH="71" HEIGHT="22" WC="0.92" CONTENT="Nädiga"/><SP WIDTH="12" VPOS="146" HPOS="334"/>
							<String ID="string_1" HPOS="346" VPOS="147" WIDTH="141" HEIGHT="23" WC="0.96" CONTENT="Propositionen"/><SP WIDTH="12" VPOS="147" HPOS="487"/>
							<String ID="string_2" HPOS="499" VPOS="147" WIDTH="36" HEIGHT="18" WC="0.96" CONTENT="N:o"/><SP WIDTH="12" VPOS="147" HPOS="535"/>
							<String ID="string_3" HPOS="547" VPOS="148" WIDTH="28" HEIGHT="20" WC="0.96" CONTENT="50."/><SP WIDTH="173" VPOS="148" HPOS="575"/>
							<String ID="string_4" HPOS="748" VPOS="147" WIDTH="43" HEIGHT="19" WC="0.91" CONTENT="1665"/>
						</TextLine>
					</TextBlock>
				</ComposedBlock>
				<ComposedBlock ID="cblock_1" HPOS="30" VPOS="196" WIDTH="765" HEIGHT="1272">
					<TextBlock ID="block_1" HPOS="48" VPOS="196" WIDTH="743" HEIGHT="317">
						<TextLine ID="line_1" HPOS="51" VPOS="196" WIDTH="738" HEIGHT="27">
							<String ID="string_5" HPOS="51" VPOS="197" WIDTH="33" HEIGHT="18" WC="0.95" CONTENT="het"/><SP WIDTH="21" VPOS="197" HPOS="84"/>
							<String ID="string_6" HPOS="105" VPOS="199" WIDTH="52" HEIGHT="16" WC="0.95" CONTENT="samt"/><SP WIDTH="20" VPOS="199" HPOS="157"/>
							<String ID="string_7" HPOS="177" VPOS="196" WIDTH="43" HEIGHT="20" WC="0.96" CONTENT="dels"/><SP WIDTH="14" VPOS="196" HPOS="220"/>
							<String ID="string_8" HPOS="234" VPOS="196" WIDTH="21" HEIGHT="20" WC="0.96" CONTENT="af"/><SP WIDTH="15" VPOS="196" HPOS="255"/>
							<String ID="string_9" HPOS="270" VPOS="196" WIDTH="62" HEIGHT="20" WC="0.96" CONTENT="denne"/><SP WIDTH="14" VPOS="196" HPOS="332"/>
							<String ID="string_10" HPOS="346" VPOS="197" WIDTH="121" HEIGHT="26" WC="0.91" CONTENT="sistnämnde"/><SP WIDTH="14" VPOS="197" HPOS="467"/>
							<String ID="string_11" HPOS="481" VPOS="197" WIDTH="77" HEIGHT="26" WC="0.96" CONTENT="konung"/><SP WIDTH="14" VPOS="197" HPOS="558"/>
							<String ID="string_12" HPOS="572" VPOS="196" WIDTH="91" HEIGHT="27" WC="0.96" CONTENT="vidtagna"/><SP WIDTH="14" VPOS="196" HPOS="663"/>
							<String ID="string_13" HPOS="677" VPOS="197" WIDTH="112" HEIGHT="26" WC="0.96" CONTENT="ytterligare"/>
						</TextLine>
						<TextLine ID="line_2" HPOS="51" VPOS="222" WIDTH="738" HEIGHT="31">
							<String ID="string_14" HPOS="51" VPOS="222" WIDTH="90" HEIGHT="31" WC="0.87" CONTENT="åtgärder"/><SP WIDTH="20" VPOS="222" HPOS="141"/>
							<String ID="string_15" HPOS="161" VPOS="223" WIDTH="26" HEIGHT="19" WC="0.91" CONTENT="till"/><SP WIDTH="18" VPOS="223" HPOS="187"/>
							<String ID="string_16" HPOS="205" VPOS="223" WIDTH="138" HEIGHT="26" WC="0.96" CONTENT="inskränkning"/><SP WIDTH="13" VPOS="223" HPOS="343"/>
							<String ID="string_17" HPOS="356" VPOS="224" WIDTH="21" HEIGHT="19" WC="0.96" CONTENT="af"/><SP WIDTH="11" VPOS="224" HPOS="377"/>
							<String ID="string_18" HPOS="388" VPOS="223" WIDTH="38" HEIGHT="20" WC="0.96" CONTENT="den"/><SP WIDTH="14" VPOS="223" HPOS="426"/>
							<String ID="string_19" HPOS="440" VPOS="224" WIDTH="35" HEIGHT="19" WC="0.93" CONTENT="fria"/><SP WIDTH="18" VPOS="224" HPOS="475"/>
							<String ID="string_20" HPOS="493" VPOS="223" WIDTH="164" HEIGHT="27" WC="0.92" CONTENT="yttranderätten,"/><SP WIDTH="16" VPOS="223" HPOS="657"/>
							<String ID="string_21" HPOS="673" VPOS="223" WIDTH="116" HEIGHT="21" WC="0.87" CONTENT="hvaribland"/>
						</TextLine>
						<TextLine ID="line_3" HPOS="51" VPOS="249" WIDTH="738" HEIGHT="26">
							<String ID="string_22" HPOS="51" VPOS="254" WIDTH="32" HEIGHT="14" WC="0.95" CONTENT="må"/><SP WIDTH="21" VPOS="254" HPOS="83"/>
							<String ID="string_23" HPOS="104" VPOS="250" WIDTH="82" HEIGHT="18" WC="0.96" CONTENT="nämnas"/><SP WIDTH="21" VPOS="250" HPOS="186"/>
							<String ID="string_24" HPOS="207" VPOS="249" WIDTH="66" HEIGHT="25" WC="0.92" CONTENT="Kongl."/><SP WIDTH="22" VPOS="249" HPOS="273"/>
							<String ID="string_25" HPOS="295" VPOS="249" WIDTH="133" HEIGHT="26" WC="0.91" CONTENT="Kungörelsen"/><SP WIDTH="18" VPOS="249" HPOS="428"/>
							<String ID="string_26" HPOS="446" VPOS="250" WIDTH="36" HEIGHT="19" WC="0.96" CONTENT="den"/><SP WIDTH="18" VPOS="250" HPOS="482"/>
							<String ID="string_27" HPOS="500" VPOS="251" WIDTH="25" HEIGHT="18" WC="0.96" CONTENT="26"/><SP WIDTH="14" VPOS="251" HPOS="525"/>
							<String ID="string_28" HPOS="539" VPOS="249" WIDTH="52" HEIGHT="20" WC="0.96" CONTENT="Mars"/><SP WIDTH="15" VPOS="249" HPOS="591"/>
							<String ID="string_29" HPOS="606" VPOS="250" WIDTH="57" HEIGHT="24" WC="0.96" CONTENT="1798,"/><SP WIDTH="17" VPOS="250" HPOS="663"/>
							<String ID="string_30" HPOS="680" VPOS="255" WIDTH="43" HEIGHT="14" WC="0.95" CONTENT="som"/><SP WIDTH="15" VPOS="255" HPOS="723"/>
							<String ID="string_31" HPOS="738" VPOS="249" WIDTH="51" HEIGHT="26" WC="0.95" CONTENT="ånyo"/>
						</TextLine>
						<TextLine ID="line_4" HPOS="49" VPOS="274" WIDTH="742" HEIGHT="27">
							<String ID="string_32" HPOS="49" VPOS="274" WIDTH="69" HEIGHT="25" WC="0.96" CONTENT="gjorde"/><SP WIDTH="20" VPOS="274" HPOS="118"/>
							<String ID="string_33" HPOS="138" VPOS="275" WIDTH="113" HEIGHT="24" WC="0.93" CONTENT="periodiska"/><SP WIDTH="21" VPOS="275" HPOS="251"/>
							<String ID="string_34" HPOS="272" VPOS="275" WIDTH="92" HEIGHT="20" WC="0.92" CONTENT="skrifters"/><SP WIDTH="19" VPOS="275" HPOS="364"/>
							<String ID="string_35" HPOS="383" VPOS="275" WIDTH="113" HEIGHT="25" WC="0.92" CONTENT="utgifvande"/><SP WIDTH="20" VPOS="275" HPOS="496"/>
							<String ID="string_36" HPOS="516" VPOS="276" WIDTH="99" HEIGHT="19" WC="0.96" CONTENT="beroende"/><SP WIDTH="16" VPOS="276" HPOS="615"/>
							<String ID="string_37" HPOS="631" VPOS="276" WIDTH="20" HEIGHT="19" WC="0.93" CONTENT="af"/><SP WIDTH="14" VPOS="276" HPOS="651"/>
							<String ID="string_38" HPOS="665" VPOS="276" WIDTH="126" HEIGHT="25" WC="0.91" CONTENT="öfverhetligt"/>
						</TextLine>
						<TextLine ID="line_5" HPOS="49" VPOS="301" WIDTH="740" HEIGHT="26">
							<String ID="string_39" HPOS="49" VPOS="301" WIDTH="131" HEIGHT="25" WC="0.95" CONTENT="privilegium,"/><SP WIDTH="19" VPOS="301" HPOS="180"/>
							<String ID="string_40" HPOS="199" VPOS="301" WIDTH="75" HEIGHT="19" WC="0.96" CONTENT="hvilket"/><SP WIDTH="14" VPOS="301" HPOS="274"/>
							<String ID="string_41" HPOS="288" VPOS="302" WIDTH="34" HEIGHT="19" WC="0.96" CONTENT="lätt"/><SP WIDTH="14" VPOS="302" HPOS="322"/>
							<String ID="string_42" HPOS="336" VPOS="302" WIDTH="65" HEIGHT="19" WC="0.93" CONTENT="kunde"/><SP WIDTH="15" VPOS="302" HPOS="401"/>
							<String ID="string_43" HPOS="416" VPOS="301" WIDTH="104" HEIGHT="26" WC="0.92" CONTENT="ätertagas,"/><SP WIDTH="17" VPOS="301" HPOS="520"/>
							<String ID="string_44" HPOS="537" VPOS="305" WIDTH="51" HEIGHT="16" WC="0.96" CONTENT="samt"/><SP WIDTH="15" VPOS="305" HPOS="588"/>
							<String ID="string_45" HPOS="603" VPOS="301" WIDTH="118" HEIGHT="20" WC="0.93" CONTENT="återinförde"/><SP WIDTH="14" VPOS="301" HPOS="721"/>
							<String ID="string_46" HPOS="735" VPOS="302" WIDTH="54" HEIGHT="19" WC="0.93" CONTENT="thea-"/>
						</TextLine>
						<TextLine ID="line_6" HPOS="50" VPOS="327" WIDTH="739" HEIGHT="25">
							<String ID="string_47" HPOS="50" VPOS="329" WIDTH="135" HEIGHT="23" WC="0.91" CONTENT="tercensuren,"/><SP WIDTH="23" VPOS="329" HPOS="185"/>
							<String ID="string_48" HPOS="208" VPOS="327" WIDTH="102" HEIGHT="19" WC="0.93" CONTENT="äfvensom"/><SP WIDTH="15" VPOS="327" HPOS="310"/>
							<String ID="string_49" HPOS="325" VPOS="328" WIDTH="129" HEIGHT="19" WC="0.91" CONTENT="Hofkanslers"/><SP WIDTH="14" VPOS="328" HPOS="454"/>
							<String ID="string_50" HPOS="468" VPOS="328" WIDTH="146" HEIGHT="20" WC="0.91" CONTENT="Instruktionen"/><SP WIDTH="15" VPOS="328" HPOS="614"/>
							<String ID="string_51" HPOS="629" VPOS="328" WIDTH="20" HEIGHT="18" WC="0.96" CONTENT="af"/><SP WIDTH="11" VPOS="328" HPOS="649"/>
							<String ID="string_52" HPOS="660" VPOS="327" WIDTH="39" HEIGHT="20" WC="0.96" CONTENT="den"/><SP WIDTH="16" VPOS="327" HPOS="699"/>
							<String ID="string_53" HPOS="715" VPOS="329" WIDTH="24" HEIGHT="18" WC="0.93" CONTENT="23"/><SP WIDTH="15" VPOS="329" HPOS="739"/>
							<String ID="string_54" HPOS="754" VPOS="328" WIDTH="35" HEIGHT="19" WC="0.92" CONTENT="Fe-"/>
						</TextLine>
						<TextLine ID="line_7" HPOS="49" VPOS="353" WIDTH="738" HEIGHT="26">
							<String ID="string_55" HPOS="49" VPOS="353" WIDTH="66" HEIGHT="20" WC="0.90" CONTENT="bruari"/><SP WIDTH="15" VPOS="353" HPOS="115"/>
							<String ID="string_56" HPOS="130" VPOS="354" WIDTH="58" HEIGHT="24" WC="0.96" CONTENT="1802,"/><SP WIDTH="19" VPOS="354" HPOS="188"/>
							<String ID="string_57" HPOS="207" VPOS="358" WIDTH="44" HEIGHT="15" WC="0.93" CONTENT="som"/><SP WIDTH="14" VPOS="358" HPOS="251"/>
							<String ID="string_58" HPOS="265" VPOS="354" WIDTH="113" HEIGHT="20" WC="0.92" CONTENT="tillerkände"/><SP WIDTH="14" VPOS="354" HPOS="378"/>
							<String ID="string_59" HPOS="392" VPOS="354" WIDTH="126" HEIGHT="20" WC="0.92" CONTENT="hofkanslern"/><SP WIDTH="14" VPOS="354" HPOS="518"/>
							<String ID="string_60" HPOS="532" VPOS="354" WIDTH="98" HEIGHT="25" WC="0.96" CONTENT="rättighet,"/><SP WIDTH="19" VPOS="354" HPOS="630"/>
							<String ID="string_61" HPOS="649" VPOS="353" WIDTH="58" HEIGHT="20" WC="0.96" CONTENT="bland"/><SP WIDTH="14" VPOS="353" HPOS="707"/>
							<String ID="string_62" HPOS="721" VPOS="356" WIDTH="66" HEIGHT="22" WC="0.96" CONTENT="annat,"/>
						</TextLine>
						<TextLine ID="line_8" HPOS="49" VPOS="379" WIDTH="740" HEIGHT="27">
							<String ID="string_63" HPOS="49" VPOS="382" WIDTH="28" HEIGHT="17" WC="0.95" CONTENT="att"/><SP WIDTH="16" VPOS="382" HPOS="77"/>
							<String ID="string_64" HPOS="93" VPOS="382" WIDTH="46" HEIGHT="17" WC="0.89" CONTENT="utan"/><SP WIDTH="17" VPOS="382" HPOS="139"/>
							<String ID="string_65" HPOS="156" VPOS="379" WIDTH="134" HEIGHT="26" WC="0.92" CONTENT="efterföljande"/><SP WIDTH="18" VPOS="379" HPOS="290"/>
							<String ID="string_66" HPOS="308" VPOS="380" WIDTH="37" HEIGHT="20" WC="0.92" CONTENT="åtal"/><SP WIDTH="17" VPOS="380" HPOS="345"/>
							<String ID="string_67" HPOS="362" VPOS="383" WIDTH="127" HEIGHT="23" WC="0.91" CONTENT="seqvestrera"/><SP WIDTH="20" VPOS="383" HPOS="489"/>
							<String ID="string_68" HPOS="509" VPOS="380" WIDTH="74" HEIGHT="26" WC="0.96" CONTENT="utgifna"/><SP WIDTH="20" VPOS="380" HPOS="583"/>
							<String ID="string_69" HPOS="603" VPOS="381" WIDTH="38" HEIGHT="19" WC="0.96" CONTENT="och"/><SP WIDTH="20" VPOS="381" HPOS="641"/>
							<String ID="string_70" HPOS="661" VPOS="380" WIDTH="38" HEIGHT="20" WC="0.95" CONTENT="låta"/><SP WIDTH="14" VPOS="380" HPOS="699"/>
							<String ID="string_71" HPOS="713" VPOS="380" WIDTH="76" HEIGHT="20" WC="0.96" CONTENT="inställa"/>
						</TextLine>
						<TextLine ID="line_9" HPOS="48" VPOS="406" WIDTH="741" HEIGHT="26">
							<String ID="string_72" HPOS="48" VPOS="406" WIDTH="131" HEIGHT="26" WC="0.96" CONTENT="tryckningen"/><SP WIDTH="15" VPOS="406" HPOS="179"/>
							<String ID="string_73" HPOS="194" VPOS="407" WIDTH="22" HEIGHT="19" WC="0.96" CONTENT="af"/><SP WIDTH="11" VPOS="407" HPOS="216"/>
							<String ID="string_74" HPOS="227" VPOS="408" WIDTH="50" HEIGHT="18" WC="0.96" CONTENT="ännu"/><SP WIDTH="15" VPOS="408" HPOS="277"/>
							<String ID="string_75" HPOS="292" VPOS="407" WIDTH="44" HEIGHT="19" WC="0.96" CONTENT="icke"/><SP WIDTH="14" VPOS="407" HPOS="336"/>
							<String ID="string_76" HPOS="350" VPOS="408" WIDTH="93" HEIGHT="19" WC="0.96" CONTENT="utkomna"/><SP WIDTH="14" VPOS="408" HPOS="443"/>
							<String ID="string_77" HPOS="457" VPOS="407" WIDTH="87" HEIGHT="24" WC="0.96" CONTENT="skrifter,"/><SP WIDTH="12" VPOS="407" HPOS="544"/>
							<String ID="string_78" HPOS="556" VPOS="407" WIDTH="46" HEIGHT="19" WC="0.96" CONTENT="dem"/><SP WIDTH="10" VPOS="407" HPOS="602"/>
							<String ID="string_79" HPOS="612" VPOS="408" WIDTH="37" HEIGHT="19" WC="0.96" CONTENT="han"/><SP WIDTH="11" VPOS="408" HPOS="649"/>
							<String ID="string_80" HPOS="660" VPOS="407" WIDTH="66" HEIGHT="20" WC="0.96" CONTENT="kunde"/><SP WIDTH="9" VPOS="407" HPOS="726"/>
							<String ID="string_81" HPOS="735" VPOS="407" WIDTH="54" HEIGHT="20" WC="0.96" CONTENT="finna"/>
						</TextLine>
						<TextLine ID="line_10" HPOS="48" VPOS="432" WIDTH="741" HEIGHT="28">
							<String ID="string_82" HPOS="48" VPOS="433" WIDTH="142" HEIGHT="25" WC="0.92" CONTENT="misstänkliga,"/><SP WIDTH="17" VPOS="433" HPOS="190"/>
							<String ID="string_83" HPOS="207" VPOS="432" WIDTH="21" HEIGHT="21" WC="0.97" CONTENT="så"/><SP WIDTH="15" VPOS="432" HPOS="228"/>
							<String ID="string_84" HPOS="243" VPOS="434" WIDTH="22" HEIGHT="19" WC="0.96" CONTENT="är"/><SP WIDTH="14" VPOS="434" HPOS="265"/>
							<String ID="string_85" HPOS="279" VPOS="433" WIDTH="56" HEIGHT="26" WC="0.96" CONTENT="klart,"/><SP WIDTH="16" VPOS="433" HPOS="335"/>
							<String ID="string_86" HPOS="351" VPOS="436" WIDTH="28" HEIGHT="17" WC="0.95" CONTENT="att"/><SP WIDTH="13" VPOS="436" HPOS="379"/>
							<String ID="string_87" HPOS="392" VPOS="434" WIDTH="38" HEIGHT="20" WC="0.96" CONTENT="den"/><SP WIDTH="14" VPOS="434" HPOS="430"/>
							<String ID="string_88" HPOS="444" VPOS="434" WIDTH="123" HEIGHT="26" WC="0.96" CONTENT="tryckfrihet,"/><SP WIDTH="16" VPOS="434" HPOS="567"/>
							<String ID="string_89" HPOS="583" VPOS="438" WIDTH="45" HEIGHT="15" WC="0.96" CONTENT="som"/><SP WIDTH="14" VPOS="438" HPOS="628"/>
							<String ID="string_90" HPOS="642" VPOS="433" WIDTH="5" HEIGHT="19" WC="0.96" CONTENT="i"/><SP WIDTH="14" VPOS="433" HPOS="647"/>
							<String ID="string_91" HPOS="661" VPOS="434" WIDTH="78" HEIGHT="20" WC="0.96" CONTENT="Finland"/><SP WIDTH="14" VPOS="434" HPOS="739"/>
							<String ID="string_92" HPOS="753" VPOS="439" WIDTH="36" HEIGHT="14" WC="0.96" CONTENT="var"/>
						</TextLine>
						<TextLine ID="line_11" HPOS="49" VPOS="459" WIDTH="742" HEIGHT="28">
							<String ID="string_93" HPOS="49" VPOS="459" WIDTH="92" HEIGHT="25" WC="0.95" CONTENT="rådande,"/><SP WIDTH="17" VPOS="459" HPOS="141"/>
							<String ID="string_94" HPOS="158" VPOS="461" WIDTH="35" HEIGHT="18" WC="0.96" CONTENT="när"/><SP WIDTH="14" VPOS="461" HPOS="193"/>
							<String ID="string_95" HPOS="207" VPOS="460" WIDTH="51" HEIGHT="20" WC="0.94" CONTENT="1829"/><SP WIDTH="15" VPOS="460" HPOS="258"/>
							<String ID="string_96" HPOS="273" VPOS="459" WIDTH="33" HEIGHT="21" WC="0.93" CONTENT="års"/><SP WIDTH="14" VPOS="459" HPOS="306"/>
							<String ID="string_97" HPOS="320" VPOS="460" WIDTH="183" HEIGHT="27" WC="0.92" CONTENT="censurförfattning"/><SP WIDTH="9" VPOS="460" HPOS="503"/>
							<String ID="string_98" HPOS="512" VPOS="460" WIDTH="120" HEIGHT="25" WC="0.96" CONTENT="utfärdades,"/><SP WIDTH="12" VPOS="460" HPOS="632"/>
							<String ID="string_99" HPOS="644" VPOS="466" WIDTH="35" HEIGHT="14" WC="0.96" CONTENT="var"/><SP WIDTH="10" VPOS="466" HPOS="679"/>
							<String ID="string_100" HPOS="689" VPOS="466" WIDTH="24" HEIGHT="14" WC="0.92" CONTENT="en"/><SP WIDTH="9" VPOS="466" HPOS="713"/>
							<String ID="string_101" HPOS="722" VPOS="460" WIDTH="69" HEIGHT="26" WC="0.91" CONTENT="tryck-"/>
						</TextLine>
						<TextLine ID="line_12" HPOS="49" VPOS="486" WIDTH="486" HEIGHT="27">
							<String ID="string_102" HPOS="49" VPOS="486" WIDTH="57" HEIGHT="20" WC="0.96" CONTENT="frihet"/><SP WIDTH="16" VPOS="486" HPOS="106"/>
							<String ID="string_103" HPOS="122" VPOS="492" WIDTH="54" HEIGHT="14" WC="0.96" CONTENT="mera"/><SP WIDTH="14" VPOS="492" HPOS="176"/>
							<String ID="string_104" HPOS="190" VPOS="486" WIDTH="27" HEIGHT="20" WC="0.96" CONTENT="till"/><SP WIDTH="16" VPOS="486" HPOS="217"/>
							<String ID="string_105" HPOS="233" VPOS="490" WIDTH="87" HEIGHT="22" WC="0.96" CONTENT="namnet,"/><SP WIDTH="16" VPOS="490" HPOS="320"/>
							<String ID="string_106" HPOS="336" VPOS="489" WIDTH="24" HEIGHT="17" WC="0.82" CONTENT="än"/><SP WIDTH="7" VPOS="489" HPOS="360"/>
							<String ID="string_107" HPOS="367" VPOS="487" WIDTH="13" HEIGHT="19" WC="0.69" CONTENT="-i"/><SP WIDTH="16" VPOS="487" HPOS="380"/>
							<String ID="string_108" HPOS="396" VPOS="487" WIDTH="139" HEIGHT="26" WC="0.96" CONTENT="verkligheten."/>
						</TextLine>
					</TextBlock>
					<TextBlock ID="block_2" HPOS="48" VPOS="512" WIDTH="744" HEIGHT="400">
						<TextLine ID="line_13" HPOS="104" VPOS="512" WIDTH="687" HEIGHT="28">
							<String ID="string_109" HPOS="104" VPOS="513" WIDTH="75" HEIGHT="20" WC="0.93" CONTENT="Genom"/><SP WIDTH="14" VPOS="513" HPOS="179"/>
							<String ID="string_110" HPOS="193" VPOS="512" WIDTH="108" HEIGHT="27" WC="0.95" CONTENT="Kejserliga"/><SP WIDTH="14" VPOS="512" HPOS="301"/>
							<String ID="string_111" HPOS="315" VPOS="514" WIDTH="143" HEIGHT="26" WC="0.96" CONTENT="Förordningen"/><SP WIDTH="14" VPOS="514" HPOS="458"/>
							<String ID="string_112" HPOS="472" VPOS="514" WIDTH="37" HEIGHT="20" WC="0.87" CONTENT="Jen"/><SP WIDTH="10" VPOS="514" HPOS="509"/>
							<String ID="string_113" HPOS="519" VPOS="514" WIDTH="25" HEIGHT="20" WC="0.96" CONTENT="14"/><SP WIDTH="9" VPOS="514" HPOS="544"/>
							<String ID="string_114" HPOS="553" VPOS="514" WIDTH="90" HEIGHT="20" WC="0.96" CONTENT="Oktober"/><SP WIDTH="10" VPOS="514" HPOS="643"/>
							<String ID="string_115" HPOS="653" VPOS="514" WIDTH="50" HEIGHT="19" WC="0.93" CONTENT="1829"/><SP WIDTH="11" VPOS="514" HPOS="703"/>
							<String ID="string_116" HPOS="714" VPOS="512" WIDTH="77" HEIGHT="21" WC="0.94" CONTENT="skedde"/>
						</TextLine>
						<TextLine ID="line_14" HPOS="49" VPOS="539" WIDTH="741" HEIGHT="28">
							<String ID="string_117" HPOS="49" VPOS="539" WIDTH="18" HEIGHT="26" WC="0.96" CONTENT="ej"/><SP WIDTH="14" VPOS="539" HPOS="67"/>
							<String ID="string_118" HPOS="81" VPOS="539" WIDTH="63" HEIGHT="20" WC="0.96" CONTENT="någon"/><SP WIDTH="14" VPOS="539" HPOS="144"/>
							<String ID="string_119" HPOS="158" VPOS="545" WIDTH="60" HEIGHT="14" WC="0.93" CONTENT="annan"/><SP WIDTH="15" VPOS="545" HPOS="218"/>
							<String ID="string_120" HPOS="233" VPOS="541" WIDTH="111" HEIGHT="24" WC="0.37" CONTENT="väsenltlig"/><SP WIDTH="16" VPOS="541" HPOS="344"/>
							<String ID="string_121" HPOS="360" VPOS="541" WIDTH="81" HEIGHT="26" WC="0.96" CONTENT="ändring"/><SP WIDTH="16" VPOS="541" HPOS="441"/>
							<String ID="string_122" HPOS="457" VPOS="541" WIDTH="21" HEIGHT="19" WC="0.96" CONTENT="af"/><SP WIDTH="14" VPOS="541" HPOS="478"/>
							<String ID="string_123" HPOS="492" VPOS="541" WIDTH="38" HEIGHT="19" WC="0.96" CONTENT="den"/><SP WIDTH="14" VPOS="541" HPOS="530"/>
							<String ID="string_124" HPOS="544" VPOS="540" WIDTH="118" HEIGHT="25" WC="0.93" CONTENT="föregående"/><SP WIDTH="13" VPOS="540" HPOS="662"/>
							<String ID="string_125" HPOS="675" VPOS="539" WIDTH="115" HEIGHT="26" WC="0.91" CONTENT="lagstiftnin-"/>
						</TextLine>
						<TextLine ID="line_15" HPOS="49" VPOS="566" WIDTH="741" HEIGHT="25">
							<String ID="string_126" HPOS="49" VPOS="571" WIDTH="37" HEIGHT="20" WC="0.95" CONTENT="gen"/><SP WIDTH="21" VPOS="571" HPOS="86"/>
							<String ID="string_127" HPOS="107" VPOS="572" WIDTH="5" HEIGHT="13" WC="0.92" CONTENT="i"/><SP WIDTH="20" VPOS="572" HPOS="112"/>
							<String ID="string_128" HPOS="132" VPOS="568" WIDTH="72" HEIGHT="23" WC="0.83" CONTENT="ämhet,"/><SP WIDTH="13" VPOS="568" HPOS="204"/>
							<String ID="string_129" HPOS="217" VPOS="568" WIDTH="33" HEIGHT="18" WC="0.81" CONTENT="&#39;än"/><SP WIDTH="20" VPOS="568" HPOS="250"/>
							<String ID="string_130" HPOS="270" VPOS="570" WIDTH="28" HEIGHT="16" WC="0.91" CONTENT="att"/><SP WIDTH="20" VPOS="570" HPOS="298"/>
							<String ID="string_131" HPOS="318" VPOS="572" WIDTH="72" HEIGHT="15" WC="0.96" CONTENT="censur"/><SP WIDTH="20" VPOS="572" HPOS="390"/>
							<String ID="string_132" HPOS="410" VPOS="567" WIDTH="21" HEIGHT="20" WC="0.93" CONTENT="af"/><SP WIDTH="19" VPOS="567" HPOS="431"/>
							<String ID="string_133" HPOS="450" VPOS="566" WIDTH="53" HEIGHT="21" WC="0.95" CONTENT="såväl"/><SP WIDTH="14" VPOS="566" HPOS="503"/>
							<String ID="string_134" HPOS="517" VPOS="567" WIDTH="100" HEIGHT="19" WC="0.96" CONTENT="inhemskt"/><SP WIDTH="14" VPOS="567" HPOS="617"/>
							<String ID="string_135" HPOS="631" VPOS="572" WIDTH="44" HEIGHT="14" WC="0.93" CONTENT="som"/><SP WIDTH="14" VPOS="572" HPOS="675"/>
							<String ID="string_136" HPOS="689" VPOS="566" WIDTH="101" HEIGHT="20" WC="0.96" CONTENT="utländskt"/>
						</TextLine>
						<TextLine ID="line_16" HPOS="49" VPOS="593" WIDTH="741" HEIGHT="26">
							<String ID="string_137" HPOS="49" VPOS="593" WIDTH="57" HEIGHT="26" WC="0.92" CONTENT="tryck"/><SP WIDTH="21" VPOS="593" HPOS="106"/>
							<String ID="string_138" HPOS="127" VPOS="593" WIDTH="115" HEIGHT="25" WC="0.91" CONTENT="Jerigenom"/><SP WIDTH="20" VPOS="593" HPOS="242"/>
							<String ID="string_139" HPOS="262" VPOS="593" WIDTH="93" HEIGHT="20" WC="0.91" CONTENT="infördes."/><SP WIDTH="33" VPOS="593" HPOS="355"/>
							<String ID="string_140" HPOS="388" VPOS="593" WIDTH="76" HEIGHT="20" WC="0.88" CONTENT="Genom"/><SP WIDTH="14" VPOS="593" HPOS="464"/>
							<String ID="string_141" HPOS="478" VPOS="594" WIDTH="62" HEIGHT="19" WC="0.93" CONTENT="denna"/><SP WIDTH="14" VPOS="594" HPOS="540"/>
							<String ID="string_142" HPOS="554" VPOS="593" WIDTH="111" HEIGHT="25" WC="0.88" CONTENT="författning"/><SP WIDTH="14" VPOS="593" HPOS="665"/>
							<String ID="string_143" HPOS="679" VPOS="593" WIDTH="41" HEIGHT="20" WC="0.93" CONTENT="blef"/><SP WIDTH="11" VPOS="593" HPOS="720"/>
							<String ID="string_144" HPOS="731" VPOS="593" WIDTH="59" HEIGHT="25" WC="0.92" CONTENT="utgif-"/>
						</TextLine>
						<TextLine ID="line_17" HPOS="48" VPOS="619" WIDTH="742" HEIGHT="26">
							<String ID="string_145" HPOS="48" VPOS="619" WIDTH="70" HEIGHT="26" WC="0.96" CONTENT="ningen"/><SP WIDTH="21" VPOS="619" HPOS="118"/>
							<String ID="string_146" HPOS="139" VPOS="620" WIDTH="21" HEIGHT="19" WC="0.93" CONTENT="af"/><SP WIDTH="17" VPOS="620" HPOS="160"/>
							<String ID="string_147" HPOS="177" VPOS="619" WIDTH="81" HEIGHT="20" WC="0.96" CONTENT="skrifter"/><SP WIDTH="21" VPOS="619" HPOS="258"/>
							<String ID="string_148" HPOS="279" VPOS="619" WIDTH="79" HEIGHT="21" WC="0.93" CONTENT="således"/><SP WIDTH="14" VPOS="619" HPOS="358"/>
							<String ID="string_149" HPOS="372" VPOS="621" WIDTH="82" HEIGHT="19" WC="0.92" CONTENT="allenast"/><SP WIDTH="13" VPOS="621" HPOS="454"/>
							<String ID="string_150" HPOS="467" VPOS="619" WIDTH="110" HEIGHT="25" WC="0.92" CONTENT="försvärad,"/><SP WIDTH="15" VPOS="619" HPOS="577"/>
							<String ID="string_151" HPOS="592" VPOS="622" WIDTH="47" HEIGHT="17" WC="0.97" CONTENT="utan"/><SP WIDTH="14" VPOS="622" HPOS="639"/>
							<String ID="string_152" HPOS="653" VPOS="622" WIDTH="28" HEIGHT="17" WC="0.93" CONTENT="att"/><SP WIDTH="14" VPOS="622" HPOS="681"/>
							<String ID="string_153" HPOS="695" VPOS="622" WIDTH="95" HEIGHT="17" WC="0.96" CONTENT="ansvaret"/>
						</TextLine>
						<TextLine ID="line_18" HPOS="49" VPOS="645" WIDTH="742" HEIGHT="28">
							<String ID="string_154" HPOS="49" VPOS="646" WIDTH="30" HEIGHT="20" WC="0.95" CONTENT="för"/><SP WIDTH="13" VPOS="646" HPOS="79"/>
							<String ID="string_155" HPOS="92" VPOS="646" WIDTH="34" HEIGHT="20" WC="0.96" CONTENT="det"/><SP WIDTH="14" VPOS="646" HPOS="126"/>
							<String ID="string_156" HPOS="140" VPOS="646" WIDTH="45" HEIGHT="20" WC="0.93" CONTENT="med"/><SP WIDTH="15" VPOS="646" HPOS="185"/>
							<String ID="string_157" HPOS="200" VPOS="652" WIDTH="81" HEIGHT="14" WC="0.93" CONTENT="censors"/><SP WIDTH="17" VPOS="652" HPOS="281"/>
							<String ID="string_158" HPOS="298" VPOS="646" WIDTH="85" HEIGHT="21" WC="0.96" CONTENT="tillstånd"/><SP WIDTH="16" VPOS="646" HPOS="383"/>
							<String ID="string_159" HPOS="399" VPOS="647" WIDTH="94" HEIGHT="20" WC="0.96" CONTENT="utkomna"/><SP WIDTH="14" VPOS="647" HPOS="493"/>
							<String ID="string_160" HPOS="507" VPOS="647" WIDTH="80" HEIGHT="26" WC="0.93" CONTENT="trycket"/><SP WIDTH="13" VPOS="647" HPOS="587"/>
							<String ID="string_161" HPOS="600" VPOS="646" WIDTH="78" HEIGHT="19" WC="0.92" CONTENT="derföre"/><SP WIDTH="14" VPOS="646" HPOS="678"/>
							<String ID="string_162" HPOS="692" VPOS="645" WIDTH="99" HEIGHT="26" WC="0.92" CONTENT="öfvergått"/>
						</TextLine>
						<TextLine ID="line_19" HPOS="48" VPOS="672" WIDTH="743" HEIGHT="28">
							<String ID="string_163" HPOS="48" VPOS="673" WIDTH="27" HEIGHT="19" WC="0.95" CONTENT="till"/><SP WIDTH="15" VPOS="673" HPOS="75"/>
							<String ID="string_164" HPOS="90" VPOS="672" WIDTH="70" HEIGHT="20" WC="0.94" CONTENT="denne."/><SP WIDTH="30" VPOS="672" HPOS="160"/>
							<String ID="string_165" HPOS="190" VPOS="673" WIDTH="62" HEIGHT="26" WC="0.86" CONTENT="Enligt"/><SP WIDTH="12" VPOS="673" HPOS="252"/>
							<String ID="string_166" HPOS="264" VPOS="674" WIDTH="27" HEIGHT="19" WC="0.93" CONTENT="60"/><SP WIDTH="17" VPOS="674" HPOS="291"/>
							<String ID="string_167" HPOS="308" VPOS="673" WIDTH="11" HEIGHT="25" WC="0.93" CONTENT="$"/><SP WIDTH="14" VPOS="673" HPOS="319"/>
							<String ID="string_168" HPOS="333" VPOS="673" WIDTH="5" HEIGHT="19" WC="0.96" CONTENT="i"/><SP WIDTH="14" VPOS="673" HPOS="338"/>
							<String ID="string_169" HPOS="352" VPOS="673" WIDTH="134" HEIGHT="27" WC="0.96" CONTENT="nyssnämnda"/><SP WIDTH="13" VPOS="673" HPOS="486"/>
							<String ID="string_170" HPOS="499" VPOS="673" WIDTH="111" HEIGHT="25" WC="0.96" CONTENT="förordning"/><SP WIDTH="14" VPOS="673" HPOS="610"/>
							<String ID="string_171" HPOS="624" VPOS="674" WIDTH="22" HEIGHT="18" WC="0.96" CONTENT="är"/><SP WIDTH="14" VPOS="674" HPOS="646"/>
							<String ID="string_172" HPOS="660" VPOS="677" WIDTH="71" HEIGHT="15" WC="0.93" CONTENT="censor"/><SP WIDTH="14" VPOS="677" HPOS="731"/>
							<String ID="string_173" HPOS="745" VPOS="673" WIDTH="46" HEIGHT="19" WC="0.92" CONTENT="alle-"/>
						</TextLine>
						<TextLine ID="line_20" HPOS="48" VPOS="698" WIDTH="741" HEIGHT="28">
							<String ID="string_174" HPOS="48" VPOS="702" WIDTH="45" HEIGHT="16" WC="0.66" CONTENT="näst"/><SP WIDTH="20" VPOS="702" HPOS="93"/>
							<String ID="string_175" HPOS="113" VPOS="699" WIDTH="139" HEIGHT="27" WC="0.96" CONTENT="medansvarig"/><SP WIDTH="20" VPOS="699" HPOS="252"/>
							<String ID="string_176" HPOS="272" VPOS="700" WIDTH="29" HEIGHT="19" WC="0.96" CONTENT="för"/><SP WIDTH="17" VPOS="700" HPOS="301"/>
							<String ID="string_177" HPOS="318" VPOS="699" WIDTH="34" HEIGHT="21" WC="0.95" CONTENT="det"/><SP WIDTH="16" VPOS="699" HPOS="352"/>
							<String ID="string_178" HPOS="368" VPOS="699" WIDTH="85" HEIGHT="21" WC="0.96" CONTENT="otillåtna"/><SP WIDTH="14" VPOS="699" HPOS="453"/>
							<String ID="string_179" HPOS="467" VPOS="699" WIDTH="75" HEIGHT="25" WC="0.95" CONTENT="arbete,"/><SP WIDTH="16" VPOS="699" HPOS="542"/>
							<String ID="string_180" HPOS="558" VPOS="700" WIDTH="60" HEIGHT="19" WC="0.96" CONTENT="hvars"/><SP WIDTH="14" VPOS="700" HPOS="618"/>
							<String ID="string_181" HPOS="632" VPOS="698" WIDTH="105" HEIGHT="27" WC="0.96" CONTENT="tryckning"/><SP WIDTH="15" VPOS="698" HPOS="737"/>
							<String ID="string_182" HPOS="752" VPOS="699" WIDTH="37" HEIGHT="19" WC="0.96" CONTENT="han"/>
						</TextLine>
						<TextLine ID="line_21" HPOS="48" VPOS="725" WIDTH="742" HEIGHT="27">
							<String ID="string_183" HPOS="48" VPOS="726" WIDTH="58" HEIGHT="26" WC="0.89" CONTENT="gillat."/><SP WIDTH="29" VPOS="726" HPOS="106"/>
							<String ID="string_184" HPOS="135" VPOS="726" WIDTH="128" HEIGHT="21" WC="0.87" CONTENT="Oberäknadt"/><SP WIDTH="17" VPOS="726" HPOS="263"/>
							<String ID="string_185" HPOS="280" VPOS="726" WIDTH="69" HEIGHT="25" WC="0.96" CONTENT="sjelfva"/><SP WIDTH="17" VPOS="726" HPOS="349"/>
							<String ID="string_186" HPOS="366" VPOS="732" WIDTH="102" HEIGHT="19" WC="0.94" CONTENT="censuren,"/><SP WIDTH="23" VPOS="732" HPOS="468"/>
							<String ID="string_187" HPOS="491" VPOS="726" WIDTH="87" HEIGHT="20" WC="0.96" CONTENT="infördes"/><SP WIDTH="13" VPOS="726" HPOS="578"/>
							<String ID="string_188" HPOS="591" VPOS="730" WIDTH="70" HEIGHT="20" WC="0.96" CONTENT="genom"/><SP WIDTH="14" VPOS="730" HPOS="661"/>
							<String ID="string_189" HPOS="675" VPOS="725" WIDTH="63" HEIGHT="20" WC="0.93" CONTENT="denna"/><SP WIDTH="14" VPOS="725" HPOS="738"/>
							<String ID="string_190" HPOS="752" VPOS="726" WIDTH="38" HEIGHT="19" WC="0.93" CONTENT="för-"/>
						</TextLine>
						<TextLine ID="line_22" HPOS="49" VPOS="750" WIDTH="741" HEIGHT="29">
							<String ID="string_191" HPOS="49" VPOS="752" WIDTH="83" HEIGHT="26" WC="0.95" CONTENT="ordning"/><SP WIDTH="20" VPOS="752" HPOS="132"/>
							<String ID="string_192" HPOS="152" VPOS="752" WIDTH="18" HEIGHT="26" WC="0.95" CONTENT="ej"/><SP WIDTH="21" VPOS="752" HPOS="170"/>
							<String ID="string_193" HPOS="191" VPOS="753" WIDTH="61" HEIGHT="20" WC="0.96" CONTENT="heller"/><SP WIDTH="22" VPOS="753" HPOS="252"/>
							<String ID="string_194" HPOS="274" VPOS="752" WIDTH="59" HEIGHT="27" WC="0.93" CONTENT="något"/><SP WIDTH="17" VPOS="752" HPOS="333"/>
							<String ID="string_195" HPOS="350" VPOS="753" WIDTH="118" HEIGHT="26" WC="0.91" CONTENT="väsendtligt"/><SP WIDTH="13" VPOS="753" HPOS="468"/>
							<String ID="string_196" HPOS="481" VPOS="756" WIDTH="42" HEIGHT="23" WC="0.96" CONTENT="nytt"/><SP WIDTH="14" VPOS="756" HPOS="523"/>
							<String ID="string_197" HPOS="537" VPOS="753" WIDTH="6" HEIGHT="19" WC="0.96" CONTENT="i"/><SP WIDTH="14" VPOS="753" HPOS="543"/>
							<String ID="string_198" HPOS="557" VPOS="754" WIDTH="72" HEIGHT="22" WC="0.96" CONTENT="ämnet;"/><SP WIDTH="22" VPOS="754" HPOS="629"/>
							<String ID="string_199" HPOS="651" VPOS="754" WIDTH="22" HEIGHT="24" WC="0.96" CONTENT="ty"/><SP WIDTH="14" VPOS="754" HPOS="673"/>
							<String ID="string_200" HPOS="687" VPOS="750" WIDTH="103" HEIGHT="26" WC="0.95" CONTENT="förbjudna"/>
						</TextLine>
						<TextLine ID="line_23" HPOS="49" VPOS="778" WIDTH="742" HEIGHT="28">
							<String ID="string_201" HPOS="49" VPOS="781" WIDTH="34" HEIGHT="18" WC="0.95" CONTENT="äro"/><SP WIDTH="21" VPOS="781" HPOS="83"/>
							<String ID="string_202" HPOS="104" VPOS="779" WIDTH="5" HEIGHT="20" WC="0.96" CONTENT="i"/><SP WIDTH="22" VPOS="779" HPOS="109"/>
							<String ID="string_203" HPOS="131" VPOS="780" WIDTH="11" HEIGHT="19" WC="0.91" CONTENT="3"/><SP WIDTH="22" VPOS="780" HPOS="142"/>
							<String ID="string_204" HPOS="164" VPOS="780" WIDTH="10" HEIGHT="25" WC="0.87" CONTENT="$"/><SP WIDTH="20" VPOS="780" HPOS="174"/>
							<String ID="string_205" HPOS="194" VPOS="780" WIDTH="48" HEIGHT="20" WC="0.95" CONTENT="blott"/><SP WIDTH="20" VPOS="780" HPOS="242"/>
							<String ID="string_206" HPOS="262" VPOS="779" WIDTH="72" HEIGHT="21" WC="0.96" CONTENT="sådana"/><SP WIDTH="14" VPOS="779" HPOS="334"/>
							<String ID="string_207" HPOS="348" VPOS="779" WIDTH="86" HEIGHT="27" WC="0.96" CONTENT="skrifter,"/><SP WIDTH="16" VPOS="779" HPOS="434"/>
							<String ID="string_208" HPOS="450" VPOS="780" WIDTH="66" HEIGHT="20" WC="0.96" CONTENT="hvilka"/><SP WIDTH="14" VPOS="780" HPOS="516"/>
							<String ID="string_209" HPOS="530" VPOS="779" WIDTH="61" HEIGHT="21" WC="0.96" CONTENT="redan"/><SP WIDTH="14" VPOS="779" HPOS="591"/>
							<String ID="string_210" HPOS="605" VPOS="784" WIDTH="72" HEIGHT="20" WC="0.96" CONTENT="genom"/><SP WIDTH="14" VPOS="784" HPOS="677"/>
							<String ID="string_211" HPOS="691" VPOS="778" WIDTH="52" HEIGHT="20" WC="0.94" CONTENT="4774"/><SP WIDTH="14" VPOS="778" HPOS="743"/>
							<String ID="string_212" HPOS="757" VPOS="778" WIDTH="34" HEIGHT="20" WC="0.96" CONTENT="års"/>
						</TextLine>
						<TextLine ID="line_24" HPOS="49" VPOS="805" WIDTH="743" HEIGHT="28">
							<String ID="string_213" HPOS="49" VPOS="806" WIDTH="241" HEIGHT="27" WC="0.91" CONTENT="tryckfrihetsförordning"/><SP WIDTH="21" VPOS="806" HPOS="290"/>
							<String ID="string_214" HPOS="311" VPOS="807" WIDTH="37" HEIGHT="19" WC="0.96" CONTENT="och"/><SP WIDTH="18" VPOS="807" HPOS="348"/>
							<String ID="string_215" HPOS="366" VPOS="806" WIDTH="70" HEIGHT="25" WC="0.91" CONTENT="Kongl."/><SP WIDTH="18" VPOS="806" HPOS="436"/>
							<String ID="string_216" HPOS="454" VPOS="806" WIDTH="133" HEIGHT="26" WC="0.81" CONTENT="Kungörelsen"/><SP WIDTH="14" VPOS="806" HPOS="587"/>
							<String ID="string_217" HPOS="601" VPOS="806" WIDTH="38" HEIGHT="19" WC="0.96" CONTENT="den"/><SP WIDTH="14" VPOS="806" HPOS="639"/>
							<String ID="string_218" HPOS="653" VPOS="806" WIDTH="11" HEIGHT="19" WC="0.96" CONTENT="7"/><SP WIDTH="16" VPOS="806" HPOS="664"/>
							<String ID="string_219" HPOS="680" VPOS="805" WIDTH="112" HEIGHT="20" WC="0.96" CONTENT="December"/>
						</TextLine>
						<TextLine ID="line_25" HPOS="50" VPOS="832" WIDTH="741" HEIGHT="27">
							<String ID="string_220" HPOS="50" VPOS="833" WIDTH="51" HEIGHT="20" WC="0.94" CONTENT="1787"/><SP WIDTH="22" VPOS="833" HPOS="101"/>
							<String ID="string_221" HPOS="123" VPOS="832" WIDTH="103" HEIGHT="21" WC="0.94" CONTENT="förklarats"/><SP WIDTH="21" VPOS="832" HPOS="226"/>
							<String ID="string_222" HPOS="247" VPOS="839" WIDTH="48" HEIGHT="14" WC="0.93" CONTENT="vara"/><SP WIDTH="21" VPOS="839" HPOS="295"/>
							<String ID="string_223" HPOS="316" VPOS="833" WIDTH="114" HEIGHT="26" WC="0.88" CONTENT="förgripliga;"/><SP WIDTH="17" VPOS="833" HPOS="430"/>
							<String ID="string_224" HPOS="447" VPOS="834" WIDTH="38" HEIGHT="19" WC="0.96" CONTENT="och"/><SP WIDTH="13" VPOS="834" HPOS="485"/>
							<String ID="string_225" HPOS="498" VPOS="834" WIDTH="5" HEIGHT="18" WC="0.95" CONTENT="i"/><SP WIDTH="15" VPOS="834" HPOS="503"/>
							<String ID="string_226" HPOS="518" VPOS="832" WIDTH="97" HEIGHT="20" WC="0.96" CONTENT="särskilda"/><SP WIDTH="13" VPOS="832" HPOS="615"/>
							<String ID="string_227" HPOS="628" VPOS="832" WIDTH="114" HEIGHT="26" WC="0.96" CONTENT="paragrafer"/><SP WIDTH="14" VPOS="832" HPOS="742"/>
							<String ID="string_228" HPOS="756" VPOS="833" WIDTH="35" HEIGHT="18" WC="0.96" CONTENT="äro"/>
						</TextLine>
						<TextLine ID="line_26" HPOS="50" VPOS="858" WIDTH="741" HEIGHT="28">
							<String ID="string_229" HPOS="50" VPOS="865" WIDTH="119" HEIGHT="14" WC="0.92" CONTENT="censorerne"/><SP WIDTH="20" VPOS="865" HPOS="169"/>
							<String ID="string_230" HPOS="189" VPOS="859" WIDTH="108" HEIGHT="21" WC="0.91" CONTENT="åtvarnade"/><SP WIDTH="19" VPOS="859" HPOS="297"/>
							<String ID="string_231" HPOS="316" VPOS="862" WIDTH="28" HEIGHT="17" WC="0.96" CONTENT="att"/><SP WIDTH="20" VPOS="862" HPOS="344"/>
							<String ID="string_232" HPOS="364" VPOS="859" WIDTH="52" HEIGHT="27" WC="0.96" CONTENT="taga"/><SP WIDTH="13" VPOS="859" HPOS="416"/>
							<String ID="string_233" HPOS="429" VPOS="860" WIDTH="29" HEIGHT="26" WC="0.96" CONTENT="sig"/><SP WIDTH="21" VPOS="860" HPOS="458"/>
							<String ID="string_234" HPOS="479" VPOS="860" WIDTH="26" HEIGHT="20" WC="0.95" CONTENT="till"/><SP WIDTH="15" VPOS="860" HPOS="505"/>
							<String ID="string_235" HPOS="520" VPOS="865" WIDTH="47" HEIGHT="14" WC="0.96" CONTENT="vara"/><SP WIDTH="14" VPOS="865" HPOS="567"/>
							<String ID="string_236" HPOS="581" VPOS="860" WIDTH="29" HEIGHT="18" WC="0.96" CONTENT="för"/><SP WIDTH="14" VPOS="860" HPOS="610"/>
							<String ID="string_237" HPOS="624" VPOS="862" WIDTH="29" HEIGHT="16" WC="0.96" CONTENT="ett"/><SP WIDTH="14" VPOS="862" HPOS="653"/>
							<String ID="string_238" HPOS="667" VPOS="858" WIDTH="124" HEIGHT="26" WC="0.96" CONTENT="godtyckligt"/>
						</TextLine>
						<TextLine ID="line_27" HPOS="49" VPOS="886" WIDTH="354" HEIGHT="26">
							<String ID="string_239" HPOS="49" VPOS="886" WIDTH="150" HEIGHT="20" WC="0.91" CONTENT="handhafvande"/><SP WIDTH="14" VPOS="886" HPOS="199"/>
							<String ID="string_240" HPOS="213" VPOS="886" WIDTH="19" HEIGHT="20" WC="0.96" CONTENT="af"/><SP WIDTH="12" VPOS="886" HPOS="232"/>
							<String ID="string_241" HPOS="244" VPOS="886" WIDTH="32" HEIGHT="20" WC="0.95" CONTENT="sin"/><SP WIDTH="14" VPOS="886" HPOS="276"/>
							<String ID="string_242" HPOS="290" VPOS="886" WIDTH="113" HEIGHT="26" WC="0.96" CONTENT="befattning."/>
						</TextLine>
					</TextBlock>
					<TextBlock ID="block_3" HPOS="48" VPOS="911" WIDTH="743" HEIGHT="240">
						<TextLine ID="line_28" HPOS="104" VPOS="911" WIDTH="687" HEIGHT="24">
							<String ID="string_243" HPOS="104" VPOS="912" WIDTH="55" HEIGHT="20" WC="0.95" CONTENT="Huru"/><SP WIDTH="21" VPOS="912" HPOS="159"/>
							<String ID="string_244" HPOS="180" VPOS="918" WIDTH="97" HEIGHT="14" WC="0.95" CONTENT="censuren"/><SP WIDTH="21" VPOS="918" HPOS="277"/>
							<String ID="string_245" HPOS="298" VPOS="912" WIDTH="108" HEIGHT="20" WC="0.96" CONTENT="emellertid"/><SP WIDTH="20" VPOS="912" HPOS="406"/>
							<String ID="string_246" HPOS="426" VPOS="912" WIDTH="63" HEIGHT="20" WC="0.96" CONTENT="blifvit"/><SP WIDTH="20" VPOS="912" HPOS="489"/>
							<String ID="string_247" HPOS="509" VPOS="912" WIDTH="5" HEIGHT="20" WC="0.96" CONTENT="i"/><SP WIDTH="20" VPOS="912" HPOS="514"/>
							<String ID="string_248" HPOS="534" VPOS="912" WIDTH="80" HEIGHT="20" WC="0.92" CONTENT="Finland"/><SP WIDTH="17" VPOS="912" HPOS="614"/>
							<String ID="string_249" HPOS="631" VPOS="911" WIDTH="105" HEIGHT="24" WC="0.90" CONTENT="handhafd,"/><SP WIDTH="16" VPOS="911" HPOS="736"/>
							<String ID="string_250" HPOS="752" VPOS="912" WIDTH="39" HEIGHT="19" WC="0.96" CONTENT="och"/>
						</TextLine>
						<TextLine ID="line_29" HPOS="50" VPOS="938" WIDTH="741" HEIGHT="27">
							<String ID="string_251" HPOS="50" VPOS="939" WIDTH="107" HEIGHT="20" WC="0.91" CONTENT="huruledes"/><SP WIDTH="20" VPOS="939" HPOS="157"/>
							<String ID="string_252" HPOS="177" VPOS="938" WIDTH="96" HEIGHT="27" WC="0.96" CONTENT="åtskilliga"/><SP WIDTH="20" VPOS="938" HPOS="273"/>
							<String ID="string_253" HPOS="293" VPOS="940" WIDTH="51" HEIGHT="19" WC="0.96" CONTENT="efter"/><SP WIDTH="20" VPOS="940" HPOS="344"/>
							<String ID="string_254" HPOS="364" VPOS="938" WIDTH="22" HEIGHT="21" WC="0.94" CONTENT="år"/><SP WIDTH="21" VPOS="938" HPOS="386"/>
							<String ID="string_255" HPOS="407" VPOS="939" WIDTH="51" HEIGHT="20" WC="0.93" CONTENT="4829"/><SP WIDTH="18" VPOS="939" HPOS="458"/>
							<String ID="string_256" HPOS="476" VPOS="939" WIDTH="92" HEIGHT="20" WC="0.96" CONTENT="utkomna"/><SP WIDTH="15" VPOS="939" HPOS="568"/>
							<String ID="string_257" HPOS="583" VPOS="938" WIDTH="65" HEIGHT="26" WC="0.96" CONTENT="påbud"/><SP WIDTH="15" VPOS="938" HPOS="648"/>
							<String ID="string_258" HPOS="663" VPOS="939" WIDTH="39" HEIGHT="19" WC="0.93" CONTENT="och"/><SP WIDTH="15" VPOS="939" HPOS="702"/>
							<String ID="string_259" HPOS="717" VPOS="938" WIDTH="74" HEIGHT="20" WC="0.92" CONTENT="författ-"/>
						</TextLine>
						<TextLine ID="line_30" HPOS="49" VPOS="964" WIDTH="742" HEIGHT="28">
							<String ID="string_260" HPOS="49" VPOS="966" WIDTH="68" HEIGHT="26" WC="0.93" CONTENT="ningar"/><SP WIDTH="13" VPOS="966" HPOS="117"/>
							<String ID="string_261" HPOS="130" VPOS="965" WIDTH="65" HEIGHT="21" WC="0.92" CONTENT="tidtals"/><SP WIDTH="14" VPOS="965" HPOS="195"/>
							<String ID="string_262" HPOS="209" VPOS="966" WIDTH="113" HEIGHT="26" WC="0.96" CONTENT="ytterligare"/><SP WIDTH="17" VPOS="966" HPOS="322"/>
							<String ID="string_263" HPOS="339" VPOS="966" WIDTH="102" HEIGHT="20" WC="0.93" CONTENT="inskränkt"/><SP WIDTH="13" VPOS="966" HPOS="441"/>
							<String ID="string_264" HPOS="454" VPOS="966" WIDTH="161" HEIGHT="26" WC="0.88" CONTENT="yttranderätten,"/><SP WIDTH="16" VPOS="966" HPOS="615"/>
							<String ID="string_265" HPOS="631" VPOS="966" WIDTH="22" HEIGHT="18" WC="0.96" CONTENT="är"/><SP WIDTH="14" VPOS="966" HPOS="653"/>
							<String ID="string_266" HPOS="667" VPOS="965" WIDTH="30" HEIGHT="19" WC="0.96" CONTENT="för"/><SP WIDTH="14" VPOS="965" HPOS="697"/>
							<String ID="string_267" HPOS="711" VPOS="965" WIDTH="30" HEIGHT="19" WC="0.93" CONTENT="väl"/><SP WIDTH="15" VPOS="965" HPOS="741"/>
							<String ID="string_268" HPOS="756" VPOS="964" WIDTH="35" HEIGHT="20" WC="0.93" CONTENT="be-"/>
						</TextLine>
						<TextLine ID="line_31" HPOS="49" VPOS="991" WIDTH="742" HEIGHT="21">
							<String ID="string_269" HPOS="49" VPOS="992" WIDTH="47" HEIGHT="20" WC="0.96" CONTENT="kant"/><SP WIDTH="19" VPOS="992" HPOS="96"/>
							<String ID="string_270" HPOS="115" VPOS="993" WIDTH="30" HEIGHT="19" WC="0.96" CONTENT="för"/><SP WIDTH="21" VPOS="993" HPOS="145"/>
							<String ID="string_271" HPOS="166" VPOS="995" WIDTH="28" HEIGHT="17" WC="0.96" CONTENT="att"/><SP WIDTH="19" VPOS="995" HPOS="194"/>
							<String ID="string_272" HPOS="213" VPOS="994" WIDTH="35" HEIGHT="18" WC="0.91" CONTENT="här"/><SP WIDTH="16" VPOS="994" HPOS="248"/>
							<String ID="string_273" HPOS="264" VPOS="993" WIDTH="86" HEIGHT="19" WC="0.91" CONTENT="behöfva"/><SP WIDTH="14" VPOS="993" HPOS="350"/>
							<String ID="string_274" HPOS="364" VPOS="992" WIDTH="94" HEIGHT="20" WC="0.96" CONTENT="särskildt"/><SP WIDTH="14" VPOS="992" HPOS="458"/>
							<String ID="string_275" HPOS="472" VPOS="991" WIDTH="119" HEIGHT="21" WC="0.94" CONTENT="framhållas."/><SP WIDTH="29" VPOS="991" HPOS="591"/>
							<String ID="string_276" HPOS="620" VPOS="992" WIDTH="37" HEIGHT="19" WC="0.95" CONTENT="Det"/><SP WIDTH="15" VPOS="992" HPOS="657"/>
							<String ID="string_277" HPOS="672" VPOS="991" WIDTH="55" HEIGHT="21" WC="0.96" CONTENT="torde"/><SP WIDTH="16" VPOS="991" HPOS="727"/>
							<String ID="string_278" HPOS="743" VPOS="996" WIDTH="48" HEIGHT="15" WC="0.95" CONTENT="vara"/>
						</TextLine>
						<TextLine ID="line_32" HPOS="50" VPOS="1017" WIDTH="741" HEIGHT="28">
							<String ID="string_279" HPOS="50" VPOS="1025" WIDTH="38" HEIGHT="20" WC="0.96" CONTENT="nog"/><SP WIDTH="17" VPOS="1025" HPOS="88"/>
							<String ID="string_280" HPOS="105" VPOS="1022" WIDTH="29" HEIGHT="16" WC="0.95" CONTENT="att"/><SP WIDTH="17" VPOS="1022" HPOS="134"/>
							<String ID="string_281" HPOS="151" VPOS="1020" WIDTH="5" HEIGHT="18" WC="0.96" CONTENT="i"/><SP WIDTH="18" VPOS="1020" HPOS="156"/>
							<String ID="string_282" HPOS="174" VPOS="1019" WIDTH="53" HEIGHT="20" WC="0.96" CONTENT="detta"/><SP WIDTH="15" VPOS="1019" HPOS="227"/>
							<String ID="string_283" HPOS="242" VPOS="1019" WIDTH="92" HEIGHT="20" WC="0.96" CONTENT="afseende"/><SP WIDTH="15" VPOS="1019" HPOS="334"/>
							<String ID="string_284" HPOS="349" VPOS="1020" WIDTH="63" HEIGHT="19" WC="0.96" CONTENT="erinra"/><SP WIDTH="13" VPOS="1020" HPOS="412"/>
							<String ID="string_285" HPOS="425" VPOS="1025" WIDTH="33" HEIGHT="14" WC="0.96" CONTENT="om"/><SP WIDTH="14" VPOS="1025" HPOS="458"/>
							<String ID="string_286" HPOS="472" VPOS="1019" WIDTH="33" HEIGHT="19" WC="0.96" CONTENT="det"/><SP WIDTH="14" VPOS="1019" HPOS="505"/>
							<String ID="string_287" HPOS="519" VPOS="1019" WIDTH="20" HEIGHT="19" WC="0.96" CONTENT="af"/><SP WIDTH="12" VPOS="1019" HPOS="539"/>
							<String ID="string_288" HPOS="551" VPOS="1018" WIDTH="77" HEIGHT="20" WC="0.96" CONTENT="landets"/><SP WIDTH="14" VPOS="1018" HPOS="628"/>
							<String ID="string_289" HPOS="642" VPOS="1023" WIDTH="26" HEIGHT="14" WC="0.96" CONTENT="nu"/><SP WIDTH="14" VPOS="1023" HPOS="668"/>
							<String ID="string_290" HPOS="682" VPOS="1017" WIDTH="109" HEIGHT="27" WC="0.96" CONTENT="regerande"/>
						</TextLine>
						<TextLine ID="line_33" HPOS="50" VPOS="1044" WIDTH="741" HEIGHT="27">
							<String ID="string_291" HPOS="50" VPOS="1046" WIDTH="44" HEIGHT="19" WC="0.91" CONTENT="ädle"/><SP WIDTH="13" VPOS="1046" HPOS="94"/>
							<String ID="string_292" HPOS="107" VPOS="1045" WIDTH="80" HEIGHT="20" WC="0.93" CONTENT="Monark"/><SP WIDTH="15" VPOS="1045" HPOS="187"/>
							<String ID="string_293" HPOS="202" VPOS="1045" WIDTH="98" HEIGHT="26" WC="0.92" CONTENT="upphäfda"/><SP WIDTH="17" VPOS="1045" HPOS="300"/>
							<String ID="string_294" HPOS="317" VPOS="1045" WIDTH="115" HEIGHT="26" WC="0.88" CONTENT="stadgandet"/><SP WIDTH="14" VPOS="1045" HPOS="432"/>
							<String ID="string_295" HPOS="446" VPOS="1045" WIDTH="20" HEIGHT="20" WC="0.96" CONTENT="af"/><SP WIDTH="12" VPOS="1045" HPOS="466"/>
							<String ID="string_296" HPOS="478" VPOS="1045" WIDTH="37" HEIGHT="20" WC="0.96" CONTENT="den"/><SP WIDTH="15" VPOS="1045" HPOS="515"/>
							<String ID="string_297" HPOS="530" VPOS="1045" WIDTH="11" HEIGHT="20" WC="0.96" CONTENT="8"/><SP WIDTH="15" VPOS="1045" HPOS="541"/>
							<String ID="string_298" HPOS="556" VPOS="1045" WIDTH="53" HEIGHT="20" WC="0.96" CONTENT="April"/><SP WIDTH="16" VPOS="1045" HPOS="609"/>
							<String ID="string_299" HPOS="625" VPOS="1045" WIDTH="58" HEIGHT="24" WC="0.93" CONTENT="1850,"/><SP WIDTH="16" VPOS="1045" HPOS="683"/>
							<String ID="string_300" HPOS="699" VPOS="1044" WIDTH="92" HEIGHT="25" WC="0.92" CONTENT="hvarige-"/>
						</TextLine>
						<TextLine ID="line_34" HPOS="49" VPOS="1070" WIDTH="740" HEIGHT="29">
							<String ID="string_301" HPOS="49" VPOS="1077" WIDTH="48" HEIGHT="15" WC="0.93" CONTENT="nom"/><SP WIDTH="17" VPOS="1077" HPOS="97"/>
							<String ID="string_302" HPOS="114" VPOS="1072" WIDTH="121" HEIGHT="27" WC="0.92" CONTENT="utgifvandet"/><SP WIDTH="17" VPOS="1072" HPOS="235"/>
							<String ID="string_303" HPOS="252" VPOS="1073" WIDTH="20" HEIGHT="18" WC="0.97" CONTENT="af"/><SP WIDTH="16" VPOS="1073" HPOS="272"/>
							<String ID="string_304" HPOS="288" VPOS="1078" WIDTH="37" HEIGHT="21" WC="0.93" CONTENT="nya"/><SP WIDTH="15" VPOS="1078" HPOS="325"/>
							<String ID="string_305" HPOS="340" VPOS="1072" WIDTH="79" HEIGHT="20" WC="0.92" CONTENT="arbeten"/><SP WIDTH="15" VPOS="1072" HPOS="419"/>
							<String ID="string_306" HPOS="434" VPOS="1071" WIDTH="11" HEIGHT="20" WC="0.93" CONTENT="ä"/><SP WIDTH="14" VPOS="1071" HPOS="445"/>
							<String ID="string_307" HPOS="459" VPOS="1071" WIDTH="64" HEIGHT="21" WC="0.93" CONTENT="finska"/><SP WIDTH="14" VPOS="1071" HPOS="523"/>
							<String ID="string_308" HPOS="537" VPOS="1071" WIDTH="82" HEIGHT="26" WC="0.92" CONTENT="spräket"/><SP WIDTH="13" VPOS="1071" HPOS="619"/>
							<String ID="string_309" HPOS="632" VPOS="1071" WIDTH="41" HEIGHT="20" WC="0.92" CONTENT="blef"/><SP WIDTH="12" VPOS="1071" HPOS="673"/>
							<String ID="string_310" HPOS="685" VPOS="1070" WIDTH="104" HEIGHT="25" WC="0.89" CONTENT="förbjudet,"/>
						</TextLine>
						<TextLine ID="line_35" HPOS="50" VPOS="1097" WIDTH="740" HEIGHT="26">
							<String ID="string_311" HPOS="50" VPOS="1098" WIDTH="84" HEIGHT="21" WC="0.96" CONTENT="såframt"/><SP WIDTH="19" VPOS="1098" HPOS="134"/>
							<String ID="string_312" HPOS="153" VPOS="1099" WIDTH="25" HEIGHT="20" WC="0.96" CONTENT="de"/><SP WIDTH="20" VPOS="1099" HPOS="178"/>
							<String ID="string_313" HPOS="198" VPOS="1099" WIDTH="44" HEIGHT="19" WC="0.96" CONTENT="icke"/><SP WIDTH="15" VPOS="1099" HPOS="242"/>
							<String ID="string_314" HPOS="257" VPOS="1099" WIDTH="51" HEIGHT="19" WC="0.96" CONTENT="hade"/><SP WIDTH="13" VPOS="1099" HPOS="308"/>
							<String ID="string_315" HPOS="321" VPOS="1099" WIDTH="27" HEIGHT="19" WC="0.93" CONTENT="till"/><SP WIDTH="14" VPOS="1099" HPOS="348"/>
							<String ID="string_316" HPOS="362" VPOS="1097" WIDTH="89" HEIGHT="22" WC="0.93" CONTENT="ändamål"/><SP WIDTH="16" VPOS="1097" HPOS="451"/>
							<String ID="string_317" HPOS="467" VPOS="1098" WIDTH="81" HEIGHT="20" WC="0.91" CONTENT="»endast"/><SP WIDTH="15" VPOS="1098" HPOS="548"/>
							<String ID="string_318" HPOS="563" VPOS="1097" WIDTH="78" HEIGHT="26" WC="0.92" CONTENT="religiös"/><SP WIDTH="13" VPOS="1097" HPOS="641"/>
							<String ID="string_319" HPOS="654" VPOS="1097" WIDTH="136" HEIGHT="26" WC="0.91" CONTENT="uppbyggelse"/>
						</TextLine>
						<TextLine ID="line_36" HPOS="48" VPOS="1125" WIDTH="270" HEIGHT="26">
							<String ID="string_320" HPOS="48" VPOS="1125" WIDTH="49" HEIGHT="20" WC="0.93" CONTENT="eller"/><SP WIDTH="14" VPOS="1125" HPOS="97"/>
							<String ID="string_321" HPOS="111" VPOS="1125" WIDTH="116" HEIGHT="20" WC="0.92" CONTENT="economisk"/><SP WIDTH="14" VPOS="1125" HPOS="227"/>
							<String ID="string_322" HPOS="241" VPOS="1127" WIDTH="77" HEIGHT="24" WC="0.92" CONTENT="nytta.«"/>
						</TextLine>
					</TextBlock>
					<TextBlock ID="block_4" HPOS="50" VPOS="1149" WIDTH="741" HEIGHT="81">
						<TextLine ID="line_37" HPOS="103" VPOS="1149" WIDTH="688" HEIGHT="22">
							<String ID="string_323" HPOS="103" VPOS="1151" WIDTH="75" HEIGHT="20" WC="0.95" CONTENT="Genom"/><SP WIDTH="18" VPOS="1151" HPOS="178"/>
							<String ID="string_324" HPOS="196" VPOS="1151" WIDTH="63" HEIGHT="20" WC="0.95" CONTENT="denna"/><SP WIDTH="17" VPOS="1151" HPOS="259"/>
							<String ID="string_325" HPOS="276" VPOS="1152" WIDTH="56" HEIGHT="19" WC="0.93" CONTENT="korta"/><SP WIDTH="17" VPOS="1152" HPOS="332"/>
							<String ID="string_326" HPOS="349" VPOS="1152" WIDTH="96" HEIGHT="19" WC="0.91" CONTENT="öfversigt"/><SP WIDTH="13" VPOS="1152" HPOS="445"/>
							<String ID="string_327" HPOS="458" VPOS="1152" WIDTH="21" HEIGHT="19" WC="0.96" CONTENT="af"/><SP WIDTH="15" VPOS="1152" HPOS="479"/>
							<String ID="string_328" HPOS="494" VPOS="1151" WIDTH="128" HEIGHT="20" WC="0.96" CONTENT="förhållandet"/><SP WIDTH="13" VPOS="1151" HPOS="622"/>
							<String ID="string_329" HPOS="635" VPOS="1151" WIDTH="6" HEIGHT="19" WC="0.96" CONTENT="i"/><SP WIDTH="14" VPOS="1151" HPOS="641"/>
							<String ID="string_330" HPOS="655" VPOS="1150" WIDTH="60" HEIGHT="20" WC="0.93" CONTENT="andra"/><SP WIDTH="14" VPOS="1150" HPOS="715"/>
							<String ID="string_331" HPOS="729" VPOS="1149" WIDTH="62" HEIGHT="20" WC="0.90" CONTENT="civili-"/>
						</TextLine>
						<TextLine ID="line_38" HPOS="50" VPOS="1177" WIDTH="741" HEIGHT="27">
							<String ID="string_332" HPOS="50" VPOS="1178" WIDTH="71" HEIGHT="20" WC="0.96" CONTENT="serade"/><SP WIDTH="17" VPOS="1178" HPOS="121"/>
							<String ID="string_333" HPOS="138" VPOS="1178" WIDTH="68" HEIGHT="20" WC="0.96" CONTENT="länder"/><SP WIDTH="18" VPOS="1178" HPOS="206"/>
							<String ID="string_334" HPOS="224" VPOS="1179" WIDTH="39" HEIGHT="18" WC="0.96" CONTENT="och"/><SP WIDTH="13" VPOS="1179" HPOS="263"/>
							<String ID="string_335" HPOS="276" VPOS="1178" WIDTH="38" HEIGHT="20" WC="0.96" CONTENT="den"/><SP WIDTH="14" VPOS="1178" HPOS="314"/>
							<String ID="string_336" HPOS="328" VPOS="1178" WIDTH="116" HEIGHT="26" WC="0.96" CONTENT="föregående"/><SP WIDTH="14" VPOS="1178" HPOS="444"/>
							<String ID="string_337" HPOS="458" VPOS="1178" WIDTH="101" HEIGHT="19" WC="0.95" CONTENT="inhemska"/><SP WIDTH="15" VPOS="1178" HPOS="559"/>
							<String ID="string_338" HPOS="574" VPOS="1177" WIDTH="141" HEIGHT="25" WC="0.92" CONTENT="lagstiftningen"/><SP WIDTH="16" VPOS="1177" HPOS="715"/>
							<String ID="string_339" HPOS="731" VPOS="1178" WIDTH="5" HEIGHT="18" WC="0.93" CONTENT="i"/><SP WIDTH="14" VPOS="1178" HPOS="736"/>
							<String ID="string_340" HPOS="750" VPOS="1178" WIDTH="41" HEIGHT="18" WC="0.91" CONTENT="äm-"/>
						</TextLine>
						<TextLine ID="line_39" HPOS="50" VPOS="1203" WIDTH="741" HEIGHT="27">
							<String ID="string_341" HPOS="50" VPOS="1207" WIDTH="40" HEIGHT="23" WC="0.96" CONTENT="net,"/><SP WIDTH="16" VPOS="1207" HPOS="90"/>
							<String ID="string_342" HPOS="106" VPOS="1210" WIDTH="58" HEIGHT="14" WC="0.96" CONTENT="anser"/><SP WIDTH="14" VPOS="1210" HPOS="164"/>
							<String ID="string_343" HPOS="178" VPOS="1204" WIDTH="100" HEIGHT="20" WC="0.96" CONTENT="Utskottet"/><SP WIDTH="14" VPOS="1204" HPOS="278"/>
							<String ID="string_344" HPOS="292" VPOS="1205" WIDTH="33" HEIGHT="19" WC="0.96" CONTENT="det"/><SP WIDTH="13" VPOS="1205" HPOS="325"/>
							<String ID="string_345" HPOS="338" VPOS="1210" WIDTH="48" HEIGHT="14" WC="0.96" CONTENT="vara"/><SP WIDTH="14" VPOS="1210" HPOS="386"/>
							<String ID="string_346" HPOS="400" VPOS="1204" WIDTH="78" HEIGHT="26" WC="0.96" CONTENT="tydligt,"/><SP WIDTH="12" VPOS="1204" HPOS="478"/>
							<String ID="string_347" HPOS="490" VPOS="1207" WIDTH="28" HEIGHT="16" WC="0.96" CONTENT="att"/><SP WIDTH="13" VPOS="1207" HPOS="518"/>
							<String ID="string_348" HPOS="531" VPOS="1203" WIDTH="64" HEIGHT="26" WC="0.96" CONTENT="någon"/><SP WIDTH="16" VPOS="1203" HPOS="595"/>
							<String ID="string_349" HPOS="611" VPOS="1203" WIDTH="76" HEIGHT="25" WC="0.96" CONTENT="verklig"/><SP WIDTH="14" VPOS="1203" HPOS="687"/>
							<String ID="string_350" HPOS="701" VPOS="1203" WIDTH="37" HEIGHT="19" WC="0.93" CONTENT="och"/><SP WIDTH="15" VPOS="1203" HPOS="738"/>
							<String ID="string_351" HPOS="753" VPOS="1205" WIDTH="38" HEIGHT="17" WC="0.92" CONTENT="sta-"/>
						</TextLine>
					</TextBlock>
					<TextBlock ID="block_5" HPOS="30" VPOS="1228" WIDTH="765" HEIGHT="240">
						<TextLine ID="line_40" HPOS="30" VPOS="1228" WIDTH="763" HEIGHT="29">
							<String ID="string_352" HPOS="30" VPOS="1232" WIDTH="4" HEIGHT="5" WC="0.83" CONTENT="”"/><SP WIDTH="16" VPOS="1232" HPOS="34"/>
							<String ID="string_353" HPOS="50" VPOS="1230" WIDTH="119" HEIGHT="26" WC="0.91" CONTENT="digvarande"/><SP WIDTH="21" VPOS="1230" HPOS="169"/>
							<String ID="string_354" HPOS="190" VPOS="1230" WIDTH="93" HEIGHT="20" WC="0.96" CONTENT="säkerhet"/><SP WIDTH="20" VPOS="1230" HPOS="283"/>
							<String ID="string_355" HPOS="303" VPOS="1232" WIDTH="29" HEIGHT="18" WC="0.93" CONTENT="för"/><SP WIDTH="20" VPOS="1232" HPOS="332"/>
							<String ID="string_356" HPOS="352" VPOS="1229" WIDTH="222" HEIGHT="28" WC="0.90" CONTENT="yttrande-friheten"/><SP WIDTH="-21" VPOS="1229" HPOS="574"/>
							<String ID="string_357" HPOS="553" VPOS="1224" WIDTH="28" HEIGHT="37" WC="0.96" CONTENT="ej"/><SP WIDTH="14" VPOS="1224" HPOS="581"/>
							<String ID="string_358" HPOS="595" VPOS="1230" WIDTH="38" HEIGHT="19" WC="0.96" CONTENT="kan"/><SP WIDTH="17" VPOS="1230" HPOS="633"/>
							<String ID="string_359" HPOS="650" VPOS="1235" WIDTH="48" HEIGHT="14" WC="0.96" CONTENT="vara"/><SP WIDTH="17" VPOS="1235" HPOS="698"/>
							<String ID="string_360" HPOS="715" VPOS="1231" WIDTH="29" HEIGHT="17" WC="0.93" CONTENT="att"/><SP WIDTH="14" VPOS="1231" HPOS="744"/>
							<String ID="string_361" HPOS="758" VPOS="1228" WIDTH="35" HEIGHT="26" WC="0.93" CONTENT="pä-"/>
						</TextLine>
						<TextLine ID="line_41" HPOS="51" VPOS="1256" WIDTH="743" HEIGHT="26">
							<String ID="string_362" HPOS="51" VPOS="1257" WIDTH="66" HEIGHT="25" WC="0.95" CONTENT="räkna,"/><SP WIDTH="22" VPOS="1257" HPOS="117"/>
							<String ID="string_363" HPOS="139" VPOS="1258" WIDTH="56" HEIGHT="19" WC="0.93" CONTENT="innan"/><SP WIDTH="17" VPOS="1258" HPOS="195"/>
							<String ID="string_364" HPOS="212" VPOS="1256" WIDTH="203" HEIGHT="26" WC="0.74" CONTENT="pressförhållandenå"/><SP WIDTH="17" VPOS="1256" HPOS="415"/>
							<String ID="string_365" HPOS="432" VPOS="1258" WIDTH="120" HEIGHT="19" WC="0.96" CONTENT="bestämmas"/><SP WIDTH="17" VPOS="1258" HPOS="552"/>
							<String ID="string_366" HPOS="569" VPOS="1262" WIDTH="70" HEIGHT="20" WC="0.96" CONTENT="genom"/><SP WIDTH="18" VPOS="1262" HPOS="639"/>
							<String ID="string_367" HPOS="657" VPOS="1262" WIDTH="24" HEIGHT="14" WC="0.96" CONTENT="en"/><SP WIDTH="15" VPOS="1262" HPOS="681"/>
							<String ID="string_368" HPOS="696" VPOS="1256" WIDTH="21" HEIGHT="18" WC="0.96" CONTENT="af"/><SP WIDTH="12" VPOS="1256" HPOS="717"/>
							<String ID="string_369" HPOS="729" VPOS="1256" WIDTH="65" HEIGHT="24" WC="0.96" CONTENT="begge"/>
						</TextLine>
						<TextLine ID="line_42" HPOS="52" VPOS="1282" WIDTH="739" HEIGHT="27">
							<String ID="string_370" HPOS="52" VPOS="1284" WIDTH="152" HEIGHT="20" WC="0.96" CONTENT="statsmakterna"/><SP WIDTH="17" VPOS="1284" HPOS="204"/>
							<String ID="string_371" HPOS="221" VPOS="1284" WIDTH="100" HEIGHT="20" WC="0.95" CONTENT="beroende"/><SP WIDTH="17" VPOS="1284" HPOS="321"/>
							<String ID="string_372" HPOS="338" VPOS="1284" WIDTH="36" HEIGHT="25" WC="0.96" CONTENT="lag."/><SP WIDTH="36" VPOS="1284" HPOS="374"/>
							<String ID="string_373" HPOS="410" VPOS="1284" WIDTH="44" HEIGHT="19" WC="0.96" CONTENT="Med"/><SP WIDTH="14" VPOS="1284" HPOS="454"/>
							<String ID="string_374" HPOS="468" VPOS="1284" WIDTH="125" HEIGHT="19" WC="0.96" CONTENT="tacksamhet"/><SP WIDTH="13" VPOS="1284" HPOS="593"/>
							<String ID="string_375" HPOS="606" VPOS="1282" WIDTH="65" HEIGHT="20" WC="0.96" CONTENT="måste"/><SP WIDTH="15" VPOS="1282" HPOS="671"/>
							<String ID="string_376" HPOS="686" VPOS="1282" WIDTH="105" HEIGHT="24" WC="0.95" CONTENT="erkännas,"/>
						</TextLine>
						<TextLine ID="line_43" HPOS="51" VPOS="1308" WIDTH="744" HEIGHT="28">
							<String ID="string_377" HPOS="51" VPOS="1312" WIDTH="27" HEIGHT="18" WC="0.92" CONTENT="att"/><SP WIDTH="21" VPOS="1312" HPOS="78"/>
							<String ID="string_378" HPOS="99" VPOS="1310" WIDTH="153" HEIGHT="26" WC="0.92" CONTENT="censurtvånget"/><SP WIDTH="20" VPOS="1310" HPOS="252"/>
							<String ID="string_379" HPOS="272" VPOS="1310" WIDTH="62" HEIGHT="20" WC="0.96" CONTENT="under"/><SP WIDTH="20" VPOS="1310" HPOS="334"/>
							<String ID="string_380" HPOS="354" VPOS="1310" WIDTH="25" HEIGHT="20" WC="0.93" CONTENT="de"/><SP WIDTH="21" VPOS="1310" HPOS="379"/>
							<String ID="string_381" HPOS="400" VPOS="1310" WIDTH="125" HEIGHT="20" WC="0.91" CONTENT="allråsenaste"/><SP WIDTH="19" VPOS="1310" HPOS="525"/>
							<String ID="string_382" HPOS="544" VPOS="1309" WIDTH="47" HEIGHT="20" WC="0.96" CONTENT="åren"/><SP WIDTH="15" VPOS="1309" HPOS="591"/>
							<String ID="string_383" HPOS="606" VPOS="1309" WIDTH="50" HEIGHT="25" WC="0.97" CONTENT="varit"/><SP WIDTH="13" VPOS="1309" HPOS="656"/>
							<String ID="string_384" HPOS="669" VPOS="1308" WIDTH="74" HEIGHT="27" WC="0.93" CONTENT="ganska"/><SP WIDTH="14" VPOS="1308" HPOS="743"/>
							<String ID="string_385" HPOS="757" VPOS="1308" WIDTH="38" HEIGHT="20" WC="0.91" CONTENT="lin-"/>
						</TextLine>
						<TextLine ID="line_44" HPOS="51" VPOS="1334" WIDTH="740" HEIGHT="28">
							<String ID="string_386" HPOS="51" VPOS="1336" WIDTH="57" HEIGHT="26" WC="0.90" CONTENT="drigt,"/><SP WIDTH="23" VPOS="1336" HPOS="108"/>
							<String ID="string_387" HPOS="131" VPOS="1337" WIDTH="38" HEIGHT="19" WC="0.95" CONTENT="och"/><SP WIDTH="21" VPOS="1337" HPOS="169"/>
							<String ID="string_388" HPOS="190" VPOS="1338" WIDTH="28" HEIGHT="18" WC="0.95" CONTENT="att"/><SP WIDTH="16" VPOS="1338" HPOS="218"/>
							<String ID="string_389" HPOS="234" VPOS="1336" WIDTH="90" HEIGHT="20" WC="0.96" CONTENT="nationen"/><SP WIDTH="18" VPOS="1336" HPOS="324"/>
							<String ID="string_390" HPOS="342" VPOS="1336" WIDTH="66" HEIGHT="20" WC="0.96" CONTENT="derför"/><SP WIDTH="22" VPOS="1336" HPOS="408"/>
							<String ID="string_391" HPOS="430" VPOS="1336" WIDTH="42" HEIGHT="20" WC="0.96" CONTENT="står"/><SP WIDTH="16" VPOS="1336" HPOS="472"/>
							<String ID="string_392" HPOS="488" VPOS="1337" WIDTH="5" HEIGHT="18" WC="0.96" CONTENT="i"/><SP WIDTH="17" VPOS="1337" HPOS="493"/>
							<String ID="string_393" HPOS="510" VPOS="1336" WIDTH="59" HEIGHT="20" WC="0.96" CONTENT="skuld"/><SP WIDTH="15" VPOS="1336" HPOS="569"/>
							<String ID="string_394" HPOS="584" VPOS="1336" WIDTH="37" HEIGHT="18" WC="0.96" CONTENT="hos"/><SP WIDTH="14" VPOS="1336" HPOS="621"/>
							<String ID="string_395" HPOS="635" VPOS="1336" WIDTH="30" HEIGHT="18" WC="0.96" CONTENT="sin"/><SP WIDTH="14" VPOS="1336" HPOS="665"/>
							<String ID="string_396" HPOS="679" VPOS="1334" WIDTH="112" HEIGHT="27" WC="0.96" CONTENT="nuvarande"/>
						</TextLine>
						<TextLine ID="line_45" HPOS="50" VPOS="1360" WIDTH="741" HEIGHT="27">
							<String ID="string_397" HPOS="50" VPOS="1362" WIDTH="90" HEIGHT="25" WC="0.92" CONTENT="högsinte"/><SP WIDTH="14" VPOS="1362" HPOS="140"/>
							<String ID="string_398" HPOS="154" VPOS="1362" WIDTH="86" HEIGHT="19" WC="0.95" CONTENT="Monark."/><SP WIDTH="29" VPOS="1362" HPOS="240"/>
							<String ID="string_399" HPOS="269" VPOS="1362" WIDTH="43" HEIGHT="19" WC="0.96" CONTENT="Men"/><SP WIDTH="14" VPOS="1362" HPOS="312"/>
							<String ID="string_400" HPOS="326" VPOS="1363" WIDTH="58" HEIGHT="18" WC="0.96" CONTENT="äfven"/><SP WIDTH="14" VPOS="1363" HPOS="384"/>
							<String ID="string_401" HPOS="398" VPOS="1362" WIDTH="53" HEIGHT="19" WC="0.95" CONTENT="detta"/><SP WIDTH="13" VPOS="1362" HPOS="451"/>
							<String ID="string_402" HPOS="464" VPOS="1361" WIDTH="121" HEIGHT="20" WC="0.93" CONTENT="förhållande"/><SP WIDTH="16" VPOS="1361" HPOS="585"/>
							<String ID="string_403" HPOS="601" VPOS="1362" WIDTH="72" HEIGHT="18" WC="0.91" CONTENT="vittnär"/><SP WIDTH="14" VPOS="1362" HPOS="673"/>
							<String ID="string_404" HPOS="687" VPOS="1361" WIDTH="5" HEIGHT="18" WC="0.96" CONTENT="i"/><SP WIDTH="12" VPOS="1361" HPOS="692"/>
							<String ID="string_405" HPOS="704" VPOS="1360" WIDTH="31" HEIGHT="19" WC="0.96" CONTENT="sin"/><SP WIDTH="10" VPOS="1360" HPOS="735"/>
							<String ID="string_406" HPOS="745" VPOS="1360" WIDTH="46" HEIGHT="19" WC="0.95" CONTENT="mån"/>
						</TextLine>
						<TextLine ID="line_46" HPOS="50" VPOS="1387" WIDTH="742" HEIGHT="27">
							<String ID="string_407" HPOS="50" VPOS="1391" WIDTH="54" HEIGHT="17" WC="0.96" CONTENT="emot"/><SP WIDTH="13" VPOS="1391" HPOS="104"/>
							<String ID="string_408" HPOS="117" VPOS="1394" WIDTH="103" HEIGHT="19" WC="0.96" CONTENT="censuren,"/><SP WIDTH="17" VPOS="1394" HPOS="220"/>
							<String ID="string_409" HPOS="237" VPOS="1391" WIDTH="47" HEIGHT="18" WC="0.96" CONTENT="enär"/><SP WIDTH="14" VPOS="1391" HPOS="284"/>
							<String ID="string_410" HPOS="298" VPOS="1388" WIDTH="34" HEIGHT="20" WC="0.93" CONTENT="det"/><SP WIDTH="13" VPOS="1388" HPOS="332"/>
							<String ID="string_411" HPOS="345" VPOS="1387" WIDTH="134" HEIGHT="27" WC="0.90" CONTENT="ådagalägger,"/><SP WIDTH="14" VPOS="1387" HPOS="479"/>
							<String ID="string_412" HPOS="493" VPOS="1389" WIDTH="52" HEIGHT="19" WC="0.96" CONTENT="huru"/><SP WIDTH="14" VPOS="1389" HPOS="545"/>
							<String ID="string_413" HPOS="559" VPOS="1387" WIDTH="52" HEIGHT="20" WC="0.96" CONTENT="olika"/><SP WIDTH="9" VPOS="1387" HPOS="611"/>
							<String ID="string_414" HPOS="620" VPOS="1392" WIDTH="77" HEIGHT="15" WC="0.93" CONTENT="samma"/><SP WIDTH="9" VPOS="1392" HPOS="697"/>
							<String ID="string_415" HPOS="706" VPOS="1391" WIDTH="86" HEIGHT="21" WC="0.92" CONTENT="preven-"/>
						</TextLine>
						<TextLine ID="line_47" HPOS="50" VPOS="1413" WIDTH="740" HEIGHT="29">
							<String ID="string_416" HPOS="50" VPOS="1415" WIDTH="41" HEIGHT="20" WC="0.96" CONTENT="tiva"/><SP WIDTH="20" VPOS="1415" HPOS="91"/>
							<String ID="string_417" HPOS="111" VPOS="1415" WIDTH="133" HEIGHT="27" WC="0.95" CONTENT="författningar"/><SP WIDTH="20" VPOS="1415" HPOS="244"/>
							<String ID="string_418" HPOS="264" VPOS="1415" WIDTH="64" HEIGHT="20" WC="0.95" CONTENT="kunna"/><SP WIDTH="20" VPOS="1415" HPOS="328"/>
							<String ID="string_419" HPOS="348" VPOS="1414" WIDTH="24" HEIGHT="27" WC="0.96" CONTENT="på"/><SP WIDTH="21" VPOS="1414" HPOS="372"/>
							<String ID="string_420" HPOS="393" VPOS="1415" WIDTH="51" HEIGHT="20" WC="0.96" CONTENT="olika"/><SP WIDTH="19" VPOS="1415" HPOS="444"/>
							<String ID="string_421" HPOS="463" VPOS="1415" WIDTH="50" HEIGHT="20" WC="0.95" CONTENT="tider"/><SP WIDTH="16" VPOS="1415" HPOS="513"/>
							<String ID="string_422" HPOS="529" VPOS="1414" WIDTH="64" HEIGHT="20" WC="0.96" CONTENT="tolkas"/><SP WIDTH="14" VPOS="1414" HPOS="593"/>
							<String ID="string_423" HPOS="607" VPOS="1415" WIDTH="38" HEIGHT="19" WC="0.93" CONTENT="och"/><SP WIDTH="14" VPOS="1415" HPOS="645"/>
							<String ID="string_424" HPOS="659" VPOS="1413" WIDTH="131" HEIGHT="20" WC="0.87" CONTENT="handhafvas."/>
						</TextLine>
						<TextLine ID="line_48" HPOS="52" VPOS="1439" WIDTH="741" HEIGHT="29">
							<String ID="string_425" HPOS="52" VPOS="1442" WIDTH="96" HEIGHT="21" WC="0.96" CONTENT="Historien"/><SP WIDTH="20" VPOS="1442" HPOS="148"/>
							<String ID="string_426" HPOS="168" VPOS="1443" WIDTH="53" HEIGHT="21" WC="0.95" CONTENT="lärer"/><SP WIDTH="20" VPOS="1443" HPOS="221"/>
							<String ID="string_427" HPOS="241" VPOS="1442" WIDTH="45" HEIGHT="26" WC="0.96" CONTENT="ock,"/><SP WIDTH="21" VPOS="1442" HPOS="286"/>
							<String ID="string_428" HPOS="307" VPOS="1445" WIDTH="29" HEIGHT="17" WC="0.96" CONTENT="att"/><SP WIDTH="17" VPOS="1445" HPOS="336"/>
							<String ID="string_429" HPOS="353" VPOS="1448" WIDTH="23" HEIGHT="14" WC="0.96" CONTENT="en"/><SP WIDTH="15" VPOS="1448" HPOS="376"/>
							<String ID="string_430" HPOS="391" VPOS="1442" WIDTH="47" HEIGHT="21" WC="0.96" CONTENT="mild"/><SP WIDTH="14" VPOS="1442" HPOS="438"/>
							<String ID="string_431" HPOS="452" VPOS="1443" WIDTH="37" HEIGHT="19" WC="0.96" CONTENT="och"/><SP WIDTH="14" VPOS="1443" HPOS="489"/>
							<String ID="string_432" HPOS="503" VPOS="1441" WIDTH="82" HEIGHT="26" WC="0.96" CONTENT="upplyst"/><SP WIDTH="13" VPOS="1441" HPOS="585"/>
							<String ID="string_433" HPOS="598" VPOS="1441" WIDTH="89" HEIGHT="26" WC="0.93" CONTENT="regering"/><SP WIDTH="14" VPOS="1441" HPOS="687"/>
							<String ID="string_434" HPOS="701" VPOS="1440" WIDTH="38" HEIGHT="20" WC="0.88" CONTENT="&#39;ofta"/><SP WIDTH="15" VPOS="1440" HPOS="739"/>
							<String ID="string_435" HPOS="754" VPOS="1439" WIDTH="39" HEIGHT="20" WC="0.96" CONTENT="kan"/>
						</TextLine>
					</TextBlock>
				</ComposedBlock>
			</PrintSpace>
		</Page>
	</Layout>
</alto>
