995 1703
253 151 71 21 Nådiga
335 152 140 22 Propositionen
488 151 35 18 N:o
536 151 28 17 41.
740 152 43 19 1379

37 200 38 21 den
90 200 74 26 Nådiga
178 200 153 26 propositionen,
347 204 29 16 att
389 200 68 21 såsom
467 200 103 26 förbjudna
585 201 126 27 fiskredskap
726 202 56 21 skola

39 233 68 14 anses:
127 228 31 24 «a)
176 228 37 19 den
231 226 22 20 så
271 227 76 20 kallade
364 228 61 26 ryska
442 230 67 23 noten,
529 233 42 15 som
586 230 22 18 är
622 228 21 20 så
658 229 83 19 inrättad
755 232 27 16 att

37 254 48 20 dess
99 254 81 19 maskor
194 253 33 21 vid
242 253 110 27 nyttjandet
366 254 169 26 sammandragas;
551 254 21 25 b)
590 257 33 17 not
637 255 38 19 och
690 254 61 20 notkil
764 256 20 19 af

38 280 35 20 väf
89 280 48 20 eller
153 280 78 20 bunden
248 280 45 20 med
311 280 21 20 sä
350 280 38 20 fina
405 280 80 20 maskor
501 283 30 17 att
547 281 57 25 spädt
617 282 57 25 yngel
688 282 42 19 deri
744 281 38 20 kan

38 306 79 26 fångas;
134 307 18 24 c)
168 306 121 26 rismjärdar,
305 306 24 20 då
344 307 24 19 de
382 306 19 26 ej
416 308 99 19 användas
529 307 6 19 i
549 308 106 19 strömmar
669 308 26 20 till
705 307 77 27 fångan-

37 333 26 20 de
76 334 21 18 af
109 332 118 26 nejonögon,
244 334 38 19 och
296 333 20 25 d)
331 333 25 20 de
371 333 24 26 på
411 339 23 14 en
448 334 30 19 del
493 336 60 22 orter,
569 334 132 26 förnämligast
711 335 25 20 till
747 334 34 19 ab-

38 359 71 20 borras
123 359 130 26 upptagande,
269 359 88 26 brukliga
372 359 119 20 sänkhåfvar
507 360 92 25 (Liipit).»

93 387 33 19 Att
139 387 37 18 den
190 389 39 22 not,
246 392 44 14 som
305 386 88 25 vanligen
407 386 106 20 benämnes
522 386 38 20 den
573 387 68 26 ryska,
653 393 70 20 genom
734 387 47 20 dess

38 417 48 22 egna
100 412 137 21 beskaffenhet
252 415 22 18 är
288 418 24 14 en
325 413 29 19 för
364 413 70 19 fiskets
448 412 120 21 fortbestånd
581 414 58 25 högst
647 414 76 25 skadlig
732 414 49 19 fisk-

36 439 69 25 bragd,
122 439 56 20 torde
192 439 18 25 ej
226 439 64 20 kunna
304 439 104 25 bestridas,
425 441 53 22 enär,
494 445 71 20 genom
582 440 63 20 denna
662 443 46 17 nots
722 446 58 21 egen-

36 465 84 26 domliga
137 466 102 26 bindning,
258 466 46 20 dess
322 466 82 20 maskor
426 466 33 19 vid
481 466 134 26 begagnandet
629 468 36 19 tätt
680 472 100 14 samman-

37 492 71 25 dragas
123 492 38 19 och
174 492 51 20 bilda
240 493 68 19 nästan
322 498 25 14 en
362 493 28 18 tät
404 493 80 24 väfnad,
500 493 95 19 hvarmed
611 493 57 26 spädt
682 493 98 26 fiskyngel

37 519 38 19 kan
89 521 103 23 upptagas.
223 519 99 20 Utskottet
335 524 59 15 anser
409 519 78 20 derföre
501 520 36 19 allt
551 519 40 20 skäl
610 525 45 14 vara
672 520 109 20 förhanden

37 548 28 17 att
79 546 81 19 hänföra
174 544 21 21 så
210 545 102 20 beskaffad
326 548 34 17 not
374 546 25 19 till
420 545 102 26 förbjudna
540 545 134 26 fiskredskap;
693 552 46 13 men
755 545 25 21 då

38 572 63 25 någon
116 571 87 20 särdeles
219 572 42 25 vigt
275 571 17 26 ej
307 571 36 20 bör
356 572 61 19 fästas
431 572 34 20 vid
474 572 141 26 benämningen
624 572 49 27 rysk
683 575 39 22 not,
734 575 46 18 utan

37 601 70 17 notens
125 598 94 25 egentliga
236 598 137 20 beskaffenhet
388 599 82 19 framför
486 599 33 19 allt
536 599 64 19 måste
616 599 63 25 afses,
698 598 83 21 föreslår

37 625 96 20 utskottet
147 631 24 13 en
185 625 104 20 förändrad
303 625 104 20 redaktion
422 625 20 20 af
454 625 54 20 detta
522 628 95 17 moment.

90 652 34 19 Att
138 654 32 17 not
184 652 37 19 och
235 652 83 19 notkilar
332 653 20 18 af
365 651 34 20 väf
411 652 48 19 eller
471 652 78 20 bundna
563 652 46 19 med
619 651 21 20 så
651 651 38 20 fina
698 652 82 20 maskor

37 681 28 17 att
80 678 58 26 spädt
154 679 55 24 yngel
227 678 82 20 dermed
327 678 36 19 kan
380 677 74 26 fångas,
471 677 18 26 ej
503 679 47 19 böra
564 678 19 20 få
597 679 109 25 begagnas,
722 679 57 19 torde

38 710 48 15 vara
103 704 105 25 sjelflallet,
227 704 83 20 emedan
329 704 69 20 fiskets
420 704 82 20 bestånd
522 704 113 26 derigenom
656 705 122 25 äfventyras.

37 731 39 19 Det
93 731 36 19 har
145 730 78 20 derföre
240 730 68 27 yrkats
326 733 28 17 att
370 733 28 17 ett
414 730 94 20 mininum
525 732 29 18 för
570 730 132 20 maskvidden
718 731 62 20 borde

38 758 132 22 bestämmas;
189 763 46 14 men
252 758 97 19 utskottet
365 762 59 15 anser
441 756 69 21 sådant
527 756 96 27 svårligen
641 757 66 20 kunna
724 757 37 20 ske
775 757 5 19 i

39 789 23 14 en
79 784 71 20 allmän
167 783 119 25 författning,
306 784 84 20 emedan
407 784 5 18 i
430 783 61 20 skilda
509 784 54 20 delar
583 784 20 19 af
621 783 66 20 landet
705 789 76 15 samma

39 810 52 26 slags
105 810 61 20 fiskar
180 809 64 27 uppnå
259 810 52 20 olika
325 810 81 23 storlek,
422 810 19 20 af
454 810 78 20 hvilken
547 810 58 20 orsak
620 813 33 17 not
667 811 45 19 med
729 816 52 14 sam-

38 842 33 14 ma
83 836 106 20 maskvidd
203 838 5 18 i
223 842 23 14 en
261 836 29 25 sjö
304 837 38 19 kan
356 836 98 26 uppfånga
471 836 102 27 fiskyngel,
590 842 46 14 men
652 837 6 19 i
675 843 26 13 en
718 842 63 15 annan

39 863 69 20 endast
121 864 106 25 fullmogen
241 863 45 20 fisk.
316 863 71 25 Dylika
403 862 205 27 detaljbestämningar
626 868 59 22 synas
703 863 77 21 derföre

37 890 112 25 lämpligast
162 890 47 19 böra
223 890 73 25 intagas
311 890 5 19 i
330 890 26 19 de
369 890 219 25 öfverenskommelser,
605 895 43 14 som
662 890 60 26 enligt
734 888 48 27 sjet-

39 920 20 16 te
72 916 88 26 punkten
173 916 177 26 fiskvattensägare
366 916 81 20 emellan
463 919 114 23 upprättas,
598 917 37 19 och
653 916 84 20 hvarvid
754 916 28 20 1o-

39 943 45 19 kala
97 942 132 20 förhållanden
243 943 65 19 kunna
322 943 46 25 göra
383 942 29 26 sig
425 943 96 26 gällande.

92 969 129 25 Rismjärdar,
241 970 47 19 eller
301 970 37 19 tält
351 969 162 20 sammanflätade
529 969 106 27 korgar
613 965 24 35 af
647 969 130 26 videgvistar,

39 998 34 18 äro
87 996 63 20 likasä
166 996 29 19 för
208 996 71 19 fiskets
292 995 85 21 beständ
391 995 87 26 skadliga
493 996 92 25 redskap,
601 996 52 19 helst
667 995 24 21 dä
705 996 25 19 de
744 996 35 20 be-

39 1028 72 21 gagnas
129 1027 32 14 om
180 1022 60 20 vären
261 1022 38 19 och
315 1023 154 23 försommaren,
491 1022 67 20 säsom
575 1022 90 25 vanligen
683 1022 56 24 sker,
756 1022 24 20 dä

39 1049 57 26 yngel
111 1049 21 19 af
146 1049 94 21 abborre,
258 1049 52 19 mört
327 1049 37 19 och
381 1048 61 20 andra
460 1049 61 19 fiskar
538 1048 46 21 med
601 1049 46 19 dem
664 1048 115 26 uppfängas.

39 1075 100 20 Utskottet
152 1081 60 14 anser
225 1075 78 20 derföre
318 1075 58 20 deras
390 1075 127 25 begagnande
534 1075 5 19 i
557 1074 105 21 allmänhet
678 1075 47 20 böra
743 1074 39 19 för-

39 1101 80 26 bjudas,
139 1107 45 14 men
201 1101 83 20 emedan
303 1101 168 26 nejonögonfisket
488 1102 119 25 egenteligen
627 1101 100 20 bedrifves
748 1106 33 14 om

41 1129 76 25 hösten,
135 1129 60 19 sedan
209 1128 108 26 laxynglet,
334 1133 43 15 som
394 1128 63 20 under
473 1133 113 15 sommaren
602 1127 116 26 uppehåller
732 1127 30 25 sig
777 1127 5 19 i

40 1156 63 19 forsar
118 1155 37 20 och
170 1155 63 19 starkt
247 1155 93 20 rinnande
354 1157 73 21 vatten,
444 1155 61 20 redan
519 1155 63 26 dragit
596 1155 29 25 sig
637 1154 50 20 ifrån
698 1153 84 20 nämnda

41 1182 74 24 ställen,
132 1187 58 14 anser
204 1181 96 19 utskottet
314 1181 30 25 sig
359 1181 65 19 kunna
439 1181 97 26 tillstyrka
551 1181 50 20 bifall
616 1181 26 19 till
653 1181 94 25 förslaget
756 1183 28 16 att

42 1208 59 20 dessa
115 1207 33 20 må
162 1208 26 20 till
205 1207 130 20 bedrifvande
352 1208 19 19 af
387 1208 141 20 ofvannämnda
546 1207 50 20 fiske
613 1207 120 19 fortfarande
750 1207 34 28 be-

41 1240 79 21 gagnas.
149 1235 38 19 Det
201 1240 61 20 synes
276 1234 52 20 dock
342 1234 66 26 nödigt
421 1237 29 17 att
463 1237 91 17 närmare
567 1234 111 28 bestämma
692 1233 38 20 den
747 1232 35 24 tid,

41 1261 64 20 under
121 1261 78 19 hvilken
216 1261 59 20 dessa
292 1261 84 26 bragder
394 1263 33 17 äro
446 1260 82 26 tillåtna,
548 1260 82 20 emedan
648 1260 57 25 eljest
718 1260 66 26 yngel-

41 1288 65 26 fångst
120 1288 63 20 under
197 1287 140 26 förevändning
351 1288 20 19 af
383 1287 50 20 fiske
443 1288 51 19 efter
504 1287 105 26 nejonögon
619 1288 34 18 lätt
663 1286 67 20 kunde
738 1286 47 20 med

45 1315 45 19 dem
104 1314 108 20 bedrifvas.

95 1341 124 19 Sänkhäfvar
233 1341 45 19 med
293 1341 21 19 sä
329 1340 38 20 fina
382 1341 80 19 maskor
477 1343 27 17 att
523 1341 25 19 de
564 1339 98 26 uppfänga
680 1338 104 26 fiskyngel,

43 1366 78 20 hvartill
139 1366 24 19 de
180 1366 37 19 ock
234 1366 5 19 i
256 1366 47 19 flera
320 1366 105 25 vattudrag
443 1365 28 20 för
488 1366 123 19 närvarande
626 1365 45 20 med
685 1365 101 24 framgång

43 1393 110 26 begagnas,
172 1394 33 18 äro
223 1391 144 27 otvifvelaktigt
384 1391 87 26 skadliga
488 1393 29 18 för
534 1392 70 20 fiskets
625 1391 93 24 bestånd,
740 1395 45 15 men

45 1425 33 14 om
91 1419 26 20 de
131 1419 56 26 göras
202 1419 45 20 med
262 1419 111 26 tillräckligt
387 1421 54 18 stora
455 1419 87 24 maskor,
558 1417 23 21 sä
595 1420 32 18 att
637 1417 70 21 endast
716 1417 70 21 fullvu-

45 1453 38 13 xen
101 1445 39 21 fisk
157 1446 37 19 kan
211 1446 46 20 med
273 1446 47 19 dem
334 1445 76 26 fångas,
427 1450 60 22 synas
501 1446 24 19 de
539 1444 24 27 pä
579 1445 48 20 intet
641 1447 38 18 sätt
693 1450 47 15 vara
757 1444 29 19 för

717 1479 22 16 87
