992 1703
199 145 43 31 1656
404 149 72 22 Nädiga
487 150 141 19 Propositionen
641 149 34 17 N:o
688 149 28 17 50.

540 197 11 26 $
563 199 34 18 47.
911 210 3 3 .

251 236 41 21 Slik
306 236 101 26 gvarstad,
424 237 78 19 hvilken
516 236 48 20 skall
579 237 80 18 omfatta
674 236 35 19 alla
723 236 6 19 i
739 236 130 24 författarens,
881 235 56 26 utgif-

199 268 78 19 varens,
296 263 138 26 förläggarens,
452 263 118 26 tryckarens
587 265 52 18 samt
656 262 143 20 bokhandlares
815 263 48 18 eller
877 267 61 14 annan

198 289 122 26 utspridares
336 289 53 25 värjo
403 289 97 26 befintliga
514 290 107 25 exemplar,
636 289 39 24 mä,
691 289 72 20 liksom
776 288 101 26 angående
891 288 48 20 kon-

198 316 92 20 fiskation
305 316 55 26 sagdt
374 317 28 23 är,
417 315 16 26 ej
451 316 65 25 läggas
531 315 10 20 ä
555 317 64 18 större
633 315 29 20 del
677 315 22 20 af
711 315 82 20 skriften
807 317 24 18 än
845 315 33 30 det
892 315 47 20 eller

198 342 25 20 de
237 342 66 20 häften
317 342 46 20 eller
376 342 173 26 tidningsnumror,
565 342 5 19 i
585 342 64 20 hvilka
664 342 34 20 det
713 341 68 20 såsom
790 342 106 25 förgripligt
906 347 33 13 an-

198 368 60 20 sedda
272 368 142 22 förekommer;
430 368 17 26 ej
462 369 61 20 heller
537 367 31 21 mä
582 368 38 20 den
632 368 119 20 verkställas
761 368 128 20 annorstädes
898 368 41 30 än
928 363 14 39 i

198 395 178 26 tryckningsorten,
395 396 57 19 innan
469 395 79 26 styrkas
562 394 37 20 kan
613 397 28 17 att
655 394 60 21 sådan
730 394 67 26 åtgärd
811 394 52 20 förut
877 394 62 20 blifvit

198 420 104 21 derstädes
319 421 46 20 med
381 421 116 20 densamma
513 421 97 26 vidtagen,
625 424 56 17 utom
695 422 4 18 i
714 422 33 19 det
761 422 31 24 fall
806 423 29 17 att
849 420 88 26 skriften,

199 447 45 19 med
258 447 94 20 afseende
366 446 11 20 å
391 448 47 19 dess
453 448 90 23 innehåll,
559 448 38 19 kan
612 448 91 20 hänföras
712 448 27 20 till
749 447 24 20 de
783 448 52 20 brott
844 452 44 15 som
898 453 41 14 om-

199 474 49 19 talas
265 474 5 19 i
288 475 12 18 4
317 475 38 19 och
372 474 12 20 6
400 474 85 26 kapitlen
499 474 228 26 Missgernings-Balken,
743 474 48 20 eller
805 476 27 17 att
846 474 93 26 boktryc-

198 499 74 21 karens
286 506 59 14 namn
359 501 38 19 och
411 500 173 26 tryckningsorten
598 500 11 20 å
624 501 81 19 skriften
723 500 78 24 saknas,
817 500 24 20 då
855 500 38 20 den
907 499 31 21 må

199 526 46 20 med
259 526 93 26 qvarstad
366 526 100 26 beläggas,
482 527 103 20 hvarhelst
598 526 37 21 den
649 526 102 26 påträffas.

533 580 10 24 $
557 580 33 19 48.

251 617 37 20 Vid
306 618 145 20 verkställande
468 619 20 19 af
503 617 102 26 qvarstad,
624 618 63 20 ehvad
703 618 25 20 till
743 618 38 20 den
795 618 112 21 förordnats
920 619 21 20 af

198 643 218 28 Pressöfverstyrelsen
433 645 48 20 eller
496 645 49 20 dess
562 645 80 24 ombud,
660 645 57 19 innan
735 645 37 20 åtal
790 648 54 17 emot
857 645 82 20 skriften

198 670 63 20 blifvit
275 671 65 23 väckt,
356 671 47 19 eller
418 671 20 19 af
448 671 93 25 domstol,
557 672 49 18 efter
621 671 33 20 det
668 671 37 20 åtal
718 672 88 23 anstälts,
819 672 48 20 skall
877 672 62 20 äskad

198 696 146 27 handräckning
364 697 136 26 ofördröjligen
521 698 37 19 och
578 697 32 20 vid
627 703 77 18 ansvar,
723 703 45 14 som
784 698 30 19 för
831 697 106 26 tjenstefel,

198 723 76 19 lemnas
294 723 22 20 af
334 724 148 19 vederbörande
498 724 99 25 Magistrat
614 724 47 19 eller
677 724 133 26 Kronofogde;
826 726 38 18 och
878 724 61 27 åligge

198 748 45 25 den,
262 754 44 14 som
320 750 88 24 beslaget
422 750 123 24 verkställer,
561 752 28 18 att
603 750 55 19 öfver
671 750 25 20 de
710 750 5 19 i
730 750 66 25 beslag
806 753 56 23 tagna
872 756 67 15 exem-

198 775 66 25 plaren
278 776 87 25 uppgöra
380 776 89 24 trefaldig
484 776 129 25 förteckning,
629 777 72 19 hvaraf
713 779 28 17 ett
755 778 100 24 exemplar
864 778 75 19 lemnas

198 801 26 19 till
243 802 216 26 Pressöfverstyrelsen
476 803 47 19 eller.
539 802 48 20 dess
603 803 80 24 ombud,
699 805 28 17 ett
741 803 26 20 till
781 803 38 20 den
833 804 106 20 exekutiva

197 828 122 25 myndighet,
336 833 43 15 som
393 829 83 24 anlitats,
493 832 52 16 samt
558 829 34 19 det
606 828 62 26 tredje
678 829 26 20 till
715 828 145 27 målseganden.
889 831 50 19 Ena-

198 854 64 20 handa
276 854 78 20 biträde
368 855 48 19 skall
432 855 42 25 ock,
491 855 24 25 på
531 856 158 19 vederbörandes
698 856 91 25 begäran,
800 856 103 20 meddelas
911 857 28 20 till

198 880 132 24 qvarstadens
349 881 102 26 brytande,
472 882 24 19 då
515 882 38 19 den
569 882 88 25 antingen
675 882 27 20 till
719 882 46 24 följe
781 883 20 19 af
816 883 64 20 denna
897 884 42 25 lags

197 906 110 26 stadgande
321 907 5 19 i
340 906 10 26 $
365 908 24 19 52
404 908 47 19 eller
466 908 95 20 domstols
575 908 64 26 utslag
653 908 49 20 skall
712 908 24 26 gå
746 908 49 20 åter.

539 960 10 26 $
563 962 32 19 49.

250 996 41 20 Har
303 996 95 26 gvarstad
412 998 105 20 anordnats
531 998 21 20 af
563 995 160 30 Öfverstyrelsen
737 999 47 20 eller
798 999 47 21 dess
855 1001 81 24 ombud,

198 1021 48 20 skall
263 1022 69 20 derom
349 1022 10 20 ä
377 1024 55 19 nästa
449 1023 151 27 rättegängsdag
619 1025 54 23 eller,
691 1025 6 19 i
715 1025 31 20 fall
763 1025 34 20 det
816 1027 5 18 i
839 1027 100 20 anseende

197 1048 27 19 till
239 1048 63 20 tidens
317 1049 79 20 korthet
409 1049 19 26 ej
444 1049 24 20 dä
484 1051 69 19 hinner
571 1051 42 24 ske,
629 1050 10 21 ä
654 1052 61 19 första
729 1051 152 28 rättegängsdag
895 1053 43 20 der-

197 1074 51 19 efter
265 1075 88 20 anmälas
366 1076 38 19 hos
418 1076 91 23 domstol,
524 1076 25 20 då
563 1077 58 20 åtalet
634 1077 30 20 för
677 1078 38 19 den
730 1078 123 26 förbrytelse,
870 1080 70 19 hvaraf

196 1101 120 24 qvarstaden
330 1101 112 26 föranledts,
458 1103 69 20 dervid
542 1103 57 20 tillika
614 1103 37 20 bör
665 1104 80 20 utföras.
768 1105 115 20 Domstolen
893 1105 45 25 ålig-

196 1132 35 19 ger
245 1129 60 17 sedan
320 1130 34 21 att,
370 1128 52 19 inom
436 1129 39 19 åtta
490 1129 60 25 dagar
564 1130 51 19 efter
627 1130 34 19 det
675 1131 59 19 saken
749 1131 35 20 der
793 1132 90 25 anmälts,
894 1133 43 25 gilla

198 1153 46 19 eller
259 1154 98 25 upphäfva
375 1155 127 24 qvarstaden.
531 1155 116 21 Underlätes
664 1156 60 21 sådan
742 1159 95 24 anmälan,
853 1164 44 14 som
911 1165 26 14 nu

196 1180 22 18 är
232 1180 78 25 nämnd,
326 1179 62 26 gånge
402 1182 119 24 qvarstaden
535 1181 50 21 åter.

536 1235 11 24 $
562 1235 31 20 50.

248 1264 75 25 Drages
337 1263 57 26 något
408 1265 37 20 mål
461 1265 29 19 för
505 1266 62 23 Rätta,
583 1269 46 17 utan
641 1270 28 16 att
679 1268 93 24 qvarstad
783 1268 50 20 förut
841 1272 34 23 egt
884 1275 50 18 rum,

197 1290 38 19 och
252 1289 61 20 sådan
331 1290 35 20 der
382 1291 62 25 yrkas
461 1292 21 19 af
496 1293 69 18 allmän
582 1292 97 26 åklagare,
701 1293 61 20 utläte
780 1294 29 26 sig
825 1295 110 21 Uomstolen

194 1315 92 20 deröfver
300 1316 52 19 inom
366 1316 40 20 åtta
423 1317 66 26 dagar.

535 1371 10 26 $
560 1373 32 19 51.

219 1404 62 29 Till
296 1406 94 24 gvarstad
405 1405 10 20 ä
430 1406 64 26 skrift,
510 1412 44 15 som
569 1407 106 22 innehåller
688 1409 141 28 förolämpning
838 1415 53 16 emot
900 1418 35 14 en-

193 1430 51 21 skild
260 1437 80 20 person,
358 1433 38 19 kan
413 1434 50 19 först
482 1433 60 21 sedan
563 1433 36 22 åtal
618 1436 21 19 af
653 1437 61 19 rätter
730 1437 125 27 målsegande
871 1439 63 21 blifvit
