1009 1706
272 138 71 22 Nådiga
355 140 140 20 Propositionen
509 139 36 17 N:o
558 139 27 17 39.
760 140 42 18 1331

57 191 52 17 samt
118 188 195 26 stängselvitsordets
322 188 130 26 upphörande
461 188 90 26 möjligen
561 188 66 20 kunde
641 188 87 20 medföra
738 190 63 25 någon

56 215 61 19 fördel
134 216 31 18 för
182 220 24 14 en
222 216 38 18 och
277 220 63 14 annan
357 216 64 18 större
438 216 145 24 possessionat,
599 221 46 13 men
659 218 28 16 att
700 215 39 20 den
754 220 46 16 utan

56 242 67 19 tvifvel
139 242 29 18 för
182 242 35 19 alla
235 241 77 20 mindre
327 240 132 26 jordbrukare
476 242 38 19 och
529 242 29 18 för
571 241 38 19 den
623 242 90 25 fattigare
727 242 74 20 befolk-

56 268 69 24 ningen
140 268 66 19 blefve
220 268 124 19 ruinerande.

109 294 36 19 Det
159 293 56 20 torde
229 293 78 21 således
323 300 45 13 vara
386 294 159 25 ovedersägeligt
562 296 27 17 att
603 294 121 25 råhägnader
739 295 61 25 omöj-

55 320 50 26 ligen
119 320 66 19 kunna
200 320 102 24 umbäras,
319 320 37 20 och
366 320 24 20 då
400 320 61 20 desse
470 320 55 21 alltså
536 322 24 17 än
570 320 104 20 framdeles
683 320 60 20 blifva
753 322 48 20 nöd-

54 346 94 26 vändige,
167 348 23 18 är
206 346 33 20 det
255 346 143 26 otvifvelaktigt
415 348 113 25 lämpligare
543 346 39 20 och
596 347 160 26 fördelaktigare,
773 351 28 17 att

54 373 137 26 skyldigheten
206 373 32 20 vid
252 374 58 19 deras
325 373 121 26 uppförande
460 374 37 20 och
512 372 100 21 underhåll
627 375 22 18 är
662 374 90 20 bestämd
767 381 33 20 ge-

54 406 45 14 nom
115 400 37 25 lag,
168 399 68 20 såsom
250 406 26 13 nu
290 402 21 17 är
325 400 136 26 förhållandet,
473 402 23 18 än
507 403 37 21 att,
556 400 61 24 enligt
626 400 38 20 den
673 399 73 27 Nådiga
756 407 45 19 pro-

54 427 117 26 positionen,
191 426 6 20 i
213 426 69 25 hvarje
300 427 38 23 fall,
354 427 30 19 för
398 426 68 26 hvarje
481 428 27 31 by
522 427 39 19 och
575 425 68 26 hvarje
658 428 99 25 hemman,
774 428 27 20 öf-

55 454 100 19 verlemna
176 453 158 21 bestämmandet
354 455 20 18 af
390 455 84 18 nämnde
491 453 107 26 åliggande,
614 453 98 21 beroende
727 454 25 25 på
767 461 34 14 en-

54 480 49 20 skild
118 480 205 21 öfverenskommelse
337 481 38 20 och
391 481 88 26 pröfning
492 481 21 20 af
526 480 38 19 den
577 479 61 20 fördel
648 480 70 26 hvarje
728 487 72 19 granne

54 506 58 21 deraf
125 507 44 19 har:
186 507 66 20 denne
265 507 61 20 fördel
341 509 21 18 är
376 505 78 28 omöjlig
468 510 28 17 att
510 508 110 19 bestämma
632 507 6 19 i
647 507 56 20 alntal
718 508 82 25 gärdes-

52 533 57 26 gård;
125 533 103 20 dessutom
242 534 53 19 inser
309 535 49 18 hvar
372 535 38 18 och
425 539 33 20 en,
474 540 44 14 som
536 534 35 19 har
589 533 63 26 någon
670 534 112 20 erfarenhet
795 535 5 19 i

54 560 53 20 detta
122 560 102 24 afseende,
241 561 23 19 all
279 560 39 19 den
333 561 59 19 oreda
406 561 39 19 och
458 561 34 19 det
507 561 77 25 obehag
598 565 45 14 som
651 561 120 24 uppkomme
781 562 21 19 af

54 586 50 20 slike
118 586 199 25 öfverenskomelser,
333 587 35 19 der
383 590 115 23 egennytta,
516 586 108 26 håglöshet.
634 587 37 19 och
684 586 53 27 lättja
748 587 50 26 finge

56 613 40 20 fritt
110 613 98 26 spelrum;
225 613 37 20 och
277 614 68 19 säkert
358 615 22 18 är
394 616 28 17 att
436 613 114 26 härigenom
558 612 127 27 gransämjan
694 619 44 14 som
748 614 52 20 dock

54 641 22 18 är
90 639 22 20 så
128 639 65 26 vigtig,
210 643 62 16 sattes
289 639 24 26 på
328 640 65 20 alltför
406 639 59 20 svåra
480 641 53 24 prof,
550 641 38 18 och
602 641 28 18 att
643 639 57 20 deraf
712 640 87 27 oändliga

53 667 70 18 tvister
138 667 38 18 och
190 665 124 26 rättegångar
327 666 127 25 uppkomme.

105 692 27 20 På
147 692 26 19 de
187 693 41 19 skäl
243 693 35 19 här
296 693 58 19 ofvan
369 696 36 16 äro
418 693 79 19 anförde
512 693 37 19 kan
560 692 36 26 jag
610 692 29 19 för
654 693 40 18 min
709 693 31 20 del
754 693 45 20 icke

55 719 49 25 inse,
126 721 28 18 att
168 718 34 20 det
215 719 113 26 nugällande
343 719 192 26 stängselvitsordets
549 718 130 26 afskaffande,
695 720 37 19 och
747 723 53 16 anta-

54 745 70 26 gandet
139 745 20 20 af
171 745 37 20 den
223 747 5 17 i
242 746 131 25 Regeringens
389 746 120 25 proposition
524 746 107 24 föreslagna
641 745 96 20 allmänna
747 746 52 25 prin-

54 772 31 25 cip
103 772 29 19 för
150 772 89 25 egofred,
259 777 49 14 vore
325 773 50 19 efter
392 772 123 20 närvarande
531 771 133 20 förhållanden
679 773 25 19 till
719 773 81 19 Finland

53 799 110 24 lämpeligt:
180 799 51 19 dock
245 799 68 19 kunde
326 799 61 26 sagle
401 799 75 25 princip
491 799 106 19 fastställas
607 800 27 17 att
643 799 49 25 gälla
702 805 32 13 om
746 799 55 19 svin-

54 826 80 19 kreatur
156 825 38 19 och
215 824 91 26 fjäderfä,
326 825 82 20 sålunda
425 828 27 17 att
469 831 59 20 egare
544 825 20 20 af
580 825 49 19 slike
646 824 46 25 djur
705 825 95 20 förklaras

53 852 79 25 skyldig
146 854 28 17 att
187 851 46 20 dem
250 851 22 20 så
287 851 61 20 vårda
365 855 28 16 att
410 852 26 19 de
450 851 17 26 ej
482 853 88 24 intränga
585 851 10 19 å
610 851 73 20 andras
697 852 103 25 instängde

53 878 69 20 odlade
136 883 54 20 egor,
208 878 31 19 vid
254 879 92 25 äfventyr
359 881 35 22 att,
406 881 46 17 utan
463 877 65 26 någon
538 877 121 26 undskyllan,
672 880 73 17 ersätta
755 879 45 19 ska-

51 905 38 20 dan
107 905 38 19 och
163 905 45 19 böta
225 904 49 19 ifrån
292 905 12 18 4
321 905 26 20 till
366 905 25 20 20
407 905 65 19 mark:
490 905 46 19 med
550 905 53 19 detta
617 904 97 25 undantag
728 905 72 26 afstyr-

53 931 36 20 ker
101 931 33 26 jag
148 930 49 21 altså
212 931 116 26 antagandet
342 931 20 20 af
374 931 144 20 ofvannämnda
532 931 77 25 princip
623 931 38 19 och
673 931 4 18 i
688 929 46 26 följd
743 931 57 20 deraf

53 958 109 25 föreslagne
178 963 38 20 nya
230 957 161 26 lagstadganden.

106 984 94 19 Deremot
213 985 38 18 och
265 984 25 20 då
304 985 38 18 den
356 985 5 19 i
376 986 65 18 ämnet
455 991 26 13 nu
495 984 89 25 gällande
599 983 66 26 Kongl.
681 984 86 19 förordn.
779 984 19 19 d.

52 1011 12 19 9
77 1011 59 19 Febr.
153 1011 50 20 1802
221 1010 108 21 innehåller
346 1011 63 20 sunda
428 1011 38 20 och
483 1011 65 25 billiga
565 1010 85 26 priciper
667 1011 29 18 för
714 1011 86 19 bestäm-

51 1037 72 20 mande
138 1038 20 19 af
170 1037 258 26 råhägnadsskyldigheten,
444 1039 39 18 och
496 1043 25 14 en
535 1037 111 26 förändring
660 1037 21 20 af
689 1037 111 25 grunderne

51 1064 30 19 för
94 1064 65 20 denne
173 1064 114 26 skyldighet
302 1064 65 19 blefve
381 1065 57 19 desto
452 1063 141 26 betänkligare,
609 1069 44 14 som
668 1064 65 24 desse,
749 1063 50 20 ifrån

50 1091 55 19 äldre
119 1090 57 25 tider,
193 1092 33 18 äro
241 1090 122 21 införlifvade
380 1090 45 20 med
443 1091 72 20 folkets
530 1091 140 25 rättsbegrepp
684 1090 6 19 i
704 1090 53 19 detta
772 1091 28 19 af-

52 1117 80 24 seende,
149 1117 21 19 så
187 1117 111 20 hemställer
311 1116 31 27 jag
357 1117 148 26 vördnadstullt,
522 1120 28 16 att
563 1116 77 21 landets
654 1116 83 21 Ständer
751 1116 32 20 må
796 1118 5 18 i

51 1143 157 26 underdånighet
227 1144 96 26 tillstyrka
340 1146 29 17 att
385 1144 163 26 nyssåberopade
562 1143 111 26 förordning
687 1143 39 19 och
739 1143 62 26 öfrige

51 1170 5 19 i
71 1170 65 19 ämnet
157 1170 88 25 gällande
266 1171 61 24 lagar,
349 1169 61 26 jemte
432 1171 38 19 den
490 1170 114 25 derigenom
621 1169 103 20 faststälde
738 1171 62 24 gamla

52 1197 105 25 grundsats
176 1199 39 17 «att
232 1197 37 19 den
288 1203 46 19 eger
352 1197 76 20 vitsord
442 1203 44 13 som
500 1198 68 24 stänga
584 1196 56 25 vill,»
655 1198 24 18 än
695 1196 105 19 framdeles

53 1223 38 20 och
112 1223 108 20 tillsvidare
237 1222 32 21 må
287 1223 51 26 tjena
353 1224 26 19 till
394 1224 140 21 efterrättelse,
549 1223 51 20 dock
616 1223 46 19 med
676 1223 33 19 det
723 1223 36 19 här
773 1223 28 19 of-

53 1255 37 14 van
106 1250 109 24 föreslagne
231 1249 63 26 tillägg
309 1255 33 14 om
355 1250 127 20 svinkreatur
496 1250 38 19 och
544 1249 88 26 fjäderfä,
644 1252 51 17 samt
704 1248 97 25 derjemte

53 1277 39 18 och
107 1275 164 26 hufvudsakligen
286 1276 45 20 med
346 1276 38 20 den
398 1277 109 26 förändring
518 1277 37 19 och
566 1276 110 25 förklaring,
688 1278 34 17 att
734 1281 66 19 gran-

53 1308 41 14 nar
114 1302 159 26 ovilkorligen
294 1306 40 17 äro
355 1303 111 26 skyldige
486 1306 34 17 att
537 1303 61 19 efter
615 1301 122 21 fastställd
754 1301 48 20 del-

54 1329 144 25 ningsgrund
219 1329 92 26 deltaga
329 1330 4 18 i
352 1329 90 25 hägnad
458 1331 25 18 af
498 1329 58 20 åker
573 1330 45 18 och
635 1329 50 24 äng,
701 1331 55 16 utan
770 1328 30 19 af-

54 1355 88 20 seende
158 1361 36 13 om
210 1355 72 20 desse
299 1356 63 19 möta
379 1356 119 19 enahanda
517 1360 56 20 egor
590 1355 58 19 eller
662 1354 43 19 ock
720 1353 80 26 skogs-

54 1381 66 20 mark
134 1381 45 19 och
194 1382 80 25 hagor:
291 1381 5 19 i
311 1381 45 26 följe
371 1381 71 20 hvaraf
454 1382 48 19 sista
521 1387 60 14 mom.
600 1382 12 18 2
627 1381 10 24 $
652 1381 11 18 5
677 1381 45 24 kap.
738 1381 62 25 Bygg-

56 1407 136 26 ninga-balken
212 1408 38 19 och
272 1409 12 19 5
301 1407 11 27 $
328 1408 68 26 Kongl.
412 1408 86 20 förordn.
515 1408 20 19 d.
554 1409 11 18 9
580 1407 57 20 Febr.
653 1407 51 20 4802
719 1407 80 19 komme

55 1437 27 18 att
95 1435 82 20 förfalla.
208 1435 133 20 Nästnämnde
354 1435 87 26 lagrum
435 1429 12 36 ,
457 1441 44 14 som
520 1434 86 25 stadgar,
621 1437 28 16 att
662 1434 36 19 der
712 1433 48 20 åker
774 1433 26 20 el-

725 1467 21 16 84
