<?xml version="1.0" encoding="UTF-8"?>
<alto xmlns="http://www.loc.gov/standards/alto/ns-v3#" xmlns:xlink="http://www.w3.org/1999/xlink" xmlns:xsi="http://www.w3.org/2001/XMLSchema-instance" xsi:schemaLocation="http://www.loc.gov/standards/alto/ns-v3# http://www.loc.gov/alto/v3/alto-3-0.xsd">
	<Description>
		<MeasurementUnit>pixel</MeasurementUnit>
		<sourceImageInformation>
			<fileName>/tmp/tess_0wu44nhk_input.PNG</fileName>
		</sourceImageInformation>
		<OCRProcessing ID="OCR_0">
			<ocrProcessingStep>
				<processingSoftware>
					<softwareName>tesseract 5.3.4</softwareName>
				</processingSoftware>
			</ocrProcessingStep>
		</OCRProcessing>
	</Description>
	<Layout>
		<Page WIDTH="1006" HEIGHT="1706" PHYSICAL_IMG_NR="0" ID="page_0">
			<PrintSpace HPOS="0" VPOS="0" WIDTH="1006" HEIGHT="1706">
				<ComposedBlock ID="cblock_0" HPOS="281" VPOS="132" WIDTH="528" HEIGHT="24">
					<TextBlock ID="block_0" HPOS="281" VPOS="132" WIDTH="528" HEIGHT="24">
						<TextLine ID="line_0" HPOS="281" VPOS="132" WIDTH="528" HEIGHT="24">
							<String ID="string_0" HPOS="281" VPOS="132" WIDTH="71" HEIGHT="23" WC="0.92" CONTENT="Nådiga"/><SP WIDTH="12" VPOS="132" HPOS="352"/>
							<String ID="string_1" HPOS="364" VPOS="134" WIDTH="139" HEIGHT="22" WC="0.90" CONTENT="Propositionen"/><SP WIDTH="14" VPOS="134" HPOS="503"/>
							<String ID="string_2" HPOS="517" VPOS="135" WIDTH="36" HEIGHT="17" WC="0.93" CONTENT="N:o"/><SP WIDTH="12" VPOS="135" HPOS="553"/>
							<String ID="string_3" HPOS="565" VPOS="136" WIDTH="28" HEIGHT="16" WC="0.93" CONTENT="39."/><SP WIDTH="175" VPOS="136" HPOS="593"/>
							<String ID="string_4" HPOS="768" VPOS="137" WIDTH="41" HEIGHT="19" WC="0.95" CONTENT="1341"/>
						</TextLine>
					</TextBlock>
				</ComposedBlock>
				<ComposedBlock ID="cblock_1" HPOS="60" VPOS="178" WIDTH="750" HEIGHT="1263">
					<TextBlock ID="block_1" HPOS="68" VPOS="178" WIDTH="742" HEIGHT="136">
						<TextLine ID="line_1" HPOS="125" VPOS="178" WIDTH="683" HEIGHT="33">
							<String ID="string_5" HPOS="125" VPOS="180" WIDTH="10" HEIGHT="26" WC="0.92" CONTENT="$"/><SP WIDTH="16" VPOS="180" HPOS="135"/>
							<String ID="string_6" HPOS="151" VPOS="181" WIDTH="17" HEIGHT="19" WC="0.91" CONTENT="5."/><SP WIDTH="23" VPOS="181" HPOS="168"/>
							<String ID="string_7" HPOS="191" VPOS="178" WIDTH="62" HEIGHT="29" WC="0.91" CONTENT="Egare"/><SP WIDTH="15" VPOS="178" HPOS="253"/>
							<String ID="string_8" HPOS="268" VPOS="182" WIDTH="20" HEIGHT="19" WC="0.96" CONTENT="af"/><SP WIDTH="12" VPOS="182" HPOS="288"/>
							<String ID="string_9" HPOS="300" VPOS="182" WIDTH="89" HEIGHT="25" WC="0.96" CONTENT="husdjur,"/><SP WIDTH="16" VPOS="182" HPOS="389"/>
							<String ID="string_10" HPOS="405" VPOS="188" WIDTH="43" HEIGHT="14" WC="0.93" CONTENT="som"/><SP WIDTH="15" VPOS="188" HPOS="448"/>
							<String ID="string_11" HPOS="463" VPOS="182" WIDTH="10" HEIGHT="20" WC="0.93" CONTENT="å"/><SP WIDTH="14" VPOS="182" HPOS="473"/>
							<String ID="string_12" HPOS="487" VPOS="189" WIDTH="72" HEIGHT="14" WC="0.96" CONTENT="annans"/><SP WIDTH="14" VPOS="189" HPOS="559"/>
							<String ID="string_13" HPOS="573" VPOS="184" WIDTH="55" HEIGHT="19" WC="0.96" CONTENT="mark"/><SP WIDTH="11" VPOS="184" HPOS="628"/>
							<String ID="string_14" HPOS="639" VPOS="190" WIDTH="71" HEIGHT="20" WC="0.96" CONTENT="genom"/><SP WIDTH="9" VPOS="190" HPOS="710"/>
							<String ID="string_15" HPOS="719" VPOS="185" WIDTH="89" HEIGHT="26" WC="0.96" CONTENT="betande,"/>
						</TextLine>
						<TextLine ID="line_2" HPOS="70" VPOS="208" WIDTH="740" HEIGHT="28">
							<String ID="string_16" HPOS="70" VPOS="208" WIDTH="112" HEIGHT="25" WC="0.90" CONTENT="trampning"/><SP WIDTH="14" VPOS="208" HPOS="182"/>
							<String ID="string_17" HPOS="196" VPOS="208" WIDTH="47" HEIGHT="20" WC="0.95" CONTENT="eller."/><SP WIDTH="14" VPOS="208" HPOS="243"/>
							<String ID="string_18" HPOS="257" VPOS="214" WIDTH="61" HEIGHT="14" WC="0.95" CONTENT="annan"/><SP WIDTH="14" VPOS="214" HPOS="318"/>
							<String ID="string_19" HPOS="332" VPOS="208" WIDTH="87" HEIGHT="20" WC="0.96" CONTENT="åverkan"/><SP WIDTH="15" VPOS="208" HPOS="419"/>
							<String ID="string_20" HPOS="434" VPOS="210" WIDTH="60" HEIGHT="18" WC="0.96" CONTENT="skada"/><SP WIDTH="12" VPOS="210" HPOS="494"/>
							<String ID="string_21" HPOS="506" VPOS="210" WIDTH="119" HEIGHT="25" WC="0.93" CONTENT="förorsakat,"/><SP WIDTH="15" VPOS="210" HPOS="625"/>
							<String ID="string_22" HPOS="640" VPOS="217" WIDTH="45" HEIGHT="13" WC="0.96" CONTENT="vare"/><SP WIDTH="10" VPOS="217" HPOS="685"/>
							<String ID="string_23" HPOS="695" VPOS="212" WIDTH="51" HEIGHT="19" WC="0.93" CONTENT="alltid"/><SP WIDTH="11" VPOS="212" HPOS="746"/>
							<String ID="string_24" HPOS="757" VPOS="212" WIDTH="53" HEIGHT="24" WC="0.93" CONTENT="skyl-"/>
						</TextLine>
						<TextLine ID="line_3" HPOS="70" VPOS="234" WIDTH="739" HEIGHT="28">
							<String ID="string_25" HPOS="70" VPOS="234" WIDTH="32" HEIGHT="24" WC="0.95" CONTENT="dig"/><SP WIDTH="16" VPOS="234" HPOS="102"/>
							<String ID="string_26" HPOS="118" VPOS="236" WIDTH="28" HEIGHT="16" WC="0.96" CONTENT="att"/><SP WIDTH="13" VPOS="236" HPOS="146"/>
							<String ID="string_27" HPOS="159" VPOS="234" WIDTH="37" HEIGHT="19" WC="0.96" CONTENT="den"/><SP WIDTH="14" VPOS="234" HPOS="196"/>
							<String ID="string_28" HPOS="210" VPOS="235" WIDTH="26" HEIGHT="19" WC="0.96" CONTENT="till"/><SP WIDTH="16" VPOS="235" HPOS="236"/>
							<String ID="string_29" HPOS="252" VPOS="235" WIDTH="41" HEIGHT="19" WC="0.95" CONTENT="fullt"/><SP WIDTH="14" VPOS="235" HPOS="293"/>
							<String ID="string_30" HPOS="307" VPOS="235" WIDTH="72" HEIGHT="25" WC="0.95" CONTENT="belopp"/><SP WIDTH="14" VPOS="235" HPOS="379"/>
							<String ID="string_31" HPOS="393" VPOS="236" WIDTH="82" HEIGHT="23" WC="0.96" CONTENT="ersätta,"/><SP WIDTH="17" VPOS="236" HPOS="475"/>
							<String ID="string_32" HPOS="492" VPOS="235" WIDTH="67" HEIGHT="20" WC="0.96" CONTENT="såsom"/><SP WIDTH="13" VPOS="235" HPOS="559"/>
							<String ID="string_33" HPOS="572" VPOS="236" WIDTH="5" HEIGHT="18" WC="0.93" CONTENT="i"/><SP WIDTH="15" VPOS="236" HPOS="577"/>
							<String ID="string_34" HPOS="592" VPOS="236" WIDTH="10" HEIGHT="25" WC="0.92" CONTENT="$"/><SP WIDTH="14" VPOS="236" HPOS="602"/>
							<String ID="string_35" HPOS="616" VPOS="238" WIDTH="11" HEIGHT="18" WC="0.96" CONTENT="2"/><SP WIDTH="16" VPOS="238" HPOS="627"/>
							<String ID="string_36" HPOS="643" VPOS="238" WIDTH="66" HEIGHT="24" WC="0.96" CONTENT="säges;"/><SP WIDTH="19" VPOS="238" HPOS="709"/>
							<String ID="string_37" HPOS="728" VPOS="238" WIDTH="35" HEIGHT="18" WC="0.93" CONTENT="har"/><SP WIDTH="14" VPOS="238" HPOS="763"/>
							<String ID="string_38" HPOS="777" VPOS="238" WIDTH="32" HEIGHT="19" WC="0.92" CONTENT="nä-"/>
						</TextLine>
						<TextLine ID="line_4" HPOS="68" VPOS="260" WIDTH="738" HEIGHT="28">
							<String ID="string_39" HPOS="68" VPOS="265" WIDTH="38" HEIGHT="20" WC="0.95" CONTENT="gon"/><SP WIDTH="10" VPOS="265" HPOS="106"/>
							<String ID="string_40" HPOS="116" VPOS="265" WIDTH="61" HEIGHT="13" WC="0.95" CONTENT="annan"/><SP WIDTH="10" VPOS="265" HPOS="177"/>
							<String ID="string_41" HPOS="187" VPOS="260" WIDTH="58" HEIGHT="20" WC="0.96" CONTENT="vållat"/><SP WIDTH="9" VPOS="260" HPOS="245"/>
							<String ID="string_42" HPOS="254" VPOS="263" WIDTH="30" HEIGHT="16" WC="0.91" CONTENT="att"/><SP WIDTH="9" VPOS="263" HPOS="284"/>
							<String ID="string_43" HPOS="293" VPOS="260" WIDTH="64" HEIGHT="25" WC="0.96" CONTENT="djuret"/><SP WIDTH="10" VPOS="260" HPOS="357"/>
							<String ID="string_44" HPOS="367" VPOS="261" WIDTH="83" HEIGHT="19" WC="0.96" CONTENT="kommit"/><SP WIDTH="10" VPOS="261" HPOS="450"/>
							<String ID="string_45" HPOS="460" VPOS="261" WIDTH="5" HEIGHT="19" WC="0.95" CONTENT="i"/><SP WIDTH="10" VPOS="261" HPOS="465"/>
							<String ID="string_46" HPOS="475" VPOS="262" WIDTH="70" HEIGHT="19" WC="0.94" CONTENT="tillfälle"/><SP WIDTH="10" VPOS="262" HPOS="545"/>
							<String ID="string_47" HPOS="555" VPOS="262" WIDTH="26" HEIGHT="19" WC="0.96" CONTENT="till"/><SP WIDTH="10" VPOS="262" HPOS="581"/>
							<String ID="string_48" HPOS="591" VPOS="262" WIDTH="86" HEIGHT="20" WC="0.93" CONTENT="skadans"/><SP WIDTH="9" VPOS="262" HPOS="677"/>
							<String ID="string_49" HPOS="686" VPOS="264" WIDTH="120" HEIGHT="24" WC="0.91" CONTENT="föröfvande,"/>
						</TextLine>
						<TextLine ID="line_5" HPOS="68" VPOS="285" WIDTH="705" HEIGHT="29">
							<String ID="string_50" HPOS="68" VPOS="285" WIDTH="31" HEIGHT="19" WC="0.93" CONTENT="mä"/><SP WIDTH="17" VPOS="285" HPOS="99"/>
							<String ID="string_51" HPOS="116" VPOS="291" WIDTH="71" HEIGHT="20" WC="0.92" CONTENT="egaren"/><SP WIDTH="15" VPOS="291" HPOS="187"/>
							<String ID="string_52" HPOS="202" VPOS="286" WIDTH="94" HEIGHT="20" WC="0.87" CONTENT="särskildt"/><SP WIDTH="13" VPOS="286" HPOS="296"/>
							<String ID="string_53" HPOS="309" VPOS="287" WIDTH="21" HEIGHT="19" WC="0.90" CONTENT="af"/><SP WIDTH="12" VPOS="287" HPOS="330"/>
							<String ID="string_54" HPOS="342" VPOS="288" WIDTH="71" HEIGHT="18" WC="0.96" CONTENT="honom"/><SP WIDTH="14" VPOS="288" HPOS="413"/>
							<String ID="string_55" HPOS="427" VPOS="287" WIDTH="47" HEIGHT="19" WC="0.91" CONTENT="söka"/><SP WIDTH="14" VPOS="287" HPOS="474"/>
							<String ID="string_56" HPOS="488" VPOS="288" WIDTH="123" HEIGHT="25" WC="0.91" CONTENT="godtgörelse"/><SP WIDTH="13" VPOS="288" HPOS="611"/>
							<String ID="string_57" HPOS="624" VPOS="289" WIDTH="30" HEIGHT="19" WC="0.96" CONTENT="för"/><SP WIDTH="13" VPOS="289" HPOS="654"/>
							<String ID="string_58" HPOS="667" VPOS="289" WIDTH="29" HEIGHT="19" WC="0.91" CONTENT="sin"/><SP WIDTH="14" VPOS="289" HPOS="696"/>
							<String ID="string_59" HPOS="710" VPOS="290" WIDTH="63" HEIGHT="24" WC="0.96" CONTENT="utgift."/>
						</TextLine>
					</TextBlock>
					<TextBlock ID="block_2" HPOS="65" VPOS="311" WIDTH="743" HEIGHT="158">
						<TextLine ID="line_6" HPOS="123" VPOS="311" WIDTH="685" HEIGHT="27">
							<String ID="string_60" HPOS="123" VPOS="311" WIDTH="10" HEIGHT="25" WC="0.91" CONTENT="$"/><SP WIDTH="14" VPOS="311" HPOS="133"/>
							<String ID="string_61" HPOS="147" VPOS="312" WIDTH="18" HEIGHT="18" WC="0.96" CONTENT="6."/><SP WIDTH="24" VPOS="312" HPOS="165"/>
							<String ID="string_62" HPOS="189" VPOS="312" WIDTH="41" HEIGHT="19" WC="0.96" CONTENT="Den"/><SP WIDTH="15" VPOS="312" HPOS="230"/>
							<String ID="string_63" HPOS="245" VPOS="318" WIDTH="43" HEIGHT="13" WC="0.96" CONTENT="som"/><SP WIDTH="15" VPOS="318" HPOS="288"/>
							<String ID="string_64" HPOS="303" VPOS="312" WIDTH="60" HEIGHT="20" WC="0.96" CONTENT="skada"/><SP WIDTH="17" VPOS="312" HPOS="363"/>
							<String ID="string_65" HPOS="380" VPOS="314" WIDTH="21" HEIGHT="18" WC="0.93" CONTENT="af"/><SP WIDTH="15" VPOS="314" HPOS="401"/>
							<String ID="string_66" HPOS="416" VPOS="318" WIDTH="74" HEIGHT="14" WC="0.95" CONTENT="annans"/><SP WIDTH="14" VPOS="318" HPOS="490"/>
							<String ID="string_67" HPOS="504" VPOS="313" WIDTH="84" HEIGHT="25" WC="0.96" CONTENT="husdjur"/><SP WIDTH="14" VPOS="313" HPOS="588"/>
							<String ID="string_68" HPOS="602" VPOS="314" WIDTH="47" HEIGHT="24" WC="0.95" CONTENT="lidit,"/><SP WIDTH="16" VPOS="314" HPOS="649"/>
							<String ID="string_69" HPOS="665" VPOS="314" WIDTH="38" HEIGHT="20" WC="0.93" CONTENT="låte"/><SP WIDTH="14" VPOS="314" HPOS="703"/>
							<String ID="string_70" HPOS="717" VPOS="315" WIDTH="91" HEIGHT="19" WC="0.78" CONTENT="densam-"/>
						</TextLine>
						<TextLine ID="line_7" HPOS="66" VPOS="339" WIDTH="742" HEIGHT="27">
							<String ID="string_71" HPOS="66" VPOS="342" WIDTH="32" HEIGHT="14" WC="0.91" CONTENT="ma"/><SP WIDTH="20" VPOS="342" HPOS="98"/>
							<String ID="string_72" HPOS="118" VPOS="340" WIDTH="69" HEIGHT="22" WC="0.95" CONTENT="genast"/><SP WIDTH="21" VPOS="340" HPOS="187"/>
							<String ID="string_73" HPOS="208" VPOS="344" WIDTH="61" HEIGHT="20" WC="0.96" CONTENT="synas"/><SP WIDTH="21" VPOS="344" HPOS="269"/>
							<String ID="string_74" HPOS="290" VPOS="339" WIDTH="37" HEIGHT="18" WC="0.67" CONTENT="och"/><SP WIDTH="18" VPOS="339" HPOS="327"/>
							<String ID="string_75" HPOS="345" VPOS="339" WIDTH="94" HEIGHT="19" WC="0.96" CONTENT="värderas"/><SP WIDTH="16" VPOS="339" HPOS="439"/>
							<String ID="string_76" HPOS="455" VPOS="340" WIDTH="21" HEIGHT="18" WC="0.92" CONTENT="af"/><SP WIDTH="16" VPOS="340" HPOS="476"/>
							<String ID="string_77" HPOS="492" VPOS="339" WIDTH="32" HEIGHT="19" WC="0.93" CONTENT="två"/><SP WIDTH="15" VPOS="339" HPOS="524"/>
							<String ID="string_78" HPOS="539" VPOS="339" WIDTH="84" HEIGHT="26" WC="0.92" CONTENT="ojäfvige"/><SP WIDTH="14" VPOS="339" HPOS="623"/>
							<String ID="string_79" HPOS="637" VPOS="340" WIDTH="37" HEIGHT="19" WC="0.93" CONTENT="och"/><SP WIDTH="15" VPOS="340" HPOS="674"/>
							<String ID="string_80" HPOS="689" VPOS="340" WIDTH="119" HEIGHT="26" WC="0.93" CONTENT="förständige"/>
						</TextLine>
						<TextLine ID="line_8" HPOS="67" VPOS="364" WIDTH="741" HEIGHT="25">
							<String ID="string_81" HPOS="67" VPOS="364" WIDTH="54" HEIGHT="23" WC="0.89" CONTENT="män,"/><SP WIDTH="17" VPOS="364" HPOS="121"/>
							<String ID="string_82" HPOS="138" VPOS="364" WIDTH="38" HEIGHT="18" WC="0.93" CONTENT="och"/><SP WIDTH="13" VPOS="364" HPOS="176"/>
							<String ID="string_83" HPOS="189" VPOS="364" WIDTH="51" HEIGHT="20" WC="0.93" CONTENT="kalie"/><SP WIDTH="14" VPOS="364" HPOS="240"/>
							<String ID="string_84" HPOS="254" VPOS="364" WIDTH="62" HEIGHT="20" WC="0.91" CONTENT="Jertill"/><SP WIDTH="15" VPOS="364" HPOS="316"/>
							<String ID="string_85" HPOS="331" VPOS="364" WIDTH="75" HEIGHT="25" WC="0.92" CONTENT="djurets"/><SP WIDTH="10" VPOS="364" HPOS="406"/>
							<String ID="string_86" HPOS="416" VPOS="370" WIDTH="68" HEIGHT="19" WC="0.92" CONTENT="egare,"/><SP WIDTH="14" VPOS="370" HPOS="484"/>
							<String ID="string_87" HPOS="498" VPOS="371" WIDTH="32" HEIGHT="13" WC="0.96" CONTENT="om"/><SP WIDTH="10" VPOS="371" HPOS="530"/>
							<String ID="string_88" HPOS="540" VPOS="366" WIDTH="38" HEIGHT="19" WC="0.93" CONTENT="han"/><SP WIDTH="9" VPOS="366" HPOS="578"/>
							<String ID="string_89" HPOS="587" VPOS="366" WIDTH="52" HEIGHT="19" WC="0.96" CONTENT="känd"/><SP WIDTH="9" VPOS="366" HPOS="639"/>
							<String ID="string_90" HPOS="648" VPOS="367" WIDTH="38" HEIGHT="19" WC="0.93" CONTENT="och"/><SP WIDTH="10" VPOS="367" HPOS="686"/>
							<String ID="string_91" HPOS="696" VPOS="366" WIDTH="112" HEIGHT="20" WC="0.96" CONTENT="närboende"/>
						</TextLine>
						<TextLine ID="line_9" HPOS="66" VPOS="390" WIDTH="741" HEIGHT="28">
							<String ID="string_92" HPOS="66" VPOS="391" WIDTH="22" HEIGHT="18" WC="0.95" CONTENT="är"/><SP WIDTH="15" VPOS="391" HPOS="88"/>
							<String ID="string_93" HPOS="103" VPOS="392" WIDTH="52" HEIGHT="18" WC="0.93" CONTENT="samt"/><SP WIDTH="14" VPOS="392" HPOS="155"/>
							<String ID="string_94" HPOS="169" VPOS="390" WIDTH="80" HEIGHT="20" WC="0.96" CONTENT="kallelse"/><SP WIDTH="14" VPOS="390" HPOS="249"/>
							<String ID="string_95" HPOS="263" VPOS="393" WIDTH="46" HEIGHT="17" WC="0.93" CONTENT="utan"/><SP WIDTH="15" VPOS="393" HPOS="309"/>
							<String ID="string_96" HPOS="324" VPOS="390" WIDTH="100" HEIGHT="26" WC="0.96" CONTENT="svårighet"/><SP WIDTH="13" VPOS="390" HPOS="424"/>
							<String ID="string_97" HPOS="437" VPOS="392" WIDTH="39" HEIGHT="18" WC="0.93" CONTENT="och"/><SP WIDTH="14" VPOS="392" HPOS="476"/>
							<String ID="string_98" HPOS="490" VPOS="392" WIDTH="117" HEIGHT="26" WC="0.28" CONTENT="tidsutdrägt"/><SP WIDTH="14" VPOS="392" HPOS="607"/>
							<String ID="string_99" HPOS="621" VPOS="392" WIDTH="37" HEIGHT="20" WC="0.96" CONTENT="kan"/><SP WIDTH="13" VPOS="392" HPOS="658"/>
							<String ID="string_100" HPOS="671" VPOS="394" WIDTH="72" HEIGHT="18" WC="0.93" CONTENT="honom"/><SP WIDTH="10" VPOS="394" HPOS="743"/>
							<String ID="string_101" HPOS="753" VPOS="394" WIDTH="54" HEIGHT="19" WC="0.92" CONTENT="med-"/>
						</TextLine>
						<TextLine ID="line_10" HPOS="66" VPOS="416" WIDTH="742" HEIGHT="27">
							<String ID="string_102" HPOS="66" VPOS="416" WIDTH="62" HEIGHT="20" WC="0.93" CONTENT="delas."/><SP WIDTH="15" VPOS="416" HPOS="128"/>
							<String ID="string_103" HPOS="143" VPOS="412" WIDTH="9" HEIGHT="36" WC="0.54" CONTENT="-"/><SP WIDTH="5" VPOS="412" HPOS="152"/>
							<String ID="string_104" HPOS="157" VPOS="416" WIDTH="113" HEIGHT="20" WC="0.95" CONTENT="Kostnaden"/><SP WIDTH="21" VPOS="416" HPOS="270"/>
							<String ID="string_105" HPOS="291" VPOS="418" WIDTH="29" HEIGHT="18" WC="0.93" CONTENT="för"/><SP WIDTH="17" VPOS="418" HPOS="320"/>
							<String ID="string_106" HPOS="337" VPOS="417" WIDTH="52" HEIGHT="26" WC="0.96" CONTENT="dylik"/><SP WIDTH="18" VPOS="417" HPOS="389"/>
							<String ID="string_107" HPOS="407" VPOS="423" WIDTH="37" HEIGHT="20" WC="0.97" CONTENT="syn"/><SP WIDTH="14" VPOS="423" HPOS="444"/>
							<String ID="string_108" HPOS="458" VPOS="418" WIDTH="37" HEIGHT="19" WC="0.93" CONTENT="och"/><SP WIDTH="14" VPOS="418" HPOS="495"/>
							<String ID="string_109" HPOS="509" VPOS="418" WIDTH="80" HEIGHT="20" WC="0.96" CONTENT="kallelse"/><SP WIDTH="15" VPOS="418" HPOS="589"/>
							<String ID="string_110" HPOS="604" VPOS="419" WIDTH="35" HEIGHT="19" WC="0.96" CONTENT="bör"/><SP WIDTH="13" VPOS="419" HPOS="639"/>
							<String ID="string_111" HPOS="652" VPOS="419" WIDTH="21" HEIGHT="19" WC="0.96" CONTENT="af"/><SP WIDTH="12" VPOS="419" HPOS="673"/>
							<String ID="string_112" HPOS="685" VPOS="419" WIDTH="38" HEIGHT="19" WC="0.93" CONTENT="den"/><SP WIDTH="14" VPOS="419" HPOS="723"/>
							<String ID="string_113" HPOS="737" VPOS="421" WIDTH="71" HEIGHT="18" WC="0.87" CONTENT="ersätt-"/>
						</TextLine>
						<TextLine ID="line_11" HPOS="65" VPOS="443" WIDTH="402" HEIGHT="26">
							<String ID="string_114" HPOS="65" VPOS="443" WIDTH="146" HEIGHT="25" WC="0.93" CONTENT="ningsskyldige"/><SP WIDTH="14" VPOS="443" HPOS="211"/>
							<String ID="string_115" HPOS="225" VPOS="443" WIDTH="116" HEIGHT="25" WC="0.91" CONTENT="djuregaren"/><SP WIDTH="15" VPOS="443" HPOS="341"/>
							<String ID="string_116" HPOS="356" VPOS="444" WIDTH="111" HEIGHT="25" WC="0.91" CONTENT="godtgöras."/>
						</TextLine>
					</TextBlock>
					<TextBlock ID="block_3" HPOS="64" VPOS="469" WIDTH="744" HEIGHT="186">
						<TextLine ID="line_12" HPOS="118" VPOS="469" WIDTH="690" HEIGHT="27">
							<String ID="string_117" HPOS="118" VPOS="469" WIDTH="11" HEIGHT="25" WC="0.93" CONTENT="$"/><SP WIDTH="15" VPOS="469" HPOS="129"/>
							<String ID="string_118" HPOS="144" VPOS="469" WIDTH="18" HEIGHT="19" WC="0.92" CONTENT="7."/><SP WIDTH="23" VPOS="469" HPOS="162"/>
							<String ID="string_119" HPOS="185" VPOS="469" WIDTH="70" HEIGHT="20" WC="0.96" CONTENT="Finner"/><SP WIDTH="14" VPOS="469" HPOS="255"/>
							<String ID="string_120" HPOS="269" VPOS="469" WIDTH="64" HEIGHT="26" WC="0.92" CONTENT="någon"/><SP WIDTH="15" VPOS="469" HPOS="333"/>
							<String ID="string_121" HPOS="348" VPOS="469" WIDTH="10" HEIGHT="19" WC="0.93" CONTENT="ä"/><SP WIDTH="11" VPOS="469" HPOS="358"/>
							<String ID="string_122" HPOS="369" VPOS="470" WIDTH="41" HEIGHT="19" WC="0.93" CONTENT="sina"/><SP WIDTH="9" VPOS="470" HPOS="410"/>
							<String ID="string_123" HPOS="419" VPOS="475" WIDTH="46" HEIGHT="20" WC="0.93" CONTENT="egor"/><SP WIDTH="10" VPOS="475" HPOS="465"/>
							<String ID="string_124" HPOS="475" VPOS="476" WIDTH="72" HEIGHT="14" WC="0.96" CONTENT="annans"/><SP WIDTH="10" VPOS="476" HPOS="547"/>
							<String ID="string_125" HPOS="557" VPOS="470" WIDTH="89" HEIGHT="26" WC="0.96" CONTENT="husdjur,"/><SP WIDTH="12" VPOS="470" HPOS="646"/>
							<String ID="string_126" HPOS="658" VPOS="477" WIDTH="44" HEIGHT="13" WC="0.96" CONTENT="som"/><SP WIDTH="9" VPOS="477" HPOS="702"/>
							<String ID="string_127" HPOS="711" VPOS="471" WIDTH="28" HEIGHT="20" WC="0.91" CONTENT="dit"/><SP WIDTH="9" VPOS="471" HPOS="739"/>
							<String ID="string_128" HPOS="748" VPOS="472" WIDTH="60" HEIGHT="19" WC="0.87" CONTENT="olofli-"/>
						</TextLine>
						<TextLine ID="line_13" HPOS="66" VPOS="495" WIDTH="742" HEIGHT="28">
							<String ID="string_129" HPOS="66" VPOS="501" WIDTH="37" HEIGHT="19" WC="0.93" CONTENT="gen"/><SP WIDTH="14" VPOS="501" HPOS="103"/>
							<String ID="string_130" HPOS="117" VPOS="495" WIDTH="113" HEIGHT="26" WC="0.96" CONTENT="inkommit,"/><SP WIDTH="16" VPOS="495" HPOS="230"/>
							<String ID="string_131" HPOS="246" VPOS="495" WIDTH="32" HEIGHT="20" WC="0.97" CONTENT="mä"/><SP WIDTH="15" VPOS="495" HPOS="278"/>
							<String ID="string_132" HPOS="293" VPOS="495" WIDTH="37" HEIGHT="20" WC="0.96" CONTENT="han"/><SP WIDTH="14" VPOS="495" HPOS="330"/>
							<String ID="string_133" HPOS="344" VPOS="496" WIDTH="33" HEIGHT="19" WC="0.93" CONTENT="det"/><SP WIDTH="13" VPOS="496" HPOS="377"/>
							<String ID="string_134" HPOS="390" VPOS="496" WIDTH="72" HEIGHT="25" WC="0.96" CONTENT="intaga,"/><SP WIDTH="16" VPOS="496" HPOS="462"/>
							<String ID="string_135" HPOS="478" VPOS="498" WIDTH="38" HEIGHT="18" WC="0.93" CONTENT="och"/><SP WIDTH="14" VPOS="498" HPOS="516"/>
							<String ID="string_136" HPOS="530" VPOS="497" WIDTH="113" HEIGHT="20" WC="0.91" CONTENT="underrätte"/><SP WIDTH="13" VPOS="497" HPOS="643"/>
							<String ID="string_137" HPOS="656" VPOS="497" WIDTH="69" HEIGHT="20" WC="0.96" CONTENT="derom"/><SP WIDTH="14" VPOS="497" HPOS="725"/>
							<String ID="string_138" HPOS="739" VPOS="501" WIDTH="69" HEIGHT="22" WC="0.96" CONTENT="genast"/>
						</TextLine>
						<TextLine ID="line_14" HPOS="65" VPOS="521" WIDTH="742" HEIGHT="28">
							<String ID="string_139" HPOS="65" VPOS="521" WIDTH="77" HEIGHT="26" WC="0.93" CONTENT="djurets"/><SP WIDTH="12" VPOS="521" HPOS="142"/>
							<String ID="string_140" HPOS="154" VPOS="527" WIDTH="58" HEIGHT="20" WC="0.93" CONTENT="egare"/><SP WIDTH="10" VPOS="527" HPOS="212"/>
							<String ID="string_141" HPOS="222" VPOS="525" WIDTH="52" HEIGHT="16" WC="0.96" CONTENT="samt"/><SP WIDTH="8" VPOS="525" HPOS="274"/>
							<String ID="string_142" HPOS="282" VPOS="521" WIDTH="62" HEIGHT="21" WC="0.88" CONTENT="värde"/><SP WIDTH="9" VPOS="521" HPOS="344"/>
							<String ID="string_143" HPOS="353" VPOS="522" WIDTH="118" HEIGHT="26" WC="0.89" CONTENT="detsamma,"/><SP WIDTH="14" VPOS="522" HPOS="471"/>
							<String ID="string_144" HPOS="485" VPOS="523" WIDTH="67" HEIGHT="20" WC="0.96" CONTENT="såsom"/><SP WIDTH="13" VPOS="523" HPOS="552"/>
							<String ID="string_145" HPOS="565" VPOS="523" WIDTH="5" HEIGHT="19" WC="0.38" CONTENT="i"/><SP WIDTH="11" VPOS="523" HPOS="570"/>
							<String ID="string_146" HPOS="581" VPOS="524" WIDTH="8" HEIGHT="19" WC="0.38" CONTENT="3"/><SP WIDTH="12" VPOS="524" HPOS="589"/>
							<String ID="string_147" HPOS="601" VPOS="523" WIDTH="8" HEIGHT="26" WC="0.82" CONTENT="$"/><SP WIDTH="10" VPOS="523" HPOS="609"/>
							<String ID="string_148" HPOS="619" VPOS="524" WIDTH="24" HEIGHT="19" WC="0.96" CONTENT="10"/><SP WIDTH="9" VPOS="524" HPOS="643"/>
							<String ID="string_149" HPOS="652" VPOS="524" WIDTH="49" HEIGHT="25" WC="0.93" CONTENT="Kap."/><SP WIDTH="11" VPOS="524" HPOS="701"/>
							<String ID="string_150" HPOS="712" VPOS="524" WIDTH="95" HEIGHT="20" WC="0.92" CONTENT="Handels-"/>
						</TextLine>
						<TextLine ID="line_15" HPOS="64" VPOS="548" WIDTH="743" HEIGHT="27">
							<String ID="string_151" HPOS="64" VPOS="548" WIDTH="71" HEIGHT="20" WC="0.92" CONTENT="balken"/><SP WIDTH="15" VPOS="548" HPOS="135"/>
							<String ID="string_152" HPOS="150" VPOS="553" WIDTH="31" HEIGHT="14" WC="0.96" CONTENT="om"/><SP WIDTH="15" VPOS="553" HPOS="181"/>
							<String ID="string_153" HPOS="196" VPOS="551" WIDTH="45" HEIGHT="22" WC="0.93" CONTENT="pant"/><SP WIDTH="15" VPOS="551" HPOS="241"/>
							<String ID="string_154" HPOS="256" VPOS="548" WIDTH="86" HEIGHT="25" WC="0.89" CONTENT="stadgas."/><SP WIDTH="30" VPOS="548" HPOS="342"/>
							<String ID="string_155" HPOS="372" VPOS="549" WIDTH="27" HEIGHT="18" WC="0.90" CONTENT="Är"/><SP WIDTH="17" VPOS="549" HPOS="399"/>
							<String ID="string_156" HPOS="416" VPOS="555" WIDTH="72" HEIGHT="18" WC="0.90" CONTENT="egaren"/><SP WIDTH="13" VPOS="555" HPOS="488"/>
							<String ID="string_157" HPOS="501" VPOS="549" WIDTH="64" HEIGHT="20" WC="0.91" CONTENT="okänd"/><SP WIDTH="13" VPOS="549" HPOS="565"/>
							<String ID="string_158" HPOS="578" VPOS="551" WIDTH="38" HEIGHT="18" WC="0.96" CONTENT="och"/><SP WIDTH="14" VPOS="551" HPOS="616"/>
							<String ID="string_159" HPOS="630" VPOS="550" WIDTH="38" HEIGHT="19" WC="0.92" CONTENT="kan"/><SP WIDTH="15" VPOS="550" HPOS="668"/>
							<String ID="string_160" HPOS="683" VPOS="549" WIDTH="61" HEIGHT="26" WC="0.92" CONTENT="nägon"/><SP WIDTH="14" VPOS="549" HPOS="744"/>
							<String ID="string_161" HPOS="758" VPOS="551" WIDTH="49" HEIGHT="19" WC="0.92" CONTENT="kun-"/>
						</TextLine>
						<TextLine ID="line_16" HPOS="64" VPOS="574" WIDTH="740" HEIGHT="27">
							<String ID="string_162" HPOS="64" VPOS="575" WIDTH="50" HEIGHT="24" WC="0.92" CONTENT="skap"/><SP WIDTH="22" VPOS="575" HPOS="114"/>
							<String ID="string_163" HPOS="136" VPOS="580" WIDTH="32" HEIGHT="13" WC="0.96" CONTENT="om"/><SP WIDTH="23" VPOS="580" HPOS="168"/>
							<String ID="string_164" HPOS="191" VPOS="575" WIDTH="72" HEIGHT="19" WC="0.93" CONTENT="honom"/><SP WIDTH="17" VPOS="575" HPOS="263"/>
							<String ID="string_165" HPOS="280" VPOS="575" WIDTH="17" HEIGHT="24" WC="0.90" CONTENT="ej"/><SP WIDTH="18" VPOS="575" HPOS="297"/>
							<String ID="string_166" HPOS="315" VPOS="574" WIDTH="83" HEIGHT="21" WC="0.90" CONTENT="erhällas"/><SP WIDTH="15" VPOS="574" HPOS="398"/>
							<String ID="string_167" HPOS="413" VPOS="575" WIDTH="57" HEIGHT="20" WC="0.96" CONTENT="bland"/><SP WIDTH="15" VPOS="575" HPOS="470"/>
							<String ID="string_168" HPOS="485" VPOS="577" WIDTH="100" HEIGHT="18" WC="0.93" CONTENT="närmaste"/><SP WIDTH="13" VPOS="577" HPOS="585"/>
							<String ID="string_169" HPOS="598" VPOS="582" WIDTH="91" HEIGHT="19" WC="0.92" CONTENT="grannar,"/><SP WIDTH="16" VPOS="582" HPOS="689"/>
							<String ID="string_170" HPOS="705" VPOS="576" WIDTH="38" HEIGHT="20" WC="0.92" CONTENT="läte"/><SP WIDTH="14" VPOS="576" HPOS="743"/>
							<String ID="string_171" HPOS="757" VPOS="577" WIDTH="47" HEIGHT="24" WC="0.96" CONTENT="den,"/>
						</TextLine>
						<TextLine ID="line_17" HPOS="65" VPOS="600" WIDTH="741" HEIGHT="27">
							<String ID="string_172" HPOS="65" VPOS="606" WIDTH="44" HEIGHT="14" WC="0.93" CONTENT="som"/><SP WIDTH="15" VPOS="606" HPOS="109"/>
							<String ID="string_173" HPOS="124" VPOS="600" WIDTH="65" HEIGHT="25" WC="0.96" CONTENT="djuret"/><SP WIDTH="13" VPOS="600" HPOS="189"/>
							<String ID="string_174" HPOS="202" VPOS="601" WIDTH="73" HEIGHT="26" WC="0.96" CONTENT="intagit,"/><SP WIDTH="16" VPOS="601" HPOS="275"/>
							<String ID="string_175" HPOS="291" VPOS="601" WIDTH="67" HEIGHT="20" WC="0.96" CONTENT="derom"/><SP WIDTH="16" VPOS="601" HPOS="358"/>
							<String ID="string_176" HPOS="374" VPOS="601" WIDTH="4" HEIGHT="19" WC="0.96" CONTENT="i"/><SP WIDTH="15" VPOS="601" HPOS="378"/>
							<String ID="string_177" HPOS="393" VPOS="601" WIDTH="76" HEIGHT="26" WC="0.93" CONTENT="kyrkan"/><SP WIDTH="14" VPOS="601" HPOS="469"/>
							<String ID="string_178" HPOS="483" VPOS="601" WIDTH="10" HEIGHT="21" WC="0.90" CONTENT="&amp;"/><SP WIDTH="15" VPOS="601" HPOS="493"/>
							<String ID="string_179" HPOS="508" VPOS="604" WIDTH="55" HEIGHT="18" WC="0.96" CONTENT="nästa"/><SP WIDTH="15" VPOS="604" HPOS="563"/>
							<String ID="string_180" HPOS="578" VPOS="602" WIDTH="72" HEIGHT="25" WC="0.93" CONTENT="söndag"/><SP WIDTH="9" VPOS="602" HPOS="650"/>
							<String ID="string_181" HPOS="659" VPOS="603" WIDTH="98" HEIGHT="24" WC="0.88" CONTENT="kungöra,"/><SP WIDTH="11" VPOS="603" HPOS="757"/>
							<String ID="string_182" HPOS="768" VPOS="604" WIDTH="38" HEIGHT="18" WC="0.96" CONTENT="och"/>
						</TextLine>
						<TextLine ID="line_18" HPOS="65" VPOS="627" WIDTH="738" HEIGHT="28">
							<String ID="string_183" HPOS="65" VPOS="633" WIDTH="49" HEIGHT="14" WC="0.92" CONTENT="vare"/><SP WIDTH="10" VPOS="633" HPOS="114"/>
							<String ID="string_184" HPOS="124" VPOS="627" WIDTH="86" HEIGHT="20" WC="0.96" CONTENT="derefter"/><SP WIDTH="8" VPOS="627" HPOS="210"/>
							<String ID="string_185" HPOS="218" VPOS="627" WIDTH="108" HEIGHT="26" WC="0.96" CONTENT="berättigad"/><SP WIDTH="10" VPOS="627" HPOS="326"/>
							<String ID="string_186" HPOS="336" VPOS="630" WIDTH="28" HEIGHT="16" WC="0.93" CONTENT="att"/><SP WIDTH="9" VPOS="630" HPOS="364"/>
							<String ID="string_187" HPOS="373" VPOS="627" WIDTH="66" HEIGHT="24" WC="0.96" CONTENT="djuret"/><SP WIDTH="8" VPOS="627" HPOS="439"/>
							<String ID="string_188" HPOS="447" VPOS="628" WIDTH="69" HEIGHT="20" WC="0.96" CONTENT="såsom"/><SP WIDTH="12" VPOS="628" HPOS="516"/>
							<String ID="string_189" HPOS="528" VPOS="629" WIDTH="97" HEIGHT="24" WC="0.96" CONTENT="hittegods"/><SP WIDTH="10" VPOS="629" HPOS="625"/>
							<String ID="string_190" HPOS="635" VPOS="629" WIDTH="50" HEIGHT="19" WC="0.96" CONTENT="efter"/><SP WIDTH="9" VPOS="629" HPOS="685"/>
							<String ID="string_191" HPOS="694" VPOS="630" WIDTH="31" HEIGHT="24" WC="0.76" CONTENT="lag"/><SP WIDTH="9" VPOS="630" HPOS="725"/>
							<String ID="string_192" HPOS="734" VPOS="629" WIDTH="69" HEIGHT="26" WC="0.96" CONTENT="nyttja."/>
						</TextLine>
					</TextBlock>
					<TextBlock ID="block_4" HPOS="63" VPOS="653" WIDTH="744" HEIGHT="159">
						<TextLine ID="line_19" HPOS="117" VPOS="653" WIDTH="688" HEIGHT="27">
							<String ID="string_193" HPOS="117" VPOS="653" WIDTH="10" HEIGHT="25" WC="0.90" CONTENT="$"/><SP WIDTH="15" VPOS="653" HPOS="127"/>
							<String ID="string_194" HPOS="142" VPOS="654" WIDTH="18" HEIGHT="19" WC="0.92" CONTENT="8."/><SP WIDTH="24" VPOS="654" HPOS="160"/>
							<String ID="string_195" HPOS="184" VPOS="654" WIDTH="74" HEIGHT="25" WC="0.91" CONTENT="Intaget"/><SP WIDTH="14" VPOS="654" HPOS="258"/>
							<String ID="string_196" HPOS="272" VPOS="653" WIDTH="83" HEIGHT="24" WC="0.93" CONTENT="husdjur"/><SP WIDTH="14" VPOS="653" HPOS="355"/>
							<String ID="string_197" HPOS="369" VPOS="654" WIDTH="59" HEIGHT="19" WC="0.90" CONTENT="hafve"/><SP WIDTH="14" VPOS="654" HPOS="428"/>
							<String ID="string_198" HPOS="442" VPOS="660" WIDTH="71" HEIGHT="20" WC="0.91" CONTENT="egaren"/><SP WIDTH="16" VPOS="660" HPOS="513"/>
							<String ID="string_199" HPOS="529" VPOS="654" WIDTH="16" HEIGHT="25" WC="0.96" CONTENT="ej"/><SP WIDTH="16" VPOS="654" HPOS="545"/>
							<String ID="string_200" HPOS="561" VPOS="656" WIDTH="37" HEIGHT="17" WC="0.96" CONTENT="rätt"/><SP WIDTH="14" VPOS="656" HPOS="598"/>
							<String ID="string_201" HPOS="612" VPOS="657" WIDTH="29" HEIGHT="17" WC="0.96" CONTENT="att"/><SP WIDTH="13" VPOS="657" HPOS="641"/>
							<String ID="string_202" HPOS="654" VPOS="654" WIDTH="71" HEIGHT="25" WC="0.96" CONTENT="återfå,"/><SP WIDTH="16" VPOS="654" HPOS="725"/>
							<String ID="string_203" HPOS="741" VPOS="656" WIDTH="64" HEIGHT="18" WC="0.96" CONTENT="förrän"/>
						</TextLine>
						<TextLine ID="line_20" HPOS="65" VPOS="679" WIDTH="742" HEIGHT="27">
							<String ID="string_204" HPOS="65" VPOS="679" WIDTH="39" HEIGHT="20" WC="0.96" CONTENT="han"/><SP WIDTH="14" VPOS="679" HPOS="104"/>
							<String ID="string_205" HPOS="118" VPOS="681" WIDTH="86" HEIGHT="18" WC="0.96" CONTENT="ersätter"/><SP WIDTH="13" VPOS="681" HPOS="204"/>
							<String ID="string_206" HPOS="217" VPOS="680" WIDTH="38" HEIGHT="19" WC="0.96" CONTENT="den"/><SP WIDTH="14" VPOS="680" HPOS="255"/>
							<String ID="string_207" HPOS="269" VPOS="680" WIDTH="70" HEIGHT="23" WC="0.96" CONTENT="skada,"/><SP WIDTH="17" VPOS="680" HPOS="339"/>
							<String ID="string_208" HPOS="356" VPOS="685" WIDTH="44" HEIGHT="14" WC="0.96" CONTENT="som"/><SP WIDTH="15" VPOS="685" HPOS="400"/>
							<String ID="string_209" HPOS="415" VPOS="686" WIDTH="70" HEIGHT="19" WC="0.96" CONTENT="genom"/><SP WIDTH="14" VPOS="686" HPOS="485"/>
							<String ID="string_210" HPOS="499" VPOS="680" WIDTH="65" HEIGHT="26" WC="0.95" CONTENT="djuret"/><SP WIDTH="13" VPOS="680" HPOS="564"/>
							<String ID="string_211" HPOS="577" VPOS="681" WIDTH="63" HEIGHT="19" WC="0.93" CONTENT="blifvit"/><SP WIDTH="14" VPOS="681" HPOS="640"/>
							<String ID="string_212" HPOS="654" VPOS="681" WIDTH="97" HEIGHT="24" WC="0.91" CONTENT="föröfvad,"/><SP WIDTH="17" VPOS="681" HPOS="751"/>
							<String ID="string_213" HPOS="768" VPOS="682" WIDTH="39" HEIGHT="19" WC="0.96" CONTENT="och"/>
						</TextLine>
						<TextLine ID="line_21" HPOS="65" VPOS="705" WIDTH="742" HEIGHT="28">
							<String ID="string_214" HPOS="65" VPOS="705" WIDTH="97" HEIGHT="25" WC="0.92" CONTENT="derjemte"/><SP WIDTH="14" VPOS="705" HPOS="162"/>
							<String ID="string_215" HPOS="176" VPOS="706" WIDTH="50" HEIGHT="19" WC="0.93" CONTENT="efter"/><SP WIDTH="13" VPOS="706" HPOS="226"/>
							<String ID="string_216" HPOS="239" VPOS="706" WIDTH="204" HEIGHT="20" WC="0.91" CONTENT="öfverenskommelse"/><SP WIDTH="14" VPOS="706" HPOS="443"/>
							<String ID="string_217" HPOS="457" VPOS="708" WIDTH="46" HEIGHT="19" WC="0.96" CONTENT="eller"/><SP WIDTH="13" VPOS="708" HPOS="503"/>
							<String ID="string_218" HPOS="516" VPOS="707" WIDTH="49" HEIGHT="26" WC="0.96" CONTENT="goda"/><SP WIDTH="15" VPOS="707" HPOS="565"/>
							<String ID="string_219" HPOS="580" VPOS="708" WIDTH="56" HEIGHT="18" WC="0.93" CONTENT="mäns"/><SP WIDTH="14" VPOS="708" HPOS="636"/>
							<String ID="string_220" HPOS="650" VPOS="708" WIDTH="89" HEIGHT="25" WC="0.92" CONTENT="pröfning"/><SP WIDTH="12" VPOS="708" HPOS="739"/>
							<String ID="string_221" HPOS="751" VPOS="708" WIDTH="56" HEIGHT="25" WC="0.92" CONTENT="godt-"/>
						</TextLine>
						<TextLine ID="line_22" HPOS="64" VPOS="732" WIDTH="743" HEIGHT="26">
							<String ID="string_222" HPOS="64" VPOS="733" WIDTH="34" HEIGHT="24" WC="0.96" CONTENT="gör"/><SP WIDTH="14" VPOS="733" HPOS="98"/>
							<String ID="string_223" HPOS="112" VPOS="732" WIDTH="38" HEIGHT="19" WC="0.93" CONTENT="den"/><SP WIDTH="14" VPOS="732" HPOS="150"/>
							<String ID="string_224" HPOS="164" VPOS="732" WIDTH="84" HEIGHT="20" WC="0.61" CONTENT="kostnai"/><SP WIDTH="14" VPOS="732" HPOS="248"/>
							<String ID="string_225" HPOS="262" VPOS="733" WIDTH="85" HEIGHT="20" WC="0.93" CONTENT="skadans"/><SP WIDTH="15" VPOS="733" HPOS="347"/>
							<String ID="string_226" HPOS="362" VPOS="733" WIDTH="91" HEIGHT="20" WC="0.83" CONTENT="måtande"/><SP WIDTH="14" VPOS="733" HPOS="453"/>
							<String ID="string_227" HPOS="467" VPOS="737" WIDTH="52" HEIGHT="16" WC="0.96" CONTENT="samt"/><SP WIDTH="13" VPOS="737" HPOS="519"/>
							<String ID="string_228" HPOS="532" VPOS="733" WIDTH="76" HEIGHT="25" WC="0.96" CONTENT="djurets"/><SP WIDTH="14" VPOS="733" HPOS="608"/>
							<String ID="string_229" HPOS="622" VPOS="733" WIDTH="48" HEIGHT="20" WC="0.96" CONTENT="vård"/><SP WIDTH="15" VPOS="733" HPOS="670"/>
							<String ID="string_230" HPOS="685" VPOS="735" WIDTH="37" HEIGHT="18" WC="0.93" CONTENT="och"/><SP WIDTH="13" VPOS="735" HPOS="722"/>
							<String ID="string_231" HPOS="735" VPOS="734" WIDTH="72" HEIGHT="19" WC="0.92" CONTENT="under-"/>
						</TextLine>
						<TextLine ID="line_23" HPOS="63" VPOS="757" WIDTH="743" HEIGHT="28">
							<String ID="string_232" HPOS="63" VPOS="757" WIDTH="37" HEIGHT="20" WC="0.90" CONTENT="håll"/><SP WIDTH="18" VPOS="757" HPOS="100"/>
							<String ID="string_233" HPOS="118" VPOS="759" WIDTH="94" HEIGHT="24" WC="0.95" CONTENT="medfört,"/><SP WIDTH="20" VPOS="759" HPOS="212"/>
							<String ID="string_234" HPOS="232" VPOS="759" WIDTH="46" HEIGHT="19" WC="0.96" CONTENT="eller"/><SP WIDTH="16" VPOS="759" HPOS="278"/>
							<String ID="string_235" HPOS="294" VPOS="759" WIDTH="38" HEIGHT="19" WC="0.96" CONTENT="ock"/><SP WIDTH="17" VPOS="759" HPOS="332"/>
							<String ID="string_236" HPOS="349" VPOS="759" WIDTH="29" HEIGHT="19" WC="0.93" CONTENT="för"/><SP WIDTH="17" VPOS="759" HPOS="378"/>
							<String ID="string_237" HPOS="395" VPOS="759" WIDTH="127" HEIGHT="25" WC="0.91" CONTENT="fullgörandet"/><SP WIDTH="16" VPOS="759" HPOS="522"/>
							<String ID="string_238" HPOS="538" VPOS="760" WIDTH="56" HEIGHT="19" WC="0.96" CONTENT="deraf"/><SP WIDTH="13" VPOS="760" HPOS="594"/>
							<String ID="string_239" HPOS="607" VPOS="760" WIDTH="35" HEIGHT="19" WC="0.96" CONTENT="hos"/><SP WIDTH="14" VPOS="760" HPOS="642"/>
							<String ID="string_240" HPOS="656" VPOS="760" WIDTH="90" HEIGHT="25" WC="0.96" CONTENT="godkänd"/><SP WIDTH="14" VPOS="760" HPOS="746"/>
							<String ID="string_241" HPOS="760" VPOS="766" WIDTH="46" HEIGHT="14" WC="0.96" CONTENT="man"/>
						</TextLine>
						<TextLine ID="line_24" HPOS="65" VPOS="784" WIDTH="738" HEIGHT="28">
							<String ID="string_242" HPOS="65" VPOS="785" WIDTH="47" HEIGHT="19" WC="0.93" CONTENT="eller"/><SP WIDTH="14" VPOS="785" HPOS="112"/>
							<String ID="string_243" HPOS="126" VPOS="784" WIDTH="138" HEIGHT="26" WC="0.92" CONTENT="kronobetjent"/><SP WIDTH="14" VPOS="784" HPOS="264"/>
							<String ID="string_244" HPOS="278" VPOS="785" WIDTH="66" HEIGHT="20" WC="0.96" CONTENT="ställer"/><SP WIDTH="12" VPOS="785" HPOS="344"/>
							<String ID="string_245" HPOS="356" VPOS="786" WIDTH="43" HEIGHT="24" WC="0.96" CONTENT="laga"/><SP WIDTH="13" VPOS="786" HPOS="399"/>
							<String ID="string_246" HPOS="412" VPOS="786" WIDTH="92" HEIGHT="19" WC="0.95" CONTENT="säkerhet"/><SP WIDTH="11" VPOS="786" HPOS="504"/>
							<String ID="string_247" HPOS="515" VPOS="786" WIDTH="84" HEIGHT="19" WC="0.96" CONTENT="medelst"/><SP WIDTH="12" VPOS="786" HPOS="599"/>
							<String ID="string_248" HPOS="611" VPOS="789" WIDTH="46" HEIGHT="22" WC="0.96" CONTENT="pant"/><SP WIDTH="10" VPOS="789" HPOS="657"/>
							<String ID="string_249" HPOS="667" VPOS="787" WIDTH="47" HEIGHT="19" WC="0.96" CONTENT="eller"/><SP WIDTH="9" VPOS="787" HPOS="714"/>
							<String ID="string_250" HPOS="723" VPOS="786" WIDTH="80" HEIGHT="26" WC="0.96" CONTENT="borgen."/>
						</TextLine>
					</TextBlock>
					<TextBlock ID="block_5" HPOS="62" VPOS="811" WIDTH="743" HEIGHT="105">
						<TextLine ID="line_25" HPOS="117" VPOS="811" WIDTH="688" HEIGHT="26">
							<String ID="string_251" HPOS="117" VPOS="811" WIDTH="10" HEIGHT="25" WC="0.91" CONTENT="$"/><SP WIDTH="14" VPOS="811" HPOS="127"/>
							<String ID="string_252" HPOS="141" VPOS="812" WIDTH="19" HEIGHT="19" WC="0.93" CONTENT="9."/><SP WIDTH="24" VPOS="812" HPOS="160"/>
							<String ID="string_253" HPOS="184" VPOS="811" WIDTH="78" HEIGHT="20" WC="0.90" CONTENT="Utlöser"/><SP WIDTH="17" VPOS="811" HPOS="262"/>
							<String ID="string_254" HPOS="279" VPOS="811" WIDTH="18" HEIGHT="26" WC="0.91" CONTENT="ej"/><SP WIDTH="18" VPOS="811" HPOS="297"/>
							<String ID="string_255" HPOS="315" VPOS="817" WIDTH="59" HEIGHT="19" WC="0.91" CONTENT="egare"/><SP WIDTH="17" VPOS="817" HPOS="374"/>
							<String ID="string_256" HPOS="391" VPOS="811" WIDTH="71" HEIGHT="26" WC="0.96" CONTENT="intaget"/><SP WIDTH="13" VPOS="811" HPOS="462"/>
							<String ID="string_257" HPOS="475" VPOS="812" WIDTH="44" HEIGHT="25" WC="0.96" CONTENT="djur"/><SP WIDTH="14" VPOS="812" HPOS="519"/>
							<String ID="string_258" HPOS="533" VPOS="812" WIDTH="52" HEIGHT="19" WC="0.95" CONTENT="inom"/><SP WIDTH="14" VPOS="812" HPOS="585"/>
							<String ID="string_259" HPOS="599" VPOS="813" WIDTH="69" HEIGHT="24" WC="0.95" CONTENT="fjorton"/><SP WIDTH="15" VPOS="813" HPOS="668"/>
							<String ID="string_260" HPOS="683" VPOS="813" WIDTH="59" HEIGHT="24" WC="0.96" CONTENT="dagar"/><SP WIDTH="14" VPOS="813" HPOS="742"/>
							<String ID="string_261" HPOS="756" VPOS="813" WIDTH="49" HEIGHT="19" WC="0.96" CONTENT="efter"/>
						</TextLine>
						<TextLine ID="line_26" HPOS="64" VPOS="837" WIDTH="741" HEIGHT="27">
							<String ID="string_262" HPOS="64" VPOS="837" WIDTH="70" HEIGHT="20" WC="0.96" CONTENT="derom"/><SP WIDTH="14" VPOS="837" HPOS="134"/>
							<String ID="string_263" HPOS="148" VPOS="837" WIDTH="55" HEIGHT="26" WC="0.96" CONTENT="gjord"/><SP WIDTH="14" VPOS="837" HPOS="203"/>
							<String ID="string_264" HPOS="217" VPOS="838" WIDTH="127" HEIGHT="25" WC="0.93" CONTENT="uppmaning,"/><SP WIDTH="21" VPOS="838" HPOS="344"/>
							<String ID="string_265" HPOS="365" VPOS="839" WIDTH="58" HEIGHT="18" WC="0.92" CONTENT="hafve"/><SP WIDTH="16" VPOS="839" HPOS="423"/>
							<String ID="string_266" HPOS="439" VPOS="839" WIDTH="48" HEIGHT="24" WC="0.95" CONTENT="den,"/><SP WIDTH="18" VPOS="839" HPOS="487"/>
							<String ID="string_267" HPOS="505" VPOS="844" WIDTH="44" HEIGHT="14" WC="0.96" CONTENT="som"/><SP WIDTH="14" VPOS="844" HPOS="549"/>
							<String ID="string_268" HPOS="563" VPOS="839" WIDTH="62" HEIGHT="25" WC="0.96" CONTENT="intog,"/><SP WIDTH="16" VPOS="839" HPOS="625"/>
							<String ID="string_269" HPOS="641" VPOS="840" WIDTH="38" HEIGHT="18" WC="0.96" CONTENT="rätt"/><SP WIDTH="14" VPOS="840" HPOS="679"/>
							<String ID="string_270" HPOS="693" VPOS="841" WIDTH="28" HEIGHT="17" WC="0.96" CONTENT="att"/><SP WIDTH="13" VPOS="841" HPOS="721"/>
							<String ID="string_271" HPOS="734" VPOS="844" WIDTH="71" HEIGHT="19" WC="0.96" CONTENT="genom"/>
						</TextLine>
						<TextLine ID="line_27" HPOS="64" VPOS="863" WIDTH="741" HEIGHT="28">
							<String ID="string_272" HPOS="64" VPOS="863" WIDTH="150" HEIGHT="26" WC="0.90" CONTENT="kronobetjente"/><SP WIDTH="14" VPOS="863" HPOS="214"/>
							<String ID="string_273" HPOS="228" VPOS="864" WIDTH="38" HEIGHT="20" WC="0.96" CONTENT="låta"/><SP WIDTH="14" VPOS="864" HPOS="266"/>
							<String ID="string_274" HPOS="280" VPOS="863" WIDTH="65" HEIGHT="25" WC="0.96" CONTENT="djuret"/><SP WIDTH="13" VPOS="863" HPOS="345"/>
							<String ID="string_275" HPOS="358" VPOS="865" WIDTH="62" HEIGHT="19" WC="0.96" CONTENT="under"/><SP WIDTH="13" VPOS="865" HPOS="420"/>
							<String ID="string_276" HPOS="433" VPOS="865" WIDTH="92" HEIGHT="26" WC="0.96" CONTENT="offentligt"/><SP WIDTH="11" VPOS="865" HPOS="525"/>
							<String ID="string_277" HPOS="536" VPOS="868" WIDTH="59" HEIGHT="22" WC="0.96" CONTENT="utrop"/><SP WIDTH="9" VPOS="868" HPOS="595"/>
							<String ID="string_278" HPOS="604" VPOS="865" WIDTH="88" HEIGHT="26" WC="0.94" CONTENT="försälja,"/><SP WIDTH="12" VPOS="865" HPOS="692"/>
							<String ID="string_279" HPOS="704" VPOS="866" WIDTH="38" HEIGHT="18" WC="0.93" CONTENT="och"/><SP WIDTH="9" VPOS="866" HPOS="742"/>
							<String ID="string_280" HPOS="751" VPOS="865" WIDTH="54" HEIGHT="26" WC="0.90" CONTENT="njute"/>
						</TextLine>
						<TextLine ID="line_28" HPOS="62" VPOS="890" WIDTH="515" HEIGHT="26">
							<String ID="string_281" HPOS="62" VPOS="896" WIDTH="24" HEIGHT="13" WC="0.95" CONTENT="ur"/><SP WIDTH="14" VPOS="896" HPOS="86"/>
							<String ID="string_282" HPOS="100" VPOS="890" WIDTH="154" HEIGHT="26" WC="0.93" CONTENT="köpeskillingen"/><SP WIDTH="14" VPOS="890" HPOS="254"/>
							<String ID="string_283" HPOS="268" VPOS="891" WIDTH="123" HEIGHT="25" WC="0.91" CONTENT="godtgörelse"/><SP WIDTH="13" VPOS="891" HPOS="391"/>
							<String ID="string_284" HPOS="404" VPOS="891" WIDTH="30" HEIGHT="19" WC="0.96" CONTENT="för"/><SP WIDTH="14" VPOS="891" HPOS="434"/>
							<String ID="string_285" HPOS="448" VPOS="892" WIDTH="30" HEIGHT="19" WC="0.96" CONTENT="sin"/><SP WIDTH="14" VPOS="892" HPOS="478"/>
							<String ID="string_286" HPOS="492" VPOS="891" WIDTH="85" HEIGHT="20" WC="0.95" CONTENT="fordran."/>
						</TextLine>
					</TextBlock>
					<TextBlock ID="block_6" HPOS="60" VPOS="917" WIDTH="746" HEIGHT="203">
						<TextLine ID="line_29" HPOS="115" VPOS="917" WIDTH="690" HEIGHT="26">
							<String ID="string_287" HPOS="115" VPOS="917" WIDTH="10" HEIGHT="24" WC="0.26" CONTENT="$"/><SP WIDTH="16" VPOS="917" HPOS="125"/>
							<String ID="string_288" HPOS="141" VPOS="917" WIDTH="30" HEIGHT="19" WC="0.18" CONTENT="10."/><SP WIDTH="23" VPOS="917" HPOS="171"/>
							<String ID="string_289" HPOS="194" VPOS="917" WIDTH="63" HEIGHT="20" WC="0.92" CONTENT="Göres"/><SP WIDTH="20" VPOS="917" HPOS="257"/>
							<String ID="string_290" HPOS="277" VPOS="917" WIDTH="108" HEIGHT="25" WC="0.96" CONTENT="påstående"/><SP WIDTH="20" VPOS="917" HPOS="385"/>
							<String ID="string_291" HPOS="405" VPOS="917" WIDTH="78" HEIGHT="26" WC="0.96" CONTENT="derom,"/><SP WIDTH="20" VPOS="917" HPOS="483"/>
							<String ID="string_292" HPOS="503" VPOS="920" WIDTH="27" HEIGHT="17" WC="0.96" CONTENT="att"/><SP WIDTH="17" VPOS="920" HPOS="530"/>
							<String ID="string_293" HPOS="547" VPOS="918" WIDTH="47" HEIGHT="25" WC="0.96" CONTENT="den,"/><SP WIDTH="20" VPOS="918" HPOS="594"/>
							<String ID="string_294" HPOS="614" VPOS="923" WIDTH="43" HEIGHT="14" WC="0.95" CONTENT="som"/><SP WIDTH="15" VPOS="923" HPOS="657"/>
							<String ID="string_295" HPOS="672" VPOS="924" WIDTH="74" HEIGHT="14" WC="0.95" CONTENT="annans"/><SP WIDTH="13" VPOS="924" HPOS="746"/>
							<String ID="string_296" HPOS="759" VPOS="917" WIDTH="46" HEIGHT="26" WC="0.96" CONTENT="djur"/>
						</TextLine>
						<TextLine ID="line_30" HPOS="62" VPOS="943" WIDTH="743" HEIGHT="27">
							<String ID="string_297" HPOS="62" VPOS="943" WIDTH="76" HEIGHT="25" WC="0.95" CONTENT="intagit,"/><SP WIDTH="16" VPOS="943" HPOS="138"/>
							<String ID="string_298" HPOS="154" VPOS="943" WIDTH="34" HEIGHT="20" WC="0.93" CONTENT="det"/><SP WIDTH="14" VPOS="943" HPOS="188"/>
							<String ID="string_299" HPOS="202" VPOS="943" WIDTH="9" HEIGHT="19" WC="0.92" CONTENT="å"/><SP WIDTH="16" VPOS="943" HPOS="211"/>
							<String ID="string_300" HPOS="227" VPOS="943" WIDTH="42" HEIGHT="20" WC="0.92" CONTENT="sina"/><SP WIDTH="14" VPOS="943" HPOS="269"/>
							<String ID="string_301" HPOS="283" VPOS="948" WIDTH="47" HEIGHT="20" WC="0.92" CONTENT="egor"/><SP WIDTH="14" VPOS="948" HPOS="330"/>
							<String ID="string_302" HPOS="344" VPOS="943" WIDTH="43" HEIGHT="20" WC="0.96" CONTENT="icke"/><SP WIDTH="12" VPOS="943" HPOS="387"/>
							<String ID="string_303" HPOS="399" VPOS="944" WIDTH="70" HEIGHT="25" WC="0.96" CONTENT="funnit,"/><SP WIDTH="15" VPOS="944" HPOS="469"/>
							<String ID="string_304" HPOS="484" VPOS="945" WIDTH="37" HEIGHT="18" WC="0.96" CONTENT="och"/><SP WIDTH="12" VPOS="945" HPOS="521"/>
							<String ID="string_305" HPOS="533" VPOS="945" WIDTH="58" HEIGHT="25" WC="0.96" CONTENT="gitter"/><SP WIDTH="13" VPOS="945" HPOS="591"/>
							<String ID="string_306" HPOS="604" VPOS="945" WIDTH="37" HEIGHT="18" WC="0.96" CONTENT="han"/><SP WIDTH="10" VPOS="945" HPOS="641"/>
							<String ID="string_307" HPOS="651" VPOS="943" WIDTH="18" HEIGHT="26" WC="0.96" CONTENT="ej"/><SP WIDTH="10" VPOS="943" HPOS="669"/>
							<String ID="string_308" HPOS="679" VPOS="950" WIDTH="71" HEIGHT="19" WC="0.93" CONTENT="genom"/><SP WIDTH="10" VPOS="950" HPOS="750"/>
							<String ID="string_309" HPOS="760" VPOS="945" WIDTH="45" HEIGHT="19" WC="0.93" CONTENT="vitt-"/>
						</TextLine>
						<TextLine ID="line_31" HPOS="64" VPOS="969" WIDTH="742" HEIGHT="26">
							<String ID="string_310" HPOS="64" VPOS="975" WIDTH="43" HEIGHT="19" WC="0.96" CONTENT="nen,"/><SP WIDTH="17" VPOS="975" HPOS="107"/>
							<String ID="string_311" HPOS="124" VPOS="969" WIDTH="60" HEIGHT="20" WC="0.96" CONTENT="andra"/><SP WIDTH="15" VPOS="969" HPOS="184"/>
							<String ID="string_312" HPOS="199" VPOS="970" WIDTH="47" HEIGHT="19" WC="0.81" CONTENT="skäl"/><SP WIDTH="9" VPOS="970" HPOS="246"/>
							<String ID="string_313" HPOS="255" VPOS="970" WIDTH="47" HEIGHT="19" WC="0.96" CONTENT="eller"/><SP WIDTH="14" VPOS="970" HPOS="302"/>
							<String ID="string_314" HPOS="316" VPOS="969" WIDTH="23" HEIGHT="20" WC="0.96" CONTENT="ed"/><SP WIDTH="15" VPOS="969" HPOS="339"/>
							<String ID="string_315" HPOS="354" VPOS="970" WIDTH="28" HEIGHT="19" WC="0.96" CONTENT="sin"/><SP WIDTH="16" VPOS="970" HPOS="382"/>
							<String ID="string_316" HPOS="398" VPOS="971" WIDTH="67" HEIGHT="24" WC="0.96" CONTENT="styrka"/><SP WIDTH="15" VPOS="971" HPOS="465"/>
							<String ID="string_317" HPOS="480" VPOS="973" WIDTH="27" HEIGHT="16" WC="0.96" CONTENT="att"/><SP WIDTH="14" VPOS="973" HPOS="507"/>
							<String ID="string_318" HPOS="521" VPOS="971" WIDTH="37" HEIGHT="18" WC="0.96" CONTENT="han"/><SP WIDTH="14" VPOS="971" HPOS="558"/>
							<String ID="string_319" HPOS="572" VPOS="969" WIDTH="67" HEIGHT="26" WC="0.96" CONTENT="djuret"/><SP WIDTH="12" VPOS="969" HPOS="639"/>
							<String ID="string_320" HPOS="651" VPOS="971" WIDTH="36" HEIGHT="18" WC="0.96" CONTENT="der"/><SP WIDTH="13" VPOS="971" HPOS="687"/>
							<String ID="string_321" HPOS="700" VPOS="971" WIDTH="60" HEIGHT="24" WC="0.93" CONTENT="intog,"/><SP WIDTH="15" VPOS="971" HPOS="760"/>
							<String ID="string_322" HPOS="775" VPOS="977" WIDTH="31" HEIGHT="13" WC="0.93" CONTENT="er-"/>
						</TextLine>
						<TextLine ID="line_32" HPOS="62" VPOS="995" WIDTH="743" HEIGHT="26">
							<String ID="string_323" HPOS="62" VPOS="997" WIDTH="51" HEIGHT="18" WC="0.91" CONTENT="sätte"/><SP WIDTH="18" VPOS="997" HPOS="113"/>
							<String ID="string_324" HPOS="131" VPOS="995" WIDTH="75" HEIGHT="20" WC="0.95" CONTENT="skadan"/><SP WIDTH="18" VPOS="995" HPOS="206"/>
							<String ID="string_325" HPOS="224" VPOS="995" WIDTH="38" HEIGHT="20" WC="0.91" CONTENT="och"/><SP WIDTH="17" VPOS="995" HPOS="262"/>
							<String ID="string_326" HPOS="279" VPOS="995" WIDTH="46" HEIGHT="21" WC="0.91" CONTENT="böte"/><SP WIDTH="17" VPOS="995" HPOS="325"/>
							<String ID="string_327" HPOS="342" VPOS="995" WIDTH="42" HEIGHT="20" WC="0.96" CONTENT="från"/><SP WIDTH="19" VPOS="995" HPOS="384"/>
							<String ID="string_328" HPOS="403" VPOS="997" WIDTH="37" HEIGHT="18" WC="0.96" CONTENT="och"/><SP WIDTH="17" VPOS="997" HPOS="440"/>
							<String ID="string_329" HPOS="457" VPOS="997" WIDTH="45" HEIGHT="19" WC="0.92" CONTENT="med"/><SP WIDTH="14" VPOS="997" HPOS="502"/>
							<String ID="string_330" HPOS="516" VPOS="995" WIDTH="56" HEIGHT="26" WC="0.92" CONTENT="tjugu"/><SP WIDTH="14" VPOS="995" HPOS="572"/>
							<String ID="string_331" HPOS="586" VPOS="997" WIDTH="26" HEIGHT="19" WC="0.96" CONTENT="till"/><SP WIDTH="15" VPOS="997" HPOS="612"/>
							<String ID="string_332" HPOS="627" VPOS="997" WIDTH="37" HEIGHT="19" WC="0.96" CONTENT="och"/><SP WIDTH="14" VPOS="997" HPOS="664"/>
							<String ID="string_333" HPOS="678" VPOS="997" WIDTH="45" HEIGHT="19" WC="0.90" CONTENT="med"/><SP WIDTH="15" VPOS="997" HPOS="723"/>
							<String ID="string_334" HPOS="738" VPOS="997" WIDTH="67" HEIGHT="19" WC="0.90" CONTENT="åttatio"/>
						</TextLine>
						<TextLine ID="line_33" HPOS="62" VPOS="1022" WIDTH="741" HEIGHT="26">
							<String ID="string_335" HPOS="62" VPOS="1022" WIDTH="64" HEIGHT="19" WC="0.87" CONTENT="mark."/><SP WIDTH="30" VPOS="1022" HPOS="126"/>
							<String ID="string_336" HPOS="156" VPOS="1023" WIDTH="126" HEIGHT="18" WC="0.63" CONTENT="Försummar"/><SP WIDTH="18" VPOS="1023" HPOS="282"/>
							<String ID="string_337" HPOS="300" VPOS="1022" WIDTH="48" HEIGHT="24" WC="0.96" CONTENT="den,"/><SP WIDTH="19" VPOS="1022" HPOS="348"/>
							<String ID="string_338" HPOS="367" VPOS="1028" WIDTH="44" HEIGHT="13" WC="0.96" CONTENT="som"/><SP WIDTH="16" VPOS="1028" HPOS="411"/>
							<String ID="string_339" HPOS="427" VPOS="1028" WIDTH="72" HEIGHT="15" WC="0.96" CONTENT="annans"/><SP WIDTH="18" VPOS="1028" HPOS="499"/>
							<String ID="string_340" HPOS="517" VPOS="1022" WIDTH="45" HEIGHT="25" WC="0.96" CONTENT="djur"/><SP WIDTH="16" VPOS="1022" HPOS="562"/>
							<String ID="string_341" HPOS="578" VPOS="1023" WIDTH="75" HEIGHT="25" WC="0.95" CONTENT="intagit,"/><SP WIDTH="19" VPOS="1023" HPOS="653"/>
							<String ID="string_342" HPOS="672" VPOS="1025" WIDTH="27" HEIGHT="17" WC="0.96" CONTENT="att"/><SP WIDTH="16" VPOS="1025" HPOS="699"/>
							<String ID="string_343" HPOS="715" VPOS="1023" WIDTH="88" HEIGHT="19" WC="0.95" CONTENT="derom"/><SP WIDTH="-14" VPOS="1023" HPOS="803"/>
							<String ID="string_344" HPOS="789" VPOS="1018" WIDTH="17" HEIGHT="34" WC="0.95" CONTENT="i"/>
						</TextLine>
						<TextLine ID="line_34" HPOS="62" VPOS="1048" WIDTH="744" HEIGHT="26">
							<String ID="string_345" HPOS="62" VPOS="1049" WIDTH="62" HEIGHT="18" WC="0.96" CONTENT="rätter"/><SP WIDTH="20" VPOS="1049" HPOS="124"/>
							<String ID="string_346" HPOS="144" VPOS="1048" WIDTH="28" HEIGHT="19" WC="0.92" CONTENT="tid"/><SP WIDTH="21" VPOS="1048" HPOS="172"/>
							<String ID="string_347" HPOS="193" VPOS="1049" WIDTH="97" HEIGHT="25" WC="0.91" CONTENT="kungöra,"/><SP WIDTH="19" VPOS="1049" HPOS="290"/>
							<String ID="string_348" HPOS="309" VPOS="1049" WIDTH="47" HEIGHT="19" WC="0.93" CONTENT="eller"/><SP WIDTH="14" VPOS="1049" HPOS="356"/>
							<String ID="string_349" HPOS="370" VPOS="1049" WIDTH="111" HEIGHT="24" WC="0.91" CONTENT="qvarhåller"/><SP WIDTH="14" VPOS="1049" HPOS="481"/>
							<String ID="string_350" HPOS="495" VPOS="1049" WIDTH="38" HEIGHT="19" WC="0.96" CONTENT="han"/><SP WIDTH="14" VPOS="1049" HPOS="533"/>
							<String ID="string_351" HPOS="547" VPOS="1049" WIDTH="64" HEIGHT="25" WC="0.96" CONTENT="djuret"/><SP WIDTH="14" VPOS="1049" HPOS="611"/>
							<String ID="string_352" HPOS="625" VPOS="1050" WIDTH="103" HEIGHT="24" WC="0.96" CONTENT="olagligen,"/><SP WIDTH="17" VPOS="1050" HPOS="728"/>
							<String ID="string_353" HPOS="745" VPOS="1049" WIDTH="61" HEIGHT="20" WC="0.96" CONTENT="varde"/>
						</TextLine>
						<TextLine ID="line_35" HPOS="62" VPOS="1074" WIDTH="743" HEIGHT="26">
							<String ID="string_354" HPOS="62" VPOS="1074" WIDTH="34" HEIGHT="26" WC="0.96" CONTENT="bot"/><SP WIDTH="15" VPOS="1074" HPOS="96"/>
							<String ID="string_355" HPOS="111" VPOS="1074" WIDTH="73" HEIGHT="19" WC="0.96" CONTENT="hälften"/><SP WIDTH="15" VPOS="1074" HPOS="184"/>
							<String ID="string_356" HPOS="199" VPOS="1075" WIDTH="82" HEIGHT="18" WC="0.94" CONTENT="mindre."/><SP WIDTH="30" VPOS="1075" HPOS="281"/>
							<String ID="string_357" HPOS="311" VPOS="1075" WIDTH="49" HEIGHT="23" WC="0.96" CONTENT="Den,"/><SP WIDTH="20" VPOS="1075" HPOS="360"/>
							<String ID="string_358" HPOS="380" VPOS="1080" WIDTH="43" HEIGHT="13" WC="0.95" CONTENT="som"/><SP WIDTH="19" VPOS="1080" HPOS="423"/>
							<String ID="string_359" HPOS="442" VPOS="1075" WIDTH="65" HEIGHT="25" WC="0.95" CONTENT="djuret"/><SP WIDTH="16" VPOS="1075" HPOS="507"/>
							<String ID="string_360" HPOS="523" VPOS="1081" WIDTH="54" HEIGHT="19" WC="0.93" CONTENT="eger,"/><SP WIDTH="14" VPOS="1081" HPOS="577"/>
							<String ID="string_361" HPOS="591" VPOS="1075" WIDTH="58" HEIGHT="20" WC="0.92" CONTENT="anlite"/><SP WIDTH="9" VPOS="1075" HPOS="649"/>
							<String ID="string_362" HPOS="658" VPOS="1075" WIDTH="147" HEIGHT="24" WC="0.92" CONTENT="kronobetjente"/>
						</TextLine>
						<TextLine ID="line_36" HPOS="60" VPOS="1100" WIDTH="291" HEIGHT="20">
							<String ID="string_363" HPOS="60" VPOS="1101" WIDTH="30" HEIGHT="19" WC="0.96" CONTENT="för"/><SP WIDTH="13" VPOS="1101" HPOS="90"/>
							<String ID="string_364" HPOS="103" VPOS="1103" WIDTH="29" HEIGHT="17" WC="0.96" CONTENT="att"/><SP WIDTH="14" VPOS="1103" HPOS="132"/>
							<String ID="string_365" HPOS="146" VPOS="1100" WIDTH="110" HEIGHT="20" WC="0.96" CONTENT="detsamma"/><SP WIDTH="16" VPOS="1100" HPOS="256"/>
							<String ID="string_366" HPOS="272" VPOS="1100" WIDTH="79" HEIGHT="20" WC="0.18" CONTENT="återfå."/><SP WIDTH="-6" VPOS="1100" HPOS="351"/>
							<String ID="string_367" HPOS="345" VPOS="1096" WIDTH="9" HEIGHT="34" WC="0.18" CONTENT="."/>
						</TextLine>
					</TextBlock>
					<TextBlock ID="block_7" HPOS="62" VPOS="1127" WIDTH="743" HEIGHT="98">
						<TextLine ID="line_37" HPOS="116" VPOS="1127" WIDTH="688" HEIGHT="25">
							<String ID="string_368" HPOS="116" VPOS="1127" WIDTH="9" HEIGHT="24" WC="0.86" CONTENT="S"/><SP WIDTH="15" VPOS="1127" HPOS="125"/>
							<String ID="string_369" HPOS="140" VPOS="1128" WIDTH="32" HEIGHT="18" WC="0.88" CONTENT="11."/><SP WIDTH="23" VPOS="1128" HPOS="172"/>
							<String ID="string_370" HPOS="195" VPOS="1127" WIDTH="50" HEIGHT="25" WC="0.93" CONTENT="Vilja"/><SP WIDTH="21" VPOS="1127" HPOS="245"/>
							<String ID="string_371" HPOS="266" VPOS="1127" WIDTH="113" HEIGHT="25" WC="0.92" CONTENT="rågrannar,"/><SP WIDTH="22" VPOS="1127" HPOS="379"/>
							<String ID="string_372" HPOS="401" VPOS="1127" WIDTH="28" HEIGHT="19" WC="0.96" CONTENT="för"/><SP WIDTH="22" VPOS="1127" HPOS="429"/>
							<String ID="string_373" HPOS="451" VPOS="1130" WIDTH="27" HEIGHT="17" WC="0.96" CONTENT="att"/><SP WIDTH="20" VPOS="1130" HPOS="478"/>
							<String ID="string_374" HPOS="498" VPOS="1128" WIDTH="109" HEIGHT="19" WC="0.96" CONTENT="underlätta"/><SP WIDTH="18" VPOS="1128" HPOS="607"/>
							<String ID="string_375" HPOS="625" VPOS="1127" WIDTH="74" HEIGHT="20" WC="0.96" CONTENT="vården"/><SP WIDTH="17" VPOS="1127" HPOS="699"/>
							<String ID="string_376" HPOS="716" VPOS="1133" WIDTH="32" HEIGHT="14" WC="0.96" CONTENT="om"/><SP WIDTH="15" VPOS="1133" HPOS="748"/>
							<String ID="string_377" HPOS="763" VPOS="1129" WIDTH="41" HEIGHT="19" WC="0.96" CONTENT="sina"/>
						</TextLine>
						<TextLine ID="line_38" HPOS="62" VPOS="1152" WIDTH="743" HEIGHT="27">
							<String ID="string_378" HPOS="62" VPOS="1152" WIDTH="91" HEIGHT="26" WC="0.96" CONTENT="husdjur,"/><SP WIDTH="17" VPOS="1152" HPOS="153"/>
							<String ID="string_379" HPOS="170" VPOS="1156" WIDTH="122" HEIGHT="23" WC="0.93" CONTENT="gemensamt"/><SP WIDTH="14" VPOS="1156" HPOS="292"/>
							<String ID="string_380" HPOS="306" VPOS="1154" WIDTH="68" HEIGHT="19" WC="0.96" CONTENT="inrätta"/><SP WIDTH="15" VPOS="1154" HPOS="374"/>
							<String ID="string_381" HPOS="389" VPOS="1154" WIDTH="38" HEIGHT="19" WC="0.93" CONTENT="och"/><SP WIDTH="14" VPOS="1154" HPOS="427"/>
							<String ID="string_382" HPOS="441" VPOS="1153" WIDTH="113" HEIGHT="20" WC="0.96" CONTENT="underhålla"/><SP WIDTH="15" VPOS="1153" HPOS="554"/>
							<String ID="string_383" HPOS="569" VPOS="1155" WIDTH="83" HEIGHT="24" WC="0.96" CONTENT="stängsel"/><SP WIDTH="15" VPOS="1155" HPOS="652"/>
							<String ID="string_384" HPOS="667" VPOS="1155" WIDTH="83" HEIGHT="18" WC="0.96" CONTENT="emellan"/><SP WIDTH="13" VPOS="1155" HPOS="750"/>
							<String ID="string_385" HPOS="763" VPOS="1155" WIDTH="42" HEIGHT="19" WC="0.96" CONTENT="sina"/>
						</TextLine>
						<TextLine ID="line_39" HPOS="62" VPOS="1180" WIDTH="743" HEIGHT="25">
							<String ID="string_386" HPOS="62" VPOS="1185" WIDTH="53" HEIGHT="20" WC="0.92" CONTENT="egor,"/><SP WIDTH="23" VPOS="1185" HPOS="115"/>
							<String ID="string_387" HPOS="138" VPOS="1180" WIDTH="66" HEIGHT="19" WC="0.92" CONTENT="förene"/><SP WIDTH="18" VPOS="1180" HPOS="204"/>
							<String ID="string_388" HPOS="222" VPOS="1180" WIDTH="30" HEIGHT="25" WC="0.96" CONTENT="sig"/><SP WIDTH="20" VPOS="1180" HPOS="252"/>
							<String ID="string_389" HPOS="272" VPOS="1180" WIDTH="68" HEIGHT="19" WC="0.96" CONTENT="derom"/><SP WIDTH="17" VPOS="1180" HPOS="340"/>
							<String ID="string_390" HPOS="357" VPOS="1181" WIDTH="37" HEIGHT="18" WC="0.90" CONTENT="och"/><SP WIDTH="14" VPOS="1181" HPOS="394"/>
							<String ID="string_391" HPOS="408" VPOS="1180" WIDTH="80" HEIGHT="25" WC="0.90" CONTENT="fullgöre"/><SP WIDTH="14" VPOS="1180" HPOS="488"/>
							<String ID="string_392" HPOS="502" VPOS="1181" WIDTH="75" HEIGHT="18" WC="0.92" CONTENT="enhvar"/><SP WIDTH="13" VPOS="1181" HPOS="577"/>
							<String ID="string_393" HPOS="590" VPOS="1180" WIDTH="42" HEIGHT="23" WC="0.96" CONTENT="det,"/><SP WIDTH="16" VPOS="1180" HPOS="632"/>
							<String ID="string_394" HPOS="648" VPOS="1186" WIDTH="43" HEIGHT="13" WC="0.93" CONTENT="som"/><SP WIDTH="14" VPOS="1186" HPOS="691"/>
							<String ID="string_395" HPOS="705" VPOS="1181" WIDTH="100" HEIGHT="19" WC="0.92" CONTENT="öfverens-"/>
						</TextLine>
						<TextLine ID="line_40" HPOS="62" VPOS="1206" WIDTH="133" HEIGHT="19">
							<String ID="string_396" HPOS="62" VPOS="1206" WIDTH="91" HEIGHT="19" WC="0.96" CONTENT="kommet"/><SP WIDTH="15" VPOS="1206" HPOS="153"/>
							<String ID="string_397" HPOS="168" VPOS="1207" WIDTH="27" HEIGHT="18" WC="0.96" CONTENT="är."/>
						</TextLine>
					</TextBlock>
					<TextBlock ID="block_8" HPOS="62" VPOS="1232" WIDTH="744" HEIGHT="155">
						<TextLine ID="line_41" HPOS="117" VPOS="1232" WIDTH="686" HEIGHT="26">
							<String ID="string_398" HPOS="117" VPOS="1232" WIDTH="11" HEIGHT="24" WC="0.93" CONTENT="$"/><SP WIDTH="14" VPOS="1232" HPOS="128"/>
							<String ID="string_399" HPOS="142" VPOS="1233" WIDTH="32" HEIGHT="18" WC="0.93" CONTENT="12."/><SP WIDTH="23" VPOS="1233" HPOS="174"/>
							<String ID="string_400" HPOS="197" VPOS="1233" WIDTH="89" HEIGHT="24" WC="0.94" CONTENT="Stängsel"/><SP WIDTH="14" VPOS="1233" HPOS="286"/>
							<String ID="string_401" HPOS="300" VPOS="1232" WIDTH="32" HEIGHT="20" WC="0.94" CONTENT="må"/><SP WIDTH="18" VPOS="1232" HPOS="332"/>
							<String ID="string_402" HPOS="350" VPOS="1233" WIDTH="79" HEIGHT="18" WC="0.94" CONTENT="inrättas"/><SP WIDTH="18" VPOS="1233" HPOS="429"/>
							<String ID="string_403" HPOS="447" VPOS="1233" WIDTH="20" HEIGHT="18" WC="0.96" CONTENT="af"/><SP WIDTH="12" VPOS="1233" HPOS="467"/>
							<String ID="string_404" HPOS="479" VPOS="1232" WIDTH="32" HEIGHT="20" WC="0.96" CONTENT="två"/><SP WIDTH="15" VPOS="1232" HPOS="511"/>
							<String ID="string_405" HPOS="526" VPOS="1233" WIDTH="50" HEIGHT="24" WC="0.93" CONTENT="slag:"/><SP WIDTH="17" VPOS="1233" HPOS="576"/>
							<String ID="string_406" HPOS="593" VPOS="1233" WIDTH="37" HEIGHT="18" WC="0.89" CONTENT="1:0"/><SP WIDTH="14" VPOS="1233" HPOS="630"/>
							<String ID="string_407" HPOS="644" VPOS="1234" WIDTH="34" HEIGHT="18" WC="0.96" CONTENT="tät"/><SP WIDTH="13" VPOS="1234" HPOS="678"/>
							<String ID="string_408" HPOS="691" VPOS="1233" WIDTH="112" HEIGHT="25" WC="0.91" CONTENT="stängsel,"/>
						</TextLine>
						<TextLine ID="line_42" HPOS="62" VPOS="1257" WIDTH="743" HEIGHT="26">
							<String ID="string_409" HPOS="62" VPOS="1263" WIDTH="45" HEIGHT="14" WC="0.93" CONTENT="som"/><SP WIDTH="14" VPOS="1263" HPOS="107"/>
							<String ID="string_410" HPOS="121" VPOS="1257" WIDTH="63" HEIGHT="25" WC="0.92" CONTENT="tjenar"/><SP WIDTH="15" VPOS="1257" HPOS="184"/>
							<String ID="string_411" HPOS="199" VPOS="1258" WIDTH="24" HEIGHT="19" WC="0.96" CONTENT="till"/><SP WIDTH="19" VPOS="1258" HPOS="223"/>
							<String ID="string_412" HPOS="242" VPOS="1260" WIDTH="48" HEIGHT="18" WC="0.94" CONTENT="värn"/><SP WIDTH="14" VPOS="1260" HPOS="290"/>
							<String ID="string_413" HPOS="304" VPOS="1261" WIDTH="41" HEIGHT="17" WC="0.96" CONTENT="mot"/><SP WIDTH="14" VPOS="1261" HPOS="345"/>
							<String ID="string_414" HPOS="359" VPOS="1258" WIDTH="50" HEIGHT="20" WC="0.96" CONTENT="både"/><SP WIDTH="14" VPOS="1258" HPOS="409"/>
							<String ID="string_415" HPOS="423" VPOS="1259" WIDTH="64" HEIGHT="18" WC="0.96" CONTENT="större"/><SP WIDTH="14" VPOS="1259" HPOS="487"/>
							<String ID="string_416" HPOS="501" VPOS="1259" WIDTH="37" HEIGHT="19" WC="0.96" CONTENT="och"/><SP WIDTH="18" VPOS="1259" HPOS="538"/>
							<String ID="string_417" HPOS="556" VPOS="1259" WIDTH="75" HEIGHT="18" WC="0.95" CONTENT="mindre"/><SP WIDTH="14" VPOS="1259" HPOS="631"/>
							<String ID="string_418" HPOS="645" VPOS="1258" WIDTH="90" HEIGHT="25" WC="0.93" CONTENT="husdjur,"/><SP WIDTH="15" VPOS="1258" HPOS="735"/>
							<String ID="string_419" HPOS="750" VPOS="1264" WIDTH="55" HEIGHT="14" WC="0.91" CONTENT="nem-"/>
						</TextLine>
						<TextLine ID="line_43" HPOS="62" VPOS="1283" WIDTH="743" HEIGHT="27">
							<String ID="string_420" HPOS="62" VPOS="1284" WIDTH="50" HEIGHT="25" WC="0.96" CONTENT="ligen"/><SP WIDTH="15" VPOS="1284" HPOS="112"/>
							<String ID="string_421" HPOS="127" VPOS="1285" WIDTH="81" HEIGHT="23" WC="0.86" CONTENT="hästar,"/><SP WIDTH="10" VPOS="1285" HPOS="208"/>
							<String ID="string_422" HPOS="218" VPOS="1285" WIDTH="82" HEIGHT="24" WC="0.91" CONTENT="boskap,"/><SP WIDTH="16" VPOS="1285" HPOS="300"/>
							<String ID="string_423" HPOS="316" VPOS="1285" WIDTH="82" HEIGHT="23" WC="0.93" CONTENT="kalfvar,"/><SP WIDTH="16" VPOS="1285" HPOS="398"/>
							<String ID="string_424" HPOS="414" VPOS="1283" WIDTH="30" HEIGHT="20" WC="0.96" CONTENT="får"/><SP WIDTH="9" VPOS="1283" HPOS="444"/>
							<String ID="string_425" HPOS="453" VPOS="1286" WIDTH="38" HEIGHT="18" WC="0.96" CONTENT="och"/><SP WIDTH="9" VPOS="1286" HPOS="491"/>
							<String ID="string_426" HPOS="500" VPOS="1286" WIDTH="53" HEIGHT="22" WC="0.96" CONTENT="svin;"/><SP WIDTH="14" VPOS="1286" HPOS="553"/>
							<String ID="string_427" HPOS="567" VPOS="1285" WIDTH="38" HEIGHT="18" WC="0.92" CONTENT="och"/><SP WIDTH="12" VPOS="1285" HPOS="605"/>
							<String ID="string_428" HPOS="617" VPOS="1285" WIDTH="38" HEIGHT="19" WC="0.86" CONTENT="2:0"/><SP WIDTH="13" VPOS="1285" HPOS="655"/>
							<String ID="string_429" HPOS="668" VPOS="1285" WIDTH="49" HEIGHT="24" WC="0.93" CONTENT="gles"/><SP WIDTH="13" VPOS="1285" HPOS="717"/>
							<String ID="string_430" HPOS="730" VPOS="1286" WIDTH="75" HEIGHT="24" WC="0.92" CONTENT="stäng-"/>
						</TextLine>
						<TextLine ID="line_44" HPOS="64" VPOS="1310" WIDTH="741" HEIGHT="27">
							<String ID="string_431" HPOS="64" VPOS="1311" WIDTH="46" HEIGHT="23" WC="0.96" CONTENT="sel,"/><SP WIDTH="19" VPOS="1311" HPOS="110"/>
							<String ID="string_432" HPOS="129" VPOS="1315" WIDTH="44" HEIGHT="14" WC="0.96" CONTENT="som"/><SP WIDTH="18" VPOS="1315" HPOS="173"/>
							<String ID="string_433" HPOS="191" VPOS="1311" WIDTH="69" HEIGHT="19" WC="0.95" CONTENT="endast"/><SP WIDTH="16" VPOS="1311" HPOS="260"/>
							<String ID="string_434" HPOS="276" VPOS="1312" WIDTH="56" HEIGHT="24" WC="0.93" CONTENT="utgör."/><SP WIDTH="18" VPOS="1312" HPOS="332"/>
							<String ID="string_435" HPOS="350" VPOS="1311" WIDTH="62" HEIGHT="26" WC="0.96" CONTENT="skydd"/><SP WIDTH="18" VPOS="1311" HPOS="412"/>
							<String ID="string_436" HPOS="430" VPOS="1314" WIDTH="41" HEIGHT="16" WC="0.96" CONTENT="mot"/><SP WIDTH="17" VPOS="1314" HPOS="471"/>
							<String ID="string_437" HPOS="488" VPOS="1314" WIDTH="63" HEIGHT="17" WC="0.96" CONTENT="större"/><SP WIDTH="17" VPOS="1314" HPOS="551"/>
							<String ID="string_438" HPOS="568" VPOS="1310" WIDTH="44" HEIGHT="25" WC="0.96" CONTENT="djur"/><SP WIDTH="15" VPOS="1310" HPOS="612"/>
							<String ID="string_439" HPOS="627" VPOS="1311" WIDTH="46" HEIGHT="19" WC="0.96" CONTENT="eller"/><SP WIDTH="14" VPOS="1311" HPOS="673"/>
							<String ID="string_440" HPOS="687" VPOS="1312" WIDTH="66" HEIGHT="19" WC="0.96" CONTENT="hästar"/><SP WIDTH="14" VPOS="1312" HPOS="753"/>
							<String ID="string_441" HPOS="767" VPOS="1312" WIDTH="38" HEIGHT="18" WC="0.96" CONTENT="och"/>
						</TextLine>
						<TextLine ID="line_45" HPOS="64" VPOS="1337" WIDTH="742" HEIGHT="24">
							<String ID="string_442" HPOS="64" VPOS="1337" WIDTH="83" HEIGHT="23" WC="0.93" CONTENT="boskap."/><SP WIDTH="30" VPOS="1337" HPOS="147"/>
							<String ID="string_443" HPOS="177" VPOS="1337" WIDTH="102" HEIGHT="18" WC="0.89" CONTENT="Hvardera"/><SP WIDTH="15" VPOS="1337" HPOS="279"/>
							<String ID="string_444" HPOS="294" VPOS="1338" WIDTH="61" HEIGHT="23" WC="0.96" CONTENT="slaget"/><SP WIDTH="14" VPOS="1338" HPOS="355"/>
							<String ID="string_445" HPOS="369" VPOS="1337" WIDTH="48" HEIGHT="19" WC="0.96" CONTENT="skall"/><SP WIDTH="16" VPOS="1337" HPOS="417"/>
							<String ID="string_446" HPOS="433" VPOS="1343" WIDTH="46" HEIGHT="13" WC="0.96" CONTENT="vara"/><SP WIDTH="15" VPOS="1343" HPOS="479"/>
							<String ID="string_447" HPOS="494" VPOS="1337" WIDTH="22" HEIGHT="19" WC="0.96" CONTENT="så"/><SP WIDTH="14" VPOS="1337" HPOS="516"/>
							<String ID="string_448" HPOS="530" VPOS="1339" WIDTH="130" HEIGHT="16" WC="0.93" CONTENT="sammansatt"/><SP WIDTH="13" VPOS="1339" HPOS="660"/>
							<String ID="string_449" HPOS="673" VPOS="1339" WIDTH="28" HEIGHT="16" WC="0.95" CONTENT="att"/><SP WIDTH="13" VPOS="1339" HPOS="701"/>
							<String ID="string_450" HPOS="714" VPOS="1337" WIDTH="34" HEIGHT="18" WC="0.93" CONTENT="det"/><SP WIDTH="14" VPOS="1337" HPOS="748"/>
							<String ID="string_451" HPOS="762" VPOS="1337" WIDTH="44" HEIGHT="19" WC="0.91" CONTENT="der-"/>
						</TextLine>
						<TextLine ID="line_46" HPOS="66" VPOS="1362" WIDTH="364" HEIGHT="25">
							<String ID="string_452" HPOS="66" VPOS="1362" WIDTH="46" HEIGHT="19" WC="0.93" CONTENT="med"/><SP WIDTH="14" VPOS="1362" HPOS="112"/>
							<String ID="string_453" HPOS="126" VPOS="1362" WIDTH="90" HEIGHT="25" WC="0.85" CONTENT="åsyflade"/><SP WIDTH="14" VPOS="1362" HPOS="216"/>
							<String ID="string_454" HPOS="230" VPOS="1362" WIDTH="111" HEIGHT="19" WC="0.96" CONTENT="ändamålet"/><SP WIDTH="14" VPOS="1362" HPOS="341"/>
							<String ID="string_455" HPOS="355" VPOS="1363" WIDTH="75" HEIGHT="18" WC="0.96" CONTENT="vinnes."/>
						</TextLine>
					</TextBlock>
					<TextBlock ID="block_9" HPOS="65" VPOS="1388" WIDTH="738" HEIGHT="53">
						<TextLine ID="line_47" HPOS="118" VPOS="1388" WIDTH="685" HEIGHT="27">
							<String ID="string_456" HPOS="118" VPOS="1389" WIDTH="63" HEIGHT="19" WC="0.88" CONTENT="Hafva"/><SP WIDTH="14" VPOS="1389" HPOS="181"/>
							<String ID="string_457" HPOS="195" VPOS="1394" WIDTH="81" HEIGHT="19" WC="0.96" CONTENT="grannar"/><SP WIDTH="15" VPOS="1394" HPOS="276"/>
							<String ID="string_458" HPOS="291" VPOS="1388" WIDTH="69" HEIGHT="20" WC="0.96" CONTENT="derom"/><SP WIDTH="13" VPOS="1388" HPOS="360"/>
							<String ID="string_459" HPOS="373" VPOS="1389" WIDTH="42" HEIGHT="18" WC="0.96" CONTENT="icke"/><SP WIDTH="13" VPOS="1389" HPOS="415"/>
							<String ID="string_460" HPOS="428" VPOS="1388" WIDTH="64" HEIGHT="20" WC="0.96" CONTENT="träffat"/><SP WIDTH="11" VPOS="1388" HPOS="492"/>
							<String ID="string_461" HPOS="503" VPOS="1389" WIDTH="93" HEIGHT="20" WC="0.93" CONTENT="särskildt"/><SP WIDTH="9" VPOS="1389" HPOS="596"/>
							<String ID="string_462" HPOS="605" VPOS="1389" WIDTH="54" HEIGHT="24" WC="0.90" CONTENT="aftal,"/><SP WIDTH="12" VPOS="1389" HPOS="659"/>
							<String ID="string_463" HPOS="671" VPOS="1389" WIDTH="84" HEIGHT="26" WC="0.91" CONTENT="iakttage"/><SP WIDTH="9" VPOS="1389" HPOS="755"/>
							<String ID="string_464" HPOS="764" VPOS="1389" WIDTH="39" HEIGHT="24" WC="0.96" CONTENT="det,"/>
						</TextLine>
						<TextLine ID="line_48" HPOS="65" VPOS="1414" WIDTH="660" HEIGHT="27">
							<String ID="string_465" HPOS="65" VPOS="1420" WIDTH="44" HEIGHT="14" WC="0.96" CONTENT="som"/><SP WIDTH="15" VPOS="1420" HPOS="109"/>
							<String ID="string_466" HPOS="124" VPOS="1415" WIDTH="5" HEIGHT="19" WC="0.96" CONTENT="i"/><SP WIDTH="15" VPOS="1415" HPOS="129"/>
							<String ID="string_467" HPOS="144" VPOS="1414" WIDTH="69" HEIGHT="25" WC="0.96" CONTENT="hvarje"/><SP WIDTH="15" VPOS="1414" HPOS="213"/>
							<String ID="string_468" HPOS="228" VPOS="1417" WIDTH="32" HEIGHT="18" WC="0.96" CONTENT="ort"/><SP WIDTH="13" VPOS="1417" HPOS="260"/>
							<String ID="string_469" HPOS="273" VPOS="1415" WIDTH="85" HEIGHT="26" WC="0.96" CONTENT="brukligt"/><SP WIDTH="14" VPOS="1415" HPOS="358"/>
							<String ID="string_470" HPOS="372" VPOS="1417" WIDTH="21" HEIGHT="18" WC="0.96" CONTENT="är"/><SP WIDTH="14" VPOS="1417" HPOS="393"/>
							<String ID="string_471" HPOS="407" VPOS="1415" WIDTH="37" HEIGHT="20" WC="0.96" CONTENT="och"/><SP WIDTH="15" VPOS="1415" HPOS="444"/>
							<String ID="string_472" HPOS="459" VPOS="1416" WIDTH="28" HEIGHT="19" WC="0.96" CONTENT="för"/><SP WIDTH="15" VPOS="1416" HPOS="487"/>
							<String ID="string_473" HPOS="502" VPOS="1415" WIDTH="62" HEIGHT="26" WC="0.91" CONTENT="begge"/><SP WIDTH="14" VPOS="1415" HPOS="564"/>
							<String ID="string_474" HPOS="578" VPOS="1415" WIDTH="64" HEIGHT="26" WC="0.91" CONTENT="nödigt"/><SP WIDTH="13" VPOS="1415" HPOS="642"/>
							<String ID="string_475" HPOS="655" VPOS="1415" WIDTH="70" HEIGHT="20" WC="0.96" CONTENT="finnes."/>
						</TextLine>
					</TextBlock>
				</ComposedBlock>
			</PrintSpace>
		</Page>
	</Layout>
</alto>
