981 1703
198 143 44 20 1574
413 143 71 20 Nådiga
496 143 139 21 Propositionen
649 141 36 18 N:o
696 141 30 18 48.

197 191 77 26 betinga
288 192 31 25 sig
333 191 39 20 den
385 192 69 25 högsta
469 190 77 26 möjliga
559 191 107 26 ersättning
679 191 30 20 för
721 191 36 20 sitt
770 191 75 24 arbete,
863 194 20 23 ty
893 191 49 20 den-

196 223 25 14 na
235 218 116 19 bestämdes
365 218 74 21 honom
452 217 103 26 oåtspord,
570 219 38 18 och
622 218 33 19 det
676 217 72 26 skydd,
770 218 96 19 hvarmed
886 219 56 24 lagen

197 244 133 27 bevärdigade
344 245 50 19 hans
407 250 74 19 person
496 244 5 19 i
515 243 131 21 förhållandet
659 243 27 21 till
707 243 124 32 husbonden,
853 245 89 21 sträckte

198 271 30 25 sig
242 271 44 20 icke
300 271 67 26 längre
381 272 24 18 än
419 271 27 20 till
460 271 31 20 lifs
507 272 38 19 och
560 271 93 20 lemmars
667 270 120 25 bevarande,
807 271 23 19 dä
851 271 91 20 deremot

198 297 127 26 törgripelser
339 297 20 20 af
371 296 88 26 tjenaren
475 301 52 16 emot
541 297 104 20 husbonde
666 297 46 28 eller
732 297 111 30 matmoder
862 298 81 30 belades

198 324 46 19 med
259 325 76 24 strängt
349 329 81 14 ansvar.
458 324 167 25 Inskränkningen
639 324 5 19 i
659 327 98 21 tjenarens
771 325 94 29 naturliga
878 327 65 27 rättig-

197 350 41 24 het,
254 353 28 17 att
296 350 46 26 sjeif
354 350 18 20 få
386 350 107 26 uppskatta
509 350 67 20 värdet
593 351 19 19 af
625 350 34 19 sitt
673 350 74 25 arbete,
759 350 77 20 bortföll
847 351 95 25 omsider;

198 382 46 14 men
259 378 50 19 hans
323 378 114 18 värnlöshet
450 380 55 16 emot
518 377 104 20 oförrätter
637 377 20 19 af
670 377 115 20 husbonden
800 377 93 25 gvarstär
909 380 35 18 än-

199 409 26 13 nu
239 403 5 19 i
259 404 45 26 dag.
334 405 33 18 Att
380 404 34 19 det
428 402 98 26 tjenarens
541 403 286 29 underlänighetsförhällande
848 404 26 20 till
897 406 47 19 hus-

198 430 86 25 bonden,
299 431 72 19 hvaraf
384 430 172 21 husbondeväldet
570 430 37 19 och
621 431 87 24 husagan
728 433 61 22 jemte
809 431 135 25 nyssberörda

199 457 115 19 värnlöshet
329 460 33 16 äro
377 457 88 25 uttryck,
481 457 70 24 skulle,
567 456 24 20 dä
605 457 38 19 den
657 458 51 18 ännu
723 457 88 29 gällande
824 458 121 25 Legohjons-

198 483 81 25 stadgan
294 483 21 20 af
327 483 37 19 den
379 484 25 19 15
417 482 38 26 Maj
472 484 51 19 1805
537 483 120 25 utfärdades,
673 484 105 25 uppburits
791 484 21 19 af
825 490 24 13 en
864 485 80 20 allmän-

198 514 48 14 nare
260 510 134 25 öfvertygelse
409 515 33 13 om
458 510 94 20 rättvisan
566 510 49 24 deri,
634 509 55 20 torde
707 510 97 28 svårligen
825 510 65 20 kunna
911 511 35 26 pä-

198 534 49 20 stäs.
276 536 93 20 Tvärtom
384 536 72 19 vittnar
471 536 51 20 1805
536 536 33 20 års
584 536 106 26 lagstiltare
705 537 45 24 sjelf
769 537 75 25 derom,
867 540 28 17 att
916 538 28 20 bi-

197 562 128 20 behällandet
339 562 19 20 af
370 562 39 20 den
424 563 127 19 husbondens
566 562 203 26 maktfulikomlighet,
785 569 44 14 som
842 565 103 25 uppenba-

198 593 32 14 rar
245 588 29 26 sig
288 589 6 19 i
309 590 94 24 husagan,
419 588 24 20 då
460 590 60 19 redan
535 589 87 20 saknade
637 589 43 20 stöd
694 589 6 19 i
713 590 34 19 Jet
767 590 98 20 allmänna
886 593 60 19 rätts-

198 614 149 21 medvetandet.
376 616 77 19 Annars
468 616 37 20 blir
519 616 96 25 nemligen
629 616 38 19 den
689 616 83 25 erinran,
794 623 43 13 som
859 618 86 21 nämnde

198 640 111 26 lagstiftare
324 642 5 19 i
344 642 142 26 sammanhang
499 642 46 20 med
560 643 100 25 husagans
675 642 135 22 bibehällande
828 644 68 20 ställer
916 646 27 20 till

200 666 101 25 tjenarene
315 671 28 16 att
358 668 57 20 «med
430 669 175 25 undergifvenhet»
619 670 44 24 foga
678 669 29 25 sig
721 670 5 18 i
736 670 122 25 yliringarne
867 672 22 18 af
897 672 48 19 hus-

199 693 90 21 bondens
304 694 63 25 makt,
381 695 80 20 alldeles
476 695 117 26 oförklarlig.
621 695 42 20 Mer
677 697 24 18 än
717 698 28 17 ett
759 696 48 20 halft
820 696 125 22 århundrade

197 720 36 19 har
248 721 86 24 förflutit,
351 721 61 20 sedan
427 721 84 20 berörda
525 722 72 25 Stadga
610 721 75 20 utkom.
715 722 39 19 Det
772 723 107 24 utlåtande,
902 725 43 19 Fin-

197 746 55 19 lands
266 747 85 20 Ständer
364 753 27 14 nu
405 748 58 19 hafva
477 751 29 16 att
519 748 70 25 afgifva
610 749 5 18 i
636 748 101 25 anledning
757 749 21 18 af
795 749 149 26 ifrågavarande

196 771 74 27 Nådiga
284 774 133 25 proposition,
433 774 49 20 skall
496 774 123 26 ädagalägga,
642 774 80 20 hvilken
742 775 122 26 ståndpunkt
886 779 58 18 rätts-

198 799 143 20 medvetandet
354 801 38 18 hos
406 800 90 20 Finlands
511 801 40 20 folk
565 806 26 14 nu
607 801 76 25 intager
697 801 5 19 i
717 801 93 20 afseende
824 802 11 19 ä
846 801 98 26 tjenarens

196 825 98 26 ställning.

249 852 57 20 Efter
319 852 60 20 dessa
394 853 96 20 allmänna
511 853 152 26 anmärkningar
684 853 91 27 öfvergär
796 855 102 20 Utskottet
918 857 27 20 till

195 878 145 27 granskningen
355 879 21 20 af
388 879 25 20 de
428 881 96 19 särskilda
539 880 80 20 Jelarne
636 881 5 18 i
662 880 34 20 det
717 881 108 20 Ständerne
845 879 99 38 förelagda

194 904 94 26 förslaget
302 905 26 20 till
343 906 71 19 allmän
430 906 110 26 förordning
554 906 5 19 i
580 907 75 19 ämnet.
684 906 37 21 Vid
741 907 63 20 denna
824 909 119 26 granskning

198 930 37 20 blir
249 937 24 13 en
286 930 114 26 jemförelse
415 933 45 19 med
475 932 115 21 förberörda
604 933 73 26 Stadga
692 934 20 19 af
725 933 22 20 är
761 935 52 20 1805
828 935 5 19 i
847 935 26 20 de
887 936 57 20 flesta

194 956 32 20 fall
241 958 119 25 oundviklig.
390 959 38 19 Det
442 959 39 20 kan
495 959 79 20 derföre
595 959 82 26 förtjena
698 961 111 25 anmärkas,
832 964 28 17 att
881 963 63 19 första

196 983 85 20 artikeln
295 984 6 19 i
316 985 84 20 nämnde
414 985 73 26 Stadga
501 986 45 20 icke
559 985 107 21 ätertinnes
681 986 4 20 i
701 986 148 27 ifrågavarande
864 989 76 25 förslag.

195 1009 8 19 I
217 1010 60 24 sagde
292 1010 67 20 artikel
375 1011 48 19 eller
436 1012 71 25 kapitel
523 1012 87 25 stadgas,
622 1013 66 19 hvilka
698 1016 35 16 äro
743 1014 90 26 skyldige
843 1017 28 17 att
879 1015 63 20 skaffa

195 1035 31 25 sig
240 1035 97 27 årstjenst
351 1040 53 16 samt
418 1038 51 19 huru
483 1038 37 20 den
534 1038 48 20 skall
597 1044 66 20 anses,
679 1045 44 13 som
740 1039 69 21 sådant
830 1041 114 21 underlåter

195 1061 47 20 eller
256 1062 92 25 tjenstlös
361 1069 74 20 person
449 1065 38 19 hos
501 1064 30 26 sig
551 1064 69 26 Kyser.
648 1065 91 21 Orsaken
760 1069 29 17 att
809 1067 59 20 dessa
890 1068 53 20 stad-

193 1088 77 24 ganden
286 1089 45 20 icke
344 1090 123 20 förekomma
482 1091 5 19 i
501 1091 35 19 det
549 1092 79 25 förslag,
644 1092 83 20 hvarom
749 1099 27 13 pu
796 1095 22 18 är
837 1094 63 26 fråga,
922 1096 22 18 är

194 1113 52 21 dock
260 1115 57 26 ingen
331 1121 64 14 annan
410 1118 23 18 än
448 1117 44 24 den,
509 1120 28 16 att
551 1117 24 20 de
589 1117 62 26 ingått
664 1118 5 20 i
683 1118 34 20 det
731 1119 110 20 Ständerne
860 1120 82 21 medde-

193 1140 44 20 lade
250 1141 96 27 förslaget
360 1142 26 20 till
403 1142 112 27 förordning
529 1144 101 25 angående
645 1146 24 18 de
683 1145 133 21 försvarslösa
830 1148 39 18 och
883 1147 60 21 deras

193 1166 124 28 behandling,
333 1168 6 20 i
353 1169 103 26 anledning
471 1171 20 19 af
503 1170 77 20 hvilket
593 1172 72 26 förslag
679 1172 102 20 Utskottet
797 1174 61 19 redan
879 1174 63 20 under

192 1194 39 20 N:o
246 1195 12 19 6
272 1195 76 25 afgifvit
362 1196 133 20 betänkande.
873 1200 6 4 N

249 1220 57 30 Kap.
323 1220 9 24 I
349 1222 21 20 af
384 1222 149 27 ifrågavarande
550 1224 103 26 lagförslag
670 1224 106 22 innehäller
792 1226 21 25 $$
831 1228 51 19 1—7
902 1228 39 19 och

191 1248 81 20 handlar
288 1254 46 14 «om
348 1250 103 20 husbonde
465 1253 47 18 eller
526 1252 39 19 den
580 1253 5 18 i
599 1253 48 19 dess
661 1254 56 19 ställe
730 1255 105 20 förordnad
849 1257 45 18 är.»

245 1275 8 19 1
268 1274 9 26 $
292 1276 11 18 1
319 1275 122 21 bestämmes
450 1277 108 26 begreppet
569 1279 136 20 «husbonde.»
734 1280 102 26 Utgående
845 1281 95 26 derifrån,

191 1302 29 17 att
232 1300 40 26 det,
288 1302 61 25 enligt
362 1302 63 20 denna
439 1303 17 25 $,
472 1304 30 19 för
521 1304 213 31 husbondebegreppet
747 1307 40 19 lika
801 1307 44 20 litet
857 1310 22 18 är
894 1308 48 20 nöd-

190 1327 88 29 vändigt,
294 1330 29 18 att
336 1329 118 20 husbonden
471 1330 87 27 dagligen
575 1331 6 19 i
595 1332 30 19 sin
640 1335 60 23 tjenst
714 1334 130 20 sysselsätter
858 1330 80 35 tjenste-

190 1353 68 24 hjonet
272 1360 45 14 som
331 1358 28 16 att
372 1356 39 19 han
425 1356 154 22 tillhandahåller
593 1358 32 20 det
640 1359 25 20 de
679 1360 29 19 för
736 1365 34 15 dess
787 1362 105 24 uppehälle
906 1362 36 19 nö-

190 1379 44 27 diga
253 1381 111 20 lifsmedlen
384 1382 19 20 in
421 1386 74 22 natura,
511 1384 109 27 tillstyrker
633 1385 102 21 Utskottet
750 1387 147 22 vördsammast
910 1391 29 18 att

190 1405 11 26 $
220 1406 33 21 mä
273 1408 22 20 af
314 1408 109 21 Ständerne
443 1411 64 25 gillas.
537 1411 112 21 Utskottets
665 1413 134 26 nyssberörda
818 1410 121 36 uppfattning

190 1433 82 26 styrkes
286 1435 38 20 ock
338 1435 21 21 af
373 1429 87 38 sednare
473 1429 52 38 mom.
547 1438 5 20 i
566 1438 12 25 $
592 1439 21 19 2.
