995 1703
191 145 44 18 1376
405 144 71 23 Nådiga
488 145 139 22 Propositionen
640 145 35 17 N:o
688 145 28 16 41.

240 194 38 19 Det
291 193 56 20 torde
361 193 52 20 dock
427 200 47 13 vara
488 194 20 19 af
520 194 137 20 erfarenheten
672 193 118 24 vitsordadt,
806 196 29 17 att
849 193 46 20 flera
910 194 21 19 af

188 219 75 20 landets
284 219 77 20 fordom
381 219 81 20 fiskrika
480 219 52 25 sjöar
546 220 36 19 och
598 220 114 25 vattendrag
726 225 89 19 numera,
832 220 5 17 i
852 219 45 25 följd
912 220 20 19 af

187 246 71 19 fiskets
273 245 115 26 oförnuftiga
402 245 134 26 bedrifvande,
552 247 63 18 lemna
625 246 54 25 ringa
690 246 47 19 eller
746 245 56 26 ingen
812 245 116 26 afkastning.

188 272 57 19 Detta
258 270 120 22 förhållande
391 273 39 18 kan
444 271 18 26 ej
477 272 43 19 med
536 272 40 20 skäl
592 271 114 20 tillskrifvas
723 272 69 19 endast
806 271 37 20 den
858 272 74 25 gällan-

187 299 25 18 de
233 297 140 26 lagstiftningen
395 298 5 19 i
417 300 72 18 ämnet.
518 299 29 19 De
561 299 123 18 föreskrifter
698 297 99 26 angående
811 297 71 21 fiskets
896 299 35 19 be-

189 325 103 19 drifvande
313 327 51 16 samt
385 325 119 25 fiskynglets
525 325 119 24 bevarande,
667 331 44 13 som
725 325 103 19 innefattas
842 325 5 18 i
861 325 69 25 Kongl.

189 351 82 25 stadgan
285 350 21 20 af
318 350 38 20 den
370 352 25 18 14
410 352 49 18 Nov.
476 352 52 19 1766
546 354 51 16 samt
613 350 130 26 förklaringen
757 350 92 20 deröfver
863 351 20 19 af
896 351 37 19 den

189 378 25 18 24
229 378 44 18 Jan.
292 376 61 25 1771,
372 378 34 18 äro
425 377 115 26 visserligen
558 376 17 26 ej
593 377 5 19 i
615 378 35 18 alla
668 377 128 20 hänseenden
811 376 20 20 så
847 378 87 19 fullstän-

189 404 45 24 diga
255 404 38 19 och
313 403 173 26 ändamålsenliga,
509 410 43 14 som
574 409 46 13 man
635 404 5 18 i
655 403 36 20 vår
705 403 26 20 tid
747 403 35 19 kan
797 403 75 26 fordra,
888 409 45 14 men

189 430 62 20 skulle
265 430 51 19 dock
332 430 69 20 verkat
415 430 30 19 för
459 430 173 26 fiskerinäringens
647 429 92 25 bestånd,
756 430 82 19 allenast
852 430 24 20 de
890 430 43 20 blif-

189 456 28 20 vit
231 456 111 26 efterlefda,
358 462 46 14 men
421 456 53 20 detta
489 456 35 20 har
537 458 68 25 tyvärr
619 455 18 26 ej
652 456 52 20 varit
717 456 59 20 fallet.

242 483 38 19 Det
294 488 60 21 synes
368 483 78 20 derföre
461 489 45 14 vara
520 484 22 19 af
554 484 41 24 vigt
608 486 28 17 att
648 482 18 26 ej
676 483 81 19 allenast
767 482 129 26 återupplifva
906 488 27 14 nu

189 509 87 26 gällande
291 514 45 14 men
350 509 68 20 hittills
433 510 25 19 till
474 510 72 19 största
560 510 57 19 delen
632 509 104 20 åsidosatta
747 509 119 25 stadganden
877 510 5 18 i
892 510 42 19 äm-

188 539 43 22 net,
253 539 46 16 utan
320 536 38 19 ock
377 539 29 16 att
426 536 45 26 fylla
488 536 25 20 de
530 536 78 25 brister,
625 536 62 19 som
681 530 14 36 i
703 535 46 20 dem
763 534 89 27 möjligen
867 536 66 19 kunna

187 563 72 19 finnas.
288 563 37 19 För
346 565 28 17 att
393 569 71 19 genom
484 563 88 26 lämpliga
590 563 104 25 ändringar
708 563 39 19 och
761 563 64 25 tillägg
840 562 93 21 förbättra

189 589 61 20 dessa
271 589 120 25 stadganden
412 590 35 19 har
464 590 53 19 Hans
531 588 108 26 Kejserliga
653 588 91 26 Majestät
758 589 86 20 medelst
857 589 77 20 föreva-

189 615 60 20 rande
269 615 74 26 Nådiga
377 616 108 25 proposition
506 616 53 19 velat
577 616 87 19 inhemta
681 615 116 20 ständernas
812 616 69 19 tankar
895 616 38 19 och

189 642 117 26 önskningar
326 642 101 26 angående
444 643 24 19 de
483 643 93 20 allmänna
591 642 136 25 grundsatser,
744 647 45 15 som
802 642 70 21 dervid
886 643 47 20 böra

190 668 52 25 tjena
263 669 25 19 till
303 669 83 25 ledning,
402 669 7 18 i
423 669 74 19 hvilket
511 668 88 20 ändamål
615 671 28 17 ett
656 669 72 25 förslag
741 668 74 26 jemväl
829 669 63 19 blifvit
906 669 24 19 öf-

189 694 124 20 verlemnadt
327 694 25 20 till
368 695 116 19 ständernas
498 695 151 26 öfvervägande.
679 695 66 19 Denna
762 695 121 25 proposition
897 696 37 19 har

189 722 20 18 af
227 721 102 26 höglofliga
350 721 136 26 ridderskapet
506 722 38 19 och
558 721 56 20 adeln
627 722 121 19 remitterats
762 722 27 19 till
803 724 130 18 sammansatt

189 748 40 25 lag-
243 748 37 20 och
295 748 103 20 ekonomie
413 748 81 24 utskott,
509 754 45 14 men
568 748 21 19 af
601 748 25 20 de
640 751 29 17 tre
684 748 60 26 öfriga
759 748 82 20 stånden
850 749 26 20 till
887 748 45 20 eko-

190 774 178 26 nomie-utskottet,
384 774 74 20 hvilket
472 774 33 20 vid
520 774 69 20 sådant
602 774 119 21 förhållande
736 775 47 25 tagit
796 775 53 19 detta
861 775 73 20 ärende

191 801 62 20 under
267 801 114 26 beredning.

241 828 67 20 Redan
323 827 42 20 från
379 828 54 19 äldre
447 828 50 20 tider
511 829 35 19 har
558 828 33 20 det
600 828 50 20 varit
660 834 25 13 en
694 828 21 20 af
723 828 38 20 den
771 828 87 20 svenska
868 829 63 19 rätten

189 857 98 22 upptagen
307 854 115 25 grundsats,
441 857 27 16 att
486 854 48 20 «den
550 857 45 23 äger
609 857 73 23 vatten,
700 860 43 14 som
756 855 44 20 land
815 856 65 24 äger»,
897 861 36 13 un-

189 880 36 20 der
260 883 19 17 det
295 883 28 17 att
339 880 6 20 i
362 880 34 20 det
412 880 74 21 feodala
500 882 89 24 Europas
603 883 62 17 stater
679 881 37 20 den
730 882 76 25 princip
819 880 69 26 gjorde
903 882 29 26 sig

189 907 96 31 gällande,
301 909 28 17 att
349 907 36 19 alla
400 908 64 18 större
479 907 113 26 vattendrag
606 907 90 20 tillhörde
711 910 70 17 staten.
806 908 41 19 Den
862 913 71 15 senare

189 933 76 26 åsigten
279 933 100 26 grundade
393 934 30 25 sig
436 933 67 26 derpå,
520 937 28 17 att
562 934 25 20 de
601 934 64 20 större
681 934 141 26 vattendragen
835 934 99 20 betrakta-

188 960 37 20 des
239 959 68 21 såsom
321 960 64 20 medel
400 960 30 19 för
444 960 198 25 kommunikationen,
658 960 75 20 hvilket
748 960 43 20 åter
804 960 36 20 vår
851 960 83 26 lagstift-

189 987 45 24 ning
248 986 59 20 afsett
320 986 86 20 medelst
420 986 115 26 stadgandet
549 992 32 14 om
590 986 123 26 kungsåders
723 986 162 26 öppenhållande..
904 988 30 18 In-

189 1012 141 25 skränkningar
344 1012 5 19 i
363 1012 37 19 den
415 1013 143 19 ofvannämnde
572 1013 108 25 principen,
692 1015 27 17 att
729 1013 142 24 strandägaren
881 1013 50 26 ägde

189 1038 33 20 det
235 1039 28 19 till
278 1038 91 22 stranden
383 1039 109 25 gränsande
507 1042 72 22 vatten,
593 1039 74 20 skedde
681 1039 26 20 till
722 1039 76 20 förmån
813 1039 29 19 för
856 1039 75 20 kronan

189 1064 62 20 under
271 1065 95 19 sextonde
384 1065 38 19 och
439 1064 99 26 sjuttonde
555 1066 76 23 seklen,
650 1066 5 19 i
670 1065 34 20 det
717 1068 28 17 att
759 1065 42 20 dels
816 1065 52 20 vissa
883 1065 49 20 fisk-

190 1093 73 22 vatten,
280 1091 42 20 dels
337 1091 55 19 vissa
401 1091 82 26 fiskslag
491 1091 79 26 gjordes
579 1092 26 19 till
615 1092 86 19 kronans
710 1092 83 25 regaler.
809 1093 7 18 I
826 1092 108 19 allmänhet

189 1117 37 19 har
239 1117 51 19 dock
304 1117 38 20 dén
356 1118 135 25 ursprungliga
505 1117 131 26 grundsatsen
650 1118 119 19 fortfarande
779 1118 90 25 erkänts,
881 1120 52 17 samt

189 1143 142 26 strandägaren
351 1143 113 20 bibehållits
484 1144 33 20 vid
532 1145 29 18 sin
574 1144 123 25 äganderätt,
713 1150 32 13 om
759 1143 18 26 ej
791 1143 62 26 någon
867 1149 64 14 annan

189 1175 71 19 genom
277 1170 21 19 af
314 1170 147 20 vederbörande
478 1170 114 27 myndighet
609 1171 92 25 vidtagen
715 1170 75 26 åtgärd,
807 1176 43 14 som
864 1169 69 21 vunnit

188 1197 42 24 laga
244 1196 60 25 kraft,
322 1197 46 19 eller
382 1197 38 19 ock
433 1196 24 26 på
473 1197 63 25 grund
550 1197 21 19 af
581 1198 102 19 urminnes
698 1198 52 23 häfd,
766 1197 38 19 kan
812 1197 45 25 visa
867 1198 64 19 bättre

189 1224 38 18 rätt
241 1222 26 20 till
283 1225 81 18 vattnet.
393 1224 9 18 I
417 1224 83 25 enlighet
514 1223 81 20 härmed
609 1224 123 20 bestämmes
746 1224 58 19 äfven
818 1223 113 26 äganderät-

189 1251 32 16 ten
238 1249 26 19 till
283 1249 106 19 fiskvatten
406 1250 5 17 i
428 1250 60 18 första
503 1250 88 24 punkten
604 1250 21 18 af
638 1250 37 18 den
689 1250 73 25 Nådiga
776 1250 153 24 propositionen.

242 1275 39 18 Der
295 1274 17 26 ej
328 1274 76 20 enskild
417 1274 170 25 jordinnehafvare
601 1276 38 18 kan
653 1278 47 22 göra
714 1275 86 25 anspråk
811 1274 25 26 på
846 1275 85 25 ägande-

189 1302 64 18 rätten
274 1300 27 20 till
321 1300 59 26 något
400 1303 75 22 vatten,
498 1301 35 19 har
549 1301 62 19 denna
622 1296 44 34 rätt
671 1302 118 20 tillerkänts
803 1302 83 23 kronan,
903 1301 29 19 för

189 1327 62 20 hvars
266 1327 81 26 räkning
360 1327 50 20 slika
423 1327 117 21 fiskevatten
555 1327 25 26 på
594 1328 61 20 skilda
670 1330 39 18 sätt
720 1328 131 26 disponerats.
874 1328 55 20 Des.

185 1353 24 25 k.
223 1354 88 19 kronans
325 1354 88 19 enskilda
426 1353 64 20 fisken
504 1354 138 20 utarrenderas
656 1355 30 19 för
699 1355 88 20 kronans
801 1354 82 25 räkning
892 1355 38 18 och

189 1379 19 20 få.
223 1379 17 26 ej
255 1380 100 26 begagnas
369 1380 20 20 af
402 1381 59 19 andra
475 1382 24 18 än
512 1381 145 20 innehafvaren.
688 1382 99 19 Allmänna
804 1380 126 21 kronofisken

189 1406 49 26 åter,
254 1407 47 20 eller
315 1406 72 21 sådana
403 1407 32 20 vid
448 1407 209 27 kronoallmänningar,
673 1408 72 26 parker
759 1409 38 19 och
811 1408 71 26 skogar
897 1408 33 19 be-

188 1433 54 26 lägna
263 1433 123 25 fiskevatten,
403 1433 64 21 hvilka
482 1434 74 21 kronan
569 1435 44 20 icke
627 1435 29 26 sig
670 1434 89 27 enskildt!
774 1434 114 26 förbehållit,
904 1433 26 27 få,
