981 1703
255 142 72 22 Nådiga
339 143 140 23 Propositionen
491 144 36 17 N:o
539 144 28 16 47.
734 144 43 20 1517

35 190 61 20 under
119 191 164 25 tillsyningsmans
305 192 168 25 husbondevälde,
496 192 21 20 sä
537 196 28 16 att
579 194 38 18 han
632 196 22 17 är
668 194 66 24 pligtig
749 196 28 17 att

35 217 79 19 förrätta
128 217 34 20 Jet
176 218 68 19 arbete
258 218 195 26 tillsyningsmannen
468 220 71 18 honom
548 220 85 19 anvisar.

382 271 10 25 $
405 272 19 18 4.

87 307 131 25 Försvarslös,
234 314 45 13 som
757 323 6 5 -

88 334 34 18 4:0
139 333 62 20 blifvit
216 334 79 19 straffad
310 334 30 19 för
353 334 127 25 mordbrand,
500 336 65 19 försök
580 335 70 25 dertill,
666 335 42 25 rån,
725 336 36 20 stöl

34 359 46 20 eller
94 359 72 20 inbrott
181 360 4 18 i
200 361 58 25 afsigt
272 363 28 16 att
314 359 62 26 stjäla,
393 361 47 20 eller

86 387 36 18 2:0
138 386 102 25 undergätt
255 387 28 19 för
297 390 58 16 annat
369 388 52 19 brott
435 387 129 26 straffarbete,
581 388 46 19 eller

86 413 35 19 3:o
136 413 65 19 dömts
215 414 64 19 ärelös
293 414 38 19 och
345 413 44 20 icke
404 413 35 20 fått
453 416 45 18 äran
513 414 48 24 åter,
577 415 48 19 eller

84 440 37 19 4:0
137 440 50 19 varit
200 440 29 19 för
244 440 124 24 mordbrand,
385 441 50 19 stöld
450 441 46 19 eiler
509 441 74 19 inbrott
598 441 46 19 eller
659 444 58 16 annat
729 441 45 20 med

31 465 197 21 lifstidsstraffarbete
242 467 47 19 eller
303 467 108 20 dödsstraff
423 467 77 26 belagdt
509 467 52 20 brott
572 467 77 20 tilltalad
659 468 38 19 och
712 468 63 19 blifvit

32 497 32 14 om
79 493 74 19 brottet
166 493 5 19 i
186 493 37 20 den
237 493 46 19 mån
298 493 98 20 besvärad
411 497 28 16 att
453 494 61 19 saken
529 495 21 18 är
564 494 76 20 lemnad
657 495 26 19 till
701 495 73 19 framti-

31 518 45 23 den,
90 519 48 20 eller

84 546 39 19 5:0
141 546 20 19 af
176 545 53 26 lättja
244 546 48 20 eller
305 545 74 26 böjelse
394 547 29 19 för
438 549 27 17 ett
479 546 115 26 oordentligt
609 547 38 19 och
664 547 110 27 kringstry-

31 572 63 20 kande
109 572 122 23 lefnadssätt,
248 573 80 19 oaktadt
341 572 87 20 erhållen
442 574 80 25 varning
535 573 21 20 af
564 573 209 26 Fattigvårdsstyrelse

30 598 4 19 i
50 598 42 20 stad
108 598 47 20 eller
169 599 188 20 kommunalnämnd
371 599 25 25 på
411 600 65 19 landet
485 600 46 20 eller
541 600 154 26 tillsyningsman
706 599 67 21 såsom

30 625 4 18 i
50 625 10 25 $
74 626 24 19 19
114 625 135 25 föreskrifves,
265 625 100 20 uraktlätit
379 629 28 17 att
421 626 90 20 förskaffa
526 626 30 25 sig
566 626 48 26 ärlig
624 627 149 25 sysselsättning

30 652 47 19 eller
92 652 104 20 verkställa
211 653 33 19 det
258 653 68 19 arbete
341 653 154 26 tillsyningsman
510 653 83 24 anvisat,
614 659 46 13 vare
676 653 97 20 underka-

30 678 43 19 stad
88 678 62 20 sådan
164 678 118 26 behandling
296 684 44 14 som
355 679 105 20 nedanföre
474 680 5 18 i
494 680 11 19 6
519 680 49 25 Kap.
585 679 67 19 vidare
665 682 65 23 säges.

359 765 12 20 3
389 765 58 25 Kap.

299 818 31 19 Om
342 818 156 23 tillsyningsmän.

379 871 8 26 $
403 873 18 18 5.

81 909 210 26 Fattigvårdsstyrelse
308 910 4 18 i
334 909 43 20 stad
398 909 38 20 och
456 909 184 20 kommunalnämnd
661 909 24 25 på
705 909 66 20 landet

30 936 52 25 skall,
101 936 63 19 ibland
182 936 42 20 sina
242 936 114 24 ledamöter,
375 939 45 16 utse
437 935 32 20 två
484 936 47 19 eller
545 935 56 24 flere,
619 938 28 17 att
660 936 110 19 distriktvis

30 965 41 22 laga
86 967 97 20 noggrann
198 962 109 19 kännedom
322 968 32 13 om
368 963 37 19 alla
419 963 25 19 till
460 963 69 18 staden
542 963 48 19 eller
604 963 119 19 kommunen
738 963 33 18 hö-

30 989 58 19 rande
103 989 104 19 obesuttna
221 994 108 20 personers
343 989 120 25 uppförande
477 989 37 19 och
536 989 146 23 lefnadsvilkor,
704 989 67 19 äfven-

30 1020 41 14 som
86 1015 57 18 hafva
158 1016 65 24 tillsyn
238 1014 10 20 å
263 1014 130 20 försvarslösa
408 1020 95 19 personer
516 1015 38 19 och
572 1013 50 20 bistå
639 1014 56 25 dem,
714 1014 55 19 såväl

30 1041 43 19 med
87 1040 42 26 råd,
146 1046 43 14 som
203 1041 44 24 ock,
264 1040 64 20 såvidt
343 1040 35 20 ske
392 1041 47 24 kan,
459 1046 69 20 genom
547 1041 111 19 beredande
675 1041 20 19 af
710 1042 60 23 utväg

30 1067 24 20 till
68 1066 124 27 försörjning.

376 1120 10 25 $
400 1121 19 18 6.

80 1159 36 20 Vill
132 1159 152 26 tillsyningsman
300 1159 67 19 anvisa
381 1159 118 20 försvarslös
509 1165 71 20 person
591 1159 67 19 arbete
668 1161 54 17 utom
732 1159 37 19 den

30 1186 38 19 stad
85 1187 47 18 eller
146 1186 150 19 landskommun
314 1191 98 20 personen
429 1186 70 24 tillhör,
518 1186 76 19 anmäle
611 1185 33 20 det
661 1186 36 18 hos
714 1186 56 18 kom-

30 1212 168 25 nunalnämnden,
214 1218 43 13 som
272 1212 50 19 efter
336 1212 191 25 omständigheterna
541 1212 89 25 antingen
641 1211 45 25 sjelf
695 1211 75 20 förord-

30 1245 32 13 nar
79 1239 26 19 till
123 1238 37 20 den
178 1239 141 22 försvarslöses
336 1239 109 19 insättande
463 1239 3 18 i
485 1239 45 19 slikt
544 1239 68 19 arbete
625 1239 47 18 eller
689 1237 38 20 ock
741 1238 28 19 öf-

30 1266 108 19 verlemnar
152 1264 67 26 frågan
234 1265 26 20 till
275 1265 135 25 Guvernören,
426 1265 80 20 hvilken
520 1265 5 19 i
540 1265 103 24 anledning
657 1264 57 20 deraf
727 1264 42 20 vid-

30 1296 52 21 'ager
95 1291 25 20 de
135 1291 97 26 åtgärder,
248 1297 44 14 som
307 1292 29 19 för
349 1291 111 20 ändamålet
474 1291 63 20 finnas
551 1291 75 26 nödiga.

376 1344 9 24 S
401 1345 17 18 7.

80 1381 59 19 Emot
157 1381 115 25 förgripelse
293 1382 38 18 och
351 1381 140 25 förolämpning
511 1381 21 19 af
549 1381 118 19 försvarslös
688 1386 79 19 person,

30 1406 50 26 ajute
94 1407 154 27 tillsyningsman
264 1407 101 21 enahanda
381 1407 71 27 skydd,
471 1413 44 14 som
536 1406 103 21 husbonde
659 1407 60 26 enligt
739 1407 31 26 lag

30 1434 123 20 tillkommer.
