978 1700
252 140 71 24 Nådiga
334 142 140 22 Propositionen
487 141 36 17 N:o
536 140 27 18 47.
737 140 41 18 1541

91 190 7 19 I
119 190 92 20 afseende
231 190 10 19 å
263 191 21 24 $$
304 192 78 19 41—44
400 190 30 21 får
446 191 98 19 Utskottet
557 191 81 23 anmäla,
654 192 28 17 att
696 190 25 20 de
735 190 42 20 icke

38 217 97 18 föranledt
149 216 61 25 någon
225 217 128 25 anmärkning
366 218 51 19 inom
433 217 105 20 Utskottet.

90 247 122 19 Beträffande
226 246 10 25 $
250 247 32 23 45,
300 247 76 19 hvilken
391 247 84 25 stadgar.
487 251 69 14 ansvar
570 247 29 19 för
613 247 43 25 den,
668 252 50 19 som,
730 250 46 16 utan

35 275 28 16 att
77 272 70 19 derom
161 273 105 24 behörigen
281 274 80 23 anmäla,
378 273 61 25 hyser
453 273 106 19 försvarlös
574 279 46 18 person
660 273 43 19 från
715 279 61 13 annan

35 299 104 24 kommun,
157 300 35 18 har
205 299 33 20 det
253 299 89 19 deremot
356 301 101 18 anmärkts
472 301 26 17 att
513 299 33 20 det
560 300 21 18 är
591 299 85 26 omöjligt
686 301 28 17 att
724 302 51 21 veta,

37 331 33 12 om
92 331 24 12 en
138 325 121 20 fremmande
280 331 79 19 person,
379 331 42 14 som
436 325 86 20 anhåller
537 331 31 13 om
583 325 97 25 herberge
695 325 23 25 på
734 325 44 20 kort

35 351 34 25 tid,
93 353 21 17 är
135 353 117 19 försvarslös
275 353 46 18 eller
338 352 50 24 icke,
404 355 28 16 att
446 351 150 26 ifrågavarande
610 352 106 26 stadgande
730 351 47 20 skall

35 379 46 24 göra
97 379 38 18 slut
149 378 24 26 på
188 379 23 20 all
228 378 153 21 medlidsamhet
394 379 37 18 och
446 378 103 26 gästfrihet
564 381 51 17 emot
626 378 73 20 okända
711 379 67 18 behöf-

35 405 70 24 vande,
129 408 27 16 att
175 411 31 13 om
220 405 61 20 denna
297 405 9 24 $
320 405 43 19 icke
378 406 37 19 kan
430 406 31 19 hel
477 405 37 20 och
529 404 61 21 hållen
606 407 102 22 uteslutas,
724 405 34 19 det
772 406 4 18 i

35 431 59 19 första
118 437 59 14 mom.
196 432 111 25 begagnade
322 432 99 25 tvetydiga
436 432 55 19 ordet
506 431 186 20 «fordersammast»
708 431 68 20 åtmin-

36 460 57 17 stone
104 457 35 20 bör
150 459 77 25 utbytas
237 461 54 17 emot
301 464 23 13 en
335 458 40 19 viss
385 459 77 25 lämplig
473 458 167 25 tidsbestämning,
653 459 51 18 helst
713 458 64 19 lands-

35 484 90 26 bygdens
139 484 93 20 invånare
247 491 71 13 annars
333 485 69 24 måste,
420 485 26 20 till
461 484 124 21 undvikande
594 485 20 18 af
621 485 25 18 de
656 485 120 18 oförtöfvade

35 516 63 17 resor,
116 511 126 19 hvarförutan
258 517 23 14 en
296 511 36 19 slik
346 512 89 19 anmälan
450 511 43 19 icke
508 512 38 18 kan
562 511 42 23 ske,
620 511 46 19 från
678 511 41 18 sina
733 511 44 18 dör-

35 543 32 13 rar
89 537 63 18 afvisa
173 537 48 19 hvar
243 539 37 18 och
297 543 23 13 en
336 537 84 20 obekant
434 537 123 26 vägfarande,
574 537 102 19 älvensom
692 539 28 17 att
734 537 44 19 ord-

34 563 73 20 nandet
122 563 20 19 al
154 563 147 25 ifrågavarande
315 564 140 25 angelägenhet
469 563 109 26 lämpligast
592 563 39 19 kan
645 564 132 19 öfverlemnas

35 590 27 19 till
82 590 144 20 kommunerne
243 590 76 26 sjelfva.
347 590 27 19 På
389 591 59 19 andra
462 591 55 19 sidan
532 591 35 18 har
583 590 33 19 det
629 590 42 19 åter
686 590 92 20 framhål-

35 617 38 23 lits,
91 616 106 20 huruledes
211 616 33 20 det
258 617 101 19 anmärkta
374 617 115 24 stadgandet
506 616 118 20 framkallats
639 618 20 18 af
672 622 105 19 omsorgen

35 643 30 18 för
79 643 94 19 allmänna
189 642 105 27 ordningen
309 643 37 20 och
361 643 117 20 säkerheten
493 643 5 20 i
512 643 65 20 landet
591 643 36 19 och
642 644 96 18 hurusom
754 649 23 12 en

37 669 119 26 tillämpning
177 670 19 19 af
215 669 109 20 detsamma
346 670 86 25 skäligen
447 670 42 20 icke
504 670 36 19 kan
555 670 78 19 komma
648 669 5 19 i
667 669 61 25 fråga,
745 675 32 14 om

36 696 99 26 hysandet
149 696 116 20 inskränker
281 697 29 26 sig
324 697 69 20 endast
407 697 25 19 till
449 697 95 25 herberge
559 697 28 18 för
601 702 24 13 en
636 698 40 17 natt
686 697 46 18 eller
744 695 32 20 nå-

37 728 34 19 gra
93 723 79 19 timmar
192 723 20 19 af
231 723 63 26 dagen
330 723 37 20 Vid
388 723 5 19 i
408 724 102 24 anledning
524 724 57 19 häraf
592 723 81 19 anställd
689 723 88 24 votering

35 750 60 18 hafva
103 750 25 19 de
138 749 56 20 fleste
203 750 155 19 medlemmarne
368 749 41 20 från
420 749 33 20 två
464 751 20 18 af
492 749 86 20 Stånden
588 749 73 19 förenat
672 749 28 25 sig
710 755 32 12 om
750 751 28 16 att

36 776 98 25 tillstyrka
149 776 150 25 godkännandet
309 778 20 18 af
336 777 108 19 änberörda
454 777 9 24 $
474 777 4 18 i
488 777 80 19 alldeles
579 775 125 20 oförändradt
713 775 63 24 skick,

35 802 106 20 hvaremot
162 803 24 19 de
207 803 59 25 öfriga
287 803 96 20 Ståndens
401 803 127 24 deputerade,
545 802 23 26 på
583 803 58 19 ofvan
656 802 121 19 framställda

34 829 93 25 grunder,
149 832 65 17 ansett
234 830 29 25 sig
277 830 46 19 böra
338 829 77 24 föreslå,
432 832 25 16 att
473 830 24 19 de
512 829 33 19 två
555 830 60 18 första
626 834 60 13 mom.
698 828 4 19 i
714 834 63 13 mera-

37 855 83 20 nämnda
135 855 9 26 $
159 857 61 18 skulle
235 845 159 36 sammandragas
408 842 26 44 till
449 859 34 21 ett,
500 856 20 19 af
532 855 84 25 följande
629 854 93 20 innehåll"

166 889 41 19 Den
224 895 46 17 som,
289 889 118 25 uppsåtligen
422 889 33 18 och
468 889 35 25 för
521 890 27 17 att
565 888 67 19 honom
646 887 58 24 dölja,
720 887 57 25 hyser

137 918 99 25 veterligen
253 918 118 24 försvarslös
388 923 69 20 person
475 916 44 25 från
539 923 63 12 annan
621 917 95 21 kommun,
737 915 40 19 böte

137 946 52 25 tjugu
209 945 63 24 mark,
294 946 25 19 till
334 946 53 25 jemn
401 945 73 25 delning
490 945 77 19 emellan
581 945 111 25 angifvaren
707 944 33 19 och
755 943 22 19 de

133 975 76 25 fattige.

92 1009 51 19 Sista
159 1013 60 15 mom.
236 1008 20 19 af
269 1007 10 26 $
294 1009 24 18 45
333 1009 35 19 har
377 1008 121 25 naturligtvis
508 1008 57 19 äfven
576 1006 110 21 bibehållits
696 1006 20 19 af
724 1006 52 24 dem,

37 1035 66 19 hvilka
127 1034 70 21 föreslå
219 1034 122 20 förestående
361 1034 183 25 sammandragning
564 1034 20 19 af
602 1033 26 20 de
648 1033 49 20 båda
717 1033 61 19 första

37 1067 60 13 mom.

92 1088 6 18 I
120 1088 141 25 sammanhang
282 1088 80 19 härmed
385 1087 29 19 får
436 1088 100 19 Utskottet
556 1086 108 24 hemställa,
688 1091 32 14 om
735 1085 43 19 icke

38 1114 109 19 Ständerne
161 1114 44 19 ville
219 1114 4 18 i
239 1103 58 31 deras
311 1114 133 25 underdåniga
459 1112 99 21 utlåtande
572 1113 4 19 i
591 1114 20 18 är
626 1102 45 30 ndet
686 1112 92 19 särskildt

37 1141 74 19 anhålla
132 1143 33 21 att,
190 1141 25 19 till
237 1140 160 31 undanrödjande
416 1128 21 32 at
453 1147 24 12 en
492 1145 69 14 annars
576 1139 91 25 möjligen
681 1139 97 25 uppkom-

38 1167 69 20 mande
123 1157 106 30 osäkerhet
243 1167 4 19 i
263 1167 149 25 tillämpningen,
428 1167 33 19 allt
476 1167 50 19 hvad.
542 1172 24 13 nu
576 1154 86 37 gällande
671 1165 107 20 författnin-

37 1199 34 20 gar
93 1193 70 26 stadga
185 1199 31 14 om
238 1195 117 18 försvarslös
373 1199 83 20 persons
474 1192 88 27 hysande
576 1181 37 30 och
628 1197 71 14 ansvar
713 1191 65 20 derför

37 1209 73 33 skulle,
134 1220 31 20 vid
186 1221 33 19 det
240 1221 148 26 ifrågavarande
404 1221 96 18 allmänna
514 1219 110 25 förordning
638 1219 95 24 utfärdas,
750 1220 30 17 ut-

39 1247 109 26 tryckligen
164 1240 123 32 upphälvas.

93 1279 95 25 Slutligen
208 1279 96 20 innebålla
322 1279 63 25 $$-46
398 1280 38 18 och
450 1281 24 18 47
490 1278 126 26 stadganden,
632 1278 50 19 huru
696 1278 83 19 förfaras

40 1307 35 19 bör
95 1306 45 19 med
160 1306 51 24 dem,
234 1306 73 25 hvilka,
325 1305 76 27 jemlikt
418 1311 25 14 nu
462 1294 87 37 gällande
564 1294 138 36 författningar,
718 1304 62 19 blifvit

41 1333 28 18 för
84 1322 152 29 försvarslöshet
250 1323 71 28 dömde
336 1333 25 18 till
377 1333 79 18 allmänt
462 1321 76 30 arbete
548 1331 22 25 på
581 1320 102 29 obestämd
697 1321 26 28 tid
733 1331 44 23 och,

40 1358 23 19 då
85 1359 38 18 den
187 1358 73 25 rdning,
283 1359 82 18 hvarom
386 1363 25 14 nu
433 1359 21 17 är
468 1357 60 25 fråga,
544 1356 66 21 träder
624 1357 4 18 i
645 1346 133 33 verksamhet,

40 1386 49 17 ännu
111 1384 45 19 icke
178 1383 33 20 fått
231 1385 44 19 viss
295 1383 95 21 arbetstid
411 1383 29 26 sig
457 1372 91 37 förelagd.
579 1383 26 19 Då
620 1383 37 18 den
672 1371 108 30 humanare

40 1411 115 25 grundsats,
172 1411 78 20 hvilken
265 1411 101 26 onekligen
380 1397 60 38 gjort
444 1410 28 25 sig
487 1398 87 37 gällande
588 1409 5 20 i
606 1408 125 21 merberörda
743 1409 37 18 för-

40 1438 175 26 fattningsförslag,
231 1438 62 20 skulle
308 1425 110 32 utsträckas
432 1426 66 30 ätven
503 1437 26 20 till
544 1437 51 24 dem,
612 1436 37 19 och
658 1435 24 20 då
694 1435 86 20 vilkoren
