989 1703
196 139 44 20 1632
411 138 71 22 Nådiga
494 138 140 22 Propositionen
647 137 37 17 N:o
696 136 28 18 49.

197 187 125 20 återbetalas.
351 187 29 20 Då
394 187 25 20 de
433 187 76 20 mindre
521 186 129 26 jordegarene
663 185 45 19 icke
722 186 58 19 hafva
794 188 28 16 att
836 186 57 18 vänta
906 185 30 24 sig

197 213 61 27 någon
273 214 61 20 fördel
349 214 20 19 af
381 214 53 19 detta
448 214 38 24 lån,
501 216 46 17 utan
562 212 65 20 måste
640 212 89 20 förblifva
742 212 5 19 i
758 211 33 20 sitt
802 211 87 26 eländiga
898 212 37 19 och

196 240 94 26 hjelplösa
305 241 44 24 läge
363 240 106 26 öfvergifna
483 240 21 19 af
516 240 43 24 alla,
574 239 22 20 så
614 239 57 20 torde
691 238 33 20 det
744 238 45 20 icke
810 243 47 23 vara
876 237 60 26 billigt

196 269 28 17 att
238 267 64 25 tvinga
317 267 45 20 dem
377 269 29 18 att
419 269 102 23 garantera
536 266 73 26 någons
623 265 37 25 län,
676 267 19 23 ty
717 265 34 19 det
772 264 40 20 står
832 270 20 19 ju
873 264 5 19 i
899 264 36 20 vär

195 293 36 26 lag,
249 296 27 16 att
290 293 37 20 den
343 299 42 14 som
400 293 73 20 ikläder
487 293 30 26 sig
531 293 150 25 ansvarigheten
696 292 29 18 för
739 291 81 24 skadan,
839 291 49 20 skall
909 291 27 19 äf-

195 325 39 14 ven
249 319 74 26 åtnjuta
337 320 115 20 fördelarna.
481 321 42 24 Nog
537 320 22 18 är
572 320 35 18 här
621 319 38 19 den
676 318 130 19 ansvarsfulla
827 317 61 20 lotten
906 323 31 14 er-

195 345 73 26 bjuden
282 345 21 20 ät
315 346 34 20 det
363 346 64 26 fattiga
442 346 66 24 folket,
525 351 45 14 men
585 344 120 21 beträffande
721 343 107 21 fördelarna
838 345 56 18 heter
903 344 34 19 det

196 373 5 19 i
217 373 10 24 $
241 373 10 19 3
267 373 20 18 af
301 374 132 24 reglementet,
450 375 27 17 att
491 373 45 25 den,
553 373 61 19 hvars
628 371 92 25 lägenhet
733 370 45 20 icke
794 371 4 18 i
813 370 61 21 värde
888 376 49 19 upp-

194 398 36 27 går
244 399 26 20 till
287 399 60 24 8,000
364 399 64 25 mark,
451 399 16 25 ej
488 399 38 20 kan
547 398 42 20 från
610 397 232 27 Hypotheksföreningen
864 396 73 21 erhålla

195 425 58 26 något
268 425 38 24 län,
323 426 92 20 hvarföre
427 426 31 25 jag
472 432 58 14 anser
544 425 34 20 det
592 425 59 25 billigt
668 430 53 18 vara,
741 426 28 17 att
788 423 39 20 den
848 424 89 25 fattigare

194 452 137 26 befolkningen
345 453 66 19 blefve
425 452 74 21 befriad
515 452 43 20 från
572 452 62 19 denna
648 452 73 24 garanti
739 451 47 19 eller
803 450 58 20 deras
882 451 35 19 lott
931 451 6 19 i

195 478 93 20 afseende
303 478 10 19 ä
327 479 42 20 Jäns
383 479 112 20 erhållande
509 479 106 20 likstälides
629 478 44 19 med
691 477 78 20 andras.
799 477 93 25 Slutligen
907 476 30 21 får

193 505 33 26 jag
240 505 71 24 erinra,
327 509 28 17 att
370 505 35 20 vär
419 507 94 19 allmänna
528 505 107 21 Statsbank
649 503 18 26 ej
687 503 24 26 pä
729 503 58 26 något
804 504 31 20 vis
856 503 32 20 mä
910 504 26 19 in-

195 532 81 20 blandas
291 533 47 19 eller
352 533 65 19 ställas
434 533 2 19 i
451 533 94 19 samband
560 532 45 20 med
620 532 87 25 garantin
722 531 29 19 för
772 531 61 19 Jenna
848 531 89 19 enskilda

195 559 61 25 Bank,
272 558 25 26 pä
312 558 34 20 Jet
359 561 28 18 att
401 558 43 20 icke
458 560 97 19 allmänna
569 558 89 20 krediten
668 557 114 25 Jerigenom
792 556 32 20 mä
833 558 103 19 förstöras.

398 727 93 20 Finlands
514 726 86 20 ständers
620 725 130 26 underdäniga
769 732 45 13 svar
833 725 12 20 &
865 725 24 20 1.
911 725 25 20 K.

332 755 39 20 M:s
409 755 62 26 Nädiga
492 756 129 25 proposition,
644 754 97 25 angäende
760 756 77 24 garanti
853 754 37 27 för
908 754 30 19 det

331 784 31 19 lån
378 784 217 26 Hypotheksföreningen
610 785 7 18 i
631 783 63 20 landet
707 784 83 19 kommer
804 785 28 17 att
846 782 11 20 å
868 783 69 19 utrikes

329 815 31 17 ort
373 815 92 23 upptaga.

243 857 140 22 (Sammansatta
397 859 45 16 stats
454 857 35 18 och
502 856 47 19 bank
554 852 111 31 -Utskottets
677 856 115 18 betänkande
804 857 35 17 N:o
856 858 26 18 1).

475 905 21 20 S.
511 904 25 21 A.
552 905 23 19 K.
590 910 19 13 o.
625 904 22 20 S.

246 958 64 19 Sedan
325 958 43 22 den,
385 957 24 25 pä
424 957 63 25 grund
501 958 21 19 af
535 957 57 24 nädig
607 957 113 20 Resolution
735 957 29 19 för
782 957 36 20 den
833 957 26 20 24
874 957 62 20 Okto-

193 984 35 20 ber
244 985 59 23 1860,
319 984 4 19 i
338 984 77 19 Finland
433 983 78 20 bildade
527 984 206 25 Hypotheksförening
754 983 5 20 i
780 983 156 26 underdänighet

194 1010 45 19 sökt
254 1011 37 18 och
306 1009 76 20 erhällit
397 1009 84 20 tillständ
497 1012 27 17 att
538 1010 5 18 i
559 1010 87 19 utlandet
659 1012 85 23 upptaga
760 1012 28 17 ett
799 1009 37 25 län,
848 1012 89 17 motsva-

193 1037 62 19 rande
269 1036 66 19 trettio
350 1036 88 24 miljoner
452 1036 63 24 mark,
531 1039 53 17 samt
597 1036 111 25 föreningen
723 1036 33 19 vid
770 1036 76 26 öppnad
864 1036 72 19 under-

193 1063 92 24 handling
299 1069 31 13 om
346 1061 52 20 lånet
412 1063 83 19 kommit
508 1063 5 19 i
528 1063 113 19 erfarenhet
657 1063 60 24 deraf,
737 1065 28 17 att
784 1062 25 20 de
830 1063 104 19 utländska

193 1090 123 23 bankirerne,
333 1089 4 19 i
352 1088 45 25 följd
413 1090 20 18 af
445 1089 58 20 deras
517 1089 134 25 obekantiskap
665 1089 45 19 med
725 1089 122 20 härvarande
862 1089 73 20 förhäl-

192 1116 76 24 landen,
285 1117 29 18 för
328 1115 134 26 uppfyllandet
482 1115 21 20 af
521 1115 134 20 länevilkoren
670 1115 91 20 fordrade
776 1121 23 14 en
820 1115 74 26 garanti
916 1116 21 19 af

192 1142 187 20 storfustendömets
393 1142 102 25 Regering,
512 1143 35 19 har
561 1142 91 20 bemälde
666 1141 86 26 förening
766 1143 37 19 hos
821 1143 23 19 E.
861 1143 23 19 K.
899 1143 37 19 M:t

192 1169 5 18 i
212 1168 154 25 unJerdänighet
380 1168 79 20 anhållit
473 1172 28 16 att
518 1175 24 13 en
563 1168 60 20 sådan
645 1169 74 24 garanti
740 1168 61 20 måtte
821 1169 113 25 föreningen

192 1195 90 24 beviljas.

245 1221 37 20 Vid
297 1220 63 21 skedd
374 1221 135 26 föredragning
523 1222 20 19 af
555 1221 53 20 detta
629 1222 79 24 ärende,
731 1223 35 18 har
786 1222 22 20 E.
828 1222 23 19 K.
873 1222 35 19 M:t
928 1223 5 18 i

191 1247 60 19 nåder
265 1250 65 16 ansett
344 1248 109 18 detsamma
468 1247 46 19 böra
529 1248 116 25 hänskjutas
662 1249 26 18 till
709 1248 116 19 ständernes
846 1249 88 24 pröfning

190 1274 104 18 äfvensom
309 1273 120 23 sedermera,
446 1273 5 19 i
467 1279 23 13 en
505 1274 105 19 ständerne
627 1273 11 19 å
653 1273 62 20 denna
735 1274 91 25 landwag
847 1274 86 25 förelagd

190 1299 57 25 nådig
270 1299 127 26 proposition,
424 1299 23 26 på
469 1299 41 20 deri
530 1300 80 19 anförde
631 1300 47 25 skäl,
702 1303 106 23 uppmanat
830 1300 106 21 ständerne

189 1329 28 16 alt
232 1326 29 19 för
276 1326 30 19 sin
321 1326 30 19 del
367 1325 69 26 bevilja
453 1327 224 26 hypotheksföreningen
692 1327 37 20 den
743 1327 112 26 ifrågasatte
866 1333 68 20 garan-

189 1353 26 19 tin
231 1355 52 17 samt
298 1355 27 17 att
340 1353 5 18 i
359 1353 52 19 detta
428 1353 111 20 hänseende
554 1354 57 20 äfven
633 1353 70 21 föreslå
723 1354 26 20 de
769 1355 106 19 kontroller
896 1356 37 18 och

189 1378 159 21 säkerhetsmätt
362 1380 105 20 sländerne
482 1380 65 20 kunde
561 1382 69 24 prötva
646 1386 45 14 vara
707 1381 95 26 behöflige
817 1383 37 19 och
874 1382 60 20 önsk-

190 1406 66 24 värda;
275 1407 90 19 hvarhos
379 1407 22 19 E.
418 1407 23 19 K.
457 1408 35 19 M:t
507 1408 82 26 behagat
602 1408 89 20 meddela
707 1408 105 20 ständerne
827 1411 27 17 att
868 1410 23 19 E.
907 1409 23 19 K.

187 1434 34 19 M:t
236 1434 46 20 icke
299 1434 88 23 allenast,
404 1434 3 19 i
423 1434 208 21 öfverensstämmelse
640 1435 45 20 med
696 1436 238 26 hypotheksföreningens
