981 1703
252 141 71 22 Nådiga
335 142 189 22 Propositionem:N:o
536 142 28 18 48.
739 143 43 18 1577

38 187 234 24 förhällande:till.feleis
287 191 46 20 eller.
347 191 121 20 förseelsens
482 194 30 17 art
526 192 37 19 och
577 191 146 25 beskaffenhet;
738 192 43 21 icke

38 223 35 13 ens
86 216 27 20 de
126 217 40 24 fall,
180 216 64 22 dä:en
260 217 84 20 tilldelad
360 219 73 24 husaga
447 218 49 20 inför
510 223 24 14 en
548 219 45 24 lugn
604 219 37 20 och
651 220 71 19 rättvis
731 220 52 25 pröf-

38 243 44 26 ning
104 244 51 19 visat
173 244 30 25 sig
216 243 115 27 fullkomligt
344 244 114 27 oförskylld,
474 245 56 19 torde
545 250 47 14 vara
606 245 23 19 sä
643 245 81 20 alldeles
738 246 45 20 säll-

38 273 64 22 syntä.=
132 271 34 19 Väl
182 272 36 18 har
231 271 40 19 det
281 271 72 20 funnits
368 271 57 24 tider,
442 271 24 20 då
480 271 25 20 de
519 271 69 25 fattige
600 272 116 19 arbetarene
730 273 5 18 i
749 273 34 20 all-

37 297 82 19 mänhet
140 297 37 19 och
199 296 101 26 tjenarene
316 297 5 19 i
337 299 107 24 synnerhet
458 296 83 27 ansägos
555 303 44 14 som
614 298 54 25 lägre
682 298 100 26 föraklliga

37 323 95 25 varelser,
149 324 66 19 hvilka
229 324 45 19 icke
291 323 62 20 borde
368 324 18 19 fä
402 323 73 25 ätnjuta
492 330 76 13 samma
583 325 71 19 sociala
668 325 115 25 rättigheter

37 354 44 15 som
95 349 32 25 de,
143 349 65 21 hvilka
223 349 18 26 ej
256 350 65 20 kunde
335 350 82 20 umbära
432 350 58 20 deras
504 350 84 20 biträde.
607 351 63 19 Dessa
684 351 58 24 tider,
758 351 24 20 dä

36 376 89 25 husagan
139 377 59 19 äfven
211 376 86 20 infördes
311 382 45 14 som
369 376 88 20 straffart
470 377 5 19 i
490 376 45 20 vårt
551 377 158 25 samhällsskick,
726 378 57 20 torde

36 408 27 13 nu
84 402 61 20 redan
159 402 19 20 få
193 408 59 15 anses
267 409 47 14 vara:
328 404 58 19 förbi.
415 404 43 19 Och
473 409 32 14 om
520 404 52 19 detta
588 404 120 20 förhållande
721 404 61 20 också

37 428 45 20 icke
96 429 32 19 fär
142 430 48 24 gälla
205 435 44 14 som
263 433 28 16 ett
305 430 105 25 afgörande
424 430 41 20 skäl
480 430 30 20 för
524 430 99 26 husagans
634 431 149 20 utmönstrande

35 461 25 13 ur
73 455 38 20 den
133 456 108 25 borgerliga
255 457 68 25 lagen,
344 456 22 20 sä
383 457 57 25 utgör
456 456 34 20 det
506 456 52 20 dock
575 463 24 13 en
612 457 55 25 giltig
680 457 61 19 orsak
755 460 28 17 att

35 482 45 20 icke
95 483 66 24 längre
177 483 90 25 ignorera
284 483 79 25 frägans
380 483 87 25 rättsliga
482 484 48 19 sida.
546 494 26 3 —
586 484 44 19 Men
644 488 45 15 man
704 484 36 19 har
754 484 28 19 äf-

35 514 39 14 ven
89 510 53 18 velat
156 509 5 19 i
175 510 88 24 husagan
277 510 75 25 inlägga
367 516 24 13 en
405 510 61 26 sedlig
480 510 110 26 betydelse,
607 511 5 18 i
627 510 33 19 det
674 515 44 15 man
732 516 51 20 upp-

35 536 55 19 fattat
104 536 39 20 den
157 541 44 15 som
215 539 28 17 ett
257 536 92 20 stundom
364 537 118 26 oumbärligt
497 536 66 21 medel
577 539 29 18 att
621 536 45 20 med
681 536 102 27 framgäng

34 563 96 20 handleda
152 562 89 25 tjenaren
258 564 26 19 till
305 563 87 26 ordning,
408 563 29 20 flit
451 564 38 19 och
502 563 60 21 andra
577 564 49 25 goda
642 563 65 20 seder.
736 564 53 20 Icke:

34 592 46 17 utan.
101 589 42 20 skäl
164 590 39 19 kan
219 590 41 25 det,
279 590 46 20 med
342 591 94 19 afseende
453 590 46 20 derä
514 592 28 17 att
556 590 129 20 förhållandet
699 591 82 19 emellan

34 616 119 20 husbonden
167 617 39 19 och
221 616 87 26 tjenaren
322 617 36 19 har
372 617 30 19 sin
416 617 62 25 grund
492 617 4 19 i
512 619 28 17 ett
553 616 41 19 fritt
608 616 46 20 aftal
669 623 32 13 om
716 623 25 14 en
754 617 29 19 in-

36 642 119 21 skränktare
173 644 46 19 eller
233 643 147 20 vidsträcktare
392 643 173 26 tjenstskyldighet
573 644 39 19 och
622 643 108 26 ersättning
739 643 44 20 der-

35 670 35 24 för,
87 669 131 26 ifrägasättas,
235 675 32 14 om
282 669 119 20 husbonden
416 671 101 23 verkligen
530 672 22 17 är
561 670 109 25 berättigad
680 671 38 18 och
727 670 56 25 skyl-

35 695 32 25 dig
83 698 29 17 att
128 696 103 25 uppfostra
248 695 89 25 tjenaren
354 696 120 20 annorlunda
488 698 24 18 än
527 701 72 20 genom
613 698 45 23 eget
671 696 47 25 godt
732 696 51 20 före-

35 722 58 20 döme
112 723 38 19 och
169 723 53 19 hvad
235 722 77 26 han:pä
327 723 64 20 denna
406 724 37 24 väg
457 722 37 20 kan
509 723 79 19 uträtta.
618 722 129 26 Obestridligt
760 724 22 18 är

35 748 34 20 det
89 749 96 25 deremot,
208 752 28 16 att
257 752 42 16 tron.
317 749 24 25 pä
362 750 101 24 husagans
483 749 121 24 osviklighet
625 749 67 19 såsom:
712 749 71 25 uppfo-

35 775 140 25 stringsmedel
190 776 38 19 och
243 776 26 20 till
285 776 37 19 och
337 776 46 20 med
397 775 24 26 pä
436 776 47 19 dess
497 774 187 27 ändamälsenlighet
695 775 26 26 pä
729 776 54 25 längt

35 803 36 19 när
84 802 46 19 icke
144 808 55 14 mera
213 804 22 18 är
249 801 22 21 så
281 803 74 19 allmän
371 808 44 14 som
429 804 30 18 för
468 802 58 26 några
537 802 100 20 årtionden
648 802 85 20 tillbaka.
753 803 29 19 Al

36 834 35 20 aga
86 828 35 26 går
135 829 5 19 i
155 830 60 18 första
231 832 87 17 rummet
332 832 21 16 ut
367 828 24 26 pä
406 831 28 17 att
448 830 37 18 hos
499 829 38 20 Jen
552 829 62 25 agade
628 828 63 26 injaga
703 829 79 19 fruktan

36 856 28 19 för
84 856 34 19 det
138 856 112 26 kroppsliga
272 856 84 26 lidande,
376 861 46 14 som
435 858 21 17 är
470 856 34 19 det
517 856 121 25 väsendtliga
652 856 6 19 i
673 861 54 20 agan,
744 856 39 20 och

36 881 67 27 vädjar
117 882 83 20 sälunda
214 883 27 20 tili
256 884 38 19 den
308 883 61 25 lägsta
384 883 20 19 af
416 883 26 19 Je
455 882 85 25 lidelser,
557 888 44 14 som
615 882 115 20 menniskan
745 883 38 19 och

36 908 64 26 djuret
115 910 58 19 hafva
187 915 154 20 gemensamma.
372 910 53 24 Agan
439 909 54 20 visar
508 910 30 24 sig
552 909 79 20 derföre
645 914 45 14 som
701 915 26 13 en
736 908 48 21 nöd-

36 935 107 27 fallsutväg,
168 936 119 20 förbehållen
308 936 29 19 för
354 936 38 20 den
410 935 52 20 ålder
478 936 6 19 i
498 936 128 20 menniskans
641 936 26 22 lif,
683 934 25 20 då
723 936 60 25 insig-

36 962 56 20 ten
75 958 23 35 "i
114 962 33 20 det
165 962 60 26 godas
241 962 99 20 företräde
353 965 54 17 ännu
420 962 44 20 icke
480 962 35 20 kan
530 962 25 26 pä
570 962 159 26 öfvertygelsens
745 964 37 24 väg

36 990 107 24 bibringas.
173 990 77 19 —Anlitad
271 990 5 18 i
297 995 24 13 en
339 990 85 19 sednare
438 988 60 26 ålder,
515 989 61 20 dödar
590 994 48 20 agan
653 989 32 19 det
699 989 82 19 medve-

37 1016 57 19 tande
109 1016 22 19 af
147 1020 44 21 eget
209 1016 173 24 menniskovärde,
401 1021 45 14 som
463 1016 29 19 för
506 1021 23 13 en
549 1015 89 24 varaktig
652 1015 75 18 sinnets
744 1016 39 17 för-

37 1041 83 26 bättrnig,
132 1044 22 17 är
168 1042 116 25 oumbärlig,
303 1045 52 16 samt
372 1041 55 20 föder
441 1042 6 19 i
460 1042 66 19 stället
540 1041 89 26 hyckleri
645 1041 48 20 eller
707 1041 76 19 förhär-

37 1068 55 20 delse
106 1069 38 18 och
159 1063 151 34 åstadkommer.
317 1067 86 24 sålunda
420 1073 23 14 en
458 1069 80 24 verkan,
555 1068 80 19 alldeles
649 1070 81 17 motsatt
744 1067 37 20 den

37 1094 94 27 åsyftade.
161 1095 109 26 Sanningen
284 1096 6 19 i
304 1095 58 19 dessa
378 1095 150 26 anmärkningar
542 1095 56 19 torde
613 1093 17 20 få
644 1097 80 26 antagas
733 1094 49 25 ligga

38 1121 26 20 för
78 1123 64 24 öppen
157 1122 44 26 dag.
231 1121 42 20 Och
285 1122 134 25 lagstiftarens
434 1121 112 26 skyldighet
560 1124 28 16 att
602 1121 52 18 inom
669 1127 24 13 en
703 1126 42 13 viss
755 1120 27 20 äl-

38 1147 31 21 der
84 1149 96 26 begränsa
195 1148 240 26 husagans:användande
450 1154 44 14 som
508 1147 199 26 uppfostringsmedel
722 1147 60 20 fram-

38 1174 39 20 står
91 1175 21 20 så
129 1176 82 25 mycket
225 1175 158 26 oeftergifligare,
399 1180 43 14 som
458 1175 4 19 i
477 1175 88 24 husagan
580 1175 67 25 sällan,
663 1180 32 14 om
709 1173 73 26 någon-

38 1203 35 23 sin,
91 1201 55 27 ingår
160 1202 38 20 den
216 1202 183 23 inbördes:-kärlek,
419 1208 43 12 som
477 1202 84 20 förädlar
575 1201 134 25 föräldraagan
724 1200 38 20 och
778 1201 4 19 i

38 1228 60 26 nägon
113 1228 46 20 män
173 1228 76 21 förmår
263 1228 50 21 hålla
327 1228 25 20 de
367 1228 69 25 vädor,
452 1234 44 14 som
513 1228 54 20 detta
581 1227 200 26 uppfostringsmedel

38 1255 111 25 innesluter,
166 1256 120 25 aflägsnade.
315 1256 42 18 Den
372 1254 196 26 sjelfbeherrskning;
585 1260 43 14 som
643 1254 69 19 fadren'
727 1259 53 19 eger,

38 1280 105 22 återfinnes
164 1282 45 20 icke
229 1283 61 19 heller
307 1282 54 20 alltid
376 1282 37 19 hos
428 1281 122 21 husbonden.
566 1292 25 2 —
606 1280 176 25 Undersökningen

39 1309 33 19 har.
89 1308 78 21 således
183 1310 40 18 ledt
239 1308 70 25 dertill,
328 1310 27 18 att
373 1310 87 23 husagan
474 1308 80 20 alldeles
568 1307 43 20 icke
627 1307 38 20 kan
679 1308 103 18 försvaras

39 1340 20 13 ar
75 1336 75 24 rättslig
167 1335 101 25 synpunkt
284 1336 39 17 och
340 1334 69 19 endast
423 1336 25 17 till
463 1334 26 18 en
501 1335 43 18 viss
558 1334 47 24 grad
620 1340 23 12 ur
654 1334 66 24 sedlig
734 1338 47 20 syn-

39 1361 65 24 punkt.
134 1362 34 18 Ätt
182 1361 5 18 i
201 1360 106 20 allmänhet
321 1360 110 19 bestämma
446 1360 37 19 den
498 1359 60 24 ålder,
575 1360 53 18 inom
641 1359 79 18 hvilken
734 1359 48 18 -hus-

39 1392 45 21 agan
104 1387 40 19 kan
165 1392 60 20 gagna.
243 1386 61 20 såsom
316 1388 36 17 -ett
365 1385 159 26 ändamålsenligt
538 1384 205 30 uppiostringsmedel,
759 1385 22 18 är

40 1413 90 26 omöjligt.
161 1414 39 19 Hos
216 1413 39 20 den
272 1412 150 21 ena*individen
439 1412 129 26 upphör'den
581 1412 93 25 böjlighet
688 1417 5 13 i
708 1413 71 28 sinnet;

40 1441 122 20 avarförutan
178 1441 86 25 husagan
279 1440 44 20 icke
337 1439 75 20 förmår
422 1433 70 38 utöfva
504 1442 34 17 'ett
552 1439 62 26 dylikt
627 1437 114 28 inflytande;
757 1440 23 17 ti-
