992 1709
200 147 45 21 1398
415 146 71 22 Nådiga
497 147 141 23 Propositionen
650 146 37 17 N:o
698 145 30 17 42.

255 197 65 19 Sedan
340 196 165 20 Landtständerna
525 196 47 25 tagit
592 194 140 29 ofvanstäende
748 194 66 26 frågor
829 194 6 19 i
852 194 91 28 öfvervä-

203 222 64 26 gande
281 224 38 18 och
333 228 32 14 om
379 223 47 19 dem
440 223 29 25 sig
479 226 67 22 yttrat,
559 222 31 20 vill
604 222 63 20 Hans
681 221 132 29 Kejserliga
827 221 115 29 Majestät,

203 249 46 20 med
262 249 94 20 afseende
369 248 11 20 ä
395 249 60 19 dessa
470 250 103 24 yttranden
590 249 39 19 och
644 248 51 21 hvad
710 247 191 25 omständigheterna
915 247 29 19 för

203 275 57 27 öfrigt
273 276 84 25 påkalla,
373 278 90 17 närmare
477 275 129 20 förordnande
621 275 115 19 härutinnan
750 274 97 20 meddela.

416 328 63 26 Enligt
500 330 60 18 Hans
580 327 128 25 Kejserliga
728 326 123 26 Majestäts
871 325 75 27 Nådiga

347 355 112 25 befallning,
481 356 66 26 gifven
568 356 4 18 i
594 354 105 25 Tsarskoje
716 354 45 20 Selo
776 353 37 21 den
827 354 25 18 20
867 353 44 20 Juni
927 353 18 25 (2

346 382 45 24 Juli)
407 381 59 21 1863.

470 444 73 18 Alex.
557 442 124 19 Armfelt.

676 513 20 18 A.
709 513 27 18 W.
748 512 132 19 Wallensköld.

409 690 306 23 Ekonomie-utskottets
730 689 167 23 betänkande
912 688 38 24 N:o

341 718 20 28 8,
382 718 9 23 i
410 719 120 27 anledning
549 719 25 22 af
590 719 73 22 Hans
683 718 166 28 Kejserliga
866 718 82 28 Maje-

342 747 70 22 stäts
427 746 83 29 Nädiga
525 748 144 28 proposition,
686 746 112 28 angående
813 747 100 27 lindring
929 746 26 23 af

340 775 132 29 jordägares
493 775 129 29 skyldighet
642 776 36 22 till
697 774 179 30 hällskjutsning
894 775 57 22 samt

343 804 52 27 väg-
411 804 40 22 och
466 804 151 29 brobyggnad.

260 858 65 21 Ibland
343 859 25 20 de
385 859 141 26 skyldigheter,
546 866 43 13 som
606 859 5 19 i
626 859 54 21 äldre
695 859 50 20 tider
758 859 56 26 älägo
827 859 40 19 den
882 859 70 20 odlade

206 884 82 25 jordens
305 886 134 24 innehafvare,
458 892 35 13 var
508 887 58 19 äfven
580 886 89 25 gästning
683 886 39 18 och
736 886 117 24 skjutsning.
884 886 68 20 Denna

207 911 111 26 skyldighet
336 912 70 19 bestod
424 912 42 19 deri
483 915 27 17 att
527 914 176 24 hemmansägaren
722 912 65 19 mäste
800 913 53 18 förse
868 912 85 20 resande

209 936 17 26 ej
241 938 80 20 allenast
335 938 46 20 med
395 939 97 25 herberge
506 940 39 19 och
560 942 46 22 mat,
623 942 45 16 utan
683 938 44 25 ock,
744 944 32 15 om
790 938 86 20 resande
885 938 18 26 ej
915 939 38 19 fär-

207 963 63 21 dades
291 964 46 20 med
358 970 49 20 egen
428 966 53 25 häst,
497 965 77 25 skjutsa
590 966 72 19 honom
676 964 60 27 nägot
750 966 71 25 stycke
835 967 37 23 väg
887 965 20 19 ät
921 965 33 20 Jet

208 990 46 23 håll,
270 991 28 19 dit
312 992 38 19 han
363 991 73 20 ärnade
451 992 35 26 sig,
502 994 38 18 och
554 992 33 20 allt
601 992 53 19 Jetta
668 994 46 17 utan
729 992 104 25 betalning.
863 992 8 19 I
884 991 68 26 början

208 1017 56 21 torde
274 1018 68 19 denna
352 1018 21 19 af
380 1018 95 25 allmogen
485 1019 85 25 frivilligt
580 1018 67 26 ätagna
658 1018 112 27 skyldighet
780 1018 16 25 ej
807 1018 85 20 medfört
907 1024 47 20 syn-

208 1044 71 26 nerliga
300 1045 133 25 olägenheter,
456 1046 52 20 helst
528 1046 24 20 de
573 1045 94 19 resandes
685 1046 51 19 antal
751 1045 65 19 måste
830 1045 58 19 hafva
903 1045 52 20 varit

208 1070 117 26 obetydligt,
348 1077 46 13 men
416 1072 5 18 i
442 1072 82 25 längden
545 1072 41 20 blef
605 1072 38 19 den
656 1072 5 18 i
676 1073 39 23 hög
730 1072 47 25 grad
791 1072 110 26 tryckande
915 1072 38 19 och

209 1097 73 26 olidlig,
304 1097 117 27 isynnerhet
435 1099 113 25 derigenom
561 1101 28 16 att
603 1104 95 19 personer
711 1098 87 20 hörande
812 1098 26 19 till
851 1098 27 20 de
892 1099 61 25 högre

209 1123 102 21 klasserna
325 1124 39 19 ofta
378 1124 91 20 färdades
484 1125 45 20 med
544 1128 49 16 stort
607 1124 51 25 följe.
678 1126 75 20 Genom
768 1124 10 26 $
792 1126 12 18 4
817 1125 5 19 i
832 1124 121 20 Alsnö-stad-

208 1155 37 20 gan
259 1150 21 20 af
292 1149 22 21 år
329 1151 51 19 1285
390 1151 126 20 förändrades
526 1152 53 19 detta
589 1150 119 21 förhållande
733 1152 7 18 I
751 1152 58 18 hvart
819 1152 60 19 härad
889 1151 64 20 skulle

209 1176 177 26 häradshöfdingen
401 1178 92 19 förordna
504 1180 78 21 rättare,
595 1178 65 19 hvilka
670 1178 62 20 borde
741 1177 20 19 ät
770 1178 24 19 de
805 1178 85 19 resande
899 1180 54 17 emot

209 1202 97 26 betalning
320 1203 87 21 anskaffa
421 1204 52 20 hvad
487 1205 61 19 desse
562 1204 90 20 behö(de.
677 1204 50 20 Från
737 1204 108 25 betalnings
855 1205 99 25 erläggan-

209 1229 25 19 de
248 1234 48 14 voro
310 1229 51 20 dock
376 1230 25 20 de
414 1231 131 25 undantagne,
562 1236 44 14 som
620 1231 78 26 styrkte
712 1232 30 24 sig
756 1236 45 14 resa
816 1231 5 19 i
837 1230 116 26 konungens

209 1255 39 18 och
262 1256 62 18 rikets
338 1257 91 19 ärender.

263 1282 8 18 I
291 1281 84 25 enlighet
396 1283 82 19 härmed
497 1283 103 19 utkommo
620 1284 64 18 under
701 1284 24 18 de
742 1286 30 16 tre
787 1282 83 26 följande
885 1283 68 19 seklen

209 1306 49 20 flere
272 1307 133 27 författningar
418 1308 134 21 innehållande
567 1311 91 19 närmare
672 1309 103 20 bestämda
790 1310 77 26 stadgar
877 1315 33 13 om
920 1310 34 20 be-

209 1334 118 26 fogenheten
342 1338 27 16 att
383 1335 72 22 erhålla
470 1336 23 19 fri
507 1336 65 26 skjuts
586 1338 38 19 och
639 1336 100 26 förtäring,
756 1339 51 17 samt
821 1337 4 19 i
841 1336 66 20 hvilka
921 1336 31 20 fall

209 1361 39 20 och
262 1360 26 20 till
304 1362 51 20 hvad
370 1362 71 26 belopp
456 1362 98 26 betalning
563 1364 67 20 derför
638 1364 62 20 borde
710 1364 95 25 erläggas.
826 1364 57 20 Bland
893 1363 59 20 dessa

206 1388 138 25 författningar
357 1388 32 20 må
403 1391 82 21 nämnas
499 1390 68 20 endast
580 1391 69 25 Kongl.
665 1393 87 23 patentet
766 1391 21 19 af
798 1391 38 20 den
847 1391 25 20 28
881 1390 72 20 Janua-

209 1414 16 21 ri
245 1414 62 26 4572,
330 1416 127 26 hvarigenom
471 1417 61 19 första
545 1418 75 26 gången
635 1418 113 20 bestämdes
762 1420 28 17 att
804 1418 29 20 för
848 1424 23 13 en
885 1417 68 21 måltid

209 1444 41 22 mat
264 1442 63 20 skulle
341 1442 25 26 på
379 1443 215 27 gästgifvaregärdarne
608 1444 76 21 betalas
698 1447 31 17 tre
743 1445 34 20 öre
787 1446 38 18 och
833 1445 30 20 för
873 1451 25 14 en
908 1445 45 21 häst
