992 1700
253 144 72 23 Nådiga
336 146 140 22 Propositionen
490 145 35 18 N:o
537 146 27 17 41.
738 145 44 19 1387

178 209 189 25 Landtdagsman
381 210 80 19 Klami.

89 246 53 20 Enär
156 247 122 25 pluraliteten
291 248 52 18 inom
353 248 103 23 utskottet,
467 247 51 20 efter
526 247 139 20 diskussionen
676 254 32 13 om
717 254 60 14 mom.

37 273 18 24 a)
71 274 5 18 i
91 273 74 20 Nådiga
179 273 158 26 propositionens
349 275 12 17 4
374 274 71 24 punkt,
462 273 80 20 beslutit
556 275 28 18 att
598 273 66 20 såsom
678 274 102 25 förbjudna

37 284 136 44 fiskebragder
187 300 36 19 bör
237 305 68 14 anses:
325 301 60 22 «Not,
402 305 44 14 som
460 302 22 17 är
496 299 21 20 så
532 299 89 24 inrättad,
637 303 28 16 att
679 301 47 20 dess
740 307 40 14 ma-

37 325 47 20 skor
99 325 32 20 vid
145 325 100 27 nyttjande
261 327 35 18 tätt
310 326 172 25 sammandragas,
500 326 84 19 likasom
597 326 38 19 den
650 332 16 14 s.
683 327 19 20 k.
719 329 60 24 ryska

36 355 80 19 noten,»
135 351 21 20 så
174 352 64 19 måste
250 351 33 27 jag
297 357 104 14 reservera
416 353 39 24 mig
469 355 53 17 emot
537 353 131 24 pluralitetens
682 353 6 20 i
703 354 76 19 utskot-

36 380 28 17 tet
77 378 87 26 mening,
180 378 121 20 alldenstund
316 379 105 19 maskorna
432 379 5 19 i
447 379 25 19 de
482 378 22 20 sä
513 378 77 20 kallade
600 379 60 26 ryska
670 383 80 16 notarna
761 379 17 26 ej

37 405 52 20 alltid
104 405 160 26 sammandragas
278 405 38 20 lika
330 407 42 23 tätt,
389 407 46 18 utan
449 405 161 25 sammanuragas
624 405 25 20 de
663 406 5 19 i
679 405 67 26 hvarje
757 407 21 19 sä

36 431 64 20 kallad
116 431 50 26 "rysk
183 434 35 17 not
235 431 60 25 olika,
314 432 33 19 allt
363 431 94 20 eftersom
472 430 69 26 hvarje
555 434 33 17 not
602 433 21 18 är
637 433 80 20 försedd
732 433 46 20 med

36 459 38 18 fast
88 458 48 19 eller
150 459 29 18 lös
194 458 47 20 teln.
271 459 43 18 Den
328 459 39 19 fast
381 459 76 19 telnade
472 458 59 27 ryska
550 461 69 17 notens
633 460 79 18 maskor
728 465 51 14 sam-

35 484 118 25 mandragas
168 485 61 19 under
244 485 115 26 notdrägten
373 487 69 18 nästan
457 485 122 26 fullkomligt,
595 491 45 14 men
652 485 38 20 den
700 486 80 20 alldeles

37 511 37 19 löst
89 511 77 20 telnade
183 511 61 26 ryska
261 514 70 17 notens
348 511 89 20 förblifva
454 513 87 24 öppnare
556 513 23 18 än
594 511 62 26 någon
669 513 53 18 finsk
735 516 45 16 nots

36 538 82 19 maskor
132 537 65 20 kunna
212 537 67 21 blifva.
308 539 28 26 Ty
350 539 25 19 de
389 539 61 25 ryska
464 542 80 16 notarna
558 538 72 26 knytas
645 539 44 20 med
704 540 76 24 glesare

36 565 88 23 maskor,
140 566 25 18 än
179 565 24 19 de
217 564 63 21 finska
295 568 80 17 notarna
389 565 38 19 och
441 567 34 18 äro
485 565 77 20 derföre
572 565 56 20 äfven
639 565 93 26 billigare.
751 566 29 20 Då

37 597 25 13 nu
83 591 135 25 pluralitetens
237 592 6 19 i
263 591 97 20 utskottet
376 592 58 19 ofvan
451 591 112 25 åberopade
576 591 122 21 betänkande
713 592 67 20 stöder

36 618 29 25 sig
78 617 24 26 på
120 624 24 13 en
160 618 20 19 så
195 618 54 19 oklar
264 618 121 25 bestämning
400 620 34 22 att,
451 618 63 20 såvidt
527 617 33 26 jag
575 618 37 19 kan
627 618 51 24 fatta,
696 618 32 19 det
738 618 42 20 blif-

37 650 35 13 ver
87 643 87 26 omöjligt
188 645 29 18 för
231 644 75 20 enhvar
319 647 28 17 att
361 645 52 19 helst
427 645 81 25 ungefär
522 644 104 25 uppskatta
639 645 26 20 till
677 646 50 18 huru
737 645 42 19 små

37 671 99 19 utskottet
156 671 6 18 i
183 671 33 20 sitt
237 671 123 20 betänkande
381 671 52 19 velat
454 671 109 20 bestämma
578 670 25 20 de
613 668 167 29 'sammandragna

37 698 113 24 maskorna,
167 696 21 21 så
203 697 64 21 måste
280 697 33 30 jag
326 697 24 26 på
365 698 33 19 det
412 697 134 20 bestämdaste
560 698 60 19 uttala
632 698 40 24 mig
682 699 96 24 deremot,

36 723 25 26 på
76 724 34 19 det
124 723 149 26 lagstadgandet
287 730 17 19 ej
319 725 40 18 helt
373 725 38 18 och
425 723 60 21 hållet
501 723 61 20 måtte
577 724 59 19 blifva
649 724 99 20 beroende
763 725 19 19 af

36 751 38 18 den
89 756 83 19 persons
187 751 106 25 godtycke,
308 756 44 21 som
367 752 47 24 äger
428 753 28 16 att
472 751 48 18 vaka
534 751 57 19 öfver
600 751 48 19 dess
658 751 120 19 efterlefnad.

36 777 56 19 Detta
113 777 139 25 lagstadgande
271 777 37 20 blir
325 777 99 20 beroende
441 778 20 18 af
473 777 37 20 den
524 782 84 20 persons
622 777 100 25 godtycke
736 783 44 14 som

36 805 47 23 äger
104 805 28 18 att
154 804 49 19 vaka
225 804 56 19 öfver
301 803 46 20 dess
365 803 115 20 efterlefnad
494 803 91 25 sålunda,
600 806 29 17 att
643 805 38 18 han
695 804 37 19 kan
747 805 34 19 be-

37 830 65 19 straffa
118 830 38 19 den
171 829 82 26 fiskare,
270 830 79 20 hvilken
364 831 97 24 begagnar
475 836 23 13 en
513 833 39 23 not,
569 830 5 19 i
588 830 78 20 hvilken
676 831 106 19 maskorna

37 857 160 25 sammandragas
218 855 69 22 såsom
301 857 5 19 i
320 856 38 20 den
373 856 100 20 såkallade
487 857 59 26 ryska
561 859 69 22 noten,
646 857 44 19 icke
704 857 78 20 derföre

37 886 27 16 att
82 883 74 20 dennes
173 885 34 18 not
224 883 63 20 skulle
302 888 45 14 vara
362 883 110 26 skadligare
487 883 28 20 för
529 882 112 26 smäfisket,
656 885 24 17 än
694 884 38 19 den
747 883 35 20 fin-

36 910 36 19 ska
90 912 69 22 noten,
175 913 46 17 utan
237 910 69 20 endast
319 909 20 20 af
352 909 33 20 det
399 910 48 23 skäl,
464 912 27 17 att
504 911 49 18 hans
567 912 34 17 not
615 910 43 19 icke
673 911 21 18 är
709 909 21 20 sä
746 911 36 18 tätt

37 936 80 26 knuten,
134 937 38 19 och
185 939 28 17 att
227 942 44 14 man
285 936 63 19 Jertill
364 936 43 19 icke
422 936 85 19 användt
520 936 38 19 lika
572 936 81 26 mycket
662 936 70 25 hampa
743 937 38 19 och

38 963 68 20 arbete
120 969 44 13 som
179 963 26 20 till
220 963 37 20 den
272 962 98 21 såkallade
385 963 62 18 finska
461 966 65 16 noten.
544 962 137 20 Pluralitetens
691 963 4 18 i
706 963 77 19 utskot-

38 992 27 17 tet
87 990 122 19 betänkande
229 995 35 20 ger
285 989 102 25 anledning
401 991 27 17 att
443 989 95 24 förmoda,
556 988 75 21 hvilket
644 989 61 20 ocksä
720 991 22 17 är
756 989 28 19 öf-

39 1016 196 19 verensstämmande
250 1016 45 19 meu
305 1016 33 19 det
348 1015 84 20 faktiska
442 1015 134 24 förhällandet,
589 1018 27 17 att
625 1016 96 19 utskottet
731 1016 52 19 velat

38 1041 91 26 förbjuda
145 1043 34 19 alla
194 1042 99 20 såkallade
307 1042 59 26 ryska
382 1045 61 21 notar,
459 1043 62 18 ehuru
536 1041 58 20 dessa
613 1042 28 19 för
656 1042 74 20 fiskens
745 1043 38 18 för-

38 1068 76 19 ökande
135 1067 88 21 medföra
240 1068 39 20 lika
295 1068 55 25 ringa
369 1068 61 20 vädor
444 1068 29 20 för
488 1067 84 20 fiskaren
587 1070 33 18 äro
637 1069 43 19 vida
695 1069 88 25 billigare

39 1095 38 19 och
92 1095 56 20 likväl
163 1095 37 20 lika
215 1094 105 27 gagneliga,
337 1100 43 14 som
394 1094 64 25 någon
472 1094 51 20 finsk
537 1098 34 16 not
584 1094 38 20 kan
633 1100 53 14 vara.
702 1096 36 24 Jag
746 1096 36 18 har

39 1122 63 19 under
117 1121 139 20 diskussionen
271 1121 91 20 förfäktat
376 1121 38 20 den
429 1121 50 26 åsigt
493 1124 27 17 att
534 1126 24 14 en
574 1122 29 19 väl
618 1121 57 26 gjord
688 1122 50 25 rysk
750 1124 34 17 not

39 1148 71 20 blifver
124 1148 34 25 3/,,
172 1149 85 25 billigare
272 1150 24 18 än
310 1154 24 14 en
349 1149 37 18 lika
401 1151 42 16 stor
456 1148 51 20 finsk
522 1151 32 16 not
567 1149 37 18 och
613 1148 26 26 pä
649 1154 75 19 samma
733 1147 51 26 gång

39 1175 77 19 medför
130 1175 37 20 lika
183 1175 53 26 ringa
251 1175 70 24 vädor,
338 1175 29 19 för
380 1175 76 19 fiskens
471 1175 106 19 förökande
590 1181 46 14 som
648 1181 24 14 en
682 1175 50 19 finsk
742 1177 40 22 not,

40 1203 35 18 när
92 1201 39 20 den
149 1202 71 25 knytes
238 1201 103 26 längsmed
355 1204 65 17 noten.
452 1202 39 19 Den
504 1201 62 26 ryska
580 1205 69 16 notens
664 1201 65 26 billiga
743 1201 41 25 pris

40 1229 69 18 härrör
129 1227 57 20 deraf
201 1231 28 16 att
245 1228 39 19 Jen
301 1228 38 19 kan
353 1229 50 18 efter
417 1228 131 25 godfinnande
562 1228 72 26 knytas
648 1228 46 20 med
708 1229 76 24 glesare

40 1255 88 24 maskor,
144 1255 78 20 hvilkas
241 1254 184 26 sammandragning
439 1255 19 20 d.
475 1261 20 13 v.
510 1260 18 14 s.
544 1255 53 25 ringa
607 1255 47 20 vidd
663 1255 122 19 bestämmes

40 1281 33 20 vid
94 1281 109 25 telningen,
227 1281 104 20 hvaremot
349 1281 117 20 maskornas
487 1281 72 20 storlek
577 1280 5 20 i
597 1281 38 20 den
649 1281 64 20 finska
727 1283 59 18 noten

41 1309 123 18 bestämmes
183 1308 32 19 vid
232 1308 121 25 knytningen
372 1308 38 19 och
427 1307 35 20 bör
479 1308 64 19 denna
560 1307 78 20 derföre
655 1309 71 24 knytas
740 1307 45 20 vida

42 1336 62 17 tätare
119 1336 24 17 än
158 1334 37 19 den
210 1335 61 24 ryska
286 1337 63 20 noten,
366 1334 79 19 hvartill
461 1334 53 25 åtgår
524 1339 55 13 mera
590 1335 71 24 hampa
672 1335 38 17 och
719 1333 67 20 arbete

42 1360 38 19 och
96 1360 69 19 blifver
180 1359 78 21 således
273 1360 78 25 dyrare.

98 1387 110 18 Utskottets
223 1386 98 26 pluralitet
335 1386 35 19 har
384 1386 5 18 i
404 1386 94 19 åfseende
512 1385 10 20 å
535 1388 71 17 notens
616 1385 144 26 förfärdigande
769 1385 17 25 ej

44 1414 53 19 velat
112 1413 86 19 beräkna
214 1415 69 18 notens
297 1412 48 26 pris,
361 1413 63 19 ehuru
439 1412 128 21 förhållandet
580 1412 83 21 emellan
677 1412 38 21 den
728 1413 60 26 ryska

44 1440 39 19 och
97 1439 64 21 finska
175 1442 59 17 noten
249 1440 4 19 i
268 1438 94 21 medeltal
373 1441 22 18 är
409 1445 43 14 som
468 1440 11 19 7
494 1439 25 20 till
535 1439 31 20 40.
596 1439 37 20 Om
648 1445 46 14 man
709 1439 79 20 således

710 1473 31 15 87*
