998 1709
201 152 46 18 1366
417 152 71 22 Nädiga
500 153 141 23 Propositionen
653 152 37 17 N:o
702 152 28 17 40.

201 207 24 13 ne
238 202 53 19 dock
304 204 67 17 ansett
384 202 30 24 sig
428 208 35 18 ega
478 202 39 20 skäl
533 202 26 19 till
575 201 59 26 nägra
649 201 154 25 anmärkningar,
814 201 67 20 hvilka
891 203 53 19 stän-

201 228 60 19 derne
274 227 79 26 utbedja
367 228 29 25 sig
411 228 18 19 få
444 229 35 18 här
493 228 107 20 nedanföre
613 228 6 19 i
632 227 156 26 underdänighet
802 228 113 20 framställa.

254 264 82 18 Första
350 263 88 25 punkten
452 263 4 19 i
474 263 147 25 propositionen
639 262 105 21 innehäller
758 266 29 16 att
800 263 25 19 de
838 264 51 19 olika
903 264 41 25 slag

201 290 21 18 af
237 289 106 25 villebråd,
362 295 44 13 som
423 290 120 19 förekomma
560 290 5 18 i
583 289 71 25 landet,
670 290 55 19 skola
739 290 85 19 fördelas
839 290 5 18 i
858 293 31 16 tre
903 291 42 19 sär-

202 316 62 19 skilda
279 316 84 19 klasser.
384 316 93 19 Grunden
492 316 29 20 för
535 316 63 19 denna
612 316 98 25 indelning
724 317 21 18 är
761 316 79 19 hemtad
855 316 43 19 från
909 316 36 20 den

201 342 114 26 betydelse,
330 342 25 20 de
369 342 51 20 olika
434 342 113 26 djurslagen
565 348 35 19 ega
615 342 5 19 i
638 343 37 18 och
690 343 29 19 för
733 342 37 20 den
785 342 100 20 enskildes
899 344 48 18 hus-

202 368 93 26 hållning,
311 369 38 19 och
363 370 4 18 i
383 368 62 20 denna
459 369 31 19 del
505 369 52 19 finna
572 368 108 20 Ständerna
691 369 46 19 intet
746 371 28 17 att
785 369 106 23 anmärka;
901 374 45 14 men

202 394 69 26 sjelfva
286 395 142 25 fördelningen,
444 394 60 21 sådan
519 395 37 20 den
571 395 36 19 här
619 396 131 24 genomförts,
767 396 57 18 hafva
842 396 107 19 ständerne

201 421 44 20 icke
266 422 73 19 kunnat
356 422 6 19 i
380 422 37 19 allo
434 422 111 26 godkänna.
574 422 83 20 Sålunda
675 428 48 14 anse
737 422 105 20 ständerne.
856 422 90 25 bäfvern,

203 448 77 25 eidern,
303 448 109 26 vildgåsen,
436 454 83 19 svanen,
535 448 72 21 dubbla
625 448 118 20 beckasinen
760 451 51 17 samt
829 449 118 25 morkullan,

204 474 46 20 böra
264 475 99 26 fredlysas
377 475 58 26 enligt
449 475 98 20 enahanda
562 475 62 26 grund
639 481 43 13 som
696 476 56 25 öfrigt
765 476 71 26 nyttigt
846 475 101 25 villebråd,

203 504 52 16 samt
271 500 70 21 föreslå
356 501 78 21 således
448 502 5 18 i
469 501 155 26 underdånighet
641 505 27 16 att
682 502 59 19 dessa
756 502 44 25 djur
814 504 38 18 och
867 502 82 26 fogelar-

203 530 30 17 ter
247 527 32 20 må
294 528 91 20 hänföras
399 529 26 19 till
440 529 60 19 första
514 528 85 20 klassen.
624 528 70 20 Likaså
709 529 59 19 hafva
782 529 105 24 ständerne
897 529 52 19 velat

203 554 27 20 till
245 554 25 20 de
284 554 94 26 djurslag,
395 561 44 13 som
454 556 67 24 utgöra
535 555 60 19 andra
610 555 90 24 klassen,
718 555 76 26 tillägga
808 555 149 25 fiskljusen,:

203 580 68 20 såsom
285 581 5 19 i
305 582 37 24 hög
357 581 47 25 grad
419 582 118 24 bidragande
551 582 25 19 till
586 581 76 19 fiskens
673 582 105 25 utödande,
788 588 46 13 men
845 582 42 20 från
897 582 52 20 klas-

204 613 35 14 sen
260 607 90 20 deremot
370 608 86 20 utesluta
477 608 87 20 hillern
584 609 36 18 och
642 608 88 24 falken,
750 614 44 13 som
809 609 57 25 högst
881 609 66 23 sällan,

203 636 52 18 samt
276 634 91 26 gladan,
390 634 78 20 hvilken
493 634 61 26 aldrig
578 635 125 19 förekommit
723 634 4 20 i
748 635 75 25 landet,
844 636 105 19 äfvensom

204 661 93 25 ugglan,
321 665 45 15 som
386 666 72 20 genom
472 661 111 20 förtärande
597 662 20 18 af
631 662 87 24 skadliga
733 662 87 19 insekter
834 662 38 19 och
886 662 62 24 möss,

203 688 34 24 gör
251 692 54 14 mera
319 689 55 25 nytta
388 689 26 18 än
428 688 68 20 skada.

256 724 29 19 De
299 724 129 25 grundsatser
441 724 100 26 angående
554 724 161 29 jagträttigheten
730 726 38 19 och
777 725 47 20 dess
833 725 115 25 utöfvande,

203 755 44 14 som
264 751 71 19 uttalas
353 751 5 19 i
375 751 62 20 första
455 751 37 19 och
509 751 64 25 tredje
590 757 62 14 mom.
670 752 21 19 af
706 752 71 20 andra
791 752 96 26 punkten,
903 752 48 26 god-

203 776 63 20 känna
281 777 108 20 Ständerne
403 778 122 25 fullkomligt,
541 784 45 14 men
600 778 25 20 då
640 778 120 26 stadgandet
772 780 6 18 i
788 779 60 20 andra
858 785 62 14 mom.
931 780 22 19 af

203 803 62 19 denna
280 804 61 26 punkt
355 805 57 25 utgör
426 807 28 17 ett
468 805 100 25 undantag
583 804 41 20 från
639 805 38 20 den
691 806 6 19 i
711 806 11 19 2
737 805 10 26 $
757 806 20 20 af
787 806 67 25 Kongl.
866 806 84 20 Förord-

202 830 72 25 ningen
288 831 37 19 den
340 831 23 20 21
379 831 94 20 Februari
489 832 50 20 1789
557 832 85 20 uttalade
659 832 95 20 allmänna
769 832 75 26 princip
858 835 29 17 att
899 832 51 27 jagt-

203 858 38 18 rätt
255 856 77 26 åtföljer
345 856 70 27 jorden
430 859 38 19 och
481 858 62 20 denna
558 859 82 25 princip,
656 859 59 25 enligt
725 859 115 20 ständernes
850 859 57 25 åsigt,
919 862 32 17 ut-

203 884 36 24 gör
258 884 38 20 den
317 884 105 26 grundval,
444 884 75 26 hvarpå
541 886 109 19 ordnandet
664 886 21 19 af
697 886 115 20 hithörande
826 885 125 21 rättsförhål-

202 910 69 20 landen
285 911 36 19 bör
338 910 62 26 hvila,
420 914 30 17 tro
468 912 106 19 ständerne
588 914 28 17 att
630 911 68 26 hvarje
713 912 139 26 inskränkning
866 913 5 19 i
886 913 63 19 denna

201 935 128 27 jordegarens
349 938 39 19 rätt
407 938 35 20 bör
463 938 82 26 härflyta
567 944 23 14 ur
611 939 174 25 omständigheter,
800 940 67 19 hvilka
881 940 34 19 äro
930 940 22 19 af

201 963 39 19 den
261 963 169 26 maktpåliggande
443 964 143 26 beskaffenhet,
602 967 29 17 att
644 965 25 19 de
683 966 105 25 öfverväga
803 965 69 26 sjelfva
891 967 60 19 rätts-

203 990 94 24 grunden.
327 989 101 27 "Utgående
442 990 43 20 från
499 991 62 20 denna
576 992 106 26 synpunkt,
698 992 52 19 finna
761 992 107 20 ständerne
878 993 72 19 endast

202 1016 25 19 de
241 1016 98 26 betydliga
353 1017 81 25 skador,
450 1023 43 14 som
507 1018 20 20 af
540 1017 63 26 björn,
620 1024 55 20 varg,
691 1019 18 19 Jo
724 1019 38 19 och
774 1019 60 19 filfras
849 1018 5 20 ä
865 1018 85 26 husdjur

202 1042 93 26 föröfvas,
311 1044 68 24 utgöra
394 1050 25 13 en
433 1044 101 26 tillräcklig
548 1045 101 25 anledning
663 1048 27 16 att
701 1046 4 18 i
716 1046 92 19 afseende
818 1045 11 20 å
839 1045 59 20 dessa
909 1046 40 19 rof-

202 1068 45 25 djur
260 1069 39 20 låta
312 1068 129 27 jordegarens
455 1072 38 18 rätt
507 1071 45 20 vika
567 1072 29 18 för
612 1072 34 19 det
663 1072 96 20 allmänna
773 1072 63 20 bästa.
856 1072 94 20 Ständer-

201 1100 25 14 ne
239 1095 77 21 föreslå
325 1096 77 20 derföre
417 1098 4 18 i
437 1097 160 26 underdänighet,
614 1100 28 17 att
656 1099 69 19 endast
739 1098 61 26 björn,
813 1104 55 20 varg,
881 1099 18 19 lo
911 1099 38 19 och

201 1121 62 20 filfras
282 1122 32 20 må
331 1123 22 19 af
369 1129 22 14 en
409 1124 50 19 hvar
473 1124 17 20 få
504 1124 55 26 jagas
576 1125 102 19 hvarhelst
696 1125 25 20 de
738 1125 6 19 i
760 1125 42 19 fritt
815 1124 85 21 tillstånd
915 1131 35 14 an-

201 1148 66 19 träffas
282 1148 25 26 på
322 1154 45 20 egna
384 1150 47 20 eller
445 1150 71 20 andras
530 1156 55 20 egor.

255 1183 108 20 Ständerne
377 1184 59 20 hafva
450 1185 6 19 i
470 1186 37 19 allo
522 1186 87 24 godkänt
623 1186 25 19 de
662 1186 4 19 i
682 1186 77 25 tredje
776 1186 86 26 punkten
877 1188 71 19 uttala-

201 1208 25 20 de
240 1210 152 24 grundsatserna
411 1211 100 25 angående
529 1212 96 26 påföljden
643 1214 21 18 af
679 1216 28 17 att
720 1213 72 26 nyttigt
804 1212 95 20 villebråd
915 1219 34 14 un-

200 1235 36 19 der
250 1235 73 21 tillåten
338 1236 27 20 tid
380 1238 47 18 eller
442 1238 95 25 oskadligt
552 1238 93 20 villebråd
660 1240 62 19 under
737 1240 78 19 hvilken
830 1240 26 18 tid
868 1240 20 19 af
897 1239 50 25 året,

203 1266 43 13 som
263 1262 61 27 helst,
344 1264 45 17 utan
407 1263 148 20 vederbörande
570 1264 114 26 jordegares
702 1265 46 20 eller
764 1264 185 26 jordinnehafvares

200 1286 86 20 tillstånd
300 1293 55 19 jagas
370 1289 47 19 eller
431 1288 66 26 fångas
512 1289 24 25 på
551 1295 76 15 annans
639 1291 63 23 mark,
714 1297 46 13 men
770 1291 59 19 tillåta
841 1292 29 24 sig
881 1292 4 18 i
896 1297 52 13 sam-

200 1314 99 24 manhang
314 1314 81 20 härmed
410 1315 141 26 underdånigst
565 1316 71 20 föreslå
651 1319 28 17 att
692 1317 81 20 böterna
787 1317 29 20 för
825 1318 25 19 de
860 1318 36 19 här
906 1323 41 14 om-

200 1340 85 20 nämnda
300 1341 132 20 förseelserna
448 1342 61 20 måtte
524 1342 17 20 få
556 1343 71 20 tillfalla
642 1343 138 27 målseganden
798 1350 80 19 ensam,
895 1350 53 14 eme-

200 1366 37 20 dan
252 1369 27 17 ett
294 1370 81 17 motsatt
389 1368 107 26 stadgande
510 1369 63 21 skulle
586 1370 103 20 motverka
704 1371 58 20 dessa
778 1372 116 19 förseelsers
908 1371 41 20 åta-

198 1392 64 25 lande,
285 1393 68 21 såsom
375 1395 37 22 ock
434 1398 26 17 att
478 1396 38 20 den
535 1396 130 26 skogvaktare
679 1397 10 20 å
704 1398 75 20 enskild
793 1404 83 20 persons
892 1404 53 20 egor,

198 1419 68 31 derest
280 1420 38 21 han
333 1423 22 17 är
370 1422 3 19 i
389 1422 82 26 behörig
486 1423 81 26 ordning
581 1427 81 23 antagen
678 1425 36 19 och
730 1425 108 24 edsvuren;
849 1426 97 25 medgifna

197 1448 94 24 rättighet
310 1450 29 18 att
360 1449 61 20 vittna
444 1450 3 18 i
466 1450 38 20 mål
523 1450 100 26 angående
642 1451 107 21 åverkan
743 1444 15 37 i
768 1452 36 20 den
818 1452 65 20 under
897 1453 48 19 hans
