998 1706
275 136 72 23 Nådiga
359 138 141 21 Propositionen
513 136 37 18 N:o
561 136 29 18 40.
764 135 44 21 1369

64 186 79 25 kerhet,
159 186 119 26 upphäfvas.
307 186 108 20 Ständerne
430 186 58 20 hafva
502 186 78 20 derföre
595 187 57 20 bordt
668 186 143 26 underdånigst

62 212 102 20 framhålla
185 213 173 25 nödvändigheten
379 214 20 18 af
417 214 85 19 nämnda
523 214 123 24 förordnings
671 214 139 24 upphäfvande

62 238 118 20 åtminstone
194 239 5 19 i
214 239 38 20 den
266 239 39 25 del,
321 240 83 19 hvarom
419 241 35 18 här
468 240 51 19 varit
528 238 61 26 fråga.
611 240 42 20 Sist
662 240 57 19 torde
730 240 40 24 det,
782 240 28 20 till

62 265 64 26 skydd
141 265 30 19 för
192 265 87 20 enskilda
292 265 131 25 jordbrukare
437 269 41 17 mot
491 266 123 26 godtyckliga
629 268 37 18 och
682 266 127 26 rättsvidriga

61 291 66 20 beslut
141 291 53 20 inom
209 292 152 24 kommunerne,
374 294 35 18 här
419 293 46 19 böra
475 292 132 26 uttryckligen
617 293 86 25 stadgas,
715 296 27 15 att
752 298 56 20 grop,

61 323 43 18 sax,
120 323 58 15 snara
194 318 45 20 eller
254 324 63 14 annan
332 319 29 19 för
376 319 113 19 menniskor
507 320 38 18 och
559 318 85 26 husdjur
657 318 87 26 lifsfarlig
758 318 52 26 jagt-

61 345 73 19 anstalt
147 344 45 20 icke
206 344 36 26 får,
259 347 46 17 utan
319 344 196 26 jordinnehafvarens
529 344 93 26 tillstånd,
637 345 99 26 begagnas
750 344 10 20 å
775 351 34 14 an-

61 376 48 14 nans
124 371 64 19 mark.

114 396 87 26 Sjunde
219 398 87 25 punkten
323 398 108 20 innehåller
449 400 27 18 att
493 398 33 20 allt
543 398 52 19 hvad
609 398 5 19 i
630 399 11 19 6
656 398 10 25 $
680 398 24 20 23
720 398 50 26 Kap.
786 398 21 20 B.

60 424 21 19 B.
98 424 78 26 stadgas
191 424 77 26 derom,
284 427 28 17 att
325 424 160 26 skottpenningar
500 425 46 19 böra
561 424 43 20 från
618 425 120 20 häradernes
751 425 59 19 sakö-

61 451 99 20 resmedel
175 451 97 20 utbetalas
286 451 27 20 till
327 451 47 25 den,
391 457 44 14 som
450 452 58 20 dödat
522 450 81 26 rofdjur,
615 452 64 19 skulle
688 452 121 25 upphäfvas,

61 479 52 17 samt
133 477 60 20 tillika
214 477 60 27 några
288 477 95 21 allmänna
398 478 133 25 föreskrifter,
547 478 46 20 dem
608 478 151 24 kommunerne,
776 478 33 20 vid

61 504 109 19 ordnandet
184 504 19 19 af
216 504 29 20 sin
261 505 126 19 verksamhet
401 505 26 20 till
442 506 43 18 rof-
501 505 38 19 och
549 504 144 26 skadedjurens
702 504 105 25 utödande,

60 530 50 25 egde
127 531 55 19 ställa
200 530 29 26 sig
246 531 25 19 till
287 532 139 19 efterrättelse.
455 532 141 19 Förstnämnda
611 530 68 26 åtgärd
694 536 49 15 anse
757 533 53 17 stän-

60 556 62 20 derne
138 557 29 25 sig
185 556 21 20 så
224 558 82 25 mycket
322 558 62 19 hellre
401 558 47 20 böra
462 558 5 18 i
482 558 36 20 allo
533 558 65 20 bifalla
613 564 44 13 som
671 558 60 25 sagde
746 558 64 19 skott-

61 584 107 24 penningar
182 584 5 19 i
202 583 68 27 många
286 584 30 20 fall
331 584 97 26 knappast
441 584 59 20 förslå
516 587 27 17 att
558 584 86 20 bestrida
658 584 26 21 de
701 584 107 20 kostnader

60 610 39 20 och
120 612 74 18 ersätta
214 610 37 20 den
273 611 108 25 tidspillan,
401 611 126 19 hvarförutan
542 611 24 19 de
580 611 89 25 vanligen
684 611 44 19 icke
743 611 66 19 kunna

59 637 147 20 utbekommas.
243 638 92 19 Deremot
355 638 65 19 kunna
441 638 107 20 ständerne
568 638 44 19 icke
633 638 103 25 godkänna
757 637 52 20 hvad

60 669 76 14 samma
150 664 64 25 punkt
228 664 30 19 för
272 664 58 25 öfrigt
344 664 115 20 innehåller.
489 664 111 20 Ständerne
613 664 66 20 befara
694 667 29 16 att
737 663 71 25 följden

60 690 56 20 deraf
131 690 66 20 blefve
214 696 25 13 en
256 690 131 20 ändamålslös
404 691 124 25 inblandning
546 691 5 19 i
566 691 131 19 kommunens
712 696 48 20 egna
775 696 33 13 an-

60 717 148 25 gelägenheter,
227 716 46 20 dem
290 717 120 19 kommunen
425 716 45 26 sjelf
479 718 35 20 bör
523 718 45 20 bäst
578 716 59 21 förstå
649 720 29 16 att
687 716 51 20 både
748 717 61 19 ordna

61 744 38 19 och
114 743 118 20 handhafva.
254 744 33 18 Ett
301 743 95 21 förbehåll
407 750 32 13 om
452 743 200 26 kronobetjeningens
662 743 101 25 äliggande
772 746 36 22 att,

61 772 45 17 utan
126 770 106 26 uttrycklig
253 770 100 20 föreskrift
370 770 42 19 från
431 771 59 25 högre
508 773 31 17 ort
556 771 5 19 i
576 770 70 25 hvarje
660 770 94 20 särskildt
767 769 39 25 fall,

60 796 89 20 meddela
163 797 38 19 den
215 796 146 26 handräckning
376 797 26 19 uti
417 797 149 25 ifrågavarande
580 797 90 24 ärender,
687 802 44 14 som
743 796 37 20 kan
790 796 21 20 af

60 823 116 19 densamma
190 822 70 26 äskas,
276 822 59 21 tillåta
351 823 104 20 ständerne
470 823 29 26 sig
512 823 53 20 dock
580 824 84 19 förorda.

112 849 109 20 Ständerne
236 850 58 19 hafva
310 850 81 19 härmed
404 850 115 25 genomgått
532 850 25 19 de
572 850 96 20 särskilda
682 850 109 24 punkterne
803 850 6 18 i

60 876 153 25 propositionen,
229 882 46 13 men
290 876 74 21 anhålla
379 878 28 18 att
421 876 18 20 få
453 877 75 31 tillägga
542 875 60 27 några
616 876 42 24 ord,
673 875 136 20 frammanade

59 903 22 19 af
92 903 38 19 den
145 902 109 26 betydelse,
270 902 105 20 ständerne
392 908 47 14 anse
453 903 38 21 den
508 903 92 25 åsyftade
614 902 196 26 lagstiftningsätgär-

59 928 39 20 den
112 934 43 20 ega.
186 928 108 21 Ständerne
310 929 44 25 vilja
369 929 46 19 icke
428 929 80 20 förneka
523 932 28 17 att
564 929 117 20 densamma
696 930 36 18 har
742 934 24 14 en
776 929 31 20 del

60 956 20 19 af
92 956 37 20 den
144 956 95 19 allmänna
255 955 148 25 hushållningen
417 956 6 18 i
437 956 65 20 landet
519 956 26 20 till
560 955 88 20 föremål.
664 956 44 19 Men
718 955 92 20 ständer-

59 988 25 13 ne
104 982 59 20 hafva
183 982 44 19 icke
248 982 62 20 heller
329 983 74 19 kunnat
417 982 82 24 förbise,
516 982 25 26 på
558 988 36 13 ena
609 982 62 24 sidan,
687 982 51 19 huru
753 981 56 26 djupt

60 1008 26 20 de
106 1008 97 20 särskilda
224 1009 171 25 bestämningarne
412 1008 9 26 i
435 1009 37 19 den
490 1008 100 20 blifvande
603 1008 125 26 jagtstadgan
741 1008 67 20 kunna

60 1034 79 20 komma
160 1037 28 17 att
208 1035 75 26 ingripa
301 1036 5 18 i
325 1036 37 19 den
377 1035 100 20 enskildes
491 1035 75 26 egande
581 1035 46 19 eller
641 1034 112 27 nyttjorätt,
771 1036 38 19 och

60 1061 25 25 på
100 1061 61 20 andra
176 1061 60 25 sidan,
253 1062 52 19 huru
319 1061 55 20 svårt
388 1062 37 19 och
441 1061 139 20 ändamålslöst
594 1061 33 20 det
641 1062 59 18 oftast
714 1062 21 18 är
746 1063 27 17 att
783 1061 25 26 på

60 1088 82 19 förhand
156 1088 69 25 pröfva
241 1089 38 18 och
293 1088 83 20 bedöma
391 1089 78 19 allmänt
479 1087 63 21 hållna
552 1090 76 17 satsers
638 1088 122 25 gagnelighet
770 1089 38 18 och

60 1114 57 20 deraf
131 1114 100 21 beroende
245 1115 97 25 giltighet,
358 1115 58 20 innan
430 1120 45 14 man
490 1117 39 17 sett
543 1115 46 20 dem
602 1114 101 20 bestämdt
716 1115 90 19 framträ-

62 1141 23 19 da
100 1141 5 19 i
120 1141 135 26 verkligheten
270 1142 5 19 i
290 1142 38 19 och
344 1141 44 20 med
403 1141 24 20 de
442 1141 79 26 lagbud,
534 1141 55 20 hvari
599 1141 25 20 de
633 1141 97 20 tillvunnit
739 1141 29 26 sig
778 1147 31 14 er-

60 1167 102 20 kännande
180 1168 38 19 och
236 1168 125 25 tillämpning.
391 1169 37 19 För
445 1168 105 20 ständerne
564 1169 21 18 är
600 1167 34 20 det
647 1168 44 19 icke
706 1167 63 20 heller
783 1173 24 14 en

62 1194 132 26 betydelselös
210 1195 153 25 omständighet,
380 1197 27 17 att
422 1195 77 25 lagarne
513 1193 100 26 angående
621 1193 41 26 jagt
671 1195 38 19 och
718 1193 90 26 djurfång

62 1223 52 17 samt
128 1221 41 19 rof-
184 1221 38 19 och
237 1220 118 27 skadedjurs
370 1221 98 20 utödande
478 1221 123 19 härförinnan
610 1221 54 19 alltid
673 1223 76 17 ansetts
760 1225 48 15 vara

60 1247 20 19 af
101 1247 145 24 beskaffenhet,
268 1251 28 16 att
317 1247 34 20 vid
367 1248 58 19 deras
443 1247 90 21 stiftande
551 1247 121 20 Ständernas
686 1247 122 20 medverkan

60 1279 36 14 var
111 1274 19 19 af
146 1274 72 25 nöden,
238 1273 120 21 åtminstone
375 1274 6 19 i
395 1274 24 20 de
433 1275 38 23 fall,
487 1273 25 21 då
527 1274 38 19 den
578 1273 134 26 ifrågakomna
726 1274 84 25 lagstift-

61 1300 149 26 ningsåtgärden
228 1307 35 13 var
276 1307 55 13 mera
347 1301 126 20 omfattande.
495 1301 128 25 Jagtstadgan
638 1301 20 18 af
670 1300 38 19 den
722 1300 24 19 22
757 1300 51 19 Mars

62 1327 58 23 1647,
136 1326 127 25 Jagtstadgan
278 1328 20 18 af
309 1327 39 19 den
362 1328 25 18 29
402 1327 84 24 Augusti
501 1327 52 19 1664
563 1328 38 18 och
611 1326 196 25 Byggningabalken
797 1322 14 34 i

62 1352 96 20 allmänna
174 1353 60 24 lagen,
251 1352 62 20 sådan
327 1353 38 19 den
375 1353 95 19 förelades
483 1352 109 20 Ständerne
602 1352 34 19 vid
646 1352 51 19 1731
708 1353 37 18 och
757 1351 51 20 1734

62 1379 34 19 års
110 1378 107 25 Riksdagar
232 1379 47 20 bära
293 1379 70 20 derom
377 1380 70 18 vittne.
477 1377 26 21 På
531 1378 50 20 grund
596 1379 20 18 af
628 1378 34 19 allt
678 1378 53 19 detta
748 1377 59 20 tveka

62 1404 109 21 Ständerne
188 1405 44 20 icke
250 1407 28 18 att
292 1405 5 19 i
312 1404 156 27 underdånighet
482 1405 82 24 anhålla,
580 1404 33 20 det
626 1404 76 20 Eders
715 1403 94 26 Kejser-

61 1432 45 27 liga
127 1431 106 26 Majestät
253 1433 46 19 ville
321 1431 37 21 låta
379 1432 5 19 i
406 1432 84 26 enlighet
507 1431 46 21 med
569 1431 25 20 de
611 1431 94 26 grunder,
722 1437 44 14 som
781 1437 26 14 nu
