992 1703
384 359 52 33 42,

219 449 6 6 .
246 421 66 24 Hans
328 422 156 29 Kejserliga
493 423 138 28 Majestäts
640 423 85 29 Nädiga
734 424 50 23 Pro-

178 450 96 29 position
286 450 36 23 till
333 451 103 23 Finlands
449 452 99 27 Ständer,
560 451 114 29 angående
684 452 101 29 lindring

177 478 25 22 af
212 479 130 28 jordegares
354 474 129 61 skyldighet
492 480 37 23 till
539 479 179 30 hällskjutsning
727 481 57 23 samt

178 507 52 27 väg-
247 506 40 23 och
301 507 151 30 brobyggnad.

94 567 29 20 De
132 567 66 20 .svära
213 568 131 25 olägenheter,
361 575 44 13 som
419 569 83 26 härflyta
517 569 20 20 af
547 568 114 27 jordegares
676 570 5 19 i
693 571 31 24 lag
733 570 53 20 stad-

41 593 49 25 gade
105 593 113 26 skyldighet
232 597 28 16 att
273 594 87 21 bestrida
374 595 18 25 ej
402 595 77 20 mindre
488 595 159 26 hällskjutsning,
658 597 24 19 än
692 598 47 24 väg-
747 598 38 19 och

41 620 127 28 brobyggnad
184 620 10 20 ä
208 621 72 24 landet,
296 621 57 20 hafva
367 622 60 19 redan
440 623 56 25 länge
511 623 50 19 varit
569 623 78 19 allmänt
656 622 82 21 insedda
747 625 38 18 och

42 651 16 20 ej
80 649 47 17 utan
149 647 40 20 skäl
206 647 144 26 öfverklagade.
380 649 38 19 Det
431 649 39 18 kan
484 649 79 20 derföre
577 649 43 19 icke
633 649 62 20 nekas
708 651 30 18 att
751 649 34 20 de-

42 678 88 14 sammas
147 673 125 25 afhjelpande
288 673 118 21 ätminstone
423 675 5 18 i
442 675 63 25 nägon
519 674 52 25 män,
587 681 71 19 genom
671 675 82 27 lindring
767 677 21 19 af

40 699 61 25 sagde
115 699 80 25 besvär,
211 706 48 14 vore
274 700 101 26 högeligen
390 701 120 27 önskvärdt.
532 702 45 19 Men
592 702 83 20 emedan
689 702 54 20 detta
752 703 33 19 än-

40 726 72 26 damål,
128 726 85 20 medelst
226 727 110 25 förändring
350 728 21 19 af
383 734 25 13 nu
422 728 109 20 bestående
545 728 131 20 förhållanden
690 728 49 20 eller
751 728 34 20 be-

41 752 87 20 redande
142 754 22 18 af
176 753 60 20 andra
250 755 82 24 utvägar
344 754 25 20 till
379 754 82 20 nämnda
471 754 258 20 kommunikationsmedels
739 755 48 19 tids-

42 778 62 26 enliga
119 780 107 24 ordnande,
242 779 17 25 ej
275 780 37 19 kan
327 780 69 20 vinnas
410 783 45 17 utan
466 781 179 19 Landtständernas
654 781 130 25 medverkan,

42 806 36 19 har
98 806 64 19 Hans
176 805 134 26 Kejserliga
325 806 109 26 Majestät
447 806 54 21 aktat
514 806 67 26 nödigt
594 810 29 16 att
636 808 27 19 till
677 807 108 21 Ständerna

42 831 68 21 såsom
126 833 212 25 öfverläggningsämne
352 834 107 19 framställa
473 834 64 20 denna
553 834 71 25 vigtiga
638 834 146 25 angelägenhet.

95 858 157 21 Vidkommande
272 860 50 19 först
342 859 187 26 hållskjutsningen,
551 859 22 20 så
593 860 49 25 ligga
659 860 24 19 de
702 860 83 25 menliga

42 884 94 26 följderna
153 886 21 19 af
189 886 47 19 dess
254 886 106 25 utgörande
375 885 25 26 på
415 886 112 20 nuvarande
541 887 46 24 sätt,
603 886 44 19 icke
661 886 82 20 allenast
758 886 29 20 för

40 910 130 26 jordbrukets
189 912 90 20 välstånd
301 913 38 19 och
359 912 110 25 förkofran,
489 916 46 16 utan
549 912 58 20 äfven
621 913 29 18 för
664 912 123 26 sedligheten

42 938 37 19 hos
94 944 23 14 en
132 941 42 17 stor
188 938 36 20 del:
234 938 20 20 af
266 938 76 20 landets
356 939 84 25 manliga
453 939 119 24 befolkning,
589 939 5 19 i
607 939 65 25 öppen
682 938 44 26 dag.
748 939 38 19 Ge-

41 970 46 14 nom
102 965 44 24 den,
163 964 24 26 på
202 965 63 25 grund
279 965 20 19 af
308 965 96 19 särskilda
412 965 112 25 privilegier
533 966 39 18 och
581 965 140 25 författningar,
732 965 56 20 med-

42 991 51 25 gifna
108 991 92 20 befrielse
214 992 29 18 för
258 991 53 20 vissa
324 991 164 26 jordlägenheter,
505 990 67 21 såsom
581 991 84 20 säterier
675 991 46 20 med
730 990 55 27 flere,

42 1017 86 20 drabbar
148 1018 63 19 denna
226 1020 59 22 tunga
300 1017 21 20 så
337 1018 80 25 mycket
431 1017 86 20 hårdare
531 1018 36 19 alla
581 1018 60 24 öfriga
656 1018 38 19 och
707 1017 38 20 blir
758 1018 30 19 för

42 1044 67 24 dessa,
126 1044 61 19 under
201 1044 111 25 tilltagande
326 1045 74 18 rörelse
414 1044 38 19 och
466 1043 81 20 sålunda
557 1043 60 20 ökadt
626 1043 61 20 behof
695 1044 20 19 af
723 1045 64 18 större

43 1070 51 20 antal
116 1069 97 26 utgående
234 1070 74 24 hästar,
331 1070 46 19 med
398 1069 69 25 hvarje
481 1069 21 20 år
517 1072 51 17 ännu
581 1075 55 14 mera
649 1069 96 24 kännbar,
761 1069 25 20 dä

44 1096 44 24 den,
104 1095 68 21 såsom
186 1095 118 20 åtminstone
318 1096 23 25 på
356 1096 60 25 några
430 1099 54 16 orter
498 1097 54 22 sker,
568 1095 85 20 fördelas
666 1095 89 26 ojemnt
746 1091 10 35 i
765 1095 22 20 så

43 1122 62 21 måtto
122 1125 28 17 att
166 1122 146 25 jemförelsevis
329 1123 84 25 drygare
427 1122 112 26 skyldighet
552 1123 6 18 i
573 1121 61 26 sagde
645 1122 95 20 afseende
753 1122 36 25 på-

44 1149 52 21 föres
110 1149 77 20 mindre
201 1148 166 21 hemmansdelar.

96 1174 35 21 Att
145 1176 40 18 helt
199 1175 37 19 och
251 1175 59 19 hållet
324 1175 70 25 frigöra
402 1175 201 25 jordbruksnäringen
613 1174 42 19 från
665 1175 124 19 omedelbart

44 1200 115 26 deltagande
174 1201 5 19 i
194 1200 217 26 skjutsningsbesväret
429 1206 47 14 vore
494 1200 67 20 endast
577 1200 81 20 sålunda
673 1200 74 26 möjligt
761 1203 28 17 att

45 1229 67 19 Staten
133 1227 101 25 öfvertoge
251 1227 35 20 alla
304 1227 95 19 anstalter:
416 1227 26 19 till
460 1226 96 20 resandes
570 1226 147 20 fortskaffande.
745 1227 44 19 Men

45 1254 25 20 de
80 1254 61 25 dryga
151 1253 115 25 kostnader,
278 1253 66 19 hvilka
354 1252 113 26 derigenom
477 1254 81 18 komme
567 1255 28 17 att
605 1253 116 25 tillskyndas
730 1255 60 17 stats-

46 1280 77 25 verket,
140 1279 64 21 skulle
217 1280 45 19 icke
276 1279 64 19 kunna
354 1279 100 20 bestridas
468 1282 46 16 utan
528 1280 139 19 motsvarande
681 1278 109 27 förhöjning
808 1280 2 2 '

46 1306 20 20 af
78 1306 38 20 den
130 1306 97 20 allmänna
241 1306 115 26 bevillning,
372 1312 43 13 som
429 1306 30 19 för
473 1306 59 20 andra
547 1306 72 25 vigtiga
631 1305 113 21 statsbehof
751 1308 41 17 tor-

47 1333 25 18 de
93 1332 58 19 blifva
173 1332 129 25 nödvändig,
315 1332 56 22 eller,
384 1332 87 24 betydlig
487 1332 86 24 stegring
589 1332 21 18 af
625 1331 122 25 skjutslegan
763 1332 27 20 till

48 1358 61 19 skada
129 1358 29 19 för
178 1358 91 19 trafiken.
298 1358 93 18 Deremot
408 1363 60 20 synes
485 1357 85 29 mycken
587 1356 82 27 lindring
685 1358 19 18 af
718 1356 74 26 skjuts-

48 1384 158 25 ningsbesväret,
222 1383 77 20 hvartill
314 1383 57 20 äfven
386 1383 58 19 hörer
453 1383 214 25 gästgifveribyggnad,
680 1383 64 29 kunna
754 1384 39 19 och

50 1411 48 20 böra
112 1410 157 26 tillvägabringas
283 1415 71 20 genom
367 1409 70 20 sådant
450 1409 115 26 stadgande,
580 1412 29 17 att
622 1409 25 20 de
656 1409 137 26 jordlägenhe-

51 1441 37 22 ter,
111 1437 66 20 hvilka
192 1443 26 14 nu
233 1436 74 26 åtnjuta
322 1436 90 20 befrielse
426 1436 44 20 från
483 1436 121 26 detsamma,
619 1435 106 22 framdeles
739 1436 55 21 skola

721 1470 23 17 88
