998 1703
201 156 44 20 1692
416 153 72 21 Nådiga
499 152 141 23 Propositionen
653 150 37 18 N:o
702 151 27 16 50.

304 205 29 19 las
355 204 27 19 till
404 202 136 26 tvångsarbete,
560 201 17 25 ej
595 201 59 19 heller
670 201 82 18 insättas
767 200 122 19 tillsammans
903 197 42 20 med

305 232 47 24 dem,
376 238 40 13 som
438 232 7 18 4
466 230 185 25 ransakningshäkte
670 228 45 19 eller
728 228 89 25 föngelse
832 227 36 26 för
883 226 62 20 andra

306 260 49 20 brott
369 260 67 19 hållas.

595 292 16 27 $
625 284 57 28 66.

347 334 140 27 (Likalydande
501 333 46 20 med
561 337 78 14 samma
652 331 11 25 $
677 332 5 18 i
697 330 162 27 propositionen.)

596 384 13 27 $
626 384 32 27 67.

343 427 129 25 Förvandling
492 427 23 26 af
532 426 52 19 böter
602 431 34 19 ege
654 432 49 16 rum,
723 427 37 16 när
780 424 36 19 den
830 423 89 26 sakfälde
933 423 16 24 ej

308 455 74 25 förmår
396 456 42 19 dem
453 455 27 19 till
489 455 50 25 fullo
553 453 64 26 gälda,
633 453 64 19 såsom
711 453 7 18 i
733 453 12 18 7
761 452 33 19 och
808 452 14 19 8
836 451 32 27 $$
883 452 13 28 5
907 451 42 25 kap.

311 483 64 26 Straff
386 484 74 19 Balken
475 483 56 26 sagdt
546 486 29 16 är.

598 535 16 27 $
630 536 32 20 68.

351 578 34 25 (Af
402 583 76 15 samma
499 578 84 20 innehåll
606 582 44 14 som
672 576 140 20 motsvarande
830 576 12 25 $
858 576 5 18 i
881 580 71 20 propo-

314 604 98 25 sitionen.)
748 607 2 2 N

535 658 193 29 Slutstadganden.

599 712 16 27 $
630 712 33 27 69.

347 753 12 18 I
372 752 23 19 de
404 753 45 24 fall,
465 752 25 19 dä
505 752 62 19 denna
576 751 117 26 förordning
708 751 91 20 hänvisar
813 751 27 19 till
855 751 51 19 1734
921 749 33 20 års

313 781 31 24 lag
358 780 44 19 eller
417 780 53 19 äldre
479 781 123 25 författning,
617 787 42 12 men
674 780 55 25 lagen
744 780 44 19 eller
802 779 61 20 sädan
872 779 81 26 författ-

313 811 45 23 ning
373 808 61 25 blifvit
446 815 67 19 genom
527 815 60 20 nyare
602 809 32 24 lag
648 808 82 23 ändrad,
744 808 52 25 gälle
800 808 36 25 för
846 807 65 26 hvarje
919 807 36 25 fall

313 837 50 19 hvad
378 837 63 19 derom
455 838 7 18 i
476 843 60 20 nyare
544 838 118 25 författning
676 839 24 16 är
714 836 96 26 stadgadi.

602 891 11 27 S
633 891 33 27 70.

350 931 68 20 Denna
427 931 118 26 förordning
561 931 65 19 träder
640 932 7 17 i
661 931 116 20 verksamhet
792 931 35 20 den
844 946 3 4 .
864 946 91 6 .....

315 960 34 19 och
361 960 62 25 gäller
438 960 47 19 intill
500 959 43 20 dess
557 966 63 13 annan
636 960 24 25 af
673 959 82 20 Monark
770 961 33 18 och
818 959 83 20 Ständer
916 960 41 26 stif-

315 988 34 18 tad
363 988 154 26 tryckfrihetslag
533 988 58 24 blifvit
605 988 99 24 kungjord.
741 988 64 19 Under
820 988 49 19 tiden
884 989 74 25 upphör

315 1016 26 19 all
359 1016 71 19 verkan
450 1016 24 25 af
490 1016 67 25 Kongl.
571 1016 142 25 förordningen
732 1016 36 19 den
788 1016 27 19 26
830 1016 55 25 April
899 1017 57 23 1774,

315 1043 69 26 Kongl.
404 1044 124 25 kungörelsen
547 1043 36 26 den
604 1043 12 19 7
635 1043 102 20 December
751 1043 52 20 1787
818 1047 49 16 samt
883 1045 74 25 Kejser-

315 1072 38 25 liga
369 1071 139 26 förordningen
530 1072 35 19 den
584 1071 25 19 14
627 1071 40 26 (2)
688 1071 80 21 Oktober
787 1072 59 23 1829,
862 1073 106 25 äfvensom.

315 1099 63 19 andra
398 1100 121 25 öfverhetliga
538 1099 124 26 stadganden,
682 1107 41 12 som
740 1100 62 20 strida
816 1102 38 18 mot
868 1100 50 20 hvad
933 1107 25 13 nu

316 1131 24 16 är
353 1127 125 27 föreskrifvet.

266 1155 129 26 Helsingfors,
410 1155 38 20 den
463 1156 25 19 46
503 1155 93 21 Februari
611 1156 60 20 1864.

474 1320 224 25 Reservation.

357 1375 25 19 Af
394 1375 268 21 Universitetssekreteraren
678 1377 142 21 Grotenfelt:

228 1436 3 3 .
266 1410 8 20 I
288 1410 53 26 fråga
356 1416 33 25 om
405 1411 125 27 rättegången
545 1412 4 19 i
567 1412 169 27 tryckfrihetsmäl
751 1414 44 26 ingå
810 1415 6 19 i
830 1414 79 22 åttonde
923 1416 35 20 ka-

213 1436 56 26 pitlet
278 1436 21 21 af
307 1438 38 20 den
356 1438 108 26 föreslagna
475 1440 116 25 presslagen
601 1439 117 26 stalgandet
724 1441 76 27 derom,
810 1444 28 18 att
844 1442 67 27 dylika
919 1443 37 21 mål
