1006 1709
194 143 48 33 1338
409 146 70 22 Nådiga
490 148 140 22 Propositionen
643 146 35 18 N:o
690 148 28 16 39.

192 201 49 13 nans
256 195 84 25 hägnad,
356 195 23 19 sä
393 196 22 18 är
429 196 37 19 den
480 196 108 25 föreslagna
602 196 96 24 utvägen,
712 198 29 16 att
750 196 37 18 han
797 195 39 20 kan
845 196 90 25 tvingas
927 191 12 34 ,

191 224 28 16 att
233 223 73 17 ersätta
320 221 109 19 kostnaden
444 222 29 19 för
487 222 110 25 hägnaden,
612 222 35 19 det
660 222 114 18 rättvisaste
783 222 38 18 och
831 222 104 20 verksam-

193 248 201 19 masteekorrektivet
408 253 42 14 som
466 248 38 19 kan
518 248 70 20 finnas.

245 275 34 19 2:0
296 275 30 18 En
341 274 110 25 billigare
468 275 91 23 egofred,
575 277 22 23 ty
610 280 32 13 om
657 274 45 19 icke
716 273 59 27 något
789 274 77 20 mindre
880 274 54 20 kost-

191 303 52 17 samt
257 303 39 17 sätt
310 303 28 17 att
352 300 61 20 vårda
425 301 105 20 kreaturna
540 303 25 17 än
575 300 47 20 våra
633 301 75 25 vanliga
717 300 143 26 gärdesgårdar
869 300 66 20 kunde

191 327 112 26 uppfinnas,
322 327 75 19 hvilket
413 327 52 20 dock
483 328 5 18 i
505 327 71 26 många
594 327 30 20 fall
642 327 102 25 ingalunda
761 330 23 16 är
798 326 97 28 omöjligt,
912 327 22 20 så

190 354 62 20 skulle
269 354 51 20 dock
338 353 120 21 underhållet
476 355 20 19 af
508 354 46 20 dem
570 354 59 20 blifva
643 354 96 25 billigare,
755 354 44 20 dels
813 354 78 20 derföre
905 356 28 18 att

190 381 25 20 de
232 380 17 26 ej
269 386 48 14 vore
330 383 72 17 utsatta
418 381 29 19 för
461 383 28 17 att
503 381 111 25 nedrifvas,
630 383 52 17 samt
695 380 34 20 det
740 380 90 20 berodde
844 382 21 18 af
877 381 58 19 krea-

191 410 102 23 tursegarn
308 410 28 16 att
350 409 67 23 stänga
432 408 70 19 endast
516 408 30 19 för
560 408 67 19 hästar
641 408 38 18 och
693 408 43 24 kor,
750 407 45 19 icke
804 408 29 18 för
843 408 43 18 svin
897 408 38 18 och

191 434 76 20 mindre
285 434 86 24 kreatur,
390 434 105 19 hvarutom
512 434 121 26 okynnesfän
649 434 64 19 skulle
727 434 88 25 upphöra
830 436 28 17 att
872 434 63 19 finnas

190 461 37 23 till;
245 460 43 20 dels
305 460 82 20 emedan
405 460 111 20 kreaturets
534 466 58 20 egare
610 460 64 20 skulle
689 460 102 20 föranlåtas
805 462 28 18 att
847 460 88 20 beräkna

190 492 33 15 om
237 487 34 20 det
284 487 43 19 icke
343 487 38 19 ofta
396 492 48 14 vore
458 488 64 19 större
536 488 54 19 vinst
604 489 26 17 att
645 486 44 20 icke
703 486 62 20 drifva
778 487 118 19 kreaturena
907 489 28 17 att

191 514 62 20 svälta
267 514 6 18 i
287 513 85 26 skogen,
389 516 28 16 att
432 514 60 19 hellre
507 513 53 25 rödja
575 514 39 19 och
628 513 43 20 odia
685 514 54 19 betet
748 515 23 17 än
781 514 64 25 bygga
854 513 80 26 gärdes-

190 540 76 26 gårdar,
279 540 74 20 hvilket
363 540 42 20 åter
419 540 62 20 skulle
491 540 57 20 lända
558 540 77 20 landets
646 540 160 25 boskapsskötsel
817 541 38 19 och
864 540 71 26 skogs-

190 566 123 25 hushållning
323 567 26 19 till
360 569 41 17 stor
411 566 67 20 fördel.
501 568 76 26 Dyrare
586 567 38 19 kan
635 566 104 26 egofreden
750 566 101 26 ingalunda
861 567 70 25 blifva,

190 596 21 24 ty
229 599 32 13 om
279 594 37 18 ock
333 593 98 26 hägnader
445 594 94 19 förblefve
553 593 33 20 det
600 593 49 20 enda
664 595 60 18 sättet
737 595 28 17 att
779 593 61 20 vårda
855 593 79 19 kreatu-

190 626 56 19 rena,
262 619 22 20 så
299 620 38 20 kan
351 620 58 19 deras
423 620 49 19 antal
487 620 43 20 icke
545 620 59 20 blifva
619 620 63 19 större
696 620 48 20 eller
756 619 123 21 underhållet
889 618 46 22 svå-

191 652 44 14 rare
249 649 46 17 utan
310 648 93 18 tvärtom.

243 672 26 20 På
287 674 51 24 glest
353 673 89 20 bebodda
460 674 74 19 trakter
552 673 64 20 måste
630 672 67 20 såsom
712 672 66 20 hittills
792 673 139 19 hufvudsaken

189 700 60 20 blifva
263 702 28 18 att
305 700 87 25 afstänga
407 700 37 19 den
458 700 69 20 odlade
539 699 69 26 jorden
621 698 42 21 från
672 700 148 25 betesmarken,
832 705 46 14 men
888 700 45 19 icke

189 727 66 20 blefve
269 726 33 20 det
316 726 80 20 svårare
410 727 29 19 för
452 727 164 26 kreatursegaren
631 728 23 18 än
668 727 30 19 för
708 726 113 25 jordegarn.
850 727 82 19 Utskot-

189 756 39 17 tets
245 753 137 25 förutsättning
398 756 29 16 att
441 753 36 20 den
491 759 38 21 nya
544 754 110 25 principen,
670 752 24 26 på
709 753 50 25 glest
774 753 90 20 bebodda
879 754 52 18 trak-

189 783 30 17 ter
236 780 63 19 skulle
316 780 88 19 medföra
421 779 22 20 så
465 780 119 20 vidsträckta
605 780 106 25 hägnader,
728 782 27 16 att
769 780 46 19 dess
830 780 101 20 införande

190 812 48 14 vore
252 805 55 20 svårt
321 812 33 13 om
369 805 17 26 ej
401 805 94 27 omöjligt,
512 812 60 20 synes
586 806 40 25 mig
641 806 16 24 ej
672 811 46 15 vara
729 806 30 19 väl
769 806 95 25 grundad.
895 806 34 20 Se-

189 833 37 20 dan
241 832 38 20 den
293 832 70 20 odlade
375 832 69 26 jorden
458 833 62 19 blifvit
534 833 90 25 afstängd
638 832 42 20 från
695 832 146 26 betesmarken,
853 834 21 18 är
885 832 47 20 den-

189 866 36 14 nas
242 859 130 26 inhägnande,
392 859 4 19 i
414 860 106 19 allmänhet
536 860 74 26 ganska
626 860 44 25 lätt,
688 860 115 26 isynnerhet
817 859 24 20 då
856 860 34 20 det
903 859 30 21 får

189 887 48 19 bero
252 886 25 26 på
291 886 152 26 kreatursegarn
457 886 45 25 sjelf
515 890 28 16 att
556 887 68 19 derom
640 887 119 24 bestämma,
776 887 38 19 och
827 886 39 20 han
876 886 55 26 icke,

191 913 69 19 såsom
277 918 26 14 nu
320 914 22 18 är
358 913 61 24 fallet,
438 913 36 19 kan
492 914 75 25 tvingas
584 916 28 17 att
628 913 39 19 ofta
685 912 86 26 onödigt,
791 914 68 24 stänga
876 912 58 30 långa

191 934 90 25 sträckor
298 939 25 25 på
342 940 110 23 utmarken,
468 942 51 21 samt
533 940 104 24 hägnaden
652 940 20 19 af
684 940 56 24 lagen
755 940 76 25 tvingas
846 942 28 17 att
888 940 46 24 följa

189 966 60 26 råen,
265 972 32 14 om
313 969 24 16 än
353 968 83 17 naturen
451 966 76 20 anvisat
541 966 38 20 den
594 972 23 13 en
632 972 61 13 annan
709 966 57 25 plats.

244 994 33 18 Att
289 992 116 26 jordegaren
420 994 29 18 för
463 995 27 17 att
504 993 58 20 vinna
576 993 106 25 fullkomlig
696 992 91 26 egofred,
798 998 60 24 gerna
868 992 63 20 skulle

190 1019 51 20 bistå
259 1025 86 20 grannen
364 1019 32 20 vid
411 1020 110 25 hägnadens
535 1020 121 25 uppförande
669 1019 36 19 bör
722 1024 44 14 man
785 1025 17 19 ej
819 1019 66 20 kunna
900 1019 33 20 be-

189 1046 54 19 tvifla
258 1045 24 20 dä
298 1051 45 14 man
356 1046 4 19 i
371 1046 87 20 utlandet
471 1046 68 24 finner,
553 1049 28 16 att
590 1046 69 25 många
667 1045 104 27 jordegare
780 1047 77 25 stänga,
869 1047 64 19 ehuru

190 1072 64 26 någon
276 1072 199 26 stängselskyldighet
495 1072 17 25 ej
533 1072 72 26 åligger
624 1072 52 20 dem.
706 1072 50 20 Skall
777 1072 78 20 derföre
871 1072 63 26 någon

190 1098 61 20 sådan
266 1098 117 24 bibehållas,
399 1098 22 20 så
435 1099 35 19 bör
485 1099 33 19 det
532 1099 68 19 endast
615 1104 46 14 vara
676 1100 47 22 den,
740 1101 27 17 att
781 1099 38 19 den
829 1104 44 14 som
883 1098 50 21 låter

190 1125 41 19 sina
245 1125 82 20 kreatur
340 1125 45 19 beta
400 1125 24 25 på
439 1126 121 24 skogbeväxt
574 1126 65 24 mark,
657 1128 22 17 är
689 1125 78 27 skyldig
776 1128 27 16 att
813 1126 68 25 stänga
891 1128 43 17 mot

189 1152 72 19 andras
281 1157 54 19 egor,
359 1152 82 19 emedan
458 1152 81 26 vallning
556 1152 36 20 der
608 1152 45 19 icke
671 1152 37 19 kan
722 1157 59 15 anses
796 1158 43 14 som
855 1154 27 17 ett
896 1153 37 19 till-

190 1178 83 25 räckligt
288 1180 48 18 värn
351 1184 33 13 om
398 1178 126 20 kreaturena.

243 1206 37 24 Jag
294 1204 63 20 finner
371 1204 60 20 också
446 1205 56 25 ingen
516 1206 100 24 anledning
631 1208 28 16 att
672 1206 30 18 för
716 1204 63 20 skilda
792 1207 52 17 orter
854 1204 78 21 utfärda

191 1231 49 19 olika
255 1231 141 25 författningar,
412 1231 47 19 eller
473 1230 38 20 låta
525 1231 157 20 bestämmandet
697 1233 68 18 härom
775 1232 47 19 bero
832 1231 18 19 af
860 1231 24 19 en
894 1232 40 19 ofta

190 1258 79 24 tillfällig
290 1258 98 23 pluralitet
408 1258 20 18 af
447 1257 133 20 intresserade
596 1260 66 22 parter
680 1258 32 18 vid
727 1262 24 14 en
765 1257 166 19 sockenstämma.

189 1282 30 20 En
239 1283 39 25 god
295 1282 81 24 egofred
392 1284 22 18 är
431 1282 37 20 lika
486 1283 108 25 nödvändig
610 1283 88 19 öfverallt
715 1284 37 18 och
769 1283 34 19 det
819 1283 64 19 bättre
897 1284 37 19 och

189 1309 87 26 billigare
290 1309 36 20 bör
340 1309 20 19 af
373 1309 58 26 lagen
443 1309 104 20 fastställas
558 1315 43 14 som
610 1310 58 25 regel,
680 1315 46 14 men
737 1308 43 26 vilja
790 1314 82 20 grannar
881 1310 50 20 sins-

189 1336 83 20 emellan
289 1336 183 24 öfverenskomma,
490 1339 28 17 att
535 1336 37 20 den
589 1336 30 20 får
634 1336 106 20 vidkännas
754 1336 83 24 skadan,
855 1342 42 14 som
913 1336 18 26 ej

189 1362 64 20 bättre
268 1364 74 24 stängt,
359 1362 22 20 så
395 1369 11 13 a
420 1364 17 18 la
452 1363 89 20 bonheur
554 1362 32 21 må
601 1363 65 19 förord
680 1364 58 25 bryta
752 1364 37 25 lag.

242 1390 33 20 Att
291 1390 56 25 lappa
366 1395 31 14 om
416 1390 50 20 1802
484 1389 33 20 års
532 1390 119 26 förordning,
668 1390 62 20 skulle
746 1390 69 20 endast
829 1390 100 20 förorsaka

189 1417 69 19 trassel
276 1417 39 19 och
330 1416 80 26 onödiga
425 1416 69 20 tvister
509 1422 32 14 om
555 1416 169 26 hägnadsskiften,
740 1416 25 20 då
779 1417 37 19 den
831 1416 100 21 såkallade

187 1448 38 21 nya
244 1444 100 25 principen
362 1443 5 19 i
385 1444 35 19 alla
438 1444 29 19 fall
486 1443 5 19 i
506 1450 24 13 en
545 1450 45 13 snar
605 1444 78 20 framtid
698 1444 56 20 torde
768 1444 59 20 blifva
841 1447 89 23 antagen.
