1011 1706
287 139 70 23 Nådiga
369 141 139 22 Propositionen
521 140 36 18 N:o
569 140 28 20 39.
768 140 44 19 1325

69 188 81 26 boskap,
168 189 70 19 medan
252 189 25 19 de
292 189 101 25 uppehålla
406 191 29 24 sig
445 190 4 19 i
460 190 49 25 skog
519 191 37 18 och
566 190 85 24 utmark,
663 190 80 26 mycket
753 190 53 26 svår,

68 221 31 13 om
113 215 45 19 icke
172 216 79 19 alldeles
265 215 84 26 omöjlig.
366 216 98 19 Utskottet
479 216 62 19 finner
555 216 29 25 sig
597 216 78 20 derföre
689 217 37 19 och
740 215 25 21 då
775 216 34 20 det

68 240 77 24 således
166 242 109 25 "lämpligast
295 245 50 16 samt
363 242 45 19 med
425 243 72 19 största
511 242 59 25 utsigt
583 243 27 19 till
625 242 100 25 framgång
739 242 35 20 bör
789 242 18 20 få

67 268 103 18 ankomma
185 267 25 25 på
218 267 137 26 jordbrukare,
367 270 61 18 hvars
438 274 52 20 egor,
502 268 69 20 odlade
581 266 46 22 eller
637 268 89 23 oodlade,
737 271 71 22 gränsa

67 294 26 19 till
109 294 48 24 skog
172 294 46 19 eller
234 294 86 25 utmark,
330 297 27 17 att
367 294 73 20 bereda
450 295 29 25 sig
489 295 64 25 nödigt
563 294 65 26 skydd
637 297 52 17 emot
698 294 36 19 der
744 294 64 26 kring-

67 320 113 28 ströfvande
194 320 67 20 hästar
276 322 38 18 och
329 321 64 19 större
407 320 82 26 boskap,
505 320 104 20 föranlåtet
618 323 28 17 att
656 321 107 24 hemställa,
776 326 32 14 om

67 346 44 20 icke
131 346 37 20 den
189 352 26 14 nu
236 347 88 25 gällande
345 347 224 26 hägnadsskyldigheten
587 347 44 19 med
645 347 62 19 dertill
722 347 87 19 hörande

67 373 164 25 stängselvitsord
245 374 66 19 kunde
325 373 117 24 fortfarande
456 373 107 20 bibehållas
577 374 6 18 i
597 373 22 20 så
635 373 67 25 måtto,
718 376 28 16 att
758 374 50 19 hvar

66 400 37 18 och
118 405 31 19 en,
166 405 43 13 som
223 400 72 20 önskar
309 405 22 14 se
345 400 40 20 sina
402 406 52 19 egor,
470 400 69 20 odlade
553 400 47 20 eller
613 400 44 19 icke
674 400 79 24 odlade,
769 400 39 19 fre-

67 426 50 19 dade
137 428 41 17 mot
198 426 122 20 fremmande
340 427 78 19 hästars
440 427 48 19 eller
501 427 64 19 större
579 426 144 25 boskapsdjurs
737 426 71 19 inträn-

66 453 69 25 gande,
152 458 48 14 vore
215 453 107 19 förbunden
336 455 28 17 att
380 453 82 26 inhägna
479 453 58 20 dessa
552 459 47 20 egor
613 453 84 20 medelst
710 453 41 26 gles
765 454 43 24 gär-

67 479 84 25 desgård
165 479 21 19 af
198 479 38 19 den
251 479 142 24 beskaffenhet,
410 485 43 14 som
468 479 83 26 antydes
565 480 5 19 i
585 480 9 24 $
610 480 23 19 12
648 480 21 18 af
680 479 34 19 det
723 479 5 19 i
738 484 70 20 propo-

67 505 83 20 sitionen
165 505 93 24 ingående
272 505 223 26 författningsförslaget,
511 505 103 20 äfvensom
627 508 28 17 att
668 506 44 23 han,
729 505 35 19 der
776 511 33 13 an-

66 536 49 15 nans
137 532 100 19 enahanda
258 537 47 20 egor
325 535 61 16 mötte
406 532 59 25 hans,
485 537 48 14 vore
549 531 108 26 berättigad
674 534 28 17 att
719 531 89 25 förplikta

67 563 86 21 grannen
168 560 28 17 att
210 558 44 19 med
270 559 72 18 honom
355 559 76 24 deltaga
446 558 5 19 i
465 558 129 26 uppförandet
609 559 37 18 och
659 557 122 20 underhållet
790 558 20 19 af

67 584 62 20 sådan
144 584 126 26 gärdesgård.
299 584 28 20 På
341 584 63 26 grund
419 585 57 19 häraf
488 585 37 19 och
539 584 70 20 såvida
624 584 106 24 Utskottet,
746 583 24 26 på
781 584 28 19 of-

68 617 38 14 van
120 611 79 20 anförda
213 611 49 25 skäl,
279 611 61 26 hyser
353 612 39 18 den
406 610 58 26 åsigt,
480 613 27 18 att
522 616 58 21 egare
594 611 47 19 eller
655 609 125 20 innehafvare
789 611 21 18 af

67 637 76 20 mindre
158 637 90 24 hemdjur
262 637 87 26 skäligen
363 638 36 19 bör
414 637 64 20 kunna
493 637 76 26 åläggas
584 639 27 17 att
626 642 47 20 egna
687 637 45 19 dem
748 635 60 21 sådan

67 663 56 25 vård,
139 667 28 16 att
180 664 26 20 de
219 664 45 19 icke
278 663 101 20 inkomma
393 663 25 26 på
432 669 73 15 annans
519 663 63 25 mark,
599 663 64 20 måste
672 663 100 20 Utskottet
782 663 27 19 in-

67 691 84 19 skränka
174 690 33 20 sitt
227 690 130 20 förordnande
374 691 20 18 af
410 690 235 26 hägnadsskyldighetens:
661 690 38 19 och
714 689 94 25 stängsel-

67 716 107 21 vitsordets
194 717 120 20 afskaffande
334 717 26 19 till
381 717 25 19 de
426 717 99 24 hägnader
542 717 38 19 och
597 717 95 25 stängsel,
712 720 43 15 som
773 718 35 17 äro

67 743 125 25 nödvändiga
208 744 30 19 för
254 743 25 20 de
295 743 77 20 mindre
389 742 120 26 husdjurens
525 743 148 25 utestängande,
690 743 46 19 eller
750 742 39 19 den
803 742 5 19 i

68 770 10 25 $
93 771 24 18 12
133 771 20 18 af
165 770 87 25 änsagde
265 770 194 25 författningsförslag
474 769 116 20 omnämnda
604 771 39 18 täta
657 768 105 26 stängseln.

121 797 37 19 Om
178 796 60 21 också
256 796 39 20 den
309 797 113 25 grundsats,
439 801 43 14 som
496 799 22 16 är
531 796 74 19 uttalad
619 796 5 19 i
639 796 60 19 första
713 795 94 25 punkten,

67 823 37 20 Mir
124 823 36 26 lag,
184 829 47 14 vare
251 823 30 24 sig
298 823 4 19 i
321 823 125 20 oförändradt
462 823 56 19 skick
536 823 47 19 eller
597 822 5 19 i
617 821 62 26 någon
694 820 115 21 modifierad

68 850 60 23 form,
152 849 21 20 så
195 850 56 19 torde
265 849 51 20 dock
331 849 83 26 mången
426 848 131 25 jordbrukare
571 848 53 19 finna
638 848 33 19 det
685 848 30 19 för
728 847 30 26 sig
771 847 39 19 för-

67 877 120 25 delaktigare
201 879 34 21 att,
252 876 66 20 såsom
333 882 32 18 nu,
382 876 47 19 söka
444 881 72 20 genom
530 880 49 21 egna
593 876 39 18 täta
647 874 97 26 hägnader
755 873 55 20 freda

68 903 120 19 åtminstone
206 903 25 20 de
245 903 69 20 odlade
329 908 71 20 egorna
415 903 29 18 för
457 901 123 20 fremmande
593 901 76 19 mindre
681 899 51 26 djur,
743 901 26 22 än
782 902 28 17 att

67 930 6 18 i
95 929 53 20 detta
169 929 113 20 hänseende
301 931 50 18 sätta
372 929 23 20 all
417 929 31 19 sin
467 929 22 18 lit
508 928 26 20 till
555 928 67 25 lagens
641 927 47 20 bud.
717 927 57 19 Detta
788 927 22 18 är

69 955 22 21 så
105 956 81 26 mycket
199 956 132 24 sannolikare,
348 961 44 14 som
409 955 112 26 derigenom
537 953 25 26 på
577 959 76 14 samma
667 953 49 26 gång
730 952 33 20 två
777 958 34 14 an-

69 983 35 19 dra
124 982 87 20 ändamål
234 983 79 24 vinnas;
336 981 61 20 sådan
417 981 75 26 hägnad
513 983 114 22 utestänger
642 979 97 26 nemligen
753 979 58 19 äfven

69 1010 50 19 hans
139 1015 49 19 egen
210 1009 76 25 boskap
307 1009 38 19 och
366 1008 79 20 hindrar
458 1008 47 23 den,
521 1007 24 20 då
559 1007 38 20 den
611 1006 30 20 får
655 1006 45 19 beta
713 1005 96 25 derinom,

69 1039 28 16 att
114 1036 86 25 aflägsna
218 1036 36 25 sig.
283 1036 43 19 Men
343 1035 34 20 der
396 1041 24 13 en
436 1033 59 21 sådan
509 1034 84 25 stängsel
608 1033 80 19 inrättas
702 1032 69 19 utmed
786 1037 25 14 en

69 1061 88 26 skiljorå,
173 1062 37 19 blir
224 1062 37 19 den
276 1062 6 19 i
295 1062 25 19 de
334 1061 56 20 flesta
405 1061 29 19 fall
449 1061 62 26 nyttig
524 1061 58 18 äfven
597 1060 29 19 för
639 1059 140 19 innehafvaren
792 1058 21 19 af

69 1089 26 19 de
114 1088 137 26 angränsande
270 1092 81 21 egorna,
371 1088 38 19 och
426 1087 34 19 vid
476 1087 69 19 sådant
561 1085 118 20 förhållande
696 1085 36 19 bör
748 1083 63 26 någon

70 1114 102 26 möjlighet
192 1121 48 13 vara
257 1114 75 21 beredd
348 1115 28 18 för
392 1113 46 25 den,
455 1119 44 14 som
512 1112 79 26 uppfört
605 1111 110 26 hägnaden,
732 1113 28 17 att
774 1111 38 18 för-

70 1141 61 26 plikta
145 1141 37 20 den
197 1147 79 20 granne,
292 1146 44 14 som
350 1141 57 19 deraf
417 1140 72 24 drager
502 1141 61 24 nytta,
580 1141 27 16 att
621 1138 75 24 deltaga
706 1137 6 19 i
722 1137 90 30 densam-

71 1173 43 15 mas
129 1167 122 26 uppförande
266 1168 38 19 och
318 1166 109 21 underhåll.
456 1167 69 23 Sättet,
541 1166 52 27 huru
602 1164 53 20 detta
665 1163 87 20 ändamål
764 1163 48 29 skall

71 1194 76 24 vinnas,
163 1195 55 24 utgör
233 1193 81 20 föremål
328 1193 29 20 för
371 1191 190 26 bestämningarne
551 1185 13 38 i
574 1190 74 25 fjerde
658 1189 94 26 punkten,
765 1189 49 18 hvil-

72 1221 36 19 ken
123 1220 77 26 ålägger
214 1219 234 26 lägenhetsinnehafvare,
465 1224 43 14 som
522 1218 97 19 förmenar
633 1219 27 16 att
677 1216 49 19 hans
740 1220 73 25 granne

72 1248 39 19 kan
133 1247 58 20 hafva
212 1247 61 19 fördel
293 1246 21 19 af
331 1245 86 26 hägnad,
436 1251 44 14 som
497 1245 36 18 han
551 1243 32 20 vill
601 1243 81 25 uppföra
696 1240 69 21 utmed
778 1246 36 14 rän

72 1273 84 20 emellan
170 1273 58 20 deras
243 1279 53 19 egor,
312 1274 28 17 att
353 1271 80 25 inbjuda
447 1271 63 20 denne
524 1270 27 19 till
561 1269 114 24 deltagande
685 1269 5 18 i
700 1267 114 30 hägnadens

72 1299 120 24 inrättande,
212 1301 52 18 samt
280 1299 106 25 berättigar
400 1299 82 23 honom,
498 1297 36 19 ifall
549 1301 86 20 grannen
649 1295 75 24 afslagit
738 1293 77 24 inbjud-

73 1327 81 23 ningen,
172 1332 44 12 men
230 1325 60 19 sedan
304 1323 90 21 befinnes
408 1324 25 19 till
449 1324 29 18 sin
493 1325 54 22 nytta
560 1322 87 24 begagna
662 1320 110 29 hägnaden,
788 1321 27 18 att

74 1351 90 25 förplikta
178 1356 84 20 grannen
277 1353 27 17 att
318 1350 74 25 utgifva
406 1349 43 19 icke
466 1349 84 19 allenast
562 1347 34 19 full
611 1349 109 21 ersättning
734 1346 37 29 för.
777 1345 38 19 den

74 1377 10 20 å
101 1378 71 18 honom
188 1377 28 26 sig
230 1376 107 25 belöpande
351 1375 83 20 andelen
448 1375 5 18 i
469 1373 109 26 hägnaden,
595 1375 46 16 utan
654 1372 37 19 ock
701 1371 115 28 derutöfver

74 1403 74 21 hälften
168 1403 19 20 af
206 1404 63 19 denna
290 1402 118 25 -ersättnings
424 1400 78 26 belopp:
532 1399 168 29 Utskottet,
660 1392 37 40 som
715 1397 20 20 af
748 1396 10 26 $
773 1396 24 31 16
810 1401 5 14 i

74 1431 35 20 det
125 1430 5 19 i
145 1430 146 26 propositionen
306 1428 94 26 ingäende
415 1428 92 24 förslaget
523 1426 26 20 till
566 1425 111 25 författning
691 1430 5 13 i
710 1425 66 18 ämnet
789 1428 28 14 in-
