986 1703
194 150 47 30 1434
407 153 71 22 Nådiga
490 155 140 21 Propositionen
643 154 36 17 N:o
691 153 28 18 43.

193 203 117 21 betsskråen
325 203 64 19 kunde
403 203 66 25 frågor
482 209 32 13 om
528 203 143 25 mästareprofs
685 203 82 25 gillande
781 202 71 26 dragas
870 202 63 21 under

193 230 134 25 magistraten.

246 257 38 19 Det
297 256 36 19 bör
346 255 58 20 äfven
417 255 111 25 anmärkas,
544 257 28 18 att
585 255 61 20 redan
660 255 63 20 denna
737 255 28 19 tid
779 254 66 21 försök
857 254 77 21 skedde

194 285 28 17 att
243 288 70 21 genom
333 281 112 26 privilegier
465 281 103 21 utfärdade
588 281 21 20 af
626 281 114 26 regeringen
759 281 125 26 undandraga
904 283 30 24 sig

195 308 132 27 skrätvänget,
343 309 38 19 och
395 308 137 20 framkallades
546 307 60 20 dessa
622 308 66 20 försök
703 308 20 19 af
738 309 125 24 regeringens
877 309 57 19 sträf-

193 341 39 15 van
246 339 28 16 att
287 341 73 19 genom
373 337 80 23 stränga
468 335 113 25 monopoler
594 335 39 19 och
649 333 97 27 beviljade
763 335 80 19 friheter
860 334 19 20 få
894 340 41 14 ma-

193 362 102 20 nufaktur-
308 362 39 19 och
360 361 167 26 fabriksnäringen
541 363 28 18 att
582 362 103 19 blomstra.
714 360 26 20 Så
753 361 103 19 utkommo
865 362 69 18 nästan

193 388 99 26 samtidigt
311 388 46 19 med
378 388 38 19 den
437 388 61 20 första
518 386 156 27 skråordningen
693 388 26 19 de
741 388 30 19 för
787 387 149 20 «Handtverks-

194 416 72 23 husen,
282 420 44 14 som
341 415 35 19 här
390 414 37 20 och
441 414 36 20 der
491 414 5 19 i
510 414 50 20 riket
574 414 80 19 inrättas
668 414 79 25 skola»,
762 414 37 20 den
811 414 23 20 18
845 414 90 26 Septem-

194 442 36 19 ber
244 442 52 19 1668
309 440 103 20 utfärdade
420 441 116 25 privilegier.
565 441 30 19 En
605 440 154 26 handtverkare,
775 446 44 14 som
831 440 45 20 ville
887 440 49 20 und-

194 468 62 26 slippa
270 466 137 27 skråtvånget,
423 468 57 19 sökte
495 467 228 25 arbetshusprivilegier,
739 467 80 20 alldeles
836 473 44 14 som
898 468 37 19 han

193 495 6 19 i
213 494 37 20 vår
267 494 28 20 tid
312 494 58 19 söker
386 493 198 26 fabriksprivilegier,
601 494 38 19 och
659 494 49 19 slikä
724 494 97 25 undantag
842 493 42 20 från
903 494 34 20 det

193 520 123 21 herrskande
333 522 98 25 systemet
448 519 125 28 medgäfvos,
592 526 45 13 men
654 519 57 27 gäfvo
728 520 104 25 anle.ning
849 521 27 19 till
896 522 40 18 täta

193 547 98 26 klagomål
308 547 32 19 vid
357 547 136 25 riksdagarne,
511 547 115 26 isynnerhet
642 546 42 20 från
698 547 171 25 borgareståndet.

246 573 43 21 Carl
304 574 36 25 XI,
356 573 61 20 sedan
432 574 37 19 han
483 572 45 27 sjelf
541 573 79 20 tillträdt
634 573 127 26 regeringen,
780 573 156 26 återupplifvade

194 601 5 19 i
214 600 96 21 särskilda
324 600 30 19 fall
369 600 34 20 det
417 602 77 23 stränga
508 599 127 26 skråtvånget
648 599 6 20 i
667 600 49 19 dess
730 601 63 24 gamla
807 601 51 18 form
863 595 12 34 i
872 600 64 20 strid

194 627 46 20 med
256 627 51 20 1669
322 625 33 21 års
369 625 135 27 skråordning,
520 632 44 14 som
578 626 81 26 medgaf
672 632 24 14 en
710 627 59 19 friare
783 626 57 20 täflan
854 627 83 20 emellan

194 653 69 26 sjelfva
278 652 80 21 skråen.
387 653 57 20 Detta
459 653 79 20 oaktadt
552 659 36 13 var
608 653 38 20 han
666 653 51 20 dock
737 653 38 20 den
795 656 75 23 regent,
892 659 44 14 som

194 682 45 18 sent
255 679 88 20 omsider
359 679 51 20 fäste
427 679 59 25 något
502 679 93 20 afseende
613 679 32 20 vid
661 679 158 20 bondeståndets
836 681 98 24 enträgna,

195 706 31 20 vid
240 708 72 18 nästan
326 706 37 20 alla
377 706 102 25 riksdagar
492 705 63 20 under
570 705 60 20 17:de
644 706 65 19 seklet
723 706 113 26 upprepade
848 705 89 21 anhållan

194 738 33 14 om
240 732 139 26 upphäfvande
392 732 21 19 af
425 732 25 20 de
464 733 78 24 stränga
558 732 97 19 förbuden
672 735 43 16 mot
731 732 85 20 idkande
833 733 21 19 af
868 732 69 20 handt-

194 759 50 20 verk
258 758 25 26 på
297 758 72 20 landet.
398 759 44 19 Han
456 758 48 20 tillät
519 758 113 20 socknarne
646 758 57 20 hafva
717 758 41 20 sina
774 759 52 19 vissa
837 759 101 25 gernings-

194 788 52 22 män,
262 784 79 20 hvilkas
355 786 49 18 antal
420 784 51 20 dock
485 784 61 20 skulle
556 785 127 19 bestämmas
691 786 21 18 af
720 784 167 26 landshöfdingen,
899 786 39 19 och

194 811 60 20 desse
268 811 98 20 befriades
380 816 71 20 genom
465 811 45 19 Res.
526 810 26 26 på
565 811 53 19 allm.
633 810 74 20 besvär
722 811 39 19 den
775 812 25 18 22
815 812 50 19 Nov.
877 812 58 24 1680,

194 837 10 25 $
219 838 31 24 14,
266 837 38 20 den
319 838 23 18 11
358 837 51 19 Nov.
421 838 58 24 1686,
490 837 20 25 $$
521 838 23 19 47
555 838 39 18 och
604 837 31 24 50,
647 840 52 16 samt
709 838 46 18 Res.
766 837 25 26 på
801 838 51 19 städ.
864 838 74 19 besvär

194 864 38 20 den
246 864 25 20 22
281 864 50 20 Nov.
343 863 59 24 1686,
413 863 10 25 $
433 864 32 24 13,
477 863 42 20 från
528 863 24 21 all
562 863 53 19 skatt
624 863 26 20 till
661 863 92 21 städerna
763 864 39 20 och
811 863 42 21 från
864 864 22 20 all
897 863 42 22 åta-

194 890 31 20 lan
238 890 22 20 af
268 889 79 25 skråen,
358 892 55 17 emot
422 890 33 20 det
464 892 28 17 att
501 890 25 20 de
536 889 26 20 till
573 888 75 21 kronan
659 890 66 20 erlade
734 890 41 20 sina
788 890 148 26 gerningsören.

247 916 67 20 Redan
328 916 33 20 vid
376 916 51 20 1680
445 916 34 19 års
495 916 80 26 riksdag
594 916 51 19 hade
665 916 138 26 ridderskapet
822 918 40 18 och
881 916 57 20 adeln

195 942 80 20 anhållit
288 948 33 14 om
336 942 83 20 skråens
433 942 127 24 afskaffande,
577 948 45 13 men
636 941 60 27 något
709 948 47 14 svar
771 942 47 20 derå
833 944 72 19 erhölls
919 942 18 27 ej

194 969 63 20 under
270 968 142 20 envåldstiden.
441 968 37 20 Vid
493 969 51 19 1749
558 968 34 20 års
606 968 80 26 riksdag
699 970 42 19 blef
754 968 144 21 skråväsendet
911 972 28 17 ett

195 996 21 18 af
228 995 25 20 de
267 995 108 19 förnämsta
390 995 150 24 tvisteämnena,
557 996 44 23 och,
618 994 79 20 oaktadt
711 994 173 27 borgareståndets
893 1001 47 20 pro-

196 1023 71 23 tester,
287 1021 81 19 väcktes
384 1021 7 19 i
407 1021 80 20 sekreta
504 1022 98 19 utskottet
620 1022 71 25 förslag
707 1027 33 14 om
757 1021 83 20 skråens
856 1022 84 25 upphäf-

194 1047 64 20 vande
272 1050 52 17 samt
337 1052 32 15 om
383 1047 93 26 rättighet
489 1047 29 20 för
532 1048 74 19 enhvar
619 1050 29 17 att
665 1048 68 19 arbeta
750 1049 38 18 och
805 1047 43 21 föda
866 1048 30 25 sig
913 1047 25 27 på

196 1073 52 20 hvad
258 1076 40 17 sätt
306 1079 43 14 som
364 1074 59 19 helst.
451 1075 69 18 Denna
533 1073 51 26 gång
596 1074 105 20 strandade
709 1074 52 19 dock
771 1073 78 27 frågans
858 1079 80 20 genom-

196 1099 82 20 förande
291 1100 6 19 i
311 1099 153 26 presteståndet,
481 1105 43 14 som
538 1100 31 19 väl
587 1099 110 20 förklarade
716 1100 30 25 sig
766 1101 81 19 omfatta
868 1099 70 26 sjelfva

197 1126 69 24 saken,
282 1131 46 14 men
342 1125 61 26 ansåg
417 1126 173 25 verkställigheten
602 1126 47 19 böra
657 1125 119 26 uppskjutas
785 1126 26 20 till
822 1128 56 18 nästa
888 1126 50 20 riks-

198 1151 44 31 dag.
272 1152 113 20 Emellertid
399 1152 114 20 utfärdades
526 1152 38 19 den
578 1152 26 19 26
618 1151 36 27 Maj
669 1153 52 19 1719
731 1158 24 14 en
766 1152 130 26 «Förordning
906 1158 32 14 om

197 1179 140 25 Frimästare»,
352 1178 80 20 hvilken
446 1179 112 25 förordning
574 1178 107 20 förunnade
694 1180 50 18 hvar
758 1180 38 19 och
809 1185 25 14 en
847 1182 47 16 utan
910 1178 29 21 åt-

198 1204 83 25 skilnad,
298 1210 44 14 som
360 1205 38 19 lärt
417 1204 58 27 något
494 1204 120 26 handtverk,
632 1205 122 20 obehindrad
774 1207 39 18 rätt
829 1208 27 17 att
877 1206 63 20 under

197 1236 60 15 namn
273 1232 21 19 af
310 1232 110 19 frimästare
437 1232 45 20 idka
498 1232 120 24 detsamma,
635 1234 47 18 utan
700 1232 69 20 hinder
782 1232 21 20 af
815 1232 72 21 skråen
901 1233 38 19 och

196 1259 46 17 utan
260 1257 113 29 skyldighet
388 1260 31 17 att
435 1257 103 26 förfärdiga
555 1257 59 25 något
631 1258 154 24 mästerstycke,
804 1258 82 19 allenast
902 1259 37 18 han

196 1283 31 19 för
239 1286 130 22 magistraten
382 1283 99 25 uppgifvit
494 1283 54 20 hvad
561 1283 53 25 slags
629 1283 109 20 handtverk
753 1284 38 19 han
801 1284 82 19 ämnade
892 1284 48 20 drif-

196 1314 32 19 va,
245 1311 53 18 samt
310 1308 47 21 derå
373 1309 69 20 vunnit
456 1309 94 26 burskap.
579 1310 57 19 Detta
654 1309 65 20 skulle
734 1309 52 21 dock
804 1310 69 20 endast
890 1310 49 26 gälla

196 1336 31 19 för
241 1336 99 25 städerna,
355 1341 46 15 men
416 1336 30 20 för
459 1336 65 20 landet
537 1336 95 25 qvarstod
646 1336 33 20 det
693 1337 63 25 gamla
770 1336 80 27 tvånget
864 1337 76 20 oförän-

197 1362 65 20 dradt.
290 1362 145 26 Förordningen
449 1362 49 20 hade
512 1362 52 20 dock
578 1362 46 20 kort
639 1362 132 26 varaktighet,
790 1365 22 24 ty
829 1363 59 20 redan
905 1363 33 20 vid

199 1389 51 20 4720
265 1388 33 20 års
312 1389 80 26 riksdag
405 1389 95 26 lyckades
516 1389 35 20 det
566 1388 164 27 borgareståndet
747 1392 29 17 att
792 1390 146 27 tillvägabringa

198 1421 25 14 en
237 1415 110 26 väsendtlig
360 1415 111 26 förärdring
484 1415 49 20 deri.
564 1416 51 20 1669
632 1415 33 20 års
683 1415 130 27 skråordning
828 1416 112 21 omarbeta-

198 1441 37 21 des
256 1443 39 18 och
311 1442 42 20 deri
370 1442 64 26 intogs
450 1444 29 18 att
496 1442 53 20 1719
565 1441 33 20 års
615 1442 107 26 stadgande
739 1448 32 14 om
789 1443 150 26 frimästerskap
