998 1706
270 147 71 21 Nädiga
352 148 141 22 Propositionen
506 148 36 18 N:o
555 150 27 17 50.
750 151 45 19 1691

151 196 38 20 bud
203 196 28 19 till
245 203 54 13 svars
313 197 81 24 komma,
410 198 31 18 vid
454 198 87 26 äfventyr
556 201 29 17 att
599 199 52 25 eljest
664 200 56 25 enligt
735 200 27 20 10
776 200 16 28 $

151 224 24 19 11
189 224 43 25 kap.
248 224 120 26 Rättegängs
386 226 70 19 Balken
468 233 67 19 genom
550 227 90 20 Kronans
655 228 43 19 eller
711 228 81 20 Räittens

149 252 79 25 beljente
243 254 94 22 inställas,
355 254 68 18 hvilket
437 255 56 25 äfven
506 255 50 24 gälle
570 256 107 24 utspridare
692 256 25 25 af
728 256 63 26 skrift,

150 280 61 20 hvarä
230 281 133 26 boktryckares
384 288 56 13 namn
459 285 50 17 samt
529 284 138 25 tryckningsort
689 285 33 18 och
740 284 52 20 årtal

151 309 17 25 ej
175 309 70 25 finnas
259 312 77 17 utsatta.

385 347 33 27 $$
433 348 29 20 60
475 349 35 19 och
525 349 32 19 61.

193 387 32 24 (Af
245 392 76 15 samma
342 387 83 20 innehäll
442 394 44 14 som
505 389 141 20 motsvarande
662 389 22 26 $$
701 389 5 20 i
720 395 72 21 propo-

152 413 99 25 sitionen.)

440 447 16 27 8
471 448 32 19 62.

187 483 77 24 Önskar
283 487 94 19 svarande
395 489 7 17 i
422 487 158 26 tryckfrihetsmäl
601 489 82 18 rörande
705 495 85 20 angrepp

151 518 49 17 emot
215 516 71 19 enskild
297 521 68 18 person
381 515 62 19 bevisa
458 516 92 19 tillmälets
565 518 87 23 sanning,
666 517 51 24 gälle
727 518 64 19 derom

149 543 52 20 hvad
215 545 6 17 i
236 543 82 20 särskild
331 543 112 25 förordning
458 551 29 12 om
499 543 52 25 falsk
566 545 103 25 angifvelse
682 545 34 19 och
727 551 64 13 annan

152 572 139 25 ärekränkning
305 574 24 17 är
342 571 96 26 stadgadt.

438 626 66 27 863.

185 666 63 20 Sedan
259 669 93 23 parterne
367 667 63 24 anfört
445 667 49 19 hvad
508 667 23 20 de
544 669 8 17 i
567 667 58 20 saken
640 667 60 20 önska
714 670 29 17 att
757 671 33 16 an-

148 695 64 26 draga
234 695 34 20 och
287 695 63 20 bevisa
369 697 49 17 samt
437 695 41 19 dem
498 695 77 20 lemnats
591 695 70 26 tillfälle
676 698 28 17 att
718 697 73 24 afgifva

150 723 141 26 slutpästäende
305 724 33 19 och
352 723 107 26 förklaring
474 723 91 24 deröfver,
581 723 48 20 skall
644 723 101 20 domstolen
760 726 30 25 af-

148 752 66 19 kunna
229 752 68 25 utslag,
316 752 73 22 hvilket,
410 751 25 19 dä
450 751 55 20 målet
520 752 59 24 blifvit
594 751 104 26 handlagdt
712 753 26 25 af
753 753 37 20 Un-

151 780 77 23 derrätt,
245 780 34 19 bör
291 779 127 20 underställas
425 781 92 24 pröfning
527 781 24 25 af
557 779 137 20 vederbörande
705 780 85 26 Hofrätt,

150 809 53 25 öfver
222 809 57 19 hvars
298 809 62 24 utslag
379 808 37 19 den
430 808 101 25 missnöjde
545 809 36 18 har
595 808 90 24 rättighet
700 811 27 16 att
742 810 49 18 inom

150 843 73 13 samma
243 837 28 19 tid
290 837 33 19 och
342 838 7 17 i
368 837 36 19 den
418 837 86 25 ordning,
525 843 40 13 som
593 839 22 17 för
630 836 61 19 andra
705 836 87 21 brottmål

150 868 25 16 är
185 865 88 26 stadgad,
288 865 69 26 anföra
367 865 68 19 besvär
445 865 7 18 i
462 864 92 20 Senatens
568 865 75 19 Justitie
652 864 138 25 Departement.

433 944 12 20 9
459 944 54 25 Kap.

299 997 31 20 Om
341 997 55 20 böter
408 997 33 19 och
453 997 54 18 deras
518 996 126 25 förvandling.

441 1047 16 28 $
472 1047 32 20 64.

186 1089 59 20 Böter
263 1087 82 20 ädömda
363 1088 57 25 enligt
438 1088 63 19 denna
514 1087 116 26 förordning
649 1087 75 26 tillfalla
742 1087 50 19 Kro-

151 1125 45 12 nan.
230 1113 39 24 Äro
289 1116 22 19 de
331 1115 82 21 ädömda
433 1117 55 24 enligt
507 1116 69 19 allmän
595 1115 32 25 lag
647 1115 43 19 eller
709 1115 83 20 särskild

145 1148 124 25 författning,
281 1145 90 25 fördelas
390 1145 34 18 och
438 1144 117 27 förvandlas
569 1143 23 20 de
603 1142 29 26 pä
646 1146 45 20 sätt,
707 1149 40 14 som
755 1143 37 25 för

152 1174 66 25 hvarje
225 1174 42 25 fall
281 1177 24 16 är
313 1173 129 26 föreskrifvet.

441 1227 16 26 $
472 1227 33 20 65.

191 1270 72 19 Brister
285 1269 33 19 hos
340 1267 36 19 den
398 1267 86 26 sakfälde
505 1265 77 27 tillgång
604 1267 28 17 att
652 1265 58 26 gälda
735 1265 57 23 böter,

155 1298 74 19 hvartill
243 1298 38 19 han
297 1297 58 26 blifvit
363 1295 47 26 fäld
420 1295 57 26 enligt
486 1295 63 19 denna
553 1293 120 26 förordning,
678 1293 116 26 förvandlas

154 1326 24 18 de
199 1327 27 18 till
244 1325 84 25 fängelse
347 1324 57 23 enligt
422 1323 45 19 dei
481 1322 127 26 nästföljande
623 1321 16 26 $
653 1323 71 17 utsatta
737 1328 57 17 grun-

155 1354 42 23 der;
216 1353 33 20 och
269 1353 50 18 skall
328 1351 154 26 fängelsestraff,
498 1349 59 20 ehvad
571 1349 31 18 det
617 1349 118 24 ovilkorligen
750 1348 44 19 eller

155 1383 7 17 i
171 1381 62 20 stället
238 1381 36 26 för
289 1381 51 18 böter
355 1379 58 24 blifvit
428 1377 82 24 ädömdt,
524 1377 110 20 verkställas
644 1377 7 18 i
660 1371 134 42 straffanstalt,

155 1416 42 13 som
205 1411 36 24 för
255 1409 68 20 sådant
331 1403 134 35 frihetsstraff
480 1405 92 20 bestämdt
586 1407 29 20 är,
630 1411 41 25 men
685 1410 17 19 ej
716 1403 31 20 mä
762 1410 32 27 nå

155 1445 39 18 gon
208 1440 7 17 i
231 1439 32 24 thy
273 1437 38 26 fall
325 1438 27 18 uti
361 1435 97 27 fängelset
473 1434 89 26 beläggas
576 1432 43 20 med
634 1433 51 25 bojor
699 1432 45 19 eller
757 1431 38 20 hål-

707 1465 43 16 106”
