986 1700
200 158 44 18 1428
414 155 71 23 Nådiga
497 155 140 23 Propositionen
650 154 36 18 N:o
699 154 28 18 43.

201 207 73 18 komst.
303 205 119 24 Förändring
437 205 21 19 af
470 204 53 20 detta
538 203 169 20 missförhållande
722 208 61 21 synes
800 202 78 20 således
895 207 46 14 vara

202 233 20 18 af
235 231 93 20 behofvet
342 230 94 26 påkallad.

254 267 34 19 Ett
301 268 57 17 annat
371 264 198 26 anmärkningsvärdt
583 263 169 21 missförhållande
766 263 132 20 förekommer
916 263 28 19 uti

202 293 39 20 den
256 292 53 20 äldre
323 291 142 26 lagstiftningen
479 291 5 20 i
499 291 94 20 afseende
608 290 10 20 å
633 290 96 25 qvinnans
743 290 112 28 förbisedda
869 291 39 18 rätt
917 292 28 27 att

202 324 71 21 genom
290 317 50 26 slöjd
357 318 38 19 och
412 323 62 14 annan
491 317 209 25 näringsverksamhet
717 317 82 24 försörja
817 317 29 24 sig
860 317 37 18 och
916 321 29 14 sin

204 345 122 20 omvårdnad
342 347 52 16 samt
411 345 49 18 efter
477 343 59 26 insigt
553 344 37 19 och
607 342 86 27 förmåga
712 348 61 21 gagna
791 343 34 19 det
841 343 103 19 allmänna.

204 369 63 23 Äfven
282 371 52 20 detta
349 369 120 21 förhållande
483 375 59 21 synes
557 370 65 19 fordra
636 370 87 19 rättelse.

256 407 76 19 Genom
346 405 137 26 förordningen
500 404 101 27 angående
617 403 189 21 handtverkerierna
821 405 38 18 och
878 409 68 14 manu-

208 433 111 19 fakturerna
334 432 4 19 i
353 431 86 25 Finland,
454 431 65 26 gifven
536 431 38 20 den
593 431 23 19 42
635 431 109 19 December
763 431 60 24 1859,
843 433 50 17 samt
910 430 38 19 för-

206 459 106 24 ordningen
326 457 100 26 angående
440 458 107 19 inrättande
561 457 20 19 af
594 457 144 20 handelsbodar
752 455 25 26 på
795 457 66 20 landet
877 456 19 20 af
909 456 37 20 den

204 486 25 19 49
244 485 5 19 i
264 490 75 14 samma
354 483 76 25 månad,
446 485 34 18 äro
494 485 30 19 väl
539 483 72 20 lättade
628 485 83 23 utvägar
727 485 28 17 att
772 483 45 20 med
836 483 109 19 handtverk

204 512 36 19 och
251 510 73 26 slöjder
334 510 29 29 sig
372 509 89 25 försörja,
478 513 51 17 samt
543 510 29 19 för
587 509 151 20 handelsvarors
748 509 127 20 anskaffande
883 509 63 25 jemte

203 537 105 26 afsättning
323 537 20 19 af
352 537 116 24 jordbruks-
483 538 38 19 och
535 535 123 26 slöjdealster
671 536 29 19 för
714 535 143 20 innevånarene
872 535 24 26 på
906 536 40 19 lan-

202 563 34 21 det
250 563 60 20 redan
324 563 93 20 beredde.
446 563 43 19 Men
503 565 52 18 ännu
569 567 60 21 synas
643 563 54 19 vissa
713 561 70 21 hinder
800 563 29 19 för
847 562 99 26 näringar-

204 596 43 18 nes,
263 590 93 19 handelns
370 590 38 19 och
421 588 104 26 sjöfartens
535 588 146 26 fullständigare
690 588 114 26 utveckling
814 588 82 20 återstå.
911 588 33 20 Till

203 615 158 25 undanrödjande
375 616 20 19 af
407 616 59 19 dessa
480 616 69 20 hinder
563 615 33 19 vill
611 615 61 19 Hans
690 614 130 27 Kejserliga
834 615 112 24 Majestät

202 643 32 19 för
246 641 90 21 Finlands
350 641 84 21 Ständer
447 641 6 19 i
466 642 65 21 Nåder
545 640 71 21 föreslå
631 640 83 26 följande
726 641 134 25 förändringar
871 641 5 19 i
887 646 60 21 grun-

204 669 60 20 derna
278 669 29 18 för
322 668 232 27 näringslagstiftningen
547 664 9 35 :

258 701 19 24 a)
292 700 137 26 upphäfvande
444 700 53 21 såväl
512 701 21 19 af
546 701 51 19 4734
612 699 33 20 års
659 699 165 27 handelsordning
839 701 38 18 och
890 700 38 20 den
942 700 4 19 i

205 728 12 19 2
232 727 46 26 kap.
293 727 25 19 H.
336 727 21 20 B.
376 727 101 24 grundade
493 726 75 21 skilnad
586 727 81 19 emellan
685 727 141 24 stapelstäders
844 726 38 20 och
900 733 49 19 upp-

204 753 78 20 städers
297 753 126 25 handelsrätt,
439 759 44 14 som
497 753 36 20 ock
548 753 21 20 af
582 753 51 20 1720
647 752 33 20 års
695 752 132 26 skräordning
838 753 38 20 och
889 753 61 26 öfriga

204 780 54 20 äldre
272 780 131 25 författningar
417 781 6 17 i
438 780 59 26 sagde
511 782 64 21 ämne,
591 779 115 26 isynnerhet
720 778 93 21 befrielse
827 780 29 18 för
869 780 31 25 de,
912 786 34 13 en-

203 807 35 25 ligt
252 806 10 25 $
276 807 10 19 1
301 806 6 19 i
321 806 137 24 förordningen
472 807 37 19 den
525 807 24 19 12
565 806 110 20 December
690 805 59 24 1859,
765 807 51 18 ännu
824 806 64 20 under
898 805 46 21 skrå

203 833 85 25 lydande
301 833 73 19 femton
386 832 112 20 handtverk
508 832 43 20 frän
565 832 52 19 detta
632 831 58 20 band.
718 832 32 19 Till
765 831 44 25 följe
819 833 57 19 häraf
884 833 64 19 skulle

203 857 70 24 hvarje
289 857 106 26 välfrejdad
410 858 51 20 finsk
476 858 130 25 medborgare
619 857 108 26 berättigas
741 861 35 22 att,
787 859 5 18 i
803 858 42 19 viss
855 859 89 25 ordning,

203 885 90 19 nedsätta
307 885 29 26 sig
350 885 6 18 i
370 884 43 20 stad
428 885 47 19 eller
488 884 24 26 pä
527 884 66 20 landet
607 885 44 24 och,
668 887 53 16 emot
734 885 79 24 lämplig
825 885 59 24 skatt,
899 885 47 20 drif-

203 917 25 14 va
242 911 76 20 hvilket
331 911 50 26 yrke
395 911 39 19 han
451 912 29 19 för
497 911 47 25 godt
560 911 74 25 finner,
653 913 46 17 utan
715 911 94 19 särskildt
825 911 94 20 afseende
936 911 11 20 ä

205 937 125 20 landsortens
344 936 79 21 afständ
437 937 43 20 från
493 937 53 24 stad;

257 969 21 25 b)
293 969 139 26 upphäfvande
446 970 20 19 af
478 971 24 18 än
517 969 132 26 gvarstäende
663 969 69 20 hinder
746 969 29 19 för
788 969 81 20 handels
880 969 67 20 idkan-

204 996 24 19 de
242 996 21 19 af
276 1001 74 15 samma
364 1001 73 20 person
451 995 50 21 bäde
515 997 5 18 i
536 996 43 19 stad
593 997 38 18 och
645 995 25 26 pä
684 995 72 26 landet,
776 995 38 20 och
829 996 19 19 af
861 997 23 19 all
899 996 48 24 god-

204 1022 74 25 tycklig
292 1022 128 25 begränsning
435 1023 82 19 emellan
533 1022 131 26 slöjdeyrken,
681 1025 52 16 samt
743 1022 92 25 rättighet
843 1025 28 16 att
881 1023 65 19 förena

202 1048 50 19 flere
266 1048 111 19 handtverk
392 1049 36 19 hos
443 1055 23 12 en
480 1049 69 19 idkare
563 1049 37 19 och
615 1051 28 17 att
657 1048 29 19 för
700 1048 157 25 tillverkningar,
869 1049 77 20 hvartill

202 1074 48 19 flere
264 1074 111 20 handtverk
389 1074 84 26 fordras,
490 1075 85 25 begagna
592 1075 91 19 arbetare
700 1074 43 20 frän
761 1076 59 18 annat
838 1074 109 20 handtverk

205 1102 25 17 än
245 1100 35 20 det
294 1106 56 20 egna;

256 1132 18 25 c)
290 1131 90 20 tillåtelse
394 1133 30 18 för
438 1132 36 20 Jen
489 1138 43 14 som
545 1132 26 20 till
582 1132 206 20 handtverksidkande
798 1134 22 18 är
828 1133 116 25 berättigad,

202 1161 29 16 att
245 1158 4 19 i
264 1164 63 13 annan
342 1158 43 20 stad
400 1159 47 18 eller
461 1159 94 24 landsort,
572 1160 23 17 än
609 1158 36 19 der
658 1159 38 19 han
712 1159 22 18 är
747 1158 75 25 bosatt,
840 1159 104 20 verkställa

202 1184 48 45 geh,
269 1184 99 20 likasmed
386 1185 152 24 fabriksidkare,
557 1184 78 25 försälja
653 1185 80 20 arbeten
751 1185 86 20 hörande
854 1185 28 20 till
896 1186 50 19 hans

206 1215 60 20 yrke;

254 1245 20 24 d)
289 1245 93 24 rättighet
396 1246 28 17 för
445 1245 119 19 innevånare
585 1245 4 18 i
611 1246 67 18 städer
699 1245 37 19 och
759 1245 25 24 pä
805 1245 73 24 landet,
901 1251 45 14 men

202 1270 88 19 särdeles
313 1271 29 18 för
366 1271 151 19 industriidkare
540 1271 52 19 hvad
617 1270 60 27 angär
704 1271 129 25 materialier,
861 1272 84 26 verktyg

201 1297 39 18 och
264 1296 84 25 redskap
368 1297 30 19 för
418 1297 57 19 deras
495 1297 70 27 yrken,
587 1299 29 17 att
637 1297 70 25 sjelfve
728 1297 38 19 och
786 1300 48 17 utan
855 1298 91 20 handlan-

200 1323 37 20 des
262 1323 123 20 medverkan
408 1323 43 20 från
477 1324 75 20 utrikes
576 1325 30 18 ort
631 1324 126 20 införskrifva
785 1325 38 19 och
849 1325 97 20 införtulla

200 1350 49 25 gods
263 1349 27 20 till
309 1355 47 20 egen
375 1349 128 28 förbrukning
520 1351 48 19 eller
585 1350 136 21 förarbetande
738 1351 32 19 vid
788 1356 49 20 egen
854 1351 92 20 industri-

202 1377 84 23 rörelse;

253 1412 19 25 €)
288 1412 63 21 finske
364 1413 142 25 medborgares
520 1413 95 20 allmänna
634 1413 134 26 berättigande
782 1416 28 17 att
824 1413 45 20 reda
884 1414 4 19 i
904 1415 42 19 far-

199 1441 34 23 tyg
247 1441 52 17 samt
313 1439 132 25 utsträckning
460 1441 21 19 af
488 1439 199 27 landtmannafartygs
697 1441 144 25 seglationsrätt
852 1439 88 27 sålunda,
