995 1703
274 133 72 22 Nådiga
357 135 140 22 Propositionen
509 134 36 18 N:o
556 135 27 17 41.
756 135 45 20 1383

61 182 91 26 bestånd,
168 183 105 20 hvaremot
287 183 90 26 notdrägt
390 184 63 19 under
467 183 83 20 nämnda
565 184 27 20 tid
606 184 5 19 i
627 184 80 25 saltsjön
717 183 17 26 ej
746 185 55 19 torde

61 210 6 18 i
74 208 70 29 någon
158 209 85 26 betydlig
257 210 48 25 grad
319 209 78 22 inverka
412 210 25 25 på
451 209 151 27 fisktillgången.
631 211 8 19 I
653 217 24 13 en
692 211 61 25 grund
771 211 31 19 in-

60 236 30 23 sjö
115 241 30 14 kan
163 236 62 19 under
242 236 74 20 sådana
333 236 132 25 förhållanden
482 237 45 19 med
544 237 69 19 lätthet
630 238 64 18 större
710 237 57 19 delen
780 237 22 19 af

60 261 104 20 derstädes
178 262 89 27 lefvande
281 263 38 19 fisk
334 263 45 19 med
392 265 59 18 noten
468 263 117 25 uppfångas,
601 268 46 14 men
661 263 54 19 detta
730 263 38 18 kan
782 262 17 25 ej

61 287 36 19 ske
115 288 5 18 i
137 288 90 25 saltsjön,
246 289 33 19 vid
296 290 62 18 hvars
375 289 69 19 kuster
460 289 90 24 notdrägt
567 288 17 25 ej
603 295 35 13 ens
655 289 90 19 öfverallt
762 289 38 19 kan

60 313 63 25 idkas,
139 314 39 18 och
191 313 78 20 således
284 314 17 25 ej
316 315 24 19 all
354 315 71 19 lekfisk
438 315 46 19 med
501 317 58 17 noten
576 315 118 19 åtkommas.
726 315 74 19 Dessu-

60 342 41 16 tom
115 339 93 25 förtjenar
221 341 104 19 anmärkas
340 343 28 17 att
381 342 54 18 vissa
445 341 6 18 i
461 340 80 25 saltsjön
551 340 159 20 förekommande
718 340 81 25 fiskslag

59 365 119 25 egenteligen
193 366 48 20 blott
255 366 62 20 under
330 366 86 20 lektiden
430 368 68 18 närma
513 366 30 25 sig
558 366 114 20 stränderna
685 367 33 19 och
731 366 46 26 ingå
794 366 6 19 i

60 391 39 19 den
113 391 41 19 inre
168 392 126 25 skärgården,
310 398 45 14 men
369 393 130 19 dessemellan
514 392 50 20 hålla
581 393 29 25 sig
629 392 111 26 aflägsnade
757 392 43 20 från

60 417 82 25 kusten,
162 418 25 20 till
205 419 64 19 större
285 420 56 19 delen
356 419 117 26 oåtkomliga
490 420 29 19 för
535 419 96 19 fiskarens
648 419 92 25 bragder.
770 420 30 18 En

59 444 72 25 mängd
145 444 92 20 hemman
251 445 5 19 i
271 445 127 26 skärgården,
414 446 66 19 hvilka
495 447 33 18 äro
543 445 108 25 skattlagda
669 446 27 19 till
713 448 42 17 stor
768 446 31 19 del

60 470 29 19 för
106 470 60 26 fiske,
185 472 66 19 blefve
268 472 65 20 derför
350 478 72 20 genom
439 472 70 20 förbud
527 474 28 18 att
570 472 45 20 idka
632 472 90 25 notdrägt
738 472 64 20 under

59 496 76 20 fiskens
148 497 59 20 lektid
221 498 135 21 urståndsatte
369 501 28 17 att
410 499 76 25 erlägga
499 499 26 19 de
539 498 46 20 dem
599 498 80 26 påförda
688 498 110 26 utskylder.

60 523 125 25 Deputerade
199 524 72 20 föreslå
285 525 77 20 derföre
376 528 28 17 att
418 526 90 25 notdrägt
521 525 6 19 i
542 524 79 26 saltsjön
634 524 18 26 ej
664 525 62 19 under
738 524 63 26 någon

60 549 29 20 tid
101 549 33 20 må
148 550 108 26 förbjudas.

70 602 22 3 =.
114 575 26 25 Pä
155 577 62 24 grund
231 578 21 19 af
264 578 33 20 det
307 578 118 26 ofvansagda
435 577 29 20 får
474 578 97 20 utskottet
581 578 101 19 vördsamt
691 578 109 19 framställa

60 602 84 25 följande
159 605 70 18 tvenne
244 604 114 20 alternativa
372 605 73 25 förslag
459 605 26 19 till
500 604 146 25 ifrågavarande
655 604 66 20 tionde
729 604 69 25 punkt:

165 630 34 20 Om
213 632 7 18 i
235 638 22 12 en
272 632 44 19 eller
331 638 64 13 annan
410 634 29 17 ort
448 631 63 25 någon
515 632 92 24 förening
611 631 37 25 för
658 631 56 25 ofvan
724 630 78 26 anfördt

162 659 89 25 syftemål
265 660 17 24 ej
296 660 38 19 kan
348 659 161 25 tillvägabringas,
525 660 44 18 eller
578 659 85 24 flertalet
677 658 56 20 bland
743 659 57 24 fiske-

162 689 73 17 vattens
250 691 59 21 ägare
324 689 80 18 stannar
418 689 7 18 i
440 687 63 24 beslut,
524 687 119 25 hvarigenom
661 685 58 26 något
738 687 24 24 af
778 686 23 19 de

164 715 59 19 bättre
231 715 107 26 fiskslagen
347 715 108 20 blottställes
463 715 37 26 för
504 715 104 26 förödelse,
619 715 43 19 eller
672 714 62 19 andra
742 714 60 19 känn-

163 743 48 19 bara
227 744 119 25 olägenheter
360 744 59 25 blifoa
433 746 28 16 att
477 743 70 26 befara,
563 746 47 22 äger
623 746 118 22 guvernören
751 743 50 22 eller,

163 771 25 19 då
197 771 75 26 frågan
286 772 63 25 gäller
364 772 48 19 olika
433 772 37 23 län,
490 773 76 18 senaten
585 773 28 17 att
631 770 78 26 utfärda
727 770 75 20 sådana

157 800 130 26 föreskrifter,
302 807 46 16 som,
363 801 50 25 efter
421 799 206 26 fiskeri-inspektörens
641 799 91 24 hörande,
747 802 55 23 pröf-

162 835 33 12 vas
209 828 70 26 nödiga
294 829 33 19 och
342 829 50 26 eljest
407 829 93 24 lämpliga.

201 856 54 19 Eller
269 857 44 18 ock:

163 882 44 20 Kan
222 885 7 17 i
243 890 22 12 en
281 884 43 19 eller
338 890 64 13 annan
417 885 30 18 ort
461 883 39 19 icke
514 884 50 18 inom
583 884 51 18 vissa
653 881 24 20 år
689 882 37 25 för
746 882 56 26 ofvan

162 911 68 26 antydt
245 911 89 20 ändamål
348 911 155 26 tillvägabringas
511 911 98 26 förening,
624 917 40 13 som
676 910 69 19 varder
749 911 52 24 fast-

162 939 63 23 ställd,
242 942 46 23 äger
301 943 118 21 guvernören
433 939 50 23 eller,
499 939 25 19 då
533 938 76 27 frågan
621 939 63 24 gäller
693 939 51 24 flera
762 938 39 23 län,

163 969 78 18 senaten
255 967 78 26 utfärda
347 967 75 20 sådana
430 967 122 26 föreskrifter
566 967 28 18 till
605 966 157 25 förekommande
781 966 25 25 af

157 995 74 26 fiskens
246 995 101 24 utödande,
362 1002 46 16 som,
424 996 46 24 efter
479 995 70 26 fiskeri
563 995 128 25 inspektörens
709 993 91 23 hörande,

160 1022 81 26 pröfvas
255 1023 69 25 nödiga
340 1023 33 19 och
387 1022 62 20 hvilka
463 1024 28 18 uti
505 1022 78 25 insjöar,
597 1028 42 13 men
654 1023 16 24 ej
689 1023 8 17 i
715 1022 85 24 saltsjön,

164 1050 30 19 må
208 1051 78 19 sträcka
306 1052 28 24 sig
350 1051 70 25 jemväl
439 1051 61 19 dertill
519 1052 28 17 att
566 1050 59 19 under
643 1051 52 18 vissa
708 1050 93 25 fiskslags

163 1079 55 19 lektid
228 1079 95 26 förbjuda
338 1079 89 25 notdrägt
442 1079 33 19 och
490 1081 27 17 att
526 1078 37 26 för
577 1078 22 19 de
619 1078 88 25 bragder,
727 1084 39 13 som
776 1076 26 27 få

162 1108 78 24 nyttjas,
257 1107 100 20 bestämma
373 1107 56 20 deras
438 1107 69 25 finhet,
523 1106 23 20 så
560 1108 27 17 att
607 1106 32 19 det
657 1106 62 25 späda
736 1105 66 26 ynglet

164 1135 16 25 ej
194 1135 31 19 må
239 1135 43 19 med
296 1136 40 20 dem
351 1134 114 27 uppfångas.

115 1163 37 20 Det
166 1162 56 20 torde
236 1162 48 20 böra
297 1163 109 25 medgifvas
424 1165 27 17 att
467 1162 71 20 förbud
555 1164 54 17 emot
625 1162 23 19 all
670 1161 68 20 handel
757 1160 46 20 med

61 1189 60 26 spädt
134 1188 103 26 fiskyngel,
254 1194 43 14 som
311 1189 45 19 med
372 1194 73 14 ansvar
459 1189 69 19 belade
541 1188 55 20 såväl
614 1187 73 26 köpare
704 1192 44 14 som
766 1187 38 19 säl-

61 1215 50 26 jare,
127 1221 48 13 vore
189 1217 28 17 ett
233 1215 100 20 verksamt
346 1215 64 19 medel
426 1217 53 18 emot
495 1214 171 26 fiskyngelfängst,
684 1218 45 14 men
746 1213 56 19 dere-

63 1244 41 17 mot
119 1242 37 18 kan
169 1242 46 19 med
229 1242 43 19 skäl
286 1242 58 25 göras
357 1242 38 19 den
410 1241 125 25 anmärkning
549 1242 28 17 att
589 1242 27 17 ett
626 1240 45 19 slikt
680 1239 122 25 lagstadgan-

63 1268 25 19 de
103 1274 49 13 vore
166 1270 27 16 ett
207 1268 32 19 allt
253 1269 29 18 för
296 1270 50 17 stort
360 1268 81 25 ingrepp
456 1268 5 18 i
476 1267 145 25 äganderätten.
649 1266 102 19 Utskottet
768 1266 35 18 har

64 1294 115 26 visserligen
192 1294 94 26 tillstyrkt
300 1296 28 17 att
341 1293 130 25 fiskbragder,
487 1293 84 19 medelst
592 1292 66 20 hvilka
679 1292 63 28 spädt
756 1291 47 19 fisk-

65 1320 59 26 yngel
138 1320 65 19 kunde
218 1320 115 25 uppfängas,
348 1320 33 19 mä
395 1320 27 20 till
431 1319 126 25 begagnande
566 1319 6 19 i
581 1319 104 19 allmänhet
694 1317 107 25 förbjudas,

66 1351 46 13 men
127 1345 11 19 å
153 1346 59 18 andra
227 1346 54 19 sidan
295 1346 36 19 har
340 1346 97 19 utskottet
448 1345 58 19 äfven
518 1344 63 19 under
589 1344 90 25 punkten
680 1339 12 35 3
711 1343 93 25 tillstyrkt

65 1371 116 20 antagandet
194 1371 20 19 af
227 1371 37 20 den
278 1371 75 26 princip
367 1373 30 18 att
410 1373 58 23 ägare
482 1371 19 19 af
513 1371 114 22 fiskvatten,
642 1369 65 20 hvilka
720 1369 44 19 icke
774 1367 30 21 stä

45 1403 8 2 >
66 1398 6 19 i
86 1397 71 20 sådant
171 1398 139 25 sammanhang
324 1397 46 20 med
384 1397 60 20 andra
458 1397 104 25 vattudrag
576 1398 28 17 att
617 1395 39 20 fisk
670 1395 47 20 eller
730 1394 74 27 fiskyn-

67 1425 30 26 gel
113 1424 41 20 deri
169 1424 37 20 kan
220 1423 82 27 framgå,
318 1424 48 20 skall
381 1423 106 27 berättigas
501 1425 27 18 att
541 1423 41 20 deri
596 1422 44 21 idka
654 1421 51 21 fiske
718 1423 35 18 när
767 1421 37 20 och
