986 1703
199 144 43 19 1432
414 144 71 21 Nädiga
497 144 141 22 Propositionen
650 143 36 17 N:o
698 143 28 17 43.

197 194 108 25 uppstäder
320 196 21 17 är
357 193 94 19 fastställd
473 194 1 18 i
492 194 11 19 2
521 194 47 24 kap.
585 194 24 18 H.
625 194 20 18 B.
661 193 21 19 af
696 193 51 19 1734
763 192 32 20 års
810 193 30 25 lag
855 193 37 19 och
907 192 34 20 be-

197 220 42 20 står
253 222 51 18 ännu
318 220 6 20 i
337 220 45 25 dag.
422 232 3 2 —-

250 247 57 19 Hvad
321 246 42 20 åter
380 245 61 27 angår
458 247 94 19 handelns
569 246 106 24 fördelning
693 246 82 19 emellan
789 246 47 19 dess
851 246 69 19 idkare
933 245 6 20 i

200 273 90 20 städerna
308 272 121 27 uppställdes
447 274 58 18 redan
523 272 56 26 tidigt
596 272 231 26 separationsprincipen,
849 272 47 20 eller
912 274 29 18 att

199 300 25 19 de
237 300 109 20 handlande
360 299 62 20 skulle
437 300 83 20 fördelas
538 300 5 19 i
559 300 52 18 vissa
629 299 76 20 klasser
721 299 50 19 efter
787 298 106 20 föremålen
911 298 29 20 för

200 327 58 19 deras
279 326 76 25 handel,
377 326 67 19 såsom
466 327 32 18 det
519 326 46 25 mål,
588 326 25 19 till
630 326 75 19 hvilket
720 326 144 25 lagstiftningen
878 326 62 19 borde

199 353 81 24 sträfva,
296 355 14 17 t.
327 358 30 14 ex.
373 353 6 18 i
394 352 80 26 stadgan
489 358 31 14 om
538 352 123 25 köphandeln
678 352 21 19 af
714 352 38 19 den
769 352 25 19 25
812 352 57 19 Febr.
890 352 51 19 1546

200 380 38 19 och
252 380 23 19 K.
291 380 21 19 F.
327 379 38 20 den
382 380 9 18 4
407 379 42 19 Jan.
469 380 57 24 1650,
544 384 43 14 men
602 378 64 19 denna
683 378 105 25 grundsats
806 378 64 19 kunde
890 378 51 19 dock

201 406 70 20 endast
284 406 5 19 i
304 405 19 20 få
337 405 66 20 städer
418 405 121 26 fullständigt
552 405 130 26 genomföras,
698 405 38 18 och
746 405 4 18 i
761 405 56 25 ingen
826 404 54 19 finsk
886 405 54 20 stad.

253 433 37 19 För
305 433 117 24 rättigheten
436 433 26 19 till
478 432 81 20 handels:
573 431 104 20 drifvande
691 431 131 25 erfordrades,
838 433 56 18 utom
909 431 35 20 det

201 459 42 20 från
257 459 64 20 äldsta
336 459 49 20 tider
399 459 110 25 uppställda
524 458 62 20 vilkor
600 458 21 19 af
634 457 96 26 burskap,
747 460 28 17 att
789 458 58 19 hafva
864 464 80 20 genom-

200 485 41 27 gätt
256 486 53 19 vissa
323 485 71 25 läroår,
411 485 74 20 hvilket
498 484 110 26 lärotvång,
625 485 63 20 ehuru
705 484 5 19 i
723 485 47 19 flera
779 484 107 21 afseenden
901 485 43 20 mil-

202 512 64 25 dradt,
283 515 52 17 ännu
347 513 22 19 af
381 512 140 26 lagstiftningen
535 513 23 18 är
570 511 112 21 bibehållet.

254 539 102 25 Undantag
370 538 85 21 härifrån
470 538 109 26 medgifves
593 538 51 20 dock
658 538 21 19 af
690 538 88 25 gällande
791 539 38 25 lag,
846 539 6 19 i
866 539 33 19 det
915 541 28 17 att

201 565 129 21 medlemmar
344 566 19 18 af
375 565 137 25 ridderskapet
525 566 39 18 och
577 564 57 21 adeln
644 567 52 17 samt
705 564 173 26 ståndspersoner,
890 567 53 18 emot

202 592 116 26 erläggande
331 592 20 19 af
363 591 92 21 bestämd
469 592 53 25 afgift
536 592 26 19 till
577 591 138 25 stadskassan,
731 594 34 17 äro
780 591 121 27 berättigade
915 594 28 17 att

203 618 63 20 drifva
281 618 136 25 grosshandel.

256 645 64 19 Dessa
333 644 38 20 den
385 644 88 26 gällande
489 644 153 26 lagstiftningens
659 644 121 25 stadganden
801 650 32 14 om
850 644 94 20 handelns

204 671 83 20 idkande
303 671 125 20 uteslutande
446 672 5 17 i
469 671 43 19 stad
529 671 37 19 har
583 676 69 20 genom
671 670 75 25 Nådiga
766 671 141 25 Förordningen
926 671 21 19 af

204 697 37 20 den
256 698 25 20 49
296 698 109 19 December
420 697 52 21 1859
487 697 23 20 så
523 697 28 20 till
565 697 45 19 vida
625 697 118 24 förändrats,
763 699 27 18 att
807 697 33 20 det
853 703 91 18 numera,

203 723 62 21 under
280 724 53 19 vissa
347 724 64 20 vilkor
425 725 39 18 och
478 723 101 26 förbehåll,
591 724 58 19 äfven
658 725 22 18 är
689 722 69 21 tillåtet
767 726 27 17 att
804 723 10 20 å
824 724 65 20 landet
898 724 47 25 öpp-

202 756 24 14 na
240 750 151 21 handelsbodar.

256 777 122 20 Beträffande
392 777 206 28 handtverksyrkena,
614 776 22 20 så
650 777 97 25 uppställa
761 777 24 20 de
795 777 54 20 äldre
858 777 85 25 lagarne,

204 803 67 20 såsom
286 805 61 19 redan
361 804 80 19 nämndt
456 805 28 24 är,
500 809 17 19 ej
532 810 32 13 om
579 803 46 20 dem
639 803 58 26 några
712 804 132 24 föreskrifter,
856 806 45 17 utan
911 803 36 20 fin-

204 835 24 20 go
242 830 25 20 de
281 830 40 20 fritt
334 830 81 25 drifvas,
432 831 57 19 äfven
503 829 11 21 å
528 830 141 26 landsbygden.
699 829 131 27 Skråtvånget
844 836 36 14 var
896 829 51 21 såle-

204 857 36 19 des
254 857 62 20 under
330 857 59 20 dessa
403 857 56 20 äldre
472 857 49 20 tider
535 857 44 26 föga
593 856 102 25 utbildadt,
711 856 63 21 ehuru
787 863 45 14 man
846 857 5 19 i
861 857 25 20 de
896 857 50 19 stör-

203 889 22 13 re
240 883 90 20 städerna
345 883 60 20 redan
419 883 24 20 då
458 883 62 20 finner
535 883 92 20 idkarene
642 883 19 19 af
677 883 54 20 vissa
747 883 109 20 handtverk
871 883 75 20 förena-

204 909 25 20 de
242 909 28 20 till
285 916 17 13 s.
317 910 20 19 k.
353 910 65 25 gillen,
436 910 63 19 hvilka
512 909 74 26 jemväl
602 908 72 27 ansägo
689 910 30 25 sig
735 910 121 26 berättigade
870 913 28 16 att
911 911 35 19 be-

204 936 50 19 sluta
272 941 32 14 om
322 941 37 21 nya
376 936 142 20 medlemmars
536 935 114 25 antagande.
682 936 58 20 Detta
761 937 99 20 förklaras.
876 937 20 18 af
914 936 34 21 det

204 961 76 20 faktum
294 965 28 16 att
335 962 25 19 de
373 962 57 20 flesta
444 962 193 21 handtverksidkare
650 963 5 18 i
669 961 60 21 dessa
743 963 66 19 städer
823 968 49 14 voro
884 962 64 27 inflyt-

205 988 45 20 tade
266 989 133 24 utlänningar,
418 989 173 24 hufvudsakligast
612 988 78 25 tyskar,
713 989 66 19 hvilka
801 989 99 19 'sträfvade
920 992 28 16 att

204 1014 61 19 införa
280 1014 65 25 dylika
359 1014 138 25 institutioner,
514 1020 44 14 som
572 1014 70 19 funnos
656 1014 5 19 i
675 1014 59 19 deras
749 1015 120 19 hemstäder.

258 1040 64 20 Andra
337 1039 72 27 åsigter
423 1039 67 26 gjorde
504 1041 30 25 sig
548 1041 6 18 i
568 1040 38 20 den
621 1041 86 19 svenska
720 1041 143 25 lagstiftningen
877 1041 71 25 gällan-

204 1067 25 20 de
244 1067 50 19 efter
307 1067 70 19 Gustaf
390 1067 73 20 Wasas
473 1067 175 25 thronbestigning.
677 1067 43 20 Han
731 1067 44 20 ville
785 1067 107 26 upphjelpa
901 1068 47 20 han-

204 1093 45 20 deln
263 1093 38 19 och
316 1093 193 25 handtverkerierna,
526 1096 51 17 samt
593 1093 63 20 befria
672 1093 46 20 dem
734 1093 43 20 från
794 1097 28 16 ett
839 1093 109 27 långvarigt

204 1119 102 20 utländskt
323 1119 97 27 förtryck,
439 1121 39 19 och
493 1120 70 20 trodde
580 1120 29 25 sig
626 1120 78 19 säkrast
721 1120 25 20 nä
761 1120 60 21 målet
834 1126 71 20 genom
919 1123 28 18 att

204 1146 104 20 inskränka
322 1146 156 27 utlänningarnes
492 1146 203 26 handelsprivilegier
698 1142 7 35 ,
712 1149 51 17 samt
784 1147 113 25 derigenom
919 1150 28 17 att

205 1173 38 19 han
258 1172 109 26 förflyttade
381 1173 145 26 landsbygdens
543 1172 145 20 handtverkare
706 1173 26 20 till
751 1173 99 25 städerna,
869 1174 36 19 der
921 1174 25 20 de

205 1199 65 20 blefvo
284 1198 95 26 delaktige
393 1201 20 18 af
425 1200 25 19 de
464 1200 115 25 rättigheter
594 1199 37 20 och
646 1199 108 25 förmäner,
770 1205 42 14 som
827 1199 42 21 frän
886 1201 60 19 andra

205 1225 67 20 länder
286 1225 101 25 inflyttade
401 1226 148 25 näringsidkare
564 1228 53 17 vetat
631 1225 92 20 förskaffa
741 1226 38 25 sig.
810 1226 82 21 Medelst
909 1227 39 19 för-

205 1251 131 19 budsbrefvet
349 1251 22 19 af
382 1252 37 19 den
434 1253 25 18 29
474 1253 48 24 Aug.
539 1252 58 23 1544,
613 1252 72 25 Upsala
700 1252 69 25 stadga
781 1257 32 14 om
823 1253 123 25 köphandeln

207 1277 21 19 af
239 1276 39 20 den
292 1277 26 19 25
332 1277 57 20 Febr.
406 1278 58 24 1546,
480 1277 100 20 mandatet
596 1283 32 14 om
642 1277 123 26 köphandeln
783 1279 21 18 af
816 1279 37 19 Jen
867 1280 12 18 4
895 1279 51 25 April

200 1308 24 15 :5.
240 1302 19 21 å.
275 1305 51 18 samt
339 1303 100 21 mandatet
452 1305 21 18 af
485 1304 37 20 den
538 1305 12 19 9
564 1304 49 25 Aug.
630 1305 58 23 1552,
705 1304 89 26 skärptes
809 1305 24 20 de
844 1305 55 20 äldre
909 1305 39 19 för-

205 1329 66 20 buden
285 1332 42 17 mot
340 1330 101 26 landsköp,
457 1331 103 20 äfvensom
572 1331 32 24 de,
615 1331 65 20 hvilka
690 1330 24 26 pä
724 1331 65 20 landet
798 1331 70 21 idkade
878 1331 69 20 handt-

206 1356 60 25 verk,
285 1356 120 21 anbefalldes
422 1357 75 27 inflytta
515 1357 26 20 till
560 1358 91 19 städerna
668 1358 30 18 för
714 1360 28 17 att
755 1357 104 21 derstädes
872 1359 76 19 enhvar

206 1383 50 29 efter
273 1386 73 18 vunnet
362 1384 89 26 burskap
467 1384 63 20 drifva
547 1385 30 19 sin
594 1384 73 26 näring.
699 1384 49 20 Frän
766 1384 63 21 denna
847 1386 52 25 regel
914 1385 34 20 be-

204 1410 85 25 viljades
302 1410 59 23 dock,
377 1411 45 20 med
437 1411 92 20 afseende
543 1410 10 21 ä
569 1412 108 26 allmogens
691 1411 61 20 behof
764 1412 21 20 af
792 1412 153 24 handtverkare,

203 1436 51 21 flere
268 1436 96 28 undantag
378 1438 90 20 och:den
483 1437 130 27 grundsatsen
623 1437 122 28 uppställdes
754 1441 27 18 att
792 1440 89 26 «menige
890 1444 56 16 mans
