978 1703
204 151 44 19 1524
418 148 71 22 Nådiga
501 147 142 23 Propositionen
654 145 36 18 N:o
703 145 28 18 47.

206 200 88 20 svarslös
308 204 72 20 person
394 198 29 24 sig
437 197 95 25 anmäler,
548 196 35 20 bör
597 201 33 14 om
644 196 49 18 hans
707 195 93 19 ankomst
814 194 134 25 ofördröjligen

207 226 112 20 underrätta
333 224 153 26 tillsyningsman
501 222 10 20 å
529 225 61 17 orten.

549 275 10 25 s
573 275 32 19 38.

261 320 26 23 Är
301 322 10 20 å
326 322 65 20 landet
406 320 87 20 hvarken
508 319 122 25 Kronofogde
645 319 46 20 eller
706 319 152 19 Kronolänsman
874 318 75 19 boende

207 350 52 19 inom
280 349 37 20 den
340 349 101 22 kommun,
465 347 25 18 till
513 346 77 19 hvilken
607 345 37 20 den
658 345 131 20 försvarslösa
804 346 21 17 är
840 344 109 29 förpassad,

207 377 72 24 åligger
299 376 34 19 det
352 375 63 19 denne
436 376 28 17 att
485 373 50 26 gifva
551 372 28 25 sig
593 372 92 19 tillkänna
700 371 68 31 endast
783 373 35 18 hos
833 371 116 26 tillsynings-

207 409 52 18 man,
282 402 78 19 hvilken
375 401 31 19 har
425 403 28 16 att
467 405 32 14 om
513 404 108 21 personens
636 400 89 17 ankomst
741 398 161 19 fordersammast
916 403 33 13 un-

207 430 87 19 derrätta
309 427 123 25 Kronofogde
447 427 45 19 eller
507 426 160 19 Kronolänsman.

550 479 10 25 $
575 479 31 19 39.

262 525 124 20 Försvarslös
403 529 79 20 person,
502 529 44 13 som
560 522 42 20 från
618 522 171 26 arbetsinrättning
803 523 96 25 frigilves,
916 522 31 19 mä

208 552 88 26 antingen
317 551 45 19 meu
384 549 109 26 fängskjuts
514 549 98 23 afsändas,
632 550 54 24 eller,
703 555 32 13 om
750 549 36 29 han
801 549 33 20 det
847 544 102 40 ästundar,

208 578 45 26 sjelf
269 578 17 20 få
304 578 77 24 begilva
399 577 29 25 sig
445 577 25 19 till
488 576 37 20 den
543 578 36 22 ort,
598 576 36 19 der
649 577 36 18 han
701 579 40 16 tror
756 581 30 19 sig
801 576 73 19 erhålla
890 578 59 22 tjenst

208 606 47 19 eller
269 607 58 17 annat
339 605 42 23 laga
396 602 135 26 naringsfäng;
546 602 92 25 börande,
654 603 5 18 i
675 608 70 14 senare
755 602 115 24 händelsen,
882 608 67 19 perso-

208 637 37 14 nen
261 630 130 26 förständigas
408 633 28 16 att
453 629 62 19 under
529 629 67 19 färden
611 629 43 19 icke
668 629 111 25 onödigtvis
792 628 56 26 dröja
863 629 47 19 eller
924 628 25 20 af-

209 658 44 19 vika
268 657 41 20 från
325 659 48 17 rätta
390 658 59 23 vägen
463 656 38 19 och
516 658 33 22 att,
566 656 48 18 efter
629 656 148 23 framkomsten,
793 658 69 22 genast
874 656 75 18 anmäla

208 685 29 24 sig
257 685 37 18 hos
313 683 160 24 Poliskammare,
495 683 143 24 Borgmästare,
658 682 150 25 Ordningsman,
825 681 124 24 Stadsfiskal,

208 711 123 24 Kronofogde
346 710 46 19 eller
406 709 161 19 Kronolänsman.
898 730 4 5 N

551 762 9 24 $
575 762 32 19 40.

261 806 41 20 Har
323 806 88 25 frigifven
433 806 117 19 försvarslös
563 810 72 20 person
650 805 33 18 vid
698 805 118 19 ankomsten
831 805 25 20 till
872 805 28 19 sin
917 805 32 20 be-

208 833 146 20 stämmelseort
368 832 43 19 icke
426 833 69 18 bostad
511 833 46 18 eller
571 831 33 20 det
619 831 121 25 nödvändiga
755 832 29 18 för
796 831 34 19 sitt
840 832 109 25 uppehälle,

209 860 36 19 bör
258 859 154 26 tillsyningeman
427 859 54 24 söka,
497 858 65 19 såvidt
575 857 73 25 möjligt
662 861 29 20 är,
708 857 72 20 bereda
794 857 74 20 honom
881 858 68 19 tillfälle

209 889 28 16 att
251 889 53 16 emot
317 885 68 20 arbete
400 885 73 19 erhålla
487 886 84 18 husrum
586 885 37 18 och
639 885 108 24 uppehälle,
760 884 118 20 åtminstone
887 885 63 20 under

209 913 25 19 de
247 913 61 19 första
323 911 70 25 fjorton
408 911 91 25 Jagarne.

261 944 74 19 Medför
349 943 68 20 sådant
432 943 89 26 kostnad,
538 943 62 26 gänge
614 943 38 20 den
666 946 22 17 ut
697 943 42 20 från
749 945 80 18 stadens
840 944 47 19 elier
896 945 53 18 kom-

209 976 84 14 munens
307 970 128 25 fattigmedel;
451 971 38 18 och
505 976 47 13 vare
565 970 33 19 Jet
612 969 130 27 fattigvården
757 971 91 25 obetaget
860 973 34 22 att,
906 971 4 18 i
921 971 28 19 fall

209 998 20 18 af
242 998 37 24 fog,
297 997 47 19 söka
362 997 108 25 ersättning
486 997 65 19 derför
565 997 5 18 i
585 996 37 19 den
636 997 88 25 ordning,
741 1003 42 13 som
799 997 4 19 i
818 997 11 25 $
844 997 25 19 34
883 999 22 17 är
919 1003 30 13 an-

210 1023 62 19 visad.

551 1073 10 24 $
575 1073 32 19 M.

262 1118 126 19 Försvarslös
408 1123 78 19 person,
503 1123 43 14 som
561 1118 22 19 är
596 1117 26 20 till
637 1119 68 19 arbete
720 1119 120 25 oförmögen,
856 1118 30 19 får
900 1118 49 25 icke,

209 1144 45 19 med
269 1144 43 19 stöd
327 1145 20 18 af
359 1144 63 19 denna
438 1143 116 26 förordning,
572 1144 25 20 till
612 1145 79 19 allmänt
705 1145 67 20 arbete
786 1145 97 20 dömmas.

262 1182 55 20 Dock
334 1182 31 19 må
383 1181 61 20 sådan
457 1181 80 26 person,
553 1183 5 18 i
573 1183 93 19 händelse
681 1184 37 18 han
732 1185 22 17 är
768 1184 28 18 för
810 1183 95 19 allmänna
920 1185 29 18 sä-

209 1209 95 19 kerheten
320 1208 71 26 vådlig,
411 1209 88 20 dömmas
513 1212 28 17 att
556 1209 88 20 förvaras
659 1210 4 18 i
679 1209 172 26 arbetsinrättning
866 1209 22 25 så
904 1209 45 26 lång

209 1235 26 19 tid
254 1241 50 17 som,
322 1234 76 25 jemlikt
415 1236 24 18 de
456 1236 5 18 i
479 1235 10 24 $
507 1236 25 19 25
550 1235 95 24 stadgade
662 1236 93 25 grunder,
772 1236 44 19 med
831 1237 95 18 afseende
941 1236 8 19 å

209 1261 48 18 hans
272 1260 49 25 frejd
336 1262 37 18 och
389 1261 126 25 uppföranda,
532 1262 29 18 för
576 1262 71 18 honom
663 1262 38 18 kan
715 1262 130 19 bestämmas.

551 1314 10 25 5
575 1314 43 20 42.

260 1358 32 19 Till
308 1358 79 19 alimänt
401 1358 67 18 arbete
483 1357 58 20 dämd
557 1358 116 20 försvarslös
688 1364 135 20 mansperson,
841 1364 43 14 som
895 1358 54 25 eljes!

208 1386 21 17 är
245 1383 113 26 välfrejdad,
375 1384 38 24 mä,
430 1390 31 13 om
478 1385 36 19 hau
528 1384 34 20 det
577 1384 99 24 ästundar,
693 1385 68 26 utbyta
776 1386 32 19 Jet
820 1386 69 19 honom
901 1385 48 25 älag-

207 1412 24 18 da
252 1410 127 26 arbetstväng
400 1413 53 17 emot
471 1411 120 25 krigstjenst,
608 1411 82 20 såframt
711 1413 36 19 han
771 1412 88 20 befinnes
874 1413 24 19 till
915 1412 34 20 slik

208 1436 59 26 tjenst
281 1438 64 25 duglig
359 1438 37 19 och
411 1438 148 20 vederbörande
573 1438 50 20 befäl
639 1439 30 19 vill
686 1440 71 18 honom
772 1439 61 20 dertill
848 1442 75 23 antaga.
