1003 1703
192 145 44 20 1712

412 146 71 22 Nådiga
494 146 140 22 Propositionen
648 145 36 17 N:o
696 145 28 17 50.

291 194 77 26 straffet
382 196 17 25 ej
414 198 23 16 är
451 195 74 23 urbota,
541 195 44 19 eller
600 194 52 20 böter
666 194 40 20 icke
720 193 63 26 uppgå
799 194 27 20 till
829 194 103 26 fyratusen

291 223 64 24 mark;
374 224 47 19 dock
435 224 31 19 må
481 223 17 25 ej
511 223 58 19 heller
583 223 31 19 vid
628 222 62 20 sådan
699 222 112 26 förhöjning
825 222 66 19 dömas
907 222 26 20 till

292 251 57 25 högre
369 252 51 20 böter
439 255 26 16 än
478 252 105 25 fyratusen
601 250 59 20 mark.
690 250 43 25 Lag
753 257 72 27 samma
842 257 44 12 vare
904 257 29 13 om

292 279 84 26 brottslig
395 280 57 25 skrift
470 281 8 18 i
483 276 62 44 form
562 279 25 25 af
599 278 69 26 plakat
687 278 85 26 blifvit
766 274 11 34 å
787 279 78 19 allmänt
879 278 54 19 ställe

292 308 97 24 anslagen.

325 336 38 18 3:o.
393 335 43 19 Har
453 335 62 25 någon
534 334 63 25 begått
613 335 47 21 flera
668 334 128 26 förbrytelser
810 336 47 17 emot
872 334 62 19 denna

286 363 122 26 förordning,
428 363 49 20 skall
496 363 37 19 han
551 362 91 19 särskildt
660 363 82 32 umgälla
760 362 47 19 hvar
823 362 34 19 och
875 368 23 13 en
913 362 24 26 af

292 392 48 23 dem,
359 394 51 17 utom
424 392 7 18 i
445 392 31 19 det
485 391 39 25 fall
539 393 28 17 att
581 391 37 19 han
632 390 50 25 gjort
697 391 29 24 sig
735 390 93 25 förfallen
843 391 28 18 till
885 390 48 19 tukt-

290 420 97 25 husstraff
395 419 29 26 pä
439 419 65 26 lifstid.
535 415 29 23 Är
578 419 38 19 han
620 419 36 26 för
670 419 95 19 särskilda
780 418 49 20 brott
837 418 96 26 förfallen

292 448 28 19 till
339 448 58 23 böter,
412 448 62 19 hvilka
490 447 123 20 tillsammans
629 446 116 26 öfverskjuta
754 447 104 26 fyratusen
873 447 60 23 mark,

291 475 32 20 må
339 476 16 26 e
369 476 57 25 högre
441 476 65 26 belopp
522 479 25 16 än
560 476 100 25 fyratusen
674 475 54 19 mark
742 475 68 20 honom
824 474 84 21 ådömas.

325 505 98 19 4:0—7:0.
454 503 140 26 (Likalydande
608 503 44 19 med
668 508 74 14 samma
753 505 111 17 momenter
874 503 4 18 i
890 508 43 20 pro-

293 532 126 26 positionen.)

579 558 16 27 $
613 558 33 19 33.

295 598 33 26 (Af
341 603 75 14 samma
430 598 76 26 lydelse
520 603 45 14 som
579 597 140 20 motsvarande
733 597 6 25 $
754 597 5 20 i
770 597 163 26 propositionen.)

581 650 16 27 $
612 651 32 19 34.

325 690 42 20 För
381 691 33 19 allt
428 691 50 19 hvad
492 692 33 26 uti
533 697 23 13 en
567 690 95 26 periodisk
676 690 56 26 skrift
746 691 143 25 offentliggöres,
901 698 32 12 an-

292 726 55 13 svare
365 720 113 25 utgifvaren.
508 719 40 20 Åro
567 720 92 24 utgifvare
672 720 55 24 flere,
747 718 51 21 vare
810 718 26 20 då
850 726 23 12 en
887 720 48 18 hvar

292 749 25 25 af
327 747 42 20 dem
377 748 47 26 fullt
439 754 71 13 ansvar
527 748 135 23 underkastad,
682 748 61 19 derest
757 748 24 19 de
795 747 17 25 ej
825 749 48 24 gitta
888 754 46 19 upp-

290 777 53 25 gifoa
362 776 36 20 den
418 776 95 26 brottslige
527 776 65 20 ibland
606 777 29 25 sig
650 776 33 20 och
697 776 66 20 honom
780 783 29 13 om
824 776 68 20 brottet
907 777 26 26 öf-

291 804 101 24 verbevisa,
413 805 44 19 eller
471 806 7 18 i
492 805 91 19 anmälan
598 804 27 20 till
645 804 204 26 Pressöfverstyrelsen
867 804 69 20 lemnat

291 839 99 19 noggrann
409 833 33 19 och
461 833 85 19 bestämd
562 833 74 25 uppgift
654 839 29 14 om
695 832 135 26 fördelningen
845 834 23 24 af
879 833 55 25 skrif-

293 864 39 16 tens
350 861 97 19 redaktion
462 861 42 19 dem
518 861 84 23 emellan,
618 862 7 18 i
638 861 68 19 hvilket
716 861 39 25 fall
770 868 23 12 en
807 861 48 20 hvar
869 862 66 18 endast

292 895 81 13 ansvare
382 889 37 26 för
433 890 29 18 sin
477 890 102 24 afdelning.
608 889 59 19 Detta
680 889 50 25 gälle
745 890 57 24 äfven
809 890 35 25 för
855 890 30 18 det
889 890 45 24 fall,

292 919 29 17 att
339 918 94 24 utgifvare
450 924 67 18 genom
536 916 86 20 bortresa
640 918 44 18 eller
699 924 64 12 annan
778 918 22 23 af
813 918 66 18 honom
894 917 45 26 sjelf

292 945 90 19 beroende
401 946 137 24 omständighet
553 948 24 16 är
592 945 99 25 aflägsnad
700 945 50 26 från
766 946 169 25 tryckningsorten,

291 972 24 20 så
335 973 55 25 länge
407 980 64 12 annan
490 974 88 24 ansvarig
596 973 88 19 redaktör
699 973 39 19 icke
753 974 88 23 anmälts,
854 973 29 26 på
897 976 38 17 sätt

292 1000 16 27 $
322 1000 26 20 13
367 1008 53 13 mom.
438 1002 11 18 7
464 1002 86 25 stadgar.
584 1002 53 19 Utom
657 1002 35 19 den
707 1002 126 25 ansvarighet,
849 1009 40 13 som
904 1002 30 20 så-

292 1029 58 19 lunda
364 1030 7 18 i
385 1029 64 24 hvarje
459 1030 39 25 fall
513 1029 73 26 åligger
600 1029 98 26 utgifvare,
714 1030 50 19 skall
772 1030 35 25 för
823 1032 78 23 uppsats
915 1031 24 22 af

292 1057 93 33 brottsligt
404 1057 88 24 innehåll,
512 1064 41 13 som
573 1058 42 19 med
628 1060 61 17 utsatt
698 1059 164 24 författarenamn
871 1059 65 25 finnes

291 1085 63 26 införd
367 1086 7 18 i
385 1086 97 25 periodisk
496 1086 64 25 skrift,
575 1087 57 24 äfven
640 1087 122 25 författaren
777 1086 54 20 alltid
843 1093 49 13 vara
902 1094 32 12 an-

292 1119 47 13 svar
352 1113 134 20 underkastad.

529 1165 32 27 $$
574 1165 27 19 35
615 1166 33 19 och
662 1166 33 19 36.

332 1204 33 24 (Af
380 1204 100 20 enahanda
496 1204 83 20 innehåll
594 1210 44 14 som
652 1204 141 20 motsvarande
805 1204 22 26 $$
841 1205 6 19 i
862 1211 72 20 propo-

293 1230 101 24 sitionen).

572 1283 11 19 7
597 1284 55 24 Kap.

309 1333 30 19 Om
351 1333 89 24 tillsynen
452 1333 52 20 öfver
518 1334 138 24 tryckfriheten
671 1334 47 19 samt
728 1332 38 21 åtal
778 1334 34 19 och
823 1335 93 23 qvarstad.

578 1372 16 28 $
612 1372 34 28 37.

332 1407 44 24 (För
390 1407 56 26 öfrigt
460 1407 121 27 likalydande
596 1408 45 19 med
655 1413 76 14 samma
743 1407 6 26 $
763 1408 6 19 i
778 1407 151 28 propositionen,

294 1436 54 17 utom
362 1433 62 26 fjerde
438 1435 87 26 stycket,
541 1435 75 20 hvilket
630 1435 62 20 borde
706 1435 70 20 ändras
791 1435 99 26 sålunda:)
