986 1706
202 144 43 20 1618
415 143 71 22 Nådiga
497 143 142 23 Propositionen
650 142 37 18 N:o
699 142 28 17 49.

201 194 77 24 vanliga
298 192 29 25 år,
341 192 25 20 då
380 192 88 26 spanmål
483 191 63 20 måste
559 192 129 24 importeras;
703 196 45 14 men
762 190 62 20 denna
838 190 104 20 utländska

201 220 67 24 tribut,
287 224 44 14 som
347 219 6 19 i
370 218 71 26 sjelfva
458 218 71 20 verket
545 219 39 20 kan
597 218 93 20 förliknas
704 217 34 19 vid
752 218 69 18 räntan
834 216 12 20 å
860 218 29 18 ett
902 216 41 20 stä-

201 246 51 20 ende
269 245 38 25 lån,
324 245 62 20 borde
402 250 70 20 genom
489 244 33 20 det
538 244 105 20 inhemska
655 243 128 26 jordbrukets
797 242 99 20 förkofran
910 243 33 20 allt

201 277 44 15 mer
259 272 38 20 och
311 277 43 15 mer
367 272 120 20 förminskas.
500 274 52 17 samt
566 271 89 30 slutligen
671 270 98 25 upphöra.

255 299 39 19 Det
313 300 22 18 är
353 304 28 14 nu
401 300 28 18 ett
449 298 22 20 så
488 297 109 20 beskaffadt
614 298 30 19 lån
661 297 20 19 af
697 296 108 25 7,500,000
823 296 55 20 rubel
896 296 48 20 eller

203 325 122 25 30,000,000
341 324 64 20 finska
422 324 62 26 mark,
502 324 62 20 Hans
580 323 135 25 Kejserliga
731 322 111 26 Majestät
858 323 6 19 i
882 321 62 21 nåder

202 351 63 20 tillåtit
279 351 230 29 Hypotheksföreningen
524 353 28 17 att
564 350 25 26 på
606 350 75 19 utrikes
697 352 31 16 ort
737 351 101 24 "upptaga;
854 350 39 18 och
907 349 36 19 har

201 378 63 20 Hans
277 378 110 24 Majestät
401 377 27 19 uti
442 378 39 19 den
494 376 148 26 ifrågavarande
655 375 70 26 nådiga
739 375 146 26 propositionen
894 380 50 20 upp-

202 406 67 18 manat
282 403 92 21 Finlafids
388 404 90 24 Ständer,
494 406 28 18 att
535 403 30 19 för
578 403 30 19 sin
618 402 30 20 del
660 402 71 26 bevilja
741 401 203 27 Hypotheksförenin-

201 435 39 21 gen
254 430 73 26 garanti
341 430 29 20 för
386 430 128 26 uppfyllande
528 429 20 21 af
560 429 25 20 de
601 428 136 26 förbindelser,
753 428 64 20 hvilka
832 428 112 29 föreningen

202 462 70 21 genom
288 456 83 21 nämnde
380 456 31 21 lån
421 457 67 20 kunde
499 456 63 20 ikläda
572 456 37 25 sig,
620 456 102 20 hvarefter
735 456 62 19 Hans
811 455 133 25 Kejserliga

202 483 111 26 Majestät
326 484 52 19 velat
391 484 6 19 i
412 482 61 22 nåder
487 482 60 22 tillåta
560 483 51 19 Dess
626 482 59 20 Senat
699 482 29 20 för
742 481 79 21 Finland
830 484 28 17 att
868 482 76 20 utfärda

203 510 102 20 försäkran
325 515 32 14 om
378 510 61 20 sådan
455 510 75 26 garanti
545 510 31 19 för
592 509 25 20 de
630 508 142 26 lånesummor,
789 509 156 25 Hypotheksför-

203 536 81 27 eningen
293 536 66 20 kunde
368 536 51 20 finna
429 536 108 20 önskvärdt
545 538 35 23 att,
590 536 142 26 sammanlagdt
740 536 52 20 inom
802 535 142 21 ofvanberörde

204 564 77 25 belopp,
297 562 25 27 pä
336 563 96 20 särskilda
446 563 50 20 tider
510 564 91 24 upptaga.

256 589 123 21 Beträffande
393 590 24 20 de
431 589 110 26 upplänade
555 590 89 18 medlens
660 588 116 27 disposition
793 588 6 20 i
819 588 127 27 Hypotheks-

204 616 126 25 föreningens
344 615 178 27 utläningsrörelse,
538 616 37 19 kan
588 615 61 26 något
662 614 120 21 tvifvelsmä]
799 621 32 14 om
852 614 94 21 säkerhe-

204 645 33 17 ten
251 643 29 19 för
293 643 27 19 de
333 643 74 25 utgifna
420 642 59 21 länen
492 643 43 20 icke
549 642 81 20 komma
644 642 5 20 i
669 642 61 26 fräga,
752 642 25 20 dä
797 642 67 25 dessa,
886 641 60 27 enligt

205 669 52 21 hvad
272 670 101 20 ofvanföre
386 671 22 18 är
422 670 72 24 visadt,
509 668 84 26 beviljas
607 672 53 17 emot
673 668 112 27 inteckning
799 669 38 20 och
850 668 28 20 till
888 670 58 24 högst

204 696 73 20 hälften
298 697 20 19 af
337 696 69 25 hvarje
427 696 105 26 egendoms
552 696 219 26 uppskattningsvärde.
805 696 29 26 Ty
854 701 34 14 om
908 695 36 20 ock

205 722 152 26 värderingarne
371 723 70 19 utfallit
455 722 75 26 ojemnt
544 725 52 17 samt
610 724 89 24 priserna
714 722 25 26 pä
754 722 118 26 egendomar
881 722 66 20 kunna

206 755 46 15 vara
267 748 110 27 skiljaktiga
392 749 24 27 pä
431 750 49 20 olika
495 750 76 25 ställen,
587 751 21 18 är
622 750 56 20 likväl
693 749 60 26 nägot
766 749 90 27 äfventyr
873 749 31 19 för
919 748 27 21 lä-

205 782 48 14 nens
265 771 94 35 behöriga
374 775 139 27 återbetalning
528 776 98 26 knappast
640 776 97 26 tänkbart,
752 775 25 21 dä
789 776 113 20 desammas
912 776 34 20 be-

205 803 47 26 lopp
264 802 64 21 blifvit
339 803 103 20 inskränkt
457 804 27 19 till
502 804 65 20 halfva
588 804 175 25 taxeringsvärdet,
786 804 37 19 och
842 802 104 20 dessutom

206 830 143 20 reservfonden
363 833 52 17 samt
436 831 37 19 den
494 830 162 20 vidtomfattande
677 829 114 21 solidariska
813 830 132 26 ansvarighet,

206 862 43 14 som
263 856 65 20 hvilar
341 856 10 20 ä
366 857 37 19 alla
416 857 25 19 de
455 857 117 20 intecknale
586 857 143 25 egendomarne
745 858 131 24 gemensamt,
892 858 54 24 tages

205 882 6 20 i
226 883 115 25 beräkning.

259 909 76 20 Genom
349 910 60 20 dessa
423 910 42 20 skäl
480 916 59 14 anser
552 910 102 20 Utskottet
667 909 115 26 ädagalagdt
795 916 55 19 vara,
864 912 30 17 att
913 909 34 21 nä-

206 941 38 20 gon
258 936 42 19 risk
315 936 32 20 vid
361 936 26 20 de
401 936 147 26 ifrågavarande
567 937 89 19 medlens
677 936 100 26 tillbörliga
797 936 87 26 utlåning
903 936 44 20 icke

206 962 39 20 kan
260 968 37 19 ega
310 968 53 19 rum;
379 964 38 18 och
431 963 57 20 häraf
499 962 84 26 framgär
597 962 45 20 äter
656 962 68 20 säsom
745 969 23 13 en
789 964 82 25 naturlig
892 962 52 26 följd,

208 991 28 17 att
249 988 38 20 den
300 990 75 24 garanti
390 989 29 19 för
432 990 243 26 Hypotheksföreningens
689 990 76 19 utrikes
781 989 38 25 län,
834 989 79 21 hvilken
927 991 21 18 är

207 1015 5 19 i
227 1014 62 21 näder
302 1016 110 26 föreslagen
427 1019 28 17 att
469 1016 20 20 af
500 1016 76 20 landets
591 1016 83 20 Ständer
688 1015 90 27 beviljas,
797 1016 6 20 i
819 1016 70 26 sjelfva
904 1022 44 14 ver-

206 1041 34 20 ket
254 1041 18 26 ej
286 1043 23 18 är
322 1042 62 26 nägon
399 1044 86 23 egentlig
499 1042 74 25 borgen
588 1043 46 19 eller
648 1043 125 24 ansvarighet
787 1043 29 19 för
824 1042 64 21 länets
897 1042 51 20 äter-

206 1067 108 27 betalning,
329 1071 46 18 utan
389 1069 48 19 blott
459 1072 28 17 ett
506 1069 52 26 slags
579 1069 227 24 vederhäftighetsbevis
826 1070 48 19 eller
893 1069 55 26 intyg

207 1094 76 25 derom,
299 1097 28 17 att
340 1095 91 20 Finlands
445 1095 206 26 Hypotheksförening
672 1101 73 20 genom
764 1097 32 18 sin
818 1096 130 25 organisation

207 1121 39 20 och
259 1121 69 20 hittills
342 1121 67 20 visade
423 1121 134 21 verksamhet
566 1124 22 18 är
602 1121 107 27 berättigad
724 1125 28 20 att
765 1121 73 26 åtnjuta
852 1123 96 19 förtroen-

205 1146 27 21 de
245 1147 52 20 inom
312 1151 44 22 eget
369 1147 52 21 land.

260 1174 100 19 Utskottet
373 1173 62 21 finner
449 1175 29 25 sig
492 1175 78 20 derföre
589 1175 47 20 böra
657 1175 37 20 hos
714 1175 108 20 Ständerne
843 1175 105 20 vördsam-

206 1202 54 18 mast
272 1200 103 26 tillstyrka,
391 1203 28 18 att
433 1201 149 26 ifrågavarande
601 1203 73 24 garanti
696 1201 29 20 för
748 1202 200 26 Hypotheksförenin-

207 1231 49 20 gens
270 1227 111 20 tillämnade
394 1227 75 20 utrikes
484 1227 30 21 lån
529 1227 28 20 till
571 1228 72 25 belopp
657 1229 20 19 af
685 1229 123 24 30,000,000
818 1228 63 19 finska
891 1228 57 20 mark

207 1251 61 29 mätte
282 1253 20 18 af
315 1253 109 20 Ständerne
438 1253 90 25 beviljas.
557 1254 56 19 Dock
627 1254 36 19 har
676 1254 101 19 Utskottet
790 1256 66 17 ansett
865 1254 29 25 sig
903 1255 44 18 här-

208 1277 32 20 vid
253 1279 74 23 jemväl
341 1278 47 20 böra
402 1279 71 19 föreslå
488 1279 63 25 tillägg
565 1280 21 19 af
598 1279 56 20 vissa
666 1279 94 21 förbehåll
775 1281 46 19 ellet
836 1280 70 19 vilkor.

262 1304 36 19 Det
311 1305 36 19 har
360 1305 44 20 icke
417 1305 81 26 undgätt
512 1305 110 21 Utskottets
640 1305 182 27 uppmärksamhet,
844 1309 28 17 att
892 1307 56 20 total-

207 1330 93 27 beloppet
313 1332 22 19 af
346 1331 34 20 det
393 1332 77 19 utrikes
483 1331 39 26 län,
538 1337 43 15 som
596 1339 26 13 nu
636 1332 41 20 stär
692 1333 5 19 i
711 1332 63 27 fräga,
788 1335 22 18 är
826 1333 74 26 ganska
915 1334 33 19 be-

206 1357 78 26 tydligt,
300 1359 39 19 och
351 1361 29 17 att
394 1364 45 14 man
453 1359 24 26 pä
491 1359 82 20 förhand
586 1358 18 27 ej
620 1359 37 21 kan
671 1360 45 20 med
730 1359 107 28 fullkomlig
854 1361 95 20 säkerhet

207 1384 95 26 beräkna,
317 1385 98 20 huruvida
430 1386 44 19 icke
494 1386 43 20 hela
558 1391 101 15 summans
679 1387 90 26 plötsliga
789 1387 113 26 indragning
922 1387 25 27 på

207 1416 24 15 en
245 1410 50 27 gång
308 1411 65 21 kunde
393 1413 66 19 utöfva
480 1412 60 27 något
560 1413 107 26 betänkligt
688 1414 105 27 inflytande
814 1414 24 27 på
858 1414 90 21 Finlands

207 1439 192 28 penningemarknad.
413 1441 38 19 och
465 1439 87 27 affärslif,
568 1441 48 19 enär
629 1441 25 20 de
668 1440 78 21 influtna
763 1441 89 22 medlens
872 1442 75 26 hastiga
