1003 1703
206 145 44 19 1704
412 143 71 22 Nådiga
495 143 140 20 Propositionen
648 142 35 17 N:o
696 142 28 17 50.

206 194 26 19 till
254 193 209 19 öfverensstämmelse
484 192 44 20 med
549 192 25 19 48
596 192 37 19 och
652 192 26 19 49
696 191 28 25 $$,
746 195 44 15 som
804 195 75 14 samma
894 190 50 24 skäl,

206 220 66 19 hvilka
287 220 37 19 tala
339 219 29 19 för
388 221 27 17 att
435 219 93 24 qvarstad
546 218 49 19 skall
612 217 22 26 gå
652 217 42 20 åter
712 219 34 17 när
762 217 131 19 ombudsman
908 217 38 18 för-

206 252 88 14 summar
311 246 30 19 sin
357 245 112 26 skyldighet
489 247 27 17 att
536 245 68 19 derom
625 245 46 24 göra
689 244 87 19 anmälan
797 244 36 19 hos
850 243 93 24 domstol,

205 274 59 18 äfven
281 277 61 21 synas
355 271 73 24 fordra,
447 274 28 17 att
492 271 119 25 qvarstaden
626 269 17 26 ej
659 269 29 20 får
703 270 85 22 fortfara,
805 270 37 19 ifall
857 269 87 20 domstoö-

205 299 33 19 len
259 299 117 19 åsidosätter
396 298 34 19 sitt
449 297 99 26 åliggande
569 299 28 18 att
618 297 50 19 inom
692 295 40 21 åtta
753 297 59 24 dagar
832 295 61 20 utlåta
906 295 39 25 .sig

206 321 99 34 deröfver.
541 340 6 3 ss

261 352 77 19 Genom
359 350 134 26 misskrifning
512 350 47 19 eller
576 349 83 25 tryckfel
678 348 92 20 hänvisas
784 348 51 20 både
849 348 5 19 i
870 348 24 20 57
909 348 37 19 och

206 378 24 20 59
244 378 31 25 $$,
290 378 5 18 i
310 376 55 25 fråga
380 382 31 14 om
427 379 73 17 »rätter
514 375 109 21 svarande«
639 375 4 19 i
659 374 173 27 tryckfrihetsmäl,
849 375 26 19 till
892 374 25 20 34
927 374 16 25 $,

205 404 5 19 i
225 405 65 18 stället
304 404 28 18 för
348 403 23 19 33
386 403 17 25 $;
419 403 91 19 hvarföre
524 402 68 19 sådant
606 402 62 19 borde
682 403 68 18 rättas.

260 431 7 19 I
282 431 24 19 63
322 430 10 24 $
346 430 66 24 säges,
435 432 27 16 alt
483 428 111 20 underrätts
612 428 63 25 utslag
693 428 4 19 i
716 427 168 26 tryckfrihetsmål
900 426 47 21 skall

207 457 71 25 »enligt
293 457 11 19 5
319 456 10 25 $
343 456 25 19 25
382 456 46 24 kap.
444 454 119 27 Rättegångs
576 454 84 21 Balken«
676 455 114 19 hemställas
805 454 83 20 hofrätts
899 454 50 24 pröf-

206 483 51 25 ning.
286 484 44 19 Men
345 482 24 20 då
384 482 33 20 det
431 481 111 26 åberopade
557 482 124 24 lagrummet,
697 486 44 15 som
757 480 79 20 handlar
851 486 33 14 om
894 481 56 19 hem-

207 510 95 24 ställning,
324 508 44 20 icke
388 508 37 20 kan
442 509 97 25 tillämpas
555 508 11 20 å
584 507 60 20 andra
661 507 177 27 tryckfrihetsmål,
856 509 23 18 än
894 507 53 25 dem,

206 542 45 14 som
265 535 105 20 innnefatta
386 534 57 27 något
457 535 5 19 i
478 536 11 18 5
503 535 10 25 $
527 535 25 19 25
568 535 45 25 kap.
626 534 23 20 R.
661 535 21 19 B.
699 534 125 20 omförmäldt
839 534 59 26 brott,
911 534 37 19 och

207 563 40 19 skäl
263 568 59 20 synes
338 567 47 14 vara
398 562 108 19 förhanden
521 564 28 16 att
565 562 35 18 alla
615 560 176 26 tryckfrihetsmäl,
812 563 47 17 utan
873 560 75 20 undan-

206 592 40 22 tag,
267 589 64 19 blefve
352 588 109 19 hemstälda
478 588 83 19 hofrätts
578 587 96 25 pröfning,
693 587 58 19 hafva
768 587 105 19 ständerna
891 586 58 21 bordt

208 614 71 21 föreslä
295 621 23 13 en
332 614 82 20 härmed
428 613 217 21 ölverensstämmande
658 614 82 25 ändring
754 614 20 19 af
786 614 25 19 63
827 613 16 26 $.

260 642 8 19 I
282 643 26 18 64
322 641 10 26 $
345 642 22 18 är
380 641 65 26 sagdt,
460 644 27 16 att
501 642 62 21 böter,
580 647 44 13 som
638 639 80 21 älömas
732 641 58 24 enligt
800 641 148 24 Missgernings-

207 668 77 24 balken,
303 667 56 20 skola
376 668 85 19 fördelas
478 669 38 18 och
530 667 112 19 förvandlas
657 666 23 25 pä
696 669 38 17 sätt
748 667 4 19 i
768 667 69 19 allmän
851 667 32 25 lag
897 666 53 20 stad-

207 700 42 20 gas.
278 694 28 19 Då
325 694 58 20 likväl
400 694 56 19 böter
472 694 29 19 för
518 693 183 27 tryckfrihetsbrott
714 694 66 18 kunna
795 692 82 21 ädömas
891 693 59 19 äfven

207 720 24 26 pä
252 720 63 26 grund
335 720 20 20 af
373 726 63 14 annan
457 721 71 19 allmän
545 720 116 24 författning,
678 721 24 17 än
718 720 52 19 1734
784 719 33 20 års
832 720 37 25 lag,
886 722 13 17 t.
916 724 32 15 ex.

206 748 68 24 Kongl.
296 747 134 25 Kungörelsen
451 747 38 19 Jen
508 748 26 18 24
554 746 77 20 Januari
653 746 47 20 1781
722 746 29 25 (se
769 746 9 25 $
796 747 24 19 31
840 752 60 14 mor.
921 746 27 24 2),

207 774 62 19 borde
283 772 71 21 sådant
368 773 58 19 äfven
440 774 5 18 i
460 774 25 18 64
499 774 10 24 $
524 772 118 21 framhållas.
671 773 28 19 En
715 772 61 21 sådan
791 773 116 25 hänvisning
923 773 26 19 till

207 800 96 20 särskilda
317 800 132 26 författningar
464 800 63 20 blefve
541 799 60 20 också
616 799 80 20 alldeles
710 800 119 25 oundviklig,
844 800 39 19 ifall
894 798 58 21 straff

206 826 5 19 i
226 826 168 27 tryckfrihetsmål
409 826 77 20 komme
500 829 28 17 att
542 826 81 20 ådömas
639 824 61 26 någon
715 832 71 19 person
801 827 58 24 enligt
873 826 38 19 den
923 826 26 18 fö-

206 854 88 25 reslagna
309 853 135 25 förordningen
456 859 33 13 om
499 853 48 20 falsk
557 852 106 26 angifvelse
674 854 37 18 och
722 859 63 13 annan
796 853 153 25 ärekränkning,

206 880 80 19 hvilken
300 879 5 19 i
321 880 23 19 18
360 880 10 24 $
384 880 119 19 bestämmer
513 886 24 13 en
547 878 48 21 ifrån
604 880 71 18 allmän
685 880 30 24 lag
725 879 104 20 afvikande
840 879 111 25 förändring

206 906 20 19 af
239 906 55 20 böter
309 906 26 20 till
350 906 85 24 fängelse
450 906 32 19 vid
497 909 66 16 vatten
577 906 38 18 och
632 906 56 18 bröd.
717 906 107 19 Ständerna
837 906 46 20 böra
894 905 55 21 alltså

207 932 139 25 underdånigst
360 932 78 26 föreslå,
454 935 27 17 att
491 933 59 19 äfven
561 933 24 19 64
596 932 9 25 $
615 932 134 25 omredigeras
759 932 25 19 till
796 932 153 20 öfverensstäm-

208 959 62 19 melse
284 959 91 19 härmed.

260 985 39 19 165
308 985 9 24 $
325 985 120 19 bestämmes
455 988 28 16 att
493 985 62 23 böter,
571 984 26 20 till
608 985 65 19 hvilka
684 984 63 26 någon
757 985 54 20 fälles
819 986 58 25 enligt
883 985 69 26 tryck-

208 1011 215 26 frihetsförordningen,
441 1012 53 19 skola
511 1012 101 19 färändras
630 1012 25 19 till
672 1012 79 19 »enkelt
766 1012 98 24 fängelse«
880 1014 52 17 samt
947 1012 5 18 i

207 1037 53 20 vissa
280 1038 32 19 fall
334 1038 75 19 afsittas
432 1039 18 18 »i
465 1037 173 28 straff-fängelsex,
661 1038 97 19 hvarmed
776 1038 55 19 torde
849 1039 53 18 afses
917 1037 34 20 det

207 1064 114 19 nuvarande
342 1064 159 25 straff-fängelset
522 1064 5 19 i
546 1065 49 20 Åbo.
624 1064 43 19 Men
681 1063 24 21 då
720 1063 70 26 nådiga
804 1064 147 25 propositionen

206 1095 33 14 om
262 1090 120 20 afskaffande
401 1090 20 20 af
441 1091 52 19 vissa
515 1091 122 19 härförinnan
654 1089 86 28 nyttjade
762 1091 56 20 straff
834 1092 39 20 och
892 1091 59 19 deras

205 1117 113 20 ersättanle
335 1117 106 20 tillsvidare
454 1123 71 19 genom
543 1117 59 20 andra
619 1117 5 18 i
642 1118 12 19 6
672 1117 10 25 $
696 1117 114 20 innehåller:
829 1120 27 17 tt
872 1117 80 20 »enkelt

207 1143 97 25 fängelse«
325 1143 106 20 framdeles
449 1144 46 19 skall
513 1144 62 19 kallas
593 1144 117 25 »fängelsex,
730 1147 51 16 samt
798 1143 36 20 den
853 1144 4 19 i
873 1149 77 15 samma

207 1169 121 26 proposition
349 1169 108 26 föreslagna
479 1171 123 24 »förordning
622 1175 31 14 om
672 1170 148 25 verkställighet
837 1171 20 19 af
875 1171 78 19 [(rihets-

208 1195 66 20 straff«
291 1197 27 18 uti
332 1196 26 19 35
372 1195 10 25 $
395 1197 122 18 bestämmer
531 1197 50 18 hvar
595 1196 165 25 fängelsestraffet
772 1197 48 19 skall
832 1196 71 26 utstäs,
913 1197 38 18 och

207 1222 35 19 der
256 1221 21 20 sä
292 1221 81 27 mycket
388 1222 75 27 mindre
477 1222 56 20 torde
548 1228 47 13 vara
610 1222 53 25 fråga
678 1229 31 12 om
723 1223 83 20 nämnde
816 1223 135 25 straffängelse

208 1253 44 13 som
266 1248 53 18 detta
335 1249 30 17 för
380 1249 121 18 närvarande
515 1249 97 24 begagnas
627 1250 29 17 för
670 1249 74 19 sädane
758 1249 132 24 brottslingar,
904 1249 49 19 hvil-

207 1273 25 19 ka
247 1273 105 20 framdeles
370 1273 79 20 komme
467 1277 28 16 att
509 1274 85 25 undergå
612 1274 144 24 tukthusstraff,
773 1275 58 19 hafva
846 1275 106 19 ständerna

207 1301 48 17 trott
275 1299 29 26 sig
321 1300 46 19 böra
385 1299 78 24 föreslå,
480 1299 17 26 ej
512 1300 75 20 mindre
602 1303 27 17 att
644 1301 101 26 uttrycket
760 1301 78 20 »enkelt
852 1301 99 25 fängelse»

207 1325 101 21 förändras
324 1326 25 20 till
366 1327 120 25 »fängelse»,
504 1329 23 18 än
543 1329 27 17 att
584 1327 52 20 detta
651 1327 57 21 straff
720 1327 51 21 alltid
782 1329 63 20 skulle
854 1327 98 27 undergäs

207 1353 5 20 i
226 1352 61 21 sådan
302 1353 133 25 straffanstatt,
452 1359 43 14 som
509 1355 30 18 för
554 1354 144 25 fängelsestraff
709 1360 49 15 vore
773 1356 97 19 bestämd.

262 1379 36 20 Det
312 1380 5 19 i
332 1380 10 25 $
356 1381 24 18 67
395 1380 160 20 förekommande
571 1381 107 25 stadgande
693 1388 33 13 om
741 1383 108 24 utmätning
864 1382 19 20 af
897 1383 55 20 böter

207 1407 58 19 hafva
286 1407 104 20 ständerna
407 1407 63 20 funnit
488 1408 59 20 strida
563 1407 18 26 ej
597 1408 79 20 allenast
691 1411 53 18 emot
758 1409 147 20 föreskrifterne
921 1410 4 19 i
941 1409 11 19 7

206 1434 39 19 och
262 1433 12 20 8
291 1433 21 26 $$
327 1434 12 19 5
356 1433 45 26 kap.
421 1434 22 20 S.
459 1434 30 24 B.,
506 1437 44 18 utan
565 1435 58 20 äfven
638 1438 41 17 mot
693 1436 38 20 den
744 1436 113 25 grundsats,
873 1442 44 15 som
931 1438 21 18 är
