<?xml version="1.0" encoding="UTF-8"?>
<alto xmlns="http://www.loc.gov/standards/alto/ns-v3#" xmlns:xlink="http://www.w3.org/1999/xlink" xmlns:xsi="http://www.w3.org/2001/XMLSchema-instance" xsi:schemaLocation="http://www.loc.gov/standards/alto/ns-v3# http://www.loc.gov/alto/v3/alto-3-0.xsd">
	<Description>
		<MeasurementUnit>pixel</MeasurementUnit>
		<sourceImageInformation>
			<fileName>/tmp/tess_w307pgox_input.PNG</fileName>
		</sourceImageInformation>
		<OCRProcessing ID="OCR_0">
			<ocrProcessingStep>
				<processingSoftware>
					<softwareName>tesseract 5.3.4</softwareName>
				</processingSoftware>
			</ocrProcessingStep>
		</OCRProcessing>
	</Description>
	<Layout>
		<Page WIDTH="995" HEIGHT="1703" PHYSICAL_IMG_NR="0" ID="page_0">
			<PrintSpace HPOS="0" VPOS="0" WIDTH="995" HEIGHT="1703">
				<ComposedBlock ID="cblock_0" HPOS="206" VPOS="142" WIDTH="526" HEIGHT="23">
					<TextBlock ID="block_0" HPOS="206" VPOS="142" WIDTH="526" HEIGHT="23">
						<TextLine ID="line_0" HPOS="206" VPOS="142" WIDTH="526" HEIGHT="23">
							<String ID="string_0" HPOS="206" VPOS="143" WIDTH="44" HEIGHT="19" WC="0.95" CONTENT="1672"/><SP WIDTH="171" VPOS="143" HPOS="250"/>
							<String ID="string_1" HPOS="421" VPOS="142" WIDTH="70" HEIGHT="22" WC="0.89" CONTENT="Nådiga"/><SP WIDTH="11" VPOS="142" HPOS="491"/>
							<String ID="string_2" HPOS="502" VPOS="144" WIDTH="141" HEIGHT="21" WC="0.95" CONTENT="Propositionen"/><SP WIDTH="13" VPOS="144" HPOS="643"/>
							<String ID="string_3" HPOS="656" VPOS="143" WIDTH="36" HEIGHT="17" WC="0.95" CONTENT="N:o"/><SP WIDTH="13" VPOS="143" HPOS="692"/>
							<String ID="string_4" HPOS="705" VPOS="143" WIDTH="27" HEIGHT="17" WC="0.96" CONTENT="50."/>
						</TextLine>
					</TextBlock>
				</ComposedBlock>
				<ComposedBlock ID="cblock_1" HPOS="201" VPOS="191" WIDTH="749" HEIGHT="1273">
					<TextBlock ID="block_1" HPOS="203" VPOS="191" WIDTH="747" HEIGHT="950">
						<TextLine ID="line_1" HPOS="207" VPOS="191" WIDTH="739" HEIGHT="27">
							<String ID="string_5" HPOS="207" VPOS="198" WIDTH="73" HEIGHT="20" WC="0.94" CONTENT="person"/><SP WIDTH="15" VPOS="198" HPOS="280"/>
							<String ID="string_6" HPOS="295" VPOS="195" WIDTH="28" HEIGHT="17" WC="0.96" CONTENT="att"/><SP WIDTH="17" VPOS="195" HPOS="323"/>
							<String ID="string_7" HPOS="340" VPOS="192" WIDTH="87" HEIGHT="26" WC="0.96" CONTENT="uppbära"/><SP WIDTH="15" VPOS="192" HPOS="427"/>
							<String ID="string_8" HPOS="442" VPOS="192" WIDTH="140" HEIGHT="20" WC="0.96" CONTENT="skadeståndet"/><SP WIDTH="14" VPOS="192" HPOS="582"/>
							<String ID="string_9" HPOS="596" VPOS="192" WIDTH="48" HEIGHT="20" WC="0.96" CONTENT="eller"/><SP WIDTH="14" VPOS="192" HPOS="644"/>
							<String ID="string_10" HPOS="658" VPOS="192" WIDTH="37" HEIGHT="19" WC="0.93" CONTENT="hos"/><SP WIDTH="14" VPOS="192" HPOS="695"/>
							<String ID="string_11" HPOS="709" VPOS="192" WIDTH="96" HEIGHT="19" WC="0.90" CONTENT="exekutor"/><SP WIDTH="14" VPOS="192" HPOS="805"/>
							<String ID="string_12" HPOS="819" VPOS="192" WIDTH="46" HEIGHT="25" WC="0.93" CONTENT="göra"/><SP WIDTH="15" VPOS="192" HPOS="865"/>
							<String ID="string_13" HPOS="880" VPOS="191" WIDTH="66" HEIGHT="20" WC="0.92" CONTENT="anhål-"/>
						</TextLine>
						<TextLine ID="line_2" HPOS="207" VPOS="218" WIDTH="739" HEIGHT="26">
							<String ID="string_14" HPOS="207" VPOS="219" WIDTH="30" HEIGHT="19" WC="0.94" CONTENT="lan"/><SP WIDTH="15" VPOS="219" HPOS="237"/>
							<String ID="string_15" HPOS="252" VPOS="224" WIDTH="32" HEIGHT="14" WC="0.96" CONTENT="om"/><SP WIDTH="13" VPOS="224" HPOS="284"/>
							<String ID="string_16" HPOS="297" VPOS="218" WIDTH="48" HEIGHT="20" WC="0.93" CONTENT="dess"/><SP WIDTH="14" VPOS="218" HPOS="345"/>
							<String ID="string_17" HPOS="359" VPOS="219" WIDTH="105" HEIGHT="25" WC="0.92" CONTENT="uttagande"/><SP WIDTH="15" VPOS="219" HPOS="464"/>
							<String ID="string_18" HPOS="479" VPOS="219" WIDTH="36" HEIGHT="19" WC="0.96" CONTENT="hos"/><SP WIDTH="14" VPOS="219" HPOS="515"/>
							<String ID="string_19" HPOS="529" VPOS="219" WIDTH="37" HEIGHT="19" WC="0.93" CONTENT="den"/><SP WIDTH="15" VPOS="219" HPOS="566"/>
							<String ID="string_20" HPOS="581" VPOS="218" WIDTH="93" HEIGHT="20" WC="0.91" CONTENT="sakfälde."/><SP WIDTH="31" VPOS="218" HPOS="674"/>
							<String ID="string_21" HPOS="705" VPOS="218" WIDTH="99" HEIGHT="20" WC="0.96" CONTENT="Utskottet"/><SP WIDTH="15" VPOS="218" HPOS="804"/>
							<String ID="string_22" HPOS="819" VPOS="219" WIDTH="35" HEIGHT="18" WC="0.93" CONTENT="har"/><SP WIDTH="14" VPOS="219" HPOS="854"/>
							<String ID="string_23" HPOS="868" VPOS="218" WIDTH="78" HEIGHT="20" WC="0.91" CONTENT="derföre"/>
						</TextLine>
						<TextLine ID="line_3" HPOS="206" VPOS="244" WIDTH="740" HEIGHT="26">
							<String ID="string_24" HPOS="206" VPOS="247" WIDTH="64" HEIGHT="17" WC="0.96" CONTENT="ansett"/><SP WIDTH="21" VPOS="247" HPOS="270"/>
							<String ID="string_25" HPOS="291" VPOS="245" WIDTH="29" HEIGHT="25" WC="0.96" CONTENT="sig"/><SP WIDTH="19" VPOS="245" HPOS="320"/>
							<String ID="string_26" HPOS="339" VPOS="246" WIDTH="48" HEIGHT="19" WC="0.96" CONTENT="böra"/><SP WIDTH="20" VPOS="246" HPOS="387"/>
							<String ID="string_27" HPOS="407" VPOS="244" WIDTH="78" HEIGHT="26" WC="0.96" CONTENT="föreslå,"/><SP WIDTH="24" VPOS="244" HPOS="485"/>
							<String ID="string_28" HPOS="509" VPOS="244" WIDTH="16" HEIGHT="26" WC="0.96" CONTENT="ej"/><SP WIDTH="22" VPOS="244" HPOS="525"/>
							<String ID="string_29" HPOS="547" VPOS="244" WIDTH="76" HEIGHT="20" WC="0.96" CONTENT="mindre"/><SP WIDTH="16" VPOS="244" HPOS="623"/>
							<String ID="string_30" HPOS="639" VPOS="246" WIDTH="28" HEIGHT="18" WC="0.93" CONTENT="att"/><SP WIDTH="17" VPOS="246" HPOS="667"/>
							<String ID="string_31" HPOS="684" VPOS="244" WIDTH="126" HEIGHT="20" WC="0.87" CONTENT="omförmälda"/><SP WIDTH="15" VPOS="244" HPOS="810"/>
							<String ID="string_32" HPOS="825" VPOS="244" WIDTH="121" HEIGHT="20" WC="0.96" CONTENT="skadestånd"/>
						</TextLine>
						<TextLine ID="line_4" HPOS="207" VPOS="270" WIDTH="739" HEIGHT="28">
							<String ID="string_33" HPOS="207" VPOS="271" WIDTH="64" HEIGHT="20" WC="0.96" CONTENT="skulle"/><SP WIDTH="18" VPOS="271" HPOS="271"/>
							<String ID="string_34" HPOS="289" VPOS="270" WIDTH="61" HEIGHT="26" WC="0.96" CONTENT="jemte"/><SP WIDTH="20" VPOS="270" HPOS="350"/>
							<String ID="string_35" HPOS="370" VPOS="272" WIDTH="81" HEIGHT="19" WC="0.96" CONTENT="böterna"/><SP WIDTH="17" VPOS="272" HPOS="451"/>
							<String ID="string_36" HPOS="468" VPOS="271" WIDTH="18" HEIGHT="19" WC="0.96" CONTENT="få"/><SP WIDTH="19" VPOS="271" HPOS="486"/>
							<String ID="string_37" HPOS="505" VPOS="272" WIDTH="73" HEIGHT="19" WC="0.96" CONTENT="betalas"/><SP WIDTH="18" VPOS="272" HPOS="578"/>
							<String ID="string_38" HPOS="596" VPOS="272" WIDTH="25" HEIGHT="19" WC="0.93" CONTENT="till"/><SP WIDTH="17" VPOS="272" HPOS="621"/>
							<String ID="string_39" HPOS="638" VPOS="271" WIDTH="101" HEIGHT="24" WC="0.92" CONTENT="exekutor,"/><SP WIDTH="17" VPOS="271" HPOS="739"/>
							<String ID="string_40" HPOS="756" VPOS="271" WIDTH="37" HEIGHT="19" WC="0.93" CONTENT="ifall"/><SP WIDTH="16" VPOS="271" HPOS="793"/>
							<String ID="string_41" HPOS="809" VPOS="270" WIDTH="137" HEIGHT="28" WC="0.92" CONTENT="målsegandes"/>
						</TextLine>
						<TextLine ID="line_5" HPOS="208" VPOS="297" WIDTH="740" HEIGHT="27">
							<String ID="string_42" HPOS="208" VPOS="298" WIDTH="62" HEIGHT="25" WC="0.91" CONTENT="qvitto"/><SP WIDTH="17" VPOS="298" HPOS="270"/>
							<String ID="string_43" HPOS="287" VPOS="297" WIDTH="18" HEIGHT="27" WC="0.96" CONTENT="ej"/><SP WIDTH="17" VPOS="297" HPOS="305"/>
							<String ID="string_44" HPOS="322" VPOS="301" WIDTH="70" HEIGHT="23" WC="0.96" CONTENT="genast"/><SP WIDTH="16" VPOS="301" HPOS="392"/>
							<String ID="string_45" HPOS="408" VPOS="298" WIDTH="38" HEIGHT="20" WC="0.96" CONTENT="kan"/><SP WIDTH="14" VPOS="298" HPOS="446"/>
							<String ID="string_46" HPOS="460" VPOS="298" WIDTH="104" HEIGHT="23" WC="0.96" CONTENT="anskaffas,"/><SP WIDTH="16" VPOS="298" HPOS="564"/>
							<String ID="string_47" HPOS="580" VPOS="299" WIDTH="24" HEIGHT="18" WC="0.96" CONTENT="än"/><SP WIDTH="15" VPOS="299" HPOS="604"/>
							<String ID="string_48" HPOS="619" VPOS="298" WIDTH="36" HEIGHT="20" WC="0.96" CONTENT="ock"/><SP WIDTH="15" VPOS="298" HPOS="655"/>
							<String ID="string_49" HPOS="670" VPOS="300" WIDTH="28" HEIGHT="18" WC="0.95" CONTENT="att"/><SP WIDTH="13" VPOS="300" HPOS="698"/>
							<String ID="string_50" HPOS="711" VPOS="297" WIDTH="124" HEIGHT="25" WC="0.93" CONTENT="tidskriftens"/><SP WIDTH="14" VPOS="297" HPOS="835"/>
							<String ID="string_51" HPOS="849" VPOS="298" WIDTH="99" HEIGHT="25" WC="0.91" CONTENT="utgifvare"/>
						</TextLine>
						<TextLine ID="line_6" HPOS="207" VPOS="324" WIDTH="741" HEIGHT="26">
							<String ID="string_52" HPOS="207" VPOS="325" WIDTH="65" HEIGHT="19" WC="0.95" CONTENT="skulle"/><SP WIDTH="19" VPOS="325" HPOS="272"/>
							<String ID="string_53" HPOS="291" VPOS="324" WIDTH="95" HEIGHT="20" WC="0.96" CONTENT="förklaras"/><SP WIDTH="22" VPOS="324" HPOS="386"/>
							<String ID="string_54" HPOS="408" VPOS="324" WIDTH="77" HEIGHT="26" WC="0.95" CONTENT="skyldig"/><SP WIDTH="21" VPOS="324" HPOS="485"/>
							<String ID="string_55" HPOS="506" VPOS="327" WIDTH="27" HEIGHT="16" WC="0.96" CONTENT="att"/><SP WIDTH="21" VPOS="327" HPOS="533"/>
							<String ID="string_56" HPOS="554" VPOS="324" WIDTH="49" HEIGHT="19" WC="0.93" CONTENT="hålla"/><SP WIDTH="21" VPOS="324" HPOS="603"/>
							<String ID="string_57" HPOS="624" VPOS="327" WIDTH="188" HEIGHT="23" WC="0.91" CONTENT="prenumeranterne"/><SP WIDTH="21" VPOS="327" HPOS="812"/>
							<String ID="string_58" HPOS="833" VPOS="325" WIDTH="115" HEIGHT="19" WC="0.89" CONTENT="skadeslöse"/>
						</TextLine>
						<TextLine ID="line_7" HPOS="207" VPOS="351" WIDTH="742" HEIGHT="26">
							<String ID="string_59" HPOS="207" VPOS="351" WIDTH="29" HEIGHT="18" WC="0.96" CONTENT="för"/><SP WIDTH="18" VPOS="351" HPOS="236"/>
							<String ID="string_60" HPOS="254" VPOS="351" WIDTH="24" HEIGHT="19" WC="0.93" CONTENT="de"/><SP WIDTH="21" VPOS="351" HPOS="278"/>
							<String ID="string_61" HPOS="299" VPOS="356" WIDTH="87" HEIGHT="19" WC="0.91" CONTENT="numror,"/><SP WIDTH="23" VPOS="356" HPOS="386"/>
							<String ID="string_62" HPOS="409" VPOS="351" WIDTH="66" HEIGHT="19" WC="0.96" CONTENT="hvilka"/><SP WIDTH="18" VPOS="351" HPOS="475"/>
							<String ID="string_63" HPOS="493" VPOS="351" WIDTH="5" HEIGHT="18" WC="0.95" CONTENT="i"/><SP WIDTH="17" VPOS="351" HPOS="498"/>
							<String ID="string_64" HPOS="515" VPOS="351" WIDTH="99" HEIGHT="19" WC="0.92" CONTENT="anseende"/><SP WIDTH="24" VPOS="351" HPOS="614"/>
							<String ID="string_65" HPOS="638" VPOS="351" WIDTH="25" HEIGHT="20" WC="0.89" CONTENT="till"/><SP WIDTH="25" VPOS="351" HPOS="663"/>
							<String ID="string_66" HPOS="688" VPOS="351" WIDTH="101" HEIGHT="24" WC="0.96" CONTENT="bristande"/><SP WIDTH="23" VPOS="351" HPOS="789"/>
							<String ID="string_67" HPOS="812" VPOS="351" WIDTH="96" HEIGHT="26" WC="0.96" CONTENT="betalning"/><SP WIDTH="21" VPOS="351" HPOS="908"/>
							<String ID="string_68" HPOS="929" VPOS="351" WIDTH="20" HEIGHT="18" WC="0.95" CONTENT="af"/>
						</TextLine>
						<TextLine ID="line_8" HPOS="207" VPOS="376" WIDTH="743" HEIGHT="27">
							<String ID="string_69" HPOS="207" VPOS="377" WIDTH="57" HEIGHT="20" WC="0.96" CONTENT="böter"/><SP WIDTH="21" VPOS="377" HPOS="264"/>
							<String ID="string_70" HPOS="285" VPOS="378" WIDTH="38" HEIGHT="19" WC="0.96" CONTENT="och"/><SP WIDTH="21" VPOS="378" HPOS="323"/>
							<String ID="string_71" HPOS="344" VPOS="378" WIDTH="129" HEIGHT="24" WC="0.95" CONTENT="ersättningar"/><SP WIDTH="17" VPOS="378" HPOS="473"/>
							<String ID="string_72" HPOS="490" VPOS="376" WIDTH="80" HEIGHT="20" WC="0.95" CONTENT="komme"/><SP WIDTH="18" VPOS="376" HPOS="570"/>
							<String ID="string_73" HPOS="588" VPOS="379" WIDTH="27" HEIGHT="17" WC="0.93" CONTENT="att"/><SP WIDTH="19" VPOS="379" HPOS="615"/>
							<String ID="string_74" HPOS="634" VPOS="377" WIDTH="100" HEIGHT="20" WC="0.86" CONTENT="uteblifva."/><SP WIDTH="16" VPOS="377" HPOS="734"/>
							<String ID="string_75" HPOS="750" VPOS="388" WIDTH="26" HEIGHT="3" WC="0.92" CONTENT="—"/><SP WIDTH="14" VPOS="388" HPOS="776"/>
							<String ID="string_76" HPOS="790" VPOS="377" WIDTH="7" HEIGHT="19" WC="0.96" CONTENT="I"/><SP WIDTH="15" VPOS="377" HPOS="797"/>
							<String ID="string_77" HPOS="812" VPOS="377" WIDTH="103" HEIGHT="26" WC="0.96" CONTENT="anledning"/><SP WIDTH="14" VPOS="377" HPOS="915"/>
							<String ID="string_78" HPOS="929" VPOS="377" WIDTH="21" HEIGHT="19" WC="0.97" CONTENT="af"/>
						</TextLine>
						<TextLine ID="line_9" HPOS="207" VPOS="403" WIDTH="741" HEIGHT="26">
							<String ID="string_79" HPOS="207" VPOS="403" WIDTH="112" HEIGHT="20" WC="0.96" CONTENT="Utskottets"/><SP WIDTH="15" VPOS="403" HPOS="319"/>
							<String ID="string_80" HPOS="334" VPOS="403" WIDTH="125" HEIGHT="26" WC="0.96" CONTENT="anmärkning"/><SP WIDTH="15" VPOS="403" HPOS="459"/>
							<String ID="string_81" HPOS="474" VPOS="406" WIDTH="42" HEIGHT="17" WC="0.96" CONTENT="mot"/><SP WIDTH="13" VPOS="406" HPOS="516"/>
							<String ID="string_82" HPOS="529" VPOS="403" WIDTH="38" HEIGHT="20" WC="0.96" CONTENT="den"/><SP WIDTH="13" VPOS="403" HPOS="567"/>
							<String ID="string_83" HPOS="580" VPOS="403" WIDTH="110" HEIGHT="26" WC="0.93" CONTENT="föreslagna"/><SP WIDTH="10" VPOS="403" HPOS="690"/>
							<String ID="string_84" HPOS="700" VPOS="404" WIDTH="111" HEIGHT="23" WC="0.91" CONTENT="kautionen,"/><SP WIDTH="12" VPOS="404" HPOS="811"/>
							<String ID="string_85" HPOS="823" VPOS="404" WIDTH="35" HEIGHT="19" WC="0.93" CONTENT="har"/><SP WIDTH="9" VPOS="404" HPOS="858"/>
							<String ID="string_86" HPOS="867" VPOS="404" WIDTH="81" HEIGHT="20" WC="0.92" CONTENT="Utskot-"/>
						</TextLine>
						<TextLine ID="line_10" HPOS="206" VPOS="429" WIDTH="741" HEIGHT="27">
							<String ID="string_87" HPOS="206" VPOS="432" WIDTH="29" HEIGHT="17" WC="0.96" CONTENT="tet"/><SP WIDTH="15" VPOS="432" HPOS="235"/>
							<String ID="string_88" HPOS="250" VPOS="430" WIDTH="37" HEIGHT="19" WC="0.93" CONTENT="ock"/><SP WIDTH="14" VPOS="430" HPOS="287"/>
							<String ID="string_89" HPOS="301" VPOS="430" WIDTH="58" HEIGHT="19" WC="0.92" CONTENT="bordt"/><SP WIDTH="13" VPOS="430" HPOS="359"/>
							<String ID="string_90" HPOS="372" VPOS="429" WIDTH="79" HEIGHT="26" WC="0.96" CONTENT="föreslå,"/><SP WIDTH="17" VPOS="429" HPOS="451"/>
							<String ID="string_91" HPOS="468" VPOS="432" WIDTH="27" HEIGHT="17" WC="0.96" CONTENT="att"/><SP WIDTH="14" VPOS="432" HPOS="495"/>
							<String ID="string_92" HPOS="509" VPOS="430" WIDTH="25" HEIGHT="19" WC="0.95" CONTENT="de"/><SP WIDTH="18" VPOS="430" HPOS="534"/>
							<String ID="string_93" HPOS="552" VPOS="430" WIDTH="1" HEIGHT="18" WC="0.95" CONTENT="i"/><SP WIDTH="23" VPOS="430" HPOS="553"/>
							<String ID="string_94" HPOS="576" VPOS="431" WIDTH="3" HEIGHT="18" WC="0.96" CONTENT="6"/><SP WIDTH="15" VPOS="431" HPOS="579"/>
							<String ID="string_95" HPOS="594" VPOS="435" WIDTH="61" HEIGHT="14" WC="0.96" CONTENT="mom."/><SP WIDTH="16" VPOS="435" HPOS="655"/>
							<String ID="string_96" HPOS="671" VPOS="431" WIDTH="20" HEIGHT="19" WC="0.92" CONTENT="af"/><SP WIDTH="14" VPOS="431" HPOS="691"/>
							<String ID="string_97" HPOS="705" VPOS="430" WIDTH="48" HEIGHT="25" WC="0.81" CONTENT="13.$"/><SP WIDTH="14" VPOS="430" HPOS="753"/>
							<String ID="string_98" HPOS="767" VPOS="430" WIDTH="75" HEIGHT="19" WC="0.93" CONTENT="införda"/><SP WIDTH="15" VPOS="430" HPOS="842"/>
							<String ID="string_99" HPOS="857" VPOS="431" WIDTH="90" HEIGHT="25" WC="0.91" CONTENT="stadgan-"/>
						</TextLine>
						<TextLine ID="line_11" HPOS="204" VPOS="456" WIDTH="744" HEIGHT="26">
							<String ID="string_100" HPOS="204" VPOS="456" WIDTH="40" HEIGHT="20" WC="0.95" CONTENT="den"/><SP WIDTH="21" VPOS="456" HPOS="244"/>
							<String ID="string_101" HPOS="265" VPOS="462" WIDTH="33" HEIGHT="14" WC="0.91" CONTENT="om"/><SP WIDTH="19" VPOS="462" HPOS="298"/>
							<String ID="string_102" HPOS="317" VPOS="456" WIDTH="108" HEIGHT="25" WC="0.91" CONTENT="utmätning"/><SP WIDTH="16" VPOS="456" HPOS="425"/>
							<String ID="string_103" HPOS="441" VPOS="457" WIDTH="21" HEIGHT="19" WC="0.96" CONTENT="af"/><SP WIDTH="14" VPOS="457" HPOS="462"/>
							<String ID="string_104" HPOS="476" VPOS="457" WIDTH="56" HEIGHT="19" WC="0.96" CONTENT="böter"/><SP WIDTH="17" VPOS="457" HPOS="532"/>
							<String ID="string_105" HPOS="549" VPOS="457" WIDTH="38" HEIGHT="18" WC="0.96" CONTENT="och"/><SP WIDTH="17" VPOS="457" HPOS="587"/>
							<String ID="string_106" HPOS="604" VPOS="456" WIDTH="119" HEIGHT="20" WC="0.96" CONTENT="skadestånd"/><SP WIDTH="15" VPOS="456" HPOS="723"/>
							<String ID="string_107" HPOS="738" VPOS="456" WIDTH="63" HEIGHT="20" WC="0.96" CONTENT="skulle"/><SP WIDTH="14" VPOS="456" HPOS="801"/>
							<String ID="string_108" HPOS="815" VPOS="458" WIDTH="85" HEIGHT="18" WC="0.93" CONTENT="ersättas"/><SP WIDTH="15" VPOS="458" HPOS="900"/>
							<String ID="string_109" HPOS="915" VPOS="463" WIDTH="33" HEIGHT="19" WC="0.90" CONTENT="ge-"/>
						</TextLine>
						<TextLine ID="line_12" HPOS="207" VPOS="483" WIDTH="741" HEIGHT="26">
							<String ID="string_110" HPOS="207" VPOS="488" WIDTH="46" HEIGHT="15" WC="0.96" CONTENT="nom"/><SP WIDTH="15" VPOS="488" HPOS="253"/>
							<String ID="string_111" HPOS="268" VPOS="489" WIDTH="23" HEIGHT="14" WC="0.96" CONTENT="en"/><SP WIDTH="15" VPOS="489" HPOS="291"/>
							<String ID="string_112" HPOS="306" VPOS="483" WIDTH="116" HEIGHT="26" WC="0.96" CONTENT="hänvisning"/><SP WIDTH="13" VPOS="483" HPOS="422"/>
							<String ID="string_113" HPOS="435" VPOS="483" WIDTH="26" HEIGHT="20" WC="0.95" CONTENT="till"/><SP WIDTH="16" VPOS="483" HPOS="461"/>
							<String ID="string_114" HPOS="477" VPOS="483" WIDTH="50" HEIGHT="20" WC="0.93" CONTENT="hvad"/><SP WIDTH="16" VPOS="483" HPOS="527"/>
							<String ID="string_115" HPOS="543" VPOS="483" WIDTH="68" HEIGHT="19" WC="0.88" CONTENT="Straff-"/><SP WIDTH="13" VPOS="483" HPOS="611"/>
							<String ID="string_116" HPOS="624" VPOS="483" WIDTH="36" HEIGHT="20" WC="0.93" CONTENT="och"/><SP WIDTH="11" VPOS="483" HPOS="660"/>
							<String ID="string_117" HPOS="671" VPOS="483" WIDTH="223" HEIGHT="24" WC="0.91" CONTENT="Utsöknings-balkarne"/><SP WIDTH="10" VPOS="483" HPOS="894"/>
							<String ID="string_118" HPOS="904" VPOS="483" WIDTH="44" HEIGHT="20" WC="0.92" CONTENT="der-"/>
						</TextLine>
						<TextLine ID="line_13" HPOS="206" VPOS="508" WIDTH="742" HEIGHT="27">
							<String ID="string_119" HPOS="206" VPOS="515" WIDTH="34" HEIGHT="14" WC="0.96" CONTENT="om"/><SP WIDTH="14" VPOS="515" HPOS="240"/>
							<String ID="string_120" HPOS="254" VPOS="509" WIDTH="74" HEIGHT="26" WC="0.94" CONTENT="stadga."/><SP WIDTH="29" VPOS="509" HPOS="328"/>
							<String ID="string_121" HPOS="357" VPOS="509" WIDTH="100" HEIGHT="20" WC="0.96" CONTENT="Utskottet"/><SP WIDTH="15" VPOS="509" HPOS="457"/>
							<String ID="string_122" HPOS="472" VPOS="510" WIDTH="34" HEIGHT="19" WC="0.96" CONTENT="har"/><SP WIDTH="15" VPOS="510" HPOS="506"/>
							<String ID="string_123" HPOS="521" VPOS="508" WIDTH="21" HEIGHT="21" WC="0.96" CONTENT="så"/><SP WIDTH="15" VPOS="508" HPOS="542"/>
							<String ID="string_124" HPOS="557" VPOS="510" WIDTH="81" HEIGHT="25" WC="0.96" CONTENT="mycket"/><SP WIDTH="14" VPOS="510" HPOS="638"/>
							<String ID="string_125" HPOS="652" VPOS="510" WIDTH="59" HEIGHT="20" WC="0.96" CONTENT="hellre"/><SP WIDTH="15" VPOS="510" HPOS="711"/>
							<String ID="string_126" HPOS="726" VPOS="512" WIDTH="64" HEIGHT="17" WC="0.91" CONTENT="ansett"/><SP WIDTH="14" VPOS="512" HPOS="790"/>
							<String ID="string_127" HPOS="804" VPOS="509" WIDTH="30" HEIGHT="26" WC="0.96" CONTENT="sig"/><SP WIDTH="13" VPOS="509" HPOS="834"/>
							<String ID="string_128" HPOS="847" VPOS="509" WIDTH="48" HEIGHT="20" WC="0.93" CONTENT="böra"/><SP WIDTH="15" VPOS="509" HPOS="895"/>
							<String ID="string_129" HPOS="910" VPOS="511" WIDTH="38" HEIGHT="18" WC="0.92" CONTENT="för-"/>
						</TextLine>
						<TextLine ID="line_14" HPOS="206" VPOS="535" WIDTH="741" HEIGHT="27">
							<String ID="string_130" HPOS="206" VPOS="536" WIDTH="48" HEIGHT="19" WC="0.96" CONTENT="orda"/><SP WIDTH="18" VPOS="536" HPOS="254"/>
							<String ID="string_131" HPOS="272" VPOS="542" WIDTH="23" HEIGHT="14" WC="0.96" CONTENT="en"/><SP WIDTH="18" VPOS="542" HPOS="295"/>
							<String ID="string_132" HPOS="313" VPOS="535" WIDTH="61" HEIGHT="20" WC="0.96" CONTENT="sådan"/><SP WIDTH="21" VPOS="535" HPOS="374"/>
							<String ID="string_133" HPOS="395" VPOS="536" WIDTH="120" HEIGHT="26" WC="0.96" CONTENT="hänvisning,"/><SP WIDTH="24" VPOS="536" HPOS="515"/>
							<String ID="string_134" HPOS="539" VPOS="541" WIDTH="43" HEIGHT="13" WC="0.96" CONTENT="som"/><SP WIDTH="15" VPOS="541" HPOS="582"/>
							<String ID="string_135" HPOS="597" VPOS="536" WIDTH="99" HEIGHT="20" WC="0.96" CONTENT="Utskottet"/><SP WIDTH="13" VPOS="536" HPOS="696"/>
							<String ID="string_136" HPOS="709" VPOS="535" WIDTH="18" HEIGHT="26" WC="0.97" CONTENT="ej"/><SP WIDTH="15" VPOS="535" HPOS="727"/>
							<String ID="string_137" HPOS="742" VPOS="537" WIDTH="62" HEIGHT="19" WC="0.96" CONTENT="heller"/><SP WIDTH="14" VPOS="537" HPOS="804"/>
							<String ID="string_138" HPOS="818" VPOS="537" WIDTH="72" HEIGHT="18" WC="0.96" CONTENT="kunnat"/><SP WIDTH="14" VPOS="537" HPOS="890"/>
							<String ID="string_139" HPOS="904" VPOS="537" WIDTH="43" HEIGHT="24" WC="0.96" CONTENT="gilla"/>
						</TextLine>
						<TextLine ID="line_15" HPOS="206" VPOS="562" WIDTH="742" HEIGHT="26">
							<String ID="string_140" HPOS="206" VPOS="562" WIDTH="157" HEIGHT="26" WC="0.91" CONTENT="propositionens"/><SP WIDTH="16" VPOS="562" HPOS="363"/>
							<String ID="string_141" HPOS="379" VPOS="562" WIDTH="26" HEIGHT="20" WC="0.93" CONTENT="67"/><SP WIDTH="15" VPOS="562" HPOS="405"/>
							<String ID="string_142" HPOS="420" VPOS="562" WIDTH="15" HEIGHT="26" WC="0.91" CONTENT="$,"/><SP WIDTH="17" VPOS="562" HPOS="435"/>
							<String ID="string_143" HPOS="452" VPOS="562" WIDTH="79" HEIGHT="20" WC="0.96" CONTENT="hvilken"/><SP WIDTH="14" VPOS="562" HPOS="531"/>
							<String ID="string_144" HPOS="545" VPOS="562" WIDTH="4" HEIGHT="18" WC="0.96" CONTENT="i"/><SP WIDTH="15" VPOS="562" HPOS="549"/>
							<String ID="string_145" HPOS="564" VPOS="562" WIDTH="53" HEIGHT="26" WC="0.96" CONTENT="fråga"/><SP WIDTH="15" VPOS="562" HPOS="617"/>
							<String ID="string_146" HPOS="632" VPOS="568" WIDTH="33" HEIGHT="14" WC="0.92" CONTENT="om"/><SP WIDTH="14" VPOS="568" HPOS="665"/>
							<String ID="string_147" HPOS="679" VPOS="562" WIDTH="108" HEIGHT="26" WC="0.92" CONTENT="utmätning"/><SP WIDTH="14" VPOS="562" HPOS="787"/>
							<String ID="string_148" HPOS="801" VPOS="563" WIDTH="20" HEIGHT="19" WC="0.96" CONTENT="af"/><SP WIDTH="12" VPOS="563" HPOS="821"/>
							<String ID="string_149" HPOS="833" VPOS="562" WIDTH="55" HEIGHT="20" WC="0.93" CONTENT="böter"/><SP WIDTH="10" VPOS="562" HPOS="888"/>
							<String ID="string_150" HPOS="898" VPOS="563" WIDTH="50" HEIGHT="19" WC="0.92" CONTENT="före-"/>
						</TextLine>
						<TextLine ID="line_16" HPOS="205" VPOS="588" WIDTH="742" HEIGHT="26">
							<String ID="string_151" HPOS="205" VPOS="588" WIDTH="41" HEIGHT="20" WC="0.96" CONTENT="slår"/><SP WIDTH="14" VPOS="588" HPOS="246"/>
							<String ID="string_152" HPOS="260" VPOS="592" WIDTH="27" HEIGHT="16" WC="0.96" CONTENT="ett"/><SP WIDTH="15" VPOS="592" HPOS="287"/>
							<String ID="string_153" HPOS="302" VPOS="588" WIDTH="115" HEIGHT="24" WC="0.96" CONTENT="förfarande,"/><SP WIDTH="17" VPOS="588" HPOS="417"/>
							<String ID="string_154" HPOS="434" VPOS="588" WIDTH="74" HEIGHT="20" WC="0.96" CONTENT="hvilket"/><SP WIDTH="15" VPOS="588" HPOS="508"/>
							<String ID="string_155" HPOS="523" VPOS="588" WIDTH="71" HEIGHT="20" WC="0.96" CONTENT="strider"/><SP WIDTH="14" VPOS="588" HPOS="594"/>
							<String ID="string_156" HPOS="608" VPOS="588" WIDTH="18" HEIGHT="26" WC="0.92" CONTENT="ej"/><SP WIDTH="15" VPOS="588" HPOS="626"/>
							<String ID="string_157" HPOS="641" VPOS="590" WIDTH="82" HEIGHT="19" WC="0.92" CONTENT="allenast"/><SP WIDTH="14" VPOS="590" HPOS="723"/>
							<String ID="string_158" HPOS="737" VPOS="592" WIDTH="53" HEIGHT="17" WC="0.95" CONTENT="emot"/><SP WIDTH="9" VPOS="592" HPOS="790"/>
							<String ID="string_159" HPOS="799" VPOS="589" WIDTH="148" HEIGHT="19" WC="0.96" CONTENT="föreskrifterna"/>
						</TextLine>
						<TextLine ID="line_17" HPOS="205" VPOS="615" WIDTH="743" HEIGHT="26">
							<String ID="string_160" HPOS="205" VPOS="615" WIDTH="6" HEIGHT="19" WC="0.93" CONTENT="i"/><SP WIDTH="15" VPOS="615" HPOS="211"/>
							<String ID="string_161" HPOS="226" VPOS="616" WIDTH="10" HEIGHT="18" WC="0.96" CONTENT="7"/><SP WIDTH="16" VPOS="616" HPOS="236"/>
							<String ID="string_162" HPOS="252" VPOS="616" WIDTH="38" HEIGHT="19" WC="0.96" CONTENT="och"/><SP WIDTH="15" VPOS="616" HPOS="290"/>
							<String ID="string_163" HPOS="305" VPOS="616" WIDTH="10" HEIGHT="20" WC="0.96" CONTENT="8"/><SP WIDTH="15" VPOS="616" HPOS="315"/>
							<String ID="string_164" HPOS="330" VPOS="615" WIDTH="21" HEIGHT="25" WC="0.96" CONTENT="$$"/><SP WIDTH="15" VPOS="615" HPOS="351"/>
							<String ID="string_165" HPOS="366" VPOS="615" WIDTH="12" HEIGHT="19" WC="0.95" CONTENT="5"/><SP WIDTH="14" VPOS="615" HPOS="378"/>
							<String ID="string_166" HPOS="392" VPOS="615" WIDTH="46" HEIGHT="25" WC="0.93" CONTENT="kap."/><SP WIDTH="16" VPOS="615" HPOS="438"/>
							<String ID="string_167" HPOS="454" VPOS="616" WIDTH="21" HEIGHT="18" WC="0.91" CONTENT="S."/><SP WIDTH="16" VPOS="616" HPOS="475"/>
							<String ID="string_168" HPOS="491" VPOS="616" WIDTH="30" HEIGHT="23" WC="0.91" CONTENT="B.,"/><SP WIDTH="17" VPOS="616" HPOS="521"/>
							<String ID="string_169" HPOS="538" VPOS="617" WIDTH="44" HEIGHT="17" WC="0.96" CONTENT="utan"/><SP WIDTH="15" VPOS="617" HPOS="582"/>
							<String ID="string_170" HPOS="597" VPOS="615" WIDTH="57" HEIGHT="19" WC="0.96" CONTENT="äfven"/><SP WIDTH="15" VPOS="615" HPOS="654"/>
							<String ID="string_171" HPOS="669" VPOS="619" WIDTH="53" HEIGHT="16" WC="0.96" CONTENT="emot"/><SP WIDTH="9" VPOS="619" HPOS="722"/>
							<String ID="string_172" HPOS="731" VPOS="616" WIDTH="38" HEIGHT="19" WC="0.96" CONTENT="den"/><SP WIDTH="10" VPOS="616" HPOS="769"/>
							<String ID="string_173" HPOS="779" VPOS="615" WIDTH="112" HEIGHT="26" WC="0.85" CONTENT="grundsats,"/><SP WIDTH="13" VPOS="615" HPOS="891"/>
							<String ID="string_174" HPOS="904" VPOS="621" WIDTH="44" HEIGHT="14" WC="0.96" CONTENT="som"/>
						</TextLine>
						<TextLine ID="line_18" HPOS="206" VPOS="641" WIDTH="741" HEIGHT="26">
							<String ID="string_175" HPOS="206" VPOS="642" WIDTH="22" HEIGHT="19" WC="0.96" CONTENT="är"/><SP WIDTH="14" VPOS="642" HPOS="228"/>
							<String ID="string_176" HPOS="242" VPOS="642" WIDTH="72" HEIGHT="20" WC="0.96" CONTENT="uttalad"/><SP WIDTH="15" VPOS="642" HPOS="314"/>
							<String ID="string_177" HPOS="329" VPOS="642" WIDTH="5" HEIGHT="19" WC="0.96" CONTENT="i"/><SP WIDTH="14" VPOS="642" HPOS="334"/>
							<String ID="string_178" HPOS="348" VPOS="642" WIDTH="24" HEIGHT="19" WC="0.93" CONTENT="67"/><SP WIDTH="16" VPOS="642" HPOS="372"/>
							<String ID="string_179" HPOS="388" VPOS="641" WIDTH="10" HEIGHT="25" WC="0.93" CONTENT="$"/><SP WIDTH="14" VPOS="641" HPOS="398"/>
							<String ID="string_180" HPOS="412" VPOS="641" WIDTH="20" HEIGHT="19" WC="0.96" CONTENT="af"/><SP WIDTH="13" VPOS="641" HPOS="432"/>
							<String ID="string_181" HPOS="445" VPOS="642" WIDTH="53" HEIGHT="19" WC="0.96" CONTENT="Hans"/><SP WIDTH="14" VPOS="642" HPOS="498"/>
							<String ID="string_182" HPOS="512" VPOS="641" WIDTH="108" HEIGHT="26" WC="0.96" CONTENT="Kejserliga"/><SP WIDTH="14" VPOS="641" HPOS="620"/>
							<String ID="string_183" HPOS="634" VPOS="642" WIDTH="100" HEIGHT="24" WC="0.96" CONTENT="Majestäts"/><SP WIDTH="13" VPOS="642" HPOS="734"/>
							<String ID="string_184" HPOS="747" VPOS="642" WIDTH="68" HEIGHT="25" WC="0.96" CONTENT="nådiga"/><SP WIDTH="10" VPOS="642" HPOS="815"/>
							<String ID="string_185" HPOS="825" VPOS="642" WIDTH="122" HEIGHT="25" WC="0.96" CONTENT="proposition"/>
						</TextLine>
						<TextLine ID="line_19" HPOS="209" VPOS="668" WIDTH="738" HEIGHT="25">
							<String ID="string_186" HPOS="209" VPOS="673" WIDTH="33" HEIGHT="13" WC="0.96" CONTENT="om"/><SP WIDTH="14" VPOS="673" HPOS="242"/>
							<String ID="string_187" HPOS="256" VPOS="668" WIDTH="95" HEIGHT="19" WC="0.96" CONTENT="allmänna"/><SP WIDTH="21" VPOS="668" HPOS="351"/>
							<String ID="string_188" HPOS="372" VPOS="668" WIDTH="85" HEIGHT="25" WC="0.96" CONTENT="grunder"/><SP WIDTH="19" VPOS="668" HPOS="457"/>
							<String ID="string_189" HPOS="476" VPOS="668" WIDTH="29" HEIGHT="19" WC="0.96" CONTENT="för"/><SP WIDTH="17" VPOS="668" HPOS="505"/>
							<String ID="string_190" HPOS="522" VPOS="674" WIDTH="24" HEIGHT="13" WC="0.96" CONTENT="en"/><SP WIDTH="18" VPOS="674" HPOS="546"/>
							<String ID="string_191" HPOS="564" VPOS="674" WIDTH="27" HEIGHT="19" WC="0.93" CONTENT="ny"/><SP WIDTH="17" VPOS="674" HPOS="591"/>
							<String ID="string_192" HPOS="608" VPOS="668" WIDTH="153" HEIGHT="25" WC="0.91" CONTENT="brottsmålslag."/><SP WIDTH="29" VPOS="668" HPOS="761"/>
							<String ID="string_193" HPOS="790" VPOS="669" WIDTH="7" HEIGHT="19" WC="0.84" CONTENT="I"/><SP WIDTH="14" VPOS="669" HPOS="797"/>
							<String ID="string_194" HPOS="811" VPOS="668" WIDTH="25" HEIGHT="19" WC="0.93" CONTENT="67"/><SP WIDTH="16" VPOS="668" HPOS="836"/>
							<String ID="string_195" HPOS="852" VPOS="669" WIDTH="10" HEIGHT="24" WC="0.92" CONTENT="$"/><SP WIDTH="14" VPOS="669" HPOS="862"/>
							<String ID="string_196" HPOS="876" VPOS="669" WIDTH="21" HEIGHT="18" WC="0.96" CONTENT="af"/><SP WIDTH="12" VPOS="669" HPOS="897"/>
							<String ID="string_197" HPOS="909" VPOS="669" WIDTH="38" HEIGHT="19" WC="0.96" CONTENT="den"/>
						</TextLine>
						<TextLine ID="line_20" HPOS="206" VPOS="693" WIDTH="742" HEIGHT="27">
							<String ID="string_198" HPOS="206" VPOS="693" WIDTH="106" HEIGHT="26" WC="0.93" CONTENT="föreslagna"/><SP WIDTH="22" VPOS="693" HPOS="312"/>
							<String ID="string_199" HPOS="334" VPOS="693" WIDTH="264" HEIGHT="26" WC="0.91" CONTENT="tryckfrihetsförordningen"/><SP WIDTH="18" VPOS="693" HPOS="598"/>
							<String ID="string_200" HPOS="616" VPOS="695" WIDTH="21" HEIGHT="18" WC="0.93" CONTENT="är"/><SP WIDTH="17" VPOS="695" HPOS="637"/>
							<String ID="string_201" HPOS="654" VPOS="695" WIDTH="96" HEIGHT="25" WC="0.91" CONTENT="nemligen"/><SP WIDTH="18" VPOS="695" HPOS="750"/>
							<String ID="string_202" HPOS="768" VPOS="695" WIDTH="63" HEIGHT="24" WC="0.91" CONTENT="sagdt,"/><SP WIDTH="24" VPOS="695" HPOS="831"/>
							<String ID="string_203" HPOS="855" VPOS="697" WIDTH="27" HEIGHT="17" WC="0.91" CONTENT="att"/><SP WIDTH="16" VPOS="697" HPOS="882"/>
							<String ID="string_204" HPOS="898" VPOS="695" WIDTH="50" HEIGHT="19" WC="0.91" CONTENT="»för-"/>
						</TextLine>
						<TextLine ID="line_21" HPOS="206" VPOS="720" WIDTH="742" HEIGHT="27">
							<String ID="string_205" HPOS="206" VPOS="720" WIDTH="129" HEIGHT="26" WC="0.91" CONTENT="vandlindling"/><SP WIDTH="14" VPOS="720" HPOS="335"/>
							<String ID="string_206" HPOS="349" VPOS="720" WIDTH="21" HEIGHT="20" WC="0.95" CONTENT="af"/><SP WIDTH="13" VPOS="720" HPOS="370"/>
							<String ID="string_207" HPOS="383" VPOS="720" WIDTH="61" HEIGHT="24" WC="0.95" CONTENT="böter,"/><SP WIDTH="17" VPOS="720" HPOS="444"/>
							<String ID="string_208" HPOS="461" VPOS="720" WIDTH="25" HEIGHT="20" WC="0.95" CONTENT="till"/><SP WIDTH="16" VPOS="720" HPOS="486"/>
							<String ID="string_209" HPOS="502" VPOS="721" WIDTH="66" HEIGHT="19" WC="0.93" CONTENT="hvilka"/><SP WIDTH="15" VPOS="721" HPOS="568"/>
							<String ID="string_210" HPOS="583" VPOS="721" WIDTH="97" HEIGHT="25" WC="0.93" CONTENT="utgifvare"/><SP WIDTH="15" VPOS="721" HPOS="680"/>
							<String ID="string_211" HPOS="695" VPOS="721" WIDTH="20" HEIGHT="19" WC="0.96" CONTENT="af"/><SP WIDTH="13" VPOS="721" HPOS="715"/>
							<String ID="string_212" HPOS="728" VPOS="721" WIDTH="100" HEIGHT="26" WC="0.96" CONTENT="periodisk"/><SP WIDTH="15" VPOS="721" HPOS="828"/>
							<String ID="string_213" HPOS="843" VPOS="721" WIDTH="58" HEIGHT="19" WC="0.93" CONTENT="skrift"/><SP WIDTH="13" VPOS="721" HPOS="901"/>
							<String ID="string_214" HPOS="914" VPOS="721" WIDTH="34" HEIGHT="20" WC="0.91" CONTENT="fäl-"/>
						</TextLine>
						<TextLine ID="line_22" HPOS="205" VPOS="746" WIDTH="743" HEIGHT="26">
							<String ID="string_215" HPOS="205" VPOS="746" WIDTH="49" HEIGHT="25" WC="0.90" CONTENT="les«,"/><SP WIDTH="18" VPOS="746" HPOS="254"/>
							<String ID="string_216" HPOS="272" VPOS="747" WIDTH="47" HEIGHT="20" WC="0.93" CONTENT="skall"/><SP WIDTH="16" VPOS="747" HPOS="319"/>
							<String ID="string_217" HPOS="335" VPOS="752" WIDTH="36" HEIGHT="20" WC="0.91" CONTENT="ega"/><SP WIDTH="15" VPOS="752" HPOS="371"/>
							<String ID="string_218" HPOS="386" VPOS="752" WIDTH="44" HEIGHT="13" WC="0.93" CONTENT="rum"/><SP WIDTH="19" VPOS="752" HPOS="430"/>
							<String ID="string_219" HPOS="449" VPOS="747" WIDTH="98" HEIGHT="19" WC="0.91" CONTENT="»endast"/><SP WIDTH="18" VPOS="747" HPOS="547"/>
							<String ID="string_220" HPOS="565" VPOS="747" WIDTH="34" HEIGHT="19" WC="0.96" CONTENT="för"/><SP WIDTH="13" VPOS="747" HPOS="599"/>
							<String ID="string_221" HPOS="612" VPOS="747" WIDTH="44" HEIGHT="19" WC="0.96" CONTENT="den"/><SP WIDTH="14" VPOS="747" HPOS="656"/>
							<String ID="string_222" HPOS="670" VPOS="747" WIDTH="35" HEIGHT="20" WC="0.96" CONTENT="del"/><SP WIDTH="16" VPOS="747" HPOS="705"/>
							<String ID="string_223" HPOS="721" VPOS="748" WIDTH="24" HEIGHT="19" WC="0.95" CONTENT="af"/><SP WIDTH="12" VPOS="748" HPOS="745"/>
							<String ID="string_224" HPOS="757" VPOS="748" WIDTH="130" HEIGHT="24" WC="0.95" CONTENT="desamma,"/><SP WIDTH="17" VPOS="748" HPOS="887"/>
							<String ID="string_225" HPOS="904" VPOS="753" WIDTH="44" HEIGHT="14" WC="0.96" CONTENT="som"/>
						</TextLine>
						<TextLine ID="line_23" HPOS="206" VPOS="772" WIDTH="742" HEIGHT="27">
							<String ID="string_226" HPOS="206" VPOS="772" WIDTH="51" HEIGHT="26" WC="0.96" CONTENT="icke,"/><SP WIDTH="22" VPOS="772" HPOS="257"/>
							<String ID="string_227" HPOS="279" VPOS="773" WIDTH="60" HEIGHT="25" WC="0.96" CONTENT="enligt"/><SP WIDTH="14" VPOS="773" HPOS="339"/>
							<String ID="string_228" HPOS="353" VPOS="773" WIDTH="25" HEIGHT="20" WC="0.96" CONTENT="de"/><SP WIDTH="14" VPOS="773" HPOS="378"/>
							<String ID="string_229" HPOS="392" VPOS="773" WIDTH="4" HEIGHT="18" WC="0.92" CONTENT="i"/><SP WIDTH="20" VPOS="773" HPOS="396"/>
							<String ID="string_230" HPOS="416" VPOS="773" WIDTH="5" HEIGHT="25" WC="0.88" CONTENT="$"/><SP WIDTH="15" VPOS="773" HPOS="421"/>
							<String ID="string_231" HPOS="436" VPOS="773" WIDTH="23" HEIGHT="19" WC="0.96" CONTENT="43"/><SP WIDTH="16" VPOS="773" HPOS="459"/>
							<String ID="string_232" HPOS="475" VPOS="779" WIDTH="60" HEIGHT="14" WC="0.95" CONTENT="mom."/><SP WIDTH="17" VPOS="779" HPOS="535"/>
							<String ID="string_233" HPOS="552" VPOS="774" WIDTH="12" HEIGHT="19" WC="0.96" CONTENT="6"/><SP WIDTH="18" VPOS="774" HPOS="564"/>
							<String ID="string_234" HPOS="582" VPOS="773" WIDTH="94" HEIGHT="25" WC="0.96" CONTENT="stadgade"/><SP WIDTH="14" VPOS="773" HPOS="676"/>
							<String ID="string_235" HPOS="690" VPOS="774" WIDTH="91" HEIGHT="25" WC="0.95" CONTENT="grunder,"/><SP WIDTH="23" VPOS="774" HPOS="781"/>
							<String ID="string_236" HPOS="804" VPOS="775" WIDTH="39" HEIGHT="18" WC="0.93" CONTENT="kan"/><SP WIDTH="13" VPOS="775" HPOS="843"/>
							<String ID="string_237" HPOS="856" VPOS="773" WIDTH="54" HEIGHT="20" WC="0.92" CONTENT="utfås"/><SP WIDTH="15" VPOS="773" HPOS="910"/>
							<String ID="string_238" HPOS="925" VPOS="780" WIDTH="23" HEIGHT="13" WC="0.96" CONTENT="ur"/>
						</TextLine>
						<TextLine ID="line_24" HPOS="205" VPOS="799" WIDTH="743" HEIGHT="26">
							<String ID="string_239" HPOS="205" VPOS="799" WIDTH="78" HEIGHT="20" WC="0.93" CONTENT="nedsatt"/><SP WIDTH="13" VPOS="799" HPOS="283"/>
							<String ID="string_240" HPOS="296" VPOS="805" WIDTH="168" HEIGHT="18" WC="0.90" CONTENT="ansvarssumma,"/><SP WIDTH="19" VPOS="805" HPOS="464"/>
							<String ID="string_241" HPOS="483" VPOS="799" WIDTH="42" HEIGHT="25" WC="0.96" CONTENT="och,"/><SP WIDTH="17" VPOS="799" HPOS="525"/>
							<String ID="string_242" HPOS="542" VPOS="799" WIDTH="36" HEIGHT="20" WC="0.96" CONTENT="der"/><SP WIDTH="13" VPOS="799" HPOS="578"/>
							<String ID="string_243" HPOS="591" VPOS="801" WIDTH="62" HEIGHT="19" WC="0.94" CONTENT="denna"/><SP WIDTH="15" VPOS="801" HPOS="653"/>
							<String ID="string_244" HPOS="668" VPOS="799" WIDTH="18" HEIGHT="26" WC="0.96" CONTENT="ej"/><SP WIDTH="15" VPOS="799" HPOS="686"/>
							<String ID="string_245" HPOS="701" VPOS="800" WIDTH="76" HEIGHT="25" WC="0.96" CONTENT="förslår,"/><SP WIDTH="16" VPOS="800" HPOS="777"/>
							<String ID="string_246" HPOS="793" VPOS="800" WIDTH="44" HEIGHT="20" WC="0.96" CONTENT="icke"/><SP WIDTH="14" VPOS="800" HPOS="837"/>
							<String ID="string_247" HPOS="851" VPOS="801" WIDTH="63" HEIGHT="19" WC="0.96" CONTENT="heller"/><SP WIDTH="14" VPOS="801" HPOS="914"/>
							<String ID="string_248" HPOS="928" VPOS="801" WIDTH="20" HEIGHT="19" WC="0.96" CONTENT="af"/>
						</TextLine>
						<TextLine ID="line_25" HPOS="204" VPOS="825" WIDTH="743" HEIGHT="28">
							<String ID="string_249" HPOS="204" VPOS="825" WIDTH="38" HEIGHT="20" WC="0.96" CONTENT="den"/><SP WIDTH="15" VPOS="825" HPOS="242"/>
							<String ID="string_250" HPOS="257" VPOS="825" WIDTH="89" HEIGHT="26" WC="0.93" CONTENT="skyldige"/><SP WIDTH="13" VPOS="825" HPOS="346"/>
							<String ID="string_251" HPOS="359" VPOS="825" WIDTH="67" HEIGHT="27" WC="0.92" CONTENT="gäldes"/><SP WIDTH="14" VPOS="825" HPOS="426"/>
							<String ID="string_252" HPOS="440" VPOS="826" WIDTH="59" HEIGHT="20" WC="0.96" CONTENT="eller"/><SP WIDTH="14" VPOS="826" HPOS="499"/>
							<String ID="string_253" HPOS="513" VPOS="832" WIDTH="27" HEIGHT="14" WC="0.96" CONTENT="ur"/><SP WIDTH="15" VPOS="832" HPOS="540"/>
							<String ID="string_254" HPOS="555" VPOS="827" WIDTH="57" HEIGHT="19" WC="0.96" CONTENT="hans"/><SP WIDTH="15" VPOS="827" HPOS="612"/>
							<String ID="string_255" HPOS="627" VPOS="827" WIDTH="57" HEIGHT="24" WC="0.95" CONTENT="gods"/><SP WIDTH="14" VPOS="827" HPOS="684"/>
							<String ID="string_256" HPOS="698" VPOS="827" WIDTH="44" HEIGHT="19" WC="0.93" CONTENT="kan"/><SP WIDTH="14" VPOS="827" HPOS="742"/>
							<String ID="string_257" HPOS="756" VPOS="827" WIDTH="79" HEIGHT="26" WC="0.90" CONTENT="utgå«."/><SP WIDTH="20" VPOS="827" HPOS="835"/>
							<String ID="string_258" HPOS="855" VPOS="826" WIDTH="27" HEIGHT="20" WC="0.96" CONTENT="På"/><SP WIDTH="15" VPOS="826" HPOS="882"/>
							<String ID="string_259" HPOS="897" VPOS="827" WIDTH="50" HEIGHT="25" WC="0.96" CONTENT="goda"/>
						</TextLine>
						<TextLine ID="line_26" HPOS="205" VPOS="851" WIDTH="741" HEIGHT="27">
							<String ID="string_260" HPOS="205" VPOS="851" WIDTH="42" HEIGHT="20" WC="0.96" CONTENT="skäl"/><SP WIDTH="18" VPOS="851" HPOS="247"/>
							<String ID="string_261" HPOS="265" VPOS="853" WIDTH="37" HEIGHT="18" WC="0.96" CONTENT="och"/><SP WIDTH="17" VPOS="853" HPOS="302"/>
							<String ID="string_262" HPOS="319" VPOS="853" WIDTH="5" HEIGHT="18" WC="0.93" CONTENT="i"/><SP WIDTH="18" VPOS="853" HPOS="324"/>
							<String ID="string_263" HPOS="342" VPOS="853" WIDTH="209" HEIGHT="19" WC="0.91" CONTENT="öfverensstämmelse"/><SP WIDTH="17" VPOS="853" HPOS="551"/>
							<String ID="string_264" HPOS="568" VPOS="853" WIDTH="44" HEIGHT="20" WC="0.96" CONTENT="med"/><SP WIDTH="16" VPOS="853" HPOS="612"/>
							<String ID="string_265" HPOS="628" VPOS="853" WIDTH="36" HEIGHT="19" WC="0.95" CONTENT="den"/><SP WIDTH="15" VPOS="853" HPOS="664"/>
							<String ID="string_266" HPOS="679" VPOS="853" WIDTH="113" HEIGHT="25" WC="0.93" CONTENT="grundsats,"/><SP WIDTH="24" VPOS="853" HPOS="792"/>
							<String ID="string_267" HPOS="816" VPOS="853" WIDTH="10" HEIGHT="20" WC="0.89" CONTENT="å"/><SP WIDTH="15" VPOS="853" HPOS="826"/>
							<String ID="string_268" HPOS="841" VPOS="853" WIDTH="79" HEIGHT="20" WC="0.96" CONTENT="hvilken"/><SP WIDTH="16" VPOS="853" HPOS="920"/>
							<String ID="string_269" HPOS="936" VPOS="855" WIDTH="10" HEIGHT="18" WC="0.96" CONTENT="7"/>
						</TextLine>
						<TextLine ID="line_27" HPOS="205" VPOS="879" WIDTH="742" HEIGHT="26">
							<String ID="string_270" HPOS="205" VPOS="879" WIDTH="37" HEIGHT="18" WC="0.96" CONTENT="och"/><SP WIDTH="15" VPOS="879" HPOS="242"/>
							<String ID="string_271" HPOS="257" VPOS="879" WIDTH="11" HEIGHT="19" WC="0.95" CONTENT="8"/><SP WIDTH="14" VPOS="879" HPOS="268"/>
							<String ID="string_272" HPOS="282" VPOS="879" WIDTH="22" HEIGHT="24" WC="0.95" CONTENT="$$"/><SP WIDTH="15" VPOS="879" HPOS="304"/>
							<String ID="string_273" HPOS="319" VPOS="879" WIDTH="12" HEIGHT="19" WC="0.96" CONTENT="5"/><SP WIDTH="13" VPOS="879" HPOS="331"/>
							<String ID="string_274" HPOS="344" VPOS="879" WIDTH="47" HEIGHT="25" WC="0.93" CONTENT="kap."/><SP WIDTH="19" VPOS="879" HPOS="391"/>
							<String ID="string_275" HPOS="410" VPOS="879" WIDTH="20" HEIGHT="19" WC="0.91" CONTENT="S."/><SP WIDTH="18" VPOS="879" HPOS="430"/>
							<String ID="string_276" HPOS="448" VPOS="879" WIDTH="21" HEIGHT="19" WC="0.90" CONTENT="B."/><SP WIDTH="19" VPOS="879" HPOS="469"/>
							<String ID="string_277" HPOS="488" VPOS="881" WIDTH="51" HEIGHT="17" WC="0.96" CONTENT="samt"/><SP WIDTH="17" VPOS="881" HPOS="539"/>
							<String ID="string_278" HPOS="556" VPOS="879" WIDTH="68" HEIGHT="26" WC="0.93" CONTENT="Kongl."/><SP WIDTH="22" VPOS="879" HPOS="624"/>
							<String ID="string_279" HPOS="646" VPOS="879" WIDTH="79" HEIGHT="20" WC="0.91" CONTENT="Brefvet"/><SP WIDTH="14" VPOS="879" HPOS="725"/>
							<String ID="string_280" HPOS="739" VPOS="880" WIDTH="38" HEIGHT="19" WC="0.96" CONTENT="den"/><SP WIDTH="14" VPOS="880" HPOS="777"/>
							<String ID="string_281" HPOS="791" VPOS="881" WIDTH="26" HEIGHT="19" WC="0.96" CONTENT="29"/><SP WIDTH="15" VPOS="881" HPOS="817"/>
							<String ID="string_282" HPOS="832" VPOS="880" WIDTH="115" HEIGHT="20" WC="0.95" CONTENT="November"/>
						</TextLine>
						<TextLine ID="line_28" HPOS="205" VPOS="905" WIDTH="742" HEIGHT="26">
							<String ID="string_283" HPOS="205" VPOS="905" WIDTH="51" HEIGHT="19" WC="0.92" CONTENT="1744"/><SP WIDTH="15" VPOS="905" HPOS="256"/>
							<String ID="string_284" HPOS="271" VPOS="905" WIDTH="58" HEIGHT="25" WC="0.91" CONTENT="hvila,"/><SP WIDTH="22" VPOS="905" HPOS="329"/>
							<String ID="string_285" HPOS="351" VPOS="907" WIDTH="22" HEIGHT="18" WC="0.93" CONTENT="är"/><SP WIDTH="17" VPOS="907" HPOS="373"/>
							<String ID="string_286" HPOS="390" VPOS="905" WIDTH="89" HEIGHT="20" WC="0.92" CONTENT="deremot"/><SP WIDTH="17" VPOS="905" HPOS="479"/>
							<String ID="string_287" HPOS="496" VPOS="905" WIDTH="4" HEIGHT="19" WC="0.96" CONTENT="i"/><SP WIDTH="18" VPOS="905" HPOS="500"/>
							<String ID="string_288" HPOS="518" VPOS="906" WIDTH="25" HEIGHT="19" WC="0.93" CONTENT="67"/><SP WIDTH="18" VPOS="906" HPOS="543"/>
							<String ID="string_289" HPOS="561" VPOS="905" WIDTH="9" HEIGHT="25" WC="0.92" CONTENT="$"/><SP WIDTH="14" VPOS="905" HPOS="570"/>
							<String ID="string_290" HPOS="584" VPOS="907" WIDTH="21" HEIGHT="18" WC="0.95" CONTENT="af"/><SP WIDTH="13" VPOS="907" HPOS="605"/>
							<String ID="string_291" HPOS="618" VPOS="905" WIDTH="68" HEIGHT="26" WC="0.96" CONTENT="nådiga"/><SP WIDTH="16" VPOS="905" HPOS="686"/>
							<String ID="string_292" HPOS="702" VPOS="906" WIDTH="147" HEIGHT="25" WC="0.95" CONTENT="propositionen"/><SP WIDTH="15" VPOS="906" HPOS="849"/>
							<String ID="string_293" HPOS="864" VPOS="912" WIDTH="32" HEIGHT="14" WC="0.93" CONTENT="om"/><SP WIDTH="16" VPOS="912" HPOS="896"/>
							<String ID="string_294" HPOS="912" VPOS="907" WIDTH="35" HEIGHT="20" WC="0.93" CONTENT="all-"/>
						</TextLine>
						<TextLine ID="line_29" HPOS="205" VPOS="931" WIDTH="742" HEIGHT="27">
							<String ID="string_295" HPOS="205" VPOS="932" WIDTH="69" HEIGHT="18" WC="0.87" CONTENT="männa"/><SP WIDTH="14" VPOS="932" HPOS="274"/>
							<String ID="string_296" HPOS="288" VPOS="932" WIDTH="85" HEIGHT="24" WC="0.96" CONTENT="grunder"/><SP WIDTH="15" VPOS="932" HPOS="373"/>
							<String ID="string_297" HPOS="388" VPOS="932" WIDTH="28" HEIGHT="19" WC="0.96" CONTENT="för"/><SP WIDTH="15" VPOS="932" HPOS="416"/>
							<String ID="string_298" HPOS="431" VPOS="937" WIDTH="24" HEIGHT="14" WC="0.96" CONTENT="en"/><SP WIDTH="14" VPOS="937" HPOS="455"/>
							<String ID="string_299" HPOS="469" VPOS="937" WIDTH="26" HEIGHT="20" WC="0.93" CONTENT="ny"/><SP WIDTH="14" VPOS="937" HPOS="495"/>
							<String ID="string_300" HPOS="509" VPOS="931" WIDTH="135" HEIGHT="27" WC="0.92" CONTENT="brottmälslag"/><SP WIDTH="14" VPOS="931" HPOS="644"/>
							<String ID="string_301" HPOS="658" VPOS="933" WIDTH="66" HEIGHT="24" WC="0.92" CONTENT="sagdt:"/><SP WIDTH="18" VPOS="933" HPOS="724"/>
							<String ID="string_302" HPOS="742" VPOS="933" WIDTH="69" HEIGHT="20" WC="0.92" CONTENT="»Böter"/><SP WIDTH="16" VPOS="933" HPOS="811"/>
							<String ID="string_303" HPOS="827" VPOS="933" WIDTH="53" HEIGHT="20" WC="0.93" CONTENT="skola"/><SP WIDTH="16" VPOS="933" HPOS="880"/>
							<String ID="string_304" HPOS="896" VPOS="936" WIDTH="51" HEIGHT="17" WC="0.93" CONTENT="utta-"/>
						</TextLine>
						<TextLine ID="line_30" HPOS="206" VPOS="957" WIDTH="740" HEIGHT="28">
							<String ID="string_305" HPOS="206" VPOS="962" WIDTH="34" HEIGHT="20" WC="0.92" CONTENT="gas"/><SP WIDTH="16" VPOS="962" HPOS="240"/>
							<String ID="string_306" HPOS="256" VPOS="957" WIDTH="41" HEIGHT="20" WC="0.96" CONTENT="från"/><SP WIDTH="14" VPOS="957" HPOS="297"/>
							<String ID="string_307" HPOS="311" VPOS="958" WIDTH="38" HEIGHT="19" WC="0.93" CONTENT="Jen"/><SP WIDTH="17" VPOS="958" HPOS="349"/>
							<String ID="string_308" HPOS="366" VPOS="958" WIDTH="98" HEIGHT="19" WC="0.48" CONTENT="sakfäldes"/><SP WIDTH="15" VPOS="958" HPOS="464"/>
							<String ID="string_309" HPOS="479" VPOS="958" WIDTH="95" HEIGHT="25" WC="0.93" CONTENT="egendom"/><SP WIDTH="15" VPOS="958" HPOS="574"/>
							<String ID="string_310" HPOS="589" VPOS="959" WIDTH="47" HEIGHT="19" WC="0.66" CONTENT="elier"/><SP WIDTH="15" VPOS="959" HPOS="636"/>
							<String ID="string_311" HPOS="651" VPOS="959" WIDTH="35" HEIGHT="19" WC="0.96" CONTENT="lott"/><SP WIDTH="16" VPOS="959" HPOS="686"/>
							<String ID="string_312" HPOS="702" VPOS="959" WIDTH="4" HEIGHT="18" WC="0.96" CONTENT="i"/><SP WIDTH="15" VPOS="959" HPOS="706"/>
							<String ID="string_313" HPOS="721" VPOS="962" WIDTH="124" HEIGHT="23" WC="0.93" CONTENT="gemensamt"/><SP WIDTH="13" VPOS="962" HPOS="845"/>
							<String ID="string_314" HPOS="858" VPOS="960" WIDTH="32" HEIGHT="24" WC="0.95" CONTENT="bo,"/><SP WIDTH="23" VPOS="960" HPOS="890"/>
							<String ID="string_315" HPOS="913" VPOS="965" WIDTH="33" HEIGHT="14" WC="0.96" CONTENT="om"/>
						</TextLine>
						<TextLine ID="line_31" HPOS="204" VPOS="984" WIDTH="744" HEIGHT="26">
							<String ID="string_316" HPOS="204" VPOS="984" WIDTH="33" HEIGHT="19" WC="0.96" CONTENT="det"/><SP WIDTH="14" VPOS="984" HPOS="237"/>
							<String ID="string_317" HPOS="251" VPOS="984" WIDTH="36" HEIGHT="19" WC="0.96" CONTENT="ske"/><SP WIDTH="14" VPOS="984" HPOS="287"/>
							<String ID="string_318" HPOS="301" VPOS="984" WIDTH="38" HEIGHT="19" WC="0.92" CONTENT="kan"/><SP WIDTH="14" VPOS="984" HPOS="339"/>
							<String ID="string_319" HPOS="353" VPOS="985" WIDTH="76" HEIGHT="18" WC="0.96" CONTENT="förutan"/><SP WIDTH="14" VPOS="985" HPOS="429"/>
							<String ID="string_320" HPOS="443" VPOS="985" WIDTH="49" HEIGHT="18" WC="0.93" CONTENT="hans"/><SP WIDTH="15" VPOS="985" HPOS="492"/>
							<String ID="string_321" HPOS="507" VPOS="985" WIDTH="121" HEIGHT="19" WC="0.66" CONTENT="utblottande"/><SP WIDTH="14" VPOS="985" HPOS="628"/>
							<String ID="string_322" HPOS="642" VPOS="985" WIDTH="24" HEIGHT="25" WC="0.96" CONTENT="pä"/><SP WIDTH="16" VPOS="985" HPOS="666"/>
							<String ID="string_323" HPOS="682" VPOS="985" WIDTH="34" HEIGHT="19" WC="0.96" CONTENT="det"/><SP WIDTH="13" VPOS="985" HPOS="716"/>
							<String ID="string_324" HPOS="729" VPOS="986" WIDTH="30" HEIGHT="18" WC="0.93" CONTENT="för"/><SP WIDTH="14" VPOS="986" HPOS="759"/>
							<String ID="string_325" HPOS="773" VPOS="986" WIDTH="113" HEIGHT="24" WC="0.90" CONTENT="uppehället"/><SP WIDTH="15" VPOS="986" HPOS="886"/>
							<String ID="string_326" HPOS="901" VPOS="986" WIDTH="47" HEIGHT="20" WC="0.88" CONTENT="nöd-"/>
						</TextLine>
						<TextLine ID="line_32" HPOS="206" VPOS="1010" WIDTH="741" HEIGHT="26">
							<String ID="string_327" HPOS="206" VPOS="1010" WIDTH="119" HEIGHT="25" WC="0.92" CONTENT="vändigaste;"/><SP WIDTH="16" VPOS="1010" HPOS="325"/>
							<String ID="string_328" HPOS="341" VPOS="1016" WIDTH="46" HEIGHT="14" WC="0.93" CONTENT="men"/><SP WIDTH="15" VPOS="1016" HPOS="387"/>
							<String ID="string_329" HPOS="402" VPOS="1010" WIDTH="18" HEIGHT="25" WC="0.92" CONTENT="ej"/><SP WIDTH="15" VPOS="1010" HPOS="420"/>
							<String ID="string_330" HPOS="435" VPOS="1010" WIDTH="30" HEIGHT="20" WC="0.96" CONTENT="mä"/><SP WIDTH="15" VPOS="1010" HPOS="465"/>
							<String ID="string_331" HPOS="480" VPOS="1011" WIDTH="94" HEIGHT="24" WC="0.93" CONTENT="fastighet"/><SP WIDTH="14" VPOS="1011" HPOS="574"/>
							<String ID="string_332" HPOS="588" VPOS="1014" WIDTH="53" HEIGHT="22" WC="0.92" CONTENT="tagas"/><SP WIDTH="15" VPOS="1014" HPOS="641"/>
							<String ID="string_333" HPOS="656" VPOS="1012" WIDTH="6" HEIGHT="18" WC="0.96" CONTENT="i"/><SP WIDTH="14" VPOS="1012" HPOS="662"/>
							<String ID="string_334" HPOS="676" VPOS="1013" WIDTH="41" HEIGHT="18" WC="0.96" CONTENT="mät"/><SP WIDTH="13" VPOS="1013" HPOS="717"/>
							<String ID="string_335" HPOS="730" VPOS="1012" WIDTH="29" HEIGHT="19" WC="0.93" CONTENT="för"/><SP WIDTH="15" VPOS="1012" HPOS="759"/>
							<String ID="string_336" HPOS="774" VPOS="1012" WIDTH="63" HEIGHT="19" WC="0.91" CONTENT="böter."/><SP WIDTH="33" VPOS="1012" HPOS="837"/>
							<String ID="string_337" HPOS="870" VPOS="1012" WIDTH="77" HEIGHT="20" WC="0.92" CONTENT="Orkar"/>
						</TextLine>
						<TextLine ID="line_33" HPOS="203" VPOS="1036" WIDTH="744" HEIGHT="27">
							<String ID="string_338" HPOS="203" VPOS="1036" WIDTH="44" HEIGHT="19" WC="0.90" CONTENT="den"/><SP WIDTH="23" VPOS="1036" HPOS="247"/>
							<String ID="string_339" HPOS="270" VPOS="1036" WIDTH="107" HEIGHT="21" WC="0.90" CONTENT="sakfälde"/><SP WIDTH="18" VPOS="1036" HPOS="377"/>
							<String ID="string_340" HPOS="395" VPOS="1037" WIDTH="51" HEIGHT="19" WC="0.92" CONTENT="icke"/><SP WIDTH="15" VPOS="1037" HPOS="446"/>
							<String ID="string_341" HPOS="461" VPOS="1037" WIDTH="93" HEIGHT="24" WC="0.91" CONTENT="erlägga"/><SP WIDTH="17" VPOS="1037" HPOS="554"/>
							<String ID="string_342" HPOS="571" VPOS="1037" WIDTH="53" HEIGHT="20" WC="0.93" CONTENT="hela"/><SP WIDTH="21" VPOS="1037" HPOS="624"/>
							<String ID="string_343" HPOS="645" VPOS="1038" WIDTH="191" HEIGHT="25" WC="0.91" CONTENT="bötesbeloppet,"/><SP WIDTH="23" VPOS="1038" HPOS="836"/>
							<String ID="string_344" HPOS="859" VPOS="1039" WIDTH="61" HEIGHT="20" WC="0.95" CONTENT="sitte"/><SP WIDTH="21" VPOS="1039" HPOS="920"/>
							<String ID="string_345" HPOS="941" VPOS="1039" WIDTH="6" HEIGHT="19" WC="0.95" CONTENT="i"/>
						</TextLine>
						<TextLine ID="line_34" HPOS="203" VPOS="1063" WIDTH="743" HEIGHT="27">
							<String ID="string_346" HPOS="203" VPOS="1065" WIDTH="79" HEIGHT="17" WC="0.92" CONTENT="arrest"/><SP WIDTH="13" VPOS="1065" HPOS="282"/>
							<String ID="string_347" HPOS="295" VPOS="1063" WIDTH="35" HEIGHT="19" WC="0.93" CONTENT="för"/><SP WIDTH="15" VPOS="1063" HPOS="330"/>
							<String ID="string_348" HPOS="345" VPOS="1063" WIDTH="61" HEIGHT="20" WC="0.72" CONTENT="allt«."/><SP WIDTH="36" VPOS="1063" HPOS="406"/>
							<String ID="string_349" HPOS="442" VPOS="1063" WIDTH="101" HEIGHT="20" WC="0.86" CONTENT="Utskottet"/><SP WIDTH="16" VPOS="1063" HPOS="543"/>
							<String ID="string_350" HPOS="559" VPOS="1064" WIDTH="36" HEIGHT="19" WC="0.93" CONTENT="har"/><SP WIDTH="14" VPOS="1064" HPOS="595"/>
							<String ID="string_351" HPOS="609" VPOS="1064" WIDTH="77" HEIGHT="20" WC="0.92" CONTENT="Jerföre"/><SP WIDTH="15" VPOS="1064" HPOS="686"/>
							<String ID="string_352" HPOS="701" VPOS="1065" WIDTH="36" HEIGHT="18" WC="0.93" CONTENT="ock"/><SP WIDTH="14" VPOS="1065" HPOS="737"/>
							<String ID="string_353" HPOS="751" VPOS="1064" WIDTH="58" HEIGHT="20" WC="0.91" CONTENT="bordt"/><SP WIDTH="14" VPOS="1064" HPOS="809"/>
							<String ID="string_354" HPOS="823" VPOS="1065" WIDTH="78" HEIGHT="25" WC="0.96" CONTENT="föreslå,"/><SP WIDTH="17" VPOS="1065" HPOS="901"/>
							<String ID="string_355" HPOS="918" VPOS="1067" WIDTH="28" HEIGHT="18" WC="0.97" CONTENT="att"/>
						</TextLine>
						<TextLine ID="line_35" HPOS="204" VPOS="1089" WIDTH="742" HEIGHT="27">
							<String ID="string_356" HPOS="204" VPOS="1089" WIDTH="24" HEIGHT="19" WC="0.96" CONTENT="67"/><SP WIDTH="16" VPOS="1089" HPOS="228"/>
							<String ID="string_357" HPOS="244" VPOS="1089" WIDTH="10" HEIGHT="26" WC="0.85" CONTENT="$"/><SP WIDTH="14" VPOS="1089" HPOS="254"/>
							<String ID="string_358" HPOS="268" VPOS="1089" WIDTH="5" HEIGHT="19" WC="0.95" CONTENT="i"/><SP WIDTH="14" VPOS="1089" HPOS="273"/>
							<String ID="string_359" HPOS="287" VPOS="1089" WIDTH="93" HEIGHT="26" WC="0.95" CONTENT="förslaget"/><SP WIDTH="14" VPOS="1089" HPOS="380"/>
							<String ID="string_360" HPOS="394" VPOS="1091" WIDTH="26" HEIGHT="19" WC="0.92" CONTENT="till"/><SP WIDTH="14" VPOS="1091" HPOS="420"/>
							<String ID="string_361" HPOS="434" VPOS="1089" WIDTH="212" HEIGHT="27" WC="0.86" CONTENT="tryckfrihetsordning"/><SP WIDTH="22" VPOS="1089" HPOS="646"/>
							<String ID="string_362" HPOS="668" VPOS="1091" WIDTH="63" HEIGHT="20" WC="0.94" CONTENT="skulle"/><SP WIDTH="20" VPOS="1091" HPOS="731"/>
							<String ID="string_363" HPOS="751" VPOS="1091" WIDTH="72" HEIGHT="20" WC="0.96" CONTENT="ändras"/><SP WIDTH="19" VPOS="1091" HPOS="823"/>
							<String ID="string_364" HPOS="842" VPOS="1092" WIDTH="25" HEIGHT="19" WC="0.93" CONTENT="till"/><SP WIDTH="15" VPOS="1092" HPOS="867"/>
							<String ID="string_365" HPOS="882" VPOS="1093" WIDTH="64" HEIGHT="19" WC="0.93" CONTENT="öfver-"/>
						</TextLine>
						<TextLine ID="line_36" HPOS="206" VPOS="1116" WIDTH="414" HEIGHT="25">
							<String ID="string_366" HPOS="206" VPOS="1116" WIDTH="150" HEIGHT="19" WC="0.91" CONTENT="ensstämmelse"/><SP WIDTH="13" VPOS="1116" HPOS="356"/>
							<String ID="string_367" HPOS="369" VPOS="1117" WIDTH="47" HEIGHT="19" WC="0.95" CONTENT="med"/><SP WIDTH="14" VPOS="1117" HPOS="416"/>
							<String ID="string_368" HPOS="430" VPOS="1117" WIDTH="63" HEIGHT="19" WC="0.91" CONTENT="denna"/><SP WIDTH="14" VPOS="1117" HPOS="493"/>
							<String ID="string_369" HPOS="507" VPOS="1116" WIDTH="113" HEIGHT="25" WC="0.96" CONTENT="grundsats."/>
						</TextLine>
					</TextBlock>
					<TextBlock ID="block_2" HPOS="201" VPOS="1142" WIDTH="745" HEIGHT="322">
						<TextLine ID="line_37" HPOS="256" VPOS="1142" WIDTH="690" HEIGHT="28">
							<String ID="string_370" HPOS="256" VPOS="1143" WIDTH="9" HEIGHT="19" WC="0.93" CONTENT="I"/><SP WIDTH="15" VPOS="1143" HPOS="265"/>
							<String ID="string_371" HPOS="280" VPOS="1143" WIDTH="13" HEIGHT="19" WC="0.96" CONTENT="8"/><SP WIDTH="18" VPOS="1143" HPOS="293"/>
							<String ID="string_372" HPOS="311" VPOS="1147" WIDTH="61" HEIGHT="16" WC="0.96" CONTENT="mom."/><SP WIDTH="18" VPOS="1147" HPOS="372"/>
							<String ID="string_373" HPOS="390" VPOS="1143" WIDTH="21" HEIGHT="19" WC="0.96" CONTENT="af"/><SP WIDTH="14" VPOS="1143" HPOS="411"/>
							<String ID="string_374" HPOS="425" VPOS="1144" WIDTH="22" HEIGHT="19" WC="0.93" CONTENT="13"/><SP WIDTH="16" VPOS="1144" HPOS="447"/>
							<String ID="string_375" HPOS="463" VPOS="1143" WIDTH="16" HEIGHT="26" WC="0.92" CONTENT="$,"/><SP WIDTH="24" VPOS="1143" HPOS="479"/>
							<String ID="string_376" HPOS="503" VPOS="1142" WIDTH="75" HEIGHT="20" WC="0.96" CONTENT="hvilket"/><SP WIDTH="20" VPOS="1142" HPOS="578"/>
							<String ID="string_377" HPOS="598" VPOS="1144" WIDTH="57" HEIGHT="25" WC="0.93" CONTENT="enligt"/><SP WIDTH="14" VPOS="1144" HPOS="655"/>
							<String ID="string_378" HPOS="669" VPOS="1145" WIDTH="112" HEIGHT="19" WC="0.96" CONTENT="Utskottets"/><SP WIDTH="13" VPOS="1145" HPOS="781"/>
							<String ID="string_379" HPOS="794" VPOS="1145" WIDTH="72" HEIGHT="25" WC="0.96" CONTENT="förslag"/><SP WIDTH="15" VPOS="1145" HPOS="866"/>
							<String ID="string_380" HPOS="881" VPOS="1145" WIDTH="65" HEIGHT="21" WC="0.96" CONTENT="skulle"/>
						</TextLine>
						<TextLine ID="line_38" HPOS="203" VPOS="1169" WIDTH="743" HEIGHT="27">
							<String ID="string_381" HPOS="203" VPOS="1169" WIDTH="60" HEIGHT="20" WC="0.89" CONTENT="blifva"/><SP WIDTH="20" VPOS="1169" HPOS="263"/>
							<String ID="string_382" HPOS="283" VPOS="1170" WIDTH="11" HEIGHT="18" WC="0.96" CONTENT="7"/><SP WIDTH="22" VPOS="1170" HPOS="294"/>
							<String ID="string_383" HPOS="316" VPOS="1175" WIDTH="59" HEIGHT="14" WC="0.96" CONTENT="mom."/><SP WIDTH="20" VPOS="1175" HPOS="375"/>
							<String ID="string_384" HPOS="395" VPOS="1170" WIDTH="6" HEIGHT="18" WC="0.96" CONTENT="i"/><SP WIDTH="17" VPOS="1170" HPOS="401"/>
							<String ID="string_385" HPOS="418" VPOS="1176" WIDTH="75" HEIGHT="18" WC="0.93" CONTENT="samma"/><SP WIDTH="17" VPOS="1176" HPOS="493"/>
							<String ID="string_386" HPOS="510" VPOS="1169" WIDTH="16" HEIGHT="26" WC="0.92" CONTENT="$,"/><SP WIDTH="23" VPOS="1169" HPOS="526"/>
							<String ID="string_387" HPOS="549" VPOS="1170" WIDTH="38" HEIGHT="19" WC="0.93" CONTENT="och"/><SP WIDTH="15" VPOS="1170" HPOS="587"/>
							<String ID="string_388" HPOS="602" VPOS="1171" WIDTH="80" HEIGHT="20" WC="0.92" CONTENT="hvarest"/><SP WIDTH="13" VPOS="1171" HPOS="682"/>
							<String ID="string_389" HPOS="695" VPOS="1171" WIDTH="90" HEIGHT="25" WC="0.93" CONTENT="föresläs,"/><SP WIDTH="22" VPOS="1171" HPOS="785"/>
							<String ID="string_390" HPOS="807" VPOS="1174" WIDTH="28" HEIGHT="17" WC="0.93" CONTENT="att"/><SP WIDTH="14" VPOS="1174" HPOS="835"/>
							<String ID="string_391" HPOS="849" VPOS="1172" WIDTH="97" HEIGHT="20" WC="0.92" CONTENT="tidskrifts"/>
						</TextLine>
						<TextLine ID="line_39" HPOS="203" VPOS="1195" WIDTH="741" HEIGHT="29">
							<String ID="string_392" HPOS="203" VPOS="1196" WIDTH="104" HEIGHT="25" WC="0.92" CONTENT="utgifvare,"/><SP WIDTH="16" VPOS="1196" HPOS="307"/>
							<String ID="string_393" HPOS="323" VPOS="1201" WIDTH="44" HEIGHT="14" WC="0.97" CONTENT="som"/><SP WIDTH="14" VPOS="1201" HPOS="367"/>
							<String ID="string_394" HPOS="381" VPOS="1197" WIDTH="36" HEIGHT="19" WC="0.93" CONTENT="blir"/><SP WIDTH="14" VPOS="1197" HPOS="417"/>
							<String ID="string_395" HPOS="431" VPOS="1197" WIDTH="80" HEIGHT="19" WC="0.93" CONTENT="hindrad"/><SP WIDTH="15" VPOS="1197" HPOS="511"/>
							<String ID="string_396" HPOS="526" VPOS="1198" WIDTH="28" HEIGHT="17" WC="0.93" CONTENT="att"/><SP WIDTH="14" VPOS="1198" HPOS="554"/>
							<String ID="string_397" HPOS="568" VPOS="1195" WIDTH="46" HEIGHT="26" WC="0.90" CONTENT="sjelf"/><SP WIDTH="12" VPOS="1195" HPOS="614"/>
							<String ID="string_398" HPOS="626" VPOS="1197" WIDTH="111" HEIGHT="26" WC="0.91" CONTENT="ombesörja"/><SP WIDTH="15" VPOS="1197" HPOS="737"/>
							<String ID="string_399" HPOS="752" VPOS="1198" WIDTH="119" HEIGHT="26" WC="0.92" CONTENT="utgifningen"/><SP WIDTH="10" VPOS="1198" HPOS="871"/>
							<String ID="string_400" HPOS="881" VPOS="1199" WIDTH="63" HEIGHT="24" WC="0.92" CONTENT="deraf,"/>
						</TextLine>
						<TextLine ID="line_40" HPOS="204" VPOS="1221" WIDTH="740" HEIGHT="29">
							<String ID="string_401" HPOS="204" VPOS="1222" WIDTH="48" HEIGHT="19" WC="0.93" CONTENT="skall"/><SP WIDTH="16" VPOS="1222" HPOS="252"/>
							<String ID="string_402" HPOS="268" VPOS="1221" WIDTH="18" HEIGHT="20" WC="0.92" CONTENT="fä"/><SP WIDTH="15" VPOS="1221" HPOS="286"/>
							<String ID="string_403" HPOS="301" VPOS="1223" WIDTH="55" HEIGHT="25" WC="0.91" CONTENT="ställa"/><SP WIDTH="14" VPOS="1223" HPOS="356"/>
							<String ID="string_404" HPOS="370" VPOS="1223" WIDTH="91" HEIGHT="26" WC="0.93" CONTENT="ansvarig"/><SP WIDTH="16" VPOS="1223" HPOS="461"/>
							<String ID="string_405" HPOS="477" VPOS="1223" WIDTH="74" HEIGHT="20" WC="0.93" CONTENT="vikarie"/><SP WIDTH="13" VPOS="1223" HPOS="551"/>
							<String ID="string_406" HPOS="564" VPOS="1222" WIDTH="5" HEIGHT="19" WC="0.94" CONTENT="i"/><SP WIDTH="15" VPOS="1222" HPOS="569"/>
							<String ID="string_407" HPOS="584" VPOS="1223" WIDTH="33" HEIGHT="20" WC="0.91" CONTENT="sitt"/><SP WIDTH="9" VPOS="1223" HPOS="617"/>
							<String ID="string_408" HPOS="626" VPOS="1225" WIDTH="62" HEIGHT="24" WC="0.89" CONTENT="stälie,"/><SP WIDTH="16" VPOS="1225" HPOS="688"/>
							<String ID="string_409" HPOS="704" VPOS="1226" WIDTH="58" HEIGHT="24" WC="0.93" CONTENT="säges"/><SP WIDTH="11" VPOS="1226" HPOS="762"/>
							<String ID="string_410" HPOS="773" VPOS="1225" WIDTH="76" HEIGHT="20" WC="0.93" CONTENT="vidare:"/><SP WIDTH="18" VPOS="1225" HPOS="849"/>
							<String ID="string_411" HPOS="867" VPOS="1225" WIDTH="77" HEIGHT="21" WC="0.92" CONTENT="»Sedan"/>
						</TextLine>
						<TextLine ID="line_41" HPOS="202" VPOS="1248" WIDTH="742" HEIGHT="28">
							<String ID="string_412" HPOS="202" VPOS="1248" WIDTH="70" HEIGHT="19" WC="0.95" CONTENT="derom"/><SP WIDTH="17" VPOS="1248" HPOS="272"/>
							<String ID="string_413" HPOS="289" VPOS="1249" WIDTH="26" HEIGHT="19" WC="0.93" CONTENT="till"/><SP WIDTH="14" VPOS="1249" HPOS="315"/>
							<String ID="string_414" HPOS="329" VPOS="1249" WIDTH="162" HEIGHT="26" WC="0.91" CONTENT="Öfverstyrelsen"/><SP WIDTH="14" VPOS="1249" HPOS="491"/>
							<String ID="string_415" HPOS="505" VPOS="1249" WIDTH="115" HEIGHT="19" WC="0.92" CONTENT="inberättats"/><SP WIDTH="14" VPOS="1249" HPOS="620"/>
							<String ID="string_416" HPOS="634" VPOS="1251" WIDTH="39" HEIGHT="18" WC="0.96" CONTENT="och"/><SP WIDTH="14" VPOS="1251" HPOS="673"/>
							<String ID="string_417" HPOS="687" VPOS="1251" WIDTH="37" HEIGHT="18" WC="0.93" CONTENT="den"/><SP WIDTH="15" VPOS="1251" HPOS="724"/>
							<String ID="string_418" HPOS="739" VPOS="1251" WIDTH="109" HEIGHT="24" WC="0.92" CONTENT="föreslagne"/><SP WIDTH="13" VPOS="1251" HPOS="848"/>
							<String ID="string_419" HPOS="861" VPOS="1251" WIDTH="83" HEIGHT="25" WC="0.92" CONTENT="utgifva-"/>
						</TextLine>
						<TextLine ID="line_42" HPOS="203" VPOS="1274" WIDTH="742" HEIGHT="29">
							<String ID="string_420" HPOS="203" VPOS="1279" WIDTH="33" HEIGHT="13" WC="0.96" CONTENT="ren"/><SP WIDTH="16" VPOS="1279" HPOS="236"/>
							<String ID="string_421" HPOS="252" VPOS="1274" WIDTH="29" HEIGHT="19" WC="0.96" CONTENT="för"/><SP WIDTH="14" VPOS="1274" HPOS="281"/>
							<String ID="string_422" HPOS="295" VPOS="1275" WIDTH="30" HEIGHT="28" WC="0.96" CONTENT="sig"/><SP WIDTH="14" VPOS="1275" HPOS="325"/>
							<String ID="string_423" HPOS="339" VPOS="1275" WIDTH="51" HEIGHT="19" WC="0.92" CONTENT="ställt"/><SP WIDTH="15" VPOS="1275" HPOS="390"/>
							<String ID="string_424" HPOS="405" VPOS="1275" WIDTH="105" HEIGHT="19" WC="0.86" CONTENT="säkerhet«"/><SP WIDTH="16" VPOS="1275" HPOS="510"/>
							<String ID="string_425" HPOS="526" VPOS="1280" WIDTH="18" HEIGHT="13" WC="0.84" CONTENT="0."/><SP WIDTH="17" VPOS="1280" HPOS="544"/>
							<String ID="string_426" HPOS="561" VPOS="1280" WIDTH="16" HEIGHT="13" WC="0.96" CONTENT="s."/><SP WIDTH="18" VPOS="1280" HPOS="577"/>
							<String ID="string_427" HPOS="595" VPOS="1281" WIDTH="19" HEIGHT="13" WC="0.93" CONTENT="v."/><SP WIDTH="26" VPOS="1281" HPOS="614"/>
							<String ID="string_428" HPOS="640" VPOS="1276" WIDTH="95" HEIGHT="19" WC="0.92" CONTENT="Häremot"/><SP WIDTH="14" VPOS="1276" HPOS="735"/>
							<String ID="string_429" HPOS="749" VPOS="1277" WIDTH="35" HEIGHT="18" WC="0.93" CONTENT="har"/><SP WIDTH="14" VPOS="1277" HPOS="784"/>
							<String ID="string_430" HPOS="798" VPOS="1277" WIDTH="100" HEIGHT="19" WC="0.92" CONTENT="Utskottet"/><SP WIDTH="14" VPOS="1277" HPOS="898"/>
							<String ID="string_431" HPOS="912" VPOS="1283" WIDTH="33" HEIGHT="13" WC="0.93" CONTENT="an-"/>
						</TextLine>
						<TextLine ID="line_43" HPOS="203" VPOS="1299" WIDTH="742" HEIGHT="28">
							<String ID="string_432" HPOS="203" VPOS="1300" WIDTH="71" HEIGHT="25" WC="0.95" CONTENT="märkt,"/><SP WIDTH="23" VPOS="1300" HPOS="274"/>
							<String ID="string_433" HPOS="297" VPOS="1306" WIDTH="17" HEIGHT="20" WC="0.90" CONTENT="ej"/><SP WIDTH="19" VPOS="1306" HPOS="314"/>
							<String ID="string_434" HPOS="333" VPOS="1300" WIDTH="82" HEIGHT="20" WC="0.91" CONTENT="allenast"/><SP WIDTH="17" VPOS="1300" HPOS="415"/>
							<String ID="string_435" HPOS="432" VPOS="1303" WIDTH="28" HEIGHT="18" WC="0.96" CONTENT="att"/><SP WIDTH="18" VPOS="1303" HPOS="460"/>
							<String ID="string_436" HPOS="478" VPOS="1301" WIDTH="35" HEIGHT="19" WC="0.93" CONTENT="här"/><SP WIDTH="17" VPOS="1301" HPOS="513"/>
							<String ID="string_437" HPOS="530" VPOS="1299" WIDTH="43" HEIGHT="20" WC="0.96" CONTENT="åter"/><SP WIDTH="13" VPOS="1299" HPOS="573"/>
							<String ID="string_438" HPOS="586" VPOS="1303" WIDTH="23" HEIGHT="18" WC="0.93" CONTENT="är"/><SP WIDTH="14" VPOS="1303" HPOS="609"/>
							<String ID="string_439" HPOS="623" VPOS="1301" WIDTH="54" HEIGHT="26" WC="0.96" CONTENT="fråga"/><SP WIDTH="15" VPOS="1301" HPOS="677"/>
							<String ID="string_440" HPOS="692" VPOS="1308" WIDTH="32" HEIGHT="13" WC="0.93" CONTENT="om"/><SP WIDTH="15" VPOS="1308" HPOS="724"/>
							<String ID="string_441" HPOS="739" VPOS="1303" WIDTH="84" HEIGHT="24" WC="0.92" CONTENT="kaution,"/><SP WIDTH="24" VPOS="1303" HPOS="823"/>
							<String ID="string_442" HPOS="847" VPOS="1306" WIDTH="45" HEIGHT="17" WC="0.93" CONTENT="utan"/><SP WIDTH="15" VPOS="1306" HPOS="892"/>
							<String ID="string_443" HPOS="907" VPOS="1304" WIDTH="38" HEIGHT="19" WC="0.96" CONTENT="ock"/>
						</TextLine>
						<TextLine ID="line_44" HPOS="202" VPOS="1326" WIDTH="743" HEIGHT="28">
							<String ID="string_444" HPOS="202" VPOS="1329" WIDTH="28" HEIGHT="16" WC="0.91" CONTENT="att"/><SP WIDTH="14" VPOS="1329" HPOS="230"/>
							<String ID="string_445" HPOS="244" VPOS="1326" WIDTH="100" HEIGHT="20" WC="0.90" CONTENT="föreskrift"/><SP WIDTH="13" VPOS="1326" HPOS="344"/>
							<String ID="string_446" HPOS="357" VPOS="1327" WIDTH="72" HEIGHT="20" WC="0.93" CONTENT="saknas"/><SP WIDTH="15" VPOS="1327" HPOS="429"/>
							<String ID="string_447" HPOS="444" VPOS="1327" WIDTH="101" HEIGHT="26" WC="0.92" CONTENT="angäende"/><SP WIDTH="15" VPOS="1327" HPOS="545"/>
							<String ID="string_448" HPOS="560" VPOS="1329" WIDTH="66" HEIGHT="24" WC="0.93" CONTENT="sättet,"/><SP WIDTH="16" VPOS="1329" HPOS="626"/>
							<String ID="string_449" HPOS="642" VPOS="1328" WIDTH="75" HEIGHT="26" WC="0.91" CONTENT="hvarpä"/><SP WIDTH="16" VPOS="1328" HPOS="717"/>
							<String ID="string_450" HPOS="733" VPOS="1329" WIDTH="59" HEIGHT="20" WC="0.92" CONTENT="sädan"/><SP WIDTH="15" VPOS="1329" HPOS="792"/>
							<String ID="string_451" HPOS="807" VPOS="1331" WIDTH="86" HEIGHT="19" WC="0.92" CONTENT="anmälan"/><SP WIDTH="15" VPOS="1331" HPOS="893"/>
							<String ID="string_452" HPOS="908" VPOS="1331" WIDTH="37" HEIGHT="19" WC="0.96" CONTENT="hos"/>
						</TextLine>
						<TextLine ID="line_45" HPOS="204" VPOS="1353" WIDTH="739" HEIGHT="29">
							<String ID="string_453" HPOS="204" VPOS="1353" WIDTH="216" HEIGHT="27" WC="0.92" CONTENT="Pressöfverstyrelsen"/><SP WIDTH="15" VPOS="1353" HPOS="420"/>
							<String ID="string_454" HPOS="435" VPOS="1354" WIDTH="48" HEIGHT="20" WC="0.93" CONTENT="skall"/><SP WIDTH="16" VPOS="1354" HPOS="483"/>
							<String ID="string_455" HPOS="499" VPOS="1355" WIDTH="64" HEIGHT="25" WC="0.92" CONTENT="göras;"/><SP WIDTH="16" VPOS="1355" HPOS="563"/>
							<String ID="string_456" HPOS="579" VPOS="1355" WIDTH="91" HEIGHT="19" WC="0.92" CONTENT="hvarföre"/><SP WIDTH="15" VPOS="1355" HPOS="670"/>
							<String ID="string_457" HPOS="685" VPOS="1356" WIDTH="101" HEIGHT="20" WC="0.92" CONTENT="Utskottet"/><SP WIDTH="15" VPOS="1356" HPOS="786"/>
							<String ID="string_458" HPOS="801" VPOS="1357" WIDTH="51" HEIGHT="19" WC="0.92" CONTENT="velat"/><SP WIDTH="12" VPOS="1357" HPOS="852"/>
							<String ID="string_459" HPOS="864" VPOS="1357" WIDTH="79" HEIGHT="25" WC="0.90" CONTENT="föreslä,"/>
						</TextLine>
						<TextLine ID="line_46" HPOS="201" VPOS="1379" WIDTH="743" HEIGHT="29">
							<String ID="string_460" HPOS="201" VPOS="1382" WIDTH="29" HEIGHT="17" WC="0.96" CONTENT="att"/><SP WIDTH="12" VPOS="1382" HPOS="230"/>
							<String ID="string_461" HPOS="242" VPOS="1379" WIDTH="26" HEIGHT="20" WC="0.90" CONTENT="de"/><SP WIDTH="14" VPOS="1379" HPOS="268"/>
							<String ID="string_462" HPOS="282" VPOS="1380" WIDTH="4" HEIGHT="19" WC="0.78" CONTENT="i"/><SP WIDTH="16" VPOS="1380" HPOS="286"/>
							<String ID="string_463" HPOS="302" VPOS="1381" WIDTH="11" HEIGHT="19" WC="0.78" CONTENT="5"/><SP WIDTH="16" VPOS="1381" HPOS="313"/>
							<String ID="string_464" HPOS="329" VPOS="1386" WIDTH="59" HEIGHT="14" WC="0.95" CONTENT="mom."/><SP WIDTH="22" VPOS="1386" HPOS="388"/>
							<String ID="string_465" HPOS="410" VPOS="1381" WIDTH="21" HEIGHT="20" WC="0.96" CONTENT="af"/><SP WIDTH="19" VPOS="1381" HPOS="431"/>
							<String ID="string_466" HPOS="450" VPOS="1386" WIDTH="75" HEIGHT="14" WC="0.93" CONTENT="samma"/><SP WIDTH="22" VPOS="1386" HPOS="525"/>
							<String ID="string_467" HPOS="547" VPOS="1380" WIDTH="10" HEIGHT="28" WC="0.91" CONTENT="$"/><SP WIDTH="18" VPOS="1380" HPOS="557"/>
							<String ID="string_468" HPOS="575" VPOS="1382" WIDTH="160" HEIGHT="20" WC="0.96" CONTENT="förekommande"/><SP WIDTH="15" VPOS="1382" HPOS="735"/>
							<String ID="string_469" HPOS="750" VPOS="1383" WIDTH="145" HEIGHT="25" WC="0.96" CONTENT="bestämningar"/><SP WIDTH="16" VPOS="1383" HPOS="895"/>
							<String ID="string_470" HPOS="911" VPOS="1390" WIDTH="33" HEIGHT="14" WC="0.96" CONTENT="om"/>
						</TextLine>
						<TextLine ID="line_47" HPOS="203" VPOS="1407" WIDTH="741" HEIGHT="28">
							<String ID="string_471" HPOS="203" VPOS="1407" WIDTH="59" HEIGHT="19" WC="0.96" CONTENT="sättet"/><SP WIDTH="14" VPOS="1407" HPOS="262"/>
							<String ID="string_472" HPOS="276" VPOS="1407" WIDTH="29" HEIGHT="19" WC="0.93" CONTENT="för"/><SP WIDTH="13" VPOS="1407" HPOS="305"/>
							<String ID="string_473" HPOS="318" VPOS="1407" WIDTH="53" HEIGHT="27" WC="0.95" CONTENT="dylik"/><SP WIDTH="15" VPOS="1407" HPOS="371"/>
							<String ID="string_474" HPOS="386" VPOS="1409" WIDTH="88" HEIGHT="19" WC="0.95" CONTENT="anmälan"/><SP WIDTH="16" VPOS="1409" HPOS="474"/>
							<String ID="string_475" HPOS="490" VPOS="1408" WIDTH="35" HEIGHT="20" WC="0.93" CONTENT="hos"/><SP WIDTH="15" VPOS="1408" HPOS="525"/>
							<String ID="string_476" HPOS="540" VPOS="1409" WIDTH="162" HEIGHT="26" WC="0.90" CONTENT="Öfverstyrelsen"/><SP WIDTH="15" VPOS="1409" HPOS="702"/>
							<String ID="string_477" HPOS="717" VPOS="1410" WIDTH="5" HEIGHT="19" WC="0.95" CONTENT="i"/><SP WIDTH="15" VPOS="1410" HPOS="722"/>
							<String ID="string_478" HPOS="737" VPOS="1416" WIDTH="24" HEIGHT="14" WC="0.95" CONTENT="en"/><SP WIDTH="15" VPOS="1416" HPOS="761"/>
							<String ID="string_479" HPOS="776" VPOS="1416" WIDTH="63" HEIGHT="14" WC="0.93" CONTENT="annan"/><SP WIDTH="11" VPOS="1416" HPOS="839"/>
							<String ID="string_480" HPOS="850" VPOS="1410" WIDTH="94" HEIGHT="21" WC="0.96" CONTENT="händelse"/>
						</TextLine>
						<TextLine ID="line_48" HPOS="202" VPOS="1434" WIDTH="742" HEIGHT="30">
							<String ID="string_481" HPOS="202" VPOS="1434" WIDTH="63" HEIGHT="20" WC="0.78" CONTENT="skulle"/><SP WIDTH="19" VPOS="1434" HPOS="265"/>
							<String ID="string_482" HPOS="284" VPOS="1434" WIDTH="59" HEIGHT="20" WC="0.96" CONTENT="blifva"/><SP WIDTH="16" VPOS="1434" HPOS="343"/>
							<String ID="string_483" HPOS="359" VPOS="1435" WIDTH="87" HEIGHT="25" WC="0.82" CONTENT="gällande"/><SP WIDTH="17" VPOS="1435" HPOS="446"/>
							<String ID="string_484" HPOS="463" VPOS="1435" WIDTH="58" HEIGHT="19" WC="0.95" CONTENT="äfven"/><SP WIDTH="18" VPOS="1435" HPOS="521"/>
							<String ID="string_485" HPOS="539" VPOS="1436" WIDTH="27" HEIGHT="19" WC="0.95" CONTENT="uti"/><SP WIDTH="14" VPOS="1436" HPOS="566"/>
							<String ID="string_486" HPOS="580" VPOS="1434" WIDTH="148" HEIGHT="27" WC="0.96" CONTENT="ifrågavarande"/><SP WIDTH="15" VPOS="1434" HPOS="728"/>
							<String ID="string_487" HPOS="743" VPOS="1438" WIDTH="38" HEIGHT="25" WC="0.93" CONTENT="fall,"/><SP WIDTH="24" VPOS="1438" HPOS="781"/>
							<String ID="string_488" HPOS="805" VPOS="1438" WIDTH="51" HEIGHT="20" WC="0.92" CONTENT="helst"/><SP WIDTH="14" VPOS="1438" HPOS="856"/>
							<String ID="string_489" HPOS="870" VPOS="1438" WIDTH="74" HEIGHT="26" WC="0.91" CONTENT="skynd-"/>
						</TextLine>
					</TextBlock>
				</ComposedBlock>
			</PrintSpace>
		</Page>
	</Layout>
</alto>
