998 1706
279 132 71 22 Nådiga
362 133 140 22 Propositionen
516 132 35 18 N:o
564 133 28 17 41.
753 133 55 19 1875

311 221 4 6 N
408 209 51 19 12:0.

113 244 137 27 Mälseganden
270 247 60 19 allena
347 246 119 20 tillkommer
482 249 28 17 att
525 246 49 20 åtala
589 246 85 26 intrång,
691 251 43 15 som
751 248 36 18 han
803 247 5 19 i

60 273 34 19 sitt
115 272 117 20 fiskevatten
247 272 91 20 eller'sin
352 272 147 25 fiskerättighet
513 273 20 19 af
545 277 62 15 annan
621 273 47 19 lidit.
697 274 43 18 Men
755 275 53 23 nytt-

57 298 59 24 jande
131 299 21 18 af
164 298 103 24 förbjudna
282 299 86 25 redskap
386 298 47 20 eller
447 299 73 25 olofligt
533 298 90 22 fiskesätt
640 299 48 19 skall
703 299 21 19 af
736 299 72 19 allmän

59 324 90 25 äklagare
170 324 73 20 beifras
264 326 37 18 och
319 324 29 20 fär
365 325 6 19 i
388 324 70 20 sädänt
474 324 94 20 afseende
585 326 21 18 af
619 326 64 19 hvem
697 330 44 14 som
756 325 51 19 helst

60 351 98 25 angitvas.

91 380 3 2 *
111 378 33 19 Till
159 377 77 25 ledning
252 376 32 21 vid
298 377 152 20 bedömmandet
464 378 21 19 af
497 378 101 24 ofvanföre
613 378 120 20 framställda
746 383 61 20 grun-

58 404 36 19 der.
113 403 101 25 meddelas
231 403 111 20 Ständerna
355 404 232 25 Fiskeri-Inspektörens
601 404 72 25 förslag
686 404 27 20 till
729 404 78 19 fiskeri-

58 430 69 25 stadga
140 429 62 26 jemte
215 430 62 20 dertill
292 430 88 20 hörande
395 430 90 25 motiver,
503 430 147 21 vederbörande
669 431 138 20 Guvernörers

59 457 38 19 och
116 456 230 26 Fiskeri-Inspektörens
364 457 99 25 uppgifter
477 463 33 13 om
524 457 128 20 fiskeriernes
667 457 86 20 tillstånd
769 457 39 19 och

59 483 77 20 medlen
151 483 26 20 till
192 483 59 20 deras
265 482 144 27 upphjelpande
427 486 51 17 samt
495 484 70 25 nödiga
580 484 142 26 upplysningar
737 489 32 14 om
783 484 25 19 de

59 508 24 27 pä
98 509 60 26 några
173 512 53 17 orter
240 510 5 19 i
260 510 79 25 Finland
353 510 95 19 anställda
463 510 66 19 försök
544 510 25 20 till
584 510 104 26 fiskodling
703 511 38 18 och
750 510 58 19 deras

60 532 113 33 resultater.
764 551 2 2 a

112 563 66 19 Sedan
192 563 92 25 yttrande
298 563 56 19 öfver
368 563 125 20 förestående
509 563 72 26 försiag
595 563 20 19 af
623 563 108 20 Ständerna
741 562 69 20 aflem-

58 591 52 22 nats,
127 589 31 20 vill
174 589 60 19 Hans
248 589 131 25 Kejserliga
394 589 112 25 Majestät
520 589 5 19 i
540 590 53 19 detta
607 589 26 20 till
649 590 95 19 allmänna
761 589 47 26 hus-

58 614 112 27 hållningen
185 615 85 20 hörande
284 615 74 20 ärende
373 616 90 20 meddela
477 616 26 20 de
517 616 153 25 förordnanden,
687 622 43 13 som
744 615 63 20 finnas

60 641 20 20 af
93 642 95 20 behofvet
202 641 109 26 påkallade.

272 695 64 26 Enligt
356 695 62 20 Hans
438 694 134 27 Kejserliga
589 695 124 25 Majestäts
730 694 77 26 Nådiga

201 721 115 27 befallning,
339 722 67 26 gifven
423 722 5 19 i
445 721 104 26 Tsarskoje
565 723 46 20 Selo
625 722 39 20 den
679 723 24 19 30
718 721 36 26 Maj
772 722 33 25 (11

201 748 52 22 Juni)
272 747 59 21 1863.

324 796 75 18 Alex.
413 797 124 26 Armfelt.

532 848 21 18 A.
567 848 28 19 W.
607 847 132 20 Wallensköld.

275 1017 334 25 Ekonomie-Utskottets
627 1018 180 23 betänkande

196 1046 38 23 N:o
254 1047 13 22 6
286 1047 8 22 i
314 1047 120 28 anledning
452 1047 25 22 af
489 1047 74 23 Hans
578 1046 170 29 Kejserliga
760 1046 46 23 Ma

195 1075 104 27 jestäts
318 1073 85 29 Nädiga
422 1075 147 29 proposition,
591 1073 113 30 angående
720 1074 86 23 fiskeri-

197 1103 121 28 näringens
333 1103 163 29 upphjelpande
511 1103 56 23 samt
582 1103 148 23 befordrande
745 1102 24 23 af
780 1102 27 23 fi-

197 1131 68 23 skens
279 1130 166 29 fortplantning
458 1132 35 22 uti
507 1131 86 28 insjöar
608 1131 41 23 och
665 1132 126 22 strömmar.

112 1189 172 24 Fiskerinäringen
305 1190 22 19 är
347 1189 42 19 från
410 1189 117 20 ekonomisk
543 1189 100 26 synpunkt
656 1189 50 19 värd
721 1189 22 18 all
758 1194 49 19 upp-

59 1215 141 19 märksamhet.
218 1215 42 19 Den
274 1216 60 25 utgör
346 1216 6 18 i
365 1215 48 27 flera
428 1215 66 20 länder
510 1218 28 17 ett
551 1215 63 19 medel
630 1215 29 19 för
669 1214 89 21 välstånd
769 1215 38 19 och

59 1241 97 24 rikedom,
172 1241 38 20 och
224 1241 38 20 kan
276 1241 82 20 framför
372 1242 59 19 andra
445 1242 91 26 näringar
545 1241 50 20 med
608 1241 57 26 ringa
677 1241 85 20 kostnad
772 1241 35 19 be-

60 1267 46 19 reda
121 1267 58 20 äfven
194 1267 37 20 den
246 1268 91 25 fattigare
348 1268 57 19 Jelen
419 1268 20 20 af
451 1268 139 25 befolkningen
604 1268 66 25 ymnig
685 1267 79 26 tillgång
779 1267 26 25 pä

60 1294 64 19 sunda
138 1294 39 19 och
191 1295 85 19 närande
290 1295 124 19 födoämnen.
431 1295 37 19 Om
482 1295 64 20 denna
562 1295 66 24 näring
641 1295 21 19 af
675 1294 61 19 sådan
747 1294 58 19 orsak

60 1320 90 20 öfverallt
165 1319 92 25 förtjenar
271 1321 155 25 lagstiftningens
443 1321 112 25 synnerliga
572 1321 183 24 uppmärksamhet,
771 1320 36 19 bör

61 1346 53 19 detta
128 1345 22 20 så
164 1346 82 26 mycket
259 1352 55 14 mera
330 1351 46 14 vara
391 1346 55 20 fallet
458 1347 5 18 i
478 1347 83 24 Finland,
579 1351 44 14 som
636 1347 43 24 äger
688 1345 27 26 -ej
725 1346 87 25 allenast.

61 1372 110 19 vidsträckt
185 1372 103 25 skärgård,
305 1375 45 17 utan
360 1373 43 23 ock
416 1376 28 16 ett
459 1373 96 19 öfverflöd
567 1372 28 25 på
607 1371 71 25 insjöar
687 1373 38 18 och
736 1372 68 25 elivar,

61 1398 67 20 hvilka
142 1399 42 24 alla,
200 1404 33 15 om
248 1398 155 21 fisket:-bedrefs
415 1399 99 25 rationelt,
530 1399 66 20 kunde
611 1398 77 26 bringas
701 1398 34 20 till
741 1393 67 36 rik:af-

62 1420 98 36 kastning.
310 1435 2 2 :
557 1433 2 2 s
