1014 1703
286 153 3 1 +
301 144 71 21 Nädiga
384 145 139 22 Propositionen
537 146 35 17 N:o
585 147 27 16 50.
780 147 42 20 1717

183 192 28 19 las
234 193 27 19 till
283 193 135 26 tvångsarbete,
440 194 16 25 ej
475 195 57 19 heller
549 197 81 18 insättas
645 196 122 21 tillsammans
782 198 41 19 med

183 220 47 24 dem,
255 228 39 13 som
316 224 8 17 i
344 223 184 24 ransakningshäkte
547 224 45 19 eller
606 225 88 24 föngelse
709 225 37 25 för
760 225 62 20 andra

183 248 49 20 brott
247 249 66 20 hållas.

419 278 17 27 $
450 279 34 19 66.

222 322 141 26 (Likalydande
378 323 44 20 med
437 329 76 15 samma
521 318 12 36 $
552 325 5 19 i
572 325 162 25 propositionen.)

420 376 16 27 $
450 377 32 19 67.

216 415 130 27 Förvandling
365 418 24 24 af
406 417 52 19 böter
476 423 33 19 ege
528 424 48 16 rum,
597 421 37 15 när
652 418 36 19 den
703 418 88 26 sakfälde
804 418 18 25 ej

180 442 74 25 förmår
268 444 42 19 dem
326 444 27 20 till
360 445 51 25 fullo
425 445 65 25 gälda,
506 444 62 21 såsom
584 447 6 17 i
606 446 11 19 7
633 446 33 19 och
681 446 13 19 8
708 446 32 26 $$
754 447 14 18 5
778 447 42 25 kap.

183 470 65 27 Straff
260 472 73 20 Balken
348 474 56 24 sagdt
418 477 29 15 är.

418 527 16 28 $
448 528 33 21 68.

222 567 33 25 (Af
273 573 76 15 samma
370 569 84 20 innehåll
477 575 43 14 som
543 570 139 20 motsvarande
701 569 10 27 $
728 570 4 19 i
751 576 70 20 propo-

183 594 99 25 sitionen.)

404 650 191 31 Slutstadganden.

416 705 16 27 $
447 706 33 19 69.

213 743 9 19 1
236 744 23 18 de
268 744 46 24 fall,
330 744 24 19 då
370 745 62 19 denna
442 746 116 25 förordning
573 746 91 18 hänvisar
678 746 27 18 till
720 745 51 19 1734
786 745 33 19 års

180 772 31 24 lag
226 772 44 19 eller
285 772 52 20 äldre
346 773 123 26 författning,
484 780 41 13 men
541 774 54 24 lagen
610 774 44 18 eller
668 774 61 19 sådan
739 774 81 26 författ-

180 802 44 22 ning
240 800 59 19 blifvit
313 808 66 18 genom
394 808 60 19 nyare
470 802 30 25 lag
516 802 80 23 ändrad,
611 802 51 24 gälle
666 802 37 24 för
712 802 64 25 hvarje
785 802 36 24 fall

180 828 49 19 hvad
244 829 63 19 derom
322 830 7 18 i
343 836 59 19 nyare
411 831 117 25 författning
542 834 24 16 är
580 830 95 25 stadgadt.

412 884 16 28 $
443 886 33 19 70.

210 924 65 20 Denna
285 924 119 26 förordning
420 925 65 19 träder
499 926 7 18 i
519 925 116 19 verksamhet
650 926 35 18 den
700 940 4 4 .
722 940 4 4 .
743 940 68 5 ...«

179 952 34 20 och
226 954 62 23 gäller
302 953 48 19 intill
364 954 43 18 dess
422 960 63 12 annan
500 954 24 24 af
536 953 82 20 Monark
633 954 34 18 och
682 953 83 20 Ständer
779 954 41 25 stif-

180 981 33 19 tad
227 982 154 26 tryckfrihetslag
397 981 59 25 blifvit
470 981 98 25 kungjord.
605 982 63 18 Under
682 982 49 19 tiden
746 982 74 25 upphör

181 1010 25 18 all
225 1010 70 19 verkan
315 1011 23 24 af
355 1010 67 25 Kongl.
436 1010 140 24 förordningen
595 1009 36 19 den
652 1010 26 18 26
693 1010 54 24 April
761 1010 57 22 1774,

181 1036 67 26 Kongl.
268 1038 124 24 kungörelsen
412 1037 35 19 den
468 1037 11 18 7
499 1037 101 19 December
614 1037 52 19 1787
681 1039 49 17 samt
744 1036 75 26 Kejser-

179 1065 38 25 liga
233 1065 139 26 förordningen
393 1065 35 20 den
447 1065 25 18 14
490 1064 40 27 (2)
551 1065 80 20 Oktober
651 1065 58 23 1829,
725 1065 95 26 äfvensom

179 1093 62 20 andra
261 1094 121 25 öfverhetliga
402 1093 124 26 stadganden,
546 1100 40 13 som
604 1093 60 20 strida
679 1096 38 17 mot
731 1093 49 20 hvad
794 1099 26 13 nu

180 1124 23 17 är
217 1122 124 26 föreskrifvet.

281 1220 87 18 Finlands
381 1220 73 19 ständer
466 1220 105 19 framhärda
581 1221 34 17 etc.

131 1321 129 24 Helsingfors,
276 1320 39 20 den
330 1320 11 19 2
358 1320 50 25 April
425 1320 57 19 1864.
