981 1703
197 147 52 33 1538
417 149 71 22 Nådiga
501 149 138 23 Propositionen
653 148 36 17 N:o
701 148 29 16 47.

202 199 83 21 anledda
303 199 131 20 kostnaderna
449 198 63 21 kunna
527 197 65 27 uppgå
606 198 27 19 till
648 200 29 16 ett
696 196 198 25 anmärkningsvärdt
912 197 34 19 be-

203 227 54 24 lopp,
273 226 5 19 i
293 226 108 26 synnerhet
415 230 32 14 om
461 224 25 20 de
500 225 65 19 ställas
580 226 40 17 mot
629 224 37 19 den
677 223 68 25 fördel,
757 228 44 14 som
817 222 71 30 vinnes
903 223 44 19 der-

201 252 84 26 igenom,
304 255 29 16 att
350 257 45 13 man
416 250 82 21 sålunda
512 250 97 20 undviker
623 250 35 19 alla
675 250 25 19 de
718 249 111 28 omgånger,
841 249 106 19 skriftvex-

203 279 59 25 lingar
277 280 38 18 och
330 278 77 24 tvister,
423 283 44 14 som
481 277 65 20 måste
561 276 78 26 uppstå,
655 276 6 19 i
678 276 94 20 händelse
792 275 106 25 ersättning
918 276 30 19 för

204 304 59 21 dessa
292 304 107 20 kostnader
419 304 46 20 skall
487 304 95 20 affordras
606 303 149 19 vederbörande
778 301 113 27 fattigvård.
920 302 26 20 På

203 332 64 23 grund
281 332 21 19 af
314 332 33 19 allt
360 331 54 18 detta
428 330 71 20 tillåter
514 331 30 24 sig
558 330 101 19 Utskottet
673 332 29 16 att
715 330 57 18 äfven
790 329 29 18 för
833 328 10 24 $
858 329 24 19 48
897 329 50 18 före-

204 357 27 20 slå
247 363 23 14 en
285 357 104 20 förändrad
404 357 82 26 lydelse,
503 357 61 19 sådan
579 356 38 19 den
633 357 35 18 här
685 355 61 25 följer:

343 384 44 19 Kan
402 384 31 19 det
447 385 38 18 icke
500 383 110 27 skyndsamt
625 383 84 23 utredas,
725 383 27 18 till
771 382 72 19 hvilken
862 382 87 19 kommun

305 413 36 19 den
350 413 129 25 försvarslöse
493 413 42 22 hör,
554 412 45 19 eller
617 411 80 25 uppstår
717 412 42 18 tvist
779 410 70 23 derom,
870 411 34 18 och
924 413 24 16 är

305 441 30 19 det
349 441 39 19 icke
403 441 56 19 heller
474 441 75 25 upplyst
564 442 28 16 att
606 440 37 18 han
659 440 62 19 tillhör
736 441 59 17 annat
812 439 31 18 län
863 441 25 17 än
909 439 36 22 det,

304 469 35 19 der
352 469 38 19 han
405 468 95 24 anhållits,
515 475 44 18 eger
575 468 120 19 Guvernören
709 468 34 18 hos
758 466 62 26 någon
835 466 63 26 bofast
905 473 42 19 per-

303 503 35 13 son
356 498 49 18 inom
425 497 55 22 länet,
500 503 40 13 som
559 496 38 19 kan
617 495 84 27 befinnas
720 495 61 19 dertill
800 495 58 25 villig,
879 495 68 19 bereda

303 525 36 19 den
348 523 131 27 försvarslöse
493 525 76 18 hemvist
585 524 37 18 tills
639 524 66 19 vidare
725 523 33 19 och
777 523 47 19 intill
845 523 43 19 dess
910 523 37 19 Gu-

303 556 97 20 vernören,
417 554 47 24 efter
478 558 73 14 vunnen
570 552 107 24 utredning,
699 551 119 19 annorlunda
831 551 117 26 förordnar;

305 588 41 12 men
361 581 87 26 påfinnes
463 580 39 20 icke
517 579 69 26 någon,
602 586 39 13 som
655 580 31 18 vill
700 580 35 18 hos
749 580 30 24 sig
797 582 95 22 emottaga
912 579 35 19 den

299 610 136 25 försvarslöse,
451 608 30 20 må
495 609 39 19 han
549 608 101 20 emellertid
665 609 6 18 i
689 608 78 19 allmänt
786 607 56 20 häkte
861 606 85 27 gvarhäl-

305 638 35 18 las.
371 637 110 20 Kostnaden
490 637 37 25 för
541 636 48 20 hans
605 636 67 25 boning
687 636 34 20 och
736 636 97 25 uppehälle
853 635 30 20 må
902 637 7 17 i
926 636 24 19 de

299 666 44 25 fall,
359 665 26 20 då
400 666 36 19 den
450 665 39 20 icke
503 665 38 19 kan
554 671 67 18 genom
635 665 48 18 hans
697 664 64 19 arbete
776 664 45 19 eller
836 671 64 12 annan
914 664 33 19 till-

303 693 50 26 gång
369 696 86 20 ersättas,
472 693 91 19 bestridas
578 693 41 19 med
635 693 96 18 allmänna
745 691 64 20 medel.

261 727 67 26 Enligt
341 727 10 25 $
365 728 12 19 4
391 727 88 20 medföra
495 726 88 20 hvarken
599 725 52 26 lättja
666 726 47 19 eller
727 724 74 27 böjelse
810 726 29 19 för
849 728 28 17 ett
886 726 64 25 kring-

204 754 107 26 strykande
326 755 38 18 och
379 753 118 25 oordentligt
518 753 117 20 lefnadssätt
650 753 37 19 den
703 751 90 21 svåraste
813 752 96 25 påföljden
930 753 22 18 af

203 781 186 24 försvarslösheten,
406 780 57 19 innan
477 780 38 19 den
530 780 131 19 försvarslöse
674 779 65 20 blifvit
752 779 105 26 behörigen
876 779 73 20 varnad

203 808 38 17 och
255 808 110 23 varningen
379 807 52 18 visat
446 807 29 24 sig
490 806 114 19 overksam.
634 807 70 23 Sättet,
719 806 53 19 huru
787 805 60 20 sådan
868 807 82 24 varning

204 833 109 25 meddelas,
330 834 121 19 bestämmes
466 833 4 18 i
485 832 10 25 $
511 833 31 24 19,
562 832 79 19 hvilken
661 832 10 25 $
691 831 44 20 icke
757 831 110 20 föranleder
887 831 63 26 någon

206 865 62 13 annan
282 859 127 26 anmärkning
423 859 20 19 af
456 859 107 24 Utskottet,
579 860 24 17 än
617 861 28 17 att
659 858 68 20 orden:
744 859 59 19 «eller
817 859 38 19 ock
875 859 22 18 af
914 859 37 18 fat-

204 885 164 27 tigvårsstyrelse
385 886 6 19 i
406 885 44 20 stad
467 886 47 19 eller
530 885 185 20 kommunalnämnd
732 885 25 26 på
776 885 64 20 landet
857 890 91 19 varnas»,

206 913 3 18 i
224 912 213 20 öfverensstämmelse
451 913 44 19 med
511 912 38 20 den
563 911 117 20 förändrade
695 912 83 25 lydelse,
794 917 44 14 som
852 911 5 20 i
872 911 34 20 det
922 912 28 19 fö-

204 938 101 26 regående
318 939 111 26 föreslagits
443 939 30 19 för
490 939 9 26 $
517 939 18 24 5,
555 937 61 20 måtte
633 938 81 26 utbytas
731 941 55 17 emot
803 938 70 20 orden:
894 939 56 19 eller

204 966 43 19 ock
265 966 21 19 af
304 965 250 20 kommunalnämnden
573 965 64 25 eller,
655 965 41 20 der
714 965 71 20 sådan
803 964 21 26 ej
839 966 24 18 är
880 965 70 20 inrät-

201 992 48 25 tad,
266 993 23 19 af
301 991 271 27 fattigvårdsstyrelsen
587 997 93 14 varnas.

255 1018 21 25 $$
290 1019 78 18 20—23
383 1018 95 21 innehålla
493 1017 126 26 rättegången
634 1018 4 18 i
653 1018 24 19 de
692 1018 39 24 fall,
747 1017 25 20 då
786 1017 115 26 pästäenda
916 1019 34 24 gö-

202 1049 32 15 res
249 1051 31 14 om
296 1045 118 19 försvarslös
429 1050 82 20 persons
525 1043 97 20 dömande
637 1044 26 19 till
677 1044 38 20 den
737 1044 92 20 svåraste
850 1043 99 26 påföljden

204 1071 20 20 af
237 1071 180 20 försvarslösheten
432 1072 47 19 eller
492 1071 80 20 allmänt
585 1071 69 19 arbete
669 1070 62 26 jemte
753 1071 95 19 frihetens
869 1071 79 20 förlust.

203 1098 57 19 Hvad
275 1098 10 25 $
299 1099 25 18 20
339 1098 5 19 i
358 1097 53 20 detta
426 1097 112 20 hänseende
552 1097 108 20 innehåller
674 1103 57 14 anser
745 1097 102 20 Utskottet
861 1097 29 26 sig
900 1098 48 19 böra

200 1125 107 25 tillstyrka.

257 1151 8 18 I
279 1150 94 19 afseende
386 1149 11 20 å
413 1150 10 25 $
437 1151 23 19 21
477 1150 37 19 kan
529 1150 100 19 Utskottet
642 1150 109 19 inskränka
765 1151 30 24 sig
809 1150 26 19 till
857 1149 38 20 den
916 1156 34 13 an-

203 1177 136 25 märkningen,
355 1179 28 17 att
397 1177 33 20 det
443 1177 182 25 förhörsprotokoll,
642 1182 44 14 som
700 1177 36 19 här
746 1176 99 23 omordas,
856 1176 44 20 icke
910 1179 40 17 tor-

204 1203 24 20 de
242 1204 86 19 behöfva
342 1205 92 24 upptaga,
451 1203 76 20 utöfver
541 1203 144 26 anteckningen
700 1209 32 13 om
750 1203 38 20 den
809 1203 141 20 försvarslöses

202 1229 249 25 «kroppsbeskaffenhet»,
459 1235 24 14 en
493 1229 84 20 särskild
592 1229 115 25 anteckning
718 1235 31 14 om
760 1230 49 19 hans
819 1230 129 19 «utseende».

202 1255 103 24 Sistsagde
318 1255 118 26 anteckning
450 1255 37 20 blir
504 1255 4 18 i
529 1254 70 25 hvarje
620 1256 30 19 fall
672 1255 118 26 fullkomligt
810 1256 79 25 gagnlös
911 1257 36 18 och

201 1284 75 23 ytterst
290 1281 48 20 svår
352 1283 29 18 att
394 1284 94 22 noggrant
502 1281 87 25 fullgöra.
619 1281 102 20 Utskottet
735 1281 115 20 hemställer
863 1281 84 25 derföre,

201 1313 33 14 om
255 1307 44 20 icke
319 1307 57 20 ordet
397 1307 121 20 «utseende»
541 1307 88 26 skäligen
650 1308 66 19 kunde
737 1313 24 14 ur
777 1307 173 26 ifrågavarande
938 1303 16 34 $

201 1333 54 27 utgå.

254 1361 122 19 Beträffande
391 1361 11 26 $
417 1361 24 20 22
456 1361 36 19 har
506 1361 37 19 hos
558 1361 101 20 Utskottet
673 1361 89 26 uppstått
776 1366 24 15 en
810 1361 139 26 meningsolik-

201 1388 41 24 het,
264 1393 44 14 som
330 1387 43 20 icke
393 1388 76 19 kunnat
489 1388 20 19 af
522 1387 101 21 Utskottet
637 1388 59 20 lösas.
726 1388 41 20 Hos
784 1388 25 20 de
826 1388 122 26 deputerade

202 1413 42 20 från
258 1413 34 20 två
308 1415 21 18 af
341 1414 85 20 Stånden
441 1414 36 19 har
490 1414 38 20 den
543 1413 52 26 åsigt
607 1413 52 27 gjort
672 1414 29 26 sig
715 1415 97 25 gällande,
829 1417 28 17 att
870 1414 34 20 det
913 1415 36 19 här

201 1440 78 26 intagna
294 1440 116 26 stadgandet
424 1446 31 14 om
471 1440 101 26 häktning,
588 1440 67 20 såsom
670 1440 101 21 beroende
780 1442 20 19 af
807 1441 141 20 Guvernörens
