1009 1706
200 135 46 33 1330
417 139 71 23 Nådiga
500 140 141 23 Propositionen
654 140 35 17 N:o
702 140 29 16 39.

199 189 87 20 theorier
307 189 60 20 blifva
383 189 45 20 icke
445 188 78 21 allmänt
537 188 132 24 användbara,
686 189 65 19 förrän
764 194 44 14 man
825 188 76 26 lyckats
913 188 31 25 ju-

200 218 53 16 stera
267 216 26 19 de
307 216 97 19 olikheter
417 218 82 17 naturen
513 216 59 19 danat
586 216 37 18 och
637 216 46 24 göra
697 215 144 20 förhållandena
856 215 89 19 öfverallt

200 242 45 18 lika.
274 242 7 19 I
296 242 67 20 länder
377 241 36 20 der
426 242 74 20 största
514 242 56 20 delen
585 242 20 19 af
616 240 70 26 jorden
700 243 21 17 är
732 241 63 25 odlad,
807 241 94 25 naturliga
912 242 33 18 be-

201 269 92 25 teshagar
307 269 93 25 sällsynta
415 268 38 20 och
467 268 190 26 skogstillsängarne
671 268 60 25 ringa,
747 268 38 20 blir
799 268 145 26 tillämpningen

200 295 21 19 af
233 296 144 19 ofvannämnde
391 294 76 28 princip
481 294 100 26 sjelffallen
596 295 39 19 och
648 294 120 26 nödvändig:
784 300 47 14 men
845 294 5 19 i
865 294 80 20 Finland

200 321 35 19 der
250 322 156 18 hufvudmassan
420 321 21 19 af
451 322 69 24 Jorden
529 323 22 17 är
561 321 119 25 skogsmark
690 322 52 18 inom
751 321 78 19 hvilken
840 320 58 20 åkrar
908 322 38 19 och

201 350 62 23 ängar
276 349 33 18 äro
325 347 82 27 spridde
419 348 85 19 likasom
518 348 76 19 holmar
607 348 6 18 i
628 353 23 13 en
666 346 105 27 skärgård,
787 348 38 19 och
834 347 40 29 der
886 347 24 25 på
921 348 25 20 de

201 373 56 21 fleste
278 374 70 20 ställen
369 374 144 25 skogsmarken
530 375 57 24 utgör
603 374 149 25 lägenheternes
769 380 34 13 om
819 379 18 19 ej
852 374 51 20 enda
918 374 29 20 ät-

201 401 98 19 minstone
316 400 182 26 hufvudsakligaste
515 400 122 24 betesmark,
657 401 22 19 är
695 400 34 20 det
746 402 45 18 nära
807 406 39 19 nog
860 400 87 26 omöjligt

199 430 29 17 att
241 426 68 27 ålägga
323 432 86 21 egarene
423 428 20 19 af
457 427 107 25 husdjuren
578 429 28 17 att
620 426 21 20 så
657 426 60 21 vårda
731 427 45 20 dem
791 429 28 18 att
828 426 25 21 de
864 427 44 20 icke
918 427 29 20 in-

201 457 67 22 tränga
282 454 5 19 1
303 453 58 20 åkrar
375 455 40 18 och
428 455 59 24 ängar
501 459 33 14 om
548 453 61 20 desse
622 455 35 18 äro
670 454 104 25 ostängde.

254 480 34 21 Att
308 480 5 19 i
333 481 54 19 detta
405 480 91 20 ändamål
514 480 88 20 använda
621 479 84 26 vallhjon
719 480 36 20 blir
769 479 79 26 fåfängt,
864 483 22 24 ty
902 481 5 19 i
922 486 24 14 en

200 507 111 20 vidsträckt
332 507 118 25 skogsmark
471 507 64 19 kunna
553 507 35 19 der
605 507 138 25 kringspridde
759 506 45 25 djur
817 507 45 20 icke
876 508 68 25 vallas,

201 534 38 19 och
253 534 30 19 för
297 534 68 19 hästar
378 536 22 17 är
414 534 33 19 det
461 533 112 20 otänkbart:
589 533 104 20 dessutom
708 533 36 20 bör
758 533 34 20 det
806 533 101 26 behjertas
918 536 28 17 att

202 565 23 14 en
239 560 44 19 icke
298 559 99 27 obetydlig
411 560 30 20 del
457 560 19 19 af
488 560 78 19 landets
580 559 80 20 kreatur
674 560 65 19 tillhör
752 563 81 22 torpare
842 561 37 19 och
890 561 57 25 inhy-

201 586 81 25 seshjon
297 587 38 19 och
349 589 28 16 att
390 587 67 25 desse,
473 592 32 14 om
519 587 38 19 den
566 591 39 22 nya
614 587 103 25 principen
727 589 88 23 antages,
827 587 63 20 skulle
900 587 46 20 nöd-

201 619 35 20 gas
251 612 56 26 skilja
322 613 29 25 sig
364 613 49 19 ifrån
427 613 63 20 denne
503 613 59 20 deras
576 613 103 26 vigtigaste
693 613 106 26 egendom,
816 614 83 19 emedan
913 613 33 20 det

201 640 29 19 för
251 639 46 20 dem
318 645 49 14 vore
387 640 80 25 ogörligt
481 642 28 18 att
525 645 70 19 genom
612 640 87 25 stängsel
714 640 47 19 eller
774 639 88 27 vallgång
876 639 70 21 afhålla

201 666 42 19 sine
264 665 84 26 husdjur
368 665 49 20 ifrån
439 665 93 27 ostängde
554 665 58 20 åkrar
629 667 38 18 och
684 668 66 23 ängar.
779 667 42 19 Den
835 667 111 25 föreslagne

201 698 39 21 nya
254 692 100 26 principen
368 693 65 19 möter
447 692 77 20 således
539 693 5 18 i
558 693 144 25 tillämpningen
715 693 27 19 till
757 693 70 20 Finske
841 692 105 21 förhållan-

201 719 39 20 den
260 718 70 26 många
351 719 37 20 och
412 719 68 26 vigtiga
498 719 133 26 svårigheter:
651 722 28 17 att
692 721 70 24 gagnet
777 720 46 19 eller
837 720 110 19 fördelarne

202 745 57 20 deraf
276 746 6 18 i
302 745 70 26 någon.
393 751 36 14 mon
447 748 102 17 motsvara
569 747 160 24 olägenheterne,
748 745 38 20 kan
805 745 33 26 jag
858 745 18 26 ej
896 746 49 20 inse.

201 772 74 26 Frågan
289 773 62 24 gäller
365 773 125 24 naturligtvis
507 773 69 20 endast
592 772 147 26 råhägnaderne
757 774 38 18 och
809 773 138 26 upphörandet

202 799 21 18 af
241 799 114 20 nuvarande
371 799 113 26 skyldighet
501 801 28 18 att
543 799 45 20 dem
602 798 122 25 underhålla;
741 805 45 14 men
801 799 43 20 icke
858 799 88 20 minskas

202 825 113 30 derigenom
329 825 25 20 de
367 825 144 26 gärdesgårdar
525 825 95 22 hvarmed
633 825 129 26 jordegarene
776 827 55 19 inom
843 832 48 20 egne
901 831 46 20 egor

202 851 76 25 afskilja
296 852 42 20 sine
356 852 97 20 särskilde
470 851 57 21 åker-
543 853 38 18 och
598 853 121 25 ängsskiften
734 855 52 17 samt
800 854 71 23 hagor:
887 852 61 20 desse

202 877 73 26 gärden
290 879 70 24 utgöra
374 878 51 20 dock
439 879 5 19 i
459 879 57 25 längd
531 879 109 19 säkerligen
654 879 11 19 2
681 884 11 14 a
707 879 10 19 3
732 879 75 26 gånger
817 885 55 14 mera
882 882 25 17 än
917 878 30 21 rå-

202 905 133 25 hägnaderne,
354 905 39 19 och
410 904 24 21 då
454 905 25 20 de
499 906 52 19 förre
570 893 129 32 underhållits
716 907 38 18 och
771 908 47 17 utan
838 905 69 20 tvifvel
924 907 23 18 än

201 931 107 20 framdeles
323 930 114 26 bibehållas,
454 931 21 20 så
491 932 72 19 vittnar
576 931 53 20 detta
644 931 51 20 klart
708 935 29 16 att
750 931 142 27 gärdesgårdar
906 937 42 15 om-

202 957 56 26 kring
272 957 70 20 odlade
356 963 47 20 egor
417 957 18 26 ej
449 958 64 19 kunna
529 959 103 22 umbäras;
648 961 21 22 ty
683 964 50 14 vore
743 958 127 20 förhållandet
879 964 68 14 annor-

202 983 57 20 lunda
274 983 63 20 skulle
351 984 115 25 visserligen
480 983 70 26 hvarje
563 983 105 26 jordegare
683 985 103 25 inbespara
799 985 109 20 kostnaden
918 985 30 20 för

202 1009 25 20 de
241 1010 21 19 af
274 1011 51 18 hans
337 1013 45 22 eget
395 1010 137 25 godtfinnande
546 1011 100 19 beroende
660 1011 112 25 hägnaders
785 1011 108 20 underhåll.

255 1037 43 19 Man
318 1036 105 20 anmärker
443 1040 53 17 emot
512 1037 114 20 nuvarande
640 1038 126 25 stängsel-lag
781 1037 124 26 obilligheten
919 1041 28 16 att

201 1061 104 27 jordegare
319 1063 154 26 skyldigkännas
487 1066 28 17 att
529 1063 54 20 freda
599 1064 42 19 sine
655 1069 48 20 egor
718 1067 55 16 emot
782 1069 98 20 grannens
889 1064 57 20 krea-

202 1091 41 20 tur;
259 1095 46 13 men
320 1089 39 20 han
373 1089 79 21 hindrar
465 1089 23 26 ju
501 1090 81 20 dermed
597 1091 58 18 äfven
669 1091 43 19 sine
725 1096 48 19 egne
783 1093 28 16 att
820 1090 61 20 skada
890 1097 58 20 gran-

201 1121 49 14 nens
271 1121 54 20 egor,
336 1116 123 26 -undslipper
476 1117 112 25 derigenom
603 1116 96 27 vallhjon,
715 1117 38 20 och
767 1116 24 21 då
806 1122 86 21 grannen
907 1117 40 20 del-

202 1145 29 16 tar
246 1143 4 18 i
266 1142 99 26 hägnaden
380 1142 29 19 för
424 1143 29 19 sin
468 1143 66 24 andel,
550 1142 22 21 så
587 1143 58 20 hafva
659 1145 62 24 bägge
735 1143 58 20 deraf
804 1143 70 20 fördel:
891 1144 57 19 dess-

202 1171 55 17 utom
271 1169 36 19 bör
325 1169 68 19 härvid
410 1169 45 20 icke
471 1169 94 24 förbises,
584 1172 28 17 att
629 1175 32 14 om
678 1169 125 26 råhägnaden
820 1170 43 19 icke
877 1171 71 19 funnes

203 1194 21 20 så
240 1195 65 20 blefve
324 1194 68 26 hvarje
408 1195 104 26 jordegare
528 1199 87 22 tvungen
633 1199 37 23 att,
686 1197 89 19 särdeles
790 1195 10 21 å
815 1196 85 26 aflägsne
914 1197 34 20 od-

202 1221 66 26 lingar,
285 1221 113 28 underhålla
413 1222 69 21 vakter
497 1223 29 19 för
539 1225 28 17 att
582 1222 54 21 freda
651 1223 42 20 sine
708 1229 55 20 egor,
779 1225 52 17 samt
844 1223 104 20 dessutom

202 1247 50 20 hålla
274 1248 85 23 vallhjon
373 1248 30 19 för
417 1253 49 20 egne
480 1248 93 24 husdjur;
591 1254 46 14 men
651 1249 60 20 desse
726 1249 70 20 vakter
810 1250 38 18 och
862 1249 86 25 vallhjon

202 1272 89 25 fråntoge
303 1272 118 25 jordbruket
436 1280 24 13 en
474 1274 78 25 ofantlig
565 1279 67 14 massa
647 1275 131 25 dagsverken,
791 1275 38 19 och
839 1275 109 20 kostnaden

202 1298 29 19 för
245 1299 59 20 deras
317 1299 101 20 uuderhåll
434 1301 63 18 skulle
511 1299 106 27 mångfaldt
631 1301 105 25 öfverstiga
751 1301 109 20 kostnaden
875 1301 30 19 för
917 1301 31 20 rå-

201 1325 132 26 hägnaderne,
350 1326 65 21 hvilka
430 1327 4 19 i
449 1327 106 20 allmänhet
569 1327 102 26 ingalunda
685 1329 34 18 äro
735 1328 6 19 i
755 1327 44 20 vårt
812 1327 43 21 land
866 1327 22 20 så
898 1327 49 27 dyra

201 1353 48 19 eller
270 1352 22 20 sä
313 1353 137 26 skogsödande
470 1359 43 14 som
534 1359 46 15 man
597 1354 6 19 i
620 1354 106 20 allmänhet
745 1354 111 27 föregifver,
876 1357 21 24 ty
914 1354 34 21 det

201 1379 56 20 virke
271 1379 64 20 dertill
350 1380 109 26 användes,
475 1380 84 21 erhålles
573 1387 70 21 genom
658 1381 97 26 blädning,
771 1382 85 25 hvilken,
874 1381 73 21 förnuf-

201 1406 36 27 tigt
257 1407 117 26 verkställd,
396 1407 103 21 befordrar
519 1407 38 21 den
578 1409 115 25 qvarblefne
710 1408 85 27 skogens
812 1409 65 20 bättre
891 1410 53 18 växt.

201 1433 38 20 För
252 1433 58 26 öfrigt
324 1433 31 20 må
369 1434 32 20 det
417 1435 85 25 tilläggas
519 1437 28 18 att
564 1435 117 26 antagandet
697 1435 20 20 af
731 1435 124 21 oftanämnde
870 1436 76 25 princip
