984 1709
251 140 73 24 Nådiga
335 142 142 23 Propositionen
489 142 37 18 N:o
538 141 31 19 44.
734 144 47 20 1465

40 190 100 26 bispringa
163 190 77 20 landets
261 190 115 21 nödlidande
393 190 118 21 innevånare
526 191 42 20 dels
582 192 85 20 medelst
680 194 104 25 penninge-

40 217 30 19 län
86 217 19 19 ät
115 217 119 20 kommuner
248 218 48 19 eller
306 217 217 27 spanmålshandlande,
534 218 43 20 dels
591 224 70 20 genom
672 220 112 19 beredande

42 244 20 19 af
74 243 159 26 arbetsförtjenst
247 244 20 20 åt
280 244 25 19 de
319 244 132 25 behöfvande,
474 245 46 19 med
539 244 48 21 flere
609 245 65 26 dylika
696 246 88 20 undsätt-

40 270 154 29 ningsätgärder.
207 281 25 3 —
242 271 65 20 Sedan
322 271 110 19 Ständerne
446 271 30 25 sig
490 271 92 20 häröfver
595 275 69 22 yttrat,
680 273 32 19 vill
722 273 61 19 Hans

41 297 134 25 Kejserliga
189 297 110 25 Majestät
313 297 5 19 i
332 297 54 20 detta
399 297 75 20 ärende
486 298 5 19 i
508 297 67 20 Näder
594 298 76 20 besluta
691 299 36 19 och
745 299 39 19 för-

39 323 60 20 ordna
115 323 50 20 efter
179 324 53 19 hvad
246 323 110 26 lämpligast
370 325 39 18 och
423 324 119 25 gagneligast
555 324 69 19 finnes.

93 350 34 20 Vid
146 349 151 21 bedömmandet
314 350 20 19 af
352 350 67 26 frågan
436 356 32 13 om
488 351 25 19 fri
533 350 172 26 spanmålshandel
728 352 55 20 torde

39 376 44 19 icke
97 377 61 19 heller
172 376 47 21 böra
234 377 84 20 förbises
333 376 36 20 den
384 377 99 26 inflytelse
498 383 23 13 en
537 377 36 20 slik
588 377 141 20 handelsfrihet
744 379 39 19 kan

40 403 66 19 utöfva
121 403 10 19 å
146 403 38 20 den
198 404 61 19 sedan
273 403 55 20 äldre
342 403 50 20 tider
407 404 5 18 i
427 403 67 20 landet
506 403 108 21 bestående
628 404 74 20 sockne
717 409 66 20 maga-

40 429 189 26 sins-inrättningen,
247 431 62 18 hvars
325 429 88 20 ändamål
430 430 52 19 varit
497 433 30 16 att
543 431 74 19 bevara
634 430 151 21 sädesförråder

38 456 30 19 för
80 455 166 25 jordbrukarenes
261 457 61 19 behof
335 457 61 19 under
411 457 77 25 knappa
503 456 28 20 år.
561 457 67 19 Redan
645 457 37 20 den
700 457 26 20 30
743 457 41 20 Ok-

39 483 56 19 tober
110 483 50 20 1750
175 483 109 20 utverkade
297 483 30 25 sig
341 483 95 26 allmogen
450 483 5 19 i
469 480 143 23 Österbottens
624 484 38 19 och
670 484 72 25 Kajana
752 484 33 20 län

38 509 80 26 Konglig
133 509 125 20 stadföstelse
272 509 10 20 å
300 509 80 20 träffade
399 510 117 25 föreningar,
535 509 99 26 angående
652 511 132 19 sockne-ma-

38 537 89 25 gasiners
142 536 107 20 inrättande
263 537 5 18 i
283 536 85 21 berörde
381 537 37 24 län,
435 538 38 18 och
487 536 60 20 sedan
562 537 110 20 Ständerne
682 537 33 20 vid
730 538 54 20 1756

38 563 32 20 års
85 563 87 26 riksdag,
187 564 58 25 enligt
259 565 25 18 40
299 563 10 25 $
323 563 20 20 af
355 563 184 26 riksdagsbeslutet,
556 563 94 26 tillstyrkt
663 564 65 26 dylika
742 569 41 15 ma-

38 590 87 26 gasiners
141 590 130 26 upprättande
285 590 91 20 öfverallt
389 590 53 19 inom
456 590 83 25 Sverige
555 591 38 18 och
602 590 87 26 Finland,
699 590 40 21 blef
748 590 36 26 pä-

39 617 39 20 bud
92 617 69 19 derom
176 617 99 20 utfärdadt
292 617 84 20 medelst
392 617 69 26 Kongl.
482 617 163 20 cirkulärbrefvet
661 617 27 20 till
707 617 77 20 Eands-

39 643 126 26 höfdingarne
179 644 20 19 af
211 644 38 19 den
264 645 13 19 9
292 643 92 21 Februari
402 645 59 22 1757,
481 649 44 14 som
543 643 96 26 derjemte
657 643 91 26 åtföljdes
764 645 20 19 af

38 671 72 24 förslag
124 671 25 20 till
165 671 86 25 förening
265 672 38 18 och
317 671 121 24 reglemente
453 671 5 19 i
472 671 53 20 Jetta
542 670 120 26 hänseende,
682 670 101 21 hvarefter

40 697 79 26 spridda
133 697 120 26 stadganden
267 697 6 20 i
283 699 66 18 ämnet
361 697 105 20 utkommit
475 698 38 19 och
522 697 261 27 sockne-magasins-inrätt-

37 725 69 25 ningen
120 724 6 19 i
139 724 79 20 Finland
233 730 73 18 genom
320 723 74 24 Nådiga
410 724 153 26 kungörelserna
580 725 21 18 af
616 724 38 20 den
672 725 11 18 7
700 724 83 26 Augusti

41 751 49 19 1810
108 753 51 17 samt
176 751 37 20 den
235 751 24 19 23
277 750 37 25 Maj
332 751 49 19 1857
400 750 42 20 åter
459 751 108 26 upplifvats
584 751 38 19 och
641 751 59 19 tillika
720 751 64 20 blifvit

39 779 88 18 närmare
145 777 95 25 reglerad.
269 778 60 19 Emot
347 778 59 19 dessa
424 777 136 26 inrättningars
577 778 94 19 allmänna
688 778 95 26 gagnetig-

38 805 33 19 het
85 804 58 19 halva
157 804 57 20 likväl
230 804 71 26 vigtiga
316 804 67 20 inkast
396 803 25 26 på
436 806 80 18 senaste
530 804 26 19 td
566 804 64 20 blifvit
638 803 74 27 gjorda,
725 805 57 19 hvar-

38 831 40 19 före
92 831 63 19 Hans
170 830 133 27 Kejserliga
318 830 117 27 Majestät,
451 832 5 18 i
471 831 129 20 betraktande
612 831 20 19 af
639 831 93 19 ärendets
741 832 41 26 vigt

38 859 39 18 och
94 859 103 25 grannlaga
215 858 136 20 beskaffenhet
368 861 52 17 samt
439 859 25 19 de
484 858 52 20 olika
556 857 62 20 lokala
637 857 143 26 förhållanden,

40 891 44 13 som
100 886 53 18 inom
170 888 27 16 ett
214 885 22 20 så
254 885 110 19 vidsträckt
381 885 43 20 land
441 891 34 20 ega
489 890 56 19 rum,
561 885 59 19 tillika
634 885 53 20 velat
700 885 6 19 i
720 884 62 20 denna

39 912 128 19 ekonomiska
181 911 54 26 fråga
250 912 87 19 inhemta
352 912 180 20 Landtständernes
545 911 65 25 tanke,
626 911 18 26 ej
660 911 77 20 mindre
749 912 33 19 be-

39 939 94 20 träffande
148 941 69 23 nyttan
232 939 37 19 och
284 939 170 26 nödvändigheten
468 939 21 19 af
500 937 240 27 sockne-magasiner
705 933 37 36 och
749 943 33 14 om

39 965 101 20 desamma
159 971 58 14 anses
235 966 48 19 böra
299 967 25 17 än
341 965 69 20 vidare
430 965 116 24 bibehållas,
569 965 89 25 antingen
678 965 79 19 allmänt
777 965 5 18 i

39 992 65 19 landet
118 992 47 20 eller
180 992 70 19 endast
264 992 26 19 uti
305 991 25 20 de
339 991 43 20 från
392 991 101 25 sjökusten
502 991 109 26 aflägsnare
619 990 61 26 jemte
690 991 26 19 de
724 991 59 19 nord-

38 1018 59 25 ligare
112 1019 80 24 belägna
206 1019 81 19 delarne
304 1018 61 25 deraf,
381 1021 25 16 än
423 1019 37 18 ock
478 1017 97 20 huruvida
592 1018 144 19 kommunerne
750 1017 33 20 må

40 1045 4 18 i
60 1045 70 19 sådant
144 1045 30 19 fall
191 1045 109 26 medgifvas
314 1047 29 17 att
356 1045 26 19 till
396 1045 64 19 större
474 1045 48 19 eller
535 1044 77 19 mindre
628 1045 30 19 del
673 1043 21 21 af
708 1043 75 20 behäll-

39 1071 102 25 ningarne,
167 1074 85 17 omsätta
273 1071 148 25 magasinernes
441 1070 128 21 sädesforder
590 1071 6 18 i
615 1071 108 24 penningar
745 1071 38 18 och

38 1097 60 20 dessa
114 1097 45 20 med
176 1098 125 25 upplöpande
317 1098 65 25 ränta,
394 1098 50 19 efter
458 1099 46 24 eget
515 1096 146 27 godifinnande,
677 1097 25 19 till
718 1102 66 19 maga-

39 1124 191 25 sins-inrättningens
245 1125 46 20 eller
305 1124 62 19 andra
380 1129 148 21 gemensamma
543 1123 124 20 kommunala
680 1123 61 20 behof
749 1128 33 14 an-

41 1151 69 19 vända.

251 1177 64 26 Enligt
336 1177 61 20 Hans
416 1176 129 25 Kejserliga
563 1175 124 26 Majestäts
707 1175 76 29 Nädiga

181 1204 112 25 befallning,
315 1204 66 26 gifven
401 1205 5 18 i
426 1203 107 26 Tsarskoje
549 1203 46 20 Selo
609 1203 37 20 den
660 1203 13 19 2
688 1203 44 25 (14)
745 1202 36 25 Maj

183 1231 58 19 1863.

304 1304 74 19 Alex.
390 1303 125 23 Armfelt.

509 1395 60 19 A.W.
582 1388 131 40 Wallensköld,
