998 1706
208 154 44 19 1372
425 154 72 21 Nädiga
508 147 141 29 Propositionen
662 152 36 18 N:o
710 152 28 19 41.

210 202 75 26 åtgärd,
299 208 44 14 som
358 202 69 20 vunnit
440 203 42 25 laga
495 202 59 20 kraft.
584 202 62 19 Gitter
660 201 62 25 någon
738 201 42 20 visa
795 201 100 20 urminnes
909 200 46 21 häfd

210 229 27 20 till
254 228 110 20 fiskeställe
379 230 56 18 utom
452 228 38 19 den
508 228 128 25 samfällighet
650 228 38 18 han
702 228 46 24 sjelf
761 228 93 24 tillhörer,
870 227 32 21 må
918 228 37 19 han

210 254 69 21 dervid
293 254 116 24 bibehållas,
425 254 22 20 så
463 254 42 20 vidt
519 254 117 20 fiskestället
649 256 22 17 är
685 254 27 20 till
727 254 43 25 läge
784 254 38 19 och
836 253 79 27 omfång
923 260 33 20 ge-

210 287 46 14 nom
270 282 72 26 tydliga
357 283 80 24 gränser
451 281 149 26 vederbörligen
613 280 108 20 bestämdt.

264 314 42 19 Den
327 313 105 20 obesuttna
449 313 137 26 befolkningen
601 313 36 20 har
651 312 78 20 således
743 313 59 19 frihet
816 315 28 18 att
858 312 51 20 fiska
924 318 33 14 en-

210 340 45 20 dast
269 340 35 20 der
317 340 146 25 strandegande
477 340 47 20 eller
538 345 62 15 annan
614 340 76 19 enskild
705 341 38 17 rätt
758 340 25 19 till
799 339 127 20 fiskevattnet
938 338 18 26 ej

210 372 47 20 eger
271 372 52 14 rum.

565 392 41 20 2:0.

264 431 64 26 Enligt
345 432 13 19 6
374 431 10 25 $
401 432 12 19 2
430 431 82 26 kapitlet
529 430 6 20 i
552 430 150 27 fiskeristadgan
720 430 18 20 af
752 430 38 21 den
805 431 25 20 14
844 430 114 21 November

212 458 53 20 1766
282 460 22 17 är
319 457 104 26 jordegare
440 458 109 25 berättigad
566 460 28 17 att
606 457 74 25 jemväl
694 457 5 19 i
714 458 65 24 öppna
794 458 66 19 hafvet
874 457 86 20 enskildt

212 485 88 25 begagna
315 484 60 20 fisket
389 484 33 19 vid
437 489 49 20 egna
500 483 96 25 stränder,
612 483 22 20 sä
644 483 52 26 långt
704 483 48 20 dess
762 483 107 26 landgrund
880 483 77 20 räcker.

212 511 68 20 Denna
294 511 95 24 rättighet
403 511 123 22 bestämmes
541 513 90 17 närmare
646 509 82 20 sålunda
743 512 28 17 att
784 509 98 20 derunder
894 509 66 25 begri-

212 542 36 20 pes
270 537 33 20 allt
324 539 76 22 vatten,
417 542 43 14 som
474 537 64 19 finnes
552 536 27 21 tili
595 537 39 18 och
647 536 46 19 med
707 536 107 20 etthundra
828 537 75 19 famnar
917 536 42 19 från

212 563 36 19 det
268 563 58 19 ställe
346 562 34 19 vid
401 563 105 21 stranden,
525 563 35 19 der
576 562 74 25 stadigt
664 561 48 26 djup
725 562 20 19 af
758 568 25 14 en
797 563 51 19 famn
863 563 95 24 vidtager,

215 589 129 26 strandegare
361 588 58 20 likväl
437 589 42 20 icke
497 589 93 24 förment,
606 591 28 17 att
647 587 133 28 tillgodonjuta
793 589 51 19 förut
858 588 25 26 pä
898 594 63 14 annan

214 615 63 26 grund
294 616 83 25 lagligen
395 615 120 20 tillkommen
532 617 39 18 rätt
587 615 27 20 till
632 615 64 20 större
710 614 80 21 område
804 615 6 20 i
824 614 136 21 fiskevattnet.

569 669 39 19 3:0.

268 707 40 20 Der
322 707 61 20 sädan
397 707 92 25 lägenhet
503 708 29 25 är,
548 709 27 18 att
586 706 64 27 nägon
659 707 53 19 inom
722 709 45 22 eget
777 705 128 22 landomräde
914 711 47 21 eger

215 733 86 20 enskildt
321 733 128 25 fiskevatten,
472 739 43 14 som
534 733 18 26 ej
568 734 37 19 har
618 734 75 28 synbar
706 733 122 26 gemenskap
844 733 45 20 med
903 735 58 18 annat

214 762 75 23 vatten,
305 761 40 18 kan
359 760 72 19 honom
446 759 17 26 ej
478 761 100 19 förmenas
592 762 27 17 att
633 765 6 13 1
652 760 34 19 det
696 759 51 20 förra
757 759 49 20 fiska
816 761 36 18 när
861 760 38 19 och
909 759 53 20 huru

214 787 38 19 han
266 786 53 20 helst
333 787 94 24 behagar.
455 788 44 19 Men
514 792 33 14 om
561 786 128 20 fiskevattnet
702 791 71 20 genom
788 786 80 20 tillflöde
877 786 47 19 eller
934 786 27 19 af-

214 813 46 25 lopp
275 812 42 20 står
330 813 5 19 i
350 813 119 20 förbindelse
487 813 45 20 med
549 815 57 17 annat
623 814 73 23 vatten,
714 813 47 19 skall
776 818 73 21 egaren
864 812 33 20 vid
911 812 48 20 dess

214 839 130 26 begagnande
359 839 119 20 underkasta
493 840 29 25 sig
536 839 26 20 de
575 839 167 25 inskränkningar,
759 845 43 14 som
819 839 80 20 komma
914 841 28 17 att
955 839 7 18 i

215 865 94 20 afseende
324 865 11 19 å
349 865 70 20 fiskets
434 866 112 20 bevarande
560 866 148 25 allmänneligen
722 865 113 20 fastställas.
857 866 40 25 Lag
909 871 54 14 sam-

214 897 34 14 ma
263 897 54 19 vare,
333 891 36 20 der
382 891 48 20 flere
445 898 35 19 ega
494 892 30 20 del
540 892 5 19 i
559 892 124 25 fiskevatten,
700 891 64 21 ehvad
779 892 33 19 det
826 893 21 18 af
854 892 47 19 dem
909 894 54 24 nytt-

214 917 32 26 jas
260 921 131 22 gemensamt,
408 918 47 20 eller
468 918 56 20 vissa
538 919 58 20 lotter
608 919 43 20 deri
664 923 72 21 genom
750 918 58 20 skifte
820 918 64 21 blifvit
893 917 70 26 hvarje

214 944 93 25 delegare
321 944 103 20 anvisade.

569 973 43 18 4:0.

268 1009 140 25 Fiskredskap,
424 1009 78 20 hvilkas
516 1010 126 26 begagnande
654 1010 145 26 allmänneligen
809 1009 100 26 förbjudes
919 1011 41 19 äro:

214 1036 22 24 a)
254 1035 37 20 den
307 1035 99 20 såkallade
423 1036 60 26 ryska
497 1039 68 21 noten,
581 1041 44 14 som
640 1038 21 17 är
676 1037 22 19 så
712 1037 90 25 inrättad,
818 1039 28 17 att
860 1036 48 20 dess
922 1042 41 13 ma-

216 1062 47 19 skor
279 1061 33 20 vid
327 1061 108 26 nyttjandet
453 1063 172 24 sammandragas;
643 1063 21 24 b)
682 1066 32 16 not
729 1064 38 19 och
780 1063 60 20 notkil
854 1063 21 19 af
888 1063 35 20 väf
936 1063 26 20 el-

215 1088 29 19 ler
259 1088 81 28 bunden
354 1088 46 19 med
415 1088 21 19 sä
450 1089 39 19 fina
504 1089 81 19 maskor
599 1091 28 17 att
641 1089 59 25 spädt
712 1090 57 25 yngel
780 1089 42 20 deri
832 1089 38 20 kan
881 1089 78 25 fångas;

215 1115 19 27 €)
250 1114 122 24 rismjerdor,
389 1114 24 20 då
429 1115 24 19 de
467 1114 18 26 ej
501 1115 101 20 användas
617 1116 5 18 i
637 1116 106 19 strömmar
753 1116 26 19 till
790 1115 94 26 fångande
894 1116 20 19 af
922 1116 40 19 nei-

214 1141 95 26 jonögon;
325 1141 38 19 och
376 1140 21 25 d)
412 1141 25 19 de
451 1141 24 25 på
486 1147 24 14 en
519 1141 31 20 del
560 1144 60 21 orter,
632 1142 132 25 förnämligast
774 1142 26 20 till
810 1142 93 19 aborrars
912 1147 51 21 upp-

215 1167 85 25 tagande
314 1167 88 24 brukliga
417 1167 119 21 sänkhåfvar
552 1168 79 25 (Liipit).
653 1169 71 19 Såsom
739 1169 74 25 olofliga
828 1168 92 20 fiskesätt
929 1174 34 14 an-

216 1198 42 14 ses:
278 1193 24 25 e)
315 1193 104 25 pulsande,
439 1194 90 20 stötande
543 1194 37 19 och
594 1194 6 19 i
614 1194 106 20 allmänhet
733 1195 34 20 allt
781 1200 43 15 som
838 1195 46 20 med
898 1195 64 20 buller

215 1219 76 26 åsyftar
310 1219 75 20 fiskens
406 1220 112 24 drifvande;
533 1220 15 26 f)
565 1220 108 25 ljustrande
690 1221 50 20 efter
756 1221 49 26 fisk,
821 1227 53 19 som,
890 1221 30 19 för
934 1224 29 17 att

215 1245 54 24 leka,
292 1246 95 24 uppstigit
406 1247 25 17 till
447 1247 116 22 stränderna
577 1247 49 18 eller
642 1247 5 18 i
662 1248 74 23 grunda
751 1247 65 24 vikar;
832 1248 38 18 och
884 1248 20 24 g)
920 1247 43 20 häf-

215 1271 65 19 vande
294 1271 51 19 efter
359 1271 31 19 lax
405 1272 37 18 och
457 1272 30 19 sik
501 1278 24 14 ur
539 1272 43 24 båt,
599 1278 45 13 som
657 1273 44 19 icke
714 1274 22 18 är
751 1273 63 20 fästad
828 1273 33 20 vid
876 1273 44 20 land
935 1274 27 19 el-

214 1297 30 19 ler
258 1297 83 24 ankare;
357 1298 105 19 hvarutom
476 1298 33 19 allt
522 1298 96 26 fångande
628 1299 19 18 af
654 1299 59 20 dessa
726 1299 104 26 fiskeslags
839 1300 57 25 yngel
908 1299 5 19 i
923 1299 39 20 for-

214 1328 34 15 sar
262 1324 39 19 och
316 1324 142 25 elfmynningar
472 1325 38 19 tills
524 1325 68 20 vidare
606 1324 109 27 förbjudes.
771 1323 3 2 |

572 1379 39 20 5:0.

268 1414 29 21 Då
312 1419 56 27 emot
378 1415 60 31 andra
453 1417 24 20 än
491 1417 144 21 ofvannämnde
643 1418 127 27 fiskredskap
780 1419 38 20 och
826 1418 93 21 fiskesätt
928 1419 34 21 all-

215 1443 55 19 mänt
284 1443 39 20 och
337 1443 110 26 ovilkorligt
461 1443 69 21 förbud
545 1445 30 19 för
588 1445 34 20 det
635 1445 121 20 närvarande
770 1445 20 26 ej
804 1447 21 19 är
838 1447 22 20 af
872 1448 90 19 omstän-
