1009 1706
195 142 48 33 1336
398 144 3 2 *
422 145 71 23 Nädiga
505 147 140 23 Propositionen
658 146 36 18 N:o
700 146 28 18 39.

196 196 28 17 att
237 194 47 20 dem
299 194 22 20 så
336 194 61 20 vårda
412 198 28 16 att
454 195 25 19 de
493 196 72 19 andras
579 201 47 20 egor
644 196 44 18 icke
702 196 68 19 skada.
802 195 75 20 Mindre
894 195 48 20 hus-

196 219 45 25 djur
259 220 67 20 såsom
343 221 56 24 svin,
414 224 42 22 get,
475 221 30 19 får
523 222 55 19 skola
595 222 71 20 desses
684 227 59 20 egare
759 227 71 20 genom
847 222 93 26 stängsel,

196 247 85 25 vallning
295 248 47 19 eller
357 250 58 17 annat
429 248 51 24 hägn
494 248 69 19 hindra
577 250 28 16 att
618 247 25 26 på
657 253 74 14 annans
745 253 48 20 egor
806 248 106 20 inkomma.

249 273 10 25 $
273 274 19 19 2.
322 271 27 23 Är
365 273 34 20 det
417 274 64 19 större
496 274 80 19 kreatur.
594 280 43 13 som
651 274 75 20 skadan
740 274 155 26 åstadkommer,
911 280 31 14 er-

195 302 52 17 sätte
261 299 77 25 djurets
353 306 58 20 egare
425 300 82 20 skadan.
537 300 50 20 Sker
601 300 34 20 det
649 300 6 19 i
669 300 54 26 åker,
735 302 38 24 äng
783 302 46 19 eller
839 302 49 24 hage
898 306 44 14 som

196 326 46 20 med
259 326 67 26 laggild
344 326 105 26 inhägnag,
469 332 48 14 vare
534 327 29 25 sig
580 327 42 25 gles
639 327 47 19 eller
703 328 36 24 tät,
758 327 79 20 försedd
852 329 28 23 är,
896 328 46 19 böte

196 351 76 28 djurets
287 358 58 20 egare
359 352 103 20 dessutom
477 352 50 20 ifrån
541 354 25 19 40
580 353 28 19 till
623 354 25 19 20
662 354 65 19 mark.

248 380 27 19 Är
289 379 34 20 det
336 379 76 20 mindre
426 380 82 19 kreatur
525 385 44 14 som
586 380 61 19 skada
664 380 41 26 gör,
724 382 73 18 ersätte
817 380 48 20 dess
882 386 58 19 egare

195 405 74 20 skadan
283 408 52 17 samt
349 406 45 19 böte
409 405 49 20 ifrån
475 406 10 19 5
500 406 26 19 till
543 407 23 18 10
581 406 56 19 mark
652 412 32 13 om
696 406 37 19 ock
744 406 73 20 skadan
827 406 115 20 åstadkom-

195 432 46 19 mits
255 431 25 26 på
295 431 109 26 oinhägnad
417 432 63 19 mark.
511 432 50 19 Sker
575 432 34 20 det
622 432 25 26 på
661 433 108 25 inhägnade
783 438 49 19 egor
841 433 46 19 böte
896 439 45 14 som

195 459 58 19 ofvan
267 464 33 14 om
314 459 65 19 större
393 457 84 26 husdjur
491 458 58 25 sagdt
563 460 28 18 är.

248 486 41 19 Den
306 491 45 14 som
368 485 47 19 med
432 484 44 25 vilja
493 484 90 27 olofligen
600 485 49 20 låter
663 486 43 19 sina
722 485 83 26 husdjur
820 486 45 19 beta
880 485 11 20 å
906 492 34 13 an-

195 517 49 14 nans
261 517 54 20 egor,
335 512 74 19 ersätte
426 511 75 20 skadan
518 514 53 17 samt
586 512 47 19 böte
649 511 25 26 pä
691 512 110 25 oinhägnad
817 513 57 19 mark
891 512 49 20 ifrån

195 539 25 19 20
235 538 26 20 till
276 539 26 19 40
316 538 65 25 mark,
397 543 46 14 men
457 538 47 19 sker
518 538 93 20 betandet
625 538 24 26 på
663 538 81 26 laggilda
754 539 125 25 inhägnader,
891 539 49 20 ifrån

195 565 25 19 40
235 564 27 21 till
277 565 25 19 60
317 564 63 25 mark,
396 565 34 19 allt
444 565 49 18 efter
508 565 199 26 omständigheterna.

248 591 43 19 Kan
305 590 64 25 någon
383 591 59 19 skuld
455 590 100 20 tillräknas
569 591 86 24 vallhjon
668 592 47 19 eller
725 597 68 20 annan,
805 592 81 19 hvilken
897 591 44 20 vår-

194 617 38 20 den
246 623 33 14 om
294 617 65 26 djuret
373 616 70 27 ålegat,
460 617 46 20 böte
519 617 65 20 denne
597 618 30 19 för
641 618 29 19 sin
685 617 134 22 vanvårdnad,
835 623 46 14 men
896 617 44 26 dju-

195 646 40 17 rets
251 649 58 20 egare
328 649 59 14 svare
403 644 31 19 för
451 643 82 20 skadan.
563 644 37 19 Om
617 643 84 26 husdjur
717 644 63 20 blifvit
797 645 143 19 öfverlemnadt

195 669 20 20 åt
229 675 64 15 annan
307 669 24 26 på
346 671 42 24 lega
403 671 47 18 eller
463 670 118 20 annorledes
598 671 26 20 till
641 669 112 28 nyttjande,
768 677 47 14 vare
828 671 113 20 innehafva-

196 702 35 14 ren
246 697 77 26 skyldig
338 699 28 17 att
379 697 6 19 i
400 702 83 20 egarens
497 697 56 20 ställe
567 696 65 26 djuret
645 697 62 20 vårda
721 698 38 19 och
773 700 28 17 att
814 697 79 20 derföre
906 703 35 14 an-

195 729 66 14 svara.

248 750 10 25 $
273 751 10 18 3
312 750 57 20 torde
383 749 64 20 kunna
460 749 47 27 utgå
521 750 84 20 emedan
619 750 34 20 det
667 751 63 19 större
748 751 48 20 eller
812 751 77 20 mindre
906 757 35 14 an-

195 779 69 17 svaret
281 777 50 20 efter
349 777 38 19 den
405 777 5 18 i
427 776 67 20 böters
512 777 102 20 åsättande
627 777 86 20 rådande
726 777 182 26 latitudsprincipen
921 778 21 19 af

193 803 95 20 domaren
302 803 39 20 kan
355 805 91 18 närmare
460 803 129 20 bestämmas.
668 815 12 6 -

248 829 21 26 SS
283 831 20 24 4,
320 831 18 23 5,
354 831 19 24 6,
390 831 19 23 7,
425 830 18 24 8,
460 831 19 24 9,
496 831 31 24 40,
545 831 31 24 41,
593 831 23 19 12
631 830 57 20 torde
702 830 5 19 i
721 832 100 19 närmaste
837 831 103 20 öfverens-

195 857 116 20 stämmelse
326 857 45 26 med
385 855 75 27 Näliga
474 857 150 25 propositionen
638 857 63 20 kunna
716 857 88 26 gvarstä.

247 883 10 25 $
273 884 31 19 13.
334 884 26 19 Är
377 883 204 20 öfverenskommelse
599 889 32 14 om
653 885 84 24 stängsel
759 884 124 25 ofullständig
900 885 38 19 och

194 909 85 26 uppstär
292 910 79 19 derföre
385 909 48 20 eller
447 910 21 19 af
480 915 64 14 annan
559 910 59 19 orsak
635 909 54 26 fräga
703 915 32 15 om
749 911 38 19 den
801 911 64 25 grund
879 911 61 20 hvar-

194 936 51 19 efter
263 936 161 25 stängselbesvär
441 936 35 19 bör
493 937 20 18 af
527 942 84 20 grannar
627 936 102 26 fullgöras,
748 937 82 25 deltage'
840 937 98 19 hvardera

193 961 42 20 deri
250 962 50 20 efter
314 962 38 20 den
366 964 55 24 nyttä
435 963 38 19 han
488 963 21 19 af
521 963 98 26 stängseln
633 963 36 19 har
684 963 47 20 eller
749 963 38 19 ock
804 964 83 25 uppföre
901 964 38 19 och

193 988 115 20 underhälle
325 989 37 19 den
379 988 26 20 till
424 989 80 19 hälften.
533 990 28 20 Är
577 989 33 19 det
627 990 114 24 nackgärde
758 990 129 26 hvarigenom
904 990 33 20 två

194 1015 47 19 eller
258 1015 48 20 flere
323 1014 106 26 rägrannar
446 1014 46 26 vilja
511 1017 67 25 stänga
595 1016 41 19 sina
653 1016 70 20 odlade
739 1018 47 24 ägor
803 1016 49 20 ifrån
873 1017 65 25 öppen

193 1041 50 26 skog
258 1042 38 19 och
310 1042 121 25 betesmark,
447 1042 85 25 uppföre
546 1048 25 14 en
585 1042 50 19 hvar
649 1043 101 24 stängseln
766 1042 25 26 på
805 1048 52 20 egen
871 1043 65 25 mark,

193 1067 22 20 så
229 1068 59 20 framt
298 1074 62 14 annan
372 1068 205 20 öfverenskommelse
589 1068 44 20 icke
647 1069 69 20 vinnas
729 1069 44 20 kan.
802 1069 75 20 Härvid
890 1069 47 21 skall

193 1094 60 20 likväl
272 1094 93 20 afseende
382 1095 61 19 fästas
460 1094 25 26 på
502 1095 161 20 beskaffenheten
680 1096 21 19 af
718 1096 38 20 den
777 1096 64 24 mark,
861 1096 75 26 hvarpå

193 1120 105 27 hägnaden
315 1121 90 25 inrättas,
429 1121 21 20 så
471 1124 27 16 att
520 1122 62 25 skälig
598 1122 111 26 minskning
725 1122 5 19 i
747 1122 113 26 hägnadens
880 1123 58 25 längd

193 1146 72 21 blifver
278 1148 107 24 beräknad,
402 1147 36 20 der
452 1148 47 20 dess
512 1148 121 26 uppförande
643 1150 38 18 och
690 1148 101 20 underhåll
801 1149 76 19 medför
888 1150 50 18 stör-

193 1179 22 13 re
229 1174 82 19 kostnad
326 1174 38 19 och
379 1174 108 26 svårighet.

247 1200 10 25 $
271 1201 25 18 44
311 1200 57 20 torde
381 1200 26 20 till
422 1200 46 26 följe
485 1201 21 19 af
521 1201 177 20 bestämmelserna
715 1202 5 18 i
734 1200 118 27 föregående
866 1201 10 25 $
890 1202 47 19 kun-

192 1231 25 14 na
231 1226 53 25 utgå.

245 1252 10 24 $
269 1254 25 17 45
308 1253 5 18 i
329 1253 85 25 enlighet
428 1253 46 19 med
488 1254 75 25 Nådiga
577 1254 155 25 propositionen.

245 1278 10 24 $
270 1279 25 18 16
309 1278 66 20 kunde
389 1278 31 20 stä
434 1279 46 19 med
494 1280 101 25 undantag
609 1280 20 19 af
641 1280 71 19 orden:
733 1280 52 19 «och
802 1280 73 19 hälften
892 1280 45 20 der-

191 1304 94 19 utöfver»
303 1307 54 17 emot
374 1305 59 19 slutet
449 1305 21 19 af
485 1305 19 25 $,
524 1309 22 23 ty
562 1308 28 18 att
608 1306 67 26 ålägga
692 1305 62 27 någon
771 1308 28 18 att
815 1306 77 26 erlägga
906 1306 30 20 sin

191 1330 58 20 andel
264 1331 21 19 af
297 1332 110 25 stängselns
423 1332 46 20 fulla
490 1333 61 20 värde
573 1334 38 19 och
631 1334 73 19 hälften
725 1333 114 20 derutöfver
860 1334 30 19 för
912 1339 23 14 en

192 1358 81 26 hägnad:
283 1358 39 20 han
336 1358 135 21 dessförinnan
489 1360 91 20 hvarken
600 1360 68 20 behöft
687 1360 48 20 eller
753 1361 103 25 begagnat,
879 1360 57 20 torde

191 1384 44 20 icke
249 1390 48 14 vara
311 1385 218 21 öfverensstämmande
542 1388 46 19 med
602 1388 30 25 lag
647 1387 37 19 och
698 1387 93 26 billighet.

244 1411 21 26 SS
281 1413 30 23 47,
329 1412 31 24 18,
377 1413 24 20 19
416 1412 4 20 i
431 1413 207 21 öfverensstämmelse
649 1414 44 21 med
704 1413 75 27 Nädiga
789 1414 145 26 propositionen

245 1438 10 25 $
269 1440 32 19 20.
331 1439 110 25 Likaledes,
459 1440 44 20 med
519 1441 98 26 undantag
631 1442 20 19 af
663 1440 92 21 böternas
769 1441 81 26 belopp,
867 1441 67 20 hvilka
