981 1703
252 137 71 24 Nädiga
335 135 190 26 Propositionen:N:o
537 138 29 20 48.
740 138 44 20 1576

92 187 43 21 Den
156 187 54 21 äldre
229 187 146 27 lagstiftningen
392 189 5 18 i
414 191 66 18 ämnet
491 189 127 20 bestämmer
629 190 82 26 mycket
725 196 57 19 noga,

38 213 51 21 huru
110 214 70 25 många
199 215 85 24 drängar
305 215 38 20 och
363 216 62 25 pigor,
448 216 99 20 fullvuxna
566 217 40 19 och
628 216 111 25 hälfvuxna,
759 222 24 14 en

39 241 66 20 bonde
124 241 74 24 kunde,
222 242 5 19 i
248 240 46 20 män
309 243 21 18 af
343 241 124 20 hemmanets
481 243 82 24 storlek,
579 245 69 23 antaga
663 243 10 19 ä
688 243 30 19 sin
733 243 53 19 inne-

39 268 99 19 hafvande
151 268 97 24 lägenhet.
277 268 67 19 Denna
359 268 139 25 inskränkning
510 269 5 18 i
524 268 156 26 jordbrukarens
690 270 94 24 naturliga

39 295 37 18 rätt
95 296 29 17 att
144 293 46 25 sjelf
208 295 75 24 afgöra,
299 295 51 18 huru
365 294 71 26 många
451 293 117 27 tjenstehjon
583 296 38 19 han
635 295 5 19 i
655 296 38 19 och
708 296 30 19 för
752 296 31 19 sin

38 321 68 23 näring
120 320 91 24 behöfde,
228 321 133 19 förekommer
375 321 60 19 första
450 320 75 26 gången
541 321 4 20 i
560 321 194 26 Legohjonsstadgan
765 323 20 18 af

38 346 37 20 den
90 346 24 20 23
130 347 114 20 November
261 347 52 19 1686
330 347 39 19 och
383 347 50 20 hade
447 347 30 19 sin
490 348 57 19 orsak
563 348 5 19 i
583 354 105 19 omsorgen
703 354 33 13 om
751 349 34 19 det

39 373 101 25 samtidigt
154 373 146 26 tillvägabragta
316 374 192 25 indelningsverkets
523 375 151 24 genomförande
688 376 37 18 och
736 381 49 20 upp-

38 399 138 25 rätthällande,
195 400 126 26 upprepades
339 402 50 18 ännu
407 400 6 20 i
428 400 179 27 Legohjonstadgan
623 402 19 18 af
655 402 37 19 den
706 402 23 19 21
747 403 38 19 Au-

38 427 52 25 gusti
106 427 58 25 1739,
181 432 44 14 men
241 427 103 26 upphörde
358 432 73 20 genom
447 428 51 20 1805
513 427 32 20 ärs
562 428 79 25 Stadga,
657 428 80 20 hvilken
752 429 33 20 be-

40 454 78 25 rättigar
140 454 102 20 husbonde
263 456 28 18 alt
311 457 70 22 antaga
398 454 23 20 sä
438 453 70 27 många
526 452 126 27 tjenstehjon,
668 456 38 18 han
721 456 64 20 «efter

37 480 161 22 beskaffenheten
213 481 21 19 af
246 482 30 18 sin
290 481 68 25 näring
372 481 47 19 eller
435 482 85 19 rörelse»
535 480 37 20 kan
587 482 123 25 sysselsätta.
738 482 47 20 Rät-

37 506 86 26 tigheten
137 510 23 16 är
175 506 77 21 säledes
266 509 51 18 ännu
332 506 5 20 i
353 507 40 19 viss
408 507 44 20 män
468 506 94 26 vilkorlig,
577 513 47 14 men
639 507 24 19 dä
678 508 25 20 de
720 509 65 19 anför-

38 533 32 25 da,
93 533 148 26 vilkorligheten
263 533 139 21 betecknande
421 535 59 18 orden
498 534 43 20 icke
555 534 36 19 fått
605 533 42 27 ingå
661 534 6 20 i
682 535 103 25 förslagets

39 560 10 25 $
62 561 20 23 2,
98 566 45 14 som
157 560 109 20 innehåller
280 560 29 20 hit
322 560 87 20 hörande
424 560 126 26 stadganden,
566 560 22 20 så
603 561 56 19 torde
673 562 92 25 förslaget
778 562 6 20 i

39 586 147 26 ifrågavarande
201 587 31 20 del
248 587 88 24 skäligen
351 587 44 20 icke
412 588 97 19 föranleda
524 587 63 25 någon
601 588 128 26 anmärkning
743 588 42 20 från

38 614 120 20 Ständernes
179 614 49 20 sida.
244 624 26 4 —
284 613 71 21 Likaså
376 614 39 19 och
435 613 24 20 då
481 614 123 20 föreskriften
621 620 32 14 om
670 615 116 20 husbondes

37 640 112 26 skyldighet
163 643 28 17 att
204 640 33 20 vid
251 640 206 26 mantalsskrifningen
472 641 92 25 uppgifva
579 640 145 26 tjenstehjonen
737 642 48 19 rim-

37 667 66 24 ligtvis
117 667 45 20 icke
176 667 37 20 kan
228 667 42 19 alse
284 667 53 24 dem,
353 668 37 19 han
399 665 76 26 jemlikt
485 668 10 23 %
504 668 24 19 24
540 667 35 20 kan
587 670 72 22 antaga
667 668 52 19 efter
728 673 56 14 man-

38 693 166 26 talsskrifningen,
220 694 37 19 och
272 693 24 20 då
312 693 232 26 ansvarsbestämningen
554 694 5 19 i
570 694 83 19 sednare
666 699 60 14 mom.
736 694 46 20 med

39 719 41 20 skäl
97 720 38 19 kan
150 725 58 15 anses
223 720 109 25 oumbärlig
346 721 29 18 för
389 720 37 25 god
441 720 91 26 ordnings
547 719 183 23 vidmakthållande,
746 721 37 20 har

39 746 101 20 Utskottet
155 747 43 19 icke
212 747 74 19 kunnat
300 746 65 25 undgå
376 749 28 17 att
413 747 96 26 tillstyrka
519 747 108 20 änberörda
641 748 101 24 paragrafs
751 753 34 14 an-

38 773 83 24 tagande
132 773 57 20 äfven
200 774 5 19 i
221 779 19 14 nu
250 773 127 20 omförmäida
387 773 60 20 delar.
464 773 100 20 Utskottet
574 773 61 20 håller
643 773 52 20 dock
705 775 42 18 före
756 776 28 17 att

40 805 23 14 en
78 799 90 26 tillbörlig
182 800 209 19 öfverensstämmelse
405 800 83 19 emellan
503 799 10 25 $
527 801 10 19 4
553 799 37 20 och
600 800 84 19 sednare
693 806 60 13 mom.
764 801 22 20 af

70 826 12 19 2
103 826 45 19 icke
168 827 70 19 vinnes
252 826 127 26 fullständigt,
395 832 33 14 om
441 826 44 20 icke
499 826 61 27 sagde
574 831 61 15 mom.
651 826 85 20 erhåller
749 827 36 19 föl-

38 853 60 24 Jande
113 852 115 21 förändrade
245 853 85 26 lydelse:

175 891 59 20 Låter
254 891 97 20 husbonde
370 891 62 20 såsom
449 891 109 25 tjenstehjon
573 891 33 19 hos
621 893 29 24 sig
665 892 72 25 skrifva
751 891 33 20 nå-

140 926 44 19 gon,
200 927 39 13 som
254 920 39 19 icke
308 919 72 27 nyttjas
395 921 6 18 i
415 920 48 19 hans
480 920 55 25 tjenst
549 920 44 19 eller
607 919 18 25 ej
638 921 62 24 njuter
709 920 31 19 lön
751 920 34 19 och

142 948 98 20 underhåll
255 949 25 24 af
291 949 75 22 honom,
383 948 40 19 böte
438 947 53 26 tjuguw
504 948 60 19 mark.

92 985 10 25 $
124 986 11 19 3
156 985 35 26 går
212 989 21 16 ut
254 985 24 26 på
296 988 28 17 att
341 985 109 20 bestämma
465 984 127 21 husbondens
607 985 116 25 befogenhet
737 985 4 18 i
757 984 28 21 af-

40 1012 73 20 seende
130 1011 10 20 ä
158 1012 151 25 tjenstehjonets
325 1011 116 21 tillhällande
459 1012 26 20 till
499 1012 121 24 legoaftalets
635 1011 92 25 behöriga
742 1011 44 20 full-

39 1038 92 26 görande,
150 1040 50 18 efter
218 1038 33 20 Jet
268 1037 142 27 tjenstehjonet
426 1038 72 20 inträdt
515 1037 4 21 i
535 1036 91 26 tjensten.
656 1037 96 26 Vigtigast
765 1038 22 19 af

40 1066 52 19 hvad
107 1065 10 25 $
131 1064 107 21 innehåller
252 1067 22 18 är
288 1065 102 25 onekligen
405 1065 37 19 den
457 1064 103 20 husbonde
572 1063 42 21 deri
624 1064 113 20 tillerkända
747 1065 38 19 rät-

40 1092 62 25 tighet
122 1094 28 18 att
170 1091 71 21 tilldela
262 1092 80 26 manligt
358 1090 119 26 tjenstehjon
494 1096 42 21 aga,
555 1092 38 18 och
608 1090 102 20 Utskottet
723 1090 62 20 finner

40 1119 36 24 sig,
91 1118 79 20 derföre
187 1120 38 18 och
242 1118 25 21 då
284 1118 48 20 dess
348 1117 51 26 åsigt
416 1119 4 18 i
439 1118 63 20 denna
519 1118 31 20 del
565 1116 69 26 skiljer
647 1118 30 24 sig
690 1116 42 20 från
747 1117 38 20 den

40 1144 73 26 Nådiga
128 1145 154 26 propositionen,
298 1144 102 20 föranlätet
414 1148 27 16 att
455 1144 20 20 ät
489 1145 52 19 Jetta
556 1145 57 18 ämne
628 1150 48 19 egna
691 1150 24 13 en
726 1143 59 26 något

41 1172 111 25 utförligare
167 1171 152 26 undersökning.
335 1182 25 4 —
376 1172 83 19 Landets
474 1172 96 19 allmänna
585 1171 30 25 lag
632 1170 74 20 tillkom
721 1170 24 26 på
761 1176 24 14 en

41 1198 26 19 til
92 1198 24 20 då
136 1198 34 20 det
187 1199 102 19 straffbara
307 1198 5 19 i
328 1198 43 20 våld
387 1201 53 17 emot
453 1204 74 14 annans
541 1202 73 21 person
629 1197 108 20 bedömdes
751 1202 35 14 en-

41 1225 44 19 dast
100 1226 49 19 efter
163 1226 25 20 de
202 1224 77 27 följder,
294 1224 66 21 våldet
370 1224 102 20 medförde
485 1224 29 20 för
523 1225 37 19 den
571 1223 140 20 förfördelades
721 1224 62 24 helsa,

40 1253 38 18 och
92 1252 34 19 det
141 1252 75 26 fysiska
233 1252 84 24 lidande,
336 1252 38 19 han
391 1251 71 26 ansågs
476 1252 46 18 röna
536 1250 62 25 deraf,
615 1251 103 19 hvaremot
731 1250 35 19 det
780 1250 5 19 i

42 1277 64 21 våldet
128 1280 56 18 äfven
205 1278 95 26 ingående
317 1278 102 26 ingreppet
439 1278 5 19 i
459 1278 49 20 hans
522 1277 99 25 rättighet,
637 1279 28 27 att
678 1278 21 18 af
711 1277 76 29 enhvar

42 1304 52 25 njuta
110 1303 89 29 tillbörlig
212 1306 87 25 aktning,
314 1306 41 19 helt
369 1304 37 21 och
421 1304 59 21 hållet
494 1304 101 21 lemnades
609 1303 10 20 å
632 1304 49 19 sido.
710 1303 33 20 Hit
752 1304 35 18 hö-

42 1332 60 18 rande
116 1332 233 24 ansvarsbestämningar
363 1332 5 18 i
385 1332 26 18 M.
427 1332 21 18 B.
464 1331 45 19 bära
524 1330 61 19 vittne
600 1336 31 12 om
647 1336 24 12 en
685 1330 37 18 slik
737 1334 50 24 upp-

42 1358 88 25 fattning.
162 1358 37 19 Det
219 1358 38 19 kan
278 1357 84 23 således,
382 1357 4 18 i
404 1356 127 20 betraktande
549 1356 20 19 af
584 1356 39 19 den
639 1355 42 25 låga
699 1355 88 28 ställning

42 1383 52 19 inom
108 1384 109 22 samhället,
233 1388 43 15 som
291 1383 27 20 då
331 1383 86 20 rådande
431 1382 156 26 föreställningar
596 1381 93 20 anvisade
698 1381 38 20 den
745 1381 42 19 lösa

43 1410 143 27 befolkningen,
202 1411 87 25 .skäligen
303 1409 44 21 icke
362 1409 64 21 väcka
440 1409 63 26 någon
518 1408 111 30 förundran,
641 1411 32 27 att
682 1408 31 19 det
723 1407 65 26 skydd

44 1437 50 20 1734
108 1437 34 21 års
156 1438 30 25 lag
200 1443 61 22 synes
276 1437 45 26 vilja
335 1437 51 26 gifva
401 1435 87 26 tjenaren
498 1437 53 18 emot
560 1435 142 25 misshandling
712 1434 20 21 af
741 1435 48 19 hus-
