986 1698
257 148 71 22 Nädiga
339 149 141 23 Propositionen
492 150 36 18 N:o
540 150 28 18 43.
742 152 44 19 1427

41 197 64 19 ehuru
122 196 91 27 möjligen
231 198 4 19 i
253 198 30 19 sin
300 198 61 20 första
378 198 28 20 tid
422 199 122 27 nödvändiga
561 201 37 19 och
617 201 84 25 nyttiga,
721 202 61 20 verka

41 229 88 19 numera,
145 224 63 19 under
221 224 60 19 andra
298 224 141 24 förhållanden,
458 226 83 25 skadligt
558 226 6 19 i
579 226 72 26 många
668 227 112 21 afseenden.

40 250 29 19 De
83 251 102 24 utestänga
199 252 28 17 ett
241 253 52 25 stort
305 251 50 19 antal
370 251 20 19 af
402 251 131 25 medborgare
545 252 43 19 från
602 251 127 26 möjligheten
742 256 37 22 att,

40 276 26 19 till
82 281 48 19 egen
145 276 88 20 utkomst
245 278 63 22 jemte
322 277 58 19 barns
394 278 38 18 och
446 283 62 14 annan
523 278 134 20 omvårdnads
669 279 61 24 ärliga
744 280 38 19 för-

39 301 101 26 sörjande,
155 302 89 20 använda
259 304 68 18 nästan
342 302 68 25 hvarje
424 304 119 19 annorlunda
555 305 24 18 än
588 305 85 19 medelst
682 304 100 27 lärotvång

40 332 77 15 vunnen.
131 328 192 26 arbetsskicklighet,
339 328 27 20 flit
380 329 38 19 och
432 330 98 24 omtanke,
546 332 46 17 utan
601 333 28 16 att
638 330 63 20 denna
712 331 71 19 kränk-

40 353 46 25 ning
99 354 22 19 af
133 354 94 25 naturliga
241 355 115 25 rättigheter
370 358 22 17 är
405 355 59 25 nödig
478 356 29 19 för
521 356 152 20 konsumenters
687 356 47 20 eller
746 363 36 14 ens

38 380 142 26 yrkesidkares
195 380 94 20 säkerhet
302 382 38 18 och
354 384 39 17 rätt
406 382 74 20 fattade
493 381 69 21 fördel.
591 382 112 20 Införandet
716 383 19 19 af
749 385 34 17 nä-

38 406 113 26 ringsfrihet
163 406 46 20 med
223 406 105 26 åtföljande
341 407 23 19 fri
380 407 56 20 täflan
451 408 63 20 skulle
523 408 82 20 fastmer
616 409 72 19 bereda
701 409 81 19 allmän-

38 432 59 20 heten
114 432 64 21 bättre
194 434 39 19 och
250 434 81 19 säkrare
348 433 79 27 tillgång
444 434 24 26 på
486 434 48 26 goda
551 434 38 20 och
605 434 64 26 billiga
689 434 93 21 industri-

37 459 151 26 tillverkningar,
205 460 71 20 medan
292 459 128 27 skråtvånget
434 460 109 26 medgifver
558 464 27 16 att
599 461 91 20 beskatta
705 461 77 20 förbru-

37 485 62 20 karen
112 486 46 19 med
172 486 115 26 godtycklig
301 486 99 26 tillökning
410 487 27 19 till
449 487 201 25 produktionspriset,
662 487 69 20 sådant
741 488 41 19 det-

36 514 20 17 ta
70 512 34 20 vid
118 512 24 19 fri
155 512 124 20 konkurrens
294 512 62 20 skulle
369 512 73 20 utialla.
472 513 209 25 Yrkeskicklighetens
696 514 87 20 tidsenli-

36 544 24 19 ga
69 538 114 25 utveckling
192 538 39 20 och
239 538 85 25 höjande
335 540 89 18 hämmas
434 545 71 20 genom
514 540 25 19 de
548 540 159 25 privilegierades
715 542 66 24 trygg-

37 565 34 19 het
91 564 34 20 vid
145 564 200 26 skrårättigheternas
366 565 64 27 skydd
450 568 41 17 mot
510 566 124 25 öfverlägsna
658 566 121 20 medtäflare.

37 590 75 26 Hvarje
126 592 63 18 större
204 591 123 20 bemödande
342 597 32 14 om
391 592 170 19 arbetsmetoders
577 592 140 25 förbättrande,
734 592 47 21 eller

37 622 50 15 nyas
104 617 141 25 uppfinnande,
264 617 93 20 förlamas
374 618 47 19 eller
438 617 119 21 åsidosättes
575 617 67 20 såsom
661 619 116 24 umbärligt.

56 643 132 25 andteringar,
204 643 67 20 hvilka
285 643 46 20 med
345 649 54 14 mera
414 643 99 27 framgång
527 644 65 19 kunde
606 644 75 19 drifvas
695 644 84 20 fabriks-

37 669 90 26 messigt,
143 669 45 20 med
202 670 126 26 begagnande
342 671 21 19 af
377 671 145 24 vetenskapens
531 672 37 17 och
579 671 95 18 konstens
683 671 97 25 upptäck-

37 698 37 23 ter,
90 696 85 19 lättande
187 696 91 20 metoder
291 697 38 19 och
343 696 60 21 andra
417 702 38 20 nya
464 698 89 23 utvägar,
565 696 88 21 förblifva
663 697 118 20 stillaståen-

37 722 26 20 de
77 722 34 20 vid
125 723 119 20 traditionela
259 723 38 19 och
311 722 108 25 föråldrade
434 722 180 27 tillverkningssätt,
630 722 63 21 under
707 723 34 20 det
750 726 31 17 ut-

38 748 140 26 omordentliga
192 749 96 26 framsteg
302 749 5 19 i
321 749 59 20 andra
394 749 73 26 länder,
478 749 91 20 försedda
579 749 45 21 med
634 749 145 26 näringsfrihet,

37 775 46 26 följa
99 775 26 26 på
142 776 110 20 hvarandra
270 776 48 25 och,
333 775 85 20 medelst
435 775 95 20 handelns
547 775 90 26 tillhjelp,
656 776 66 25 sprida
740 777 41 18 sina

38 801 132 26 prestationer
181 801 76 25 jemväl
272 802 26 20 till
314 801 43 20 vårt
367 802 53 25 land,
432 805 46 16 utan
488 805 27 16 att
523 802 48 19 dess
580 802 147 26 näringsidkare
736 803 45 19 der-

37 829 22 19 af
70 828 75 20 väckas
159 828 27 20 till
200 827 105 27 efterföljd.
336 829 36 20 Vid
386 829 33 19 allt
436 829 53 19 detta
505 828 78 20 befinna
599 829 30 26 sig
646 829 56 19 äfven
720 828 60 20 desse

37 855 70 20 idkare
127 856 117 20 omhvärfde
264 855 21 20 af
303 854 71 27 många
394 855 6 19 i
421 854 69 26 sjelfva
511 854 146 21 skråväsendet
678 855 101 25 grundade

38 881 130 27 tvångsband,
184 881 24 20 då
223 884 33 18 det
270 887 36 14 ena
319 882 70 26 yrkets
402 882 115 25 rättigheter
531 882 39 19 ofta
585 882 48 25 ligga
650 882 6 18 i
673 884 62 23 vägen
750 882 29 19 för

38 908 69 20 idkare
120 908 21 20 af
153 910 28 17 ett
194 910 67 18 annat.

92 930 63 24 Äfven
168 934 7 19 i
188 934 95 21 afseende
297 934 10 19 å
322 934 68 20 handel
406 934 37 20 och
458 934 67 25 sjöfart
539 935 34 18 äro
587 935 72 23 slutna,
678 934 26 20 till
723 934 59 20 verk-

39 960 186 20 samhetsområden
239 961 39 19 och
295 961 114 25 rättigheter
426 960 62 20 skilda
505 961 88 24 klasser,
611 960 46 20 med
674 966 24 14 en
714 960 67 26 mång-

37 986 46 20 falld
97 987 20 19 af
130 987 175 25 reglementariska
322 986 130 26 stadganden,
470 986 117 21 hvaribland
603 986 62 20 också
683 992 32 14 om
731 986 50 20 läro-

39 1012 66 26 tvång,
121 1015 51 17 ännu
186 1013 117 25 bestående,
319 1013 26 20 till
359 1012 70 21 hinder
443 1013 31 20 för
487 1013 59 19 dessa
560 1012 75 26 yrkens
652 1013 44 24 fria,
715 1015 66 17 natur-

39 1039 62 26 enliga
117 1038 113 27 utveckling
248 1039 84 20 medelst
349 1039 105 20 ohärhmad
472 1039 131 25 konkurrens,
621 1038 84 21 hvarvid
722 1039 59 19 bland

39 1069 58 17 annat
112 1065 137 26 förekommer,
266 1068 28 17 att
307 1065 25 20 de
344 1065 149 25 ifrågavarande
502 1066 192 25 inskränkningarne,
706 1065 27 19 till
743 1065 38 19 för-

38 1092 41 20 lust
91 1092 31 19 för
135 1092 34 20 det
182 1092 103 24 allmänna,
301 1091 42 20 från
357 1091 61 26 sagde
435 1092 63 26 yrken
515 1091 71 20 afhålla
602 1091 52 20 både
672 1091 111 26 personliga

39 1117 99 26 förmågor
152 1119 38 18 och
206 1118 102 25 kapitaler,
324 1124 44 14 som
384 1117 58 25 eljest
458 1118 63 20 skulle
538 1118 59 20 hafva
613 1118 124 26 benägenhet
753 1120 29 17 att

39 1144 46 20 dem
98 1144 97 25 uppsöka.

92 1170 58 20 Bland
164 1170 109 20 föråldrade
287 1171 39 19 och
339 1170 115 25 tidsvidriga
468 1170 130 25 grundsatser
611 1170 39 20 kan
663 1170 74 20 räknas
754 1171 27 18 äf-

39 1202 39 14 ven
100 1196 39 20 Jen
161 1196 26 20 till
212 1196 108 20 öfvermått
342 1196 62 20 drifna
428 1196 124 20 ätskilnaden
575 1197 82 19 emellan
680 1196 103 20 städernas

40 1222 37 19 och
106 1222 145 26 landsbygdens
277 1223 141 25 berättigande.
452 1222 75 20 Genom
553 1222 67 20 talrika
647 1222 38 20 och
705 1224 79 23 stränga

40 1248 162 20 inskränkningar
227 1248 30 19 för
281 1248 136 26 landsbygden
445 1249 39 19 och
513 1254 24 13 en
565 1248 72 25 mängd
659 1248 125 20 uteslutande

41 1274 124 25 rättigheter
175 1274 22 19 för
214 1274 93 26 städerna
323 1274 36 20 har
376 1274 38 20 den
430 1274 55 20 äldre
500 1274 142 25 lagstiftningen
659 1274 44 19 sökt
719 1274 66 20 befor-

42 1300 35 20 dra
91 1300 26 20 de
131 1306 82 14 senares
227 1300 107 29 uppkomst
355 1303 51 17 samt
425 1303 47 17 trott
487 1301 28 25 sig
533 1300 82 20 sålunda
629 1300 58 20 äfven
700 1300 85 20 befräm-

41 1325 20 25 ja
76 1326 83 19 industri
175 1327 36 18 och
226 1326 71 20 handel
318 1326 6 18 i
344 1328 110 18 allmänhet.
484 1328 41 17 Men
549 1326 99 25 långvarig
667 1327 39 18 och
730 1329 55 15 otve-

43 1351 56 25 tydig
119 1352 112 19 erfarenhet
251 1353 36 18 har
307 1351 101 26 ådagalagt
428 1352 34 19 det
476 1352 93 19 fruktlösa
583 1352 6 18 i
603 1351 59 20 dessa
679 1351 106 20 bemödan-

59 1383 30 18 en,
105 1378 105 19 hvaremot
221 1377 157 26 slöjdkunnighet
387 1379 38 18 och
437 1377 108 26 näringsflit
559 1377 24 26 på
596 1377 64 20 landet
671 1378 115 24 derigenom

46 1403 89 21 hindrats
148 1407 28 16 att
189 1403 123 27 uppkomma
326 1407 51 17 samt
390 1404 103 26 häglöshet
506 1405 39 19 och
559 1404 66 20 armod
640 1404 97 27 nedryckt
749 1404 37 20 den

46 1431 97 21 obesutna
157 1431 199 26 landtbefolkningen,
371 1433 48 18 utan
433 1431 60 20 fördel
508 1431 29 20 för
549 1431 182 26 stadsnäringarnes
741 1431 48 19 fort-

721 1464 22 16 90
