981 1700
245 144 69 22 Nådiga
327 145 139 23 Propositionen
480 144 36 18 N:o
528 144 28 19 48.
731 143 43 20 1585

127 194 81 26 färdar,
223 194 55 24 skall,
300 201 24 13 om
328 197 67 20 nästa
408 194 97 20 husbonde
519 194 47 20 derå
580 194 74 26 klagar,
666 194 44 20 böta
724 195 50 26 tjugu

133 222 55 20 mark
202 222 34 19 och
251 225 72 17 ersätta
336 223 82 19 skadan.

85 250 40 20 Den
140 250 34 24 tid,
190 250 104 19 hvarinom
308 249 126 26 tjenstehjon,
450 250 83 31 enligt
526 246 11 39 $
549 251 33 23 28,
605 250 35 20 bör
660 251 63 19 utföra
744 252 30 18 sin

32 276 35 19 der
81 276 118 20 omnämnda
215 277 57 24 talan,
288 282 62 20 synes
365 277 100 19 Utskottet
479 276 50 20 både
543 276 29 20 för
586 276 45 20 kort
644 277 38 19 och
696 277 6 18 i
716 277 58 25 öfrigt

32 303 97 25 olämplig.
157 302 132 26 Tjenstehjon,
305 308 43 14 som
363 303 44 19 icke
421 305 21 17 är
457 302 139 26 skrifkunnigt,
612 303 48 19 skall
676 303 44 19 icke
740 304 35 18 all-

32 329 28 19 tid
76 334 34 14 ens
125 329 67 19 kunna
207 328 51 20 inom
272 328 148 26 ifrågavarande
434 329 26 20 tid
475 329 84 19 förvissa
574 329 29 25 sig
616 334 33 14 om
670 328 52 20 hvad
744 334 31 14 or-

32 355 106 20 lofssedeln
153 356 46 19 eller
214 355 164 26 afskedsbetyget
391 355 114 24 innehåller,
522 356 38 19 och
577 355 127 26 klagomålets
725 356 49 18 utfö-

32 382 67 26 rande,
115 382 70 20 medan
200 381 33 20 Jet
248 383 50 18 ännu
312 384 22 17 är
348 387 50 20 gvar
411 382 5 19 i
431 381 91 26 tjensten,
538 381 64 21 måste
620 382 84 26 mången
725 380 50 28 gång

32 408 61 20 blifva
108 408 88 20 förenadt
211 408 45 20 med
271 408 129 25 svärigketer,
416 408 82 20 likasom
513 407 93 27 åtgärden
620 408 62 20 skulle
695 408 79 20 komma

33 438 27 16 att
75 435 72 25 ådraga
162 434 138 26 tjenstehjonet
314 436 130 24 olägenheter,
463 437 54 18 emot
537 435 66 20 hvilka
624 435 34 19 det
678 434 96 26 svårligen

33 462 66 19 kunde
114 461 119 26 fullständigt
248 461 77 27 skydda
340 462 36 25 sig.
406 462 82 20 Derföre
507 461 38 20 och
565 461 25 20 då
611 461 99 20 Utskottet
726 460 48 21 icke

33 488 74 20 kunnat
120 488 97 25 utgrunda
231 487 58 27 något
304 488 41 20 skäl
360 488 29 20 för
402 488 156 25 ifrågavarande,
574 487 152 26 tjenstehjonets
739 489 35 19 till-

33 514 72 26 börliga
120 516 38 18 rätt
172 514 86 26 ytterligt
274 514 142 20 inskränkande
430 514 173 26 tidsbestämning,
616 513 64 21 finner
695 514 80 20 Utskot-

34 543 27 17 tet
74 542 31 25 sig
119 540 119 26 uppmanadt
252 544 28 16 att
295 541 76 20 förorda
385 541 65 19 tidens
472 540 142 21 utsträckande
633 541 5 19 i
659 541 73 20 denna:
742 541 34 19 del

34 567 26 21 till
76 574 24 13 en
114 566 80 23 månad,
210 568 50 19 efter
274 568 33 19 Jet
321 567 139 26 tjenstehjonet
475 568 73 19 utträdt
562 573 24 14 ur
596 566 114 27 tjensten.—
719 567 56 20 Vida-

34 600 21 14 re
68 595 76 19 lemnar
159 594 37 20 den
211 595 89 19 absoluta
318 594 204 26 straffbestämningen
543 594 5 19 i
569 594 61 20 denna
651 594 10 25 $
680 594 95 19 domaren

34 620 42 20 icke
90 621 73 20 tillfälle
176 623 28 16 att
218 620 69 20 ådöma
302 621 37 19 den
354 621 96 19 förvunne
465 624 27 16 ett
506 620 50 20 efter
565 621 85 20 brottets
664 619 112 22 beskaffen-

34 649 32 18 het
80 648 37 19 och
132 648 38 19 den
186 647 112 26 brottsliges
312 647 73 26 uppsåt
399 647 88 24 lämpadt
500 652 79 20 ansvar,
594 647 92 19 hvarföre
695 646 81 21 Utskot-

34 676 26 17 tet
75 673 82 20 föreslår
171 676 28 17 att
213 673 60 26 sagde
288 673 207 26 ansvarsbestämning
505 673 62 20 måtte
577 673 79 26 utbytas
665 676 54 16 emot
728 673 46 25 den,

34 706 43 13 som
91 700 53 26 ingår
160 700 5 19 i
180 699 33 20 det
227 700 72 25 förslag
314 700 26 19 till
355 699 104 20 förändrad
474 700 76 25 lydelse
564 700 21 19 af
597 700 10 25 $
621 699 32 24 28,
676 705 44 14 som
741 699 35 20 Ut-

35 727 79 25 skottet,
130 727 26 20 till
171 725 46 26 följd
232 727 20 19 af
265 726 125 20 förestående
406 726 149 25 anmärkningar
569 727 39 18 och
627 725 47 20 med
695 726 82 19 rättelse

35 753 18 19 af
65 755 28 17 ett
108 754 4 18 i
127 753 25 20 de
166 753 78 26 tryckta
258 753 88 19 svenska
361 753 127 25 exemplaren
501 753 21 19 af
534 753 38 19 den
592 751 73 27 Nådiga
686 751 90 27 proposi-

35 780 62 19 lionen
112 780 100 25 insmuget
226 779 94 27 tryckfel,
337 785 25 14 nu
377 779 35 25 går
426 782 27 17 att
467 779 115 20 framställa:

170 811 106 20 Förmenar
291 811 108 26 tjenstehjon
416 814 28 17 att
458 811 94 26 utfärdad
566 811 109 26 orlofssedel
689 811 46 20 eller
747 812 30 25 af-

134 840 112 26 skedsbetyg
261 839 103 20 innehåller
378 843 66 20 annat,
460 843 25 16 än
505 840 31 19 det
544 840 88 25 förtjent,
652 839 31 20 mä
702 840 73 24 tjenste-

134 869 44 25 hjon
194 869 52 18 talan
261 868 65 20 derom
340 868 31 20 vid
385 869 45 26 laga
444 868 80 20 domstol
545 869 72 25 utföra,
630 867 28 26 pä
675 869 101 24 stämning,

136 904 46 16 som,
198 897 30 18 vid
242 896 62 20 sädan
319 897 62 19 talans
390 897 77 25 förlust,
483 896 34 19 bör
530 896 95 20 meddelas
640 896 42 22 den,
698 902 40 13 som
747 902 29 13 ve-

135 925 74 23 derbör,
224 927 65 18 senast
303 926 50 18 inom
364 931 24 14 en
402 924 70 20 månad
491 925 48 26 efter
558 924 32 19 det
605 924 125 25 tjenstehjonet
748 926 30 17 ut-

135 953 53 20 trädt
201 960 23 12 ur
239 953 83 26 tjensten.
760 957 5 4 5

170 981 88 26 Befinnes
272 981 138 26 tjenstehjonets
424 981 53 20 talan
490 981 94 25 grundad,
597 981 59 26 plikte
668 980 108 20 husbonden

128 1009 50 28 från
193 1011 25 18 tio
234 1010 28 19 till
276 1009 99 20 etthundra
389 1009 54 20 mark
458 1012 49 17 samt
520 1011 70 18 ersätte
604 1009 82 20 skadan.

169 1038 89 26 Befinnes
273 1037 41 21 åter
327 1038 71 25 klagan
403 1033 5 36 '
415 1037 105 26 ogrundad,
541 1043 45 14 vare
606 1037 127 26 tjenstehjonet
750 1037 28 19 tid

135 1073 72 13 samma
223 1073 71 12 ansvar
307 1066 86 26 skyldigt.

88 1092 114 24 Ännämnde
216 1094 10 25 $
241 1095 35 18 har
290 1094 35 19 ock
340 1094 56 25 gifvit
408 1093 103 26 anledning
524 1092 28 21 till
567 1099 24 14 en
604 1091 173 27 meningsskiljak-

38 1122 64 26 tighet,
118 1126 43 16 som
176 1121 44 20 icke
235 1120 72 20 kunnat
321 1121 21 18 af
353 1121 101 19 Utskottet
468 1121 58 19 lösas.
555 1119 65 21 Sedan
634 1119 33 20 det
680 1119 98 25 nemligen

38 1146 107 26 anmärkts,
156 1150 34 18 att
202 1147 48 20 tids-
265 1148 38 18 och
316 1146 259 25 ansvarsbestämningarne
594 1146 4 20 i
620 1146 62 19 denna
704 1145 10 25 $
735 1146 46 18 icke

38 1180 45 14 vore
97 1174 111 26 tillämpliga
224 1174 29 19 för
266 1173 26 20 de
307 1174 37 24 fall,
360 1173 24 20 då
399 1172 121 21 orlofssedei
530 1172 48 20 eller
592 1172 142 26 afskedsbetyg
750 1172 30 19 in-

38 1201 85 20 nehäller
137 1200 64 26 något,
217 1205 44 15 som
276 1199 10 20 ä
300 1199 151 26 tjenstehjonets
465 1200 61 19 heder
541 1199 46 19 eller
600 1200 33 18 ära
654 1198 42 25 går,
712 1198 69 19 äfven-

38 1234 42 13 som:
94 1230 29 17 att
136 1227 53 20 detta
203 1226 98 25 undantag
314 1226 62 20 borde
390 1226 5 19 i
412 1226 11 25 '$
436 1225 131 27 uttryckligen
589 1226 122 24 omnämnas,
734 1224 44 23 har,

38 1254 31 20 vid
83 1254 5 20 i
103 1253 106 31 anledning
219 1252 57 20 deraf
288 1252 82 20 anstölld
385 1252 97 25 vötering,
496 1252 84 19 flertalet
594 1252 21 19 af
622 1251 25 19 de
656 1250 124 26 deputerade

38 1280 40 20 från
92 1280 34 20 två
139 1280 22 20 af
176 1278 86 22 Stånden
284 1278 87 21 vidhållit
390 1279 38 19 den
448 1278 56 26 åsigt,
527 1280 28 16 att
576 1280 28 17 ett
622 1276 22 21 så
665 1276 111 21 beskaffadt

39 1308 103 24 stadgande
157 1306 21 20 så
193 1305 81 27 mycket
288 1305 75 20 mindre
378 1306 64 18 kunde
462 1310 59 14 anses
542 1304 101 25 behöfligt;
664 1309 45 14 som
729 1302 49 20 dess

39 1333 135 19 utelemnande
187 1332 105 24 rimligtvis
306 1332 43 18 icke
362 1332 66 18 kunde:
441 1332 59 24 tydas
514 1331 80 22 derhän,
610 1332 28 17 att
657 1330 58 18 äfven
735 1330 43 17 äre-

39 1359 106 24 kränkning
160 1358 4 18 i
179 1358 116 19 orlofssedel
310 1357 48 19 eller
370 1357 143 25 afskedsbetyg
528 1355 64 20 skulle
606 1355 95 27 bedömas
719 1354 60 25 enligt

40 1385 60 19 Jenna
114 1385 16 26 $,
147 1386 104 17 hvaremot
264 1383 84 19 flertalet
362 1383 20 19 af
393 1383 25 19 de
432 1382 59 25 öfriga
507 1381 97 21 Ståndens
614 1381 121 25 deputerade
744 1385 34 14 an-

40 1414 36 18 sett
90 1410 114 26 städgandet
218 1409 117 27 nödvändigt
349 1409 25 20 till
389 1408 159 21 förekommande
563 1408 21 19 af
592 1406 137 21 missförstånd
739 1407 40 19 och

40 1438 68 20 föreslå
118 1438 62 25 förty,
196 1440 28 17 att
233 1437 26 20 till
276 1436 4 26 $
289 1437 25 19 28
325 1436 63 20 skulle
396 1436 55 25 fogas
461 1438 29 17 ett
502 1434 62 26 fjerde
571 1440 69 19 mom.,
651 1433 23 20 så
684 1433 92 27 lydande”
