992 1709
213 147 44 30 1390
435 152 69 20 Nådiga
516 152 140 22 Propositionen
668 151 36 17 N:o
717 150 27 18 41.

212 201 62 24 punkt
288 200 131 24 omförmäles,
434 200 113 25 medgifvits
561 200 92 25 rättighet
665 202 27 17 att
706 200 86 25 begagna
806 199 109 20 detsamma
925 199 24 25 på

213 228 38 18 säll
266 228 72 18 honom
353 228 109 24 lämpligast
476 232 68 21 synes,
560 227 88 24 emedan,
664 232 33 14 om
712 226 56 20 äfven
784 226 57 19 fisket
851 226 100 20 bedrifves

213 253 24 26 på
252 256 27 16 ett
292 254 31 19 för
337 253 46 20 dess
398 252 120 21 fortbestånd
532 253 86 25 skadligt
634 254 48 23 sätt,
702 258 71 20 egaren
791 258 69 14 ensam
877 255 22 17 är
913 252 38 20 den

212 286 44 13 som
276 279 61 26 derpå
354 281 89 20 förlorar.
471 281 79 19 Samma
572 280 40 20 skäl
632 280 65 19 kunna
717 279 52 20 dock
783 278 97 27 åberopas
893 280 59 19 äfven

214 308 4 17 i
232 307 34 19 det
280 308 41 23 fall,
340 310 28 17 att
384 306 33 20 två
434 308 47 19 eller
495 308 47 19 flera
557 313 35 19 ega
606 307 31 19 del
651 307 6 18 i
672 306 21 20 så
708 306 110 20 beskaffadt
833 306 119 20 fiskevatten

213 345 18 2 —
246 335 37 18 och
299 339 33 14 om
345 335 60 18 sättet
418 335 29 18 för
460 334 68 20 fiskets
543 333 127 20 bedrifvande
684 335 34 18 äro
734 339 55 13 ense.
810 333 75 20 Endast
899 333 5 19 i
915 333 38 20 den

213 361 95 19 händelse
328 363 27 17 att
376 367 25 13 en
422 361 47 19 eller
489 366 63 15 annan
573 361 20 19 af
612 361 116 24 delegarena
748 359 76 20 fordrar
841 362 28 17 att
886 361 67 24 lagens

213 387 119 25 stadganden
353 388 82 19 rörande
454 387 111 20 fiskesättet
582 387 55 19 skola
651 387 123 24 efterlefvas,
790 387 62 19 borde
866 386 25 20 de
908 387 45 19 öfri-

213 419 35 18 gas
265 414 166 25 dispositionsrätt
448 414 26 20 till
492 414 114 19 fiskvattnet
623 413 125 25 inskränkas,
767 414 38 18 och
825 413 59 20 dessa
906 419 47 14 vara

213 440 78 26 pligtige
309 443 27 17 att
355 439 44 26 följa
416 441 26 19 de
458 441 94 19 allmänna
570 440 154 19 föreskrifterna.
755 439 101 25 Derjemte
873 441 38 18 och
927 439 26 20 då

213 466 17 19 få
251 466 106 21 fiskvatten
377 467 57 19 torde
451 467 72 24 finnas,
544 467 66 19 hvilka
628 465 17 26 ej
662 466 59 20 hafva
741 466 74 27 synbar
831 466 124 26 gemenskap

212 493 44 19 med
271 497 60 16 andra
348 496 71 22 vatten,
435 499 45 14 men
495 496 28 17 ett
536 493 102 23 samband,
654 498 33 13 om
700 493 34 19 det
748 492 18 25 ej
780 494 20 17 är
811 492 21 19 så
843 493 111 20 beskafladt

212 522 28 16 att
253 520 38 19 fisk
306 520 46 20 eller
366 519 97 27 fiskyngel
478 520 38 19 kan
531 519 80 26 öfvergä
626 518 44 21 från
682 519 34 20 det
733 524 35 15 ena
787 521 75 17 vattnet
879 519 26 20 till
920 519 34 20 det

212 545 67 26 andra,
295 546 44 20 icke
353 547 35 19 bör
402 547 94 24 berättiga
510 545 144 27 lagstiftningen
668 548 28 17 att
709 545 99 20 förhindra
822 545 34 20 det
869 546 36 19 fria
919 546 35 19 be-

212 573 111 24 gagnandet
336 573 22 20 af
369 572 34 21 det
417 573 82 20 afskilda
513 572 122 25 fiskvattnet,
652 572 82 19 emedan
748 572 72 19 andras
829 573 38 18 rätt
877 571 77 26 derige-

213 604 45 14 nom
273 598 18 26 ej
308 599 38 20 kan
363 599 114 24 förnärmas,
496 605 63 20 synes
574 604 26 14 en
616 599 141 25 inskränkning
774 598 6 19 i
796 599 34 19 det
843 598 111 25 föreslagna

212 625 117 25 stadgandet
343 631 47 14 vara
407 626 20 19 af
440 626 109 25 billigheten
566 624 95 27 påkallad.
690 625 110 20 Ständerne
813 624 59 20 tillåta
883 625 29 25 sig
921 625 34 20 sä-

212 652 55 19 ledes
288 652 5 19 i
310 652 155 25 underdånighet
479 652 109 25 hemställa,
604 657 34 14 om
650 652 45 19 icke
709 651 63 26 tredje
787 652 86 25 punkten
888 651 67 20 kunde

213 677 81 21 sålunda
309 679 110 20 förändras:

315 706 54 25 Eger
387 706 61 25 någon
467 706 79 20 enskildt
558 705 123 26 fiskevalten,
700 712 40 13 som
758 705 17 26 ej
791 706 37 19 har
840 705 115 26 gemenskap

314 734 41 20 med
375 737 59 16 annat
451 737 72 21 vatten,
542 735 47 19 eller
607 734 35 19 ock
659 738 24 15 är
698 733 77 20 dermed
788 734 87 21 förenadt
889 740 68 19 genom

315 762 69 20 sådant
404 763 76 25 tillflöde
498 763 44 19 eller
560 763 73 26 aflopp,
654 765 27 17 att
691 763 41 25 fisk
750 762 44 20 eller
802 762 100 26 fiskyngel
915 762 42 19 deri

315 791 38 20 icke
367 791 38 19 kan
415 791 90 26 framgå,
521 797 46 13 vare
586 791 107 25 berättigad
708 793 28 17 att
750 791 102 21 detsamma
870 790 87 26 begagna

315 822 38 16 när
367 819 33 20 och
414 819 49 20 huru
477 820 37 19 han
530 819 89 25 behagar.
648 819 44 25 Lag
706 825 72 14 samma
793 825 46 12 vare
857 818 35 19 der
903 819 54 26 flera

315 853 36 20 ega
365 848 32 19 del
411 849 6 18 i
434 848 44 19 slikt
486 848 120 25 fiskevatten,
624 849 49 18 samt
688 853 29 14 om
731 849 57 18 sättet
802 847 33 26 för
848 847 64 22 fiskets
928 847 28 20 id-

315 876 62 20 kande
391 877 29 24 sig
430 877 78 25 förena.
538 876 75 25 Sämjas
632 883 80 18 egarene
726 876 27 19 till
767 878 70 17 vattnet
854 876 39 19 icke
912 876 43 19 här-

317 911 29 13 om
360 905 45 19 eller
420 905 35 19 har
469 907 72 18 vattnet
556 905 60 19 sådan
626 905 118 26 förbindelse
758 905 42 19 med
815 907 59 16 annat
884 907 71 20 vatten,

317 935 29 17 att
359 934 42 25 fisk
421 934 45 19 eller
478 934 97 25 fiskyngel
592 933 40 20 kan
650 933 41 19 deri
700 933 86 26 framgå,
800 933 51 25 gälle
865 933 31 19 vid
905 933 50 26 fisk-

315 963 79 18 vattnets
410 961 121 26 begagnande
546 962 23 19 de
584 961 168 26 inskränkningar,
768 968 40 13 som
822 961 73 20 komma
911 963 27 18 att
947 962 9 18 i

315 991 86 25 afseende
417 990 11 19 ä
437 991 69 25 fiskets
522 990 105 20 bevarande
642 990 142 26 allmänneligen
794 990 117 25 fastställas.

266 1025 69 26 Fjerde
355 1026 87 25 punkten
463 1026 105 21 innehåller
583 1026 96 19 särskilda
693 1026 124 20 föreskrifter
830 1026 85 19 rörande
929 1025 26 20 de

213 1052 91 24 bragder,
327 1058 44 14 som
392 1052 18 20 få
433 1053 32 19 vid
486 1053 50 19 fiske
551 1053 105 24 begagnas.
685 1053 46 19 Lika
746 1053 45 19 med
806 1052 51 19 hvad
872 1052 5 19 i
892 1052 62 19 denna

213 1079 63 24 punkt
289 1079 90 24 föreslås,
395 1079 51 19 finna
457 1080 56 19 äfven
524 1079 105 20 ständerne
639 1078 126 26 rismjärdors
774 1078 125 26 begagnande
908 1079 47 19 böra

214 1104 101 25 förbjudas
333 1105 30 20 vid
378 1106 32 19 allt
424 1108 56 17 annat
494 1105 50 20 fiske
558 1107 24 18 än
596 1106 50 18 efter
661 1105 113 26 nejonögon,
790 1110 44 14 men
847 1110 48 15 anse
905 1105 51 19 dock

213 1131 66 25 nödigt
293 1134 26 17 att
334 1133 89 18 närmare
438 1132 109 19 bestämma
561 1131 38 20 den
613 1131 34 25 tid,
663 1131 63 20 under
740 1131 78 20 hvilken
829 1131 59 20 dessa
899 1132 56 25 brag-

213 1158 36 19 der
263 1160 34 17 äro
311 1158 79 23 tillåtna,
407 1158 81 20 emedan
503 1157 57 26 eljest
573 1157 124 27 yngelfångst
712 1158 62 20 under
787 1158 140 25 förevändning
936 1158 21 20 af

214 1184 50 20 fiske
278 1185 50 19 efter
342 1184 105 27 nejonögon
462 1186 34 19 lätt
509 1185 67 19 kunde
590 1185 45 19 med
650 1184 45 20 dem
705 1185 107 20 bedrifvas.

267 1211 124 20 Sänkhåfvar
404 1211 46 20 med
464 1211 22 20 så
500 1211 38 20 fina
552 1212 82 19 maskor
647 1213 28 18 att
694 1211 24 20 de
734 1210 98 27 uppfånga
850 1210 105 27 fiskyngel,

214 1237 77 20 hvartill
309 1237 25 20 de
351 1235 37 22 ock
406 1239 5 18 i
428 1238 46 19 flera
491 1238 103 24 vattudrag
612 1238 28 19 för
657 1239 123 18 närvarande
794 1237 45 20 med
854 1237 102 26 framgång

214 1263 108 24 begagnas,
341 1265 33 18 äro
392 1263 144 26 otvifvelaktigt
552 1263 87 25 skadliga
656 1265 29 18 för
702 1263 70 20 fiskets
793 1263 94 24 bestånd,
909 1268 45 15 men

214 1295 33 13 om
261 1289 25 19 de
300 1290 57 24 göras
371 1290 45 19 med
430 1290 112 25 tillräckligt
555 1292 53 17 stora
623 1290 87 22 maskor,
726 1289 22 20 så
764 1292 27 16 att
806 1289 68 19 endast
884 1289 70 19 fullvu-

213 1321 40 14 xen
270 1315 38 19 fisk
325 1316 38 19 kan
379 1316 46 19 med
443 1316 45 19 dem
501 1315 77 26 fångas,
594 1320 60 22 synas
668 1315 26 20 de
708 1315 23 26 på
746 1316 48 19 intet
808 1317 39 18 sätt
860 1321 47 14 vara
924 1316 31 19 för

213 1341 60 20 fisket
294 1341 94 26 skadliga.
417 1343 28 18 De
466 1342 153 26 bestämningar,
641 1347 44 14 som
702 1343 62 19 under
780 1348 62 14 mom.
858 1342 19 25 b)
893 1342 64 19 blifvit

214 1369 109 25 uppställda
344 1369 46 20 med
410 1369 92 19 afseende
522 1368 11 20 å
553 1372 63 21 notar,
634 1369 56 19 torde
704 1369 78 20 således
794 1368 72 26 jemväl
882 1369 47 19 böra
944 1368 11 20 å

213 1394 61 21 dessa
287 1396 85 25 bragder
385 1396 103 25 tillämpas.

267 1422 46 20 Lika
331 1422 127 26 nödvändigt,
475 1428 43 14 som
531 1422 34 20 det
582 1422 28 20 för
624 1421 72 22 fiskets
710 1421 83 21 bestånd
808 1423 21 19 är
843 1424 28 18 att
885 1422 68 20 hindra

215 1450 76 24 ynglets
306 1449 129 25 förstörande,
451 1451 22 18 är
487 1449 57 20 äfven
559 1449 93 20 fredande
666 1450 21 19 af
699 1448 77 21 fiskens
790 1449 41 25 lek,
847 1448 25 26 på
887 1448 34 20 det
932 1448 24 20 fi-
