998 1709
201 156 45 19 1690

418 153 68 21 Nådiga
500 153 140 23 Propositionen
654 152 35 16 N:o
703 152 26 16 50.

543 201 31 27 SS
589 202 28 19 50
632 202 33 19 och
679 200 32 20 51.

345 242 139 26 (Likalydande
500 241 43 20 med
559 246 75 14 samma
648 240 22 26 $$
683 240 5 19 i
703 239 164 26 propositionen.)

594 294 15 27 $
623 294 32 19 52.

341 336 71 20 Besvär
427 337 51 24 öfver
492 334 89 21 domstols
595 334 172 26 qvarstads-utslag
782 333 31 19 må
829 332 16 26 ej
855 332 90 20 särskildt

305 366 87 25 anföras,
412 367 46 17 utan
477 364 47 20 böra
539 363 22 19 de
577 362 66 25 åtfölja
657 361 134 27 hufvudsaken.
822 361 42 20 Har
877 360 70 21 sådant

305 394 62 25 utslag
382 393 16 25 ej
414 392 60 26 blifvit
488 391 105 21 meddeladt
607 392 50 18 inom
672 391 35 19 den
723 392 6 17 i
744 389 15 29 $
774 390 26 20 49
810 390 92 26 stadgade
913 390 32 22 tid,

299 422 38 26 får
350 421 90 26 qvarstad
455 421 82 25 derefter
551 419 16 26 ej
582 426 35 19 ega
631 426 53 17 rum;
698 426 41 12 men
755 418 84 24 domstol,
855 425 40 13 som
903 419 43 24 för-

306 457 84 13 summar
409 452 28 16 att
456 451 50 18 inom
525 448 60 26 sagde
605 448 27 19 tid
649 449 52 24 gifva
715 446 96 20 utlåtande
826 447 53 25 öfver
894 446 52 20 verk-

306 478 51 20 stäld
372 477 178 27 gvarstadsätgärd,
565 483 46 13 vare
627 476 63 26 derför
704 478 75 23 strängt
793 482 71 13 ansvar
880 475 67 19 under-

306 506 74 20 kastad.
412 506 42 20 När
467 505 90 27 qvarstad
571 506 6 18 i
586 504 53 27 fölid
653 506 24 22 af
688 503 61 21 sådan
753 504 134 25 försummelse
897 503 49 20 skall

308 534 26 26 gå
354 534 46 24 åter,
419 541 44 13 vare
478 533 119 25 målsegande
612 532 107 25 berättigad
734 532 26 19 till
775 532 100 20 exekutors
889 532 59 19 hand-

310 564 89 24 räckning
413 563 31 25 för
457 562 122 26 gvarstadens
595 561 97 26 brytande,
703 560 63 20 såsom
775 562 7 17 i
791 559 16 27 $
816 560 27 19 48
853 560 56 26 sagdt
919 563 29 16 är.

342 592 12 18 I
368 592 61 18 andra
444 590 99 20 händelser
558 593 25 16 än
597 590 63 19 denna
673 589 34 19 och
717 589 30 19 det
757 590 6 18 i
773 588 15 27 $
798 588 27 20 49
835 588 114 20 omnämnda

302 620 40 26 fall
356 626 32 19 ege
402 620 90 25 qvarstad
506 618 79 20 bestånd
600 618 37 19 tills
652 618 34 19 den
701 617 61 26 blifvit
777 617 22 25 af
812 617 79 19 domstol
903 623 45 19 upp-

309 648 75 26 häfven.

546 684 31 27 $$
591 684 28 19 53
634 684 33 20 och
681 684 33 19 54.

348 725 33 25 (Af
393 724 38 20 lika
441 724 83 20 innehåll
535 724 45 20 med
590 723 137 20 motsvarande
737 723 22 25 $$
769 724 4 18 i
785 723 162 26 propositionen.)

585 799 12 20 8
611 798 54 26 Kap.

445 854 30 19 Om
490 850 121 27 rättegången
623 852 6 18 i
641 851 167 25 tryckfrihetsmål.

546 909 31 27 $$
592 910 27 19 55
634 910 33 19 och
681 910 34 19 56.

346 950 34 25 (Af
395 956 76 14 samma
489 950 76 26 lydelse
586 956 44 14 som
651 950 140 20 motsvarande
812 949 21 26 $$
853 950 5 19 i
875 955 74 21 propo-

312 977 101 25 sitionen.)

596 1009 15 27 $
626 1010 33 19 57.

347 1049 33 20 Vid
403 1050 119 20 anställande
544 1050 24 25 af
587 1049 40 20 åtal
648 1052 47 17 emot
711 1050 102 26 förgriplig
835 1050 57 26 skrift
917 1050 33 20 bör

307 1078 82 26 skriftlig
404 1080 99 24 stämning,
522 1078 121 26 upptagande
657 1078 39 19 icke
711 1078 44 20 blott
765 1078 140 27 förbrytelsens
921 1078 28 20 be-

307 1106 111 26 skaffenhet,
434 1109 45 17 utan
494 1107 55 25 äfven
564 1107 110 25 hänvisning
693 1107 28 19 till
735 1107 32 19 det
781 1107 54 19 ställe
849 1108 7 18 i
870 1108 79 24 skriften

307 1136 49 18 samt
376 1135 30 19 det
425 1135 107 25 stadgande
547 1137 6 17 i
568 1134 62 20 denna
639 1134 122 26 förordning,
777 1134 60 20 hvarå
851 1136 93 24 anklagel-

306 1170 33 12 sen
353 1164 90 24 grundas,
460 1164 93 19 tillställas
568 1163 107 19 svaranden
689 1163 76 20 sednast
780 1163 40 20 åtta
833 1163 62 26 dagar
898 1164 47 25 förr
960 1178 2 2 -

307 1194 25 16 än
352 1192 38 19 han
409 1192 49 18 skall
478 1191 27 20 till
522 1191 103 19 svaromäls
644 1192 108 25 afgifvande
774 1192 49 24 inför
842 1192 101 19 domstolen

306 1220 29 23 sig
352 1219 83 25 finna;
450 1219 34 19 och
498 1226 45 12 vare
558 1218 36 20 den
609 1221 6 17 i
630 1218 15 28 $
659 1219 28 19 33
702 1220 93 24 stadgade
808 1219 81 25 ordning
903 1220 44 19 här-

307 1247 31 18 vid
347 1247 57 25 följd.

598 1280 15 27 $
627 1280 34 19 58.

349 1319 141 27 (Likalydande
505 1319 46 20 med
565 1325 76 14 samma
655 1319 10 25 $
680 1320 5 19 i
699 1320 165 26 propositionen.)

598 1373 15 27 $
628 1373 32 20 59.

343 1413 63 20 Sedan
420 1414 62 19 utredt
496 1414 58 26 blifvit
567 1414 52 19 hvem
634 1416 60 17 rätter
708 1415 95 19 svarande
817 1418 29 20 är,
862 1414 62 21 såsom
938 1417 7 17 i

306 1442 17 27 $
342 1442 28 20 33
387 1445 63 23 säges,
470 1449 45 12 vare
535 1442 58 20 denne
613 1442 72 26 skyldig
704 1446 28 16 att
745 1446 68 22 genast
825 1444 26 25 på
868 1444 77 20 Rättens
