984 1706
246 143 71 23 Nådiga
329 144 139 23 Propositionen
482 145 36 17 N:o
530 145 28 18 49.
732 146 44 19 1613

237 263 191 24 Sammansatta
442 264 79 23 Stats-
537 264 40 24 och
587 264 186 24 Bank-Utskot-

169 292 52 32 tets
237 291 166 34 betänkande
422 292 38 24 N:o
477 292 18 27 1,
511 293 8 22 i
534 292 120 29 anledning
668 294 25 22 af
705 294 68 23 Hans

169 319 155 34 Kejserliga
338 320 142 34 Majestäts
488 319 84 30 Nådiga
581 322 145 28 proposition,
736 328 37 16 an-

168 348 85 51 fade
267 349 91 27 garanti
372 349 26 23 af
410 349 36 23 det
460 350 45 26 lån,
521 350 104 22 Finlands
635 350 138 29 Hypotheks-

179 377 94 28 örening
286 376 99 24 kommer
400 378 33 22 att
448 377 13 23 å
475 378 88 22 utrikes
579 379 35 21 ort
628 380 106 28 upptaga.

85 432 63 19 Hans
169 431 130 28 Kejserliga
319 432 123 26 Majestäts
462 432 74 27 Nådiga
556 434 121 25 proposition
696 433 6 20 i
718 433 54 21 detta

32 459 58 19 ämne
104 459 35 19 har
154 459 20 19 af
186 459 122 20 hedervärda
322 459 144 21 Bondeståndet
476 459 63 21 blifvit
547 460 115 20 remitterad
672 460 26 20 till
709 461 64 19 Stats-

32 485 106 25 Utskottet,
154 485 105 20 hvaremot
271 485 26 20 de
310 488 30 17 tre
353 486 61 25 öfriga
423 486 86 20 Stånden
519 486 129 20 öfverlemnat
657 486 115 21 densamma

33 512 26 20 till
74 514 131 18 sammansatt
221 512 63 19 Stats-
297 513 38 19 och
351 513 152 24 Bank-Utskott;
518 513 7 19 i
538 512 47 25 följd
599 513 71 20 hvaraf
682 513 90 20 bemälde

32 541 140 17 sammansatta
187 539 80 20 Utskott
280 539 63 20 funnit
356 540 30 25 sig
394 539 47 20 böra
451 542 87 23 upptaga
547 539 145 26 propositionen
704 540 26 20 till
738 539 34 20 be-

32 565 98 26 handling.

84 592 45 19 Med
143 592 101 25 anledning
261 592 20 19 af
293 591 26 21 de
334 591 79 27 åsigter,
429 599 44 14 som
487 592 33 20 vid
534 592 116 26 föregående
663 593 109 20 diskussio-

31 623 35 15 ner
83 619 56 19 öfver
155 619 63 19 denna
234 617 55 26 fråga
305 619 63 20 blifvit
381 619 79 26 yttrade
474 620 52 19 inom
540 619 100 26 höglofliga
655 619 118 20 Ridderska-

31 648 35 22 pet
79 646 38 19 och
131 645 60 20 Adeln
205 647 52 18 samt
270 645 122 20 hedervärda
406 645 151 25 Bondeståndet,
572 646 104 19 äfvensom
689 646 46 20 med
744 646 28 20 af-

32 671 73 20 seende
119 671 10 20 å
145 671 52 20 hvad
211 671 118 26 högvördiga
342 671 159 21 Prestaståndets
515 672 94 25 protokoll
624 672 6 19 i
644 673 66 19 ämnet
719 672 53 20 inne-

32 697 68 26 håller,
116 703 59 14 anser
187 697 102 21 Utskottet
302 698 30 25 sig
345 698 69 19 främst
428 699 47 20 böra
489 699 70 19 utreda
568 698 60 26 några
637 698 135 20 förhållanden

32 725 84 20 rörande
128 724 111 20 utländska.
248 724 227 27 Hypotheksföreningar
489 725 5 19 i
509 725 106 20 allmänhet
629 725 37 19 och
680 725 92 20 särskildt

30 749 74 26 jemväl
119 751 37 19 den
170 750 71 20 finska.

85 777 43 20 Den
142 777 95 20 allmänna
251 777 38 25 idé,
301 776 73 27 hvarpå
388 777 264 26 Hypotheksföreningarnes
666 777 105 26 inrättning

31 803 70 25 hvilar,
118 805 21 18 är
153 805 28 18 att
193 804 47 25 göra
253 803 34 20 det
300 803 79 26 kapital,
394 809 45 14 som
452 804 60 25 ligger
525 803 74 20 bundet
613 804 5 19 i
630 803 80 26 jordens
728 806 44 17 vär-

31 830 32 25 de,
78 830 67 25 rörligt
159 830 27 20 till
200 829 62 26 någon
276 829 37 26 del,
329 830 30 19 för
372 833 28 16 att
414 830 52 20 detta
480 829 92 27 frigjorda
583 830 70 26 belopp
663 829 32 21 må
706 830 65 20 kunna

31 857 21 20 af
63 856 116 26 jordegaren
195 856 101 21 användas
312 856 26 20 till
354 856 128 25 jordbrukets
496 856 123 26 förbättring;
635 857 38 19 och
686 857 86 20 nämnde

31 883 127 26 undsättning
178 883 102 20 meddelas:
297 882 118 27 jordegaren
432 883 66 20 såsom
515 883 32 20 län
560 883 25 26 pä
599 883 33 20 det
646 883 125 26 fördelaktiga

32 913 46 22 sätt,
94 913 28 17 att
135 911 50 19 hans
199 910 57 20 skuld
270 909 125 27 småningom
409 911 111 19 försvinner
534 915 71 20 genom
614 909 93 26 måttliga,
718 912 54 17 emot

31 937 73 25 vanligt
120 937 128 25 räntebelopp
265 936 97 21 svarande
378 936 138 26 inbetalningar
532 936 63 20 under
609 942 24 13 en
647 936 42 19 viss
703 937 68 24 längre

31 963 92 26 tidsföljd,
145 966 53 17 samt
217 965 28 18 att
265 963 45 25 han,
333 963 32 20 vid
386 963 103 26 ordentligt
503 962 119 26 fullgörande
635 963 21 19 af
668 962 30 19 sin
712 962 59 26 årliga

31 989 126 24 förbindelse,
179 991 22 18 är
220 989 108 27 betryggad
346 991 53 18 emot
415 989 63 20 lånets
494 989 130 26 uppsägning.
654 989 42 19 Den
710 989 62 20 första

31 1016 232 31 Hypotheksföreningen
276 1016 6 19 i
296 1016 79 25 Europa
388 1016 89 20 stiftades
489 1016 21 19 af
520 1017 109 19 Preussens
638 1015 78 26 konung
727 1016 44 19 Fre-

30 1043 45 20 drik
89 1043 16 19 II
119 1042 22 19 år
159 1043 52 19 1770
228 1043 30 19 för
274 1042 107 25 provinsen
398 1043 110 24 Schlesien,
524 1042 38 19 och
576 1041 120 25 efterföljdes
710 1041 62 20 under

31 1071 99 18 närmaste
147 1071 73 17 tvenne
236 1068 101 21 årtionden
353 1069 21 19 af
388 1068 66 27 dylika
470 1068 126 25 inrättningar
613 1068 27 19 uti
656 1068 44 25 fyra
714 1067 57 21 bland

31 1095 62 21 rikets
108 1095 59 20 öfriga
182 1095 137 20 hufvuddelar.
348 1095 118 26 Sedermera
480 1095 58 20 hafva
549 1094 73 21 sådana
632 1094 94 20 stiftelser
736 1094 36 21 till-

31 1123 84 19 kommit
127 1122 6 19 i
147 1122 94 25 åtskilliga
255 1121 58 27 tyska
328 1124 67 23 stater,
410 1118 111 30 Österrike,
537 1121 100 24 Schveitz,
655 1121 115 25 Frankrike,

31 1149 84 26 Belgien,
130 1149 89 25 Sverige,
235 1148 104 25 Danmark,
355 1148 109 26 Rysslands
477 1147 195 26 Östersjöprovinser
686 1147 38 20 och
736 1147 36 20 Po-

31 1176 39 20 len.
99 1175 69 26 Många
188 1176 20 19 af
226 1175 60 20 dessa
299 1175 109 26 föreningar
422 1175 58 20 hafva
494 1175 63 20 blifvit
570 1174 45 20 med
630 1173 142 26 penninge-un-

31 1202 81 21 derstöd
126 1201 122 26 befrämjade
263 1202 20 19 af
295 1201 34 20 sitt
342 1201 55 21 lands
411 1201 99 26 regering;
525 1201 38 20 och
577 1201 63 20 ehuru
654 1200 25 20 de
692 1200 5 19 i
710 1199 61 26 några

31 1228 106 21 afseenden
151 1229 33 19 äro
199 1228 49 20 olika
263 1228 145 26 organiserade,
424 1233 60 21 synes
498 1233 45 14 man
553 1227 52 20 dock
614 1227 60 20 redan
684 1227 20 19 af
713 1226 59 21 deras

32 1255 121 20 vidsträckta
174 1255 37 19 och
228 1254 110 27 tilltagande
355 1254 117 26 utbredning
487 1254 55 23 inom
554 1254 79 25 Europa
646 1253 67 19 kunna
726 1253 46 19 med

32 1281 92 20 säkerhet
137 1281 60 26 draga
211 1281 38 20 den
265 1282 88 23 slutsats,
372 1284 28 17 att
413 1281 84 20 nämnde
511 1280 126 25 inrättningar
650 1279 51 20 varit
714 1280 5 18 i
734 1279 38 25 hög

31 1307 49 27 grad
96 1309 106 24 gagneliga,
221 1307 44 20 icke
281 1307 50 20 blott
347 1308 29 19 för
388 1307 116 25 jordbruket
517 1306 99 25 särskildt,
631 1308 46 17 utan
692 1306 37 19 ock
743 1305 29 20 för

31 1335 39 18 den
85 1335 129 18 ekonomiska
228 1334 140 24 utvecklingen
381 1334 7 17 i
401 1333 113 20 allmänhet.

84 1357 63 23 Äfven
161 1360 28 19 uti
195 1359 79 20 Finland
281 1360 36 19 bar
325 1359 21 19 så
353 1359 32 19 väl
393 1361 67 23 nyttan
468 1364 44 14 som
519 1358 93 20 behofvet
622 1358 20 19 af
647 1357 125 26 Hypotheks-

32 1385 111 27 föreningar
160 1385 83 20 kommit
259 1385 27 20 till
303 1385 124 20 erkännande
443 1385 63 19 under
519 1384 94 20 sednaste
625 1384 57 19 tider.
711 1383 61 28 Hans

32 1411 134 28 Kejserliga
179 1412 109 26 Majestät
305 1413 36 19 har
354 1417 71 20 genom
439 1411 58 26 nådig
510 1411 121 26 Kungörelse
644 1411 38 19 den
696 1410 26 29 25
735 1410 37 29 Maj

33 1440 52 21 1859
99 1440 91 21 fastställt
204 1439 88 21 vilkoren
306 1439 38 20 och
358 1439 25 20 de
397 1439 94 20 allmänna
501 1438 111 26 grunderne
622 1438 28 19 för
662 1436 65 27 dylika
736 1437 37 20 för-
