1011 1703
281 137 70 22 Nådiga
363 139 140 22 Propositionen
516 139 35 18 N:o
563 141 29 16 39.
764 139 43 20 1323

64 185 47 20 eller
126 185 118 24 underlåter;
260 186 38 20 kan
312 187 90 20 deremot
417 188 56 19 lända
487 194 84 20 grannen
586 189 27 20 till
628 188 66 27 någon,
710 195 33 14 om
758 191 46 18 ock-

63 211 22 20 så
103 213 82 19 alldeles
202 212 94 26 obehörig
313 217 63 22 nytta,
396 215 37 18 och
450 214 61 26 någon
528 215 142 20 underrättelse
686 221 32 14 om
736 216 5 19 i
755 216 49 19 hans

62 239 99 25 hägnader
178 239 38 20 och
234 240 84 25 stängsel
339 241 100 19 inträffade
455 241 73 19 brister
546 241 29 20 får
593 243 36 18 han
647 242 43 19 icke
710 242 92 25 påräkna.

61 265 85 19 Alldeles
160 268 83 17 motsatt
256 265 38 20 blir
307 266 134 24 förhållandet,
458 273 33 14 om
504 267 76 25 djurets
594 273 57 20 egare
663 269 59 23 göres
731 274 71 14 ansva-

62 291 29 25 rig
107 291 30 19 för
154 291 36 20 den
209 291 98 26 åverkan,
326 291 64 26 djuret
408 293 92 20 föröfvar.
532 294 156 20 Jordbrukarens
706 295 61 19 fördel
785 295 20 19 af

62 319 29 16 alt
105 317 46 25 sjelf
163 318 5 19 i
183 319 60 18 första
258 321 86 17 rummet
358 319 52 25 sörja
424 320 29 19 för
470 321 41 18 sina
526 326 58 19 egors
601 321 93 19 fredande
712 320 92 25 qvarstår

63 343 143 26 oförminskad,
223 350 46 14 men
284 345 5 19 i
303 350 71 20 egaren
389 346 26 19 till
430 346 24 19 de
469 345 50 26 djur,
535 352 44 13 som
593 346 64 20 kunna
672 347 53 19 störa
741 346 61 20 denna

62 370 88 25 egofred,
170 370 83 21 erhåller
271 372 38 18 han
326 372 5 18 i
349 372 64 20 stället
430 372 29 19 för
475 378 24 13 en
516 372 80 26 likgiltig
613 373 47 20 eller
677 373 126 26 skadelysten

61 395 98 22 åskådare
175 403 25 13 en
216 397 74 26 pålitlig
309 398 164 25 bundsförvandt,
493 399 61 19 hvars
568 391 48 37 eget
632 400 84 19 intresse
736 404 66 14 manar

62 423 73 20 honom
152 426 28 17 att
196 424 87 23 frivilligt
299 424 52 25 gifva
368 430 88 20 grannen
474 425 33 20 allt
523 425 34 20 det
573 426 77 19 biträde
663 425 79 24 dervid,
759 431 43 13 som

62 449 86 26 skäligen
163 450 37 20 kan
215 450 103 20 behöfvas.
347 451 106 25 Utskottet,
470 457 50 19 som,
536 451 25 26 pä
576 453 38 19 sätt
629 452 48 19 i-det
686 451 116 25 föregående

61 476 107 24 anmärkts,
184 476 44 20 icke
243 476 98 24 förbisett,
359 477 96 20 hurusom
469 478 143 20 ofvannämnde
628 478 105 26 grundsats
747 478 56 20 svår-

60 502 51 25 ligen
125 502 38 20 kan
178 503 25 20 till
218 504 44 19 hela
275 502 48 21 dess
337 503 47 21 vidd
399 504 46 20 eller
459 504 4 19 i
479 505 24 20 all
516 504 30 20 sin
559 506 103 24 stränghet
670 504 129 26 genomföras,

61 534 59 15 anser
137 529 29 26 sig
182 530 60 24 dock,
262 530 24 25 på
300 530 62 25 grund
376 531 21 19 af
410 531 52 20 hvad
476 532 36 19 här
525 532 84 24 anförts,
625 531 64 20 kunna
704 532 39 19 och
756 531 47 20 böra

61 555 78 25 föreslå,
156 559 27 17 att
196 557 77 19 landets
289 557 53 25 Högl.
358 557 83 20 Ständer
456 557 66 26 måtte,
539 557 45 20 med
599 557 124 20 erkännande
737 557 21 20 af
770 559 33 18 än-

61 582 84 20 berörde
158 583 86 25 princips
258 583 87 26 giltighet
359 584 39 19 och
412 584 119 25 väsendtliga
546 584 104 26 betydelse
663 584 6 19 i
683 585 38 18 och
735 584 29 19 för
778 589 24 14 en

61 610 31 19 väl
115 609 72 20 ordnad
209 609 182 26 landthushällning,
408 610 76 20 besluta
501 613 28 17 att
545 610 114 20 densamma
676 610 48 19 skall
742 611 5 19 i
764 611 39 19 tan-

60 635 44 20 dets
118 635 118 26 lagstiftning
250 636 74 20 införas
339 637 38 18 och
391 637 58 24 göras
463 637 95 25 gällande.
588 637 7 19 I
610 637 52 20 hvad
679 636 44 20 mån
740 637 60 24 detta,

61 663 58 25 enligt
134 662 110 20 Utskottets
258 662 58 26 äsigt,
332 668 26 14 nu
372 663 60 19 redan
447 663 37 20 kan
500 665 42 23 ske,
559 663 36 20 blir
609 663 100 20 Utskottet
723 664 4 18 i
741 663 61 20 tillfäl-

60 688 18 20 le
94 690 29 18 att
139 688 108 20 framställa
265 690 5 18 i
284 689 35 19 sitt
335 688 100 20 utlåtande
452 690 100 26 angående
565 690 25 19 de
606 690 137 25 grundsatser,
759 695 44 14 som

60 714 122 20 förekomma
196 715 6 19 i
217 715 25 19 de
255 715 43 26 fyra
313 715 48 20 sista
375 716 110 24 punkterna
500 717 20 19 af
532 716 148 25 ifrågavarande
693 716 31 19 del
737 716 21 18 af
764 716 38 19 den

60 740 74 27 Nådiga
148 741 154 25 propositionen.

116 767 76 20 Andra
210 768 86 25 punkten
314 768 81 26 antyder
409 768 105 20 innehållet
528 769 20 19 af
560 768 24 20 de
598 768 206 20 ansvarsbestämnin-

62 799 41 20 gar,
123 799 44 14 som
181 794 63 20 skulle
259 794 59 20 blifva
332 794 130 26 nödvåndiga,
478 795 36 19 ifall
530 795 36 19 den
581 795 4 19 i
600 796 60 18 första
674 794 86 25 punkten
773 796 31 18 ut-

61 820 64 20 talade
141 820 130 27 grundsatsen
288 824 95 22 upptages
397 821 5 18 i
417 821 151 26 lagstiftningen.
598 822 36 19 Det
648 821 55 19 faller
716 823 68 23 genast
797 820 6 19 i

61 847 75 25 ögonen
154 849 28 18 att
198 847 46 24 den,
265 853 45 13 som
326 847 124 26 uppsåtligen
464 847 74 20 drifver
551 847 45 25 djur
610 849 18 18 in
643 847 24 25 på
681 847 123 19 fremmande

61 878 46 20 egor
124 876 29 17 att
169 873 35 20 der
221 874 54 24 beta,
295 874 46 19 eller
355 874 48 22 den,
419 879 44 14 som
477 874 61 20 finner
552 874 34 20 sitt
600 874 44 24 djur
658 874 35 19 der
707 874 38 18 och
759 873 46 19 icke

60 903 70 22 genast
149 900 73 20 skaffar
242 900 33 20 det
291 903 22 16 ut
330 900 94 26 derifrån,
441 902 23 18 är
481 900 6 20 i
504 899 108 26 subjektivt
629 900 111 20 hänseende
758 899 45 19 vida

61 926 124 26 brottsligare
202 928 24 18 än
243 926 157 26 den,:hvilken,
419 927 68 19 endast
501 932 70 20 genom
586 926 139 20 försummelse
738 926 6 19 i
758 925 46 20 vär

60 953 38 19 den
110 958 32 14 om
152 954 35 18 sitt
196 952 51 26 djur,
258 952 70 21 beredt
337 953 34 19 det
380 954 72 19 tillfälle
461 956 28 16 att
499 955 85 23 intränga
595 952 24 26 pä
629 958 74 15 annans
711 958 46 19 egor
765 952 38 19 och

60 979 36 19 der
106 980 46 24 göra
162 980 67 19 skada.
239 974 10 35 I
263 980 51 18 förra
324 980 52 19 fallet
386 980 121 20 bestämmes
518 981 49 18 hans
577 978 114 26 tillgörande
701 978 20 20 af
725 981 29 17 ett
760 984 44 14 mer

61 1006 47 19 eller
119 1006 77 19 mindre
203 1006 101 19 medvetet
310 1006 74 25 uppsåt
391 1009 28 16 att
426 1006 61 19 skada
495 1012 23 13 en
526 1012 68 18 annan,
602 1006 6 18 i
616 1006 83 19 sednare
706 1005 54 19 fallet
768 1005 36 18 kan

61 1031 42 20 åter
117 1032 69 19 endast
201 1035 27 16 ett
242 1032 86 25 frivilligt
342 1032 47 19 eller
404 1032 99 25 ofrivilligt
514 1031 146 20 åsidosättande
669 1030 20 21 af
698 1037 23 13 en
732 1031 71 19 honom

61 1063 70 21 genom
145 1059 30 25 lag
190 1058 55 26 älagd
260 1058 112 26 skyldighet
386 1060 72 18 honom
472 1059 106 19 tiliräknas.
597 1059 42 18 Den
648 1057 98 30 ätskilnad
760 1062 44 13 som

60 1085 39 19 den
114 1084 72 27 Nådiga
197 1085 145 25 propositionen
352 1085 120 20 beträffande
482 1087 102 17 ansvarets
594 1085 98 24 gvantitet
701 1085 34 24 gör
745 1083 60 20 emel-

61 1112 31 19 lan
108 1112 59 19 dessa
185 1111 63 26 bägge
265 1111 131 20 hufvudarter
416 1112 20 19 af
452 1111 146 26 ifrågavarande
618 1109 184 26 lagöfverträldelse
795 1105 9 36 ,

61 1144 61 20 synes
139 1138 78 20 Jerföre
232 1138 104 20 Utskottet
353 1139 41 19 fullt
408 1138 115 25 berättigad.
552 1138 45 19 Och
613 1136 25 21 då
654 1137 25 20 de
696 1136 108 29 föreslagna

61 1165 263 26 ansvarsbestämningarne,
340 1164 67 21 såsom
421 1165 99 26 grundade
534 1165 5 19 i
554 1164 33 20 det
597 1164 21 20 så
629 1163 74 21 kallade
717 1162 88 31 latituds-

61 1194 106 24 systemet,
188 1192 56 20 äfven
262 1194 50 18 sätta
330 1192 93 19 domaren
441 1193 5 18 i
464 1192 72 20 tillfälle
552 1194 28 16 att
594 1191 33 20 vid
642 1190 86 20 straffets
743 1192 62 16 utmä-

61 1218 59 20 tande
133 1220 44 24 taga
191 1218 5 19 i
210 1218 91 26 behörigt
314 1218 146 26 öfvervägande
474 1218 17 26 ej
504 1218 50 20 blott
566 1218 37 19 den
616 1215 190 32 ifrågakomna
760 1211 51 40 ska-

61 1246 49 19 dans
125 1246 71 24 belopp
210 1248 46 17 utan
273 1246 57 19 äfven
344 1245 25 19 de
383 1245 96 19 olikheter
491 1246 4 18 i
509 1244 104 27 uppsåtets
626 1244 46 20 eller
681 1243 125 29 underlåten-

62 1273 71 19 hetens.
147 1272 148 25 beskaffenhet,
306 1276 44 16 som
364 1272 45 19 icke
423 1272 65 19 kunna
502 1272 5 18 i
522 1272 23 20 all
560 1271 59 19 deras
632 1270 100 29 mångfald
747 1270 58 18 förut-

63 1304 33 14 ses
114 1298 5 19 i
136 1298 129 20 den-skrifna
283 1298 67 26 lagen,
367 1304 44 13 men
426 1299 49 19 först
490 1298 31 20 vid
536 1298 75 20 dennas
624 1297 120 25 tillämpning
758 1298 48 28 göra

63 1326 30 22 sig
110 1325 96 23 gällande,
224 1330 60 14 anser
302 1324 108 24 Utskottet,
429 1330 45 14 som
491 1325 72 19 derhos
581 1322 59 21 håller
654 1324 42 18 före
709 1324 29 18 att
750 1321 55 29 såväl

63 1351 24 18 de
103 1350 110 24 föreslagna
227 1350 84 19 minimi-
325 1350 37 19 och
372 1350 184 25 maximi-beloppen
564 1349 22 19 af
595 1349 79 18 böterna
683 1353 44 14 som
737 1348 69 23 sjelfva

62 1377 63 19 denna
141 1376 85 19 straffart
239 1377 35 18 äro
287 1375 104 26 afpassade
402 1376 50 19 efter
461 1375 189 28 öfverträdelsernas
663 1373 141 31 beskaffenhet,

64 1403 30 26 sig
109 1403 48 20 böra
170 1403 104 26 tillstyrka,
290 1404 28 24 att
331 1402 63 20 denna
409 1402 61 25 punkt
483 1402 26 20 till
520 1401 42 30 hela
572 1400 48 21 dess
628 1400 83 30 innebåll
722 1399 21 20 af
750 1399 56 20 Stän-

64 1431 63 19 derne
141 1429 120 26 godkännes.
290 1429 165 20 Öfverträdarens
472 1428 112 27 skyldighet
600 1429 28 18 att
642 1433 6 13 i
662 1426 97 20 hvardera
772 1425 36 20 fal-

106 1466 4 2 s
740 1459 31 16 83"
