986 1706
262 138 70 22 Nådiga
344 140 140 22 Propositionen
497 139 35 17 N:o
545 138 28 19 49,
742 138 43 19 1625

44 189 49 20 ranti
109 190 28 18 för
151 188 29 21 lån
196 189 25 19 till
236 189 230 27 Hypotheksföreningen
480 188 10 20 å
506 190 59 25 högre
579 189 71 26 belopp
664 190 24 18 än
699 189 36 20 tolf
743 190 42 20 mil-

42 215 55 25 joner
121 216 62 24 mark,
209 219 52 16 samt
284 216 38 20 den
346 216 230 26 Hypotheksföreningen
596 215 77 25 nädigst
689 216 97 26 medgifna

44 242 179 26 aflärsgemenskap
241 243 46 19 med
303 242 77 20 Finska.
390 242 78 20 Banken
487 242 61 21 blifvit
564 242 122 25 framhällen,
705 242 36 20 har
753 242 33 26 jag

43 272 66 16 ansett
124 269 39 25 mig
176 269 48 19 böra
238 270 93 24 nedlägga
345 275 25 13 en
383 268 129 21 reservation.

97 296 59 18 Innan
170 294 62 19 finska
244 295 69 19 folkets
324 298 156 22 representanter
490 298 34 23 äga
534 296 42 19 skäl
588 297 36 22 att,
635 295 26 19 till
672 295 75 20 förmån
758 296 29 19 för

44 328 23 13 en
82 322 30 18 del
127 322 20 18 af
160 321 75 20 landets
247 320 147 26 jordbrukande
408 322 60 24 klass,
485 322 57 20 binda
556 322 53 18 detta
623 322 40 19 folk
678 322 33 19 vid
721 328 23 13 en
754 328 34 19 ga-

44 348 56 24 ranti,
122 353 44 15 som
180 348 97 19 omfattar
298 350 28 17 ett
344 348 72 25 belopp
433 348 19 19 af
468 349 65 19 trettio
550 346 90 26 miljoner
657 348 64 25 mark,
739 348 48 20 böra

44 375 64 19 dessa:
117 377 166 23 representanter,
303 375 58 25 enligt
378 376 40 18 min
436 375 63 25 tanke,
516 375 59 19 hafva
591 374 68 19 vunnit
673 375 72 19 tillfälle
759 377 28 17 att

45 401 105 20 bedömma
154 396 10 35 ;
171 400 79 20 hvilken
272 401 96 19 inverkan
384 401 138 26 indragningen
537 402 21 19 af
570 400 64 25 någon
648 401 30 20 del
693 402 21 18 af
726 401 59 24 lånet,

44 427 63 20 under
121 427 37 20 den
172 427 130 26 organisation
320 427 229 26 Hypotheksföreningen
567 433 25 13 nu
607 428 86 24 innehar,
710 428 77 19 utöfvar

45 453 10 20 å
73 453 18 26 ej
109 454 77 20 mindre
201 453 119 26 jordbruket
336 455 23 18 än
376 454 62 25 öfriga
456 455 87 25 näringar
558 453 37 21 och
610 454 65 20 landet
688 454 6 19 i
707 459 78 20 gemen.

44 481 67 19 Skulle
130 481 96 25 nemligen
245 481 132 25 upptagandet
394 481 20 19 af
426 480 149 27 ifrågavarande
589 481 98 25 ansenliga
701 480 32 20 lån
749 481 38 18 och

45 507 88 20 medlens
148 507 103 20 oafbrutna
266 507 154 20 inströmmande
434 507 25 20 till
475 508 64 19 landet
553 507 31 20 för
596 506 143 26 jordbrukares
753 507 34 20 be-

44 534 36 19 hof
96 533 57 27 häfva
170 534 27 19 till
215 533 45 26 följl
278 534 113 20 svindlande
408 534 147 26 egendomsköp
572 534 37 19 och
624 533 89 20 affärslut
727 536 58 21 samt,

45 561 61 19 sedan
124 561 45 19 fulla
188 560 135 26 lånebeloppet
338 561 64 20 blifvit
416 561 91 25 uttömdt,
523 560 42 20 åter
579 561 86 19 medföra
680 566 24 13 en
719 559 11 20 å
744 560 44 19 kre-

44 587 175 20 ditförhållandena
234 587 79 25 menligt
327 587 121 22 inverkande
462 587 95 24 reaktion,
573 587 60 19 funne
644 586 33 26 jag
690 586 96 26 garantin,

46 613 66 20 såvidt
125 613 38 21 den
179 613 118 20 medverkat
311 613 25 20 till
351 614 45 19 fulla
406 613 147 26 lånebeloppets
563 613 172 25 utbekommande,
747 613 42 19 haf-

46 645 25 14 va
92 639 92 26 beviljats
202 643 53 16 emot
269 640 75 19 landets
358 646 61 14 sanna
434 641 90 18 intresse.
553 640 36 25 Jag
604 642 41 17 tror
657 639 78 20 derföre
750 639 39 19 för-

45 666 118 26 sigligheten
180 666 59 26 bjuda
256 669 29 17 att
301 666 106 21 inskränka
420 667 38 19 den
472 666 85 26 begärda
571 666 94 26 garantin,
677 666 31 19 till
723 671 24 14 en
761 664 27 21 lå-

45 699 103 14 nesumma
169 699 43 14 som
230 694 30 19 väl
273 693 93 20 betöcker
379 693 123 26 föreningens
519 692 87 27 utlåning
623 693 37 19 och
674 698 25 14 nu
714 697 75 20 uppen-

47 719 73 21 barade
134 720 66 25 behof,
215 720 95 20 intilldess
325 720 131 26 öfvertygelse
470 720 88 24 vunnits,
574 722 28 17 att
611 725 24 14 en
645 719 144 20 vidsträcktare

45 748 74 24 garanti
134 748 22 18 är
169 747 144 26 landsgagnelig
327 747 37 19 och
378 747 116 25 nödvändig,
511 749 52 17 samt
572 747 137 19 erfarenheten
719 744 70 26 ådaga-

44 774 39 24 lagt
99 774 62 19 under
179 774 66 19 hvilka
263 773 62 20 vilkor
339 773 6 19 i
359 773 93 20 afseende
466 773 11 20 å
491 773 128 20 bedrifvande
632 773 20 18 af
661 772 126 25 föreningens

45 799 120 21 lånerörelse
179 801 64 19 denna
261 800 73 24 garanti
351 799 31 20 mä
396 799 117 26 medgifvas.
542 799 28 20 Då
589 798 95 26 derjemte
699 804 24 14 en
736 798 53 20 känd

46 827 35 20 sak
103 829 28 22 är,
155 829 27 17 att
201 826 21 26 ju
244 827 64 19 större
325 827 37 19 och
379 826 47 20 flere
440 826 201 26 borgesförbindelser
654 824 62 27 ingås,
732 824 56 21 desto

46 859 43 14 mer:
103 854 88 19 minskas
205 853 113 20 förtroende
331 853 26 20 till
372 853 162 26 borgesmannen,
551 855 51 18 samt
614 851 101 26 svårighet
725 851 64 20 sälun-

45 880 25 20 da
83 880 68 20 kunde
165 879 72 26 uppstå
252 880 33 20 vid
299 879 106 21 framdeles
420 879 86 21 skeende
520 881 20 18 af
553 879 111 20 Ständerne
677 881 111 22 garantera-

45 907 26 19 de
85 906 168 26 läneoperationer
267 907 29 19 för
311 909 49 17 ännu
376 905 93 27 vigtigare
486 905 87 21 ändamål
592 907 23 18 än
632 905 157 26 Hypotheksför-

46 933 100 25 eningens,
162 938 60 20 synes
237 933 156 25 betänkligheten
408 935 28 16 att
450 932 71 26 bevilja
535 932 75 26 garanti
624 932 27 19 till
665 931 34 19 det
710 930 79 29 omfång

46 965 26 15 nu
86 961 22 18 är
123 958 62 26 ifråga
199 960 24 18 än
237 960 95 26 tydligare
347 958 88 25 framstå,
452 959 21 20 så
491 959 82 27 mycket
588 964 42 13 mer
644 963 43 13 som
701 957 24 20 då
739 962 50 20 jem-

46 987 31 19 väl.
97 986 67 20 blefve
184 985 103 27 oafgjordt,
306 992 32 13 om
357 985 42 20 icke
414 986 121 26 föreningens
549 991 49 19 egen
613 984 64 20 kredit
691 984 46 20 eller
751 983 39 19 för-

47 1013 86 20 ändrade
147 1012 229 27 penningeförhållanden
393 1012 29 19 för
436 1012 104 20 framtiden
557 1011 67 20 kunde
637 1011 45 25 göra
697 1010 93 20 Ständer-

46 1046 35 13 nes
97 1039 66 20 vidare
176 1040 122 20 medverkan
313 1038 103 26 obehöflig,
430 1040 60 19 sedan
499 1038 127 26 föreningens
634 1037 113 21 nuvarande
755 1036 35 20 be-

47 1066 35 20 hof
94 1067 20 19 af
127 1066 43 20 stöd
185 1066 64 20 blifvit
261 1065 86 27 afhjelpt.
369 1066 7 19 I
390 1066 88 26 Sverige,
490 1067 82 18 hvarest
586 1070 23 14 en
620 1063 169 27 Hypotheksbank

46 1092 22 20 år
89 1094 49 19 1861
161 1093 63 19 blifvit
241 1093 83 19 inrättad
341 1093 29 19 för
388 1095 28 16 att
430 1093 72 19 bereda
516 1092 25 20 de
555 1090 103 21 derstädes
673 1091 5 18 i
692 1089 97 25 trångmål

47 1120 80 20 försatta
148 1120 253 26 Hypotheksföreningarne”
419 1118 125 27 penningelän
565 1117 24 26 på
607 1117 93 25 antagliga
718 1116 71 29 vilkor,

47 1147 58 19 hafva
120 1146 109 20 Ständerne
243 1147 5 19 i
263 1146 60 26 sagde
336 1146 45 20 land
396 1146 98 20 meddelat
507 1144 195 27 Hypotheksbanken
717 1145 73 27 garanti

47 1174 70 19 endast
131 1172 10 20 å
156 1174 11 18 8
182 1173 95 25 miljoner
287 1172 104 20 riksdaler.
413 1173 32 19 Att
459 1178 26 13 nu
498 1172 51 19 fästa
564 1170 70 20 Finska
649 1170 61 20 folket
723 1169 33 29 vid
766 1174 24 14 en

47 1199 133 26 mångfalldigt
201 1199 145 20 vidsträcktare
365 1199 81 25 garanti,
468 1198 63 20 finner
547 1197 33 26 jag
598 1197 77 19 derföre
689 1196 42 19 skäl
747 1195 44 20 icke

47 1226 121 20 förekomma
183 1229 52 17 samt
249 1225 82 20 föreslår
347 1226 106 24 vördsamt,
469 1227 27 17 att
510 1224 74 26 garanti
594 1223 62 20 måtte
664 1222 128 26 Hypotheks-

48 1252 112 26 föreningen
173 1252 83 25 beviljas
271 1252 29 19 för
313 1252 34 19 det
360 1252 122 19 närvarande
495 1251 69 19 endast
579 1249 11 20 å
604 1256 24 13 en
638 1249 124 29 lånesumma
773 1247 20 19 af

47 1278 38 20 tolf
97 1278 90 26 miljoner
204 1279 63 24 mark,
286 1278 22 20 sä
325 1279 59 19 framt
400 1279 30 19 för.
443 1278 56 25 öfrigt
514 1278 88 18 vilkoren
616 1276 30 19 för
658 1274 132 30 uppläningen

47 1309 34 17 äro
96 1306 92 25 förenliga
205 1306 46 20 med
268 1305 25 20 de
307 1306 91 24 grunder,
415 1310 44 14 som
472 1305 29 19 för
516 1303 42 21 låns
572 1302 112 27 utgifvande
699 1302 25 19 till
739 1301 52 19 före-

47 1332 81 25 ningens
142 1333 91 24 delägare
247 1332 65 18 finnas
326 1332 25 18 till
367 1332 130 18 efterrättelse
511 1330 116 18 fastställda.
735 1352 3 4 :

101 1358 38 20 Om
156 1357 10 19 å
184 1364 35 13 ena
234 1358 55 19 sidan
307 1357 64 20 måste
386 1356 115 26 medgifvas,
518 1358 27 17 att
560 1354 231 29 Hypotheksföreningen

48 1384 53 20 afser
117 1385 81 19 allmänt
213 1389 50 21 gagn
281 1383 38 20 och
336 1384 77 19 derföre
430 1383 44 19 icke
491 1382 35 19 bör
540 1381 135 25 undandragas
689 1380 44 29 stöd
748 1380 43 18 från

49 1414 163 23 statsmagternes
227 1411 48 23 sida,
291 1412 22 18 är
327 1411 29 19 väl
372 1410 11 20 ä
397 1410 59 20 andra
471 1409 53 19 sidan
536 1408 115 26 uppenbart,
659 1409 32 28 att
699 1405 93 21 Finlands

49 1439 64 19 Banks
128 1438 153 20 säkerställande
295 1439 55 24 utgör
366 1440 27 17 ett
407 1436 88 20 ändamål
506 1436 29 19 för
545 1435 130 20 allmänheten
685 1435 51 18 ännu
745 1432 45 26 Jyr-
