1000 1709
271 140 78 23 Nädiga
355 142 139 22 Propositionen
507 142 35 18 N:o
555 142 28 18 40.
757 143 43 19 1357

56 195 71 21 genom
142 190 63 26 undgä
220 194 98 17 ansvaret.
330 202 25 3 —
366 192 37 19 Om
417 192 44 25 den,
477 198 43 14 som
533 192 55 26 jagar
602 193 47 19 eller
663 192 68 26 fängar
745 193 53 20 ville-

57 217 48 19 bräd
120 217 62 20 under
197 217 101 25 förbjuden
313 218 35 25 tid,
363 219 35 24 gör
412 219 33 19 det
458 218 25 26 pä
498 224 74 15 annans
587 219 55 19 mark
657 222 46 16 utan
718 219 79 26 behörig

57 243 91 20 tillåtelse
162 243 22 19 sä
199 244 146 19 sammanträffa
360 244 4 19 i
380 244 48 20 hans
442 245 90 25 handling
546 244 32 20 två
593 245 96 19 särskilda
703 246 94 25 lagöfver-

55 269 105 24 trädelser;
176 270 38 19 och
229 270 5 19 i
249 270 52 19 detta
316 270 118 20 förhållande
448 271 62 20 finner
524 271 100 20 Utskottet
638 274 28 17 ett
680 271 61 26 giltigt
755 272 43 19 skäl

55 298 29 17 att
101 296 97 25 tillstyrka
216 297 50 19 bifall
283 296 27 19 till
328 297 38 19 den
382 297 115 25 grundsats,
517 303 44 13 som
578 301 22 16 är
615 298 78 25 :antydd
711 298 4 19 i
737 297 61 25 fjerde

54 327 61 14 mom.
131 322 21 19 af
164 323 62 19 denna
240 323 69 24 punkt,
326 323 47 19 eller
386 325 28 17 att
429 324 121 25 förbrytaren
565 323 36 20 bör
618 323 25 26 pä
658 329 77 14 samma
748 323 50 26 gång

55 348 79 19 straffas
148 349 30 19 för
194 349 97 19 hvardera
306 349 162 20 öfverträdelsen.
489 361 12 3 —
511 350 51 20 Sista
578 356 60 13 mom.
653 351 84 25 antyder
747 350 48 25 åter,

54 375 61 25 enligt
129 375 111 20 Utskottets
254 375 128 26 uppfattning,
398 379 28 16 att
440 377 36 19 alla
490 377 24 20 de
528 377 153 19 öfverträdelser
698 382 43 14 som
756 382 41 14 om-

56 401 48 20 talas
122 402 5 18 i
144 401 63 20 denna
224 402 71 25 punkt,
315 402 55 19 skola
388 403 20 19 af
420 403 70 19 allmän
507 403 93 24 åklagare
612 403 71 23 åtalas;
700 404 38 19 och
751 403 46 20 med

55 428 93 19 afseende
166 427 56 23 Jerä,
242 431 27 16 att
283 429 148 20 öfverträdaren
448 429 6 19 i
470 430 35 19 alla
515 429 58 20 dessa
580 430 30 19 fall
620 430 134 19 underordnar
764 429 34 20 det

55 455 53 19 helas
126 459 50 20 gagn
194 455 38 19 och
248 458 54 23 nytta
320 455 62 20 under
400 456 29 19 sin
447 456 87 19 enskilda
552 456 89 25 tillfälliga
656 456 67 25 fördel,
739 461 57 14 anser

55 480 102 20 Utskottet
171 481 30 26 sig
214 481 66 19 kunna
294 481 78 20 förorda
387 482 50 19 bifall
452 483 25 18 till
492 482 62 20 denna
569 482 31 20 del
614 482 20 19 af
646 483 91 24 förslaget
749 483 5 18 i
764 488 34 13 en-

55 507 61 25 lighet
130 508 46 19 med
192 507 109 20 Utskottets
311 509 133 25 nyssnämnda
454 509 128 24 uppfattning.
597 521 25 2 —
637 509 35 24 De,
689 509 65 20 hvilka
765 509 31 19 bö-

54 538 21 14 ra
90 532 10 21 å
116 534 114 19 samhällets
246 535 73 24 vägnar
333 534 33 20 vid
381 535 85 20 domstol
481 535 61 20 beifra
559 535 53 20 brott
628 535 38 19 och
683 535 112 25 förseelser,

53 559 65 20 kunna
133 560 51 20 dock
199 561 49 19 blott
261 561 141 24 undantagsvis
418 561 75 26 grunda
510 561 37 20 åtal
566 562 20 19 af
601 561 146 26 ifrågavarande
764 562 33 19 be-

54 586 113 20 skaffenhet
180 586 24 25 pä
220 592 50 19 egen
285 587 122 25 iakttagelse.
435 589 77 24 Lagens
526 588 129 19 verksamhet
669 587 5 20 i
689 588 63 19 denna
766 587 30 21 del

54 612 92 21 kommer
161 612 78 21 således
253 613 170 26 hufvudsakligast
436 617 28 16 att
481 614 47 20 bero
542 613 65 26 deraf,
626 617 28 16 att
670 614 81 25 behörig
765 619 32 14 an-

54 639 76 25 gifvare
144 640 5 19 i
165 639 69 25 hvarje
248 639 95 20 särskildt
356 641 32 18 fall
404 641 112 24 uppträder.
546 641 42 19 Men
599 641 136 19 erfarenheten
745 641 53 19 visar

54 668 28 17 att
99 666 72 20 endast
188 667 61 18 sällan
266 666 61 20 blotta
345 667 130 20 rättskänslan
495 666 73 21 förmår
586 667 77 20 enskild
680 673 73 20 person
770 669 27 17 att

54 692 77 25 angifva
145 692 161 26 öfverträdelser,
320 692 74 26 jemväl
409 695 21 18 af
445 693 81 20 svårare
543 696 36 17 art.
612 694 37 19 Det
667 694 36 19 har
719 694 79 20 derföre

54 721 57 24 synts
128 719 110 25 Utskottet,
257 725 44 14 som
319 719 63 20 skulle
398 720 25 20 de
442 720 98 20 enskildes
561 721 137 24 obenägenhet
718 721 6 18 i
744 720 53 20 detta

53 745 115 20 hänseende
181 746 53 24 böra,
250 745 118 21 åtminstone
382 747 52 20 hvad
448 746 60 26 angår
521 746 149 26 ifrågavarande
682 747 112 24 förseelser,

54 772 116 19 motverkas
184 772 122 25 derigenom,
322 775 28 17 att
364 773 125 26 angifvarens
503 779 49 20 egen
567 773 61 20 fördel
641 774 59 18 äfven
714 773 83 20 befräm-

52 797 57 26 jades
123 803 71 20 genom
208 799 38 20 den
261 799 20 19 af
294 799 72 20 honom
380 800 108 25 upptäckta
501 800 121 19 förseelsens
636 799 115 26 angifvande
762 800 35 19 hos

54 824 150 21 vederbörande
218 825 96 25 åklagare.
344 825 28 20 Då
388 826 107 24 Utskottet,
512 825 32 20 vid
560 826 191 25 öfverläggningarne
765 831 33 14 om

55 851 126 20 merberörda
199 851 70 26 punkt,
286 855 56 22 egnat
360 853 176 25 uppmärksamhet
553 853 59 19 åfven
626 851 65 26 deråt,
708 853 50 19 huru
772 852 26 20 de

55 879 35 18 här
104 879 110 24 föreslagna
229 879 80 20 böterna
322 879 54 25 böra,
392 879 37 20 der
442 880 24 19 de
480 879 52 26 utgå,
550 879 84 20 fördelas
644 880 37 18 och
692 880 51 19 huru
751 879 46 20 med

54 904 33 20 det
102 905 130 20 öfverkomna
251 905 114 20 villebrädet
382 906 36 19 bör
435 906 89 25 förfaras,
543 905 21 20 sä
580 907 35 18 har
629 905 107 25 Utskottet,
751 905 46 20 med

54 931 73 20 fästadt
140 932 93 19 afseende
248 931 10 20 ä
273 932 157 26 ofvanupptagna
448 932 174 25 omständigheter,
638 934 67 17 ansett
721 933 29 18 för
768 932 30 19 sin

54 958 30 19 del
100 959 117 24 lämpligast,
233 961 28 17 att
275 958 84 20 nämnde
373 959 57 19 böter
446 959 55 20 delas
517 959 39 19 lika
574 959 81 19 emellan
672 958 123 25 angifvaren,

54 984 105 26 åklagaren
174 986 38 18 och
226 988 66 17 ortens
306 985 67 26 fattige
388 989 51 16 samt
453 988 28 17 att
495 985 115 20 villebrådet
623 985 6 20 i
643 985 37 20 alla
694 985 59 20 dessa
766 985 30 19 fall

54 1011 69 20 dömes
138 1012 96 19 förbrutet
248 1012 27 19 till
290 1011 99 20 enahanda
399 1012 113 25 fördelning.

107 1039 7 19 I
128 1038 121 26 inledningen
263 1038 26 20 till
303 1038 53 20 detta
370 1039 125 20 betänkande
510 1044 34 14 var
558 1038 102 20 Utskottet
673 1038 60 20 redan
737 1034 12 35 i
747 1038 51 19 till-

54 1065 46 19 fälle
114 1067 28 17 att
156 1065 107 25 framhålla,
278 1065 96 20 hurusom
388 1065 56 25 lagen
458 1071 67 14 ensam
540 1066 22 18 är
576 1065 112 25 vanmäktig
701 1067 28 17 att
740 1064 58 19 verk-

54 1093 52 18 samt
120 1091 93 25 befrämja
228 1090 111 25 rofdjurens
354 1092 146 25 förminskning.
529 1091 32 20 Till
577 1091 156 26 ådagaläggande
743 1091 56 19 häraf

55 1117 55 20 torde
125 1117 33 20 det
172 1123 47 14 vara
234 1117 111 26 tillräckligt
358 1121 28 16 att
400 1118 73 25 erinra,
488 1120 29 17 att
531 1123 24 14 en
570 1117 109 26 skallgång,
698 1117 100 20 anordnad

55 1145 39 18 och
107 1143 65 20 utförd
186 1145 58 24 enligt
257 1144 25 19 de
295 1144 131 24 föreskrifter,
443 1150 44 14 som
500 1145 25 19 23
540 1144 49 25 Kap.
601 1145 21 19 B.
633 1145 21 18 B.
666 1144 69 19 derom
743 1143 55 20 med-

54 1170 60 25 delar,
131 1171 59 19 oftast
204 1171 134 19 kommer
306 1166 33 35 för
352 1173 44 17 sent
410 1171 46 19 eller
470 1170 62 26 någon
549 1170 37 25 dag
605 1171 49 18 efter
671 1171 34 19 det
721 1170 26 19 Je
759 1170 39 19 rof-

54 1196 50 25 djur,
121 1202 44 14 som
179 1197 96 19 föranledt
289 1196 149 27 tillställningen,
454 1197 60 19 redan
528 1197 70 19 hunnit
608 1197 85 25 aflägsna
703 1197 30 24 sig
742 1199 55 16 utom

55 1222 137 26 skallgångens
206 1223 88 19 område.
323 1223 143 20 Erfarenheten
480 1224 36 19 har
530 1223 36 20 ock
581 1223 57 24 visat,
655 1225 28 17 att
695 1222 69 20 endast
773 1222 25 19 de

55 1248 132 27 skallgångar,
206 1255 52 18 som,
278 1249 24 25 på
321 1251 39 18 sätt
377 1249 23 25 på
419 1249 59 26 några
496 1252 52 17 orter
565 1250 77 25 vanligt
656 1250 27 23 är,
700 1249 98 24 företagas

55 1278 47 17 utan
117 1275 196 26 kronobetjeningens
327 1276 122 19 medverkan
462 1276 64 19 under
540 1274 103 26 sjelfvalde
657 1276 87 19 förmäns
758 1274 41 19 led-

54 1301 52 26 ning,
123 1302 87 19 medföra
224 1302 84 19 önskadt
322 1303 88 19 resultat.
439 1303 90 19 Orsaken
543 1303 22 18 är
578 1303 35 18 lätt
623 1302 78 19 funnen.
720 1296 14 36 I
730 1300 68 20 förra

54 1329 53 18 fallet
121 1332 23 15 är
158 1328 135 25 deltagarenes
307 1329 131 18 verksamhet
451 1329 46 19 dem
512 1329 110 23 aftvungen,
637 1329 5 18 i
653 1328 83 19 sednare
746 1327 52 19 fallet

56 1354 85 25 frivilligt
155 1354 73 25 gifven;
245 1354 4 18 i
263 1354 52 19 förra
329 1354 53 19 fallet
396 1355 47 18 sker
457 1353 125 26 skallgången
593 1353 61 24 någon
669 1353 27 20 tid
706 1353 50 19 efter
765 1353 34 18 det

56 1379 96 25 rofdjuret
169 1380 72 19 anfallit
257 1379 111 25 boskapen,
388 1381 5 18 i
408 1380 85 19 sednare
508 1380 53 19 fallet
574 1382 68 21 genast
660 1379 86 19 derefter
760 1379 38 18 och

56 1406 57 19 innan
130 1406 33 19 det
180 1405 75 20 kunnat
272 1405 65 20 lemna
354 1409 62 16 orten.
448 1406 66 26 Enligt
532 1404 72 26 sjette
627 1405 88 25 punkten
735 1404 64 20 skulle

58 1432 115 21 förberörda
188 1432 72 26 vigtiga
274 1433 144 25 angelägenhet
431 1433 26 20 till
472 1433 36 25 alla
521 1432 54 21 delar
590 1430 210 22 öfverlemnas
729 1426 12 37 i
752 1426 52 37 kom-
