986 1706
192 142 45 20 1430
408 141 72 22 Nädiga
492 141 139 23 Propositionen
643 140 37 17 N:o
692 140 28 17 43.

196 197 55 14 mare
265 190 130 20 förordnande
409 191 5 19 i
428 192 73 22 ämnet,
513 190 49 19 efter
573 188 199 26 omständigheterna,
784 188 20 20 af
811 188 63 20 Hans
884 187 50 25 Kej-

198 217 86 25 serliga
297 216 109 25 Majestät
419 217 5 19 i
438 216 65 20 Näder
517 216 95 20 utfärdas.

407 270 64 24 Enligt
491 270 62 19 Hans
570 268 134 26 Kejserliga
720 268 124 25 Majestäts
861 266 75 26 Nådiga

341 296 114 24 befallning,
479 296 66 24 gifven
568 296 5 18 i
587 296 37 19 S:t
643 295 121 25 Petersburg
790 294 38 20 den
846 295 23 18 43
894 294 42 24 (25)

337 322 51 25 April
407 322 59 19 1863.

462 384 73 17 Alex.
549 382 125 19 Armfelt.

664 436 21 20 A.
698 437 26 19 W.
737 436 133 20 Wallensköld.

399 606 307 24 Ekonomie-utskottets
720 606 166 23 betänkande
901 605 38 24 N:o

332 635 20 29 3,
372 636 9 22 i
400 636 119 28 anledning
539 636 24 22 af
580 635 73 23 Hans
671 634 168 34 Kejserliga
856 634 82 29 Maje-

332 664 70 22 stäts
423 663 84 52 Nädiga
522 664 152 34 proposition,
695 663 114 27 angäende
830 663 108 29 utvidgad

334 692 100 24 handels-
450 698 25 18 och
505 691 168 29 näringsfrihet.

251 747 66 20 Under
331 748 118 20 medeltiden
463 751 71 23 tvangs
548 748 37 19 den
603 747 80 26 fredliga
700 747 131 27 näringsfliten
848 750 28 17 att
892 747 48 20 söka

200 774 29 26 sig
244 774 66 26 skydd
324 774 4 20 i
343 774 102 20 befästale
459 775 73 25 städer,
543 775 39 19 och
592 774 172 26 näringsidkarene
774 774 99 26 nödgades
883 775 58 19 äfven

198 801 36 19 der
248 800 43 26 ingå
308 801 111 25 föreningar
435 802 124 20 sinsemellan
577 802 28 18 för
622 803 28 17 att
666 800 63 20 kunna
745 801 45 20 med
809 800 62 26 någon
888 802 52 24 slags

198 827 101 26 framgång
313 828 90 19 försvara
417 828 21 19 lif
451 829 39 18 och
504 828 95 26 egendom
613 830 53 17 emot
678 827 25 19 de
712 828 46 19 dem
768 828 123 25 omgifvande
901 828 41 19 feo-

198 854 134 20 Jalherrarne.
362 854 64 20 Dessa
440 854 172 20 försvarsförbund
627 853 99 21 utbildade
740 854 29 26 sig
786 854 113 20 sedermera
914 855 26 19 till

200 880 111 26 föreningar
325 880 29 20 för
368 880 129 20 befordrande
512 880 20 20 af
545 886 146 20 gemensamma
705 880 183 26 näringsintressen,
904 881 37 19 och

197 909 45 23 togo
260 906 122 26 småningom
399 907 5 19 i
422 907 52 19 Jetta
491 907 112 19 hänseende
620 907 38 19 den
674 907 85 25 riktning
774 910 27 16 att
815 907 24 20 de
853 907 27 19 till
894 907 46 20 dem

197 933 88 19 hörande
299 933 103 26 idkarene,
418 934 99 19 fördelade
532 934 49 19 efter
595 934 41 19 sina
650 933 70 27 yrken,
736 933 65 26 intogo
815 939 24 14 en
853 933 42 21 från
912 934 28 19 öf-

198 960 40 25 riga
252 960 129 25 medborgare
395 958 103 22 afsöndrad
514 960 94 25 ställning,
624 963 50 17 samt
690 960 100 20 sträfvade
800 962 28 18 att
837 962 103 24 utestänga

197 986 60 20 andra
272 986 44 20 från
330 986 120 26 delaktighet
463 986 6 20 i
483 986 232 26 förällingsnäringarnes
730 986 133 20 bedrifvande.

254 1013 37 19 Det
304 1012 79 20 bistånd
398 1013 90 19 städerna
503 1013 113 19 sedermera
631 1013 91 20 lemnade
735 1013 106 25 furstarne,
857 1012 24 20 då
895 1013 45 20 des-

201 1044 21 14 sa
238 1038 62 25 sökte,
316 1038 24 25 på
356 1039 41 19 sina
411 1040 96 18 vasallers
521 1039 116 24 bekostnad,
653 1039 79 25 utvidga
748 1040 29 18 sin
791 1040 60 24 makt,
862 1040 80 19 belöna-

198 1064 36 21 des
249 1065 88 25 vanligen
351 1065 46 19 med
415 1065 126 20 uteslutande
560 1065 112 26 privilegier
693 1065 24 26 på
738 1065 26 20 de
784 1066 69 26 yrken,
876 1065 65 20 hvilka

198 1091 60 20 sedan
272 1091 47 20 dess
333 1092 105 19 benämnts
452 1092 222 25 stadsmannanäringar.
704 1092 34 19 Ett
755 1091 43 21 skäl
812 1092 26 20 till
852 1093 30 18 för
898 1095 42 23 sty-

200 1117 89 20 relserna
303 1120 27 17 att
344 1123 64 21 gynna
422 1118 92 19 städerna
529 1117 24 26 på
567 1118 145 26 landsbygdens
726 1117 115 26 bekostnad,
853 1121 51 16 samt
913 1120 29 17 att

199 1144 48 19 söka
264 1144 106 25 uppdrifva
388 1144 59 19 deras
464 1145 111 25 befolkning
593 1144 21 20 så
632 1145 48 24 högt
696 1150 44 13 som
756 1143 83 27 möjligt,
855 1150 36 14 var
904 1145 38 20 den

199 1170 60 20 fördel
275 1171 29 18 för
318 1170 130 25 statskassan,
465 1176 43 14 som
523 1170 113 27 derigenom
654 1171 104 19 bereddes.
788 1171 40 20 Den
840 1171 104 26 jordägan-

199 1196 25 20 de
239 1197 56 20 adeln
310 1202 42 19 var,
369 1197 59 25 enligt
441 1198 66 24 regeln
522 1197 83 24 skattfri,
622 1200 52 17 samt
688 1197 44 25 åtog
748 1197 28 26 sig
790 1203 72 20 ogerna
876 1197 67 20 bevill-

199 1223 75 25 ningar.
303 1222 51 20 Från
366 1222 69 25 jorden
450 1223 79 26 utgingo
543 1224 71 19 endast
628 1223 146 26 tjenstebesvär
788 1225 38 18 och
839 1223 59 26 några
907 1229 35 14 na-

198 1249 183 24 turaprestationer.
410 1250 6 17 I
433 1250 90 19 städerna
538 1249 43 20 åter
602 1255 49 14 voro
672 1251 65 18 större
757 1251 70 24 rörliga
847 1251 95 24 kapitaler

199 1275 77 25 hopade
293 1276 38 18 och
348 1275 60 19 dessa
426 1275 75 25 blefvo,
520 1275 4 19 i
542 1276 211 19 öfverensstämmelse
767 1276 45 19 med
826 1276 38 19 den
879 1276 63 19 tidens

198 1301 138 25 statsrättsliga
357 1300 83 27 åsigter,
458 1301 117 20 beskattade
591 1307 70 20 genom
679 1303 46 19 tull-
745 1303 37 18 och
802 1302 137 26 accisafgifter,

197 1327 54 26 lagda
266 1327 25 26 pä
306 1331 30 16 ut-
353 1329 38 18 och
405 1328 99 20 inländska
521 1328 225 20 konsumtionsartiklar.
778 1329 32 20 Att
827 1329 114 26 uppbörden

196 1355 21 19 af
234 1353 74 22 sådane
326 1354 78 25 afgifter
420 1355 64 19 skulle
501 1355 37 20 ske
554 1357 66 18 lättast
637 1356 38 19 och
692 1355 26 20 till
738 1356 73 19 största
830 1356 60 19 fördel
911 1356 31 19 för

198 1380 76 21 kronan
288 1381 6 20 i
308 1381 26 20 de
348 1381 20 20 af
380 1387 68 14 murar
460 1381 139 27 kringstängda
614 1382 98 25 städerna,
728 1387 36 15 var
778 1381 102 27 sjelffallet.

252 1408 41 20 Alla
307 1408 59 19 dessa
382 1408 82 22 orsaker
479 1409 87 20 verkade
580 1411 28 18 att
622 1409 33 20 vid
669 1409 38 20 den
721 1414 61 21 nyare
797 1409 62 20 tidens
873 1408 68 26 början

198 1434 38 20 den
251 1435 75 20 skilnad
342 1435 80 20 emellan.
437 1435 43 20 stad
495 1436 36 19 och
547 1435 42 20 land
605 1436 54 20 fanns
676 1436 6 19 i
695 1437 78 24 lagarne
788 1436 92 25 utbildad,
897 1442 43 15 som
