1003 1703
189 145 43 19 1352
412 145 69 22 Nådiga
494 145 139 22 Propositionen
647 144 35 16 N:o
695 143 27 17 40.

188 200 24 13 en
230 194 104 24 utredning
351 195 20 18 af
386 193 71 26 antydd
476 193 136 20 beskaffenhet
628 192 44 20 icke
687 192 63 19 skulle
764 191 79 19 komma
857 193 28 17 att
900 193 30 17 ut-

186 221 45 18 öfva
252 219 57 26 något
330 220 115 25 väsendtligt
465 219 106 26 inflytande
591 219 23 25 på
635 219 120 19 Ständernes
776 217 65 20 beslut
858 217 4 19 i
877 217 54 20 detta

188 246 83 25 ärende,
295 246 35 19 har
352 247 99 19 Utskottet
472 249 63 16 ansett
553 244 68 26 hvarje
635 245 67 25 åtgärd
718 245 5 18 i
737 243 93 21 afseende
844 243 9 19 å
869 243 62 20 denna

188 273 117 26 utrednings
319 273 150 19 införskaffande
484 273 63 19 kunna
562 273 80 18 förfalla.

240 353 42 19 Den
302 351 89 27 gällande
408 350 142 26 lagstiftningen
568 349 100 26 angående
680 349 42 27 jagt
736 350 37 19 och
788 349 89 27 djurfång
891 349 42 21 må-

187 382 31 17 ste
232 380 26 19 till
274 379 42 19 sina
331 377 181 25 hufvudsakligaste
527 378 47 24 drag
589 377 58 19 sökas
660 378 5 18 i
680 377 80 25 «Kongl.
772 376 64 26 Maj:ts
846 376 87 26 Ordning

189 406 37 20 och
241 405 71 25 Stadga
327 410 33 14 om
373 404 86 24 Jachter,
476 402 106 26 Djurefång
597 403 37 20 och
649 402 167 26 Fogelskjutande,
828 402 55 26 gjord
895 404 37 19 och

189 432 108 20 förbättrad
312 431 23 25 på
351 430 109 26 Riksdagen
474 430 4 19 i
494 430 113 20 Stockholm
623 430 38 19 den
676 431 25 19 29
717 430 80 24 Augusti
812 430 64 20 1664»
895 430 37 19 och

190 460 21 18 är
225 458 78 20 således
318 458 119 19 tillkommen
452 456 24 26 på
492 462 23 14 en
529 456 34 25 tid,
579 456 23 20 då
618 456 37 20 den
669 456 75 26 åsigten
759 462 35 14 var
803 456 129 25 herrskande,

189 487 27 17 att
229 484 66 26 jagten
310 484 5 19 i
330 484 110 24 allmänhet,
456 489 45 13 men
515 484 115 25 isynnerhet
644 484 50 18 efter
704 483 71 26 nyttigt
785 482 100 26 villebråd,
897 488 37 14 var

189 518 24 13 en
236 510 160 27 sysselsättning,
415 510 45 20 med
474 510 90 25 hvilken,
579 512 55 17 utom
649 510 105 19 Monarken
768 510 37 19 och
821 510 48 19 hans
883 510 49 24 hus,

189 537 63 27 någon
273 543 63 14 annan
357 539 24 18 än
402 537 61 20 Adeln
485 536 121 26 skickligtvis
627 536 44 20 icke
690 536 66 20 kunde
773 536 19 20 få
809 536 72 20 befatta
895 536 36 26 sig.

191 565 65 19 Denna
271 564 122 26 grundtanke
407 563 134 20 återkommer
555 565 49 18 ännu
619 563 5 19 i
639 563 33 20 det
685 563 73 26 förslag
772 563 26 20 till
812 563 122 26 Byggninga-

189 591 55 25 balk,
260 597 44 14 som
318 590 120 26 granskades
453 589 10 20 å
479 589 127 27 riksdagarne
621 591 50 18 1731
684 591 41 20 och
740 590 51 19 1734
805 591 38 18 och
857 589 76 20 hvilket

189 618 73 25 förslag
283 618 81 19 innehöll
380 619 28 17 ett
422 617 93 19 särskildt
529 617 71 25 kapitel
615 617 4 19 i
634 619 77 22 ämnet,
726 617 34 19 det
773 617 47 19 23:e
834 617 5 19 i
854 616 78 20 ordnin-

191 650 45 19 gen,
258 645 46 18 med
322 643 122 20 öfverskrift:
462 643 68 20 «Huru
544 643 57 20 bötas
615 643 48 20 skall
678 643 24 20 då
717 642 94 27 Högdjur,
827 643 52 20 Hara
895 643 38 20 och

189 671 59 25 Fogel
262 671 81 25 olagliga
358 669 75 25 skjutas
447 670 47 19 eller
508 669 89 26 fängas.»
625 670 43 20 Och
686 669 22 20 sä
724 672 50 17 stort
788 670 61 19 värde
863 672 70 17 syntes

189 696 63 20 denna
271 696 102 20 exklusiva
389 696 133 26 jagträttighet
538 702 44 20 -ega,
601 699 27 17 att
643 697 61 20 ehuru
722 696 25 20 de
762 696 71 20 ofrälse
851 696 82 19 stånden

190 723 32 19 vid
242 722 51 20 båda
313 723 127 25 riksdagarne
457 722 100 20 framhöllo
572 723 32 19 det
619 723 74 25 obilliga
708 723 50 24 deri,
775 725 26 17 att
819 728 23 14 en
860 722 72 20 ofrälse

189 748 106 26 jordegare
309 749 43 19 icke
366 749 64 20 kunde
444 751 47 17 utan
505 748 154 26 ansvarspåföljd
673 749 44 25 jaga
732 755 35 13 ens
781 748 24 27 på
816 754 49 20 egen
877 749 56 19 mark

190 776 64 20 under
274 776 72 20 tillåten
364 776 33 24 tid,
417 776 143 25 Ridderskapet
577 777 38 18 och
632 776 60 20 Adeln
707 776 57 19 likväl
780 775 65 20 envist
860 775 73 19 vidhöll

190 802 54 20 såväl
266 802 79 25 frågans
366 802 100 25 egenskap
487 802 20 19 af
525 805 28 17 att
570 802 47 26 angä
635 804 28 18 ett
680 802 193 26 ståndsprivilegium
890 807 44 14 som

191 828 69 26 sjelfva
274 829 54 19 detta
342 829 122 25 privilegium
480 829 36 19 och
531 829 113 26 derigenom
658 829 68 26 bragte
740 829 60 19 saken
809 828 82 24 derhän,
905 831 29 17 att

191 856 43 19 hela
249 856 79 24 kapitlet
343 856 82 18 uteslöts
439 861 23 13 ur
477 855 186 27 Byggningabalken,
680 856 61 19 sådan
756 856 38 19 den
809 856 20 19 af
841 855 92 19 Ständer-

190 888 24 14 ne
235 885 69 22 antogs
326 882 31 19 vid
375 882 121 20 sistnämnde
511 882 86 26 riksdag.
626 882 42 20 Hos
683 884 28 18 ett
724 882 49 24 folk,
790 887 42 15 som
847 881 87 20 omedel-

190 908 86 26 barligen
298 909 77 19 utöfvar
395 908 106 26 inflytande
518 908 24 26 på
561 910 30 18 sin
606 909 124 25 lagstiftning,
747 909 65 19 kunna
826 908 52 20 dock
893 908 41 25 lag-

190 934 49 26 bud,
262 935 66 19 hvilka
350 934 30 20 stå
401 936 5 18 i
425 936 63 24 öppen
503 935 48 19 strid
566 935 44 19 med
625 935 189 19 rättsmedvetandet
829 935 36 19 hos
879 934 53 20 detta

189 960 49 25 folk,
262 961 57 19 äfven
336 967 33 13 om
385 961 25 20 de
427 962 25 18 ha
469 961 31 19 sin
514 963 31 17 rot
558 961 5 19 i
578 961 84 26 mäktiga
676 961 177 24 ståndsintressen,
869 961 45 19 icke
928 961 5 19 i

191 987 80 26 längden
292 987 107 25 uppbäras.
428 987 35 20 Vid
486 988 51 20 1789
559 987 32 20 års
612 988 79 25 riksdag
705 988 31 19 föll
751 988 78 19 derföre
847 987 88 20 omsider

189 1014 38 18 och
240 1014 30 18 för
284 1014 52 19 alltid
350 1014 62 19 denna
431 1013 71 20 Adelns
515 1014 125 19 uteslutande
652 1014 146 25 jagträttighet,
815 1015 5 18 i
835 1015 38 18 och
887 1014 47 19 med

191 1039 33 20 det
237 1039 68 26 Kongl.
322 1040 142 25 Förordningen
479 1045 32 14 om
525 1040 167 19 kronohemmans
706 1039 115 26 försäljande
831 1040 26 20 till
869 1040 65 19 skatte

191 1068 51 17 samt
262 1066 24 19 de
308 1065 98 20 förmåner
423 1067 38 18 och
476 1066 68 25 vilkor,
561 1067 112 20 hvarunder
687 1067 158 19 skattehemman
860 1066 73 19 hädan-

191 1092 49 19 efter
254 1092 54 19 skola
323 1093 120 23 innehafvas,
459 1093 66 25 gifven
539 1093 39 19 den
593 1094 23 18 21
632 1093 92 20 Februari
740 1094 51 19 1789
801 1093 132 25 uttryckligen

191 1118 113 28 tillerkände
325 1124 71 19 egaren
417 1119 20 19 af
455 1118 109 26 skattejord
581 1119 100 20 enahanda
695 1119 93 26 rättighet
800 1120 27 19 till
840 1122 39 23 Jagt
895 1119 38 19 och

190 1144 90 25 djurfäng
294 1144 11 20 ä
320 1145 29 19 sin
363 1145 64 25 mark,
443 1151 44 14 som
499 1145 177 20 fräisehemmanen
686 1147 52 18 förut
748 1145 49 20 hade
807 1145 9 19 ä
827 1145 40 20 sina
877 1151 54 20 egor.

191 1171 41 19 Den
252 1171 106 25 grundsats
378 1174 28 17 att
427 1172 136 26 eganderätten
584 1173 27 19 till
632 1173 80 19 marken
737 1173 104 19 innefattar
859 1171 74 27 jemväl

191 1198 115 24 eganderätt
319 1199 26 19 till
360 1199 34 19 det
403 1198 103 26 villebråd,
518 1204 43 14 som
571 1199 46 20 derå
628 1199 64 20 finnes
694 1194 10 35 i
717 1199 41 20 fritt
767 1198 92 26 tillstånd,
871 1201 60 22 samt,

190 1224 26 19 till
237 1224 45 25 följd
305 1224 64 26 deraf,
391 1225 58 20 äfven
463 1226 91 25 rättighet
568 1226 29 19 för
610 1227 94 19 markens
718 1232 60 19 egare
791 1228 40 23 att,
846 1227 35 18 när
895 1226 38 19 han

190 1250 34 19 det
237 1250 81 25 förmår,
334 1252 49 18 sätta
398 1252 29 24 sig
441 1252 4 18 i
461 1252 102 25 besittning
580 1253 20 18 af
612 1252 52 19 detta
680 1252 103 24 villebråd,
802 1252 51 19 hade
867 1252 67 19 sälun-

189 1275 25 20 da
235 1276 69 19 vunnit
318 1277 122 19 erkännande
455 1278 56 19 äfven
526 1278 5 18 i
546 1278 148 25 lagstiftningen.
723 1279 43 19 Men
784 1278 103 19 samhället
905 1277 28 19 fär

190 1302 44 20 icke
248 1303 76 25 ligiltigt
338 1302 40 26 åse,
395 1306 27 16 att
437 1309 23 14 en
475 1304 66 25 egodel
557 1304 20 20 af
584 1304 145 26 öfvervägande
739 1304 66 26 värde,
818 1305 71 19 hvaraf
896 1304 37 19 till-

189 1328 75 27 gången
278 1331 22 17 är
314 1330 110 25 begränsad
439 1330 37 20 och
486 1330 99 21 beroende
593 1332 21 19 af
622 1332 175 26 fortplantningens
807 1330 124 28 skyddande,

191 1356 67 19 anlitas
273 1356 24 25 pä
314 1358 27 17 ett
356 1358 47 24 sätt,
420 1363 43 13 som
479 1358 113 19 motverkar
607 1358 168 26 fortplantningen.
798 1359 32 19 Att
843 1358 5 19 i
864 1358 69 19 sädant

190 1382 93 21 afseende
304 1383 76 26 skydda
400 1383 34 21 det
453 1384 73 26 nyttiga
543 1384 117 21 villebrädet
674 1385 35 20 har
724 1385 78 20 derfore
816 1384 51 21 alltid
882 1384 51 20 varit

190 1411 27 18 ett
232 1409 97 32 befogadt
348 1409 80 22 föremål
444 1411 28 19 för
487 1411 129 26 lagstiftarens
631 1418 86 20 omsorg.
746 1413 8 19 I
768 1412 53 20 detta
836 1411 52 26 syfte
905 1411 28 20 in-

191 1437 77 20 nehälla
281 1437 58 20 äfven
355 1438 50 20 1664
420 1437 33 21 års
467 1438 112 27 Jagtstadga
594 1438 59 27 några
667 1439 160 26 inskränkningar
841 1438 5 20 i
860 1439 73 20 Adelns
