981 1703
242 138 71 22 Nådiga
325 139 140 22 Propositionen
478 139 36 17 N:o
526 138 28 18 45.
726 139 44 20 1501

134 188 139 25 innehafvaren,
294 191 28 17 att
341 189 31 18 vid
392 188 106 26 anfordran
512 191 46 16 utan
573 191 58 17 ränta
644 189 82 24 inlösas;
742 190 33 19 och

133 222 47 13 vare
198 216 71 19 enskild
287 216 50 19 bank
349 217 108 25 förpligtad
471 219 28 16 att
513 215 102 24 desamma,
630 217 31 18 vid
674 218 99 24 uppvisan-

133 243 31 20 det
182 245 7 18 i
208 243 57 25 något
285 244 82 19 bankens
386 245 72 23 kontor,
480 244 40 19 med
539 244 63 25 silfver
620 245 65 18 eller
678 239 11 35 i
702 245 71 19 landets

130 272 89 24 gällande
238 275 52 22 mynt
310 273 65 24 infria,
395 272 32 19 vid
446 273 86 25 äfventyr
549 274 29 17 att
592 272 50 25 eljest
656 273 63 18 varda
731 274 43 18 sina

134 299 159 25 bankrättigheter
302 299 96 26 förlustig.

84 326 42 18 Den
141 327 5 18 i
161 327 10 24 $
186 327 23 19 41
225 328 108 24 föreslagna
347 327 140 19 fondsäkerhet
504 327 20 19 af
540 327 24 19 75
578 329 81 23 procent
674 330 53 16 emot
740 327 34 19 det

34 352 68 25 belopp
116 352 136 25 kreditsedlar,
270 353 73 20 enskild
358 353 51 19 bank
425 353 113 25 berättigats
552 353 79 25 utgifva,
647 354 59 19 hafva
721 354 53 19 stän-

34 378 62 24 lerne,
116 378 30 20 för
163 378 31 20 sin
211 379 37 25 del,
264 382 67 17 ansett
346 385 45 13 vara
406 379 114 25 otillräcklig
534 380 37 19 och
586 379 46 19 böra
647 379 85 25 förhöjas
748 380 24 19 till

34 406 34 18 140
83 408 89 22 procent,
188 404 24 26 på
227 405 34 20 det
275 406 132 20 allmänheten
422 405 61 20 måtte
498 410 34 21 ega
547 405 57 26 nödig
617 406 80 25 garanti,
712 406 5 19 i
727 406 47 19 hän-

34 431 51 20 lelse
102 432 161 26 hypothecerade
281 432 136 26 värdepapper
435 432 63 20 skulle
515 432 44 20 falla
576 432 4 19 i
599 432 58 22 kurs,
676 433 48 19 eller
741 438 33 14 om

34 458 163 20 kreditsedlarnes
218 458 74 20 inlösen
314 459 44 19 med
379 461 62 23 ränta,
461 458 31 20 vid
509 458 89 20 bankens
612 458 120 20 försättande
746 458 27 19 uti

33 484 179 26 <onkurstillständ,
229 485 24 25 pä
268 487 39 17 sätt
316 485 63 20 nedan
388 485 132 24 omförmäles,
532 485 80 19 komme
615 480 9 35 i
636 485 61 25 fråga.
715 484 58 20 Hvad

33 510 39 20 åter
92 510 60 26 angår
168 511 115 25 pröfningen
304 512 21 18 af
343 512 113 25 hypotheks
471 511 120 26 antaglighet
604 511 38 19 och
655 510 119 26 beviljandet

33 537 18 19 af
63 536 47 20 dess
124 537 71 26 utbyte
208 541 42 16 mot
264 540 49 24 nytt,
329 543 61 21 synes
406 537 70 20 sådant
490 536 17 27 ej
522 538 64 19 kunna
600 537 106 19 tillkomma
721 537 53 19 bola-

33 565 37 23 set,
94 569 44 14 som
159 564 69 20 härvid
244 567 22 17 är
282 564 120 20 intresserad
416 567 50 22 part,
483 566 46 18 utan
544 564 48 19 böra
606 563 27 19 till
648 564 33 20 det
694 562 79 27 publika

33 590 103 20 ombudets
150 590 48 20 eller
211 590 71 20 allmän
297 584 125 42 myndighets
433 590 105 26 afgörande
547 590 139 20 öfverlemnas.
702 590 73 19 Derest

32 616 62 20 denna
108 617 118 20 ständernes
242 617 130 26 underdäniga
386 617 51 26 äsigt
450 617 21 19 af
481 617 24 20 E.
516 617 23 20 K.
550 617 36 19 M:t
600 616 5 19 i
619 617 61 20 nåder
689 616 83 25 bifalles,

32 643 60 20 skulle
106 643 10 25 $
130 642 20 21 få
164 642 84 26 följande
262 643 86 26 lydelse:

132 675 68 20 Såsom
218 678 78 24 garanti
314 677 32 23 för
363 677 31 19 det
414 676 64 25 belopp
493 675 131 23 kreditsedlar,
638 675 72 20 enskild
725 675 49 20 bank

132 704 109 26 berättigats
262 707 27 16 att
308 706 79 25 ulgifva,
406 704 47 20 skall
472 704 109 20 densamma
596 704 6 18 i
617 704 77 18 allmänt
704 704 70 24 förvar

132 732 87 20 nedsätta
237 733 91 19 metallisk
346 734 70 21 valuta,
432 732 138 20 räntebärande
585 733 128 24 statspapper,
728 731 46 25 god-

131 760 75 24 kända,
224 758 46 22 dock
288 761 40 19 icke
346 762 24 25 af
384 761 72 19 banken
471 760 46 26 sjelf
528 759 107 23 utfärdade,
652 760 122 24 obligationer

132 789 43 19 eller
194 791 26 17 uti
235 790 44 24 fast
299 790 89 24 egendom
407 788 108 20 intecknade
534 788 59 19 säkra
607 787 111 25 skuldebref,
734 793 39 13 som

132 818 49 18 inom
200 818 75 18 kortare
295 818 26 18 tid
340 818 62 18 kunna
422 817 106 19 realiseras.
558 816 68 19 Denna
635 815 138 26 fondsäkerhet

133 845 33 19 bör
180 846 7 18 i
201 845 58 19 värde
267 845 48 25 fullt
328 848 96 16 motsvara
438 844 157 20 kreditsedlärnes
610 844 72 24 belopp,
696 843 78 19 hvarvid

134 875 122 23 statspapper
270 873 34 19 och
319 873 121 25 obligationer
454 875 82 22 antagas
550 872 28 19 till
592 873 25 18 tio
624 873 79 24 procent
717 871 59 19 under

132 901 57 19 deras
208 902 111 22 kursvärde,
340 901 24 19 dä
384 901 141 25 nedsättningen
545 900 49 18 sker.
625 900 114 24 Pröfningen
754 900 25 24 af

132 929 65 26 dylika
215 929 125 25 hypothekers
360 929 114 25 antaglighet
488 928 33 20 och
534 928 89 25 gällande
636 928 58 24 kraft,
710 928 63 25 äfven-

133 964 40 13 som
192 957 111 25 beviljandet
322 958 24 25 af
360 958 72 18 insatta
450 956 125 26 hypothekers
589 956 63 26 utbyte
667 958 47 16 emot
728 961 44 19 nya,

109 1009 2 2 =
135 986 107 19 tillkommer
262 985 31 20 det
310 986 78 24 publika
408 985 83 19 ombudet
509 984 50 23 eller,
574 984 32 19 vid
620 984 42 19 dess
672 983 102 25 frånvaro,

134 1014 120 19 Guvernören
269 1015 7 18 i
290 1014 30 19 det
336 1014 38 22 län,
389 1015 27 18 uti
431 1013 57 19 hvars
502 1012 77 26 vänteri
589 1011 126 26 depositionen
728 1014 46 22 äger

134 1049 46 12 rum.
211 1042 12 19 I
236 1040 36 21 den
285 1041 45 20 män
344 1041 136 26 ofvannämnde
494 1040 108 20 säkerheter
617 1039 59 26 blifvit
688 1039 85 19 inlevere-

132 1070 48 20 rade
196 1070 34 20 och
246 1070 100 25 behörigen
359 1069 109 26 godkända,
483 1068 31 19 mä
529 1068 102 19 blanketter
645 1067 29 20 till
688 1067 86 20 sedlarne

134 1099 24 26 af
174 1098 136 20 vederbörande
330 1097 20 20 ät
370 1098 83 25 bolagets
466 1096 79 27 styrelse
560 1096 122 26 Ofverlemnas
698 1095 34 20 och
747 1101 27 12 se-

133 1127 145 25 delutgifningen
296 1126 82 25 vidtaga.

85 1161 7 19 I
107 1160 93 21 afseende
214 1159 11 20 å
240 1160 84 20 sednare
337 1161 109 18 momentet
460 1158 20 20 af
492 1158 10 25 $
518 1159 24 19 13
556 1157 18 20 få
587 1157 105 20 ständerne
702 1155 74 20 under-

31 1187 78 26 dänigst
123 1187 98 26 tillstyrka
236 1186 84 25 följande
337 1186 111 19 redaktion:

135 1219 98 20 Likaledes
253 1219 53 20 skola
326 1218 177 25 årsredovisningen
518 1217 34 19 och
566 1215 209 22 revisionsberättelsen,

134 1248 36 19 den
190 1248 80 19 sednare
289 1247 56 24 enligt
363 1247 25 25 af
404 1246 82 19 Senaten
495 1244 104 27 faststäldt
612 1244 100 24 formulär,
727 1243 50 29 inom

136 1277 37 18 viss
193 1275 26 20 tid
232 1277 46 24 före
296 1275 96 20 ordinarie
408 1274 155 25 bolagsstämma,
577 1278 66 19 genom
658 1271 118 25 tidningarne

138 1304 146 25 offentliggöras.

89 1338 35 19 Vid
133 1338 59 19 slutet
199 1338 20 18 af
227 1337 11 25 $
248 1338 25 18 14
283 1341 48 15 anse
341 1335 106 20 ständerne
456 1335 30 25 sig
495 1334 58 20 böra
548 1327 8 39 i
563 1333 155 24 underdänighet
728 1331 49 20 före-

35 1363 28 21 slå
78 1362 92 26 följande,
187 1362 23 26 på
225 1362 81 20 rättvisa
320 1363 38 18 och
372 1362 88 24 billighet
473 1359 99 27 grundade
587 1359 72 25 tillägg:

138 1399 79 19 Banken
232 1397 71 26 åligger
317 1399 28 17 att
360 1397 62 22 aflöna
434 1395 73 26 publikt
522 1394 67 21 ombud
603 1394 42 20 med
659 1393 31 20 det
705 1392 71 27 belopp,

142 1426 81 21 Senaten
232 1427 65 25 finner
310 1425 69 26 skäligt
388 1424 105 26 fastställa.
