986 1703
205 155 44 18 1620
419 154 72 22 Nädiga
503 154 139 23 Propositionen
656 153 35 17 N:o
705 153 27 17 49.

203 206 96 18 omsättas
313 204 25 20 till.
353 203 140 20 räntebärande
508 206 131 22 statspapper,
655 202 142 19 företrädesvis
815 201 69 26 ryska,
904 202 38 19 och

204 231 79 20 Banken
297 231 30 18 för
340 231 29 18 sin
385 230 59 25 öfriga
464 230 127 19 verksamhet
612 229 43 19 icke.
675 229 66 18 kunde
760 228 103 25 disponera
874 241 2 2 :
884 228 60 19 dessa

205 257 74 24 vidare,
290 258 28 18 än
331 257 6 19 i
350 257 38 19 den
402 256 45 19 män
462 255 228 27 Hypotheksföreningen
704 254 115 26 återlyftade
833 254 30 20 sin
886 254 60 25 depo-

205 284 64 25 sition,
286 283 78 20 hvilken
378 282 78 21 således
471 282 52 20 alltid
539 283 79 18 komme
632 285 27 16 att
677 288 12 13 v
702 287 21 14 ra
744 281 115 26 garanterad
881 281 21 20 af
920 284 24 17 en

204 311 38 20 lika
258 315 77 14 summa
349 310 6 19 i
369 310 48 19 slika
431 315 81 20 papper,
528 315 45 13 men
587 309 76 19 Banken
678 309 5 18 i
698 309 64 19 stället
782 308 50 25 egde
853 308 93 25 rättighet

206 340 28 17 att
254 337 21 19 af
293 337 59 19 dessa
372 339 125 23 statspapper
517 335 86 21 beräkna
624 341 23 13 en
668 335 92 25 fjerdedel
784 334 66 20 såsom
872 335 74 25 garanti

206 364 29 20 för
249 363 29 20 sin
293 363 157 19 sedelemission.

259 390 43 19 Den
319 389 60 20 andra
396 388 70 26 nådiga
481 388 118 20 skrifvelsen
613 389 21 19 af
645 394 76 14 samma
736 388 36 26 dag
786 387 116 25 innehåller,
918 391 28 16 att

206 416 61 20 sedan
281 417 62 19 Hans
357 414 133 27 Kejserliga
503 414 113 26 Majestät
629 415 5 19 i
648 415 60 19 nåder
721 414 70 26 tillåtit,
803 417 27 17 att
840 414 107 20 metalliskt

206 445 58 25 mynt
277 443 5 19 i
297 442 55 20 mark
367 442 37 20 och
419 442 57 26 penni
490 441 57 27 finge,
565 442 50 19 efter
634 442 34 19 det
688 441 97 20 särskilda
805 441 142 20 förberedande

206 469 92 27 åtgärder
311 470 6 18 i
330 470 66 18 ämnet
409 468 64 20 blifvit
487 469 97 26 vidtagne,
600 468 95 20 förklaras
710 468 30 19 för
755 468 37 20 den
810 468 49 20 enda
879 468 67 25 lagliga

206 496 150 20 värdemätaren
371 496 5 18 i
391 495 85 25 Finland,
492 498 52 17 samt
557 495 60 19 Hans
631 494 117 26 Majestät,
767 495 29 19 för
814 497 27 17 att
855 494 92 20 förskaffa

206 523 90 20 Finlands
311 522 52 21 Bank
379 522 77 26 tillgång
470 522 24 26 på
509 522 68 20 silfver
590 522 6 19 i
610 522 93 20 afseende
715 521 10 20 å
736 521 103 26 obetingad
848 521 98 26 invexling

206 550 22 20 af
239 550 48 20 dess
301 549 65 20 sedlar
380 549 42 20 från
436 549 37 20 den
487 549 98 26 tidpunkt,
601 548 24 20 Jå
640 549 61 25 sagde
714 549 105 25 förklaring
836 554 110 18 emanerar,

206 577 99 20 meddelat
319 576 124 19 Direktionen
458 577 30 18 för
501 576 90 20 Finlands
605 576 51 19 Bank
672 575 84 20 tillstånd
777 577 28 18 att
825 575 20 19 af
865 575 33 20 det
917 578 30 17 ut-

207 603 81 20 ländska
301 602 37 25 lån,
354 602 229 27 Hypotheksföreningen
597 602 81 20 komme
692 604 28 17 att
740 605 91 22 upptaga,
853 601 19 20 få
894 605 54 17 emot

207 630 54 19 vissa
277 629 62 20 vilkor
352 629 6 19 i
372 629 79 20 Banken
466 628 67 21 såsom
553 629 108 26 deposition
681 631 99 23 emottaga
800 628 49 20 ända
870 629 26 20 till
917 632 31 17 tre

207 656 89 25 miljoner:
310 656 63 25 rubel,
389 655 22 20 så
426 655 50 20 hade
491 656 58 20 Hans
561 655 132 26 Kejserliga
708 654 108 26 Majestät
827 655 62 20 funnit
901 655 47 26 godt

207 682 5 20 i
227 682 61 20 nåder
301 682 97 20 förordna:

262 710 39 18 1:0.
330 709 32 19 Att
377 708 21 20 så
414 711 53 17 snart
481 708 238 27 Hypotheksföreningen,
730 707 25 27 pä
765 708 25 20 de
804 708 20 20 af
836 708 63 20 Hans
908 708 39 20 Ma-

206 734 76 26 jestät
295 735 93 19 särskildt
402 735 93 25 stadgade
510 735 68 24 vilkor,
594 735 5 19 i
613 735 91 19 Finlands
717 735 53 19 Bank
787 734 107 26 deponerat
908 734 39 20 åtta

207 761 90 26 miljoner
311 762 54 19 mark
382 762 4 18 i
402 762 49 25 goda
465 762 103 19 utländska
583 762 82 24 valutor,
682 761 106 20 metalliskt
802 764 56 23 mynt
871 762 6 18 i
891 762 57 19 mark

208 789 38 19 och
260 788 58 26 penni
332 788 62 20 skulle
408 794 48 13 vara
470 788 37 20 den
522 788 49 19 enda
585 788 66 26 lagliga
673 788 149 20 värdemätaren
843 788 6 19 i
869 788 78 20 Finland

207 814 42 20 frän
264 816 37 18 och
315 814 45 20 med
375 814 38 20 den
428 814 43 26 dag,
488 814 106 26 Kejserliga
609 815 90 25 Senaten,
715 820 43 14 som
773 814 57 21 tillika
845 814 102 26 bemyndi-

207 844 43 22 gats
264 844 28 17 att
306 841 77 25 vidtaga
398 842 35 19 alla
448 842 29 19 för
490 841 64 21 denna
567 842 141 26 myntreforms
717 841 152 25 genomförande
879 842 68 25 nödiga

208 867 97 27 åtgärder,
322 868 49 25 egde
385 870 91 18 närmare
490 868 116 24 bestämma;
622 870 52 18 samt

250 896 51 18 .2:0.
331 895 38 24 Att,
385 895 5 19 i
405 895 92 19 händelse
511 895 230 26 Hypotheksföreningen
763 895 72 19 erhölle
855 895 49 19 blott
924 901 23 13 er

208 921 78 20 mindre
299 921 29 20 del
344 922 20 18 af
376 922 34 19 det
423 921 112 26 påräknade
548 921 52 21 lånet
614 922 38 19 och
672 922 78 19 derföre
772 922 44 19 icke
836 922 65 19 kunde
922 922 25 20 till

207 948 91 20 Bankens
312 948 115 25 disposition
442 948 53 20 ställa
510 948 33 20 det
557 948 142 20 ofvannämnda
713 948 93 26 beloppet
819 948 21 20 af
852 947 39 21 åtta
907 949 41 19 mil-

206 974 57 26 joner
278 975 62 24 mark,
356 980 44 14 som
414 975 78 19 Banken
507 977 74 17 ansetts
596 974 83 20 behöfva
697 975 29 19 för
747 975 199 26 siliverutvexlingen,

208 1001 77 19 Banken
300 1001 57 19 likväl
373 1001 63 19 skulle
450 1004 53 17 emot
518 1001 42 19 sina
575 1001 65 19 sedlar
654 1000 72 25 årligen
740 1000 25 25 på
784 1000 103 21 bestämda
910 1005 37 16 ter-

208 1027 62 20 miner
285 1026 50 20 hålla
350 1027 232 26 Hypotheksföreningen
598 1027 90 20 tillhanda
702 1027 17 19 al
734 1027 41 25 pari
785 1026 23 20 så
818 1030 51 17 stort
877 1027 71 26 belopp

208 1053 75 25 silfver,
299 1059 43 14 som
356 1054 126 19 motsvarade
495 1053 38 20 den
547 1053 94 26 annuitet,
657 1053 112 26 föreningen
790 1053 61 20 borde
872 1054 29 19 för
915 1054 33 20 det

208 1079 89 20 erhållna
311 1079 104 20 utländska
429 1079 52 20 lånet
494 1080 83 25 erlägga.

260 1106 56 20 Hvad
331 1111 27 14 nu
370 1106 92 19 beträffar
476 1105 63 20 denna
558 1106 83 20 sednare
657 1106 31 20 del
706 1106 20 19 af
742 1107 62 19 Hans
821 1105 127 27 Kejserliga

207 1131 124 26 Majestäts
345 1131 69 27 nådiga
429 1132 128 26 proposition,
572 1132 58 20 hafva
645 1133 51 19 inom
713 1133 99 19 Utskottet
821 1129 127 39 meningarne

207 1160 53 19 varit
273 1159 68 20 delade
354 1159 5 19 i
374 1159 23 20 så
411 1159 68 25 måtto,
495 1161 28 18 att
535 1159 33 20 två
579 1159 68 20 stånds
656 1159 121 26 deputerade
785 1159 62 27 hyllat
855 1164 25 15 en
890 1159 56 26 åsigt,

208 1185 97 26 skiljaktig
319 1185 42 19 från
374 1186 45 25 den,
436 1192 43 13 som
493 1188 72 24 yttrats
579 1186 20 19 af
611 1186 121 26 deputerade
746 1186 30 19 för
788 1186 26 20 de
834 1186 63 26 begge
916 1192 33 14 an-

208 1212 36 20 dra
259 1211 90 21 stånden.
378 1212 8 19 I
400 1212 54 20 detta
468 1212 92 20 afseende
577 1212 58 20 hafva
652 1213 154 25 Ridderskapets
821 1214 39 18 och
876 1213 73 20 Adelns

208 1241 52 17 samt
274 1238 156 20 Bondeståndets
444 1239 120 24 deputerade
578 1239 62 19 funnit
654 1239 41 19 skäl
711 1240 36 18 hos
768 1239 108 19 Ständerne
891 1240 58 19 vörd-

208 1266 97 18 sammast
319 1264 104 26 tillstyrka,
442 1267 28 17 att
490 1264 61 20 Hans
573 1264 123 25 Majestäts
716 1264 70 26 nådiga
806 1264 143 21 förordnanden

208 1296 33 13 om
266 1290 241 26 Hypotheksföreningens
521 1290 181 26 affärsgemenskap
717 1291 46 20 med
784 1291 89 19 Finlands
896 1291 52 20 Bank

207 1316 63 20 måtte
285 1316 54 26 tjena
352 1316 27 20 till
396 1316 120 27 underdänig
537 1318 136 19 efterrättelse.
701 1318 78 19 Presta-
800 1318 37 19 och
857 1318 93 26 Borgare-

207 1343 94 20 ständens
316 1344 121 24 deputerade
451 1344 58 19 hafva
523 1345 57 18 äfven
595 1344 4 19 i
614 1340 155 30 underdänighet
783 1344 68 20 erkänt
861 1344 37 20 den
909 1346 41 19 väl-

207 1372 65 18 menta
287 1370 43 26 plan
344 1371 38 18 och
396 1371 113 25 beräkning,
528 1376 43 15 som
586 1371 29 19 för
635 1371 127 20 omförmälde
783 1371 68 26 nådiga
873 1371 75 20 förord-

207 1397 77 20 nanden
299 1397 59 26 ligger
372 1398 26 19 till
413 1398 69 25 grund,
498 1403 46 14 men
559 1397 57 20 likväl
632 1401 64 16 ansett
711 1398 118 20 tvi(velsmä!
850 1398 99 20 förekom-

207 1429 38 19 ma,
262 1424 97 20 huruvida
374 1425 58 19 deras
446 1424 104 21 utförande
564 1424 62 21 under
639 1425 122 21 närvarande
770 1426 39 19 och
818 1424 130 27 nästföljande

207 1451 51 20 tider
272 1457 49 14 vore
336 1450 72 27 möjligt
423 1452 47 19 eller
487 1452 88 25 förenligt
595 1452 45 20 med
662 1452 62 20 finska
745 1453 88 20 Bankens
855 1453 91 20 intresse.
