981 1714
244 137 71 22 Nådiga
327 138 140 23 Propositionen
481 138 36 18 N:o
529 138 28 18 43.
730 141 41 19 1461

131 190 45 25 ning
196 187 63 22 derom
277 191 28 17 att
319 189 39 20 kan
371 189 56 26 yrket
435 189 78 27 förstår
528 190 34 20 och
576 197 44 20 eger
634 190 35 20 den
678 191 36 25 för
729 191 42 20 dess

131 217 101 26 utöfvande
246 217 69 26 nödiga
330 217 91 26 kunskap.

81 246 79 19 Preste-
181 246 37 19 och
236 245 166 26 Borgarestånden
417 246 58 19 hafva
489 247 58 19 äfven
561 246 80 20 instemt
655 247 27 19 uti
697 247 32 20 det
743 248 28 18 fö-

28 272 89 25 reslagna
133 272 114 25 stadgandet
261 274 28 17 att
305 273 100 19 enahanda
420 273 111 26 skyldighet
546 273 63 20 skulle
624 273 61 26 åligga
696 273 74 25 jemväl

28 298 207 20 handtverksmästare
251 299 47 19 eller
311 298 136 20 föreståndare
461 299 9 18 ä
485 299 71 24 landet,
573 301 103 18 hvaremot
689 301 81 18 Ridder-

28 325 69 25 skapet
117 325 38 19 och
172 325 59 20 Adeln
246 327 53 18 samt
311 324 146 21 Bondeståndet
471 326 50 19 varit
535 331 48 14 ense
597 326 68 19 derom
679 329 26 16 att
720 327 50 19 före-

28 352 57 19 skrift
100 352 4 18 i
120 351 126 20 nästnämnda
263 351 99 24 afseende,
379 351 67 20 såsom
460 353 71 19 en:'ast
544 352 137 20 föranledande
691 353 26 19 till
729 359 41 14 om-

28 378 48 26 gång
95 379 38 18 och
154 379 105 19 kostnader
280 378 29 20 för
330 379 46 20 dem
393 384 44 14 som
457 379 5 19 i
480 379 112 20 landsorten
606 380 87 25 begagna
708 380 29 25 sig
752 380 20 19 af

28 405 99 26 lärlingars
141 405 87 25 biträde,
244 404 18 26 ej
277 405 62 20 borde
353 405 5 19 i
372 405 38 20 den
424 405 98 20 blifvande
536 405 136 27 författningen
687 406 4 19 i
705 409 65 16 ämnet

29 438 48 19 ingå.

79 459 29 19 En
129 459 118 25 näringslag,
271 457 24 27 på
316 459 25 20 de
355 459 5 18 i
375 459 130 20 förevarande
522 459 121 26 proposition
658 459 110 26 uppställda

30 485 88 25 grunder,
135 486 83 25 ingriper
233 485 117 26 väsendtligt
364 485 5 20 i
379 485 112 20 nuvarande
500 485 220 26 näringsförhållanden,
732 487 37 18 och

29 513 55 18 berör
98 513 47 19 flera
160 518 69 19 genom
244 513 71 19 allmän
330 513 30 26 lag
368 513 47 19 eller
425 513 110 25 privilegier
549 512 94 26 stadgade
655 513 115 25 rättigheter

30 539 35 19 och
81 539 141 26 skyldigheter.
253 540 24 19 Af
289 539 59 20 sådan
363 539 105 25 anledning
483 540 37 19 och
534 539 29 20 för
577 542 28 17 att
618 545 23 14 en
653 539 57 20 säker
720 545 50 20 upp-

30 566 78 25 fattning
126 567 19 19 af
160 566 38 20 den
212 567 109 25 föreslagna
338 567 55 26 lagen
409 565 32 20 mä
460 566 64 19 kunna
539 566 20 19 af
571 566 106 20 ständerna
691 566 77 24 vinnas,

30 592 46 26 våga
91 593 104 20 ständerna
210 593 5 20 i
230 593 155 26 underlänighet
399 592 82 21 anhäila.

128 623 28 17 att
169 621 79 25 förslag
268 621 27 19 til
313 621 70 19 allmän
403 621 120 25 näringslag,
543 620 110 25 upprättadt
669 620 28 26 pä
712 620 23 19 de
750 620 24 26 af

128 649 104 20 ständerna
246 651 86 24 antagna
344 649 91 26 grunder,
451 648 56 20 mätte
521 649 24 24 af
557 648 26 20 E.
600 648 25 20 K.
641 648 36 20 M:t
687 650 7 18 i
704 648 66 20 Näder

124 678 114 26 föreläggas
260 677 104 20 ständerna
384 677 32 20 vid
435 677 222 20 nästsammanträdande
672 677 97 25 landidag.

228 775 88 20 Finlands
328 775 77 19 Ständer
415 775 106 19 framhärda
533 775 34 18 ete.

80 871 129 24 Helsingfors,
226 871 38 19 den
279 871 11 20 9
305 871 51 25 April
373 871 58 19 1864.
