984 1703
358 95 11 8 ,

255 139 72 22 Nädiga
338 139 140 23 Propositionen
491 139 36 18 N:o
538 139 29 18 43.
733 138 46 21 1455

35 188 63 25 gande
114 189 22 18 af
150 187 58 26 nädig
223 187 70 26 ätgärd
307 189 75 19 derhän
396 191 29 17 att
438 189 102 25 lagförslag
554 189 4 19 i
573 189 53 20 detta
640 190 58 18 ämne
712 187 66 21 blefve

36 215 112 19 utarbetadt
162 213 22 20 sä
199 214 55 25 tidigt
268 214 42 20 före
323 214 98 21 blifvande
434 215 91 25 landtdag
537 218 29 16 att
577 216 93 24 förslaget
679 214 33 20 mä
722 215 56 19 hinna

36 240 5 19 i
62 241 94 19 afseende
174 239 10 20 å
201 240 93 26 yttrande
311 240 101 21 meddelas
427 241 102 21 städernas
542 241 124 26 magistrater
680 242 39 19 och
731 241 48 19 slem

35 267 61 19 saken
111 267 5 19 i
130 267 58 25 öfrigt
201 268 62 18 rörer.

171 319 29 26 Af
211 319 146 20 bondestårdets
370 320 120 25 deputerade.

89 370 72 25 Bvarje
176 373 44 23 stat,
236 377 45 13 som
295 370 73 21 vårdar
382 372 29 25 sig
425 377 32 14 om
472 372 33 19 sitt
517 374 46 23 eget
577 372 62 22 bästa,
656 372 84 19 sträfvar
750 373 28 18 att

37 397 80 26 utvidga
138 398 30 18 sin
188 398 75 19 rörelse
283 397 46 21 med
349 398 97 24 utlandet,
462 398 22 20 så
499 401 28 17 att
540 398 34 20 det
587 404 48 20 egna
648 398 66 20 landet
728 398 4 19 i
748 398 29 19 sin

38 424 67 20 helhet
125 423 61 21 måtte
206 424 82 26 förtjena
308 424 67 26 derpå.
404 424 24 20 Ju
449 426 64 18 större
527 425 65 19 denna
607 424 98 26 förtjenst,
720 425 57 19 desto

37 450 65 20 bättre
116 452 22 18 är
154 450 40 20 det.
222 451 45 28 Men
283 451 38 19 hos
338 456 33 14 oss
386 451 32 19 vill
433 457 45 14 man
492 452 107 19 inskränka
613 452 39 19 den
665 451 113 25 derigenom

36 480 28 16 att
78 483 46 13 man
139 477 101 25 förpligtar
253 477 136 20 landtmännen
404 480 28 17 att
446 478 75 26 erlägga
534 478 54 20 skatt
602 478 26 19 till
638 478 34 19 det
681 483 48 20 egna
739 478 40 19 lan-

37 504 44 19 dets
96 504 116 24 handlande,
228 503 22 20 så
265 504 59 20 framt
337 504 25 19 de
376 504 46 26 vilja
436 504 88 20 bedrifva
539 505 113 25 skeppsfart
666 504 5 19 i
681 504 96 20 utlandet.

35 531 94 19 Deremot
150 530 17 19 få
189 530 112 20 tillochmed
319 531 125 25 utlänningar,
460 531 29 20 hit
502 532 89 24 anlände,
607 534 46 16 utan
668 530 51 20 skatt
732 530 46 20 idka

34 557 114 25 skeppsfart
168 558 82 19 emellan
272 556 44 21 vårt
335 558 39 18 och
390 557 122 20 fremmande
523 558 76 19 länder.
629 557 87 20 Finlands
729 557 50 25 köp-

34 583 129 20 mannastånd
177 582 43 21 åter
233 584 75 20 betalar
322 584 28 19 för
364 584 30 20 sin
408 584 68 26 näring
489 584 58 25 ingen
561 584 53 20 skatt
623 584 27 20 till
659 586 65 18 staten
734 589 44 14 som

35 610 63 20 skulle
116 609 83 26 förtjena
213 612 28 18 att
255 612 121 19 omnämnas.
407 611 35 20 Det
456 610 32 21 må
503 610 70 21 tillåtas
588 617 33 14 oss
636 613 27 18 att
677 610 53 25 fråga
745 616 33 14 om

34 637 32 20 väl
80 636 159 20 fäderneslandet
253 637 5 19 i
273 637 29 20 sin
316 637 76 24 helhet,
408 639 35 18 när
457 643 44 14 man
516 637 59 20 förfar
584 637 87 23 sålunda,
683 637 38 20 kan
729 637 50 18 kon-

35 663 85 20 kurrera
134 663 46 20 med
194 664 159 25 utlänningarne?
374 664 23 20 Vi
412 670 47 14 anse
473 665 34 19 det
521 670 47 13 vara
578 663 93 26 omöjligt.
692 663 43 20 Man
746 663 31 20 vill

34 690 63 19 under
112 689 124 25 åberopande
250 690 21 20 af
282 690 202 25 köpmannaståndets
497 690 120 26 privilegier,
633 692 27 17 att
671 689 107 20 landtmän-

34 722 37 13 nen
86 716 37 20 hos
140 722 35 14 oss
193 716 55 20 skola
265 716 64 21 skatta
344 717 26 19 till
386 716 190 26 köpmannaståndet
589 718 39 18 och
641 716 54 20 detta
709 715 70 21 stånds

34 743 111 25 privilegier
162 748 59 14 anses
238 744 30 18 för
286 748 23 14 en
326 743 58 19 merit
398 744 30 18 för
442 744 151 19 handlanderne.
622 743 39 20 Oss
676 748 61 20 synes
750 744 27 18 att

34 768 46 20 vårt
95 768 172 26 köpmannastånd
283 768 77 21 erhålit
376 770 41 19 sina
435 770 111 25 privilegier
560 769 62 20 under
635 769 70 20 fordna
717 768 58 25 tider,

34 795 26 19 då
73 795 34 19 det
120 795 64 20 finska
199 796 61 19 folket
274 796 37 19 och
325 796 191 25 köpmannaståndet
532 795 46 26 sjelf
591 802 35 13 var
640 795 97 26 kraftlöst,
753 795 24 19 då

34 822 34 19 det
86 821 64 20 finska
171 821 59 20 folket
251 822 89 20 hvarken
356 823 50 24 ägde
424 823 91 20 handels-
528 823 47 19 eller
589 822 189 26 navigationsskolor

34 849 39 19 och
86 848 58 20 äfven
158 851 73 23 ytterst
244 848 18 20 få
278 849 59 19 andra
352 849 67 19 skolor
433 850 37 18 och
484 849 143 19 läroanstalter.
656 848 37 19 Det
707 848 70 26 tyckes

34 877 28 17 att
75 874 25 20 de
114 874 60 20 andra
189 874 81 20 stånden
283 875 64 20 under
360 875 61 20 dessa
435 876 50 20 tider
500 874 62 21 tillåtit
576 874 161 21 handelsståndet
751 875 27 19 al-

34 901 44 21 lena
99 900 45 20 idka
165 900 123 27 skeppsfart,
304 902 38 19 och
356 901 24 26 på
395 902 62 25 grund
471 902 56 20 deraf
540 907 60 20 synas
614 900 163 26 köpmannastån-

34 928 44 20 dets
98 927 110 26 privilegier
229 928 59 20 hafva
303 928 63 20 blifvit
379 928 109 26 beviljade,
503 934 46 14 men
565 927 16 25 ej
597 928 134 24 förvärfvade,
747 926 31 20 så-

35 960 44 14 som
91 953 61 27 några
162 954 20 19 af
189 954 181 25 borgareståndets,
382 954 5 20 i
397 954 210 20 ekonomie-utskottet
616 954 97 26 befintliga
723 953 56 21 med-

34 981 90 23 lemmar,
140 981 58 19 hafva
212 980 80 26 påstått.

87 1007 41 19 Ifall
148 1013 46 14 man
211 1014 26 13 nu
251 1008 63 19 skulle
328 1007 71 26 bevilja
414 1008 58 19 äfven
486 1007 21 20 åt
519 1007 26 20 de
559 1007 60 20 andra
632 1006 85 20 stånden
731 1012 46 14 ena-

35 1033 63 20 handa
119 1033 91 26 rättighet
227 1036 28 17 att
271 1033 44 21 idka
329 1033 75 26 sjöfart,
420 1039 44 14 som
478 1039 45 15 man
537 1034 52 19 förut
602 1033 81 25 beviljat
696 1033 21 20 åt
730 1034 47 19 han-

35 1059 128 23 delsståndet,
179 1059 22 20 så
215 1060 63 20 skulle
296 1066 39 18 man
349 1060 22 26 ju
385 1061 113 25 derigenom
512 1059 18 26 ej
544 1061 80 19 komma
638 1063 28 16 att
679 1059 51 26 begå
743 1059 35 20 nå-

35 1091 37 20 gon
94 1086 94 19 orättvisa
209 1089 53 17 emot
282 1086 170 25 handelsståndet,
471 1087 24 20 då
510 1093 46 14 man
570 1087 63 20 skulle
647 1085 59 21 tillåta
720 1086 58 19 åfven

35 1113 53 19 detta
110 1112 56 20 stånd
187 1115 27 18 att
228 1113 33 20 allt
274 1113 96 26 framgent
384 1113 88 20 bedrifva
487 1119 76 14 samma
577 1113 68 26 näring
658 1118 45 14 som
717 1113 59 19 förut.

34 1139 44 20 Men
92 1139 95 20 eftersom
200 1139 136 20 landtmännen
350 1143 35 16 äro
398 1140 32 25 de,
447 1141 65 19 hvilka
527 1145 70 20 genom
607 1142 75 17 statens
692 1139 86 20 förmed-

34 1165 39 26 ling
86 1165 82 20 bekosta
182 1166 65 19 skolor
262 1167 39 19 och
314 1167 227 25 uppfostringsanstalter
551 1166 20 20 ät
581 1165 192 26 köpmannaständet,

35 1192 63 19 ehuru
118 1192 25 19 de
164 1191 69 26 sjelive
249 1192 66 21 måste
331 1199 46 14 vara
391 1193 46 20 dem
451 1194 87 23 förutan,
555 1192 21 21 sä
592 1193 63 19 skulle
669 1197 44 14 man
727 1191 50 26 begå

35 1224 24 14 en
79 1218 128 26 förskräcklig
228 1219 103 24 orättvisa,
353 1225 33 14 om
404 1225 44 14 man
463 1219 56 20 ålade
533 1219 138 20 landtmännen
685 1221 29 17 att
727 1220 51 18 ännu

35 1245 103 20 dessutom
152 1245 76 20 direkte
243 1246 62 19 skatta
320 1247 25 19 till
361 1246 161 20 handelsständet
535 1246 79 19 Jerföre
627 1248 28 17 att
669 1245 25 20 de
703 1245 19 20 få
731 1245 45 20 idka

36 1271 75 26 sjöfart.
133 1271 138 26 Ihägkommas
285 1273 36 20 bör
334 1275 29 17 att
376 1272 190 26 köpmannaständet
580 1272 59 19 redan
654 1272 123 20 härförinnan

36 1297 85 26 åtnjuter
141 1299 22 19 af
181 1299 136 19 landtmännen
338 1299 124 25 temmeligen
477 1299 85 26 oskäliga
577 1298 81 25 skatter,
674 1299 63 19 ehuru
752 1298 25 20 de

36 1325 46 24 göra
96 1331 24 13 en
134 1326 72 24 omväg
219 1331 71 19 genom
304 1328 71 17 staten.
398 1325 75 21 Sädana
482 1327 34 18 äro
526 1325 101 20 underhäll
637 1325 20 18 af
663 1324 66 20 skolor
739 1325 38 18 och

35 1351 141 23 läroanstalter,
192 1357 27 14 m.
235 1358 27 12 m.
284 1351 87 20 Likvisst
385 1352 35 19 har
435 1352 123 25 pluraliteten
573 1351 5 19 i
587 1350 190 21 ekonomie-utskot-

36 1379 28 18 tet
78 1377 80 20 beslutit
171 1380 29 17 att
212 1377 137 20 landtmännen
362 1377 78 20 direkte
454 1378 46 19 böra
515 1377 65 25 skatta
594 1377 26 20 till
634 1377 98 24 städerna,
744 1376 33 20 det

36 1403 31 20 vill
89 1404 46 25 säga
150 1403 26 22 till
194 1403 169 21 handelsständet:
380 1405 32 19 1:o
427 1404 75 20 mindre
516 1403 70 27 tydligt
598 1408 71 21 genom
683 1402 54 27 afgift
751 1402 28 21 till

36 1429 147 26 sjömanshuset
196 1431 39 20 och
248 1431 34 19 2:o
296 1431 70 26 tydligt
378 1436 71 21 genom
464 1431 99 26 fartygens
577 1430 96 26 taxering.
