981 1703
386 354 50 33 46.

218 480 6 5 .
245 452 67 23 Hans
328 452 156 29 Kejserliga
492 453 136 29 Majestäts
638 453 85 28 Nädiga
733 454 50 23 Pro-

176 481 96 27 position
290 481 37 22 till
351 481 104 23 Finlands
478 482 102 26 Ständer,
600 481 114 28 angående
738 483 46 21 sär-

178 508 74 51 Skilda
270 508 160 28 förändringar
448 510 25 22 af
489 510 88 23 landets
596 508 62 29 mått,
678 508 45 24 mål
742 510 41 22 och

178 542 56 23 vigt.

96 588 8 19 I
117 587 127 21 betraktande
258 589 21 19 af
291 591 25 17 de
330 589 133 26 olägenheter,
479 590 72 25 hvilka,
567 589 55 20 såväl
636 590 5 19 i
656 590 38 19 den
703 591 80 19 allmän-

41 619 24 14 na
79 614 155 27 medborgerliga
249 615 185 25 sammanlefnaden,
451 622 43 13 som
509 616 5 19 i
528 616 39 20 den
581 616 103 19 inhemska
702 617 37 18 och
753 619 31 16 ut-

41 640 82 20 ländska
138 641 177 25 handelsrörelsen,
332 641 71 26 uppstå
418 643 27 19 till
460 641 45 26 följe
519 643 21 18 af
546 643 34 19 det
589 643 53 18 inom
651 643 133 19 Storfursten-

41 667 67 20 dömet
128 667 80 20 Finland
228 673 26 14 nu
274 668 88 25 gällande
377 668 65 25 mått-,
458 669 48 20 mål-
520 669 38 19 och
572 670 152 24 vigtsystemets
738 669 48 19 obe-

41 695 71 23 gväma
127 693 118 27 indelningar
258 694 38 20 och
310 694 5 19 i
330 694 58 26 öfrigt
397 695 115 20 invecktade
522 694 144 26 beskaffenhet,
678 695 35 19 har
723 695 61 19 Hans

41 719 55 26 Kejs
107 720 73 25 erliga
194 720 109 25 Majestät
317 724 65 16 ansett
395 722 157 25 författningarne
569 721 69 20 derom
652 722 6 18 i
672 721 47 19 flere
733 721 53 20 delar

40 746 46 20 böra
101 746 87 26 undergå
202 746 118 26 förändring;
336 748 38 18 och
388 748 64 19 ehuru
465 748 25 20 de
504 748 97 25 åtgärder,
618 753 43 14 som
676 748 25 19 till
714 746 72 27 afhjel-

40 773 64 25 pande
118 773 20 19 af
150 773 58 19 dessa
224 773 125 26 olägenheter
363 774 66 19 kunna
444 775 37 19 och
495 774 47 20 böra
553 774 95 26 vidtagas,
660 774 76 20 tillhöra
745 774 38 20 den

40 799 129 20 ekonomiska
184 800 144 26 lagstiftningen
342 800 37 20 och
394 800 78 20 således
491 800 102 20 ankomma
610 800 25 26 på
652 801 62 19 Hans
732 799 54 26 Kej-

42 826 86 26 serliga
143 825 123 26 Majestäts
286 826 146 26 godtfinnande,
448 828 36 18 har
498 828 66 19 likväl'
582 828 52 18 Hans
651 826 133 26 Kejserliga

41 852 117 25 Majeståt,
175 852 5 20 i
194 853 101 20 anseende
308 853 26 19 till
349 853 34 19 det
397 853 105 27 inflytande
516 853 103 20 desamma
635 853 65 19 kunna
716 853 69 20 utöfva

40 878 25 26 på
80 879 98 20 allmänna
192 880 38 19 och
245 879 89 20 enskilda
348 879 190 26 rättsförhållanden,
554 880 5 19 i
572 880 67 20 Nåder
652 880 54 20 velat
719 880 65 19 lemna

41 906 202 20 Storfurstendömets
258 906 83 20 Ständer
355 906 71 20 tillfälle
440 908 28 18 att
477 907 60 19 uttala
547 906 41 20 sina
599 906 68 20 tankar
676 906 40 19 och
726 906 59 20 önsk-

42 932 68 26 ningar
125 932 82 20 rörande
220 935 56 17 arten
295 934 39 18 och
354 932 72 20 vidden
446 933 22 20 af
486 933 25 20 de
532 933 139 25 förändringar,
694 938 44 14 som
757 933 27 19 till

41 959 97 20 vinnande
152 960 21 19 af
185 959 33 19 det
232 958 91 27 åsyftade
336 959 114 20 ändamålet
463 960 59 20 blifva
537 959 134 25 erforderliga.

95 986 33 20 Till
144 985 45 26 följe
203 986 58 19 häraf
273 986 38 19 och
326 985 24 20 då
364 986 63 20 Hans
441 985 133 26 Kejserliga
590 984 110 26 Majestät
716 985 70 20 främst

42 1018 58 14 anser
113 1013 25 19 de
153 1012 50 20 olika
218 1013 41 25 slag
273 1012 20 19 af
305 1012 70 25 vigter,
391 1012 67 20 hvilka
471 1013 63 19 under
549 1018 58 13 namn
621 1012 21 19 af
649 1012 135 25 stapelstads-,

40 1039 75 25 bergs-,
132 1038 110 25 tackjerns-
256 1039 38 19 och
308 1038 142 26 uppstadsvigt
463 1039 29 20 för
505 1039 101 20 metallers
620 1038 83 25 vägning
720 1038 6 19 i
743 1039 42 18 sär-

41 1065 62 20 skilda
118 1065 30 20 fall
164 1067 34 18 äro
212 1065 124 24 föreskrifna,
351 1071 47 13 vara
412 1065 132 26 öfverflödiga,
561 1066 49 19 enär
622 1064 108 25 desamma,
742 1064 43 20 dels

42 1097 35 20 ega
92 1098 24 13 en
130 1092 74 26 ganska
218 1091 103 20 inskränkt
334 1091 130 26 användning,
480 1091 98 26 nemligen
599 1091 186 25 stapelstadsvigten

42 1118 68 20 endast
125 1118 33 20 vid
172 1119 110 25 leverering
296 1118 18 19 in
328 1120 70 17 natura
412 1119 26 19 till
453 1117 155 26 stapelstäderna
622 1117 20 20 af
650 1117 135 25 bergverkens

40 1145 66 20 tionde
120 1145 21 19 af
152 1145 82 25 koppar,
250 1147 47 17 tenn
312 1145 37 18 och
364 1144 107 26 stångjern,
486 1144 128 25 bergsvigten
628 1143 71 20 endast
708 1143 34 28 vid
751 1143 33 20 det

42 1171 158 21 kameralistiska
210 1171 162 20 bestämmandet
380 1171 21 19 af
408 1170 169 26 penningevärdet
586 1170 20 20 af
614 1170 39 20 den
666 1169 120 26 stångjerns-

42 1198 58 24 skatt,
117 1204 43 14 som
176 1198 29 19 för
219 1203 23 14 en
257 1198 31 20 del
300 1196 94 26 jernverk
410 1198 20 19 af
443 1198 92 25 gammalt
542 1198 22 18 är
578 1196 6 20 i
593 1196 63 20 denna
665 1196 41 26 vigt
714 1198 69 23 utsatt,

42 1227 51 17 samt
107 1223 141 27 tackjernsvigt
263 1224 69 20 endast
345 1224 34 19 vid
392 1224 148 26 tillämpningen
549 1223 21 19 af
578 1222 208 20 hammarsmedsord-

40 1251 70 25 ningen
124 1251 22 19 af
158 1250 38 20 den
210 1251 26 19 26
250 1250 45 20 Juni
310 1250 59 24 1766,
385 1250 64 20 under
462 1250 34 20 det
510 1249 170 27 uppstadsvigten,
708 1248 77 29 gällande

43 1277 71 20 endast
127 1278 31 19 för
172 1280 53 16 orter
238 1282 45 14 som
299 1282 36 20 ega
355 1276 221 26 bergslagsprivilegier,
597 1275 6 20 i
624 1275 64 20 Finland
723 1274 61 26 aldrig

44 1309 35 14 ens
94 1304 63 20 blifvit
171 1304 5 19 i
191 1303 108 26 verklighet
312 1302 69 25 införd,
397 1303 43 20 dels
454 1303 4 19 i
473 1302 158 20 förekommande
645 1302 32 20 fall
687 1302 35 19 lätt
736 1301 50 19 kun-

41 1336 24 12 na
80 1333 84 16 ersättas
179 1336 70 18 genom
264 1330 34 18 det
311 1329 6 18 i
331 1329 83 19 handeln
431 1330 79 18 allmänt
523 1328 87 25 gällande
624 1328 112 24 vigtslaget,
752 1327 32 19 vill

42 1356 62 19 Hans
119 1355 132 25 Kejserliga
265 1354 109 25 Majestät
388 1355 6 18 i
407 1354 66 20 Nåder
488 1354 86 19 inhemta
584 1353 120 20 Ständernas
714 1352 72 19 under-

42 1381 70 26 dåniga
126 1381 104 24 utlåtande,
247 1381 97 19 huruvida
358 1380 44 20 icke
416 1381 36 19 alla
466 1380 66 24 dessa,
547 1380 30 19 för
591 1379 94 25 speciella
700 1379 85 18 omstän-

42 1408 89 26 digheter
145 1407 99 26 påbjudna
258 1407 83 26 vigtslag
355 1407 65 20 kunna
434 1409 46 18 utan
494 1407 104 24 olägenhet
611 1408 69 23 genast
694 1405 42 20 helt
748 1404 38 20 och

44 1434 60 21 hållet
117 1434 99 21 afskaffas.
