984 1706
210 142 48 32 1446
424 144 72 23 Nådiga
508 145 140 23 Propositionen
661 144 36 18 N:o
709 145 28 17 43.

209 196 36 19 der
259 194 77 20 biträde
349 195 19 19 af
381 195 90 25 lärlingar
488 195 37 19 och
543 195 90 25 gesäller,
651 194 47 20 eller
715 194 64 19 drifva
792 193 157 25 fabriksrörelse,

210 221 61 21 tillika
284 221 51 19 skall
349 220 83 21 utverka
447 222 29 24 sig
490 221 90 25 burskap
593 221 6 19 i
614 226 75 14 samma
704 221 51 23 stad,
770 220 46 20 med
828 219 94 27 åtagande
935 220 20 20 af

210 248 82 19 dermed
306 248 92 19 förenade
408 246 120 27 åligganden;

263 277 30 17 att
307 274 31 24 de,
356 274 64 20 hvilka
435 275 5 19 i
455 274 93 20 afseende
562 273 10 20 å
587 272 161 27 sjelfförsörjning
765 273 44 20 idka
826 272 74 26 slöjder
916 273 38 19 och

211 300 183 26 handtverksyrke,
410 303 46 17 utan
471 301 92 25 rättighet
580 303 29 17 att
625 300 49 20 hålla
692 300 94 20 verkstad
804 300 46 20 eller
863 300 91 25 "begagna

213 330 59 17 annat
285 326 145 21 arbetsbiträde
444 329 24 17 än
482 328 21 19 af
515 333 48 20 egen
574 326 66 25 familj,
652 326 61 25 skola,
725 326 55 21 såväl
790 326 28 20 för
828 327 30 19 sin
868 326 87 26 närings-

211 354 76 20 rörelse
302 359 44 14 som
360 354 29 19 för
403 354 104 20 befrielsen
521 353 43 21 från
579 353 97 25 borgerlig
692 352 179 27 tjenstskyldighet,
889 353 66 26 beläg-

211 386 36 20 gas
262 380 45 20 med
321 380 79 26 lämplig
414 381 55 24 afgift
482 381 26 20 till
524 380 75 24 staden;
615 382 52 17 samt

265 415 36 22 att,
317 412 30 20 för
361 412 97 20 vinnande
472 412 20 20 af
504 414 39 18 rätt
556 412 26 19 till
597 411 128 21 bedrifvande
742 412 21 19 af
777 411 178 27 handtverkareyr-

212 438 26 21 ke
251 439 46 20 med
312 438 94 21 verkstad
422 440 37 18 och
474 438 115 21 biträdande
604 439 96 24 arbetare,
716 438 5 19 i
736 438 44 20 stad
790 438 47 20 eller
847 437 24 26 på
880 438 73 25 landet,

213 465 20 20 af
246 465 38 21 den
299 465 87 20 sökande
400 466 48 19 skall
458 466 75 19 företes
543 465 111 25 tillförlitligt
663 464 53 27 intyg
727 465 47 20 eller
783 469 61 15 annan
853 464 103 27 utredning

213 491 70 21 derom
296 494 29 17 att
339 493 39 18 han
392 492 59 26 yrket
465 492 73 20 förstår
552 493 38 18 och
604 493 46 24 äger
664 491 38 20 den
712 492 29 18 för
750 491 48 20 dess
807 491 107 20 utöfvande
921 492 36 19 nö-

213 518 45 26 diga
273 519 110 25 'kunskap».

266 550 26 21 Så
307 551 55 26 länge
376 551 176 26 burskapsägande
566 549 175 21 stadsinnevånare
755 551 33 18 äro
803 550 110 20 förbundna
928 550 27 19 till

211 577 171 26 upprätthållande
396 578 20 19 af
430 577 102 20 städernas
547 577 85 26 styrelse
641 578 38 19 och
689 577 115 24 förvaltning
814 577 103 19 äfvensom
927 579 29 18 att

212 604 68 25 utgöra
293 603 49 20 flera
356 604 108 25 personliga
479 603 203 27 tjenstskyldigheter,
698 603 43 20 dels
758 604 28 19 för
804 603 93 20 städerna
913 605 43 18 sär-

211 630 70 25 skildt,
299 631 43 20 dels
362 631 30 19 för
409 631 33 19 det
458 631 106 24 allmänna,
584 630 56 20 torde
657 630 33 20 det
704 630 57 19 äfven
776 635 46 14 vara
838 630 59 25 enligt
910 629 46 21 med

213 657 124 26 billighetens
351 657 37 20 och
402 657 107 20 rättvisans
524 657 109 26 fordringar
647 659 28 18 att
690 655 17 27 ej
722 657 79 19 alldeles
815 656 53 20 invid
882 657 75 20 städer-

212 689 36 15 nas
265 687 68 22 portar
349 683 20 20 åt
385 684 172 25 näringsidkarena
574 683 98 26 derinom,
690 686 70 23 genast
776 683 32 20 vid
826 683 131 26 öfvergången

212 711 26 20 till
257 715 24 14 en
298 711 59 19 friare
374 711 204 25 näringslagstiftning,
597 711 96 24 uppställa
710 710 152 24 konkurrenter,
881 710 74 25 hvilka,

212 737 69 20 såsom
295 737 145 20 underkastade
454 738 43 19 vida
512 738 53 25 lägre
579 737 83 25 afgifter,
679 737 5 19 i
698 737 53 20 detta
766 736 95 21 särskilda
876 737 31 20 fall
923 737 35 20 lät-

211 763 72 25 teligen
296 764 65 19 kunde
374 763 124 26 underbjuda
512 764 25 19 de
555 764 57 19 förra.
642 765 38 19 Det
696 763 58 20 torde
770 769 48 14 vara
836 765 27 18 att
880 763 75 20 förutse

213 793 28 16 att
256 791 4 18 i
271 790 95 20 händelse
375 791 76 20 landets
460 790 196 27 näringslagstiftning
666 790 72 20 ordnas
748 789 24 26 på
782 789 95 21 frihetens
885 789 73 26 grund-

212 817 39 24 val,
268 817 23 20 all
310 817 80 20 skillnad
408 818 6 19 i
431 817 53 20 detta
502 817 114 20 hänseende
633 817 82 20 emellan
732 817 44 19 stad
794 817 38 20 och
848 817 44 19 land
909 817 48 20 skall

215 843 107 25 försvinna,
338 850 44 14 men
398 844 57 19 innan
470 844 47 20 dess
532 844 35 20 bör
581 843 58 20 äfven
653 843 103 20 städernas
765 843 193 20 kommunalförvalt-

213 869 46 26 ning
275 871 39 19 och
331 870 210 21 .stadsinnevånarenas
559 870 136 26 skyldigheter
712 871 37 19 och
767 870 115 25 rättigheter
899 871 58 18 hafva

211 896 105 26 undergått
332 897 119 24 förändring.
484 897 101 20 Utskottet
601 903 58 14 anser
677 897 29 26 sig
724 897 24 25 på
767 897 60 20 dessa
847 897 41 20 skäl
909 897 47 20 böra

214 919 146 54 Fördsämmast
376 923 71 20 föreslå
464 926 29 17 att
510 924 74 20 landets
602 923 80 20 ständer
699 923 45 20 ville
764 922 139 27 underdänigst
923 923 34 20 till-

211 952 44 23 styr!

315 979 28 18 att
358 977 38 20 tills
411 978 64 19 vidare
490 977 77 24 enhvar,
583 984 39 13 som
636 979 8 18 i
658 977 43 20 stad
716 977 44 20 eller
775 979 49 18 inom
839 983 22 13 en
875 977 45 26 half
926 977 31 19 mil

315 1005 87 26 derifrån
420 1006 56 19 idkar
496 1006 78 23 handel,
595 1007 44 18 eller
657 1004 103 21 handtverk
780 1005 12 19 &
811 1005 87 19 verkstad
917 1005 40 20 med

316 1033 71 20 biträde
402 1035 23 24 af
437 1035 93 24 lärlingar
545 1034 33 19 och
595 1034 87 26 gesäller,
703 1034 44 19 eller
766 1034 71 25 drifver
851 1033 106 26 fabriksrö-

314 1063 53 22 relse,
382 1062 60 19 tillika
457 1063 49 18 skall
520 1063 78 19 utverka
612 1064 28 23 sig
656 1063 83 24 burskap
754 1063 7 18 i
773 1068 72 14 samma
855 1062 49 22 stad,
915 1062 41 19 med

317 1089 93 27 åtagande
424 1091 24 24 af
460 1090 75 20 dermed
544 1090 98 26 förenade
656 1090 118 26 åligganden.

266 1123 93 25 Ehuru
347 1119 13 34 $
377 1124 11 19 2
404 1125 21 18 af
440 1126 105 17 städernas
563 1124 120 25 privilegier,
702 1123 51 26 gifna
769 1123 38 20 den
823 1124 25 19 23
866 1124 90 19 Februari

211 1149 58 24 1789,
286 1149 84 26 stadgar:
388 1153 41 17 «att
442 1150 57 25 ingen
515 1149 31 20 må
561 1150 71 20 tillåtas
646 1150 97 26 borgerlig
754 1150 69 20 handel
833 1151 39 19 och
882 1151 73 19 rörelse

209 1175 70 25 drifva,
296 1181 44 14 som
353 1176 47 20 derå
414 1177 19 25 ej
447 1177 88 25 burskap
550 1177 74 24 vunnit,
641 1179 53 18 samt
703 1177 77 24 afgifter
789 1177 27 19 till
827 1177 75 19 kronan
915 1177 40 19 och

210 1202 69 20 staden
293 1202 77 21 derföre
386 1203 81 24 betalar,
486 1203 138 25 ridderskapet
641 1204 38 19 och
696 1203 57 20 adeln
770 1205 52 18 samt
839 1203 116 26 ståndsper-

212 1233 59 15 soner
284 1229 58 20 likväl
357 1229 23 20 all
396 1229 106 26 tillständig
517 1231 38 18 rätt
569 1229 139 24 förbehållen»,
725 1230 36 19 har
774 1229 52 20 detta
837 1229 118 26 lagstadgan-

211 1253 26 29 de
251 1255 51 19 dock
316 1255 45 19 icke
374 1256 60 25 tagits:
446 1256 51 19 efter
511 1256 144 25 ordalydelsen,
671 1259 46 16 utan
732 1257 58 18 äfven
803 1257 70 23 andra,
893 1259 24 16 än
934 1258 21 17 de

211 1285 5 12 i
231 1281 135 25 privilegierna
380 1281 93 26 antydde,
490 1282 58 19 hafva
562 1281 124 25 berättigats,
702 1283 28 17 att
745 1283 4 18 i
760 1281 43 20 stad
814 1282 63 19 drifva
888 1281 67 20 handt-

212 1307 58 25 verk,
289 1307 50 20 dock
357 1309 45 18 utan
420 1307 101 21 verkstad.
554 1307 66 20 Redan
638 1307 43 20 året
694 1307 50 20 efter
758 1308 60 19 dessa
836 1307 118 27 privilegier

212 1333 122 26 utfärdande,
349 1333 38 21 den
403 1335 24 19 14
441 1335 49 25 Aug.
507 1335 58 25 4790,
583 1335 122 19 förklarades
719 1334 47 21 flera
780 1335 78 20 klasser
871 1335 20 19 af
903 1334 51 21 med-

211 1359 94 26 borgare,
324 1361 114 26 isynnerhet
454 1361 85 26 sådane,
559 1367 43 14 som
620 1362 50 19 varit
687 1361 96 20 anställde
804 1362 47 19 «vid
871 1362 83 20 kronan:

211 1387 50 20 verk
277 1388 38 19 och
335 1390 83 22 stater»,
438 1388 121 26 berättigade
577 1391 28 16 att
622 1391 56 17 utom
696 1388 46 20 skrå
760 1388 62 20 drifva
840 1388 110 20 handtverk

212 1414 37 19 och
265 1415 50 19 1791
331 1413 95 26 äterfingo
440 1416 169 19 universiteterna
624 1415 117 26 rättigheten
759 1417 28 18 att
804 1419 67 22 antaga
888 1415 65 26 nödig:

213 1441 152 21 handtverkare.
398 1443 42 18 Den
464 1444 53 19 mest
537 1442 164 26 genomgripande
721 1442 135 27 förändringen
874 1443 79 25 :vidtog:
