989 1703
202 139 44 20 1116
407 139 72 22 Nädiga
491 139 141 21 Propositionen
645 140 33 17 N:o
691 139 28 17 42.

408 259 92 19 Finlands
519 259 87 20 ständers
623 258 131 26 underdäniga
772 265 46 13 svar
837 257 13 20 &
869 257 77 26 Nädigä

336 289 143 24 propositionen
494 287 97 26 angäende
606 286 82 26 lindring
703 287 24 26 af
733 287 113 25 jordegares
864 287 82 26 skyldig-

339 316 32 19 het
385 316 28 19 till
427 315 144 26 hällskjutsning
585 318 49 17 samt
648 319 45 22 väg-
708 316 33 19 och
756 314 128 27 brobyggnad.

489 358 58 19 S.A.
562 357 23 19 K.
601 363 19 13 0.
639 358 34 19 S..

257 402 23 19 E.
296 402 25 19 K.
335 402 24 19 M.
375 402 36 18 har
427 401 25 19 uti
467 407 24 13 en
505 401 92 20 Finlands
611 402 85 20 Ständer
710 400 11 26 å
735 401 64 20 Jenna
815 401 90 26 landtdag
919 402 27 19 fö-

203 428 67 25 relagd
287 428 123 25 proposition
427 428 5 19 i
450 427 65 21 Näder
531 428 85 25 behagat
629 428 48 20 eska
691 428 120 20 Ständernes
825 428 122 20 medverkan

205 454 25 20 till
245 454 130 26 afhjelpande,
392 454 119 20 åtminstone
524 454 5 20 i
544 454 61 26 någon
619 454 54 24 män,
689 455 20 19 af
722 454 25 20 de
757 455 131 25 olägenheter,
904 460 43 14 som

203 480 199 26 jordbruksnäringen
420 481 5 19 i
441 481 65 20 landet
523 483 21 17 är
563 481 132 20 underkastad
715 482 5 18 i
740 480 46 26 följd
807 482 21 18 af
846 481 34 20 det
899 482 45 24 sätt,

204 507 75 25 hvarpä
293 506 176 27 hällskjutsningen
483 509 54 18 samt
549 508 94 20 allmänna
660 510 70 26 vägars
748 508 38 19 och
800 506 72 30 broars
888 508 60 19 inrät-

205 534 58 19 tande
279 535 37 18 och
330 534 102 20 underhäll
447 534 29 19 för
491 534 121 21 närvarande
626 534 98 25 besörjas;
743 533 38 20 och
796 536 62 23 jemte
875 534 34 20 det
922 534 23 20 E.

204 561 23 19 K.
244 560 35 20 M:t
293 559 80 27 angifvit
386 561 25 19 de
425 561 70 24 medel,
512 567 50 19 som,
579 561 59 26 enligt
650 561 23 20 E.
685 562 46 19 M:ts
740 560 57 27 äsigt,
814 560 70 25 kunde,
901 563 46 18 utan

205 589 28 17 att
250 586 63 21 rubba
334 586 69 26 sjelfva
423 588 121 25 grundvalen
564 586 29 21 för
613 587 147 26 ifrågavarande
776 588 107 19 anstalters
898 594 50 19 upp-

204 613 136 25 rätthällande,
355 612 95 27 befrämja
464 613 34 21 det
511 614 110 20 önskvärdt
635 615 86 20 befunna
735 612 122 23 ändamälets
867 614 81 20 vinnan-

205 640 31 25 de,
256 641 37 18 har
309 641 24 19 E.
351 641 36 20 M:t
403 644 106 22 uppmanat
525 641 109 20 Ständerne
652 643 28 18 att
696 640 130 27 underdänigt
838 640 109 27 yttrande
936 636 15 36 i

205 666 62 20 saken
282 666 89 25 aflemna,
387 667 101 19 hvarefter
501 668 24 18 E.
541 668 35 18 M:t
591 668 52 24 ville,
660 668 45 19 med
720 667 93 20 afseende
827 666 11 21 ä
848 667 53 20 Jetta
910 670 38 25 ytt-

206 693 59 19 rande
283 694 38 18 och
338 691 52 21 hvad
407 693 192 26 omständigheterne
616 694 28 19 för
661 694 57 25 öfrigt
735 693 103 26 påkallade
859 695 89 18 närmare

205 719 131 20 förordnande
351 720 98 19 meddela.

259 745 62 26 Utgår
335 751 45 14 man
395 745 42 21 från
451 745 37 20 den
498 746 110 26 betydelse,
619 746 26 20 de
654 747 96 19 allmänna
760 746 189 20 kommunikations-

205 772 78 19 medien
304 778 35 20 ega
359 772 30 20 för
409 772 33 20 det
462 773 154 25 medborgerliga
637 774 108 23 samhället,
763 772 22 20 så
799 773 90 19 kommer
903 779 45 13 man

205 800 96 23 otvunget
315 798 25 20 till
355 798 38 20 den
407 799 88 24 slutsats,
511 802 28 16 att
553 799 51 20 både
619 798 175 27 hållskjutsningen
808 802 52 17 samt
876 800 26 19 de
915 799 33 21 all-

205 826 70 18 männa
291 824 142 26 landsvägarne
450 825 38 20 och
505 826 83 20 broarne
604 826 59 19 äfven
680 826 76 20 tillhöra
773 826 25 20 de
817 826 131 25 inrättningar,

206 851 78 19 hvilkas
298 852 171 25 upprätthållande
483 852 35 19 bör
527 852 163 26 omedelbarligen
701 852 62 26 åligga
773 852 116 20 detsamma.
905 852 44 20 Med

207 877 63 19 denna
287 878 122 26 uppfattning
427 878 30 20 'stå
474 878 25 20 de
515 879 138 25 grundsatser,
674 879 102 19 hvarefter
796 879 60 25 sagde
872 879 78 20 allmänt

207 904 71 26 vigtiga
293 904 165 26 angelägenheter
472 906 34 18 här
521 906 5 18 i
541 905 64 20 landet
619 905 129 25 handhafvas,
765 906 5 18 i
780 905 101 26 uppenbar
890 905 57 20 strid.

206 930 43 20 Men
264 930 22 20 sä
301 931 74 25 önsklig
391 937 25 13 en
430 932 111 25 förändring
555 932 20 19 af
587 932 112 19 nuvarande
716 931 133 21 förhållanden
864 932 6 19 i
884 931 67 21 ofvan-

206 957 68 25 antydt
289 957 52 26 syfte
353 963 24 14 ur
392 958 101 25 principiel
509 958 99 26 synpunkt
623 960 23 18 än
661 958 54 20 visar
729 958 35 26 sig,
777 959 59 19 hafva
845 958 105 20 ständerne

206 982 57 20 likväl
282 984 47 18 icke
344 984 75 19 kunnat
433 984 97 26 tillstyrka
545 991 23 13 en
583 985 37 19 slik
638 985 166 31 genomgripande
818 985 130 25 omställning,

207 1008 171 27 hufvudsakligast
392 1010 79 19 derföre
485 1013 27 16 att
526 1011 38 19 den
579 1011 29 18 för
623 1016 24 13 en
662 1010 60 20 sådan
740 1011 68 25 åtgärd
826 1011 126 25 oundgängli-

206 1041 36 20 gen
257 1035 122 26 nödvändiga
394 1037 105 24 utredning
513 1043 33 13 om
555 1037 24 20 de
588 1037 115 25 kostnader,
715 1041 43 15 som
770 1037 114 20 derisamma
894 1037 57 19 kom-

206 1066 33 15 me
253 1064 28 17 att
295 1062 30 19 för
339 1063 122 19 statsverket
475 1063 97 24 medföra,
588 1065 52 18 ännu
655 1063 80 20 saknas.

260 1089 72 18 Såsom
348 1089 90 25 lämpliga
455 1089 37 19 och
510 1089 125 20 verksamma
653 1089 64 20 medel
735 1089 27 20 till
779 1088 171 27 hållskjutsnings-

205 1117 83 22 tungans
302 1115 101 20 lindrande
418 1116 29 19 för
461 1115 24 20 de
502 1117 112 24 lägenheter
630 1115 11 20 å
658 1115 73 25 landet,
750 1116 65 20 hvilka
833 1116 115 20 densamma

205 1141 59 24 enligt
279 1141 84 25 gällande
378 1142 132 29 författningar
523 1148 27 13 nu
563 1142 78 25 åligger,
661 1142 82 20 föreslås
762 1142 108 20 emellertid
888 1143 4 18 i
912 1143 37 19 den

205 1166 69 27 näliga
291 1168 145 25 propositionen
454 1168 81 25 följande
553 1168 98 26 åtgärder:
670 1168 5 20 i
693 1168 59 21 första
770 1172 85 16 rummet
873 1168 76 26 skjuts-

205 1194 204 26 ningsskyldighetens
423 1195 140 20 utsträckande
578 1195 19 25 ej
610 1196 77 19 mindre
701 1196 26 19 till
741 1196 25 20 de
779 1195 165 27 jordlägenheter,

205 1225 44 15 som
264 1226 26 13 nu
304 1222 33 18 äro
351 1220 87 20 derifrån
454 1222 91 24 befriade,
563 1222 175 20 militieboställena
754 1222 51 20 dock
815 1222 130 26 undantagna,

206 1248 23 17 än
244 1247 26 18 till
285 1247 35 19 alla
334 1247 114 19 industriela
462 1248 125 25 inrättningar
601 1248 10 18 å
626 1248 64 19 landet
704 1251 52 16 sämt
770 1249 55 23 dem,
841 1253 44 14 som
903 1249 44 18 der-

206 1272 67 19 städes
289 1272 46 20 idka
352 1274 68 19 handel
438 1272 67 21 såsom
525 1274 77 24 näring,
621 1274 80 20 dernäst
718 1274 148 25 skjutsningens
883 1274 64 19 öfver-

207 1298 77 20 låtande
298 1298 26 20 till
339 1300 152 24 entreprenörer
504 1303 41 17 mot
559 1300 108 26 ersättning
681 1301 21 19 af
714 1300 25 20 de
754 1300 198 26 skjutsningsskyldi-

207 1330 24 20 ge
245 1326 38 18 och
297 1325 46 20 med
358 1326 92 26 rättighet
464 1326 25 20 till
505 1328 61 24 högre
580 1328 43 25 lega
637 1328 23 19 än
677 1326 24 20 då
719 1327 59 20 desse
796 1326 70 27 sjelfve
884 1328 67 19 ombe-

187 1365 2 3 +
208 1351 51 25 Sörja
281 1351 142 27 skjutsningen,
443 1356 51 16 samt
511 1354 88 26 slutligen
617 1353 227 26 skjutsningsbesvärets
862 1353 89 26 jemnare

207 1378 109 25 fördelning
331 1385 70 20 genom
415 1379 133 27 skjutslagens
562 1380 119 26 utvidgande
698 1381 28 19 till
743 1381 44 20 hela
805 1381 93 26 tingslag,
917 1381 34 20 hä-

211 1405 35 20 rad
260 1405 47 20 eller
321 1407 50 18 ännu
386 1406 143 21 vidsträcktare
543 1407 102 20 områden.

262 1432 55 20 Hvad
333 1432 70 21 främst
417 1433 59 26 angår
489 1433 273 28 skjutsningsskyldighetens
775 1435 140 20 utsträckande
925 1435 26 20 till
