<?xml version="1.0" encoding="UTF-8"?>
<alto xmlns="http://www.loc.gov/standards/alto/ns-v3#" xmlns:xlink="http://www.w3.org/1999/xlink" xmlns:xsi="http://www.w3.org/2001/XMLSchema-instance" xsi:schemaLocation="http://www.loc.gov/standards/alto/ns-v3# http://www.loc.gov/alto/v3/alto-3-0.xsd">
	<Description>
		<MeasurementUnit>pixel</MeasurementUnit>
		<sourceImageInformation>
			<fileName>/tmp/tess_n2ipbhw9_input.PNG</fileName>
		</sourceImageInformation>
		<OCRProcessing ID="OCR_0">
			<ocrProcessingStep>
				<processingSoftware>
					<softwareName>tesseract 5.3.4</softwareName>
				</processingSoftware>
			</ocrProcessingStep>
		</OCRProcessing>
	</Description>
	<Layout>
		<Page WIDTH="986" HEIGHT="1703" PHYSICAL_IMG_NR="0" ID="page_0">
			<PrintSpace HPOS="0" VPOS="0" WIDTH="986" HEIGHT="1703">
				<ComposedBlock ID="cblock_0" HPOS="209" VPOS="144" WIDTH="524" HEIGHT="32">
					<TextBlock ID="block_0" HPOS="209" VPOS="144" WIDTH="524" HEIGHT="32">
						<TextLine ID="line_0" HPOS="209" VPOS="144" WIDTH="524" HEIGHT="32">
							<String ID="string_0" HPOS="209" VPOS="144" WIDTH="48" HEIGHT="32" WC="0.96" CONTENT="1440"/><SP WIDTH="165" VPOS="144" HPOS="257"/>
							<String ID="string_1" HPOS="422" VPOS="147" WIDTH="71" HEIGHT="22" WC="0.88" CONTENT="Nådiga"/><SP WIDTH="11" VPOS="147" HPOS="493"/>
							<String ID="string_2" HPOS="504" VPOS="147" WIDTH="141" HEIGHT="22" WC="0.68" CONTENT="Propositionen"/><SP WIDTH="11" VPOS="147" HPOS="645"/>
							<String ID="string_3" HPOS="656" VPOS="147" WIDTH="37" HEIGHT="17" WC="0.96" CONTENT="N:o"/><SP WIDTH="11" VPOS="147" HPOS="693"/>
							<String ID="string_4" HPOS="704" VPOS="147" WIDTH="29" HEIGHT="18" WC="0.96" CONTENT="43."/>
						</TextLine>
					</TextBlock>
				</ComposedBlock>
				<ComposedBlock ID="cblock_1" HPOS="208" VPOS="194" WIDTH="746" HEIGHT="1271">
					<TextBlock ID="block_1" HPOS="208" VPOS="194" WIDTH="745" HEIGHT="899">
						<TextLine ID="line_1" HPOS="208" VPOS="194" WIDTH="740" HEIGHT="26">
							<String ID="string_5" HPOS="208" VPOS="196" WIDTH="99" HEIGHT="21" WC="0.95" CONTENT="bestridas"/><SP WIDTH="17" VPOS="196" HPOS="307"/>
							<String ID="string_6" HPOS="324" VPOS="199" WIDTH="27" HEIGHT="16" WC="0.94" CONTENT="att"/><SP WIDTH="19" VPOS="199" HPOS="351"/>
							<String ID="string_7" HPOS="370" VPOS="199" WIDTH="28" HEIGHT="16" WC="0.52" CONTENT="ett"/><SP WIDTH="16" VPOS="199" HPOS="398"/>
							<String ID="string_8" HPOS="414" VPOS="195" WIDTH="138" HEIGHT="20" WC="0.69" CONTENT="arbetsförbud."/><SP WIDTH="17" VPOS="195" HPOS="552"/>
							<String ID="string_9" HPOS="569" VPOS="199" WIDTH="54" HEIGHT="16" WC="0.93" CONTENT="emot"/><SP WIDTH="16" VPOS="199" HPOS="623"/>
							<String ID="string_10" HPOS="639" VPOS="195" WIDTH="83" HEIGHT="21" WC="0.96" CONTENT="flertalet"/><SP WIDTH="17" VPOS="195" HPOS="722"/>
							<String ID="string_11" HPOS="739" VPOS="195" WIDTH="21" HEIGHT="19" WC="0.96" CONTENT="af"/><SP WIDTH="14" VPOS="195" HPOS="760"/>
							<String ID="string_12" HPOS="774" VPOS="194" WIDTH="129" HEIGHT="26" WC="0.85" CONTENT="medborgare"/><SP WIDTH="19" VPOS="194" HPOS="903"/>
							<String ID="string_13" HPOS="922" VPOS="195" WIDTH="26" HEIGHT="20" WC="0.85" CONTENT="till"/>
						</TextLine>
						<TextLine ID="line_2" HPOS="208" VPOS="221" WIDTH="741" HEIGHT="26">
							<String ID="string_14" HPOS="208" VPOS="222" WIDTH="74" HEIGHT="21" WC="0.91" CONTENT="förmän"/><SP WIDTH="14" VPOS="222" HPOS="282"/>
							<String ID="string_15" HPOS="296" VPOS="223" WIDTH="30" HEIGHT="19" WC="0.93" CONTENT="för"/><SP WIDTH="13" VPOS="223" HPOS="326"/>
							<String ID="string_16" HPOS="339" VPOS="222" WIDTH="60" HEIGHT="25" WC="0.92" CONTENT="nägra"/><SP WIDTH="14" VPOS="222" HPOS="399"/>
							<String ID="string_17" HPOS="413" VPOS="222" WIDTH="18" HEIGHT="20" WC="0.90" CONTENT="fä"/><SP WIDTH="15" VPOS="222" HPOS="431"/>
							<String ID="string_18" HPOS="446" VPOS="222" WIDTH="72" HEIGHT="19" WC="0.92" CONTENT="verkar"/><SP WIDTH="15" VPOS="222" HPOS="518"/>
							<String ID="string_19" HPOS="533" VPOS="222" WIDTH="84" HEIGHT="25" WC="0.92" CONTENT="skadligt"/><SP WIDTH="14" VPOS="222" HPOS="617"/>
							<String ID="string_20" HPOS="631" VPOS="223" WIDTH="29" HEIGHT="18" WC="0.96" CONTENT="för"/><SP WIDTH="12" VPOS="223" HPOS="660"/>
							<String ID="string_21" HPOS="672" VPOS="222" WIDTH="44" HEIGHT="19" WC="0.93" CONTENT="hela"/><SP WIDTH="10" VPOS="222" HPOS="716"/>
							<String ID="string_22" HPOS="726" VPOS="221" WIDTH="110" HEIGHT="20" WC="0.89" CONTENT="samhället."/><SP WIDTH="29" VPOS="221" HPOS="836"/>
							<String ID="string_23" HPOS="865" VPOS="222" WIDTH="38" HEIGHT="21" WC="0.96" CONTENT="Det"/><SP WIDTH="9" VPOS="222" HPOS="903"/>
							<String ID="string_24" HPOS="912" VPOS="221" WIDTH="37" HEIGHT="20" WC="0.96" CONTENT="kan"/>
						</TextLine>
						<TextLine ID="line_3" HPOS="208" VPOS="247" WIDTH="741" HEIGHT="22">
							<String ID="string_25" HPOS="208" VPOS="250" WIDTH="104" HEIGHT="19" WC="0.96" CONTENT="dessutom"/><SP WIDTH="16" VPOS="250" HPOS="312"/>
							<String ID="string_26" HPOS="328" VPOS="249" WIDTH="45" HEIGHT="19" WC="0.95" CONTENT="med"/><SP WIDTH="18" VPOS="249" HPOS="373"/>
							<String ID="string_27" HPOS="391" VPOS="249" WIDTH="42" HEIGHT="19" WC="0.93" CONTENT="skäl"/><SP WIDTH="18" VPOS="249" HPOS="433"/>
							<String ID="string_28" HPOS="451" VPOS="248" WIDTH="90" HEIGHT="20" WC="0.92" CONTENT="betviflas"/><SP WIDTH="13" VPOS="248" HPOS="541"/>
							<String ID="string_29" HPOS="554" VPOS="248" WIDTH="97" HEIGHT="20" WC="0.81" CONTENT="huruvida"/><SP WIDTH="12" VPOS="248" HPOS="651"/>
							<String ID="string_30" HPOS="663" VPOS="248" WIDTH="210" HEIGHT="19" WC="0.90" CONTENT="handtverksmästare"/><SP WIDTH="14" VPOS="248" HPOS="873"/>
							<String ID="string_31" HPOS="887" VPOS="247" WIDTH="62" HEIGHT="20" WC="0.89" CONTENT="hafva"/>
						</TextLine>
						<TextLine ID="line_4" HPOS="208" VPOS="273" WIDTH="742" HEIGHT="28">
							<String ID="string_32" HPOS="208" VPOS="282" WIDTH="24" HEIGHT="13" WC="0.93" CONTENT="en"/><SP WIDTH="14" VPOS="282" HPOS="232"/>
							<String ID="string_33" HPOS="246" VPOS="275" WIDTH="82" HEIGHT="20" WC="0.96" CONTENT="säkrare"/><SP WIDTH="14" VPOS="275" HPOS="328"/>
							<String ID="string_34" HPOS="342" VPOS="276" WIDTH="37" HEIGHT="19" WC="0.93" CONTENT="och"/><SP WIDTH="14" VPOS="276" HPOS="379"/>
							<String ID="string_35" HPOS="393" VPOS="277" WIDTH="92" HEIGHT="24" WC="0.96" CONTENT="tryggare"/><SP WIDTH="14" VPOS="277" HPOS="485"/>
							<String ID="string_36" HPOS="499" VPOS="275" WIDTH="88" HEIGHT="19" WC="0.96" CONTENT="utkomst"/><SP WIDTH="13" VPOS="275" HPOS="587"/>
							<String ID="string_37" HPOS="600" VPOS="274" WIDTH="62" HEIGHT="19" WC="0.93" CONTENT="under"/><SP WIDTH="17" VPOS="274" HPOS="662"/>
							<String ID="string_38" HPOS="679" VPOS="273" WIDTH="155" HEIGHT="21" WC="0.48" CONTENT="skräinstitutels"/><SP WIDTH="14" VPOS="273" HPOS="834"/>
							<String ID="string_39" HPOS="848" VPOS="275" WIDTH="23" HEIGHT="18" WC="0.97" CONTENT="än"/><SP WIDTH="16" VPOS="275" HPOS="871"/>
							<String ID="string_40" HPOS="887" VPOS="274" WIDTH="63" HEIGHT="19" WC="0.96" CONTENT="under"/>
						</TextLine>
						<TextLine ID="line_5" HPOS="208" VPOS="300" WIDTH="741" HEIGHT="27">
							<String ID="string_41" HPOS="208" VPOS="302" WIDTH="172" HEIGHT="25" WC="0.91" CONTENT="näringsfrihetens"/><SP WIDTH="15" VPOS="302" HPOS="380"/>
							<String ID="string_42" HPOS="395" VPOS="301" WIDTH="72" HEIGHT="26" WC="0.94" CONTENT="skydd."/><SP WIDTH="30" VPOS="301" HPOS="467"/>
							<String ID="string_43" HPOS="497" VPOS="302" WIDTH="65" HEIGHT="19" WC="0.93" CONTENT="Denna"/><SP WIDTH="15" VPOS="302" HPOS="562"/>
							<String ID="string_44" HPOS="577" VPOS="301" WIDTH="97" HEIGHT="19" WC="0.92" CONTENT="skenbara"/><SP WIDTH="14" VPOS="301" HPOS="674"/>
							<String ID="string_45" HPOS="688" VPOS="300" WIDTH="92" HEIGHT="20" WC="0.93" CONTENT="säkerhet"/><SP WIDTH="16" VPOS="300" HPOS="780"/>
							<String ID="string_46" HPOS="796" VPOS="301" WIDTH="29" HEIGHT="19" WC="0.96" CONTENT="för"/><SP WIDTH="18" VPOS="301" HPOS="825"/>
							<String ID="string_47" HPOS="843" VPOS="300" WIDTH="38" HEIGHT="20" WC="0.90" CONTENT="den"/><SP WIDTH="14" VPOS="300" HPOS="881"/>
							<String ID="string_48" HPOS="895" VPOS="300" WIDTH="54" HEIGHT="19" WC="0.93" CONTENT="fruk-"/>
						</TextLine>
						<TextLine ID="line_6" HPOS="209" VPOS="327" WIDTH="739" HEIGHT="25">
							<String ID="string_49" HPOS="209" VPOS="329" WIDTH="46" HEIGHT="19" WC="0.92" CONTENT="tade"/><SP WIDTH="13" VPOS="329" HPOS="255"/>
							<String ID="string_50" HPOS="268" VPOS="328" WIDTH="150" HEIGHT="19" WC="0.93" CONTENT="konkurrensen"/><SP WIDTH="14" VPOS="328" HPOS="418"/>
							<String ID="string_51" HPOS="432" VPOS="328" WIDTH="91" HEIGHT="19" WC="0.92" CONTENT="förlamar"/><SP WIDTH="13" VPOS="328" HPOS="523"/>
							<String ID="string_52" HPOS="536" VPOS="327" WIDTH="25" HEIGHT="20" WC="0.93" CONTENT="de"/><SP WIDTH="14" VPOS="327" HPOS="561"/>
							<String ID="string_53" HPOS="575" VPOS="327" WIDTH="68" HEIGHT="19" WC="0.95" CONTENT="flestas"/><SP WIDTH="11" VPOS="327" HPOS="643"/>
							<String ID="string_54" HPOS="654" VPOS="327" WIDTH="134" HEIGHT="24" WC="0.96" CONTENT="verksamhet,"/><SP WIDTH="10" VPOS="327" HPOS="788"/>
							<String ID="string_55" HPOS="798" VPOS="327" WIDTH="34" HEIGHT="19" WC="0.96" CONTENT="det"/><SP WIDTH="9" VPOS="327" HPOS="832"/>
							<String ID="string_56" HPOS="841" VPOS="327" WIDTH="49" HEIGHT="24" WC="0.93" CONTENT="höga"/><SP WIDTH="10" VPOS="327" HPOS="890"/>
							<String ID="string_57" HPOS="900" VPOS="327" WIDTH="48" HEIGHT="25" WC="0.94" CONTENT="pris;"/>
						</TextLine>
						<TextLine ID="line_7" HPOS="209" VPOS="352" WIDTH="739" HEIGHT="27">
							<String ID="string_58" HPOS="209" VPOS="360" WIDTH="44" HEIGHT="14" WC="0.96" CONTENT="som"/><SP WIDTH="16" VPOS="360" HPOS="253"/>
							<String ID="string_59" HPOS="269" VPOS="354" WIDTH="76" HEIGHT="20" WC="0.95" CONTENT="fordras"/><SP WIDTH="14" VPOS="354" HPOS="345"/>
							<String ID="string_60" HPOS="359" VPOS="354" WIDTH="30" HEIGHT="19" WC="0.96" CONTENT="för"/><SP WIDTH="13" VPOS="354" HPOS="389"/>
							<String ID="string_61" HPOS="402" VPOS="354" WIDTH="34" HEIGHT="20" WC="0.96" CONTENT="det"/><SP WIDTH="13" VPOS="354" HPOS="436"/>
							<String ID="string_62" HPOS="449" VPOS="353" WIDTH="150" HEIGHT="26" WC="0.96" CONTENT="privilegierade"/><SP WIDTH="13" VPOS="353" HPOS="599"/>
							<String ID="string_63" HPOS="612" VPOS="352" WIDTH="83" HEIGHT="25" WC="0.94" CONTENT="arbetet,"/><SP WIDTH="17" VPOS="352" HPOS="695"/>
							<String ID="string_64" HPOS="712" VPOS="353" WIDTH="89" HEIGHT="19" WC="0.93" CONTENT="minskar."/><SP WIDTH="16" VPOS="353" HPOS="801"/>
							<String ID="string_65" HPOS="817" VPOS="353" WIDTH="131" HEIGHT="24" WC="0.91" CONTENT="afsättningen"/>
						</TextLine>
						<TextLine ID="line_8" HPOS="210" VPOS="379" WIDTH="739" HEIGHT="26">
							<String ID="string_66" HPOS="210" VPOS="382" WIDTH="37" HEIGHT="18" WC="0.96" CONTENT="och"/><SP WIDTH="14" VPOS="382" HPOS="247"/>
							<String ID="string_67" HPOS="261" VPOS="380" WIDTH="6" HEIGHT="19" WC="0.96" CONTENT="i"/><SP WIDTH="14" VPOS="380" HPOS="267"/>
							<String ID="string_68" HPOS="281" VPOS="380" WIDTH="45" HEIGHT="24" WC="0.96" CONTENT="följd"/><SP WIDTH="14" VPOS="380" HPOS="326"/>
							<String ID="string_69" HPOS="340" VPOS="380" WIDTH="57" HEIGHT="20" WC="0.96" CONTENT="deraf"/><SP WIDTH="12" VPOS="380" HPOS="397"/>
							<String ID="string_70" HPOS="409" VPOS="380" WIDTH="58" HEIGHT="20" WC="0.96" CONTENT="äfven"/><SP WIDTH="13" VPOS="380" HPOS="467"/>
							<String ID="string_71" HPOS="480" VPOS="380" WIDTH="153" HEIGHT="25" WC="0.96" CONTENT="produktionen,"/><SP WIDTH="16" VPOS="380" HPOS="633"/>
							<String ID="string_72" HPOS="649" VPOS="380" WIDTH="38" HEIGHT="19" WC="0.96" CONTENT="och"/><SP WIDTH="15" VPOS="380" HPOS="687"/>
							<String ID="string_73" HPOS="702" VPOS="379" WIDTH="64" HEIGHT="25" WC="0.96" CONTENT="någon"/><SP WIDTH="14" VPOS="379" HPOS="766"/>
							<String ID="string_74" HPOS="780" VPOS="384" WIDTH="69" HEIGHT="20" WC="0.95" CONTENT="sporre"/><SP WIDTH="9" VPOS="384" HPOS="849"/>
							<String ID="string_75" HPOS="858" VPOS="379" WIDTH="27" HEIGHT="20" WC="0.93" CONTENT="till"/><SP WIDTH="9" VPOS="379" HPOS="885"/>
							<String ID="string_76" HPOS="894" VPOS="379" WIDTH="55" HEIGHT="20" WC="0.91" CONTENT="indu-"/>
						</TextLine>
						<TextLine ID="line_9" HPOS="210" VPOS="404" WIDTH="740" HEIGHT="28">
							<String ID="string_77" HPOS="210" VPOS="407" WIDTH="60" HEIGHT="19" WC="0.92" CONTENT="strins"/><SP WIDTH="14" VPOS="407" HPOS="270"/>
							<String ID="string_78" HPOS="284" VPOS="406" WIDTH="119" HEIGHT="21" WC="0.96" CONTENT="fortfarande"/><SP WIDTH="13" VPOS="406" HPOS="403"/>
							<String ID="string_79" HPOS="416" VPOS="406" WIDTH="112" HEIGHT="26" WC="0.96" CONTENT="utveckling"/><SP WIDTH="14" VPOS="406" HPOS="528"/>
							<String ID="string_80" HPOS="542" VPOS="406" WIDTH="62" HEIGHT="19" WC="0.96" CONTENT="finnes"/><SP WIDTH="14" VPOS="406" HPOS="604"/>
							<String ID="string_81" HPOS="618" VPOS="405" WIDTH="51" HEIGHT="20" WC="0.93" CONTENT="icke."/><SP WIDTH="30" VPOS="405" HPOS="669"/>
							<String ID="string_82" HPOS="699" VPOS="406" WIDTH="28" HEIGHT="19" WC="0.95" CONTENT="De"/><SP WIDTH="14" VPOS="406" HPOS="727"/>
							<String ID="string_83" HPOS="741" VPOS="406" WIDTH="64" HEIGHT="20" WC="0.93" CONTENT="slutna"/><SP WIDTH="14" VPOS="406" HPOS="805"/>
							<String ID="string_84" HPOS="819" VPOS="404" WIDTH="72" HEIGHT="24" WC="0.92" CONTENT="skråen"/><SP WIDTH="9" VPOS="404" HPOS="891"/>
							<String ID="string_85" HPOS="900" VPOS="410" WIDTH="50" HEIGHT="14" WC="0.96" CONTENT="voro"/>
						</TextLine>
						<TextLine ID="line_10" HPOS="209" VPOS="431" WIDTH="741" HEIGHT="27">
							<String ID="string_86" HPOS="209" VPOS="434" WIDTH="25" HEIGHT="19" WC="0.96" CONTENT="de"/><SP WIDTH="14" VPOS="434" HPOS="234"/>
							<String ID="string_87" HPOS="248" VPOS="434" WIDTH="56" HEIGHT="24" WC="0.96" CONTENT="enda,"/><SP WIDTH="16" VPOS="434" HPOS="304"/>
							<String ID="string_88" HPOS="320" VPOS="438" WIDTH="43" HEIGHT="15" WC="0.96" CONTENT="som"/><SP WIDTH="15" VPOS="438" HPOS="363"/>
							<String ID="string_89" HPOS="378" VPOS="432" WIDTH="63" HEIGHT="20" WC="0.96" CONTENT="under"/><SP WIDTH="13" VPOS="432" HPOS="441"/>
							<String ID="string_90" HPOS="454" VPOS="433" WIDTH="36" HEIGHT="19" WC="0.96" CONTENT="alla"/><SP WIDTH="14" VPOS="433" HPOS="490"/>
							<String ID="string_91" HPOS="504" VPOS="432" WIDTH="166" HEIGHT="26" WC="0.91" CONTENT="omständigheter"/><SP WIDTH="13" VPOS="432" HPOS="670"/>
							<String ID="string_92" HPOS="683" VPOS="432" WIDTH="144" HEIGHT="20" WC="0.86" CONTENT="tillförsäkrade"/><SP WIDTH="14" VPOS="432" HPOS="827"/>
							<String ID="string_93" HPOS="841" VPOS="432" WIDTH="42" HEIGHT="19" WC="0.93" CONTENT="sina"/><SP WIDTH="12" VPOS="432" HPOS="883"/>
							<String ID="string_94" HPOS="895" VPOS="431" WIDTH="55" HEIGHT="20" WC="0.92" CONTENT="med-"/>
						</TextLine>
						<TextLine ID="line_11" HPOS="209" VPOS="458" WIDTH="741" HEIGHT="26">
							<String ID="string_95" HPOS="209" VPOS="460" WIDTH="83" HEIGHT="19" WC="0.96" CONTENT="lemmar"/><SP WIDTH="14" VPOS="460" HPOS="292"/>
							<String ID="string_96" HPOS="306" VPOS="459" WIDTH="52" HEIGHT="19" WC="0.95" CONTENT="vinst"/><SP WIDTH="13" VPOS="459" HPOS="358"/>
							<String ID="string_97" HPOS="371" VPOS="460" WIDTH="21" HEIGHT="18" WC="0.96" CONTENT="af"/><SP WIDTH="13" VPOS="460" HPOS="392"/>
							<String ID="string_98" HPOS="405" VPOS="460" WIDTH="93" HEIGHT="23" WC="0.96" CONTENT="rörelsen,"/><SP WIDTH="16" VPOS="460" HPOS="498"/>
							<String ID="string_99" HPOS="514" VPOS="464" WIDTH="44" HEIGHT="14" WC="0.96" CONTENT="men"/><SP WIDTH="14" VPOS="464" HPOS="558"/>
							<String ID="string_100" HPOS="572" VPOS="458" WIDTH="25" HEIGHT="20" WC="0.97" CONTENT="då"/><SP WIDTH="14" VPOS="458" HPOS="597"/>
							<String ID="string_101" HPOS="611" VPOS="458" WIDTH="59" HEIGHT="20" WC="0.93" CONTENT="dessa"/><SP WIDTH="14" VPOS="458" HPOS="670"/>
							<String ID="string_102" HPOS="684" VPOS="459" WIDTH="100" HEIGHT="25" WC="0.91" CONTENT="upphäfts,"/><SP WIDTH="20" VPOS="459" HPOS="784"/>
							<String ID="string_103" HPOS="804" VPOS="458" WIDTH="67" HEIGHT="20" WC="0.96" CONTENT="såsom"/><SP WIDTH="17" VPOS="458" HPOS="871"/>
							<String ID="string_104" HPOS="888" VPOS="458" WIDTH="62" HEIGHT="20" WC="0.96" CONTENT="alltför"/>
						</TextLine>
						<TextLine ID="line_12" HPOS="210" VPOS="484" WIDTH="739" HEIGHT="28">
							<String ID="string_105" HPOS="210" VPOS="486" WIDTH="81" HEIGHT="26" WC="0.96" CONTENT="mycket"/><SP WIDTH="17" VPOS="486" HPOS="291"/>
							<String ID="string_106" HPOS="308" VPOS="485" WIDTH="99" HEIGHT="21" WC="0.96" CONTENT="stridande"/><SP WIDTH="19" VPOS="485" HPOS="407"/>
							<String ID="string_107" HPOS="426" VPOS="488" WIDTH="41" HEIGHT="16" WC="0.95" CONTENT="mot"/><SP WIDTH="20" VPOS="488" HPOS="467"/>
							<String ID="string_108" HPOS="487" VPOS="486" WIDTH="106" HEIGHT="18" WC="0.95" CONTENT="rättvisans"/><SP WIDTH="20" VPOS="486" HPOS="593"/>
							<String ID="string_109" HPOS="613" VPOS="484" WIDTH="86" HEIGHT="20" WC="0.96" CONTENT="enklaste"/><SP WIDTH="21" VPOS="484" HPOS="699"/>
							<String ID="string_110" HPOS="720" VPOS="484" WIDTH="135" HEIGHT="26" WC="0.96" CONTENT="grundsatser,"/><SP WIDTH="22" VPOS="484" HPOS="855"/>
							<String ID="string_111" HPOS="877" VPOS="484" WIDTH="72" HEIGHT="20" WC="0.96" CONTENT="bereda"/>
						</TextLine>
						<TextLine ID="line_13" HPOS="210" VPOS="510" WIDTH="740" HEIGHT="28">
							<String ID="string_112" HPOS="210" VPOS="511" WIDTH="74" HEIGHT="21" WC="0.91" CONTENT="skråen"/><SP WIDTH="13" VPOS="511" HPOS="284"/>
							<String ID="string_113" HPOS="297" VPOS="512" WIDTH="57" HEIGHT="26" WC="0.96" CONTENT="ingen"/><SP WIDTH="14" VPOS="512" HPOS="354"/>
							<String ID="string_114" HPOS="368" VPOS="511" WIDTH="73" HEIGHT="26" WC="0.96" CONTENT="garanti"/><SP WIDTH="15" VPOS="511" HPOS="441"/>
							<String ID="string_115" HPOS="456" VPOS="512" WIDTH="30" HEIGHT="19" WC="0.93" CONTENT="för"/><SP WIDTH="12" VPOS="512" HPOS="486"/>
							<String ID="string_116" HPOS="498" VPOS="511" WIDTH="104" HEIGHT="20" WC="0.91" CONTENT="idkarenas"/><SP WIDTH="14" VPOS="511" HPOS="602"/>
							<String ID="string_117" HPOS="616" VPOS="511" WIDTH="64" HEIGHT="23" WC="0.96" CONTENT="säkra"/><SP WIDTH="8" VPOS="511" HPOS="680"/>
							<String ID="string_118" HPOS="688" VPOS="511" WIDTH="96" HEIGHT="20" WC="0.94" CONTENT="utkomst."/><SP WIDTH="29" VPOS="511" HPOS="784"/>
							<String ID="string_119" HPOS="813" VPOS="512" WIDTH="37" HEIGHT="18" WC="0.96" CONTENT="Det"/><SP WIDTH="13" VPOS="512" HPOS="850"/>
							<String ID="string_120" HPOS="863" VPOS="510" WIDTH="35" HEIGHT="20" WC="0.96" CONTENT="har"/><SP WIDTH="18" VPOS="510" HPOS="898"/>
							<String ID="string_121" HPOS="916" VPOS="511" WIDTH="34" HEIGHT="19" WC="0.96" CONTENT="här"/>
						</TextLine>
						<TextLine ID="line_14" HPOS="210" VPOS="536" WIDTH="741" HEIGHT="26">
							<String ID="string_122" HPOS="210" VPOS="539" WIDTH="59" HEIGHT="19" WC="0.91" CONTENT="ofvan"/><SP WIDTH="21" VPOS="539" HPOS="269"/>
							<String ID="string_123" HPOS="290" VPOS="538" WIDTH="99" HEIGHT="21" WC="0.91" CONTENT="anmärkts"/><SP WIDTH="20" VPOS="538" HPOS="389"/>
							<String ID="string_124" HPOS="409" VPOS="540" WIDTH="28" HEIGHT="17" WC="0.96" CONTENT="att"/><SP WIDTH="16" VPOS="540" HPOS="437"/>
							<String ID="string_125" HPOS="453" VPOS="538" WIDTH="120" HEIGHT="24" WC="0.96" CONTENT="lagstiftaren"/><SP WIDTH="18" VPOS="538" HPOS="573"/>
							<String ID="string_126" HPOS="591" VPOS="538" WIDTH="50" HEIGHT="19" WC="0.96" CONTENT="1789"/><SP WIDTH="17" VPOS="538" HPOS="641"/>
							<String ID="string_127" HPOS="658" VPOS="537" WIDTH="76" HEIGHT="20" WC="0.95" CONTENT="försökt"/><SP WIDTH="16" VPOS="537" HPOS="734"/>
							<String ID="string_128" HPOS="750" VPOS="540" WIDTH="29" HEIGHT="17" WC="0.96" CONTENT="att"/><SP WIDTH="16" VPOS="540" HPOS="779"/>
							<String ID="string_129" HPOS="795" VPOS="536" WIDTH="66" HEIGHT="26" WC="0.93" CONTENT="bringa"/><SP WIDTH="18" VPOS="536" HPOS="861"/>
							<String ID="string_130" HPOS="879" VPOS="537" WIDTH="72" HEIGHT="25" WC="0.92" CONTENT="produ-"/>
						</TextLine>
						<TextLine ID="line_15" HPOS="210" VPOS="562" WIDTH="740" HEIGHT="26">
							<String ID="string_131" HPOS="210" VPOS="568" WIDTH="104" HEIGHT="17" WC="0.92" CONTENT="centernas"/><SP WIDTH="14" VPOS="568" HPOS="314"/>
							<String ID="string_132" HPOS="328" VPOS="565" WIDTH="50" HEIGHT="19" WC="0.96" CONTENT="antal"/><SP WIDTH="15" VPOS="565" HPOS="378"/>
							<String ID="string_133" HPOS="393" VPOS="564" WIDTH="6" HEIGHT="20" WC="0.97" CONTENT="i"/><SP WIDTH="15" VPOS="564" HPOS="399"/>
							<String ID="string_134" HPOS="414" VPOS="564" WIDTH="70" HEIGHT="20" WC="0.95" CONTENT="sådant"/><SP WIDTH="13" VPOS="564" HPOS="484"/>
							<String ID="string_135" HPOS="497" VPOS="564" WIDTH="120" HEIGHT="20" WC="0.95" CONTENT="förhållande"/><SP WIDTH="15" VPOS="564" HPOS="617"/>
							<String ID="string_136" HPOS="632" VPOS="564" WIDTH="26" HEIGHT="20" WC="0.93" CONTENT="till"/><SP WIDTH="10" VPOS="564" HPOS="658"/>
							<String ID="string_137" HPOS="668" VPOS="564" WIDTH="182" HEIGHT="20" WC="0.92" CONTENT="konsumenternes"/><SP WIDTH="9" VPOS="564" HPOS="850"/>
							<String ID="string_138" HPOS="859" VPOS="563" WIDTH="12" HEIGHT="21" WC="0.93" CONTENT="å"/><SP WIDTH="10" VPOS="563" HPOS="871"/>
							<String ID="string_139" HPOS="881" VPOS="562" WIDTH="69" HEIGHT="26" WC="0.96" CONTENT="hvarje"/>
						</TextLine>
						<TextLine ID="line_16" HPOS="210" VPOS="590" WIDTH="742" HEIGHT="26">
							<String ID="string_140" HPOS="210" VPOS="594" WIDTH="42" HEIGHT="22" WC="0.96" CONTENT="ort,"/><SP WIDTH="18" VPOS="594" HPOS="252"/>
							<String ID="string_141" HPOS="270" VPOS="594" WIDTH="28" HEIGHT="17" WC="0.96" CONTENT="att"/><SP WIDTH="17" VPOS="594" HPOS="298"/>
							<String ID="string_142" HPOS="315" VPOS="591" WIDTH="24" HEIGHT="19" WC="0.95" CONTENT="de"/><SP WIDTH="13" VPOS="591" HPOS="339"/>
							<String ID="string_143" HPOS="352" VPOS="591" WIDTH="56" HEIGHT="22" WC="0.96" CONTENT="förra"/><SP WIDTH="16" VPOS="591" HPOS="408"/>
							<String ID="string_144" HPOS="424" VPOS="591" WIDTH="62" HEIGHT="19" WC="0.96" CONTENT="borde"/><SP WIDTH="16" VPOS="591" HPOS="486"/>
							<String ID="string_145" HPOS="502" VPOS="591" WIDTH="58" HEIGHT="19" WC="0.94" CONTENT="hafva"/><SP WIDTH="17" VPOS="591" HPOS="560"/>
							<String ID="string_146" HPOS="577" VPOS="591" WIDTH="30" HEIGHT="19" WC="0.94" CONTENT="sin"/><SP WIDTH="17" VPOS="591" HPOS="607"/>
							<String ID="string_147" HPOS="624" VPOS="590" WIDTH="89" HEIGHT="20" WC="0.96" CONTENT="utkomst"/><SP WIDTH="17" VPOS="590" HPOS="713"/>
							<String ID="string_148" HPOS="730" VPOS="590" WIDTH="36" HEIGHT="20" WC="0.88" CONTENT="och"/><SP WIDTH="18" VPOS="590" HPOS="766"/>
							<String ID="string_149" HPOS="784" VPOS="590" WIDTH="101" HEIGHT="26" WC="0.88" CONTENT="bergning."/><SP WIDTH="28" VPOS="590" HPOS="885"/>
							<String ID="string_150" HPOS="913" VPOS="590" WIDTH="39" HEIGHT="19" WC="0.95" CONTENT="Det"/>
						</TextLine>
						<TextLine ID="line_17" HPOS="210" VPOS="617" WIDTH="742" HEIGHT="26">
							<String ID="string_151" HPOS="210" VPOS="618" WIDTH="64" HEIGHT="20" WC="0.93" CONTENT="skulle"/><SP WIDTH="14" VPOS="618" HPOS="274"/>
							<String ID="string_152" HPOS="288" VPOS="618" WIDTH="104" HEIGHT="24" WC="0.91" CONTENT="nemligen,"/><SP WIDTH="17" VPOS="618" HPOS="392"/>
							<String ID="string_153" HPOS="409" VPOS="617" WIDTH="59" HEIGHT="26" WC="0.96" CONTENT="enligt"/><SP WIDTH="14" VPOS="617" HPOS="468"/>
							<String ID="string_154" HPOS="482" VPOS="618" WIDTH="101" HEIGHT="19" WC="0.96" CONTENT="städernas"/><SP WIDTH="14" VPOS="618" HPOS="583"/>
							<String ID="string_155" HPOS="597" VPOS="617" WIDTH="111" HEIGHT="26" WC="0.96" CONTENT="privilegier"/><SP WIDTH="13" VPOS="617" HPOS="708"/>
							<String ID="string_156" HPOS="721" VPOS="618" WIDTH="21" HEIGHT="19" WC="0.93" CONTENT="af"/><SP WIDTH="12" VPOS="618" HPOS="742"/>
							<String ID="string_157" HPOS="754" VPOS="617" WIDTH="59" HEIGHT="25" WC="0.92" CONTENT="sagde"/><SP WIDTH="14" VPOS="617" HPOS="813"/>
							<String ID="string_158" HPOS="827" VPOS="617" WIDTH="29" HEIGHT="24" WC="0.93" CONTENT="år,"/><SP WIDTH="12" VPOS="617" HPOS="856"/>
							<String ID="string_159" HPOS="868" VPOS="617" WIDTH="84" HEIGHT="21" WC="0.89" CONTENT="tillkom-"/>
						</TextLine>
						<TextLine ID="line_18" HPOS="211" VPOS="643" WIDTH="737" HEIGHT="27">
							<String ID="string_160" HPOS="211" VPOS="650" WIDTH="32" HEIGHT="14" WC="0.92" CONTENT="ma"/><SP WIDTH="15" VPOS="650" HPOS="243"/>
							<String ID="string_161" HPOS="258" VPOS="643" WIDTH="239" HEIGHT="27" WC="0.92" CONTENT="embetsmyndigheterna"/><SP WIDTH="15" VPOS="643" HPOS="497"/>
							<String ID="string_162" HPOS="512" VPOS="646" WIDTH="29" HEIGHT="18" WC="0.96" CONTENT="att"/><SP WIDTH="13" VPOS="646" HPOS="541"/>
							<String ID="string_163" HPOS="554" VPOS="643" WIDTH="51" HEIGHT="20" WC="0.96" CONTENT="tillse"/><SP WIDTH="12" VPOS="643" HPOS="605"/>
							<String ID="string_164" HPOS="617" VPOS="643" WIDTH="33" HEIGHT="20" WC="0.96" CONTENT="det"/><SP WIDTH="8" VPOS="643" HPOS="650"/>
							<String ID="string_165" HPOS="658" VPOS="644" WIDTH="63" HEIGHT="19" WC="0.93" CONTENT="denna"/><SP WIDTH="9" VPOS="644" HPOS="721"/>
							<String ID="string_166" HPOS="730" VPOS="643" WIDTH="95" HEIGHT="26" WC="0.91" CONTENT="jemnvigt"/><SP WIDTH="9" VPOS="643" HPOS="825"/>
							<String ID="string_167" HPOS="834" VPOS="643" WIDTH="114" HEIGHT="25" WC="0.92" CONTENT="bibehålles,"/>
						</TextLine>
						<TextLine ID="line_19" HPOS="211" VPOS="669" WIDTH="739" HEIGHT="26">
							<String ID="string_168" HPOS="211" VPOS="677" WIDTH="45" HEIGHT="13" WC="0.96" CONTENT="men"/><SP WIDTH="14" VPOS="677" HPOS="256"/>
							<String ID="string_169" HPOS="270" VPOS="671" WIDTH="25" HEIGHT="19" WC="0.96" CONTENT="då"/><SP WIDTH="14" VPOS="671" HPOS="295"/>
							<String ID="string_170" HPOS="309" VPOS="671" WIDTH="59" HEIGHT="19" WC="0.96" CONTENT="dessa"/><SP WIDTH="16" VPOS="671" HPOS="368"/>
							<String ID="string_171" HPOS="384" VPOS="670" WIDTH="24" HEIGHT="25" WC="0.96" CONTENT="på"/><SP WIDTH="22" VPOS="670" HPOS="408"/>
							<String ID="string_172" HPOS="430" VPOS="671" WIDTH="51" HEIGHT="19" WC="0.96" CONTENT="olika"/><SP WIDTH="20" VPOS="671" HPOS="481"/>
							<String ID="string_173" HPOS="501" VPOS="673" WIDTH="54" HEIGHT="17" WC="0.95" CONTENT="orter"/><SP WIDTH="19" VPOS="673" HPOS="555"/>
							<String ID="string_174" HPOS="574" VPOS="669" WIDTH="45" HEIGHT="26" WC="0.96" CONTENT="följa"/><SP WIDTH="21" VPOS="669" HPOS="619"/>
							<String ID="string_175" HPOS="640" VPOS="670" WIDTH="110" HEIGHT="25" WC="0.95" CONTENT="skiljaktiga"/><SP WIDTH="20" VPOS="670" HPOS="750"/>
							<String ID="string_176" HPOS="770" VPOS="670" WIDTH="135" HEIGHT="25" WC="0.96" CONTENT="grundsatser,"/><SP WIDTH="23" VPOS="670" HPOS="905"/>
							<String ID="string_177" HPOS="928" VPOS="669" WIDTH="22" HEIGHT="20" WC="0.96" CONTENT="så"/>
						</TextLine>
						<TextLine ID="line_20" HPOS="210" VPOS="696" WIDTH="742" HEIGHT="26">
							<String ID="string_178" HPOS="210" VPOS="696" WIDTH="84" HEIGHT="26" WC="0.96" CONTENT="uppstår"/><SP WIDTH="12" VPOS="696" HPOS="294"/>
							<String ID="string_179" HPOS="306" VPOS="696" WIDTH="114" HEIGHT="26" WC="0.95" CONTENT="härigenom"/><SP WIDTH="14" VPOS="696" HPOS="420"/>
							<String ID="string_180" HPOS="434" VPOS="697" WIDTH="34" HEIGHT="19" WC="0.95" CONTENT="lätt"/><SP WIDTH="14" VPOS="697" HPOS="468"/>
							<String ID="string_181" HPOS="482" VPOS="700" WIDTH="27" HEIGHT="16" WC="0.96" CONTENT="ett"/><SP WIDTH="14" VPOS="700" HPOS="509"/>
							<String ID="string_182" HPOS="523" VPOS="697" WIDTH="64" HEIGHT="19" WC="0.93" CONTENT="större"/><SP WIDTH="14" VPOS="697" HPOS="587"/>
							<String ID="string_183" HPOS="601" VPOS="696" WIDTH="170" HEIGHT="20" WC="0.92" CONTENT="missförhållande"/><SP WIDTH="14" VPOS="696" HPOS="771"/>
							<String ID="string_184" HPOS="785" VPOS="696" WIDTH="82" HEIGHT="20" WC="0.93" CONTENT="emellan"/><SP WIDTH="12" VPOS="696" HPOS="867"/>
							<String ID="string_185" HPOS="879" VPOS="696" WIDTH="73" HEIGHT="25" WC="0.92" CONTENT="produ-"/>
						</TextLine>
						<TextLine ID="line_21" HPOS="212" VPOS="722" WIDTH="738" HEIGHT="26">
							<String ID="string_186" HPOS="212" VPOS="726" WIDTH="67" HEIGHT="17" WC="0.96" CONTENT="center"/><SP WIDTH="16" VPOS="726" HPOS="279"/>
							<String ID="string_187" HPOS="295" VPOS="724" WIDTH="38" HEIGHT="19" WC="0.96" CONTENT="och"/><SP WIDTH="19" VPOS="724" HPOS="333"/>
							<String ID="string_188" HPOS="352" VPOS="723" WIDTH="149" HEIGHT="25" WC="0.96" CONTENT="konsumenter,"/><SP WIDTH="25" VPOS="723" HPOS="501"/>
							<String ID="string_189" HPOS="526" VPOS="724" WIDTH="25" HEIGHT="18" WC="0.95" CONTENT="än"/><SP WIDTH="21" VPOS="724" HPOS="551"/>
							<String ID="string_190" HPOS="572" VPOS="722" WIDTH="162" HEIGHT="26" WC="0.95" CONTENT="näringsfriheten"/><SP WIDTH="23" VPOS="722" HPOS="734"/>
							<String ID="string_191" HPOS="757" VPOS="722" WIDTH="63" HEIGHT="20" WC="0.95" CONTENT="skulle"/><SP WIDTH="22" VPOS="722" HPOS="820"/>
							<String ID="string_192" HPOS="842" VPOS="722" WIDTH="108" HEIGHT="20" WC="0.95" CONTENT="förorsaka."/>
						</TextLine>
						<TextLine ID="line_22" HPOS="212" VPOS="748" WIDTH="740" HEIGHT="28">
							<String ID="string_193" HPOS="212" VPOS="750" WIDTH="38" HEIGHT="20" WC="0.96" CONTENT="Det"/><SP WIDTH="13" VPOS="750" HPOS="250"/>
							<String ID="string_194" HPOS="263" VPOS="750" WIDTH="56" HEIGHT="20" WC="0.96" CONTENT="torde"/><SP WIDTH="13" VPOS="750" HPOS="319"/>
							<String ID="string_195" HPOS="332" VPOS="749" WIDTH="104" HEIGHT="20" WC="0.96" CONTENT="dessutom"/><SP WIDTH="14" VPOS="749" HPOS="436"/>
							<String ID="string_196" HPOS="450" VPOS="755" WIDTH="47" HEIGHT="14" WC="0.96" CONTENT="vara"/><SP WIDTH="15" VPOS="755" HPOS="497"/>
							<String ID="string_197" HPOS="512" VPOS="748" WIDTH="85" HEIGHT="27" WC="0.95" CONTENT="omöjligt"/><SP WIDTH="13" VPOS="748" HPOS="597"/>
							<String ID="string_198" HPOS="610" VPOS="749" WIDTH="30" HEIGHT="19" WC="0.93" CONTENT="för"/><SP WIDTH="14" VPOS="749" HPOS="640"/>
							<String ID="string_199" HPOS="654" VPOS="749" WIDTH="53" HEIGHT="20" WC="0.92" CONTENT="slika."/><SP WIDTH="7" VPOS="749" HPOS="707"/>
							<String ID="string_200" HPOS="714" VPOS="749" WIDTH="139" HEIGHT="27" WC="0.96" CONTENT="myndigheter"/><SP WIDTH="10" VPOS="749" HPOS="853"/>
							<String ID="string_201" HPOS="863" VPOS="751" WIDTH="27" HEIGHT="17" WC="0.96" CONTENT="att"/><SP WIDTH="10" VPOS="751" HPOS="890"/>
							<String ID="string_202" HPOS="900" VPOS="749" WIDTH="52" HEIGHT="19" WC="0.96" CONTENT="helst"/>
						</TextLine>
						<TextLine ID="line_23" HPOS="211" VPOS="774" WIDTH="740" HEIGHT="28">
							<String ID="string_203" HPOS="211" VPOS="776" WIDTH="46" HEIGHT="20" WC="0.95" CONTENT="med."/><SP WIDTH="14" VPOS="776" HPOS="257"/>
							<String ID="string_204" HPOS="271" VPOS="775" WIDTH="62" HEIGHT="27" WC="0.96" CONTENT="någon"/><SP WIDTH="13" VPOS="775" HPOS="333"/>
							<String ID="string_205" HPOS="346" VPOS="776" WIDTH="95" HEIGHT="19" WC="0.64" CONTENT="säkerhet"/><SP WIDTH="13" VPOS="776" HPOS="441"/>
							<String ID="string_206" HPOS="454" VPOS="776" WIDTH="104" HEIGHT="20" WC="0.96" CONTENT="bedömma"/><SP WIDTH="15" VPOS="776" HPOS="558"/>
							<String ID="string_207" HPOS="573" VPOS="776" WIDTH="33" HEIGHT="19" WC="0.96" CONTENT="det"/><SP WIDTH="13" VPOS="776" HPOS="606"/>
							<String ID="string_208" HPOS="619" VPOS="776" WIDTH="49" HEIGHT="19" WC="0.96" CONTENT="rätta"/><SP WIDTH="14" VPOS="776" HPOS="668"/>
							<String ID="string_209" HPOS="682" VPOS="776" WIDTH="72" HEIGHT="20" WC="0.93" CONTENT="antalet"/><SP WIDTH="13" VPOS="776" HPOS="754"/>
							<String ID="string_210" HPOS="767" VPOS="774" WIDTH="145" HEIGHT="22" WC="0.92" CONTENT="handtverkare"/><SP WIDTH="9" VPOS="774" HPOS="912"/>
							<String ID="string_211" HPOS="921" VPOS="776" WIDTH="30" HEIGHT="18" WC="0.96" CONTENT="för"/>
						</TextLine>
						<TextLine ID="line_24" HPOS="212" VPOS="800" WIDTH="740" HEIGHT="28">
							<String ID="string_212" HPOS="212" VPOS="802" WIDTH="68" HEIGHT="25" WC="0.96" CONTENT="hvarje"/><SP WIDTH="14" VPOS="802" HPOS="280"/>
							<String ID="string_213" HPOS="294" VPOS="805" WIDTH="36" HEIGHT="21" WC="0.96" CONTENT="ort,"/><SP WIDTH="17" VPOS="805" HPOS="330"/>
							<String ID="string_214" HPOS="347" VPOS="804" WIDTH="37" HEIGHT="18" WC="0.93" CONTENT="och"/><SP WIDTH="15" VPOS="804" HPOS="384"/>
							<String ID="string_215" HPOS="399" VPOS="802" WIDTH="115" HEIGHT="26" WC="0.92" CONTENT="stadgandet"/><SP WIDTH="13" VPOS="802" HPOS="514"/>
							<String ID="string_216" HPOS="527" VPOS="803" WIDTH="69" HEIGHT="19" WC="0.96" CONTENT="härom"/><SP WIDTH="14" VPOS="803" HPOS="596"/>
							<String ID="string_217" HPOS="610" VPOS="802" WIDTH="37" HEIGHT="20" WC="0.96" CONTENT="har"/><SP WIDTH="13" VPOS="802" HPOS="647"/>
							<String ID="string_218" HPOS="660" VPOS="802" WIDTH="5" HEIGHT="19" WC="0.96" CONTENT="i"/><SP WIDTH="15" VPOS="802" HPOS="665"/>
							<String ID="string_219" HPOS="680" VPOS="802" WIDTH="34" HEIGHT="20" WC="0.96" CONTENT="det"/><SP WIDTH="13" VPOS="802" HPOS="714"/>
							<String ID="string_220" HPOS="727" VPOS="802" WIDTH="45" HEIGHT="20" WC="0.96" CONTENT="hela"/><SP WIDTH="14" VPOS="802" HPOS="772"/>
							<String ID="string_221" HPOS="786" VPOS="801" WIDTH="17" HEIGHT="26" WC="0.96" CONTENT="ej"/><SP WIDTH="14" VPOS="801" HPOS="803"/>
							<String ID="string_222" HPOS="817" VPOS="802" WIDTH="61" HEIGHT="20" WC="0.93" CONTENT="heller"/><SP WIDTH="14" VPOS="802" HPOS="878"/>
							<String ID="string_223" HPOS="892" VPOS="800" WIDTH="60" HEIGHT="26" WC="0.91" CONTENT="tjenat"/>
						</TextLine>
						<TextLine ID="line_25" HPOS="212" VPOS="828" WIDTH="740" HEIGHT="28">
							<String ID="string_224" HPOS="212" VPOS="829" WIDTH="26" HEIGHT="21" WC="0.96" CONTENT="till"/><SP WIDTH="14" VPOS="829" HPOS="238"/>
							<String ID="string_225" HPOS="252" VPOS="832" WIDTH="59" HEIGHT="16" WC="0.89" CONTENT="annat"/><SP WIDTH="13" VPOS="832" HPOS="311"/>
							<String ID="string_226" HPOS="324" VPOS="830" WIDTH="24" HEIGHT="18" WC="0.96" CONTENT="än"/><SP WIDTH="13" VPOS="830" HPOS="348"/>
							<String ID="string_227" HPOS="361" VPOS="831" WIDTH="29" HEIGHT="18" WC="0.93" CONTENT="att"/><SP WIDTH="14" VPOS="831" HPOS="390"/>
							<String ID="string_228" HPOS="404" VPOS="829" WIDTH="158" HEIGHT="20" WC="0.91" CONTENT="skråmästarena"/><SP WIDTH="9" VPOS="829" HPOS="562"/>
							<String ID="string_229" HPOS="571" VPOS="828" WIDTH="108" HEIGHT="26" WC="0.95" CONTENT="uppehållit"/><SP WIDTH="9" VPOS="828" HPOS="679"/>
							<String ID="string_230" HPOS="688" VPOS="828" WIDTH="100" HEIGHT="28" WC="0.96" CONTENT="sökanden"/><SP WIDTH="10" VPOS="828" HPOS="788"/>
							<String ID="string_231" HPOS="798" VPOS="829" WIDTH="20" HEIGHT="19" WC="0.96" CONTENT="af"/><SP WIDTH="7" VPOS="829" HPOS="818"/>
							<String ID="string_232" HPOS="825" VPOS="828" WIDTH="127" HEIGHT="26" WC="0.96" CONTENT="mästerskap"/>
						</TextLine>
						<TextLine ID="line_26" HPOS="212" VPOS="854" WIDTH="740" HEIGHT="27">
							<String ID="string_233" HPOS="212" VPOS="857" WIDTH="38" HEIGHT="18" WC="0.96" CONTENT="och"/><SP WIDTH="14" VPOS="857" HPOS="250"/>
							<String ID="string_234" HPOS="264" VPOS="856" WIDTH="87" HEIGHT="24" WC="0.96" CONTENT="burskap"/><SP WIDTH="13" VPOS="856" HPOS="351"/>
							<String ID="string_235" HPOS="364" VPOS="856" WIDTH="47" HEIGHT="19" WC="0.96" CONTENT="med"/><SP WIDTH="13" VPOS="856" HPOS="411"/>
							<String ID="string_236" HPOS="424" VPOS="856" WIDTH="99" HEIGHT="20" WC="0.96" CONTENT="allehanda"/><SP WIDTH="18" VPOS="856" HPOS="523"/>
							<String ID="string_237" HPOS="541" VPOS="855" WIDTH="130" HEIGHT="25" WC="0.95" CONTENT="svårigheter."/><SP WIDTH="31" VPOS="855" HPOS="671"/>
							<String ID="string_238" HPOS="702" VPOS="856" WIDTH="62" HEIGHT="20" WC="0.95" CONTENT="Äfven"/><SP WIDTH="17" VPOS="856" HPOS="764"/>
							<String ID="string_239" HPOS="781" VPOS="858" WIDTH="77" HEIGHT="23" WC="0.93" CONTENT="antaget"/><SP WIDTH="11" VPOS="858" HPOS="858"/>
							<String ID="string_240" HPOS="869" VPOS="854" WIDTH="33" HEIGHT="20" WC="0.96" CONTENT="att"/><SP WIDTH="16" VPOS="854" HPOS="902"/>
							<String ID="string_241" HPOS="918" VPOS="855" WIDTH="34" HEIGHT="19" WC="0.96" CONTENT="det"/>
						</TextLine>
						<TextLine ID="line_27" HPOS="212" VPOS="882" WIDTH="740" HEIGHT="25">
							<String ID="string_242" HPOS="212" VPOS="884" WIDTH="51" HEIGHT="18" WC="0.96" CONTENT="rätta"/><SP WIDTH="13" VPOS="884" HPOS="263"/>
							<String ID="string_243" HPOS="276" VPOS="883" WIDTH="74" HEIGHT="19" WC="0.96" CONTENT="antalet"/><SP WIDTH="13" VPOS="883" HPOS="350"/>
							<String ID="string_244" HPOS="363" VPOS="882" WIDTH="131" HEIGHT="25" WC="0.96" CONTENT="producenter"/><SP WIDTH="14" VPOS="882" HPOS="494"/>
							<String ID="string_245" HPOS="508" VPOS="883" WIDTH="5" HEIGHT="19" WC="0.96" CONTENT="i"/><SP WIDTH="15" VPOS="883" HPOS="513"/>
							<String ID="string_246" HPOS="528" VPOS="884" WIDTH="28" HEIGHT="18" WC="0.96" CONTENT="ett"/><SP WIDTH="13" VPOS="884" HPOS="556"/>
							<String ID="string_247" HPOS="569" VPOS="882" WIDTH="52" HEIGHT="19" WC="0.93" CONTENT="visst"/><SP WIDTH="16" VPOS="882" HPOS="621"/>
							<String ID="string_248" HPOS="637" VPOS="882" WIDTH="110" HEIGHT="20" WC="0.92" CONTENT="handtverk"/><SP WIDTH="17" VPOS="882" HPOS="747"/>
							<String ID="string_249" HPOS="764" VPOS="882" WIDTH="30" HEIGHT="20" WC="0.96" CONTENT="för"/><SP WIDTH="16" VPOS="882" HPOS="794"/>
							<String ID="string_250" HPOS="810" VPOS="882" WIDTH="43" HEIGHT="20" WC="0.93" CONTENT="viss"/><SP WIDTH="17" VPOS="882" HPOS="853"/>
							<String ID="string_251" HPOS="870" VPOS="882" WIDTH="27" HEIGHT="19" WC="0.96" CONTENT="tid"/><SP WIDTH="17" VPOS="882" HPOS="897"/>
							<String ID="string_252" HPOS="914" VPOS="882" WIDTH="38" HEIGHT="19" WC="0.96" CONTENT="och"/>
						</TextLine>
						<TextLine ID="line_28" HPOS="212" VPOS="908" WIDTH="740" HEIGHT="27">
							<String ID="string_253" HPOS="212" VPOS="911" WIDTH="32" HEIGHT="17" WC="0.95" CONTENT="ort"/><SP WIDTH="13" VPOS="911" HPOS="244"/>
							<String ID="string_254" HPOS="257" VPOS="908" WIDTH="64" HEIGHT="20" WC="0.96" CONTENT="kunde"/><SP WIDTH="11" VPOS="908" HPOS="321"/>
							<String ID="string_255" HPOS="332" VPOS="908" WIDTH="135" HEIGHT="26" WC="0.93" CONTENT="bestämmas,"/><SP WIDTH="16" VPOS="908" HPOS="467"/>
							<String ID="string_256" HPOS="483" VPOS="911" WIDTH="79" HEIGHT="24" WC="0.96" CONTENT="tryggas"/><SP WIDTH="13" VPOS="911" HPOS="562"/>
							<String ID="string_257" HPOS="575" VPOS="908" WIDTH="70" HEIGHT="20" WC="0.96" CONTENT="dessas"/><SP WIDTH="15" VPOS="908" HPOS="645"/>
							<String ID="string_258" HPOS="660" VPOS="908" WIDTH="79" HEIGHT="20" WC="0.96" CONTENT="framtid"/><SP WIDTH="13" VPOS="908" HPOS="739"/>
							<String ID="string_259" HPOS="752" VPOS="908" WIDTH="51" HEIGHT="20" WC="0.96" CONTENT="dock"/><SP WIDTH="13" VPOS="908" HPOS="803"/>
							<String ID="string_260" HPOS="816" VPOS="908" WIDTH="45" HEIGHT="20" WC="0.93" CONTENT="icke"/><SP WIDTH="16" VPOS="908" HPOS="861"/>
							<String ID="string_261" HPOS="877" VPOS="908" WIDTH="75" HEIGHT="25" WC="0.92" CONTENT="derige-"/>
						</TextLine>
						<TextLine ID="line_29" HPOS="212" VPOS="934" WIDTH="740" HEIGHT="26">
							<String ID="string_262" HPOS="212" VPOS="941" WIDTH="47" HEIGHT="14" WC="0.95" CONTENT="nom"/><SP WIDTH="13" VPOS="941" HPOS="259"/>
							<String ID="string_263" HPOS="272" VPOS="938" WIDTH="41" HEIGHT="16" WC="0.95" CONTENT="mot"/><SP WIDTH="14" VPOS="938" HPOS="313"/>
							<String ID="string_264" HPOS="327" VPOS="935" WIDTH="25" HEIGHT="20" WC="0.96" CONTENT="de"/><SP WIDTH="14" VPOS="935" HPOS="352"/>
							<String ID="string_265" HPOS="366" VPOS="935" WIDTH="131" HEIGHT="25" WC="0.96" CONTENT="förändringar"/><SP WIDTH="14" VPOS="935" HPOS="497"/>
							<String ID="string_266" HPOS="511" VPOS="936" WIDTH="6" HEIGHT="18" WC="0.96" CONTENT="i"/><SP WIDTH="14" VPOS="936" HPOS="517"/>
							<String ID="string_267" HPOS="531" VPOS="934" WIDTH="68" HEIGHT="26" WC="0.93" CONTENT="sjelfva"/><SP WIDTH="19" VPOS="934" HPOS="599"/>
							<String ID="string_268" HPOS="618" VPOS="934" WIDTH="200" HEIGHT="26" WC="0.91" CONTENT="produktionssättet,"/><SP WIDTH="18" VPOS="934" HPOS="818"/>
							<String ID="string_269" HPOS="836" VPOS="940" WIDTH="44" HEIGHT="14" WC="0.93" CONTENT="som"/><SP WIDTH="16" VPOS="940" HPOS="880"/>
							<String ID="string_270" HPOS="896" VPOS="935" WIDTH="56" HEIGHT="19" WC="0.92" CONTENT="indu-"/>
						</TextLine>
						<TextLine ID="line_30" HPOS="212" VPOS="961" WIDTH="740" HEIGHT="27">
							<String ID="string_271" HPOS="212" VPOS="962" WIDTH="49" HEIGHT="20" WC="0.92" CONTENT="strin"/><SP WIDTH="15" VPOS="962" HPOS="261"/>
							<String ID="string_272" HPOS="276" VPOS="962" WIDTH="85" HEIGHT="26" WC="0.96" CONTENT="dagligen"/><SP WIDTH="15" VPOS="962" HPOS="361"/>
							<String ID="string_273" HPOS="376" VPOS="962" WIDTH="78" HEIGHT="24" WC="0.96" CONTENT="företer,"/><SP WIDTH="16" VPOS="962" HPOS="454"/>
							<String ID="string_274" HPOS="470" VPOS="962" WIDTH="38" HEIGHT="20" WC="0.96" CONTENT="och"/><SP WIDTH="14" VPOS="962" HPOS="508"/>
							<String ID="string_275" HPOS="522" VPOS="962" WIDTH="127" HEIGHT="25" WC="0.94" CONTENT="hvarigenom"/><SP WIDTH="13" VPOS="962" HPOS="649"/>
							<String ID="string_276" HPOS="662" VPOS="964" WIDTH="28" HEIGHT="17" WC="0.92" CONTENT="ett"/><SP WIDTH="14" VPOS="964" HPOS="690"/>
							<String ID="string_277" HPOS="704" VPOS="961" WIDTH="108" HEIGHT="20" WC="0.92" CONTENT="handtverk"/><SP WIDTH="13" VPOS="961" HPOS="812"/>
							<String ID="string_278" HPOS="825" VPOS="962" WIDTH="36" HEIGHT="19" WC="0.95" CONTENT="lätt"/><SP WIDTH="14" VPOS="962" HPOS="861"/>
							<String ID="string_279" HPOS="875" VPOS="961" WIDTH="37" HEIGHT="20" WC="0.95" CONTENT="kan"/><SP WIDTH="16" VPOS="961" HPOS="912"/>
							<String ID="string_280" HPOS="928" VPOS="961" WIDTH="24" HEIGHT="26" WC="0.95" CONTENT="gå"/>
						</TextLine>
						<TextLine ID="line_31" HPOS="212" VPOS="988" WIDTH="741" HEIGHT="26">
							<String ID="string_281" HPOS="212" VPOS="988" WIDTH="69" HEIGHT="20" WC="0.93" CONTENT="under."/><SP WIDTH="29" VPOS="988" HPOS="281"/>
							<String ID="string_282" HPOS="310" VPOS="988" WIDTH="8" HEIGHT="19" WC="0.84" CONTENT="I"/><SP WIDTH="14" VPOS="988" HPOS="318"/>
							<String ID="string_283" HPOS="332" VPOS="988" WIDTH="72" HEIGHT="20" WC="0.96" CONTENT="sådana"/><SP WIDTH="15" VPOS="988" HPOS="404"/>
							<String ID="string_284" HPOS="419" VPOS="988" WIDTH="31" HEIGHT="20" WC="0.96" CONTENT="fall"/><SP WIDTH="15" VPOS="988" HPOS="450"/>
							<String ID="string_285" HPOS="465" VPOS="988" WIDTH="36" HEIGHT="20" WC="0.96" CONTENT="har"/><SP WIDTH="13" VPOS="988" HPOS="501"/>
							<String ID="string_286" HPOS="514" VPOS="988" WIDTH="163" HEIGHT="24" WC="0.94" CONTENT="näringsfriheten"/><SP WIDTH="14" VPOS="988" HPOS="677"/>
							<String ID="string_287" HPOS="691" VPOS="988" WIDTH="52" HEIGHT="20" WC="0.96" CONTENT="alltid"/><SP WIDTH="14" VPOS="988" HPOS="743"/>
							<String ID="string_288" HPOS="757" VPOS="994" WIDTH="38" HEIGHT="20" WC="0.93" CONTENT="nya"/><SP WIDTH="14" VPOS="994" HPOS="795"/>
							<String ID="string_289" HPOS="809" VPOS="988" WIDTH="144" HEIGHT="25" WC="0.92" CONTENT="bergningssätt"/>
						</TextLine>
						<TextLine ID="line_32" HPOS="212" VPOS="1014" WIDTH="740" HEIGHT="25">
							<String ID="string_290" HPOS="212" VPOS="1017" WIDTH="29" HEIGHT="17" WC="0.96" CONTENT="att"/><SP WIDTH="13" VPOS="1017" HPOS="241"/>
							<String ID="string_291" HPOS="254" VPOS="1014" WIDTH="89" HEIGHT="25" WC="0.96" CONTENT="erbjuda,"/><SP WIDTH="16" VPOS="1014" HPOS="343"/>
							<String ID="string_292" HPOS="359" VPOS="1014" WIDTH="37" HEIGHT="19" WC="0.96" CONTENT="och"/><SP WIDTH="14" VPOS="1014" HPOS="396"/>
							<String ID="string_293" HPOS="410" VPOS="1016" WIDTH="34" HEIGHT="17" WC="0.96" CONTENT="det"/><SP WIDTH="12" VPOS="1016" HPOS="444"/>
							<String ID="string_294" HPOS="456" VPOS="1015" WIDTH="57" HEIGHT="19" WC="0.93" CONTENT="torde"/><SP WIDTH="13" VPOS="1015" HPOS="513"/>
							<String ID="string_295" HPOS="526" VPOS="1015" WIDTH="77" HEIGHT="19" WC="0.92" CONTENT="derföre"/><SP WIDTH="15" VPOS="1015" HPOS="603"/>
							<String ID="string_296" HPOS="618" VPOS="1020" WIDTH="46" HEIGHT="13" WC="0.96" CONTENT="vara"/><SP WIDTH="15" VPOS="1020" HPOS="664"/>
							<String ID="string_297" HPOS="679" VPOS="1014" WIDTH="29" HEIGHT="19" WC="0.96" CONTENT="för"/><SP WIDTH="13" VPOS="1014" HPOS="708"/>
							<String ID="string_298" HPOS="721" VPOS="1015" WIDTH="110" HEIGHT="20" WC="0.95" CONTENT="industrins"/><SP WIDTH="9" VPOS="1015" HPOS="831"/>
							<String ID="string_299" HPOS="840" VPOS="1014" WIDTH="112" HEIGHT="25" WC="0.96" CONTENT="utveckling"/>
						</TextLine>
						<TextLine ID="line_33" HPOS="213" VPOS="1039" WIDTH="739" HEIGHT="26">
							<String ID="string_300" HPOS="213" VPOS="1041" WIDTH="6" HEIGHT="19" WC="0.96" CONTENT="i"/><SP WIDTH="13" VPOS="1041" HPOS="219"/>
							<String ID="string_301" HPOS="232" VPOS="1041" WIDTH="65" HEIGHT="19" WC="0.94" CONTENT="landet"/><SP WIDTH="14" VPOS="1041" HPOS="297"/>
							<String ID="string_302" HPOS="311" VPOS="1041" WIDTH="21" HEIGHT="18" WC="0.96" CONTENT="af"/><SP WIDTH="12" VPOS="1041" HPOS="332"/>
							<String ID="string_303" HPOS="344" VPOS="1041" WIDTH="40" HEIGHT="24" WC="0.96" CONTENT="vigt"/><SP WIDTH="14" VPOS="1041" HPOS="384"/>
							<String ID="string_304" HPOS="398" VPOS="1043" WIDTH="28" HEIGHT="17" WC="0.96" CONTENT="att"/><SP WIDTH="13" VPOS="1043" HPOS="426"/>
							<String ID="string_305" HPOS="439" VPOS="1041" WIDTH="25" HEIGHT="18" WC="0.96" CONTENT="de"/><SP WIDTH="14" VPOS="1041" HPOS="464"/>
							<String ID="string_306" HPOS="478" VPOS="1041" WIDTH="67" HEIGHT="20" WC="0.93" CONTENT="hinder"/><SP WIDTH="14" VPOS="1041" HPOS="545"/>
							<String ID="string_307" HPOS="559" VPOS="1039" WIDTH="137" HEIGHT="26" WC="0.91" CONTENT="undanrödjas,"/><SP WIDTH="16" VPOS="1039" HPOS="696"/>
							<String ID="string_308" HPOS="712" VPOS="1046" WIDTH="44" HEIGHT="15" WC="0.96" CONTENT="som"/><SP WIDTH="13" VPOS="1046" HPOS="756"/>
							<String ID="string_309" HPOS="769" VPOS="1041" WIDTH="21" HEIGHT="19" WC="0.93" CONTENT="af"/><SP WIDTH="8" VPOS="1041" HPOS="790"/>
							<String ID="string_310" HPOS="798" VPOS="1040" WIDTH="154" HEIGHT="21" WC="0.91" CONTENT="skråförfattnin-"/>
						</TextLine>
						<TextLine ID="line_34" HPOS="213" VPOS="1066" WIDTH="396" HEIGHT="27">
							<String ID="string_311" HPOS="213" VPOS="1072" WIDTH="59" HEIGHT="21" WC="0.95" CONTENT="garna"/><SP WIDTH="15" VPOS="1072" HPOS="272"/>
							<String ID="string_312" HPOS="287" VPOS="1067" WIDTH="4" HEIGHT="19" WC="0.95" CONTENT="i"/><SP WIDTH="14" VPOS="1067" HPOS="291"/>
							<String ID="string_313" HPOS="305" VPOS="1066" WIDTH="70" HEIGHT="21" WC="0.96" CONTENT="sådant"/><SP WIDTH="13" VPOS="1066" HPOS="375"/>
							<String ID="string_314" HPOS="388" VPOS="1067" WIDTH="94" HEIGHT="20" WC="0.91" CONTENT="afseende"/><SP WIDTH="14" VPOS="1067" HPOS="482"/>
							<String ID="string_315" HPOS="496" VPOS="1067" WIDTH="113" HEIGHT="25" WC="0.90" CONTENT="uppställas."/>
						</TextLine>
					</TextBlock>
					<TextBlock ID="block_2" HPOS="211" VPOS="1093" WIDTH="743" HEIGHT="372">
						<TextLine ID="line_35" HPOS="266" VPOS="1093" WIDTH="688" HEIGHT="26">
							<String ID="string_316" HPOS="266" VPOS="1093" WIDTH="57" HEIGHT="19" WC="0.92" CONTENT="Hvad"/><SP WIDTH="14" VPOS="1093" HPOS="323"/>
							<String ID="string_317" HPOS="337" VPOS="1094" WIDTH="136" HEIGHT="19" WC="0.92" CONTENT="manufaktur-"/><SP WIDTH="13" VPOS="1094" HPOS="473"/>
							<String ID="string_318" HPOS="486" VPOS="1095" WIDTH="37" HEIGHT="18" WC="0.92" CONTENT="och"/><SP WIDTH="14" VPOS="1095" HPOS="523"/>
							<String ID="string_319" HPOS="537" VPOS="1093" WIDTH="188" HEIGHT="26" WC="0.91" CONTENT="fabriksnäringarne"/><SP WIDTH="14" VPOS="1093" HPOS="725"/>
							<String ID="string_320" HPOS="739" VPOS="1093" WIDTH="59" HEIGHT="26" WC="0.96" CONTENT="angår"/><SP WIDTH="14" VPOS="1093" HPOS="798"/>
							<String ID="string_321" HPOS="812" VPOS="1094" WIDTH="36" HEIGHT="19" WC="0.96" CONTENT="har"/><SP WIDTH="9" VPOS="1094" HPOS="848"/>
							<String ID="string_322" HPOS="857" VPOS="1093" WIDTH="97" HEIGHT="20" WC="0.96" CONTENT="utskottet"/>
						</TextLine>
						<TextLine ID="line_36" HPOS="213" VPOS="1119" WIDTH="739" HEIGHT="26">
							<String ID="string_323" HPOS="213" VPOS="1120" WIDTH="37" HEIGHT="19" WC="0.96" CONTENT="här"/><SP WIDTH="14" VPOS="1120" HPOS="250"/>
							<String ID="string_324" HPOS="264" VPOS="1120" WIDTH="58" HEIGHT="19" WC="0.96" CONTENT="ofvan"/><SP WIDTH="15" VPOS="1120" HPOS="322"/>
							<String ID="string_325" HPOS="337" VPOS="1119" WIDTH="45" HEIGHT="20" WC="0.96" CONTENT="sökt"/><SP WIDTH="14" VPOS="1119" HPOS="382"/>
							<String ID="string_326" HPOS="396" VPOS="1120" WIDTH="42" HEIGHT="19" WC="0.96" CONTENT="visa"/><SP WIDTH="14" VPOS="1120" HPOS="438"/>
							<String ID="string_327" HPOS="452" VPOS="1123" WIDTH="30" HEIGHT="16" WC="0.95" CONTENT="att"/><SP WIDTH="13" VPOS="1123" HPOS="482"/>
							<String ID="string_328" HPOS="495" VPOS="1120" WIDTH="59" HEIGHT="25" WC="0.95" CONTENT="enligt"/><SP WIDTH="14" VPOS="1120" HPOS="554"/>
							<String ID="string_329" HPOS="568" VPOS="1120" WIDTH="67" HEIGHT="25" WC="0.96" CONTENT="regeln"/><SP WIDTH="13" VPOS="1120" HPOS="635"/>
							<String ID="string_330" HPOS="648" VPOS="1119" WIDTH="58" HEIGHT="20" WC="0.96" CONTENT="äfven"/><SP WIDTH="17" VPOS="1119" HPOS="706"/>
							<String ID="string_331" HPOS="723" VPOS="1119" WIDTH="59" HEIGHT="20" WC="0.96" CONTENT="dessa"/><SP WIDTH="16" VPOS="1119" HPOS="782"/>
							<String ID="string_332" HPOS="798" VPOS="1120" WIDTH="90" HEIGHT="25" WC="0.96" CONTENT="näringar"/><SP WIDTH="17" VPOS="1120" HPOS="888"/>
							<String ID="string_333" HPOS="905" VPOS="1120" WIDTH="47" HEIGHT="19" WC="0.96" CONTENT="böra"/>
						</TextLine>
						<TextLine ID="line_37" HPOS="213" VPOS="1145" WIDTH="740" HEIGHT="27">
							<String ID="string_334" HPOS="213" VPOS="1145" WIDTH="102" HEIGHT="20" WC="0.92" CONTENT="bedrifvas"/><SP WIDTH="16" VPOS="1145" HPOS="315"/>
							<String ID="string_335" HPOS="331" VPOS="1146" WIDTH="6" HEIGHT="19" WC="0.96" CONTENT="i"/><SP WIDTH="17" VPOS="1146" HPOS="337"/>
							<String ID="string_336" HPOS="354" VPOS="1145" WIDTH="53" HEIGHT="26" WC="0.95" CONTENT="stad,"/><SP WIDTH="19" VPOS="1145" HPOS="407"/>
							<String ID="string_337" HPOS="426" VPOS="1149" WIDTH="50" HEIGHT="16" WC="0.96" CONTENT="samt"/><SP WIDTH="17" VPOS="1149" HPOS="476"/>
							<String ID="string_338" HPOS="493" VPOS="1149" WIDTH="28" HEIGHT="16" WC="0.96" CONTENT="att"/><SP WIDTH="16" VPOS="1149" HPOS="521"/>
							<String ID="string_339" HPOS="537" VPOS="1146" WIDTH="92" HEIGHT="19" WC="0.90" CONTENT="tillträdet."/><SP WIDTH="16" VPOS="1146" HPOS="629"/>
							<String ID="string_340" HPOS="645" VPOS="1145" WIDTH="89" HEIGHT="20" WC="0.96" CONTENT="berodde"/><SP WIDTH="16" VPOS="1145" HPOS="734"/>
							<String ID="string_341" HPOS="750" VPOS="1145" WIDTH="25" HEIGHT="26" WC="0.96" CONTENT="på"/><SP WIDTH="17" VPOS="1145" HPOS="775"/>
							<String ID="string_342" HPOS="792" VPOS="1146" WIDTH="98" HEIGHT="26" WC="0.96" CONTENT="burskap,"/><SP WIDTH="19" VPOS="1146" HPOS="890"/>
							<String ID="string_343" HPOS="909" VPOS="1152" WIDTH="44" HEIGHT="13" WC="0.96" CONTENT="som"/>
						</TextLine>
						<TextLine ID="line_38" HPOS="213" VPOS="1171" WIDTH="740" HEIGHT="28">
							<String ID="string_344" HPOS="213" VPOS="1172" WIDTH="73" HEIGHT="20" WC="0.96" CONTENT="erhölls"/><SP WIDTH="13" VPOS="1172" HPOS="286"/>
							<String ID="string_345" HPOS="299" VPOS="1172" WIDTH="22" HEIGHT="19" WC="0.96" CONTENT="af"/><SP WIDTH="11" VPOS="1172" HPOS="321"/>
							<String ID="string_346" HPOS="332" VPOS="1172" WIDTH="53" HEIGHT="25" WC="0.96" CONTENT="dem,"/><SP WIDTH="16" VPOS="1172" HPOS="385"/>
							<String ID="string_347" HPOS="401" VPOS="1172" WIDTH="65" HEIGHT="20" WC="0.96" CONTENT="hvilka"/><SP WIDTH="14" VPOS="1172" HPOS="466"/>
							<String ID="string_348" HPOS="480" VPOS="1173" WIDTH="37" HEIGHT="19" WC="0.96" CONTENT="lärt"/><SP WIDTH="14" VPOS="1173" HPOS="517"/>
							<String ID="string_349" HPOS="531" VPOS="1173" WIDTH="59" HEIGHT="26" WC="0.96" CONTENT="yrket"/><SP WIDTH="13" VPOS="1173" HPOS="590"/>
							<String ID="string_350" HPOS="603" VPOS="1173" WIDTH="38" HEIGHT="19" WC="0.96" CONTENT="och"/><SP WIDTH="14" VPOS="1173" HPOS="641"/>
							<String ID="string_351" HPOS="655" VPOS="1173" WIDTH="21" HEIGHT="19" WC="0.93" CONTENT="af"/><SP WIDTH="12" VPOS="1173" HPOS="676"/>
							<String ID="string_352" HPOS="688" VPOS="1173" WIDTH="124" HEIGHT="19" WC="0.92" CONTENT="hallrätterna"/><SP WIDTH="11" VPOS="1173" HPOS="812"/>
							<String ID="string_353" HPOS="823" VPOS="1171" WIDTH="77" HEIGHT="22" WC="0.93" CONTENT="erhållit"/><SP WIDTH="13" VPOS="1171" HPOS="900"/>
							<String ID="string_354" HPOS="913" VPOS="1174" WIDTH="40" HEIGHT="18" WC="0.91" CONTENT="mä-"/>
						</TextLine>
						<TextLine ID="line_39" HPOS="213" VPOS="1199" WIDTH="739" HEIGHT="26">
							<String ID="string_355" HPOS="213" VPOS="1199" WIDTH="106" HEIGHT="24" WC="0.93" CONTENT="starebref,"/><SP WIDTH="18" VPOS="1199" HPOS="319"/>
							<String ID="string_356" HPOS="337" VPOS="1204" WIDTH="47" HEIGHT="14" WC="0.96" CONTENT="men"/><SP WIDTH="17" VPOS="1204" HPOS="384"/>
							<String ID="string_357" HPOS="401" VPOS="1201" WIDTH="28" HEIGHT="17" WC="0.96" CONTENT="att"/><SP WIDTH="16" VPOS="1201" HPOS="429"/>
							<String ID="string_358" HPOS="445" VPOS="1205" WIDTH="70" HEIGHT="19" WC="0.93" CONTENT="genom"/><SP WIDTH="17" VPOS="1205" HPOS="515"/>
							<String ID="string_359" HPOS="532" VPOS="1199" WIDTH="205" HEIGHT="26" WC="0.92" CONTENT="privilegiisystemets"/><SP WIDTH="14" VPOS="1199" HPOS="737"/>
							<String ID="string_360" HPOS="751" VPOS="1199" WIDTH="126" HEIGHT="26" WC="0.95" CONTENT="utbredning,"/><SP WIDTH="16" VPOS="1199" HPOS="877"/>
							<String ID="string_361" HPOS="893" VPOS="1199" WIDTH="59" HEIGHT="20" WC="0.96" CONTENT="dessa"/>
						</TextLine>
						<TextLine ID="line_40" HPOS="214" VPOS="1225" WIDTH="740" HEIGHT="26">
							<String ID="string_362" HPOS="214" VPOS="1225" WIDTH="97" HEIGHT="20" WC="0.92" CONTENT="skrankor"/><SP WIDTH="13" VPOS="1225" HPOS="311"/>
							<String ID="string_363" HPOS="324" VPOS="1225" WIDTH="26" HEIGHT="20" WC="0.95" CONTENT="till"/><SP WIDTH="15" VPOS="1225" HPOS="350"/>
							<String ID="string_364" HPOS="365" VPOS="1227" WIDTH="41" HEIGHT="18" WC="0.96" CONTENT="stor"/><SP WIDTH="15" VPOS="1227" HPOS="406"/>
							<String ID="string_365" HPOS="421" VPOS="1225" WIDTH="31" HEIGHT="20" WC="0.87" CONTENT="del"/><SP WIDTH="18" VPOS="1225" HPOS="452"/>
							<String ID="string_366" HPOS="470" VPOS="1226" WIDTH="99" HEIGHT="25" WC="0.90" CONTENT="upphäfts."/><SP WIDTH="30" VPOS="1226" HPOS="569"/>
							<String ID="string_367" HPOS="599" VPOS="1226" WIDTH="38" HEIGHT="19" WC="0.96" CONTENT="Det"/><SP WIDTH="16" VPOS="1226" HPOS="637"/>
							<String ID="string_368" HPOS="653" VPOS="1225" WIDTH="38" HEIGHT="20" WC="0.93" CONTENT="kan"/><SP WIDTH="17" VPOS="1225" HPOS="691"/>
							<String ID="string_369" HPOS="708" VPOS="1225" WIDTH="77" HEIGHT="20" WC="0.90" CONTENT="derföre"/><SP WIDTH="17" VPOS="1225" HPOS="785"/>
							<String ID="string_370" HPOS="802" VPOS="1227" WIDTH="57" HEIGHT="24" WC="0.92" CONTENT="sägas"/><SP WIDTH="17" VPOS="1227" HPOS="859"/>
							<String ID="string_371" HPOS="876" VPOS="1229" WIDTH="28" HEIGHT="16" WC="0.96" CONTENT="att"/><SP WIDTH="16" VPOS="1229" HPOS="904"/>
							<String ID="string_372" HPOS="920" VPOS="1225" WIDTH="34" HEIGHT="20" WC="0.96" CONTENT="det"/>
						</TextLine>
						<TextLine ID="line_41" HPOS="213" VPOS="1251" WIDTH="739" HEIGHT="26">
							<String ID="string_373" HPOS="213" VPOS="1251" WIDTH="29" HEIGHT="18" WC="0.96" CONTENT="för"/><SP WIDTH="14" VPOS="1251" HPOS="242"/>
							<String ID="string_374" HPOS="256" VPOS="1251" WIDTH="122" HEIGHT="19" WC="0.93" CONTENT="närvarande"/><SP WIDTH="13" VPOS="1251" HPOS="378"/>
							<String ID="string_375" HPOS="391" VPOS="1251" WIDTH="42" HEIGHT="19" WC="0.92" CONTENT="stär"/><SP WIDTH="13" VPOS="1251" HPOS="433"/>
							<String ID="string_376" HPOS="446" VPOS="1253" WIDTH="76" HEIGHT="18" WC="0.93" CONTENT="enhvar"/><SP WIDTH="13" VPOS="1253" HPOS="522"/>
							<String ID="string_377" HPOS="535" VPOS="1252" WIDTH="52" HEIGHT="19" WC="0.96" CONTENT="finsk"/><SP WIDTH="14" VPOS="1252" HPOS="587"/>
							<String ID="string_378" HPOS="601" VPOS="1251" WIDTH="130" HEIGHT="26" WC="0.93" CONTENT="medborgare"/><SP WIDTH="15" VPOS="1251" HPOS="731"/>
							<String ID="string_379" HPOS="746" VPOS="1252" WIDTH="40" HEIGHT="19" WC="0.91" CONTENT="fritt"/><SP WIDTH="13" VPOS="1252" HPOS="786"/>
							<String ID="string_380" HPOS="799" VPOS="1255" WIDTH="28" HEIGHT="16" WC="0.93" CONTENT="att"/><SP WIDTH="14" VPOS="1255" HPOS="827"/>
							<String ID="string_381" HPOS="841" VPOS="1252" WIDTH="63" HEIGHT="19" WC="0.92" CONTENT="drifva"/><SP WIDTH="13" VPOS="1252" HPOS="904"/>
							<String ID="string_382" HPOS="917" VPOS="1252" WIDTH="35" HEIGHT="19" WC="0.90" CONTENT="slik"/>
						</TextLine>
						<TextLine ID="line_42" HPOS="213" VPOS="1277" WIDTH="737" HEIGHT="26">
							<String ID="string_383" HPOS="213" VPOS="1277" WIDTH="68" HEIGHT="24" WC="0.93" CONTENT="näring"/><SP WIDTH="14" VPOS="1277" HPOS="281"/>
							<String ID="string_384" HPOS="295" VPOS="1277" WIDTH="80" HEIGHT="19" WC="0.92" CONTENT="allenast"/><SP WIDTH="14" VPOS="1277" HPOS="375"/>
							<String ID="string_385" HPOS="389" VPOS="1277" WIDTH="37" HEIGHT="19" WC="0.93" CONTENT="han"/><SP WIDTH="16" VPOS="1277" HPOS="426"/>
							<String ID="string_386" HPOS="442" VPOS="1277" WIDTH="46" HEIGHT="19" WC="0.92" CONTENT="derä"/><SP WIDTH="14" VPOS="1277" HPOS="488"/>
							<String ID="string_387" HPOS="502" VPOS="1277" WIDTH="37" HEIGHT="20" WC="0.93" CONTENT="kan"/><SP WIDTH="15" VPOS="1277" HPOS="539"/>
							<String ID="string_388" HPOS="554" VPOS="1277" WIDTH="72" HEIGHT="20" WC="0.93" CONTENT="erhålla"/><SP WIDTH="15" VPOS="1277" HPOS="626"/>
							<String ID="string_389" HPOS="641" VPOS="1277" WIDTH="169" HEIGHT="26" WC="0.90" CONTENT="högvederbörligt"/><SP WIDTH="10" VPOS="1277" HPOS="810"/>
							<String ID="string_390" HPOS="820" VPOS="1277" WIDTH="130" HEIGHT="26" WC="0.95" CONTENT="privilegium."/>
						</TextLine>
						<TextLine ID="line_43" HPOS="212" VPOS="1303" WIDTH="741" HEIGHT="27">
							<String ID="string_391" HPOS="212" VPOS="1303" WIDTH="40" HEIGHT="20" WC="0.96" CONTENT="Det"/><SP WIDTH="13" VPOS="1303" HPOS="252"/>
							<String ID="string_392" HPOS="265" VPOS="1303" WIDTH="58" HEIGHT="20" WC="0.93" CONTENT="beror"/><SP WIDTH="13" VPOS="1303" HPOS="323"/>
							<String ID="string_393" HPOS="336" VPOS="1303" WIDTH="78" HEIGHT="20" WC="0.85" CONTENT="derföre"/><SP WIDTH="14" VPOS="1303" HPOS="414"/>
							<String ID="string_394" HPOS="428" VPOS="1303" WIDTH="51" HEIGHT="26" WC="0.96" CONTENT="uppå"/><SP WIDTH="15" VPOS="1303" HPOS="479"/>
							<String ID="string_395" HPOS="494" VPOS="1303" WIDTH="97" HEIGHT="20" WC="0.96" CONTENT="huruvida"/><SP WIDTH="13" VPOS="1303" HPOS="591"/>
							<String ID="string_396" HPOS="604" VPOS="1303" WIDTH="34" HEIGHT="20" WC="0.96" CONTENT="det"/><SP WIDTH="14" VPOS="1303" HPOS="638"/>
							<String ID="string_397" HPOS="652" VPOS="1304" WIDTH="113" HEIGHT="20" WC="0.77" CONTENT="nuvarande"/><SP WIDTH="15" VPOS="1304" HPOS="765"/>
							<String ID="string_398" HPOS="780" VPOS="1307" WIDTH="98" HEIGHT="23" WC="0.96" CONTENT="systemet"/><SP WIDTH="14" VPOS="1307" HPOS="878"/>
							<String ID="string_399" HPOS="892" VPOS="1307" WIDTH="23" HEIGHT="16" WC="0.96" CONTENT="är"/><SP WIDTH="9" VPOS="1307" HPOS="915"/>
							<String ID="string_400" HPOS="924" VPOS="1307" WIDTH="29" HEIGHT="16" WC="0.96" CONTENT="att"/>
						</TextLine>
						<TextLine ID="line_44" HPOS="212" VPOS="1329" WIDTH="740" HEIGHT="27">
							<String ID="string_401" HPOS="212" VPOS="1329" WIDTH="109" HEIGHT="26" WC="0.93" CONTENT="föredraga,"/><SP WIDTH="16" VPOS="1329" HPOS="321"/>
							<String ID="string_402" HPOS="337" VPOS="1330" WIDTH="80" HEIGHT="20" WC="0.91" CONTENT="framför"/><SP WIDTH="13" VPOS="1330" HPOS="417"/>
							<String ID="string_403" HPOS="430" VPOS="1329" WIDTH="34" HEIGHT="21" WC="0.95" CONTENT="det"/><SP WIDTH="14" VPOS="1329" HPOS="464"/>
							<String ID="string_404" HPOS="478" VPOS="1332" WIDTH="27" HEIGHT="18" WC="0.96" CONTENT="att"/><SP WIDTH="14" VPOS="1332" HPOS="505"/>
							<String ID="string_405" HPOS="519" VPOS="1335" WIDTH="71" HEIGHT="21" WC="0.96" CONTENT="genom"/><SP WIDTH="15" VPOS="1335" HPOS="590"/>
							<String ID="string_406" HPOS="605" VPOS="1331" WIDTH="30" HEIGHT="25" WC="0.93" CONTENT="lag"/><SP WIDTH="13" VPOS="1331" HPOS="635"/>
							<String ID="string_407" HPOS="648" VPOS="1330" WIDTH="110" HEIGHT="21" WC="0.89" CONTENT="bestämma"/><SP WIDTH="10" VPOS="1330" HPOS="758"/>
							<String ID="string_408" HPOS="768" VPOS="1331" WIDTH="141" HEIGHT="25" WC="0.92" CONTENT="medborgares"/><SP WIDTH="10" VPOS="1331" HPOS="909"/>
							<String ID="string_409" HPOS="919" VPOS="1331" WIDTH="33" HEIGHT="20" WC="0.93" CONTENT="be-"/>
						</TextLine>
						<TextLine ID="line_45" HPOS="212" VPOS="1356" WIDTH="740" HEIGHT="27">
							<String ID="string_410" HPOS="212" VPOS="1356" WIDTH="108" HEIGHT="26" WC="0.88" CONTENT="rättigande"/><SP WIDTH="13" VPOS="1356" HPOS="320"/>
							<String ID="string_411" HPOS="333" VPOS="1357" WIDTH="27" HEIGHT="19" WC="0.96" CONTENT="till"/><SP WIDTH="16" VPOS="1357" HPOS="360"/>
							<String ID="string_412" HPOS="376" VPOS="1356" WIDTH="69" HEIGHT="26" WC="0.96" CONTENT="hvarje"/><SP WIDTH="17" VPOS="1356" HPOS="445"/>
							<String ID="string_413" HPOS="462" VPOS="1357" WIDTH="77" HEIGHT="26" WC="0.91" CONTENT="närings"/><SP WIDTH="16" VPOS="1357" HPOS="539"/>
							<String ID="string_414" HPOS="555" VPOS="1357" WIDTH="137" HEIGHT="25" WC="0.91" CONTENT="bedrifvande,"/><SP WIDTH="19" VPOS="1357" HPOS="692"/>
							<String ID="string_415" HPOS="711" VPOS="1360" WIDTH="51" HEIGHT="17" WC="0.96" CONTENT="samt"/><SP WIDTH="16" VPOS="1360" HPOS="762"/>
							<String ID="string_416" HPOS="778" VPOS="1358" WIDTH="26" HEIGHT="19" WC="0.93" CONTENT="de"/><SP WIDTH="16" VPOS="1358" HPOS="804"/>
							<String ID="string_417" HPOS="820" VPOS="1358" WIDTH="71" HEIGHT="24" WC="0.92" CONTENT="vilkor,"/><SP WIDTH="19" VPOS="1358" HPOS="891"/>
							<String ID="string_418" HPOS="910" VPOS="1363" WIDTH="42" HEIGHT="14" WC="0.97" CONTENT="som"/>
						</TextLine>
						<TextLine ID="line_46" HPOS="212" VPOS="1382" WIDTH="740" HEIGHT="27">
							<String ID="string_419" HPOS="212" VPOS="1383" WIDTH="30" HEIGHT="19" WC="0.93" CONTENT="för"/><SP WIDTH="20" VPOS="1383" HPOS="242"/>
							<String ID="string_420" HPOS="262" VPOS="1382" WIDTH="113" HEIGHT="21" WC="0.83" CONTENT="utöfvandet"/><SP WIDTH="19" VPOS="1382" HPOS="375"/>
							<String ID="string_421" HPOS="394" VPOS="1383" WIDTH="20" HEIGHT="20" WC="0.96" CONTENT="af"/><SP WIDTH="19" VPOS="1383" HPOS="414"/>
							<String ID="string_422" HPOS="433" VPOS="1383" WIDTH="63" HEIGHT="20" WC="0.93" CONTENT="denna"/><SP WIDTH="17" VPOS="1383" HPOS="496"/>
							<String ID="string_423" HPOS="513" VPOS="1384" WIDTH="92" HEIGHT="25" WC="0.96" CONTENT="rättighet"/><SP WIDTH="18" VPOS="1384" HPOS="605"/>
							<String ID="string_424" HPOS="623" VPOS="1384" WIDTH="106" HEIGHT="20" WC="0.92" CONTENT="erfordras."/><SP WIDTH="32" VPOS="1384" HPOS="729"/>
							<String ID="string_425" HPOS="761" VPOS="1385" WIDTH="65" HEIGHT="24" WC="0.93" CONTENT="Enligt"/><SP WIDTH="19" VPOS="1385" HPOS="826"/>
							<String ID="string_426" HPOS="845" VPOS="1385" WIDTH="107" HEIGHT="20" WC="0.96" CONTENT="utskottets"/>
						</TextLine>
						<TextLine ID="line_47" HPOS="211" VPOS="1408" WIDTH="741" HEIGHT="30">
							<String ID="string_427" HPOS="211" VPOS="1408" WIDTH="53" HEIGHT="27" WC="0.89" CONTENT="åsigt"/><SP WIDTH="16" VPOS="1408" HPOS="264"/>
							<String ID="string_428" HPOS="280" VPOS="1411" WIDTH="21" HEIGHT="18" WC="0.96" CONTENT="är"/><SP WIDTH="16" VPOS="1411" HPOS="301"/>
							<String ID="string_429" HPOS="317" VPOS="1409" WIDTH="34" HEIGHT="21" WC="0.96" CONTENT="det"/><SP WIDTH="17" VPOS="1409" HPOS="351"/>
							<String ID="string_430" HPOS="368" VPOS="1416" WIDTH="69" HEIGHT="14" WC="0.92" CONTENT="senare"/><SP WIDTH="17" VPOS="1416" HPOS="437"/>
							<String ID="string_431" HPOS="454" VPOS="1411" WIDTH="122" HEIGHT="20" WC="0.96" CONTENT="alternativet"/><SP WIDTH="17" VPOS="1411" HPOS="576"/>
							<String ID="string_432" HPOS="593" VPOS="1411" WIDTH="53" HEIGHT="20" WC="0.96" CONTENT="alltid"/><SP WIDTH="17" VPOS="1411" HPOS="646"/>
							<String ID="string_433" HPOS="663" VPOS="1413" WIDTH="29" HEIGHT="18" WC="0.93" CONTENT="att"/><SP WIDTH="16" VPOS="1413" HPOS="692"/>
							<String ID="string_434" HPOS="708" VPOS="1411" WIDTH="111" HEIGHT="26" WC="0.91" CONTENT="föredraga,"/><SP WIDTH="19" VPOS="1411" HPOS="819"/>
							<String ID="string_435" HPOS="838" VPOS="1413" WIDTH="22" HEIGHT="25" WC="0.97" CONTENT="ty"/><SP WIDTH="16" VPOS="1413" HPOS="860"/>
							<String ID="string_436" HPOS="876" VPOS="1411" WIDTH="24" HEIGHT="26" WC="0.97" CONTENT="pä"/><SP WIDTH="20" VPOS="1411" HPOS="900"/>
							<String ID="string_437" HPOS="920" VPOS="1411" WIDTH="32" HEIGHT="20" WC="0.96" CONTENT="det"/>
						</TextLine>
						<TextLine ID="line_48" HPOS="212" VPOS="1437" WIDTH="740" HEIGHT="28">
							<String ID="string_438" HPOS="212" VPOS="1437" WIDTH="52" HEIGHT="20" WC="0.95" CONTENT="förra"/><SP WIDTH="20" VPOS="1437" HPOS="264"/>
							<String ID="string_439" HPOS="284" VPOS="1437" WIDTH="56" HEIGHT="20" WC="0.93" CONTENT="torde"/><SP WIDTH="19" VPOS="1437" HPOS="340"/>
							<String ID="string_440" HPOS="359" VPOS="1437" WIDTH="62" HEIGHT="26" WC="0.95" CONTENT="någon"/><SP WIDTH="20" VPOS="1437" HPOS="421"/>
							<String ID="string_441" HPOS="441" VPOS="1438" WIDTH="69" HEIGHT="20" WC="0.93" CONTENT="allmän"/><SP WIDTH="20" VPOS="1438" HPOS="510"/>
							<String ID="string_442" HPOS="530" VPOS="1437" WIDTH="196" HEIGHT="28" WC="0.90" CONTENT="näringslagstiftning"/><SP WIDTH="17" VPOS="1437" HPOS="726"/>
							<String ID="string_443" HPOS="743" VPOS="1437" WIDTH="18" HEIGHT="27" WC="0.96" CONTENT="ej"/><SP WIDTH="17" VPOS="1437" HPOS="761"/>
							<String ID="string_444" HPOS="778" VPOS="1439" WIDTH="65" HEIGHT="22" WC="0.93" CONTENT="kunna"/><SP WIDTH="16" VPOS="1439" HPOS="843"/>
							<String ID="string_445" HPOS="859" VPOS="1439" WIDTH="93" HEIGHT="26" WC="0.84" CONTENT="grundas."/>
						</TextLine>
					</TextBlock>
				</ComposedBlock>
			</PrintSpace>
		</Page>
	</Layout>
</alto>
