975 1703
256 141 71 22 Nådiga
338 142 141 22 Propositionen
492 142 36 17 N:o
540 142 28 17 47.
743 142 41 19 1551

34 191 40 28 "ste
89 191 51 27 män,
157 192 28 16 att
198 190 110 20 distriktvis
322 191 60 19 hafva
396 191 65 26 tillsyn
475 193 56 18 öfver
544 192 25 19 de
583 192 138 25 försvarslöse,
740 198 43 13 som

43 217 63 28 vistas
120 221 53 14 inom
187 216 127 25 kommunen,
331 221 50 16 samt
395 219 28 18 att
437 218 49 19 bistå
501 218 45 19 dem
561 218 53 20 såväl
630 218 45 28 med
685 218 35 20 råd
729 225 50 17 som,

43 247 21 14 så
80 242 41 19 vidt
131 242 36 19 ske
177 242 45 25 kan,
238 248 70 19 genom
323 243 112 20 beredande
449 245 21 18 af
482 245 59 25 utväg
552 245 26 19 till
589 245 123 24 försörjning.

391 296 10 25 $
415 297 19 19 6.

95 333 35 19 Vill
145 333 154 26 tillsyningsman
314 335 67 18 anvisa
395 335 117 20 försvarslös
523 341 71 19 person
604 335 69 19 arbete
683 337 55 17 utom
747 335 38 20 den

42 359 102 25 kommun,
164 365 99 20 personen
280 360 70 25 tillhör,
369 362 77 19 anmäle
463 362 33 19 det
512 363 36 18 hos
562 362 222 24 kommunalnämnden,

42 386 47 20 eller
99 386 222 27 fattigvårdsstyrelsen,
333 393 44 14 som
385 388 49 20 efter
443 388 192 25 omständigheterna
642 388 90 24 antingen
741 387 46 26 sjelf

42 412 103 20 förordnar
154 414 27 19 till
192 413 36 19 den
238 414 141 20 försvarslöses
389 414 109 20 insättande
508 415 5 19 i
524 414 45 20 slikt
578 416 68 19 arbete
657 415 46 19 eller
711 414 38 19 ock
757 415 29 19 öf-

42 440 111 20 verlemnar
167 438 68 26 frågan
250 440 26 20 till
291 440 136 26 Guvernören,
443 442 79 19 hvilken
537 441 4 19 i
557 441 103 25 anledning
674 441 57 20 deraf
745 442 42 19 vid-

42 468 54 23 tager
110 466 24 20 de
150 466 99 26 åtgärder,
265 472 44 14 som
324 468 29 19 för
366 467 111 30 ändamålet
489 468 65 20 finnas
568 468 75 26 nödiga.

390 520 10 25 S
415 522 18 19 7.

94 557 59 20 Emot
170 558 116 25 förgripelse
307 559 38 19 och
365 559 140 25 förolämpning
525 559 20 19 af
563 559 118 19 försvarslös
702 564 80 20 person,

40 583 54 25 njute
109 584 154 26 tillsyningsman
278 585 101 20 enahanda
394 585 72 26 skydd,
485 591 43 14 som
548 585 105 20 husbonde
673 586 61 25 enligt
754 586 31 25 lag

40 611 127 20 tillkommer.

93 637 70 20 Likaså
178 638 38 20 ock
230 638 45 25 den,
292 639 38 19 hos
344 638 79 21 hvilken
433 639 118 20 försvarslös
560 638 64 21 blifvit
632 639 21 20 af
663 639 121 26 tillsynings-

40 670 45 14 man
99 665 5 19 i
119 665 69 19 arbete
201 665 65 19 insatt.

389 718 10 26 $
414 720 18 19 8.

94 756 161 26 Tillsyningsman
269 758 60 18 hafve
343 759 28 17 att
385 757 20 19 af
417 756 70 20 krono-
501 758 37 19 och
552 756 156 27 stadsbetjening
721 755 64 27 åtnju-

42 785 18 17 ta
75 783 154 26 handräckning,
245 783 5 19 i
265 784 32 20 allt
311 783 52 20 hvad
378 789 44 14 som
435 784 27 20 till
477 785 50 18 hans
541 784 108 26 befattning
663 784 66 19 hörer.

370 858 14 19 4
397 858 54 25 Kap.

201 916 31 20 Om
243 916 126 20 försvarslöse
381 921 98 20 personers
492 916 129 24 förpassande.

390 973 8 25 5
415 974 18 19 9.

93 1008 98 27 Ästundar
214 1015 117 20 försvarslös
353 1021 73 19 person
449 1015 76 26 begifva
547 1015 29 25 sig
598 1018 54 16 utom
674 1015 37 20 den
725 1016 58 19 kom-

40 1047 47 14 mun
114 1042 36 18 han
177 1041 71 24 tillhör,
276 1042 77 20 anmäle
378 1042 39 24 sig,
441 1041 26 20 till
494 1040 112 21 erhållande
632 1042 20 19 af
677 1041 106 26 resebetyg

40 1068 47 19 eller
100 1067 163 25 tillständsbevis,
279 1068 37 19 hos
331 1068 146 19 vederbörande
492 1068 109 24 Guvernör,
619 1068 161 24 Poliskammare,

39 1094 109 25 Magistrat,
173 1094 146 25 Ordningsrätt,
341 1094 123 26 Kronofogde
484 1095 47 18 eller
551 1094 164 23 Kronolänsman,
738 1099 45 15 som

40 1125 46 20 eger
101 1121 89 19 meddela
205 1121 72 19 honom
292 1121 45 19 slikt
352 1121 66 25 betyg,
429 1119 23 20 sä
462 1121 58 19 framt
534 1121 38 18 han
582 1125 76 21 uppger
671 1120 61 25 giltigt
742 1120 41 20 skäl

40 1146 26 19 till
81 1151 67 15 resan.

382 1200 10 25 $
407 1200 32 20 10.

92 1238 162 25 Tillsyningsman
280 1239 6 19 i
311 1238 38 20 den
376 1238 107 24 kommun,
511 1238 26 20 till
562 1238 78 19 hvilken
664 1238 119 19 försvarslös

40 1269 72 21 person
133 1264 58 19 hörer
212 1265 47 19 eller
279 1264 35 20 der
335 1265 37 19 han
393 1265 36 19 har
450 1264 59 20 frihet
528 1266 28 18 att
577 1264 71 22 vistas,
674 1264 32 19 mä
731 1264 53 24 gifva

41 1290 60 20 sådan
125 1296 71 20 person
218 1290 155 21 tillständsbevis
393 1294 28 16 att
444 1290 28 20 för
496 1290 152 26 angelägenhet,
670 1296 42 14 som
734 1290 49 20 skall

41 1314 5 22 i
60 1317 78 20 beviset
151 1318 88 23 nämnas,
255 1316 24 26 pä
294 1318 57 24 högst
365 1317 70 25 fjorton
450 1317 70 25 dagars
534 1316 27 20 tid
575 1317 74 19 besöka
663 1316 119 24 närbelägen

42 1343 44 19 stad
100 1344 47 19 eller
161 1343 93 19 kommun
269 1343 24 25 på
309 1344 71 19 landet.

385 1395 10 26 $
409 1395 32 20 11.

94 1433 66 22 Sådan
177 1433 117 21 försvarslös
311 1439 83 20 person,
411 1439 43 15 som
471 1433 125 20 omförmäles
614 1433 4 19 i
641 1433 5 26 $
660 1434 13 19 4
687 1438 61 15 mom.
765 1433 18 24 1,
