1025 1709
303 132 72 22 Nådiga
387 132 140 23 Propositionen
540 132 36 18 N:o
586 133 30 17 39.
791 131 44 19 1813

88 180 37 21 och
139 180 73 21 fördela
226 181 183 25 hägnadsbesväret
424 182 29 25 sig
467 182 88 25 emellan,
571 181 22 21 så
608 184 29 17 att
650 187 26 15 en
686 182 31 19 aln
729 182 28 19 tät
766 183 65 25 stäng-

89 208 27 19 sel
132 208 98 19 beräknas
244 210 102 18 motsvara
360 208 42 26 fyra
417 209 53 19 alnar
483 209 48 25 gles,
547 208 37 20 ifall
599 208 122 20 annorlunda
736 207 17 25 ej
768 208 65 20 öfver-

88 234 134 19 enskommes.
252 234 53 20 Hvar
326 240 43 14 som
387 234 24 26 på
430 234 69 20 sådant
512 236 39 18 sätt
568 234 80 26 deltagit
664 234 28 20 uti
710 234 99 26 stängseln
827 234 6 19 i

88 260 76 19 mindre
178 260 128 26 förhållande,
326 266 49 14 vare
391 261 120 20 fördenskull
530 261 44 19 icke
588 260 109 26 berättigad
711 263 28 17 att
752 260 25 26 pä
792 260 41 20 sina

87 286 70 20 dervid
178 286 80 26 belägna
276 292 47 25 egor
340 287 45 19 beta
404 287 81 24 kalfvar,
504 286 28 20 får
550 287 38 19 och
606 287 53 25 svin,
678 289 47 17 utan
741 289 28 17 att
783 286 50 20 hålla

88 318 32 13 om
135 312 47 20 dem
196 312 60 20 sådan
270 313 59 24 vård,
346 318 43 14 som
404 314 5 18 i
423 313 11 25 $
449 314 24 19 16
487 314 133 18 omförmäles.
648 314 70 24 Bryter
732 312 37 20 han
788 313 45 19 der-

88 341 62 23 emot,
171 344 47 14 vare
236 339 77 26 skyldig
330 342 29 17 att
375 340 40 20 lösa
433 339 112 21 återstoden
562 340 21 19 af
596 340 30 18 sin
640 341 50 18 rätta
704 339 56 20 andel
775 339 5 19 i
795 339 38 20 den

88 366 61 19 tätare
164 366 101 25 hägnaden
279 366 64 20 under
360 366 101 20 enahanda
476 366 62 20 vilkor
552 366 30 20 för
597 366 99 25 betalning
711 366 37 19 och
762 366 71 20 under-

87 391 49 26 håll,
153 397 44 15 som
210 392 65 20 finnas
288 392 6 19 i
309 398 75 14 samma
399 393 9 25 $
422 393 110 19 bestämda.

140 426 10 26 $
165 428 31 20 49.
219 428 89 26 Hägnad,
330 433 44 15 som
394 429 29 19 för
443 434 115 20 gemensam
578 430 56 24 nytta
654 428 85 26 uppförd
753 429 74 24 blifvit,

87 454 47 20 skall
149 454 21 19 af
183 454 147 21 vederbörande
345 455 148 26 stängskyldige
507 454 61 21 hållas
582 454 6 20 i
603 454 57 20 stånd
674 455 63 20 under
752 454 22 21 så
787 454 45 27 lång

87 480 37 26 tid,
140 486 44 14 som
198 480 58 20 aftald
271 482 47 19 eller
332 482 119 19 annorledes
465 482 90 20 bestämd
570 482 28 19 är.
620 481 38 20 Om
668 482 115 20 densamma
793 483 40 19 för-

87 506 60 25 faller,
164 508 48 19 skall
227 508 74 20 bristen
315 510 69 23 genast
401 507 95 26 afhjelpas
514 509 52 23 eller,
585 508 39 19 ifall
642 508 53 20 detta
709 508 30 20 för
752 509 81 20 tillfället

87 533 80 20 hindras
184 534 21 19 af
219 534 45 19 käle
281 534 4 20 i
302 534 81 25 jorden,
403 534 76 20 såsnart
496 534 78 20 hindret
590 534 92 26 upphört.
715 534 118 21 Underlåter

87 559 39 20 den
141 560 175 27 stängselskyldige
330 560 70 20 sådant
415 560 109 27 åliggande,
543 561 60 20 sedan
617 562 39 18 han
669 561 63 20 blifvit
746 567 33 14 om
793 562 40 20 bri-

87 588 44 18 sten
153 586 108 26 bevisligen
279 587 86 25 erinrad,
384 587 31 20 må
430 588 47 24 den,
493 594 43 14 som
550 593 45 14 men
609 588 58 20 deraf
679 588 38 20 lida
732 588 47 25 kan,
797 589 36 20 till-

86 612 51 28 kalla
157 612 34 20 två
213 613 84 27 ojäfvige
311 617 47 17 män
372 615 29 19 för
416 617 28 17 att
458 614 24 26 på
497 617 61 17 utsatt
575 614 46 26 dag,
637 615 83 19 hvarom
740 614 38 20 den
796 616 38 19 för-

88 640 83 26 sumlige
186 640 35 20 bör
235 640 134 25 underrättas,
387 642 68 18 utröna
470 641 107 20 kostnaden
590 641 30 19 för
629 641 87 21 bristens
725 640 108 27 afhjelpan-

87 666 35 25 de,
144 666 38 20 och
204 666 38 20 låte
263 667 59 20 sedan
340 666 46 26 sjelf
402 668 101 25 hägnaden
519 668 100 19 förbättra.
648 668 28 19 All
692 668 57 19 deraf
761 668 72 26 härfly-

88 692 58 20 tande
160 693 83 20 kostnad
257 694 50 19 skall
321 694 21 19 af
354 694 37 20 den
406 694 177 26 hägnadsskyldige
596 694 69 26 gäldas
680 694 45 20 med
735 695 98 25 tillökning

88 719 20 19 af
121 724 24 14 en
159 720 97 19 tiondedel
271 720 122 20 derutöfver.

99 780 3 4 =
140 754 92 30 Befinnes
247 755 45 26 den,
304 761 45 15 som
358 757 84 25 stängsel
452 758 90 24 upprätta
553 756 39 20 och
601 755 114 21 underhålla
725 756 42 26 bör,
779 756 53 20 detta

87 783 34 17 sitt
136 780 100 27 åliggande
250 782 21 19 af
283 782 88 26 motvilja
385 783 48 19 eller
446 782 136 20 efterlåtenhet
595 782 116 26 åsidosätta,
731 788 48 14 vare
794 784 38 18 för-

87 807 57 20 fallen
159 811 28 16 att
202 809 44 19 böta
259 808 43 20 från
316 809 38 19 och
369 809 46 20 med
430 810 25 18 tio
470 810 27 19 till
511 810 38 19 och
563 808 47 20 med
624 810 66 19 trettio
704 809 63 20 mark.

141 843 10 26 $
166 844 32 19 20.
220 844 76 20 Varder
309 844 62 26 någon
386 845 109 20 förvunnen
509 847 28 18 att
551 845 58 19 hafva
624 844 45 20 med
684 844 46 26 vilja
742 844 53 20 rifvit
805 846 27 19 el-

86 870 30 19 ler
130 870 107 20 förderfvat
250 876 73 15 annans
338 872 65 24 plank,
419 872 125 25 gärdesgård,
560 871 56 26 grind
630 872 47 19 eller
691 877 62 14 annan
767 873 66 25 stäng-

87 896 39 26 sel,
142 896 46 20 böte
202 897 50 19 efter
266 898 192 25 omständigheterna
472 898 41 19 från
528 898 38 19 och
580 898 46 20 med
635 897 55 26 tjugu
700 898 27 20 till
737 898 38 19 och
785 899 47 19 med

87 923 105 19 etthundra
206 924 58 18 mark
277 924 39 19 och
330 926 74 18 ersätte
419 925 23 19 all
457 924 67 20 skada.
534 932 5 4 -
553 924 95 20 Föröfvas
661 923 96 26 derjemte
775 924 57 20 äver-

88 949 37 19 kan
138 955 72 20 genom
223 950 46 20 bete
283 950 11 20 å
309 956 73 15 annans
396 950 63 26 mark,
476 956 46 14 vare
536 952 30 24 lag
580 956 45 14 som
639 951 88 19 ofvanför
737 950 56 26 sagdt
801 953 29 18 är.

141 986 127 20 Försummar
282 987 116 26 vägfarande
413 988 47 19 eller
473 993 61 14 annan
548 987 21 20 af
580 986 125 20 vårdslöshet
714 990 29 16 att
752 987 80 20 tillsluta

86 1012 56 26 grind
157 1013 47 19 eiler
217 1014 38 24 led,
272 1019 44 14 som
330 1014 39 19 han
383 1014 78 25 öppnat,
477 1020 47 14 vare
538 1014 34 20 bot
587 1013 41 20 från
643 1014 38 18 och
695 1014 46 20 med
755 1014 40 19 fem
804 1014 27 19 till

88 1039 38 19 och
140 1039 46 20 med
200 1039 56 26 tjugu
270 1040 63 20 mark.
352 1040 63 20 Timar
431 1040 112 26 derigenom
557 1040 68 25 skada,
641 1040 62 20 varde
713 1040 38 20 den
761 1042 68 18 ersatt.

141 1071 10 25 $
165 1072 32 19 21.
220 1072 36 20 Vill
270 1072 63 26 nägoh
347 1074 87 24 uppsäga
451 1072 29 19 sin
495 1072 198 26 stängselskyldighet
707 1072 62 20 delvis
784 1072 47 19 eller

86 1097 32 21 hel
132 1098 39 20 och
186 1098 68 25 hållen,
270 1098 38 20 låte
322 1098 70 20 derom
407 1099 106 25 bevisligen
523 1099 142 25 tillkännagifva
676 1098 20 19 ät
705 1104 73 20 granne
788 1104 43 14 som

87 1124 105 25 vederbör,
214 1126 38 18 och
274 1125 59 20 varde
351 1126 59 19 sedan
427 1124 75 21 befriad
519 1125 42 20 från
576 1125 33 19 sitt
622 1124 101 26 äliggande
737 1125 50 19 efter
801 1127 31 17 ut-

88 1150 76 26 gången
184 1152 21 18 af
223 1152 44 19 Juni
282 1151 70 20 månad
369 1151 190 26 nästlerpäföljande
573 1150 28 25 är,
618 1151 83 19 såframt
715 1151 38 19 han
768 1151 18 26 ej
801 1152 31 19 för

87 1177 66 25 längre
166 1178 28 19 tid
208 1178 62 20 dertill
285 1178 108 20 förbunden
407 1180 28 18 är.
465 1178 75 20 Genom
554 1183 76 15 samma
644 1178 123 25 uppsägning
780 1184 49 14 vare

88 1203 38 19 ock
139 1209 73 20 granne
225 1204 75 20 befriad
314 1204 43 20 från
371 1204 138 26 skyldigheten
522 1207 28 17 att
564 1205 50 19 efter
628 1203 84 21 nämnde
721 1204 27 20 tid
758 1204 72 20 under-

87 1229 51 21 hällä
153 1231 30 19 sin
196 1231 57 19 andel
267 1231 21 19 af
300 1230 37 20 den
352 1232 85 24 stängsel
453 1231 146 25 uppsägningen
613 1230 67 26 angär.

141 1262 10 25 $
165 1262 33 20 22.
220 1263 213 25 Hägnadsskyllighet,
450 1269 44 14 som
503 1263 94 19 härintills
606 1263 50 19 efter
665 1263 30 25 lag
705 1262 64 26 älegat
777 1262 54 26 jord-

88 1294 64 20 egare,
169 1288 48 20 skall
232 1289 119 21 fortfarande
364 1290 100 24 fullgöras,
480 1290 45 19 intill
539 1289 47 21 Jess
596 1289 121 26 uppsägning
727 1290 53 19 skett
793 1291 38 18 och

88 1315 184 26 uppsägningstiden
293 1315 127 27 tilländagått,
437 1316 68 20 såsom
519 1316 5 20 i
539 1316 117 26 föregående
670 1316 12 25 $
696 1318 66 23 säges.
791 1316 39 26 Lag

88 1346 76 14 samma
178 1344 48 17 vare
240 1348 33 13 om
286 1343 23 18 all
324 1342 204 26 stängselskyldighet,
546 1343 76 19 hvartill
638 1342 63 25 någon
715 1342 115 19 hädanefter

88 1367 38 19 kan
142 1367 60 19 blifva
216 1367 24 25 på
255 1368 41 20 viss
310 1368 27 19 tid
352 1368 117 24 förbunden,
485 1367 82 20 såframt
584 1374 83 19 grannar
681 1366 18 26 ej
715 1368 115 19 annorledes

88 1392 86 26 åsämjas
194 1394 47 19 eller
261 1394 130 26 uttryckligen
405 1395 63 25 afsagt
481 1394 30 26 sig
525 1395 116 25 rättigheten
656 1394 26 20 till
697 1394 129 26 uppsägning.

142 1426 11 26 $
166 1426 34 20 23.
221 1426 237 26 Lägenhetsinnehafvare
477 1426 5 20 i
504 1426 69 26 hvarje
593 1426 71 26 härad,
685 1426 82 26 tingslag
781 1426 48 20 eller
