1017 1709
207 152 44 19 1818
421 152 71 21 Nådiga
504 153 140 20 Propositionen
657 152 36 16 N:o
705 152 29 16 39.

206 202 59 19 dessa
279 202 129 24 grundsatser
423 204 28 16 ett
465 201 84 25 afgjordt
563 201 98 19 företräde
676 200 81 19 framför
770 200 56 24 dem,
842 199 25 26 på
881 200 66 20 hvilka

206 228 78 19 landets
297 234 28 13 nu
337 227 88 26 gällande
439 227 117 25 lagstiftning
569 227 5 19 i
589 230 67 17 ämnet
671 228 21 18 är
707 226 97 26 grundad;
831 226 28 26 Ty
876 226 5 19 i
896 226 53 29 sjelf-

207 259 25 15 va
247 254 70 20 verket
330 254 40 20 låta
383 253 25 21 de
421 253 112 27 följdrigtigt
549 254 79 19 härleda
646 253 29 25 sig
691 259 25 13 ur
732 252 39 20 den
789 253 78 19 allmänt
884 253 63 25 giltiga

207 282 128 22 rättssatsen,
354 283 28 17 att
398 282 50 18 hvar
465 282 38 18 och
520 286 31 19 en,
570 286 43 13 som
631 285 46 20 eger
695 282 28 16 ett
739 279 51 25 djur,
806 281 22 17 är
842 280 107 25 pligtig-att

208 307 51 20 hålla
273 307 61 20 sådan
348 307 66 26 tillsyn
428 308 38 18 och
481 307 48 19 vård
544 312 32 14 om
590 307 118 23 detsamma,
725 308 27 17 att
769 306 34 19 det
815 305 45 20 icke
877 306 72 19 skadar

208 333 64 26 någon
289 334 25 19 till
332 339 73 20 person
422 333 48 20 eller
487 333 102 26 egendom.
621 333 7 19 1
645 332 81 25 Sverige
746 333 38 28 och
801 333 59 24 öfriga
882 333 67 24 längre

208 361 65 19 hunna
289 360 136 20 kulturländer
441 361 36 19 har
493 359 61 20 också
571 359 130 27 grundsatsen
719 365 32 13 om
765 359 115 26 djuregares
894 359 55 26 skyl-

208 386 66 26 dighet
288 389 29 17 att
329 392 84 14 ansvara
427 387 30 19 för
470 386 126 25 betesskada,
607 391 44 14 som
660 385 65 25 djuret
735 386 35 24 gör
780 385 10 19 ä
800 391 74 14 annans
883 385 64 25 mark,

208 413 61 19 redan
285 413 96 19 tillvunnit
399 414 30 24 sig
444 413 155 25 lagstiftningens
616 412 129 19 erkännande.
777 412 43 19 Men
838 412 53 19 detta
911 412 39 19 för-

208 438 91 21 hållande
314 439 57 20 torde
388 444 81 14 snarare
485 439 48 19 böra
550 439 113 20 tiliskrifvas
683 438 38 19 den
742 438 61 25 högre
820 437 128 28 ståndpunkt,

209 465 78 20 hvartill
301 465 50 20 både
364 465 123 25 jordbruket,
502 465 193 26 ladugärdsskötseln
705 465 38 18 och
752 464 137 26 skogsvärden
899 465 51 18 hun-

208 492 28 19 nit
249 492 6 19 i
269 492 59 19 dessa
345 492 76 24 länder,
439 495 25 16 än
481 497 24 14 en
522 492 70 19 allmän
609 491 132 26 öfvertygelse
758 497 34 13 om
807 491 143 26 grundsatsens

209 518 135 25 förträfflighet
356 524 25 14 ur
394 519 105 25 principiell
515 518 106 26 synpunkt,
637 517 104 20 hvarutom
757 523 140 20 gynsammare
910 520 40 17 ort-

208 544 132 21 förhållanden
355 545 65 19 kunna
435 548 82 22 antagas
531 545 57 19 hafva
602 545 63 19 dertill
680 544 127 19 medverkat.
836 545 32 18 Att
877 544 73 26 grund-

210 574 78 17 satsens
302 571 123 26 upptagande
439 572 6 19 i
460 571 43 20 vårt
517 571 55 20 lands
586 571 117 25 lagstiftning
716 576 47 14 vore
773 577 24 13 en
806 570 68 26 åtgärd
884 571 4 19 i
897 570 53 25 jord-

208 597 167 26 bruksnäringens
390 597 132 21 välförstädda
536 598 84 19 intresse,
638 597 36 20 kan
685 597 100 25 svärligen
794 597 98 25 förnekas,
904 603 46 14 men

209 624 38 20 lika'
261 624 122 26 obestridligt
397 626 21 18 är
432 625 34 19 det
479 625 44 25 ock,
539 627 28 17 att
580 625 25 19 de
619 624 90 26 åsyftade
723 624 111 19 fördelarne
847 625 45 18 icke
901 625 49 18 kun-

209 651 26 19 de
248 651 118 20 annorlunda
380 653 24 18 än
418 651 139 26 undantagsvis
572 650 106 26 päräknas,
693 650 22 20 sä
729 651 56 24 länge
802 650 101 26 åtgärden,
919 649 31 21 sä-

210 683 43 14 som
266 677 111 26 uppenbart
391 679 50 18 ännu
455 679 22 18 är
491 679 58 23 fallet,
565 678 45 19 icke
625 679 36 18 har
673 677 44 20 stöd
731 677 6 19 i
747 677 204 20 allmänna:tänkesät-

209 705 35 24 tet,
260 706 51 17 samt
325 706 27 17 att
365 704 54 19 detta
433 704 44 20 stöd
490 705 45 19 icke
549 704 47 20 skall
615 704 77 25 vinnas,
711 704 56 19 innan
776 703 174 21 landthushällnin-

209 735 37 20 gen
261 730 68 19 hunnit
343 730 69 25 dertill,
429 733 28 17 att
470 731 47 20 dess
531 730 96 20 särskilda
641 735 71 20 grenar
722 731 119 19 allmännare
850 730 101 20 bedrifvas

209 756 47 20 med
270 757 63 19 större
347 757 58 25 insigt
419 758 24 19 än
457 757 44 25 den,
517 763 43 14 som
574 757 49 19 ärfts
637 756 42 20 från
689 757 107 19 förfädren.
823 757 128 19 Jemförelse-

210 783 32 18 vis
256 784 34 18 äro
304 783 25 20 de
343 786 60 22 orter,
421 783 36 20 der
472 783 53 20 detta
544 783 63 20 vilkor
622 783 30 19 för
668 783 73 20 sakens
757 783 102 26 framgäng
872 783 79 20 förefin-

211 814 46 20 nes,
275 811 53 18 ännu
345 809 74 32 ganska
435 809 29 26 fä,
482 811 105 19 hvaremot
602 809 25 20 de
645 810 74 19 trakter
736 811 20 18 af
771 810 76 25 landet,
867 810 37 19 der
923 812 28 17 ett

210 837 82 18 motsatt
305 836 118 20 förhållande
437 841 46 21 eger
498 843 55 18 rum,
568 838 34 18 äro
616 835 51 20 både
684 836 70 25 många
769 836 37 20 och
821 837 128 19 vidsträckta.

210 862 135 20 Omförmälda
358 862 121 21 förhållande
491 863 38 20 kan
543 863 59 25 dock,
619 863 59 26 enligt
691 863 113 20 Utskottets
817 863 85 26 mening,
922 864 30 19 för

210 889 120 25 lagstiftaren
344 889 44 20 icke
402 891 68 24 utgöra.
485 893 27 16 ett
525 890 60 25 giltigt
599 889 41 20 skäl
654 890 30 19 för
700 889 176 20 underlåtenheten
889 893 41 22 att,
945 890 5 19 i

209 915 52 20 hvad
276 915 25 26 på
315 916 72 19 honom
402 917 121 25 ankommer,
539 917 48 19 söka
601 916 73 19 bereda
687 916 139 20 meranämnda
844 917 107 25 grundsats

210 944 29 17 ett
252 942 98 26 varaktigt
363 943 63 25 insteg
439 942 51 21 både
504 943 5 19 i
523 944 94 19 allmänna
634 943 119 19 tänkesättet
770 944 38 19 och
824 943 6 19 i
847 943 35 20 det
898 946 54 23 yttre

210 968 63 20 lifvet:
291 964 8 36 >
301 969 44 20 Och
358 968 25 27 på
398 969 75 20 hvilket
483 971 42 18 sätt
539 970 60 25 detta,
615 969 58 26 enligt
688 969 112 20 Utskottets
808 969 141 27 öfvertygelse,

210 995 111 26 lämpligast
334 996 39 19 och
387 996 78 19 säkrast
478 996 38 19 kan
530 997 43 24 ske,
589 996 36 20 blir
639 996 101 19 Utskottet
753 997 5 18 i
773 997 72 19 tillfälle
854 999 28 17 att
891 997 60 19 fram-

211 1021 62 24 ställa,
290 1022 32 19 vid
336 1022 34 20 det
383 1022 100 20 Utskottet
491 1028 26 14 nu
527 1022 89 26 öfvergår
626 1022 26 20 till
662 1022 39 19 den
710 1022 74 26 Nådiga
793 1023 159 25 propositionens

210 1047 60 20 andra
284 1048 39 20 del.

264 1075 28 19 De
312 1074 105 26 principer,
440 1080 43 15 som
503 1075 58 26 enligt
580 1075 45 19 den.
639 1074 74 25 Nådiga
727 1075 148 26 propositionen
889 1075 62 20 borde

210 1101 68 25 läggas
298 1101 26 19 till
345 1101 62 26 grund
428 1102 31 19 för
477 1107 25 14 en
522 1102 70 19 allmän
612 1101 112 25 författning
738 1107 33 14 om
786 1107 57 20 egors
856 1102 96 20 fredande

210 1129 42 17 mot
266 1127 61 20 skada
341 1128 21 19 af
374 1127 84 26 husdjur
471 1127 38 20 och
523 1128 45 20 dem
584 1128 61 19 Hans
659 1127 134 27 Kejserliga
809 1127 109 26 Majestät
931 1129 21 19 af

210 1152 61 21 sådan
285 1154 59 19 orsak
358 1154 99 26 föreslagit
470 1154 27 21 till
512 1154 107 26 antagande
633 1155 21 18 af
666 1154 116 26 Ständerne,
796 1155 34 19 äro
839 1155 111 26 uppställda

211 1180 62 19 under
287 1185 36 14 sex
337 1181 94 20 särskilda
446 1181 90 25 punkter.

264 1207 8 19 I
285 1207 38 20 den
339 1207 75 20 första
428 1208 21 19 af
461 1208 46 19 dem
520 1207 92 24 föreslås,
629 1210 40 17 «att
683 1208 84 25 enhvar,
782 1213 44 14 som
842 1214 46 20 eger
902 1209 48 20 eller

210 1232 73 26 nyttjar.
297 1233 91 25 husdjur,
403 1233 66 20 kunde
478 1234 99 25 förpligtas
587 1236 28 18 att
624 1234 46 19 dem
679 1239 71 20 genom
759 1235 93 24 stängsel,
864 1235 86 25 vallning

210 1259 47 18 eller
271 1261 58 17 annat
342 1260 53 23 hägn
410 1259 21 19 så
446 1259 68 25 vårda,
529 1262 29 17 att
571 1260 25 19 de
605 1260 44 19 icke
659 1260 98 19 inkomma
766 1260 25 25 på
800 1261 71 19 andras
881 1266 68 20 egor.»

209 1284 33 19 Att
255 1284 63 19 denna
331 1285 113 24 grundsats,
460 1285 80 20 hvilken
554 1285 103 26 uttrycker
672 1287 43 18 hela
729 1286 107 25 rigtningen
846 1286 38 19 och
898 1287 53 19 inne-

209 1309 60 21 hållet
285 1311 20 18 af
320 1310 147 26 ifrågavarande
482 1311 207 26 lagstiftningsätgärd,
711 1312 81 25 mycket
810 1313 29 19 väl
857 1313 38 19 kan
912 1313 39 19 för-

209 1341 70 15 svaras
296 1336 43 20 från
356 1337 34 20 det
406 1338 90 19 abstrakt
512 1339 61 18 rättas
589 1337 128 26 ståndpunkt,
736 1340 22 17 är
776 1339 60 20 redan
852 1339 96 20 anmärkt.

208 1362 70 21 Likaså
293 1364 35 19 har
342 1364 114 19 Utskottet
451 1358 12 37 i
471 1365 35 19 det
519 1364 118 26 föregående
650 1365 75 26 antydt,
741 1368 29 17 att
783 1365 125 21 densammas
918 1371 32 14 er-

208 1389 103 20 kännande
325 1390 38 19 och
375 1390 124 26 upptagande
512 1390 95 21 i:landets
621 1391 84 26 positiva
720 1393 39 18 rätt
768 1397 49 15 vore
826 1398 24 14 en
860 1393 90 25 handling

208 1415 231 27 1:jordbruksnäringens
454 1416 131 22 välförstådda
600 1418 91 20 intresse.
721 1418 28 20 Då
768 1419 101 19 Utskottet
882 1419 69 19 uttalat

207 1442 64 20 denna
281 1442 68 26 -äsigt,
368 1444 36 19 har
421 1443 100 20 Utskottet
538 1443 101 27 ingalunda
654 1445 47 26 hyst
715 1444 38 21 den
769 1445 137 27 föreställning,
923 1448 27 18 att
