1000 1706
273 144 71 22 Nådiga
356 144 138 23 Propositionen
507 145 37 18 N:o
555 147 29 17 50.
756 139 44 29 1697

58 198 48 15 vore
120 193 147 20 underkastade
280 194 196 26 tryckfrihetslagens
489 195 151 27 bestämningar,
656 202 33 14 om
703 196 25 21 de
743 197 17 25 ej
771 198 30 19 för

58 219 101 26 spridning
172 220 26 19 till
213 220 110 20 bokhandel
338 221 105 20 utlemnas.

111 246 41 19 Den
167 246 5 18 i
187 252 75 14 samma
276 248 92 24 paragraf
380 247 21 19 åt
415 248 136 25 Domkapitlen
564 248 96 26 medgifna
671 249 92 25 rättighet
773 252 29 17 att

59 272 17 18 »i
98 272 144 25 vetenskapligt
263 273 105 19 afseende»
385 279 106 15 censurera
509 274 81 20 skrifter
606 280 60 20 synes
684 275 115 26 visserligen

56 299 42 19 afse
112 299 82 19 allenast
208 298 72 20 sådana
295 300 87 24 arbeten,
398 305 44 14 som
457 301 21 18 af
490 300 44 20 dem
549 300 69 25 sjelfva
632 301 130 24 föranstaltas,
774 302 26 19 el-

56 325 28 19 ler
105 325 65 19 hvilka
192 324 66 20 såsom
279 326 108 25 specimina
406 327 74 19 »under
494 327 59 19 deras
567 327 106 19 inseende»
687 328 111 19 utkomma.

56 352 42 19 Men
120 357 44 13 som
184 352 53 20 detta
259 352 121 20 sistnämnda
397 353 80 25 uttryck
494 353 66 20 kunde
574 353 123 20 missförstås
719 354 81 20 sålunda

55 380 29 17 att
97 378 136 25 Domkapitlen
247 379 59 19 äfven
320 380 96 24 framgent
430 380 64 19 skulle
508 385 34 20 ega
556 380 66 19 utöfva
636 380 38 19 den
688 380 46 20 dem
748 381 5 19 i
765 382 10 18 4
790 381 10 25 $

56 405 20 19 af
89 405 52 19 1774
156 404 32 20 års
203 405 243 26 tryckfrihetsförordning
460 408 50 17 samt
523 406 69 25 Kongl.
607 406 109 25 Varningen
725 407 39 19 den
774 408 23 19 24

56 431 110 19 December
182 432 50 19 1792
246 432 104 19 äfvensom
364 432 10 19 2
390 438 61 14 mom.
468 433 24 19 17
507 432 24 25 $i
541 432 53 25 Kejs.
607 433 144 25 Förordningen
762 433 38 20 den

56 458 25 19 14
95 458 89 20 Oktober
198 458 51 20 4829
266 458 124 20 härförinnan
408 458 96 26 medgifna
521 459 91 25 rättighet
626 461 28 17 att
667 459 79 20 öfverse
761 460 39 19 och

55 489 106 15 censurera
182 484 87 24 skrifter,
291 490 44 14 som
350 484 48 26 angå
415 486 65 18 »läran
494 486 37 19 och
541 484 47 21 våra
598 485 204 27 Christendomsstyc-

56 510 58 25 ken»,
131 510 22 20 så
167 511 58 19 hafva
238 510 107 20 ständerna
358 513 48 17 trott
419 514 29 16 att
460 516 24 14 en
495 510 61 22 sådan
571 512 86 24 tolkning
672 512 67 20 kunde
751 512 51 20 före-

56 537 92 20 kommas,
169 543 71 20 genom
257 540 28 17 ett
301 538 71 25 tillägg,
391 538 76 19 hvilket
483 538 82 26 angäfve
582 540 28 18 att
626 538 38 19 den
681 538 20 19 af
716 538 85 20 Domka-

56 564 59 25 pitlen
132 564 125 20 härförinnan
274 564 93 20 utöfvade
384 569 73 15 censur
471 565 57 19 öfver
541 564 81 20 skrifter
635 564 20 20 af
669 565 132 25 »egenteligen

56 590 84 26 andeligt
159 590 96 20 innehåll»
275 596 49 14 vore
344 591 94 25 upphäfd,
460 590 52 20 helst
531 590 60 20 också
612 596 25 14 en
656 591 55 25 dylik
729 596 73 15 censur

57 617 66 20 skulle
138 617 60 20 strida
212 620 54 17 emot
281 617 157 26 propositionens
453 618 9 19 1
478 617 16 25 $.

109 644 34 19 19
157 644 10 25 $
184 644 95 19 förklaras
296 646 92 23 parterne
406 644 5 19 i
428 644 87 20 enskilda
533 643 121 26 rättegängs-
668 644 47 20 eller
728 644 73 20 ansök-

56 670 104 26 ningsmål,
176 670 64 20 hvilka
256 671 37 19 hos
307 670 84 20 domstol
406 670 46 20 eller
466 670 86 26 offentlig
566 670 113 26 myndighet
692 673 34 17 äro
737 670 24 26 på
772 670 28 20 åt-

56 697 48 25 gärd
119 697 107 23 beroende,
243 696 121 26 berättigade
379 700 41 16 »att
433 702 70 20 genom
516 699 59 24 tryck
589 698 87 24 kungöra
686 696 68 26 inlaga,
766 697 34 20 be-

57 726 68 17 svärs-
138 724 48 20 eller
200 723 175 26 anklagelseskrift,
390 724 58 19 likväl
463 725 45 19 med
524 724 113 26 skyldighet
650 724 30 18 för
694 723 45 26 den,
756 730 44 13 som

56 750 36 19 slik
108 750 103 26 tryckning
226 750 126 24 föranstaltat,
368 753 28 17 att
410 751 57 19 äfven
481 750 38 20 låta
529 750 69 26 trycka
609 750 143 24 vederpartens
762 751 39 19 för-

58 776 74 26 klaring
146 778 38 18 och
199 777 121 19 domstolens
335 777 46 19 eller
396 777 149 25 myndighetens
560 776 106 25 utlåtande,
681 776 78 20 såsnart
767 777 34 19 det

57 803 131 20 meudelats».
210 804 43 19 Men
269 809 43 14 som
327 803 118 20 sistnämnda
460 802 161 26 tidsbestämning
636 802 17 26 ej
667 804 22 18 är
704 803 42 19 fullt
758 803 44 26 tyd-

57 830 32 25 lig,
105 830 87 20 önskade
207 830 103 19 ständerna
324 832 28 17 att
364 830 114 19 densamma
494 830 63 19 skulle
571 830 57 25 göras
642 835 54 13 mera
711 830 91 19 bestämd

58 862 70 20 genom
143 857 65 25 tiliägg
222 857 20 19 af
255 856 61 20 orden
331 857 49 19 »och
396 857 81 19 sednast
492 862 23 14 en
530 855 68 20 månad
614 856 107 19 derefter».
736 867 26 3 —
772 856 30 20 De

57 884 6 19 i
77 884 47 19 sista
138 886 109 16 momentet
260 883 21 20 af
293 888 76 14 samma
384 884 70 25 stycke
468 882 159 20 förekommande
642 882 70 20 orden:
736 882 64 20 »Sker

57 910 142 20 öfverträlelse
212 910 20 19 af
244 910 25 20 de
283 910 6 19 i
303 909 143 20 ofvanstående
458 909 60 26 måtto
529 908 116 21 meddelade
654 909 146 25 föreskrifter»,

57 942 48 14 anse
120 936 104 20 ständerna
239 937 37 19 ock
291 936 46 20 böra
351 936 71 20 ändras
436 936 36 20 till:
493 936 141 20 »Öfverträdes
648 936 47 19 eller
709 935 93 21 underlå-

58 966 30 17 tes
106 963 59 26 något
181 964 20 18 af
216 964 53 20 hvad
286 963 5 19 i
308 962 141 20 ofvanstående
466 962 61 20 måtto
544 962 153 24 föreskrifvits»;
718 962 83 20 emedan

56 990 119 26 förbrytelse
189 993 53 16 emot
255 989 146 26 ifrågavarande
415 989 122 20 föreskrifter
549 989 37 19 kan
599 989 36 19 ske
647 988 18 26 ej
676 989 82 19 allenast
766 994 34 20 ge-

58 1023 46 14 nom
118 1017 150 24 öfverträdelse,
284 1019 47 17 utan
345 1017 57 19 äfven
418 1022 70 19 genom
502 1015 154 21 underlåtenhet.

112 1044 8 19 I
141 1044 23 19 43
185 1043 17 25 $,
219 1048 49 14 som
287 1043 81 20 handlar
388 1048 32 13 om
440 1043 93 25 utgifning
550 1042 19 19 af
582 1041 112 26 periodiska
709 1042 88 24 skrifter,

58 1069 84 20 föreslås
159 1069 2 19 i
183 1071 3 18 1
202 1075 69 19 mom.,
289 1072 27 17 att
329 1069 98 24 utgifvare
441 1069 20 19 af
473 1069 54 25 dylik
541 1068 57 20 skrift
612 1067 47 20 skall
671 1073 72 19 genom
752 1068 47 19 ned-

59 1097 85 24 sättning
159 1096 21 19 af
195 1095 92 20 kontanta
302 1095 106 26 penningar
423 1095 48 20 eller
485 1095 136 25 värdepapper
638 1094 55 19 ställa
708 1094 94 19 säkerhet

60 1123 30 19 för
104 1123 56 20 böter
174 1123 38 19 och
226 1123 137 24 ersättningar,
382 1122 66 19 hvilka
464 1121 64 20 kunna
542 1122 72 19 honom
628 1120 5 19 i
647 1120 53 20 detta
710 1119 94 20 afseende

60 1149 89 21 ådömas.
179 1150 38 19 Det
236 1151 23 18 är
275 1149 105 19 ständerna
398 1148 114 25 visserligen
528 1148 80 23 bekant,
631 1149 29 17 att
679 1146 123 26 stadganden

60 1182 32 13 om
107 1176 80 19 kaution
201 1175 114 20 förmedelst
329 1175 117 25 penningars
460 1174 129 20 nedsättande
603 1174 47 19 eller
660 1173 74 26 borgen
744 1173 58 19 äfven

60 1203 123 20 förekomma
197 1202 6 19 i
217 1201 60 26 några
291 1201 61 21 andra
366 1201 77 20 länders
456 1201 120 26 presslagar,
592 1205 46 14 men
652 1199 11 20 å
677 1199 60 20 andra
747 1199 56 20 sidan

60 1229 63 20 finnas
137 1229 37 19 ock
188 1229 69 20 länder
270 1228 46 20 med
330 1233 24 14 en
368 1227 110 26 lagbunden
492 1226 124 27 tryckfrihet,
628 1226 5 19 i
643 1226 78 20 hvilkas
735 1231 69 20 press-

61 1257 53 24 lagar
134 1261 24 14 en
175 1255 55 26 dylik
247 1255 100 20 föreskrift
363 1253 17 26 ej
398 1253 61 26 ingår.
482 1255 42 18 'För
542 1253 29 20 sin
588 1253 31 20 del
637 1258 47 14 anse
698 1253 106 29 ständerne

62 1285 29 17 ett
105 1281 69 20 sådant
189 1281 108 26 stadgande
310 1281 52 20 hvila
377 1280 24 26 på
416 1286 24 14 en
454 1280 70 26 oriktig
538 1280 76 25 princip
629 1281 52 18 samt
695 1279 110 30 allraminst

62 1314 47 14 vara
124 1309 108 19 önskvärdt
246 1309 5 18 i
264 1307 87 24 Finland,
367 1313 43 14 som
424 1307 44 20 icke
482 1313 47 19 eger
543 1305 58 26 något
614 1305 95 20 öfverflöd
718 1311 25 19 på
752 1304 51 26 goda

62 1335 106 23 författare,
190 1334 77 19 hvilkas
287 1333 129 19 verksambet
437 1333 65 19 landet
522 1332 65 19 kunde
608 1332 89 23 umbära,
715 1332 38 17 och
762 1331 40 18 der

63 1361 143 19 litteratörerne
226 1360 29 19 för
275 1359 34 20 det
329 1361 63 17 mesta
414 1359 60 19 sakna
494 1359 39 19 den
553 1358 140 24 förmögenhet,
713 1361 45 15 som
773 1356 30 19 för

62 1387 118 19 kautionens
195 1385 96 20 ställande
304 1390 49 14 vore
367 1385 91 24 behöflig.
478 1385 45 18 Enär
535 1378 69 36 jemväl
616 1383 136 19 erfarenheten
764 1382 5 19 i
779 1382 25 19 de

62 1413 75 26 länder,
160 1413 5 19 i
183 1413 65 20 hvilka
262 1412 80 20 kaution
356 1413 22 19 är
392 1411 136 24 föreskrifven,
542 1409 109 26 ådagalagt,
667 1412 28 17 att
709 1409 34 20 det
758 1407 45 30 med

64 1440 115 20 densamma
193 1439 81 20 afsedda
289 1437 89 23 ändamål
392 1437 16 26 ej
424 1438 60 20 heller
500 1437 86 24 vunnits,
602 1441 48 16 anse
659 1435 105 21 ständerna
775 1440 29 20 sig
