992 1703
259 139 71 22 Nådiga
341 139 140 23 Propositionen
495 139 34 18 N:o
542 141 27 16 50.
736 140 45 20 1659

381 189 10 26 $
405 189 33 20 62.

92 217 79 24 Önskar
185 221 99 20 svarande
297 221 6 20 i
318 221 169 26 tryckfrihetsmål
497 222 83 19 rörande
588 228 88 20 angrepp
684 225 54 17 emot
747 229 34 13 en-

39 247 51 21 skild
104 253 72 20 person
191 247 68 20 bevisa
274 248 97 19 tillmälets
385 248 86 25 sanning,
488 254 46 20 eger
542 249 94 19 domaren
645 249 6 18 i
661 248 69 25 hvarje
740 249 37 24 fall,

39 274 49 19 efter
110 274 46 19 dess
173 274 96 19 särskilda
287 274 135 19 beskaffenhet:
439 275 38 18 och
491 275 28 24 sig
533 275 113 19 företeende
660 275 121 25 omständig-

38 300 64 24 heter,
120 299 69 26 pröfva
207 300 96 19 huruvida
320 301 39 18 den
376 299 94 26 erbjudna
487 301 139 25 bevisningens
642 301 138 19 föreställande

40 325 32 20 må
89 326 78 24 tillåtas,
185 326 57 20 likväl
261 325 81 20 sålunda
359 329 28 16 att
404 332 25 13 en
446 327 37 19 slik
499 327 107 23 bevisning,
622 326 24 20 då
661 327 39 19 den
714 327 66 19 kunde

37 353 58 19 lända
110 353 25 19 till
149 352 113 20 kränkande
276 353 21 19 af
309 352 33 20 det
356 352 87 20 enskilda
457 353 66 19 lifvets
537 353 56 25 helgd
604 358 71 20 genom
686 352 94 26 offenuig-

36 379 86 25 görande
135 379 21 19 af
167 379 118 25 personliga,
301 378 75 26 husliga
390 380 48 20 eller
452 379 212 25 familjeförhållanden,
680 380 44 19 icke
734 379 45 20 får
769 374 14 35 i

38 405 57 27 något
105 406 30 20 fall
146 405 108 25 tillstädjas.

380 459 11 26 $
405 460 32 20 63.

91 490 64 21 Sedan
175 494 92 22 parterne
287 492 64 18 anfört
373 492 51 19 hvad
441 491 25 19 de
483 492 5 18 i
503 492 61 19 saken
578 491 61 20 önska
653 494 28 17 att
694 492 86 25 andraga

37 518 38 19 och
92 518 70 19 bevisa
179 520 52 17 samt
247 517 46 20 dem
311 518 84 19 lemnats
413 518 71 20 tillfälle
501 521 28 17 att
546 518 72 25 afgifva
632 517 148 27 slutpåstående

36 544 40 20 och
90 544 105 25 förklaring
208 544 101 24 deröfver,
324 544 50 20 skall
388 544 109 20 domstolen
510 544 86 20 afkunna
610 545 70 25 utslag,
696 545 83 25 hvilket,

38 570 25 20 då
77 570 61 20 målet
151 570 64 20 blifvit
228 570 104 25 handlagdt
346 571 21 19 af
382 571 111 24 Underrätt,
512 571 60 25 enligt
586 572 11 18 5
612 570 10 25 $
635 572 26 18 25
675 571 45 25 kap.
736 571 46 19 Rät-

37 596 82 26 tegångs
133 597 72 19 Balken
219 597 114 19 hemställes
348 597 147 20 vederbörande
509 597 85 24 Hofrätt,
610 597 55 19 öfver
680 597 60 19 hvars
750 600 31 16 ut-

37 624 43 24 slag
97 624 39 18 den
153 622 107 26 missnöjde
277 624 35 19 har
326 624 92 25 rättighet
432 626 28 16 att
473 623 51 20 inom
540 629 76 15 samma
631 623 27 20 tid
672 624 38 19 och
724 624 5 18 i
743 623 38 19 den

37 649 90 26 ordning,
144 655 43 14 som
202 649 28 20 för
243 650 62 20 andra
321 649 91 21 brottmål
427 651 21 18 är
463 650 88 26 stadgad,
568 650 66 20 anföra
647 650 135 20 besvär
730 645 12 35 i
750 645 36 35 Se-

38 678 70 17 natens
122 676 237 25 Justitie-Departement.
653 683 3 1 :

375 744 14 21 9
403 744 53 26 Kap.

237 798 32 19 Om
281 798 53 19 böter
345 797 34 20 och
391 798 53 19 deras
455 798 125 24 förvandling.

381 845 10 25 $
405 845 32 19 64.

91 885 58 19 Böter
164 884 83 20 ådömda
263 884 58 25 enligt
335 884 62 19 denna
412 883 111 26 förordning
538 883 72 20 tillfalla
624 883 85 20 Kronan.
740 883 37 19 Aro

38 911 26 20 de
77 911 84 20 ådömda
175 911 58 24 enligt
247 910 141 25 Missgernings
402 910 70 19 -Balken
488 911 83 19 fördelas
585 911 37 18 och
635 910 110 19 förvandlas
754 910 25 19 de

38 937 25 27 pä
74 939 38 18 sätt
121 938 7 19 i
138 938 69 19 allmän
217 938 31 25 lag
258 937 87 26 stadgas.

383 990 10 25 $
407 990 32 20 65.

92 1029 75 20 Brister
186 1029 36 19 hos
242 1028 38 20 den
297 1028 97 20 sakfällde
414 1028 76 26 tillgång
508 1030 27 18 att
552 1028 55 25 gälda
623 1027 64 25 böter,
705 1027 78 20 hvartill

40 1057 38 19 han
93 1056 63 20 blifvit
170 1056 44 19 fälld
229 1056 60 24 enligt
302 1055 62 19 Jenna
379 1055 118 25 förordning,
512 1054 112 20 förvandlas
638 1054 25 20 de
677 1054 25 20 till
718 1054 66 20 enkelt

40 1083 87 25 fängelse
142 1082 57 25 enligt
213 1082 25 19 de
252 1082 4 18 i
272 1081 129 25 nästföljande
416 1081 9 26 $
440 1084 72 17 utsatta
526 1082 94 24 grunder;
636 1082 38 18 och
684 1081 48 19 skall
742 1081 42 19 fän-

39 1108 117 27 gelsestraff,
175 1108 64 20 ehvad
257 1108 34 20 det
303 1108 127 25 ovilkorligen
447 1108 46 19 eller
507 1108 5 19 i
527 1108 65 19 stället
608 1108 29 19 för
650 1108 57 19 böter
721 1107 63 29 blifvit

40 1136 87 25 ådömdt,
143 1134 104 26 undergås:
264 1135 21 19 af
297 1140 45 14 man
356 1135 26 19 uti
397 1135 109 24 länehäkte,
523 1134 37 20 ifall
576 1134 140 25 fängelsetiden
728 1139 17 19 ej
756 1134 28 18 öf-

41 1162 98 26 verstiger
154 1161 53 20 nittio
222 1162 67 25 dagar,
306 1167 44 13 men
365 1160 74 26 eljest
430 1156 12 36 i
455 1161 159 25 straff-fängelse;
630 1160 20 20 af
658 1160 72 25 qvinna
740 1160 44 19 der-

41 1192 53 16 emot
109 1188 52 20 alltid
175 1188 5 18 i
194 1188 111 20 länehäkte.
334 1187 23 25 Ej
372 1187 31 20 må
418 1187 63 26 någon
495 1188 5 18 i
515 1188 35 25 thy
564 1188 30 18 fall
605 1187 27 19 uti
644 1187 97 25 fängelset
751 1186 34 19 be-

41 1216 66 24 läggas
122 1214 45 20 med
182 1214 55 25 bojor
249 1214 49 19 eller
316 1214 59 19 hållas
391 1214 25 20 till
434 1214 146 25 tvångsarbete,
596 1212 17 26 ej
629 1214 60 18 heller
703 1213 81 19 insättas

42 1242 129 20 tillsammans
185 1241 45 19 med
244 1240 53 26 dem,
313 1246 44 14 som
371 1240 6 20 i
391 1240 189 26 ransakningshäkte
594 1240 47 19 eller
655 1240 87 24 fängelse
755 1239 29 19 för

41 1268 61 20 andra
116 1268 53 19 brott
184 1266 69 21 hållas.

386 1320 9 24 $
410 1321 33 19 66.

96 1352 58 20 Böter
174 1352 26 19 till
220 1353 39 18 och
279 1352 45 19 med
342 1351 55 26 tjugu
415 1352 54 19 mark
484 1357 57 14 svara
556 1353 54 17 emot
622 1351 87 28 Tängelse
722 1350 5 18 i
743 1349 42 28 fyra

43 1379 59 26 dygn,
118 1379 100 20 hvarefter
233 1381 28 16 ett
275 1378 53 27 dygn
342 1379 6 18 i
362 1378 73 19 sender
449 1377 86 26 tillägges
551 1377 30 19 för
595 1377 69 23 hvarje
678 1376 108 27 öfverskju-

45 1406 57 19 tande
117 1405 129 26 bötesbelopp
260 1405 26 20 till
301 1405 38 19 och
354 1405 45 19 med
413 1404 25 19 tio.
454 1405 62 24 mark,
532 1403 21 20 så
564 1406 28 17 att
600 1403 56 20 böter
666 1403 56 19 öfver
732 1405 53 26 tjugu

45 1433 26 19 till
87 1433 39 19 och
140 1432 44 19 med
199 1432 65 19 trettio
280 1431 56 20 mark
351 1437 58 14 svara
424 1433 53 17 emot
489 1431 40 19 fem
544 1430 60 26 dygn,
620 1430 56 19 öfver
686 1431 64 18 trettio
761 1428 27 19 till

698 1461 42 17 104"
