<?xml version="1.0" encoding="UTF-8"?>
<alto xmlns="http://www.loc.gov/standards/alto/ns-v3#" xmlns:xlink="http://www.w3.org/1999/xlink" xmlns:xsi="http://www.w3.org/2001/XMLSchema-instance" xsi:schemaLocation="http://www.loc.gov/standards/alto/ns-v3# http://www.loc.gov/alto/v3/alto-3-0.xsd">
	<Description>
		<MeasurementUnit>pixel</MeasurementUnit>
		<sourceImageInformation>
			<fileName>/tmp/tess_4h2il521_input.PNG</fileName>
		</sourceImageInformation>
		<OCRProcessing ID="OCR_0">
			<ocrProcessingStep>
				<processingSoftware>
					<softwareName>tesseract 5.3.4</softwareName>
				</processingSoftware>
			</ocrProcessingStep>
		</OCRProcessing>
	</Description>
	<Layout>
		<Page WIDTH="981" HEIGHT="1700" PHYSICAL_IMG_NR="0" ID="page_0">
			<PrintSpace HPOS="0" VPOS="0" WIDTH="981" HEIGHT="1700">
				<ComposedBlock ID="cblock_0" HPOS="256" VPOS="136" WIDTH="524" HEIGHT="24">
					<TextBlock ID="block_0" HPOS="256" VPOS="136" WIDTH="524" HEIGHT="24">
						<TextLine ID="line_0" HPOS="256" VPOS="136" WIDTH="524" HEIGHT="24">
							<String ID="string_0" HPOS="256" VPOS="136" WIDTH="70" HEIGHT="23" WC="0.89" CONTENT="Nådiga"/><SP WIDTH="12" VPOS="136" HPOS="326"/>
							<String ID="string_1" HPOS="338" VPOS="138" WIDTH="140" HEIGHT="22" WC="0.93" CONTENT="Propositionen"/><SP WIDTH="13" VPOS="138" HPOS="478"/>
							<String ID="string_2" HPOS="491" VPOS="138" WIDTH="37" HEIGHT="17" WC="0.96" CONTENT="N:o"/><SP WIDTH="13" VPOS="138" HPOS="528"/>
							<String ID="string_3" HPOS="541" VPOS="137" WIDTH="28" HEIGHT="20" WC="0.96" CONTENT="48,"/><SP WIDTH="166" VPOS="137" HPOS="569"/>
							<String ID="string_4" HPOS="735" VPOS="138" WIDTH="45" HEIGHT="21" WC="0.95" CONTENT="1573"/>
						</TextLine>
					</TextBlock>
				</ComposedBlock>
				<ComposedBlock ID="cblock_1" HPOS="32" VPOS="185" WIDTH="749" HEIGHT="425">
					<TextBlock ID="block_1" HPOS="32" VPOS="185" WIDTH="749" HEIGHT="425">
						<TextLine ID="line_1" HPOS="36" VPOS="185" WIDTH="743" HEIGHT="29">
							<String ID="string_5" HPOS="36" VPOS="185" WIDTH="34" HEIGHT="19" WC="0.93" CONTENT="det"/><SP WIDTH="14" VPOS="185" HPOS="70"/>
							<String ID="string_6" HPOS="84" VPOS="185" WIDTH="134" HEIGHT="21" WC="0.66" CONTENT="öfverlemnad"/><SP WIDTH="15" VPOS="185" HPOS="218"/>
							<String ID="string_7" HPOS="233" VPOS="186" WIDTH="25" HEIGHT="20" WC="0.94" CONTENT="till"/><SP WIDTH="17" VPOS="186" HPOS="258"/>
							<String ID="string_8" HPOS="275" VPOS="187" WIDTH="110" HEIGHT="20" WC="0.96" CONTENT="Utskottets"/><SP WIDTH="13" VPOS="187" HPOS="385"/>
							<String ID="string_9" HPOS="398" VPOS="188" WIDTH="123" HEIGHT="26" WC="0.96" CONTENT="behandling,"/><SP WIDTH="17" VPOS="188" HPOS="521"/>
							<String ID="string_10" HPOS="538" VPOS="189" WIDTH="104" HEIGHT="19" WC="0.96" CONTENT="hvaremot"/><SP WIDTH="14" VPOS="189" HPOS="642"/>
							<String ID="string_11" HPOS="656" VPOS="189" WIDTH="123" HEIGHT="20" WC="0.95" CONTENT="hedervärda"/>
						</TextLine>
						<TextLine ID="line_2" HPOS="35" VPOS="212" WIDTH="743" HEIGHT="26">
							<String ID="string_12" HPOS="35" VPOS="212" WIDTH="147" HEIGHT="19" WC="0.91" CONTENT="Bondeståndet"/><SP WIDTH="14" VPOS="212" HPOS="182"/>
							<String ID="string_13" HPOS="196" VPOS="213" WIDTH="108" HEIGHT="25" WC="0.91" CONTENT="hänskjutit"/><SP WIDTH="13" VPOS="213" HPOS="304"/>
							<String ID="string_14" HPOS="317" VPOS="213" WIDTH="116" HEIGHT="21" WC="0.95" CONTENT="densamma"/><SP WIDTH="14" VPOS="213" HPOS="433"/>
							<String ID="string_15" HPOS="447" VPOS="214" WIDTH="25" HEIGHT="20" WC="0.93" CONTENT="till"/><SP WIDTH="11" VPOS="214" HPOS="472"/>
							<String ID="string_16" HPOS="483" VPOS="215" WIDTH="223" HEIGHT="19" WC="0.91" CONTENT="Ekonomie-Utskottet."/><SP WIDTH="29" VPOS="215" HPOS="706"/>
							<String ID="string_17" HPOS="735" VPOS="216" WIDTH="43" HEIGHT="19" WC="0.94" CONTENT="Och"/>
						</TextLine>
						<TextLine ID="line_3" HPOS="36" VPOS="238" WIDTH="743" HEIGHT="28">
							<String ID="string_18" HPOS="36" VPOS="244" WIDTH="44" HEIGHT="14" WC="0.96" CONTENT="som"/><SP WIDTH="13" VPOS="244" HPOS="80"/>
							<String ID="string_19" HPOS="93" VPOS="241" WIDTH="32" HEIGHT="25" WC="0.95" CONTENT="tre"/><SP WIDTH="15" VPOS="241" HPOS="125"/>
							<String ID="string_20" HPOS="140" VPOS="239" WIDTH="20" HEIGHT="19" WC="0.93" CONTENT="af"/><SP WIDTH="12" VPOS="239" HPOS="160"/>
							<String ID="string_21" HPOS="172" VPOS="238" WIDTH="85" HEIGHT="20" WC="0.92" CONTENT="Stånden"/><SP WIDTH="16" VPOS="238" HPOS="257"/>
							<String ID="string_22" HPOS="273" VPOS="239" WIDTH="77" HEIGHT="21" WC="0.61" CONTENT="således."/><SP WIDTH="14" VPOS="239" HPOS="350"/>
							<String ID="string_23" HPOS="364" VPOS="240" WIDTH="51" HEIGHT="19" WC="0.95" CONTENT="varit"/><SP WIDTH="14" VPOS="240" HPOS="415"/>
							<String ID="string_24" HPOS="429" VPOS="240" WIDTH="5" HEIGHT="19" WC="0.93" CONTENT="i"/><SP WIDTH="18" VPOS="240" HPOS="434"/>
							<String ID="string_25" HPOS="452" VPOS="241" WIDTH="81" HEIGHT="19" WC="0.93" CONTENT="berördt"/><SP WIDTH="19" VPOS="241" HPOS="533"/>
							<String ID="string_26" HPOS="552" VPOS="242" WIDTH="93" HEIGHT="19" WC="0.95" CONTENT="afseende"/><SP WIDTH="21" VPOS="242" HPOS="645"/>
							<String ID="string_27" HPOS="666" VPOS="247" WIDTH="54" HEIGHT="17" WC="0.96" CONTENT="ense,"/><SP WIDTH="24" VPOS="247" HPOS="720"/>
							<String ID="string_28" HPOS="744" VPOS="242" WIDTH="35" HEIGHT="18" WC="0.96" CONTENT="har"/>
						</TextLine>
						<TextLine ID="line_4" HPOS="36" VPOS="264" WIDTH="742" HEIGHT="28">
							<String ID="string_29" HPOS="36" VPOS="265" WIDTH="33" HEIGHT="19" WC="0.92" CONTENT="det"/><SP WIDTH="15" VPOS="265" HPOS="69"/>
							<String ID="string_30" HPOS="84" VPOS="264" WIDTH="62" HEIGHT="25" WC="0.91" CONTENT="fjerde"/><SP WIDTH="14" VPOS="264" HPOS="146"/>
							<String ID="string_31" HPOS="160" VPOS="264" WIDTH="94" HEIGHT="21" WC="0.56" CONTENT="Ständets"/><SP WIDTH="15" VPOS="264" HPOS="254"/>
							<String ID="string_32" HPOS="269" VPOS="266" WIDTH="103" HEIGHT="20" WC="0.62" CONTENT="afvikande"/><SP WIDTH="14" VPOS="266" HPOS="372"/>
							<String ID="string_33" HPOS="386" VPOS="267" WIDTH="66" HEIGHT="19" WC="0.93" CONTENT="beslut"/><SP WIDTH="16" VPOS="267" HPOS="452"/>
							<String ID="string_34" HPOS="468" VPOS="267" WIDTH="43" HEIGHT="19" WC="0.96" CONTENT="icke"/><SP WIDTH="16" VPOS="267" HPOS="511"/>
							<String ID="string_35" HPOS="527" VPOS="268" WIDTH="74" HEIGHT="18" WC="0.96" CONTENT="kunnat"/><SP WIDTH="20" VPOS="268" HPOS="601"/>
							<String ID="string_36" HPOS="621" VPOS="268" WIDTH="68" HEIGHT="24" WC="0.93" CONTENT="utgöra"/><SP WIDTH="21" VPOS="268" HPOS="689"/>
							<String ID="string_37" HPOS="710" VPOS="268" WIDTH="68" HEIGHT="19" WC="0.93" CONTENT="hinder"/>
						</TextLine>
						<TextLine ID="line_5" HPOS="35" VPOS="292" WIDTH="743" HEIGHT="27">
							<String ID="string_38" HPOS="35" VPOS="292" WIDTH="29" HEIGHT="18" WC="0.96" CONTENT="för"/><SP WIDTH="14" VPOS="292" HPOS="64"/>
							<String ID="string_39" HPOS="78" VPOS="292" WIDTH="102" HEIGHT="19" WC="0.96" CONTENT="Utskottet"/><SP WIDTH="14" VPOS="292" HPOS="180"/>
							<String ID="string_40" HPOS="194" VPOS="294" WIDTH="27" HEIGHT="17" WC="0.95" CONTENT="att"/><SP WIDTH="14" VPOS="294" HPOS="221"/>
							<String ID="string_41" HPOS="235" VPOS="292" WIDTH="26" HEIGHT="19" WC="0.93" CONTENT="till"/><SP WIDTH="29" VPOS="292" HPOS="261"/>
							<String ID="string_42" HPOS="290" VPOS="293" WIDTH="121" HEIGHT="19" WC="0.88" CONTENT="föreskrifven"/><SP WIDTH="21" VPOS="293" HPOS="411"/>
							<String ID="string_43" HPOS="432" VPOS="292" WIDTH="67" HEIGHT="27" WC="0.93" CONTENT="åtgärd"/><SP WIDTH="21" VPOS="292" HPOS="499"/>
							<String ID="string_44" HPOS="520" VPOS="297" WIDTH="83" HEIGHT="22" WC="0.92" CONTENT="upptaga"/><SP WIDTH="22" VPOS="297" HPOS="603"/>
							<String ID="string_45" HPOS="625" VPOS="294" WIDTH="87" HEIGHT="19" WC="0.94" CONTENT="ärendet."/><SP WIDTH="28" VPOS="294" HPOS="712"/>
							<String ID="string_46" HPOS="740" VPOS="292" WIDTH="38" HEIGHT="21" WC="0.93" CONTENT="För"/>
						</TextLine>
						<TextLine ID="line_6" HPOS="34" VPOS="318" WIDTH="744" HEIGHT="22">
							<String ID="string_47" HPOS="34" VPOS="318" WIDTH="52" HEIGHT="19" WC="0.84" CONTENT="detta"/><SP WIDTH="16" VPOS="318" HPOS="86"/>
							<String ID="string_48" HPOS="102" VPOS="318" WIDTH="90" HEIGHT="19" WC="0.96" CONTENT="ändamål"/><SP WIDTH="16" VPOS="318" HPOS="192"/>
							<String ID="string_49" HPOS="208" VPOS="319" WIDTH="34" HEIGHT="19" WC="0.96" CONTENT="har"/><SP WIDTH="17" VPOS="319" HPOS="242"/>
							<String ID="string_50" HPOS="259" VPOS="319" WIDTH="102" HEIGHT="19" WC="0.93" CONTENT="Utskottet"/><SP WIDTH="18" VPOS="319" HPOS="361"/>
							<String ID="string_51" HPOS="379" VPOS="320" WIDTH="59" HEIGHT="19" WC="0.93" CONTENT="äfven"/><SP WIDTH="18" VPOS="320" HPOS="438"/>
							<String ID="string_52" HPOS="456" VPOS="320" WIDTH="142" HEIGHT="19" WC="0.82" CONTENT="omhänderfått"/><SP WIDTH="16" VPOS="320" HPOS="598"/>
							<String ID="string_53" HPOS="614" VPOS="320" WIDTH="25" HEIGHT="20" WC="0.96" CONTENT="de"/><SP WIDTH="17" VPOS="320" HPOS="639"/>
							<String ID="string_54" HPOS="656" VPOS="320" WIDTH="26" HEIGHT="20" WC="0.93" CONTENT="tili"/><SP WIDTH="17" VPOS="320" HPOS="682"/>
							<String ID="string_55" HPOS="699" VPOS="320" WIDTH="79" HEIGHT="19" WC="0.93" CONTENT="Ekono-"/>
						</TextLine>
						<TextLine ID="line_7" HPOS="35" VPOS="344" WIDTH="742" HEIGHT="28">
							<String ID="string_56" HPOS="35" VPOS="344" WIDTH="149" HEIGHT="20" WC="0.89" CONTENT="mie-Utskottet"/><SP WIDTH="16" VPOS="344" HPOS="184"/>
							<String ID="string_57" HPOS="200" VPOS="345" WIDTH="116" HEIGHT="19" WC="0.91" CONTENT="öfversända"/><SP WIDTH="21" VPOS="345" HPOS="316"/>
							<String ID="string_58" HPOS="337" VPOS="346" WIDTH="136" HEIGHT="25" WC="0.92" CONTENT="handlingarne"/><SP WIDTH="18" VPOS="346" HPOS="473"/>
							<String ID="string_59" HPOS="491" VPOS="347" WIDTH="37" HEIGHT="19" WC="0.93" CONTENT="och"/><SP WIDTH="17" VPOS="347" HPOS="528"/>
							<String ID="string_60" HPOS="545" VPOS="346" WIDTH="101" HEIGHT="20" WC="0.92" CONTENT="deribland"/><SP WIDTH="17" VPOS="346" HPOS="646"/>
							<String ID="string_61" HPOS="663" VPOS="349" WIDTH="28" HEIGHT="17" WC="0.96" CONTENT="ett"/><SP WIDTH="16" VPOS="349" HPOS="691"/>
							<String ID="string_62" HPOS="707" VPOS="347" WIDTH="70" HEIGHT="25" WC="0.96" CONTENT="utdrag"/>
						</TextLine>
						<TextLine ID="line_8" HPOS="34" VPOS="371" WIDTH="743" HEIGHT="27">
							<String ID="string_63" HPOS="34" VPOS="377" WIDTH="23" HEIGHT="14" WC="0.76" CONTENT="ur"/><SP WIDTH="15" VPOS="377" HPOS="57"/>
							<String ID="string_64" HPOS="72" VPOS="371" WIDTH="123" HEIGHT="20" WC="0.76" CONTENT="hedervärda"/><SP WIDTH="15" VPOS="371" HPOS="195"/>
							<String ID="string_65" HPOS="210" VPOS="371" WIDTH="157" HEIGHT="21" WC="0.91" CONTENT="Bondeståndets"/><SP WIDTH="14" VPOS="371" HPOS="367"/>
							<String ID="string_66" HPOS="381" VPOS="373" WIDTH="95" HEIGHT="25" WC="0.95" CONTENT="protokoll"/><SP WIDTH="16" VPOS="373" HPOS="476"/>
							<String ID="string_67" HPOS="492" VPOS="373" WIDTH="29" HEIGHT="19" WC="0.96" CONTENT="för"/><SP WIDTH="17" VPOS="373" HPOS="521"/>
							<String ID="string_68" HPOS="538" VPOS="373" WIDTH="38" HEIGHT="19" WC="0.96" CONTENT="den"/><SP WIDTH="16" VPOS="373" HPOS="576"/>
							<String ID="string_69" HPOS="592" VPOS="374" WIDTH="11" HEIGHT="19" WC="0.96" CONTENT="5"/><SP WIDTH="20" VPOS="374" HPOS="603"/>
							<String ID="string_70" HPOS="623" VPOS="373" WIDTH="87" HEIGHT="20" WC="0.85" CONTENT="Oktober"/><SP WIDTH="22" VPOS="373" HPOS="710"/>
							<String ID="string_71" HPOS="732" VPOS="373" WIDTH="45" HEIGHT="20" WC="0.92" CONTENT="sist-"/>
						</TextLine>
						<TextLine ID="line_9" HPOS="32" VPOS="398" WIDTH="744" HEIGHT="23">
							<String ID="string_72" HPOS="32" VPOS="398" WIDTH="50" HEIGHT="19" WC="0.86" CONTENT="lidna"/><SP WIDTH="16" VPOS="398" HPOS="82"/>
							<String ID="string_73" HPOS="98" VPOS="398" WIDTH="27" HEIGHT="23" WC="0.95" CONTENT="år,"/><SP WIDTH="23" VPOS="398" HPOS="125"/>
							<String ID="string_74" HPOS="148" VPOS="398" WIDTH="135" HEIGHT="20" WC="0.96" CONTENT="innehållande"/><SP WIDTH="21" VPOS="398" HPOS="283"/>
							<String ID="string_75" HPOS="304" VPOS="405" WIDTH="23" HEIGHT="13" WC="0.93" CONTENT="en"/><SP WIDTH="22" VPOS="405" HPOS="327"/>
							<String ID="string_76" HPOS="349" VPOS="399" WIDTH="103" HEIGHT="19" WC="0.90" CONTENT="derstädes"/><SP WIDTH="21" VPOS="399" HPOS="452"/>
							<String ID="string_77" HPOS="473" VPOS="399" WIDTH="24" HEIGHT="20" WC="0.93" CONTENT="då"/><SP WIDTH="22" VPOS="399" HPOS="497"/>
							<String ID="string_78" HPOS="519" VPOS="400" WIDTH="99" HEIGHT="20" WC="0.91" CONTENT="förefallen"/><SP WIDTH="20" VPOS="400" HPOS="618"/>
							<String ID="string_79" HPOS="638" VPOS="400" WIDTH="111" HEIGHT="19" WC="0.95" CONTENT="diskussion"/><SP WIDTH="22" VPOS="400" HPOS="749"/>
							<String ID="string_80" HPOS="771" VPOS="399" WIDTH="5" HEIGHT="19" WC="0.96" CONTENT="i"/>
						</TextLine>
						<TextLine ID="line_10" HPOS="33" VPOS="425" WIDTH="741" HEIGHT="26">
							<String ID="string_81" HPOS="33" VPOS="425" WIDTH="73" HEIGHT="24" WC="0.93" CONTENT="ämnet,"/><SP WIDTH="18" VPOS="425" HPOS="106"/>
							<String ID="string_82" HPOS="124" VPOS="425" WIDTH="92" HEIGHT="19" WC="0.92" CONTENT="hvarföre"/><SP WIDTH="17" VPOS="425" HPOS="216"/>
							<String ID="string_83" HPOS="233" VPOS="425" WIDTH="60" HEIGHT="24" WC="0.90" CONTENT="sagde"/><SP WIDTH="21" VPOS="425" HPOS="293"/>
							<String ID="string_84" HPOS="314" VPOS="425" WIDTH="179" HEIGHT="26" WC="0.90" CONTENT="protokollsutdrag"/><SP WIDTH="20" VPOS="425" HPOS="493"/>
							<String ID="string_85" HPOS="513" VPOS="427" WIDTH="35" HEIGHT="18" WC="0.96" CONTENT="här"/><SP WIDTH="22" VPOS="427" HPOS="548"/>
							<String ID="string_86" HPOS="570" VPOS="426" WIDTH="4" HEIGHT="19" WC="0.91" CONTENT="i"/><SP WIDTH="22" VPOS="426" HPOS="574"/>
							<String ID="string_87" HPOS="596" VPOS="426" WIDTH="76" HEIGHT="19" WC="0.91" CONTENT="afskrift"/><SP WIDTH="21" VPOS="426" HPOS="672"/>
							<String ID="string_88" HPOS="693" VPOS="425" WIDTH="81" HEIGHT="26" WC="0.96" CONTENT="bifogas."/>
						</TextLine>
						<TextLine ID="line_11" HPOS="35" VPOS="451" WIDTH="741" HEIGHT="26">
							<String ID="string_89" HPOS="35" VPOS="451" WIDTH="101" HEIGHT="20" WC="0.95" CONTENT="Utskottet"/><SP WIDTH="16" VPOS="451" HPOS="136"/>
							<String ID="string_90" HPOS="152" VPOS="453" WIDTH="34" HEIGHT="17" WC="0.96" CONTENT="har"/><SP WIDTH="14" VPOS="453" HPOS="186"/>
							<String ID="string_91" HPOS="200" VPOS="452" WIDTH="37" HEIGHT="18" WC="0.96" CONTENT="ock"/><SP WIDTH="16" VPOS="452" HPOS="237"/>
							<String ID="string_92" HPOS="253" VPOS="451" WIDTH="35" HEIGHT="19" WC="0.92" CONTENT="fått"/><SP WIDTH="14" VPOS="451" HPOS="288"/>
							<String ID="string_93" HPOS="302" VPOS="454" WIDTH="97" HEIGHT="23" WC="0.91" CONTENT="emottaga"/><SP WIDTH="14" VPOS="454" HPOS="399"/>
							<String ID="string_94" HPOS="413" VPOS="451" WIDTH="17" HEIGHT="26" WC="0.95" CONTENT="ej"/><SP WIDTH="16" VPOS="451" HPOS="430"/>
							<String ID="string_95" HPOS="446" VPOS="453" WIDTH="76" HEIGHT="19" WC="0.96" CONTENT="mindre"/><SP WIDTH="13" VPOS="453" HPOS="522"/>
							<String ID="string_96" HPOS="535" VPOS="453" WIDTH="34" HEIGHT="19" WC="0.96" CONTENT="det"/><SP WIDTH="13" VPOS="453" HPOS="569"/>
							<String ID="string_97" HPOS="582" VPOS="453" WIDTH="21" HEIGHT="19" WC="0.96" CONTENT="af"/><SP WIDTH="12" VPOS="453" HPOS="603"/>
							<String ID="string_98" HPOS="615" VPOS="459" WIDTH="24" HEIGHT="12" WC="0.93" CONTENT="en"/><SP WIDTH="14" VPOS="459" HPOS="639"/>
							<String ID="string_99" HPOS="653" VPOS="452" WIDTH="77" HEIGHT="20" WC="0.90" CONTENT="Komité"/><SP WIDTH="16" VPOS="452" HPOS="730"/>
							<String ID="string_100" HPOS="746" VPOS="455" WIDTH="30" HEIGHT="16" WC="0.92" CONTENT="ut-"/>
						</TextLine>
						<TextLine ID="line_12" HPOS="33" VPOS="478" WIDTH="742" HEIGHT="27">
							<String ID="string_101" HPOS="33" VPOS="478" WIDTH="93" HEIGHT="19" WC="0.95" CONTENT="arbetade"/><SP WIDTH="14" VPOS="478" HPOS="126"/>
							<String ID="string_102" HPOS="140" VPOS="479" WIDTH="93" HEIGHT="24" WC="0.96" CONTENT="förslaget"/><SP WIDTH="15" VPOS="479" HPOS="233"/>
							<String ID="string_103" HPOS="248" VPOS="479" WIDTH="25" HEIGHT="19" WC="0.96" CONTENT="till"/><SP WIDTH="16" VPOS="479" HPOS="273"/>
							<String ID="string_104" HPOS="289" VPOS="478" WIDTH="146" HEIGHT="26" WC="0.93" CONTENT="ifrågavarande"/><SP WIDTH="14" VPOS="478" HPOS="435"/>
							<String ID="string_105" HPOS="449" VPOS="479" WIDTH="74" HEIGHT="26" WC="0.91" CONTENT="Nådiga"/><SP WIDTH="21" VPOS="479" HPOS="523"/>
							<String ID="string_106" HPOS="544" VPOS="479" WIDTH="127" HEIGHT="26" WC="0.46" CONTENT="proposition,"/><SP WIDTH="24" VPOS="479" HPOS="671"/>
							<String ID="string_107" HPOS="695" VPOS="479" WIDTH="80" HEIGHT="20" WC="0.96" CONTENT="hvilken"/>
						</TextLine>
						<TextLine ID="line_13" HPOS="33" VPOS="505" WIDTH="748" HEIGHT="26">
							<String ID="string_108" HPOS="33" VPOS="505" WIDTH="100" HEIGHT="19" WC="0.96" CONTENT="befunnits"/><SP WIDTH="15" VPOS="505" HPOS="133"/>
							<String ID="string_109" HPOS="148" VPOS="505" WIDTH="4" HEIGHT="18" WC="0.96" CONTENT="i"/><SP WIDTH="16" VPOS="505" HPOS="152"/>
							<String ID="string_110" HPOS="168" VPOS="505" WIDTH="95" HEIGHT="19" WC="0.96" CONTENT="särskilda"/><SP WIDTH="16" VPOS="505" HPOS="263"/>
							<String ID="string_111" HPOS="279" VPOS="505" WIDTH="54" HEIGHT="20" WC="0.93" CONTENT="delar"/><SP WIDTH="14" VPOS="505" HPOS="333"/>
							<String ID="string_112" HPOS="347" VPOS="505" WIDTH="65" HEIGHT="20" WC="0.92" CONTENT="afvika"/><SP WIDTH="15" VPOS="505" HPOS="412"/>
							<String ID="string_113" HPOS="427" VPOS="505" WIDTH="42" HEIGHT="20" WC="0.92" CONTENT="från"/><SP WIDTH="16" VPOS="505" HPOS="469"/>
							<String ID="string_114" HPOS="485" VPOS="506" WIDTH="59" HEIGHT="24" WC="0.91" CONTENT="sagde"/><SP WIDTH="22" VPOS="506" HPOS="544"/>
							<String ID="string_115" HPOS="566" VPOS="506" WIDTH="77" HEIGHT="25" WC="0.96" CONTENT="förslag,"/><SP WIDTH="23" VPOS="506" HPOS="643"/>
							<String ID="string_116" HPOS="666" VPOS="507" WIDTH="24" HEIGHT="18" WC="0.93" CONTENT="än"/><SP WIDTH="20" VPOS="507" HPOS="690"/>
							<String ID="string_117" HPOS="710" VPOS="506" WIDTH="71" HEIGHT="25" WC="0.88" CONTENT="proto-"/>
						</TextLine>
						<TextLine ID="line_14" HPOS="33" VPOS="530" WIDTH="741" HEIGHT="28">
							<String ID="string_118" HPOS="33" VPOS="531" WIDTH="59" HEIGHT="20" WC="0.92" CONTENT="kollet"/><SP WIDTH="15" VPOS="531" HPOS="92"/>
							<String ID="string_119" HPOS="107" VPOS="531" WIDTH="55" HEIGHT="19" WC="0.96" CONTENT="öfver"/><SP WIDTH="16" VPOS="531" HPOS="162"/>
							<String ID="string_120" HPOS="178" VPOS="537" WIDTH="22" HEIGHT="13" WC="0.96" CONTENT="en"/><SP WIDTH="16" VPOS="537" HPOS="200"/>
							<String ID="string_121" HPOS="216" VPOS="532" WIDTH="4" HEIGHT="18" WC="0.96" CONTENT="i"/><SP WIDTH="15" VPOS="532" HPOS="220"/>
							<String ID="string_122" HPOS="235" VPOS="530" WIDTH="108" HEIGHT="27" WC="0.93" CONTENT="Kejserliga"/><SP WIDTH="15" VPOS="530" HPOS="343"/>
							<String ID="string_123" HPOS="358" VPOS="532" WIDTH="97" HEIGHT="19" WC="0.93" CONTENT="Senatens"/><SP WIDTH="20" VPOS="532" HPOS="455"/>
							<String ID="string_124" HPOS="475" VPOS="533" WIDTH="96" HEIGHT="19" WC="0.96" CONTENT="allmänna"/><SP WIDTH="21" VPOS="533" HPOS="571"/>
							<String ID="string_125" HPOS="592" VPOS="533" WIDTH="79" HEIGHT="25" WC="0.95" CONTENT="plenum"/><SP WIDTH="20" VPOS="533" HPOS="671"/>
							<String ID="string_126" HPOS="691" VPOS="531" WIDTH="37" HEIGHT="20" WC="0.96" CONTENT="den"/><SP WIDTH="22" VPOS="531" HPOS="728"/>
							<String ID="string_127" HPOS="750" VPOS="532" WIDTH="24" HEIGHT="19" WC="0.96" CONTENT="13"/>
						</TextLine>
						<TextLine ID="line_15" HPOS="32" VPOS="557" WIDTH="743" HEIGHT="27">
							<String ID="string_128" HPOS="32" VPOS="557" WIDTH="52" HEIGHT="26" WC="0.93" CONTENT="April"/><SP WIDTH="15" VPOS="557" HPOS="84"/>
							<String ID="string_129" HPOS="99" VPOS="557" WIDTH="103" HEIGHT="20" WC="0.92" CONTENT="nästvikna"/><SP WIDTH="15" VPOS="557" HPOS="202"/>
							<String ID="string_130" HPOS="217" VPOS="557" WIDTH="23" HEIGHT="21" WC="0.96" CONTENT="år"/><SP WIDTH="18" VPOS="557" HPOS="240"/>
							<String ID="string_131" HPOS="258" VPOS="558" WIDTH="32" HEIGHT="20" WC="0.96" CONTENT="vid"/><SP WIDTH="22" VPOS="558" HPOS="290"/>
							<String ID="string_132" HPOS="312" VPOS="559" WIDTH="92" HEIGHT="19" WC="0.96" CONTENT="ärendets"/><SP WIDTH="21" VPOS="559" HPOS="404"/>
							<String ID="string_133" HPOS="425" VPOS="559" WIDTH="107" HEIGHT="25" WC="0.93" CONTENT="beredning"/><SP WIDTH="20" VPOS="559" HPOS="532"/>
							<String ID="string_134" HPOS="552" VPOS="559" WIDTH="104" HEIGHT="20" WC="0.92" CONTENT="derstädes"/><SP WIDTH="20" VPOS="559" HPOS="656"/>
							<String ID="string_135" HPOS="676" VPOS="558" WIDTH="99" HEIGHT="21" WC="0.91" CONTENT="förefallen"/>
						</TextLine>
						<TextLine ID="line_16" HPOS="32" VPOS="584" WIDTH="127" HEIGHT="26">
							<String ID="string_136" HPOS="32" VPOS="584" WIDTH="127" HEIGHT="26" WC="0.95" CONTENT="omröstning."/>
						</TextLine>
					</TextBlock>
				</ComposedBlock>
				<Illustration ID="cblock_2" HPOS="283" VPOS="293" WIDTH="7" HEIGHT="18"></Illustration>
				<ComposedBlock ID="cblock_3" HPOS="30" VPOS="640" WIDTH="746" HEIGHT="821">
					<TextBlock ID="block_2" HPOS="30" VPOS="640" WIDTH="746" HEIGHT="291">
						<TextLine ID="line_17" HPOS="85" VPOS="640" WIDTH="690" HEIGHT="27">
							<String ID="string_137" HPOS="85" VPOS="640" WIDTH="59" HEIGHT="20" WC="0.90" CONTENT="Biand"/><SP WIDTH="15" VPOS="640" HPOS="144"/>
							<String ID="string_138" HPOS="159" VPOS="640" WIDTH="25" HEIGHT="20" WC="0.93" CONTENT="de"/><SP WIDTH="14" VPOS="640" HPOS="184"/>
							<String ID="string_139" HPOS="198" VPOS="640" WIDTH="52" HEIGHT="24" WC="0.92" CONTENT="aftal,"/><SP WIDTH="17" VPOS="640" HPOS="250"/>
							<String ID="string_140" HPOS="267" VPOS="646" WIDTH="42" HEIGHT="14" WC="0.96" CONTENT="som"/><SP WIDTH="16" VPOS="646" HPOS="309"/>
							<String ID="string_141" HPOS="325" VPOS="640" WIDTH="120" HEIGHT="20" WC="0.96" CONTENT="förekomma"/><SP WIDTH="16" VPOS="640" HPOS="445"/>
							<String ID="string_142" HPOS="461" VPOS="641" WIDTH="4" HEIGHT="19" WC="0.96" CONTENT="i"/><SP WIDTH="15" VPOS="641" HPOS="465"/>
							<String ID="string_143" HPOS="480" VPOS="641" WIDTH="37" HEIGHT="19" WC="0.96" CONTENT="den"/><SP WIDTH="15" VPOS="641" HPOS="517"/>
							<String ID="string_144" HPOS="532" VPOS="641" WIDTH="75" HEIGHT="26" WC="0.93" CONTENT="dagliga"/><SP WIDTH="18" VPOS="641" HPOS="607"/>
							<String ID="string_145" HPOS="625" VPOS="641" WIDTH="150" HEIGHT="20" WC="0.65" CONTENT="sammaniefna-"/>
						</TextLine>
						<TextLine ID="line_18" HPOS="31" VPOS="667" WIDTH="741" HEIGHT="25">
							<String ID="string_146" HPOS="31" VPOS="668" WIDTH="44" HEIGHT="24" WC="0.96" CONTENT="den,"/><SP WIDTH="17" VPOS="668" HPOS="75"/>
							<String ID="string_147" HPOS="92" VPOS="669" WIDTH="21" HEIGHT="18" WC="0.93" CONTENT="är"/><SP WIDTH="15" VPOS="669" HPOS="113"/>
							<String ID="string_148" HPOS="128" VPOS="667" WIDTH="110" HEIGHT="25" WC="0.92" CONTENT="legoaftalet"/><SP WIDTH="14" VPOS="667" HPOS="238"/>
							<String ID="string_149" HPOS="252" VPOS="668" WIDTH="82" HEIGHT="19" WC="0.96" CONTENT="emellan"/><SP WIDTH="15" VPOS="668" HPOS="334"/>
							<String ID="string_150" HPOS="349" VPOS="668" WIDTH="103" HEIGHT="20" WC="0.96" CONTENT="husbonde"/><SP WIDTH="15" VPOS="668" HPOS="452"/>
							<String ID="string_151" HPOS="467" VPOS="668" WIDTH="37" HEIGHT="19" WC="0.96" CONTENT="och"/><SP WIDTH="10" VPOS="668" HPOS="504"/>
							<String ID="string_152" HPOS="514" VPOS="668" WIDTH="73" HEIGHT="24" WC="0.96" CONTENT="tjenare"/><SP WIDTH="10" VPOS="668" HPOS="587"/>
							<String ID="string_153" HPOS="597" VPOS="668" WIDTH="33" HEIGHT="20" WC="0.93" CONTENT="det"/><SP WIDTH="9" VPOS="668" HPOS="630"/>
							<String ID="string_154" HPOS="639" VPOS="668" WIDTH="133" HEIGHT="20" WC="0.90" CONTENT="allmännaste."/>
						</TextLine>
						<TextLine ID="line_19" HPOS="31" VPOS="694" WIDTH="745" HEIGHT="25">
							<String ID="string_155" HPOS="31" VPOS="694" WIDTH="131" HEIGHT="25" WC="0.92" CONTENT="Besittningen"/><SP WIDTH="15" VPOS="694" HPOS="162"/>
							<String ID="string_156" HPOS="177" VPOS="694" WIDTH="19" HEIGHT="19" WC="0.96" CONTENT="af"/><SP WIDTH="14" VPOS="694" HPOS="196"/>
							<String ID="string_157" HPOS="210" VPOS="694" WIDTH="142" HEIGHT="25" WC="0.96" CONTENT="förmögenhet,"/><SP WIDTH="17" VPOS="694" HPOS="352"/>
							<String ID="string_158" HPOS="369" VPOS="694" WIDTH="53" HEIGHT="25" WC="0.96" CONTENT="ringa"/><SP WIDTH="15" VPOS="694" HPOS="422"/>
							<String ID="string_159" HPOS="437" VPOS="694" WIDTH="48" HEIGHT="20" WC="0.96" CONTENT="eller"/><SP WIDTH="14" VPOS="694" HPOS="485"/>
							<String ID="string_160" HPOS="499" VPOS="697" WIDTH="48" HEIGHT="22" WC="0.96" CONTENT="stor,"/><SP WIDTH="16" VPOS="697" HPOS="547"/>
							<String ID="string_161" HPOS="563" VPOS="694" WIDTH="75" HEIGHT="20" WC="0.93" CONTENT="medför"/><SP WIDTH="14" VPOS="694" HPOS="638"/>
							<String ID="string_162" HPOS="652" VPOS="694" WIDTH="94" HEIGHT="20" WC="0.90" CONTENT="behofvet"/><SP WIDTH="9" VPOS="694" HPOS="746"/>
							<String ID="string_163" HPOS="755" VPOS="694" WIDTH="21" HEIGHT="20" WC="0.96" CONTENT="af"/>
						</TextLine>
						<TextLine ID="line_20" HPOS="30" VPOS="720" WIDTH="744" HEIGHT="26">
							<String ID="string_164" HPOS="30" VPOS="721" WIDTH="72" HEIGHT="19" WC="0.95" CONTENT="andras"/><SP WIDTH="14" VPOS="721" HPOS="102"/>
							<String ID="string_165" HPOS="116" VPOS="720" WIDTH="88" HEIGHT="26" WC="0.96" CONTENT="ständiga"/><SP WIDTH="15" VPOS="720" HPOS="204"/>
							<String ID="string_166" HPOS="219" VPOS="720" WIDTH="83" HEIGHT="26" WC="0.96" CONTENT="biträde,"/><SP WIDTH="17" VPOS="720" HPOS="302"/>
							<String ID="string_167" HPOS="319" VPOS="722" WIDTH="37" HEIGHT="18" WC="0.96" CONTENT="och"/><SP WIDTH="15" VPOS="722" HPOS="356"/>
							<String ID="string_168" HPOS="371" VPOS="721" WIDTH="29" HEIGHT="19" WC="0.96" CONTENT="för"/><SP WIDTH="14" VPOS="721" HPOS="400"/>
							<String ID="string_169" HPOS="414" VPOS="720" WIDTH="52" HEIGHT="25" WC="0.96" CONTENT="dem,"/><SP WIDTH="18" VPOS="720" HPOS="466"/>
							<String ID="string_170" HPOS="484" VPOS="721" WIDTH="65" HEIGHT="19" WC="0.96" CONTENT="hvilka"/><SP WIDTH="16" VPOS="721" HPOS="549"/>
							<String ID="string_171" HPOS="565" VPOS="721" WIDTH="5" HEIGHT="18" WC="0.96" CONTENT="i"/><SP WIDTH="15" VPOS="721" HPOS="570"/>
							<String ID="string_172" HPOS="585" VPOS="722" WIDTH="41" HEIGHT="18" WC="0.93" CONTENT="sina"/><SP WIDTH="20" VPOS="722" HPOS="626"/>
							<String ID="string_173" HPOS="646" VPOS="720" WIDTH="128" HEIGHT="26" WC="0.91" CONTENT="kroppskraf-"/>
						</TextLine>
						<TextLine ID="line_21" HPOS="30" VPOS="747" WIDTH="743" HEIGHT="25">
							<String ID="string_174" HPOS="30" VPOS="750" WIDTH="30" HEIGHT="17" WC="0.92" CONTENT="ter"/><SP WIDTH="16" VPOS="750" HPOS="60"/>
							<String ID="string_175" HPOS="76" VPOS="753" WIDTH="34" HEIGHT="19" WC="0.91" CONTENT="ega"/><SP WIDTH="16" VPOS="753" HPOS="110"/>
							<String ID="string_176" HPOS="126" VPOS="747" WIDTH="34" HEIGHT="19" WC="0.96" CONTENT="sitt"/><SP WIDTH="14" VPOS="747" HPOS="160"/>
							<String ID="string_177" HPOS="174" VPOS="748" WIDTH="105" HEIGHT="18" WC="0.96" CONTENT="förnämsta"/><SP WIDTH="15" VPOS="748" HPOS="279"/>
							<String ID="string_178" HPOS="294" VPOS="748" WIDTH="47" HEIGHT="18" WC="0.96" CONTENT="eller"/><SP WIDTH="15" VPOS="748" HPOS="341"/>
							<String ID="string_179" HPOS="356" VPOS="747" WIDTH="49" HEIGHT="20" WC="0.96" CONTENT="enda"/><SP WIDTH="18" VPOS="747" HPOS="405"/>
							<String ID="string_180" HPOS="423" VPOS="747" WIDTH="81" HEIGHT="25" WC="0.96" CONTENT="kapital,"/><SP WIDTH="19" VPOS="747" HPOS="504"/>
							<String ID="string_181" HPOS="523" VPOS="750" WIDTH="24" HEIGHT="17" WC="0.96" CONTENT="är"/><SP WIDTH="16" VPOS="750" HPOS="547"/>
							<String ID="string_182" HPOS="563" VPOS="747" WIDTH="33" HEIGHT="20" WC="0.96" CONTENT="det"/><SP WIDTH="17" VPOS="747" HPOS="596"/>
							<String ID="string_183" HPOS="613" VPOS="747" WIDTH="41" HEIGHT="20" WC="0.96" CONTENT="åter"/><SP WIDTH="18" VPOS="747" HPOS="654"/>
							<String ID="string_184" HPOS="672" VPOS="754" WIDTH="22" HEIGHT="13" WC="0.95" CONTENT="en"/><SP WIDTH="19" VPOS="754" HPOS="694"/>
							<String ID="string_185" HPOS="713" VPOS="747" WIDTH="60" HEIGHT="19" WC="0.95" CONTENT="fördel"/>
						</TextLine>
						<TextLine ID="line_22" HPOS="30" VPOS="773" WIDTH="743" HEIGHT="27">
							<String ID="string_186" HPOS="30" VPOS="774" WIDTH="21" HEIGHT="19" WC="0.96" CONTENT="af"/><SP WIDTH="12" VPOS="774" HPOS="51"/>
							<String ID="string_187" HPOS="63" VPOS="775" WIDTH="50" HEIGHT="24" WC="0.96" CONTENT="vigt,"/><SP WIDTH="17" VPOS="775" HPOS="113"/>
							<String ID="string_188" HPOS="130" VPOS="776" WIDTH="28" HEIGHT="17" WC="0.96" CONTENT="att"/><SP WIDTH="14" VPOS="776" HPOS="158"/>
							<String ID="string_189" HPOS="172" VPOS="774" WIDTH="71" HEIGHT="25" WC="0.96" CONTENT="kunna,"/><SP WIDTH="19" VPOS="774" HPOS="243"/>
							<String ID="string_190" HPOS="262" VPOS="774" WIDTH="5" HEIGHT="19" WC="0.96" CONTENT="i"/><SP WIDTH="17" VPOS="774" HPOS="267"/>
							<String ID="string_191" HPOS="284" VPOS="774" WIDTH="70" HEIGHT="26" WC="0.96" CONTENT="utbyte"/><SP WIDTH="21" VPOS="774" HPOS="354"/>
							<String ID="string_192" HPOS="375" VPOS="776" WIDTH="53" HEIGHT="17" WC="0.95" CONTENT="emot"/><SP WIDTH="22" VPOS="776" HPOS="428"/>
							<String ID="string_193" HPOS="450" VPOS="777" WIDTH="27" HEIGHT="16" WC="0.95" CONTENT="ett"/><SP WIDTH="21" VPOS="777" HPOS="477"/>
							<String ID="string_194" HPOS="498" VPOS="774" WIDTH="69" HEIGHT="20" WC="0.96" CONTENT="sådant"/><SP WIDTH="14" VPOS="774" HPOS="567"/>
							<String ID="string_195" HPOS="581" VPOS="773" WIDTH="81" HEIGHT="25" WC="0.93" CONTENT="biträde,"/><SP WIDTH="17" VPOS="773" HPOS="662"/>
							<String ID="string_196" HPOS="679" VPOS="774" WIDTH="94" HEIGHT="25" WC="0.91" CONTENT="betrygga"/>
						</TextLine>
						<TextLine ID="line_23" HPOS="30" VPOS="800" WIDTH="743" HEIGHT="26">
							<String ID="string_197" HPOS="30" VPOS="800" WIDTH="29" HEIGHT="19" WC="0.90" CONTENT="sin"/><SP WIDTH="16" VPOS="800" HPOS="59"/>
							<String ID="string_198" HPOS="75" VPOS="800" WIDTH="94" HEIGHT="26" WC="0.90" CONTENT="bergning"/><SP WIDTH="14" VPOS="800" HPOS="169"/>
							<String ID="string_199" HPOS="183" VPOS="801" WIDTH="79" HEIGHT="19" WC="0.92" CONTENT="utöfver"/><SP WIDTH="15" VPOS="801" HPOS="262"/>
							<String ID="string_200" HPOS="277" VPOS="800" WIDTH="37" HEIGHT="19" WC="0.96" CONTENT="den"/><SP WIDTH="21" VPOS="800" HPOS="314"/>
							<String ID="string_201" HPOS="335" VPOS="802" WIDTH="100" HEIGHT="18" WC="0.95" CONTENT="närmaste"/><SP WIDTH="20" VPOS="802" HPOS="435"/>
							<String ID="string_202" HPOS="455" VPOS="800" WIDTH="71" HEIGHT="25" WC="0.95" CONTENT="dagen."/><SP WIDTH="29" VPOS="800" HPOS="526"/>
							<String ID="string_203" HPOS="555" VPOS="801" WIDTH="8" HEIGHT="19" WC="0.91" CONTENT="I"/><SP WIDTH="20" VPOS="801" HPOS="563"/>
							<String ID="string_204" HPOS="583" VPOS="800" WIDTH="52" HEIGHT="20" WC="0.96" CONTENT="detta"/><SP WIDTH="20" VPOS="800" HPOS="635"/>
							<String ID="string_205" HPOS="655" VPOS="800" WIDTH="118" HEIGHT="25" WC="0.96" CONTENT="ömsesidiga"/>
						</TextLine>
						<TextLine ID="line_24" HPOS="31" VPOS="826" WIDTH="741" HEIGHT="26">
							<String ID="string_206" HPOS="31" VPOS="827" WIDTH="61" HEIGHT="19" WC="0.92" CONTENT="behof"/><SP WIDTH="14" VPOS="827" HPOS="92"/>
							<String ID="string_207" HPOS="106" VPOS="833" WIDTH="47" HEIGHT="19" WC="0.96" CONTENT="eger"/><SP WIDTH="15" VPOS="833" HPOS="153"/>
							<String ID="string_208" HPOS="168" VPOS="832" WIDTH="44" HEIGHT="14" WC="0.96" CONTENT="man"/><SP WIDTH="15" VPOS="832" HPOS="212"/>
							<String ID="string_209" HPOS="227" VPOS="832" WIDTH="24" HEIGHT="14" WC="0.92" CONTENT="en"/><SP WIDTH="16" VPOS="832" HPOS="251"/>
							<String ID="string_210" HPOS="267" VPOS="827" WIDTH="176" HEIGHT="19" WC="0.73" CONTENT="tilllredsställande"/><SP WIDTH="15" VPOS="827" HPOS="443"/>
							<String ID="string_211" HPOS="458" VPOS="827" WIDTH="177" HEIGHT="25" WC="0.91" CONTENT="förklaringsgrund"/><SP WIDTH="15" VPOS="827" HPOS="635"/>
							<String ID="string_212" HPOS="650" VPOS="827" WIDTH="29" HEIGHT="19" WC="0.96" CONTENT="för"/><SP WIDTH="14" VPOS="827" HPOS="679"/>
							<String ID="string_213" HPOS="693" VPOS="826" WIDTH="33" HEIGHT="20" WC="0.93" CONTENT="det"/><SP WIDTH="14" VPOS="826" HPOS="726"/>
							<String ID="string_214" HPOS="740" VPOS="832" WIDTH="32" HEIGHT="14" WC="0.92" CONTENT="an-"/>
						</TextLine>
						<TextLine ID="line_25" HPOS="31" VPOS="852" WIDTH="743" HEIGHT="26">
							<String ID="string_215" HPOS="31" VPOS="854" WIDTH="177" HEIGHT="24" WC="0.88" CONTENT="märkningsvärda"/><SP WIDTH="19" VPOS="854" HPOS="208"/>
							<String ID="string_216" HPOS="227" VPOS="852" WIDTH="134" HEIGHT="25" WC="0.96" CONTENT="förhållandet,"/><SP WIDTH="23" VPOS="852" HPOS="361"/>
							<String ID="string_217" HPOS="384" VPOS="855" WIDTH="28" HEIGHT="17" WC="0.96" CONTENT="att"/><SP WIDTH="19" VPOS="855" HPOS="412"/>
							<String ID="string_218" HPOS="431" VPOS="853" WIDTH="83" HEIGHT="19" WC="0.93" CONTENT="berörda"/><SP WIDTH="22" VPOS="853" HPOS="514"/>
							<String ID="string_219" HPOS="536" VPOS="854" WIDTH="44" HEIGHT="18" WC="0.83" CONTENT="aftal"/><SP WIDTH="22" VPOS="854" HPOS="580"/>
							<String ID="string_220" HPOS="602" VPOS="853" WIDTH="59" HEIGHT="19" WC="0.96" CONTENT="tillika"/><SP WIDTH="21" VPOS="853" HPOS="661"/>
							<String ID="string_221" HPOS="682" VPOS="852" WIDTH="46" HEIGHT="20" WC="0.96" CONTENT="med"/><SP WIDTH="20" VPOS="852" HPOS="728"/>
							<String ID="string_222" HPOS="748" VPOS="852" WIDTH="26" HEIGHT="20" WC="0.95" CONTENT="de"/>
						</TextLine>
						<TextLine ID="line_26" HPOS="31" VPOS="879" WIDTH="743" HEIGHT="26">
							<String ID="string_223" HPOS="31" VPOS="880" WIDTH="78" HEIGHT="19" WC="0.60" CONTENT="rättsför"/><SP WIDTH="8" VPOS="880" HPOS="109"/>
							<String ID="string_224" HPOS="117" VPOS="879" WIDTH="104" HEIGHT="25" WC="0.60" CONTENT="hällanden,"/><SP WIDTH="18" VPOS="879" HPOS="221"/>
							<String ID="string_225" HPOS="239" VPOS="885" WIDTH="43" HEIGHT="14" WC="0.96" CONTENT="som"/><SP WIDTH="14" VPOS="885" HPOS="282"/>
							<String ID="string_226" HPOS="296" VPOS="885" WIDTH="70" HEIGHT="19" WC="0.95" CONTENT="genom"/><SP WIDTH="14" VPOS="885" HPOS="366"/>
							<String ID="string_227" HPOS="380" VPOS="880" WIDTH="109" HEIGHT="19" WC="0.93" CONTENT="detsamma"/><SP WIDTH="15" VPOS="880" HPOS="489"/>
							<String ID="string_228" HPOS="504" VPOS="880" WIDTH="136" HEIGHT="25" WC="0.92" CONTENT="grundläggas,"/><SP WIDTH="16" VPOS="880" HPOS="640"/>
							<String ID="string_229" HPOS="656" VPOS="879" WIDTH="52" HEIGHT="20" WC="0.95" CONTENT="alltid"/><SP WIDTH="16" VPOS="879" HPOS="708"/>
							<String ID="string_230" HPOS="724" VPOS="879" WIDTH="50" HEIGHT="19" WC="0.96" CONTENT="varit"/>
						</TextLine>
						<TextLine ID="line_27" HPOS="30" VPOS="906" WIDTH="402" HEIGHT="25">
							<String ID="string_231" HPOS="30" VPOS="906" WIDTH="81" HEIGHT="20" WC="0.96" CONTENT="föremål"/><SP WIDTH="16" VPOS="906" HPOS="111"/>
							<String ID="string_232" HPOS="127" VPOS="906" WIDTH="29" HEIGHT="19" WC="0.96" CONTENT="för"/><SP WIDTH="15" VPOS="906" HPOS="156"/>
							<String ID="string_233" HPOS="171" VPOS="912" WIDTH="23" HEIGHT="13" WC="0.96" CONTENT="en"/><SP WIDTH="15" VPOS="912" HPOS="194"/>
							<String ID="string_234" HPOS="209" VPOS="906" WIDTH="84" HEIGHT="20" WC="0.93" CONTENT="särskild"/><SP WIDTH="15" VPOS="906" HPOS="293"/>
							<String ID="string_235" HPOS="308" VPOS="906" WIDTH="124" HEIGHT="25" WC="0.71" CONTENT="lagstiitning."/>
						</TextLine>
					</TextBlock>
					<TextBlock ID="block_3" HPOS="30" VPOS="930" WIDTH="745" HEIGHT="531">
						<TextLine ID="line_28" HPOS="84" VPOS="930" WIDTH="691" HEIGHT="28">
							<String ID="string_236" HPOS="84" VPOS="933" WIDTH="7" HEIGHT="19" WC="0.96" CONTENT="I"/><SP WIDTH="15" VPOS="933" HPOS="91"/>
							<String ID="string_237" HPOS="106" VPOS="933" WIDTH="78" HEIGHT="19" WC="0.96" CONTENT="folkens"/><SP WIDTH="14" VPOS="933" HPOS="184"/>
							<String ID="string_238" HPOS="198" VPOS="932" WIDTH="96" HEIGHT="20" WC="0.96" CONTENT="barndom"/><SP WIDTH="15" VPOS="932" HPOS="294"/>
							<String ID="string_239" HPOS="309" VPOS="932" WIDTH="116" HEIGHT="20" WC="0.93" CONTENT="betraktade"/><SP WIDTH="14" VPOS="932" HPOS="425"/>
							<String ID="string_240" HPOS="439" VPOS="931" WIDTH="87" HEIGHT="25" WC="0.91" CONTENT="tjenaren"/><SP WIDTH="15" VPOS="931" HPOS="526"/>
							<String ID="string_241" HPOS="541" VPOS="932" WIDTH="29" HEIGHT="26" WC="0.93" CONTENT="sig"/><SP WIDTH="15" VPOS="932" HPOS="570"/>
							<String ID="string_242" HPOS="585" VPOS="931" WIDTH="45" HEIGHT="25" WC="0.95" CONTENT="sjelf"/><SP WIDTH="12" VPOS="931" HPOS="630"/>
							<String ID="string_243" HPOS="642" VPOS="932" WIDTH="38" HEIGHT="19" WC="0.93" CONTENT="och"/><SP WIDTH="14" VPOS="932" HPOS="680"/>
							<String ID="string_244" HPOS="694" VPOS="930" WIDTH="81" HEIGHT="21" WC="0.92" CONTENT="betrak-"/>
						</TextLine>
						<TextLine ID="line_29" HPOS="31" VPOS="958" WIDTH="742" HEIGHT="25">
							<String ID="string_245" HPOS="31" VPOS="960" WIDTH="55" HEIGHT="19" WC="0.92" CONTENT="tades"/><SP WIDTH="14" VPOS="960" HPOS="86"/>
							<String ID="string_246" HPOS="100" VPOS="959" WIDTH="20" HEIGHT="20" WC="0.96" CONTENT="af"/><SP WIDTH="13" VPOS="959" HPOS="120"/>
							<String ID="string_247" HPOS="133" VPOS="960" WIDTH="60" HEIGHT="19" WC="0.96" CONTENT="andra"/><SP WIDTH="15" VPOS="960" HPOS="193"/>
							<String ID="string_248" HPOS="208" VPOS="965" WIDTH="43" HEIGHT="13" WC="0.96" CONTENT="som"/><SP WIDTH="15" VPOS="965" HPOS="251"/>
							<String ID="string_249" HPOS="266" VPOS="965" WIDTH="24" HEIGHT="13" WC="0.96" CONTENT="en"/><SP WIDTH="14" VPOS="965" HPOS="290"/>
							<String ID="string_250" HPOS="304" VPOS="959" WIDTH="86" HEIGHT="19" WC="0.92" CONTENT="medlem"/><SP WIDTH="15" VPOS="959" HPOS="390"/>
							<String ID="string_251" HPOS="405" VPOS="958" WIDTH="20" HEIGHT="19" WC="0.93" CONTENT="af"/><SP WIDTH="12" VPOS="958" HPOS="425"/>
							<String ID="string_252" HPOS="437" VPOS="958" WIDTH="128" HEIGHT="21" WC="0.92" CONTENT="husbondens"/><SP WIDTH="15" VPOS="958" HPOS="565"/>
							<String ID="string_253" HPOS="580" VPOS="958" WIDTH="66" HEIGHT="25" WC="0.96" CONTENT="familj,"/><SP WIDTH="16" VPOS="958" HPOS="646"/>
							<String ID="string_254" HPOS="662" VPOS="958" WIDTH="49" HEIGHT="19" WC="0.91" CONTENT="inför"/><SP WIDTH="16" VPOS="958" HPOS="711"/>
							<String ID="string_255" HPOS="727" VPOS="958" WIDTH="46" HEIGHT="19" WC="0.91" CONTENT="hus-"/>
						</TextLine>
						<TextLine ID="line_30" HPOS="30" VPOS="984" WIDTH="743" HEIGHT="27">
							<String ID="string_256" HPOS="30" VPOS="986" WIDTH="78" HEIGHT="20" WC="0.96" CONTENT="bonden"/><SP WIDTH="16" VPOS="986" HPOS="108"/>
							<String ID="string_257" HPOS="124" VPOS="986" WIDTH="38" HEIGHT="19" WC="0.88" CONTENT="lika"/><SP WIDTH="14" VPOS="986" HPOS="162"/>
							<String ID="string_258" HPOS="176" VPOS="984" WIDTH="135" HEIGHT="27" WC="0.88" CONTENT="osjelfständig"/><SP WIDTH="14" VPOS="984" HPOS="311"/>
							<String ID="string_259" HPOS="325" VPOS="986" WIDTH="38" HEIGHT="19" WC="0.97" CONTENT="och"/><SP WIDTH="9" VPOS="986" HPOS="363"/>
							<String ID="string_260" HPOS="372" VPOS="985" WIDTH="37" HEIGHT="20" WC="0.93" CONTENT="lika"/><SP WIDTH="10" VPOS="985" HPOS="409"/>
							<String ID="string_261" HPOS="419" VPOS="986" WIDTH="78" HEIGHT="19" WC="0.93" CONTENT="rättslös"/><SP WIDTH="10" VPOS="986" HPOS="497"/>
							<String ID="string_262" HPOS="507" VPOS="990" WIDTH="43" HEIGHT="14" WC="0.96" CONTENT="som"/><SP WIDTH="10" VPOS="990" HPOS="550"/>
							<String ID="string_263" HPOS="560" VPOS="985" WIDTH="25" HEIGHT="19" WC="0.96" CONTENT="de"/><SP WIDTH="10" VPOS="985" HPOS="585"/>
							<String ID="string_264" HPOS="595" VPOS="990" WIDTH="99" HEIGHT="20" WC="0.96" CONTENT="personer,"/><SP WIDTH="13" VPOS="990" HPOS="694"/>
							<String ID="string_265" HPOS="707" VPOS="984" WIDTH="66" HEIGHT="20" WC="0.96" CONTENT="hvilka"/>
						</TextLine>
						<TextLine ID="line_31" HPOS="30" VPOS="1010" WIDTH="743" HEIGHT="28">
							<String ID="string_266" HPOS="30" VPOS="1018" WIDTH="72" HEIGHT="20" WC="0.93" CONTENT="genom"/><SP WIDTH="14" VPOS="1018" HPOS="102"/>
							<String ID="string_267" HPOS="116" VPOS="1012" WIDTH="130" HEIGHT="20" WC="0.91" CONTENT="blodsbandet"/><SP WIDTH="14" VPOS="1012" HPOS="246"/>
							<String ID="string_268" HPOS="260" VPOS="1018" WIDTH="49" HEIGHT="13" WC="0.96" CONTENT="voro"/><SP WIDTH="15" VPOS="1018" HPOS="309"/>
							<String ID="string_269" HPOS="324" VPOS="1012" WIDTH="75" HEIGHT="20" WC="0.96" CONTENT="fästade"/><SP WIDTH="15" VPOS="1012" HPOS="399"/>
							<String ID="string_270" HPOS="414" VPOS="1012" WIDTH="33" HEIGHT="19" WC="0.96" CONTENT="vid"/><SP WIDTH="14" VPOS="1012" HPOS="447"/>
							<String ID="string_271" HPOS="461" VPOS="1012" WIDTH="79" HEIGHT="19" WC="0.96" CONTENT="honom."/><SP WIDTH="24" VPOS="1012" HPOS="540"/>
							<String ID="string_272" HPOS="564" VPOS="1012" WIDTH="29" HEIGHT="19" WC="0.92" CONTENT="En"/><SP WIDTH="11" VPOS="1012" HPOS="593"/>
							<String ID="string_273" HPOS="604" VPOS="1011" WIDTH="60" HEIGHT="20" WC="0.93" CONTENT="sådan"/><SP WIDTH="9" VPOS="1011" HPOS="664"/>
							<String ID="string_274" HPOS="673" VPOS="1010" WIDTH="100" HEIGHT="26" WC="0.89" CONTENT="tjenarens"/>
						</TextLine>
						<TextLine ID="line_32" HPOS="30" VPOS="1037" WIDTH="744" HEIGHT="27">
							<String ID="string_275" HPOS="30" VPOS="1039" WIDTH="92" HEIGHT="24" WC="0.96" CONTENT="ställning"/><SP WIDTH="15" VPOS="1039" HPOS="122"/>
							<String ID="string_276" HPOS="137" VPOS="1039" WIDTH="65" HEIGHT="19" WC="0.96" CONTENT="kunde"/><SP WIDTH="13" VPOS="1039" HPOS="202"/>
							<String ID="string_277" HPOS="215" VPOS="1038" WIDTH="148" HEIGHT="26" WC="0.96" CONTENT="upprätthållas,"/><SP WIDTH="16" VPOS="1038" HPOS="363"/>
							<String ID="string_278" HPOS="379" VPOS="1038" WIDTH="22" HEIGHT="20" WC="0.96" CONTENT="så"/><SP WIDTH="14" VPOS="1038" HPOS="401"/>
							<String ID="string_279" HPOS="415" VPOS="1038" WIDTH="58" HEIGHT="26" WC="0.96" CONTENT="länge"/><SP WIDTH="14" VPOS="1038" HPOS="473"/>
							<String ID="string_280" HPOS="487" VPOS="1038" WIDTH="116" HEIGHT="20" WC="0.93" CONTENT="husbonden"/><SP WIDTH="21" VPOS="1038" HPOS="603"/>
							<String ID="string_281" HPOS="624" VPOS="1037" WIDTH="96" HEIGHT="25" WC="0.91" CONTENT="derjemte"/><SP WIDTH="20" VPOS="1037" HPOS="720"/>
							<String ID="string_282" HPOS="740" VPOS="1042" WIDTH="34" HEIGHT="14" WC="0.91" CONTENT="an-"/>
						</TextLine>
						<TextLine ID="line_33" HPOS="30" VPOS="1064" WIDTH="744" HEIGHT="27">
							<String ID="string_283" HPOS="30" VPOS="1065" WIDTH="47" HEIGHT="25" WC="0.93" CONTENT="sågs"/><SP WIDTH="15" VPOS="1065" HPOS="77"/>
							<String ID="string_284" HPOS="92" VPOS="1066" WIDTH="66" HEIGHT="25" WC="0.91" CONTENT="pligtig"/><SP WIDTH="17" VPOS="1066" HPOS="158"/>
							<String ID="string_285" HPOS="175" VPOS="1068" WIDTH="27" HEIGHT="17" WC="0.96" CONTENT="att"/><SP WIDTH="14" VPOS="1068" HPOS="202"/>
							<String ID="string_286" HPOS="216" VPOS="1065" WIDTH="76" HEIGHT="26" WC="0.92" CONTENT="skydda"/><SP WIDTH="18" VPOS="1065" HPOS="292"/>
							<String ID="string_287" HPOS="310" VPOS="1064" WIDTH="86" HEIGHT="26" WC="0.90" CONTENT="tjenaren"/><SP WIDTH="22" VPOS="1064" HPOS="396"/>
							<String ID="string_288" HPOS="418" VPOS="1068" WIDTH="53" HEIGHT="16" WC="0.95" CONTENT="emot"/><SP WIDTH="22" VPOS="1068" HPOS="471"/>
							<String ID="string_289" HPOS="493" VPOS="1065" WIDTH="104" HEIGHT="19" WC="0.95" CONTENT="oförrätter"/><SP WIDTH="19" VPOS="1065" HPOS="597"/>
							<String ID="string_290" HPOS="616" VPOS="1064" WIDTH="82" HEIGHT="20" WC="0.96" CONTENT="likasom"/><SP WIDTH="22" VPOS="1064" HPOS="698"/>
							<String ID="string_291" HPOS="720" VPOS="1066" WIDTH="54" HEIGHT="17" WC="0.95" CONTENT="emot"/>
						</TextLine>
						<TextLine ID="line_34" HPOS="30" VPOS="1089" WIDTH="743" HEIGHT="25">
							<String ID="string_292" HPOS="30" VPOS="1093" WIDTH="37" HEIGHT="19" WC="0.95" CONTENT="nöd"/><SP WIDTH="15" VPOS="1093" HPOS="67"/>
							<String ID="string_293" HPOS="82" VPOS="1093" WIDTH="39" HEIGHT="19" WC="0.95" CONTENT="och"/><SP WIDTH="14" VPOS="1093" HPOS="121"/>
							<String ID="string_294" HPOS="135" VPOS="1092" WIDTH="56" HEIGHT="19" WC="0.92" CONTENT="brist."/><SP WIDTH="16" VPOS="1092" HPOS="191"/>
							<String ID="string_295" HPOS="207" VPOS="1085" WIDTH="10" HEIGHT="35" WC="0.64" CONTENT="-"/><SP WIDTH="3" VPOS="1085" HPOS="217"/>
							<String ID="string_296" HPOS="220" VPOS="1092" WIDTH="133" HEIGHT="20" WC="0.87" CONTENT="Husbondens"/><SP WIDTH="14" VPOS="1092" HPOS="353"/>
							<String ID="string_297" HPOS="367" VPOS="1091" WIDTH="54" HEIGHT="20" WC="0.96" CONTENT="makt"/><SP WIDTH="14" VPOS="1091" HPOS="421"/>
							<String ID="string_298" HPOS="435" VPOS="1092" WIDTH="38" HEIGHT="18" WC="0.96" CONTENT="och"/><SP WIDTH="18" VPOS="1092" HPOS="473"/>
							<String ID="string_299" HPOS="491" VPOS="1091" WIDTH="98" HEIGHT="19" WC="0.96" CONTENT="anseende"/><SP WIDTH="20" VPOS="1091" HPOS="589"/>
							<String ID="string_300" HPOS="609" VPOS="1094" WIDTH="56" HEIGHT="16" WC="0.96" CONTENT="utom"/><SP WIDTH="21" VPOS="1094" HPOS="665"/>
							<String ID="string_301" HPOS="686" VPOS="1089" WIDTH="87" HEIGHT="25" WC="0.95" CONTENT="familjen"/>
						</TextLine>
						<TextLine ID="line_35" HPOS="31" VPOS="1116" WIDTH="743" HEIGHT="28">
							<String ID="string_302" HPOS="31" VPOS="1119" WIDTH="87" HEIGHT="20" WC="0.95" CONTENT="berodde"/><SP WIDTH="15" VPOS="1119" HPOS="118"/>
							<String ID="string_303" HPOS="133" VPOS="1119" WIDTH="20" HEIGHT="19" WC="0.92" CONTENT="af"/><SP WIDTH="14" VPOS="1119" HPOS="153"/>
							<String ID="string_304" HPOS="167" VPOS="1118" WIDTH="98" HEIGHT="26" WC="0.92" CONTENT="tjenarens"/><SP WIDTH="15" VPOS="1118" HPOS="265"/>
							<String ID="string_305" HPOS="280" VPOS="1119" WIDTH="65" HEIGHT="18" WC="0.96" CONTENT="trohet"/><SP WIDTH="14" VPOS="1119" HPOS="345"/>
							<String ID="string_306" HPOS="359" VPOS="1119" WIDTH="38" HEIGHT="19" WC="0.92" CONTENT="och"/><SP WIDTH="15" VPOS="1119" HPOS="397"/>
							<String ID="string_307" HPOS="412" VPOS="1118" WIDTH="136" HEIGHT="25" WC="0.92" CONTENT="tillgifvenhet,"/><SP WIDTH="12" VPOS="1118" HPOS="548"/>
							<String ID="string_308" HPOS="560" VPOS="1118" WIDTH="38" HEIGHT="19" WC="0.96" CONTENT="och"/><SP WIDTH="15" VPOS="1118" HPOS="598"/>
							<String ID="string_309" HPOS="613" VPOS="1118" WIDTH="5" HEIGHT="19" WC="0.96" CONTENT="i"/><SP WIDTH="11" VPOS="1118" HPOS="618"/>
							<String ID="string_310" HPOS="629" VPOS="1117" WIDTH="52" HEIGHT="20" WC="0.93" CONTENT="detta"/><SP WIDTH="10" VPOS="1117" HPOS="681"/>
							<String ID="string_311" HPOS="691" VPOS="1116" WIDTH="83" HEIGHT="20" WC="0.93" CONTENT="beroen-"/>
						</TextLine>
						<TextLine ID="line_36" HPOS="30" VPOS="1143" WIDTH="743" HEIGHT="25">
							<String ID="string_312" HPOS="30" VPOS="1146" WIDTH="24" HEIGHT="19" WC="0.96" CONTENT="de"/><SP WIDTH="16" VPOS="1146" HPOS="54"/>
							<String ID="string_313" HPOS="70" VPOS="1146" WIDTH="54" HEIGHT="19" WC="0.95" CONTENT="fanns"/><SP WIDTH="24" VPOS="1146" HPOS="124"/>
							<String ID="string_314" HPOS="148" VPOS="1145" WIDTH="37" HEIGHT="19" WC="0.95" CONTENT="den"/><SP WIDTH="15" VPOS="1145" HPOS="185"/>
							<String ID="string_315" HPOS="200" VPOS="1145" WIDTH="48" HEIGHT="20" WC="0.96" CONTENT="enda"/><SP WIDTH="15" VPOS="1145" HPOS="248"/>
							<String ID="string_316" HPOS="263" VPOS="1151" WIDTH="44" HEIGHT="13" WC="0.96" CONTENT="men"/><SP WIDTH="22" VPOS="1151" HPOS="307"/>
							<String ID="string_317" HPOS="329" VPOS="1144" WIDTH="60" HEIGHT="20" WC="0.96" CONTENT="också"/><SP WIDTH="21" VPOS="1144" HPOS="389"/>
							<String ID="string_318" HPOS="410" VPOS="1145" WIDTH="29" HEIGHT="18" WC="0.96" CONTENT="för"/><SP WIDTH="22" VPOS="1145" HPOS="439"/>
							<String ID="string_319" HPOS="461" VPOS="1145" WIDTH="28" HEIGHT="18" WC="0.96" CONTENT="sin"/><SP WIDTH="22" VPOS="1145" HPOS="489"/>
							<String ID="string_320" HPOS="511" VPOS="1144" WIDTH="27" HEIGHT="19" WC="0.96" CONTENT="tid"/><SP WIDTH="21" VPOS="1144" HPOS="538"/>
							<String ID="string_321" HPOS="559" VPOS="1144" WIDTH="112" HEIGHT="24" WC="0.94" CONTENT="tillräckliga"/><SP WIDTH="15" VPOS="1144" HPOS="671"/>
							<String ID="string_322" HPOS="686" VPOS="1143" WIDTH="87" HEIGHT="24" WC="0.96" CONTENT="garantin"/>
						</TextLine>
						<TextLine ID="line_37" HPOS="30" VPOS="1169" WIDTH="743" HEIGHT="26">
							<String ID="string_323" HPOS="30" VPOS="1175" WIDTH="54" HEIGHT="16" WC="0.96" CONTENT="emot"/><SP WIDTH="16" VPOS="1175" HPOS="84"/>
							<String ID="string_324" HPOS="100" VPOS="1172" WIDTH="98" HEIGHT="19" WC="0.96" CONTENT="missbruk"/><SP WIDTH="17" VPOS="1172" HPOS="198"/>
							<String ID="string_325" HPOS="215" VPOS="1172" WIDTH="20" HEIGHT="19" WC="0.96" CONTENT="af"/><SP WIDTH="13" VPOS="1172" HPOS="235"/>
							<String ID="string_326" HPOS="248" VPOS="1172" WIDTH="33" HEIGHT="19" WC="0.96" CONTENT="det"/><SP WIDTH="16" VPOS="1172" HPOS="281"/>
							<String ID="string_327" HPOS="297" VPOS="1171" WIDTH="63" HEIGHT="24" WC="0.96" CONTENT="välde,"/><SP WIDTH="16" VPOS="1171" HPOS="360"/>
							<String ID="string_328" HPOS="376" VPOS="1171" WIDTH="61" HEIGHT="19" WC="0.93" CONTENT="seden"/><SP WIDTH="17" VPOS="1171" HPOS="437"/>
							<String ID="string_329" HPOS="454" VPOS="1170" WIDTH="114" HEIGHT="20" WC="0.90" CONTENT="tillerkände"/><SP WIDTH="22" VPOS="1170" HPOS="568"/>
							<String ID="string_330" HPOS="590" VPOS="1170" WIDTH="104" HEIGHT="19" WC="0.91" CONTENT="husfadren"/><SP WIDTH="22" VPOS="1170" HPOS="694"/>
							<String ID="string_331" HPOS="716" VPOS="1169" WIDTH="57" HEIGHT="19" WC="0.96" CONTENT="öfver"/>
						</TextLine>
						<TextLine ID="line_38" HPOS="31" VPOS="1195" WIDTH="742" HEIGHT="28">
							<String ID="string_332" HPOS="31" VPOS="1199" WIDTH="88" HEIGHT="24" WC="0.92" CONTENT="tjenaren"/><SP WIDTH="15" VPOS="1199" HPOS="119"/>
							<String ID="string_333" HPOS="134" VPOS="1197" WIDTH="55" HEIGHT="20" WC="0.90" CONTENT="såväl"/><SP WIDTH="15" VPOS="1197" HPOS="189"/>
							<String ID="string_334" HPOS="204" VPOS="1203" WIDTH="43" HEIGHT="14" WC="0.96" CONTENT="som"/><SP WIDTH="14" VPOS="1203" HPOS="247"/>
							<String ID="string_335" HPOS="261" VPOS="1199" WIDTH="56" HEIGHT="18" WC="0.96" CONTENT="öfver"/><SP WIDTH="24" VPOS="1199" HPOS="317"/>
							<String ID="string_336" HPOS="341" VPOS="1196" WIDTH="96" HEIGHT="26" WC="0.96" CONTENT="familjens"/><SP WIDTH="21" VPOS="1196" HPOS="437"/>
							<String ID="string_337" HPOS="458" VPOS="1197" WIDTH="59" HEIGHT="24" WC="0.95" CONTENT="öfriga"/><SP WIDTH="23" VPOS="1197" HPOS="517"/>
							<String ID="string_338" HPOS="540" VPOS="1196" WIDTH="135" HEIGHT="19" WC="0.95" CONTENT="medlemmar."/><SP WIDTH="29" VPOS="1196" HPOS="675"/>
							<String ID="string_339" HPOS="704" VPOS="1196" WIDTH="43" HEIGHT="19" WC="0.95" CONTENT="Men"/><SP WIDTH="21" VPOS="1196" HPOS="747"/>
							<String ID="string_340" HPOS="768" VPOS="1195" WIDTH="5" HEIGHT="18" WC="0.95" CONTENT="i"/>
						</TextLine>
						<TextLine ID="line_39" HPOS="30" VPOS="1221" WIDTH="743" HEIGHT="28">
							<String ID="string_341" HPOS="30" VPOS="1226" WIDTH="38" HEIGHT="19" WC="0.96" CONTENT="den"/><SP WIDTH="16" VPOS="1226" HPOS="68"/>
							<String ID="string_342" HPOS="84" VPOS="1225" WIDTH="43" HEIGHT="19" WC="0.96" CONTENT="mån"/><SP WIDTH="16" VPOS="1225" HPOS="127"/>
							<String ID="string_343" HPOS="143" VPOS="1224" WIDTH="91" HEIGHT="25" WC="0.95" CONTENT="familjen,"/><SP WIDTH="16" VPOS="1224" HPOS="234"/>
							<String ID="string_344" HPOS="250" VPOS="1225" WIDTH="62" HEIGHT="19" WC="0.96" CONTENT="under"/><SP WIDTH="14" VPOS="1225" HPOS="312"/>
							<String ID="string_345" HPOS="326" VPOS="1224" WIDTH="33" HEIGHT="19" WC="0.96" CONTENT="det"/><SP WIDTH="13" VPOS="1224" HPOS="359"/>
							<String ID="string_346" HPOS="372" VPOS="1224" WIDTH="155" HEIGHT="25" WC="0.96" CONTENT="medborgerliga"/><SP WIDTH="18" VPOS="1224" HPOS="527"/>
							<String ID="string_347" HPOS="545" VPOS="1223" WIDTH="114" HEIGHT="19" WC="0.93" CONTENT="samhällets"/><SP WIDTH="17" VPOS="1223" HPOS="659"/>
							<String ID="string_348" HPOS="676" VPOS="1221" WIDTH="97" HEIGHT="26" WC="0.90" CONTENT="fortgåen-"/>
						</TextLine>
						<TextLine ID="line_40" HPOS="31" VPOS="1248" WIDTH="742" HEIGHT="29">
							<String ID="string_349" HPOS="31" VPOS="1253" WIDTH="25" HEIGHT="19" WC="0.96" CONTENT="de"/><SP WIDTH="15" VPOS="1253" HPOS="56"/>
							<String ID="string_350" HPOS="71" VPOS="1251" WIDTH="115" HEIGHT="25" WC="0.82" CONTENT="utbildning,"/><SP WIDTH="16" VPOS="1251" HPOS="186"/>
							<String ID="string_351" HPOS="202" VPOS="1251" WIDTH="95" HEIGHT="20" WC="0.89" CONTENT="forlorade"/><SP WIDTH="15" VPOS="1251" HPOS="297"/>
							<String ID="string_352" HPOS="312" VPOS="1251" WIDTH="5" HEIGHT="19" WC="0.96" CONTENT="i"/><SP WIDTH="15" VPOS="1251" HPOS="317"/>
							<String ID="string_353" HPOS="332" VPOS="1254" WIDTH="53" HEIGHT="22" WC="0.96" CONTENT="yttre"/><SP WIDTH="14" VPOS="1254" HPOS="385"/>
							<String ID="string_354" HPOS="399" VPOS="1251" WIDTH="110" HEIGHT="25" WC="0.96" CONTENT="betydelse,"/><SP WIDTH="15" VPOS="1251" HPOS="509"/>
							<String ID="string_355" HPOS="524" VPOS="1250" WIDTH="6" HEIGHT="19" WC="0.96" CONTENT="i"/><SP WIDTH="15" VPOS="1250" HPOS="530"/>
							<String ID="string_356" HPOS="545" VPOS="1255" WIDTH="75" HEIGHT="14" WC="0.96" CONTENT="samma"/><SP WIDTH="14" VPOS="1255" HPOS="620"/>
							<String ID="string_357" HPOS="634" VPOS="1248" WIDTH="44" HEIGHT="20" WC="0.93" CONTENT="män"/><SP WIDTH="10" VPOS="1248" HPOS="678"/>
							<String ID="string_358" HPOS="688" VPOS="1248" WIDTH="85" HEIGHT="29" WC="0.92" CONTENT="minska-"/>
						</TextLine>
						<TextLine ID="line_41" HPOS="31" VPOS="1274" WIDTH="743" HEIGHT="30">
							<String ID="string_359" HPOS="31" VPOS="1279" WIDTH="36" HEIGHT="19" WC="0.96" CONTENT="des"/><SP WIDTH="15" VPOS="1279" HPOS="67"/>
							<String ID="string_360" HPOS="82" VPOS="1279" WIDTH="38" HEIGHT="19" WC="0.93" CONTENT="och"/><SP WIDTH="15" VPOS="1279" HPOS="120"/>
							<String ID="string_361" HPOS="135" VPOS="1278" WIDTH="182" HEIGHT="25" WC="0.40" CONTENT="sammanträngdes"/><SP WIDTH="14" VPOS="1278" HPOS="317"/>
							<String ID="string_362" HPOS="331" VPOS="1276" WIDTH="97" HEIGHT="26" WC="0.96" CONTENT="familjens"/><SP WIDTH="14" VPOS="1276" HPOS="428"/>
							<String ID="string_363" HPOS="442" VPOS="1277" WIDTH="96" HEIGHT="19" WC="0.81" CONTENT="omkrets."/><SP WIDTH="29" VPOS="1277" HPOS="538"/>
							<String ID="string_364" HPOS="567" VPOS="1276" WIDTH="42" HEIGHT="19" WC="0.96" CONTENT="Den"/><SP WIDTH="18" VPOS="1276" HPOS="609"/>
							<String ID="string_365" HPOS="627" VPOS="1278" WIDTH="63" HEIGHT="17" WC="0.93" CONTENT="större"/><SP WIDTH="16" VPOS="1278" HPOS="690"/>
							<String ID="string_366" HPOS="706" VPOS="1274" WIDTH="68" HEIGHT="30" WC="0.92" CONTENT="rörlig-"/>
						</TextLine>
						<TextLine ID="line_42" HPOS="33" VPOS="1300" WIDTH="741" HEIGHT="30">
							<String ID="string_367" HPOS="33" VPOS="1306" WIDTH="38" HEIGHT="24" WC="0.95" CONTENT="het,"/><SP WIDTH="20" VPOS="1306" HPOS="71"/>
							<String ID="string_368" HPOS="91" VPOS="1310" WIDTH="48" HEIGHT="14" WC="0.72" CONTENT="som"/><SP WIDTH="16" VPOS="1310" HPOS="139"/>
							<String ID="string_369" HPOS="155" VPOS="1311" WIDTH="25" HEIGHT="13" WC="0.90" CONTENT="en"/><SP WIDTH="22" VPOS="1311" HPOS="180"/>
							<String ID="string_370" HPOS="202" VPOS="1310" WIDTH="53" HEIGHT="14" WC="0.92" CONTENT="mera"/><SP WIDTH="22" VPOS="1310" HPOS="255"/>
							<String ID="string_371" HPOS="277" VPOS="1304" WIDTH="104" HEIGHT="20" WC="0.45" CONTENT="utvecklad"/><SP WIDTH="22" VPOS="1304" HPOS="381"/>
							<String ID="string_372" HPOS="403" VPOS="1303" WIDTH="206" HEIGHT="24" WC="0.84" CONTENT="samhällsförfattning"/><SP WIDTH="19" VPOS="1303" HPOS="609"/>
							<String ID="string_373" HPOS="628" VPOS="1300" WIDTH="146" HEIGHT="25" WC="0.92" CONTENT="frambringade"/>
						</TextLine>
						<TextLine ID="line_43" HPOS="31" VPOS="1327" WIDTH="740" HEIGHT="28">
							<String ID="string_374" HPOS="31" VPOS="1332" WIDTH="52" HEIGHT="18" WC="0.93" CONTENT="inom"/><SP WIDTH="15" VPOS="1332" HPOS="83"/>
							<String ID="string_375" HPOS="98" VPOS="1332" WIDTH="110" HEIGHT="23" WC="0.87" CONTENT="samhället,"/><SP WIDTH="11" VPOS="1332" HPOS="208"/>
							<String ID="string_376" HPOS="219" VPOS="1331" WIDTH="88" HEIGHT="19" WC="0.96" CONTENT="sträckte"/><SP WIDTH="11" VPOS="1331" HPOS="307"/>
							<String ID="string_377" HPOS="318" VPOS="1331" WIDTH="48" HEIGHT="17" WC="0.94" CONTENT="först"/><SP WIDTH="9" VPOS="1331" HPOS="366"/>
							<String ID="string_378" HPOS="375" VPOS="1330" WIDTH="41" HEIGHT="18" WC="0.93" CONTENT="sina"/><SP WIDTH="11" VPOS="1330" HPOS="416"/>
							<String ID="string_379" HPOS="427" VPOS="1330" WIDTH="115" HEIGHT="23" WC="0.96" CONTENT="verkningar"/><SP WIDTH="11" VPOS="1330" HPOS="542"/>
							<String ID="string_380" HPOS="553" VPOS="1329" WIDTH="27" HEIGHT="18" WC="0.93" CONTENT="till"/><SP WIDTH="11" VPOS="1329" HPOS="580"/>
							<String ID="string_381" HPOS="591" VPOS="1328" WIDTH="110" HEIGHT="24" WC="0.81" CONTENT="tjenarenes"/><SP WIDTH="10" VPOS="1328" HPOS="701"/>
							<String ID="string_382" HPOS="711" VPOS="1327" WIDTH="60" HEIGHT="19" WC="0.96" CONTENT="klass."/>
						</TextLine>
						<TextLine ID="line_44" HPOS="32" VPOS="1354" WIDTH="741" HEIGHT="23">
							<String ID="string_383" HPOS="32" VPOS="1357" WIDTH="52" HEIGHT="19" WC="0.94" CONTENT="Ifrån"/><SP WIDTH="15" VPOS="1357" HPOS="84"/>
							<String ID="string_384" HPOS="99" VPOS="1360" WIDTH="28" HEIGHT="16" WC="0.95" CONTENT="att"/><SP WIDTH="15" VPOS="1360" HPOS="127"/>
							<String ID="string_385" HPOS="142" VPOS="1362" WIDTH="46" HEIGHT="14" WC="0.95" CONTENT="vara"/><SP WIDTH="15" VPOS="1362" HPOS="188"/>
							<String ID="string_386" HPOS="203" VPOS="1358" WIDTH="28" HEIGHT="18" WC="0.93" CONTENT="för"/><SP WIDTH="15" VPOS="1358" HPOS="231"/>
							<String ID="string_387" HPOS="246" VPOS="1356" WIDTH="83" HEIGHT="20" WC="0.93" CONTENT="lifstiden"/><SP WIDTH="16" VPOS="1356" HPOS="329"/>
							<String ID="string_388" HPOS="345" VPOS="1356" WIDTH="61" HEIGHT="19" WC="0.96" CONTENT="fästad"/><SP WIDTH="21" VPOS="1356" HPOS="406"/>
							<String ID="string_389" HPOS="427" VPOS="1356" WIDTH="34" HEIGHT="18" WC="0.95" CONTENT="vid"/><SP WIDTH="22" VPOS="1356" HPOS="461"/>
							<String ID="string_390" HPOS="483" VPOS="1354" WIDTH="120" HEIGHT="23" WC="0.95" CONTENT="husbonden,"/><SP WIDTH="23" VPOS="1354" HPOS="603"/>
							<String ID="string_391" HPOS="626" VPOS="1354" WIDTH="46" HEIGHT="19" WC="0.81" CONTENT="eller"/><SP WIDTH="20" VPOS="1354" HPOS="672"/>
							<String ID="string_392" HPOS="692" VPOS="1354" WIDTH="81" HEIGHT="23" WC="0.88" CONTENT="rättare,"/>
						</TextLine>
						<TextLine ID="line_45" HPOS="34" VPOS="1379" WIDTH="739" HEIGHT="29">
							<String ID="string_393" HPOS="34" VPOS="1384" WIDTH="31" HEIGHT="19" WC="0.96" CONTENT="vid"/><SP WIDTH="16" VPOS="1384" HPOS="65"/>
							<String ID="string_394" HPOS="81" VPOS="1385" WIDTH="49" HEIGHT="18" WC="0.93" CONTENT="hans"/><SP WIDTH="14" VPOS="1385" HPOS="130"/>
							<String ID="string_395" HPOS="144" VPOS="1382" WIDTH="67" HEIGHT="26" WC="0.93" CONTENT="familj,"/><SP WIDTH="17" VPOS="1382" HPOS="211"/>
							<String ID="string_396" HPOS="228" VPOS="1383" WIDTH="35" HEIGHT="19" WC="0.93" CONTENT="blir"/><SP WIDTH="15" VPOS="1383" HPOS="263"/>
							<String ID="string_397" HPOS="278" VPOS="1382" WIDTH="89" HEIGHT="25" WC="0.91" CONTENT="tjenaren"/><SP WIDTH="15" VPOS="1382" HPOS="367"/>
							<String ID="string_398" HPOS="382" VPOS="1382" WIDTH="77" HEIGHT="19" WC="0.92" CONTENT="bunden"/><SP WIDTH="16" VPOS="1382" HPOS="459"/>
							<String ID="string_399" HPOS="475" VPOS="1381" WIDTH="31" HEIGHT="19" WC="0.95" CONTENT="vid"/><SP WIDTH="15" VPOS="1381" HPOS="506"/>
							<String ID="string_400" HPOS="521" VPOS="1382" WIDTH="72" HEIGHT="18" WC="0.96" CONTENT="honom"/><SP WIDTH="17" VPOS="1382" HPOS="593"/>
							<String ID="string_401" HPOS="610" VPOS="1380" WIDTH="69" HEIGHT="19" WC="0.96" CONTENT="endast"/><SP WIDTH="11" VPOS="1380" HPOS="679"/>
							<String ID="string_402" HPOS="690" VPOS="1379" WIDTH="38" HEIGHT="29" WC="0.97" CONTENT="för"/><SP WIDTH="22" VPOS="1379" HPOS="728"/>
							<String ID="string_403" HPOS="750" VPOS="1384" WIDTH="23" HEIGHT="14" WC="0.96" CONTENT="en"/>
						</TextLine>
						<TextLine ID="line_46" HPOS="34" VPOS="1406" WIDTH="738" HEIGHT="29">
							<String ID="string_404" HPOS="34" VPOS="1411" WIDTH="41" HEIGHT="19" WC="0.93" CONTENT="viss"/><SP WIDTH="15" VPOS="1411" HPOS="75"/>
							<String ID="string_405" HPOS="90" VPOS="1410" WIDTH="185" HEIGHT="20" WC="0.28" CONTENT="öfverenskommen"/><SP WIDTH="15" VPOS="1410" HPOS="275"/>
							<String ID="string_406" HPOS="290" VPOS="1410" WIDTH="33" HEIGHT="18" WC="0.94" CONTENT="tid."/><SP WIDTH="30" VPOS="1410" HPOS="323"/>
							<String ID="string_407" HPOS="353" VPOS="1409" WIDTH="60" HEIGHT="25" WC="0.93" CONTENT="Ringa"/><SP WIDTH="15" VPOS="1409" HPOS="413"/>
							<String ID="string_408" HPOS="428" VPOS="1414" WIDTH="48" HEIGHT="13" WC="0.96" CONTENT="voro"/><SP WIDTH="14" VPOS="1414" HPOS="476"/>
							<String ID="string_409" HPOS="490" VPOS="1408" WIDTH="51" HEIGHT="19" WC="0.96" CONTENT="dock"/><SP WIDTH="14" VPOS="1408" HPOS="541"/>
							<String ID="string_410" HPOS="555" VPOS="1408" WIDTH="51" HEIGHT="18" WC="0.96" CONTENT="ännu"/><SP WIDTH="11" VPOS="1408" HPOS="606"/>
							<String ID="string_411" HPOS="617" VPOS="1406" WIDTH="24" HEIGHT="20" WC="0.96" CONTENT="de"/><SP WIDTH="9" VPOS="1406" HPOS="641"/>
							<String ID="string_412" HPOS="650" VPOS="1406" WIDTH="122" HEIGHT="29" WC="0.95" CONTENT="rättigheter,"/>
						</TextLine>
						<TextLine ID="line_47" HPOS="31" VPOS="1432" WIDTH="743" HEIGHT="29">
							<String ID="string_413" HPOS="31" VPOS="1444" WIDTH="47" HEIGHT="13" WC="0.93" CONTENT="som"/><SP WIDTH="14" VPOS="1444" HPOS="78"/>
							<String ID="string_414" HPOS="92" VPOS="1437" WIDTH="104" HEIGHT="21" WC="0.96" CONTENT="samhället"/><SP WIDTH="13" VPOS="1437" HPOS="196"/>
							<String ID="string_415" HPOS="209" VPOS="1437" WIDTH="30" HEIGHT="19" WC="0.93" CONTENT="för"/><SP WIDTH="14" VPOS="1437" HPOS="239"/>
							<String ID="string_416" HPOS="253" VPOS="1436" WIDTH="57" HEIGHT="25" WC="0.93" CONTENT="öfrigt"/><SP WIDTH="13" VPOS="1436" HPOS="310"/>
							<String ID="string_417" HPOS="323" VPOS="1435" WIDTH="116" HEIGHT="21" WC="0.92" CONTENT="tillerkände"/><SP WIDTH="13" VPOS="1435" HPOS="439"/>
							<String ID="string_418" HPOS="452" VPOS="1434" WIDTH="96" HEIGHT="22" WC="0.40" CONTENT="tienaren."/><SP WIDTH="29" VPOS="1434" HPOS="548"/>
							<String ID="string_419" HPOS="577" VPOS="1434" WIDTH="42" HEIGHT="19" WC="0.94" CONTENT="Han"/><SP WIDTH="14" VPOS="1434" HPOS="619"/>
							<String ID="string_420" HPOS="633" VPOS="1432" WIDTH="39" HEIGHT="20" WC="0.90" CONTENT="fick"/><SP WIDTH="14" VPOS="1432" HPOS="672"/>
							<String ID="string_421" HPOS="686" VPOS="1432" WIDTH="43" HEIGHT="20" WC="0.93" CONTENT="icke"/><SP WIDTH="10" VPOS="1432" HPOS="729"/>
							<String ID="string_422" HPOS="739" VPOS="1437" WIDTH="35" HEIGHT="15" WC="0.97" CONTENT="ens"/>
						</TextLine>
					</TextBlock>
				</ComposedBlock>
				<GraphicalElement ID="cblock_4" HPOS="972" VPOS="494" WIDTH="5" HEIGHT="534"></GraphicalElement >
			</PrintSpace>
		</Page>
	</Layout>
</alto>
