992 1703
212 154 44 34 1660
427 157 70 22 Nådiga
509 155 140 24 Propositionen
662 154 36 19 N:o
710 156 28 17 50.

214 207 38 19 och
266 206 47 20 med
326 205 70 27 fyratio
410 206 57 20 mark
481 208 52 17 emot
547 210 36 14 sex
596 204 53 27 dygn
663 205 39 19 och
716 204 21 20 så
754 204 72 24 vidare,
838 210 45 15 men
893 204 18 26 ej
921 204 32 20 må

213 232 63 26 någon
285 232 70 26 längre
369 233 24 18 än
407 230 175 26 sjuhundratrettio
594 232 54 25 dygn
662 231 6 19 i
682 231 86 25 fängelse
783 230 66 20 hållas.

557 284 10 26 $
581 284 33 20 67.

265 322 128 26 Förvandling
407 323 20 19 af
439 322 62 25 böter,
516 322 27 20 till
558 322 66 20 hvilka
639 322 96 25 utgifvare
750 323 20 19 af
784 322 99 25 periodisk
897 321 58 21 skrift

212 349 63 26 fälles,
291 355 36 20 ege
340 355 45 14 rum
399 349 69 20 endast
483 349 28 20 för
525 348 38 21 den
577 349 30 20 del
622 349 20 19 af
654 349 109 24 desamma,
779 354 45 15 som
833 349 51 25 icke,
895 349 59 25 enligt

211 377 26 20 de
254 377 5 19 i
276 377 11 25 $
301 377 24 19 13
343 381 61 14 mom.
424 377 11 18 5
453 375 93 26 stadgade
562 375 91 26 grunder,
672 375 39 20 kan
726 375 52 20 utfäs
792 381 23 14 ur
828 376 78 20 nedsatt
919 381 34 14 an-

213 408 136 15 svarssumma
367 403 45 25 och,
431 403 35 19 der
483 402 62 20 denna
560 408 16 19 e)
590 400 77 23 förstår,
683 402 44 20 icke
742 403 60 19 heller
817 403 20 19 af
849 402 38 20 den
901 402 53 26 skyl-

213 430 44 25 dige
271 429 67 26 gäldes
352 429 48 20 eller
413 435 24 14 ur
452 430 48 19 hans
514 429 50 25 gods
578 429 38 19 kan
630 429 52 24 utgå.

555 481 10 26 s
580 481 32 20 68.

265 519 91 26 Offentlig
364 520 117 25 uppmaning
488 519 25 20 till
522 519 125 25 insamlingar
653 520 30 19 för
689 519 94 25 gällande
790 520 21 19 af
816 520 63 25 böter,
888 520 66 20 ådöm-

211 546 26 20 da
250 547 60 24 enligt
318 546 62 20 denna
391 546 119 25 förordning,
520 551 48 14 vare
579 545 32 20 vid
620 546 35 19 bot
665 545 19 20 af
691 545 120 26 fyrahundra
818 546 27 20 till
854 546 101 27 fyratusen

211 573 58 20 mark
283 571 110 27 förbjuden.

496 621 176 29 Slutstadgande.

555 668 11 24 $
580 668 32 20 69.

266 707 65 19 Denna
345 705 111 26 förordning
470 706 67 20 träder
551 705 5 19 i
572 705 128 21 verksamhet
714 706 39 20 den

212 734 38 18 och
264 734 59 24 gäller
336 733 45 19 intill
397 733 60 19 slutet
465 733 21 19 af
493 732 145 20 nästinfallande
647 732 98 26 landtdag.
768 734 66 20 Under
843 734 52 20 tiden
907 741 48 20 upp-

213 760 36 19 hör
262 760 23 19 all
300 760 74 19 verkan
388 759 19 19 af
420 759 67 26 Kongl.
503 758 136 26 förordningen
653 760 39 18 och
705 758 87 26 påbudet
806 760 39 20 den
859 762 26 20 26
902 762 54 25 April

212 786 59 25 4774,
287 786 68 25 Kongl.
371 785 128 25 kungörelsen
513 786 38 19 den
566 786 10 18 7
592 786 110 19 December
717 787 51 19 1787
783 790 52 17 samt
847 787 108 27 Kejserliga

220 812 127 26 örordningen
360 812 38 19 den
413 812 11 18 2
440 812 41 25 (14)
496 812 88 20 Oktober
600 813 57 24 1829,
673 812 104 20 äfvensom
786 813 60 20 andra
856 815 100 19 öfverhet-

211 839 38 35 ja
263 838 126 27 stadganden,
406 844 44 14 som
464 839 61 19 strida
540 840 42 18 mot
595 838 52 20 hvad
662 844 27 14 nu
702 840 22 19 är
740 840 134 20 föreskrifvet.

546 908 77 23 Stat

271 954 32 20 för
314 954 201 24 Pressöfverstyrelsen
528 954 33 19 och
573 954 41 19 dess
626 954 137 25 underlydande
778 956 118 24 tjenstemän.

788 1017 70 16 Expens-
865 1009 8 29 |
877 1018 63 13 Summa

793 1038 56 23 medel.
885 1042 49 13 mark,

231 1089 8 19 1
256 1089 122 20 Ordförande
451 1105 146 4 e.
810 1102 25 3 —
886 1093 61 23 4,000

229 1115 12 19 2
256 1115 114 20 Ledamöter
381 1115 18 24 (a
409 1117 60 23 2,000
476 1117 56 19 mark
540 1118 59 18 hvar-

255 1141 56 26 dera)
416 1158 38 3 KOE
486 1159 38 4 MSS
557 1159 3 3 Eo
592 1159 4 4 8
810 1154 25 4 —
854 1141 15 34 |
886 1145 63 23 4,000]

230 1168 9 18 1
256 1168 194 20 Öfverombudsman
801 1171 60 24 1,600]
887 1172 60 23 6,400]

229 1194 10 19 1
255 1194 131 20 Sekreterare
809 1208 26 3 —
887 1198 62 23 3,200)

229 1221 10 19 4
254 1220 88 20 Kanslist
379 1236 4 4 so
416 1237 3 3 J
451 1237 38 4 soc
521 1238 74 3 ccs
808 1234 27 4 —
887 1225 60 22 1,200

229 1247 10 18 3
254 1247 137 19 Ombudsmän
411 1248 5 18 i
434 1248 123 24 Helsingfors
578 1249 19 23 (a

269 1273 60 23 1,000
344 1274 55 18 mark
413 1274 30 18 för
456 1273 76 26 hvarje)
556 1290 3 3 .
591 1290 3 3 .
809 1286 26 4 —
850 1272 18 34 |
885 1277 62 24 4,800

229 1299 24 19 10
268 1298 137 21 Ombudsmän
419 1300 4 18 i
434 1299 134 21 landsorterna
577 1301 19 24 (a

267 1326 128 23 600—1,600
410 1326 57 20 mark
479 1326 29 20 för
518 1326 77 26 hvarje)
808 1339 26 3 —
873 1329 73 25 141,200

228 1352 10 19 1
254 1352 139 19 Vaktmästare
414 1368 4 3 .
485 1369 39 4 sr
555 1369 39 4 es
808 1365 27 4 —
907 1356 39 21 600

227 1378 58 25 Rum,
301 1378 45 26 ved,
362 1379 45 24 med
423 1385 65 14 mera.
799 1382 63 23 2,400/
886 1384 60 23 2,400]

516 1420 81 21 Summa
799 1423 60 25 4,000]
873 1425 72 24 37,800
