978 1700
259 133 74 23 Nådiga
344 135 141 22 Propositionen
497 136 36 17 N:o
545 136 28 17 47.
740 137 44 19 1557

92 182 41 30 Det
150 182 119 21 tillkommer
289 184 128 20 Guvernören
439 185 5 19 i
464 184 34 20 det
518 186 29 19 län
565 191 98 20 personen
677 186 64 20 tillhör
755 189 28 17 att

37 208 69 20 derom
121 208 98 20 förordna.

378 254 12 26 $
405 255 31 18 35.

89 290 132 25 Försvarslös,
244 297 44 13 som
305 290 77 21 erhållit
399 292 112 26 resebetyg,
528 292 78 25 begifve
620 293 30 25 sig
664 294 118 26 skyndsamt

36 316 25 19 till
84 316 197 21 bestämmelseorten
303 318 38 19 och
361 318 77 20 anmäle
455 319 30 25 sig
498 318 35 20 der
548 321 68 23 genast
629 320 37 18 hos
681 320 5 19 i
701 320 81 26 betyget

34 342 83 20 anvisad
132 343 115 26 myndighet
264 344 47 20 eller
327 343 116 26 tjensteman
460 346 103 19 äfvensom
579 346 37 19 hos
631 346 150 20 vederbörande

34 369 165 26 tillsyningsman.

378 423 10 25 $
403 423 32 21 36.

88 461 42 19 Den
145 461 116 26 myndighet
275 462 46 19 eller
335 461 128 25 tjensteman,
479 463 36 19 hos
530 463 79 19 hvilken
624 461 103 27 förpassad
741 464 39 19 för-

34 488 87 19 svarslös
136 493 71 20 person
222 488 29 25 sig
265 488 94 25 anmäler,
375 488 36 20 bör
425 495 33 14 om
472 489 50 20 hans
535 489 93 20 ankomst
642 489 137 26 ofördröjligen

34 514 114 20 underrätta
162 514 154 26 tillsyningsman
330 513 11 21 å
358 517 63 18 orten.
650 525 7 5 .

376 568 11 25 6
401 569 32 19 37.

86 603 27 24 Är
127 606 11 20 å
152 607 67 20 landet
232 606 88 20 hvarken
334 606 124 27 Kronofogde
473 607 46 21 eller
532 608 154 20 Kronolänsman
700 607 77 21 boende

33 633 51 19 inom
105 633 38 20 den
165 634 102 24 kommun,
291 634 26 19 till
339 633 79 21 hvilken
433 634 38 20 den
485 632 131 22 försvarslösa
630 636 22 18 är
666 634 109 26 förpassad,

33 659 71 27 äligger
124 660 35 20 det
178 660 63 20 denne
261 662 28 18 att
309 660 52 26 gifva
376 660 29 26 sig
420 661 90 19 tillkänna
525 660 69 20 endast
607 661 37 19 hos
658 660 119 27 tillsynings-

33 692 50 20 man,
106 687 80 20 hvilken
200 687 35 19 har
249 689 29 17 att
291 692 33 14 om
337 692 110 20 personens
461 689 91 18 ankomst
566 687 163 20 fordersammast
741 693 36 13 un-

33 713 86 20 derrätta
133 713 124 25 Kronofogde
271 713 47 20 eller
332 713 161 21 Kronolänsman.

377 766 10 26 S
401 767 32 19 38.

84 804 127 20 Försvarslös
228 810 79 20 person,
326 810 44 14 som
385 804 43 20 från
442 804 172 26 arbetsinrättning
628 804 97 26 frigifves,
741 804 32 21 mä

33 831 87 25 antingen
140 831 48 20 med
208 830 110 26 fängskjuts
338 832 99 22 afsändas,
456 832 55 24 eller,
527 837 33 14 om
574 831 37 19 han
626 831 33 20 det
673 830 101 26 ästundar,

33 856 43 26 sjelf
91 856 19 21 få
127 858 78 24 begifva
222 858 30 25 sig
268 858 26 20 till
312 858 37 20 den
367 860 36 22 ort,
423 858 36 20 der
473 858 37 20 han
524 860 41 18 tror
580 858 30 24 sig
625 856 74 21 erhålla
713 857 62 25 tjenst

33 884 44 20 eller
91 886 58 18 annat
162 885 41 24 laga
219 884 135 26 näringsfäng;
370 884 93 25 börande,
479 884 4 19 i
499 890 69 14 senare
579 884 115 24 händelsen,
706 890 69 19 perso-

33 916 34 14 nen
83 910 130 26 förständigas
231 913 28 17 att
276 911 62 20 under
352 911 68 19 färden
435 911 44 19 icke
493 910 109 26 onödigtvis
616 909 55 26 dröja
687 910 47 20 eller
748 910 27 20 af-

33 937 44 20 vika
89 936 43 20 från
147 938 50 18 rätta
211 939 62 23 vägen
286 938 38 19 och
339 940 34 22 att,
389 938 48 19 efter
452 938 148 23 framkomsten,
616 939 69 23 genast
698 938 77 18 anmäla

33 963 26 25 sig
79 964 38 19 hos
136 964 161 25 Poliskammare,
318 964 145 25 Borgmästare,
481 964 152 25 Ordningsman,
648 962 125 27 Stadsfiskal,

33 990 122 26 Kronofogde
170 990 46 20 eller
229 990 162 21 Kronolänsman.

373 1042 11 26 $
399 1043 32 19 39.

83 1081 40 19 Har
144 1080 89 26 frigifven
255 1080 118 20 försvarslös
387 1086 72 20 person
474 1080 32 20 vid
521 1080 119 20 ankomsten
653 1080 27 20 till
695 1080 30 20 sin
740 1080 35 20 be-

32 1107 145 20 stämmelseort
190 1107 44 21 icke
247 1107 72 21 bostad
333 1107 47 20 eller
394 1107 34 20 det
441 1107 122 25 nödvändiga
577 1107 29 19 för
619 1106 34 20 sitt
662 1107 111 25 uppehälle,

32 1134 34 19 bör
79 1134 155 26 tillsyningsman
249 1134 54 26 söka,
319 1132 65 22 sävidt
397 1134 74 26 möjligt
485 1137 29 21 är,
530 1132 73 21 bereda
618 1132 73 21 honom
702 1133 73 20 tillfälle

32 1163 26 17 att
72 1163 53 17 emot
138 1160 69 21 arbete
221 1161 74 20 erhälla
309 1161 83 20 husrum
408 1162 37 19 och
459 1161 111 26 uppehälle,
582 1159 119 21 ätminstone
710 1159 64 21 under

32 1187 24 20 de
69 1187 61 20 första
144 1186 72 25 fjorton
230 1187 92 26 dagarne.
530 1200 2 2 :

83 1213 75 20 Medför
180 1213 69 21 sådant
271 1213 90 25 kostnad,
386 1213 63 26 gänge
471 1213 38 20 den
533 1215 21 17 ut
579 1211 43 21 från
643 1213 132 19 kommunens

31 1240 129 25 fattigmedel;
185 1241 38 19 och
249 1246 48 14 vare
319 1241 33 19 Jet
377 1240 129 26 fattigvården
532 1240 92 24 obetaget
648 1241 38 23 att,
711 1239 6 19 i
743 1239 31 19 fall

31 1267 20 19 af
62 1267 38 25 fog,
117 1266 49 20 söka
184 1267 107 25 ersättning
307 1267 66 19 derför
386 1267 6 19 i
405 1267 38 19 den
460 1266 89 25 ordning,
571 1271 43 14 som
635 1266 80 18 anvisas
736 1265 5 19 i
769 1291 4 3 $

31 1294 24 18 25
69 1293 22 19 af
106 1292 108 27 Kejserliga
233 1293 136 25 förordningen
390 1292 100 26 angående
509 1292 97 20 allmänna
623 1290 152 27 fattigvården
763 1286 17 37 i

31 1319 86 21 Finland,
133 1320 65 24 gifven
211 1319 38 20 den
264 1320 26 18 22
304 1320 52 18 Mars
371 1320 58 19 1852.

374 1368 10 25 $
397 1369 34 19 40.

85 1400 126 21 Försvarslös
231 1406 78 21 person,
326 1406 43 15 som
383 1401 22 19 är
419 1400 26 20 till
460 1400 69 21 arbete
542 1400 120 26 oförmögen,
677 1398 30 20 fär
721 1398 51 25 icke,

32 1428 47 20 med
92 1428 45 20 stöd
151 1428 21 20 af
184 1428 63 20 denna
261 1428 119 26 förordning,
395 1427 27 21 till
436 1428 79 20 allmänt
528 1427 68 21 arbete
610 1426 96 20 dömmas.
