1011 1709
204 140 46 33 1322
410 144 71 22 Nådiga
493 144 140 23 Propositionen
645 143 35 17 N:o
692 143 28 17 39.

197 193 86 26 positiva
298 195 39 18 rätt
351 193 126 25 ovilkorligen
492 194 37 19 och
543 192 125 20 uteslutande
682 192 58 25 göras
754 191 99 21 beroende
865 192 21 19 af
893 191 49 26 möj-

196 220 86 25 ligheten
296 222 29 17 att
337 225 73 21 genom
424 220 93 24 stängsel,
534 220 85 24 vallning
633 219 47 19 eller
692 221 60 17 annat
762 219 49 25 hägn
821 218 69 20 städse
899 217 44 21 vår-

197 246 24 20 da
239 245 85 26 husdjur
341 246 20 20 af
376 246 36 20 alla
431 246 51 25 slag,
502 245 21 21 så
541 245 64 20 måste
622 245 33 19 det
671 244 110 26 medgifvas
800 246 28 18 att
848 244 94 26 åtgärden

199 273 79 20 komme
292 275 29 17 att
334 273 64 19 mötas
407 273 21 19 af
440 275 28 17 ett
480 272 141 26 oöfverstigligt
630 271 77 20 hinder.
736 272 100 20 Utskottet
845 271 36 19 har
890 271 52 20 dock

198 300 4 18 i
218 300 135 26 nyssberörde
366 299 71 20 hinder
451 299 64 20 funnit
529 298 68 20 endast
613 304 24 14 en
651 298 101 26 anledning
766 301 28 17 att
808 299 91 18 närmare
907 304 36 14 un-

198 326 85 20 dersöka
297 327 39 18 och
349 326 77 26 pröfva,
441 331 34 14 om
488 326 45 19 icke
547 331 23 13 en
584 324 114 26 grundsats,
715 326 60 18 hvars
788 324 102 26 giltighet
884 320 12 36 i
904 325 38 19 och

199 352 29 20 för
242 353 29 26 sig
285 352 48 20 eller
347 358 24 14 ur
386 352 100 26 principiel
501 351 101 27 synpunkt
619 352 23 18 är
658 351 101 20 obestridd
777 352 38 18 och
829 350 114 27 obestridlig

199 380 38 19 och
252 380 62 19 hvars
327 378 101 27 egenskap
442 382 27 17 att
484 384 68 14 ensam
562 378 63 20 kunna
635 378 86 26 uppfylla
730 377 157 26 jordbrukarens
896 379 47 19 rätt-

200 406 71 26 mätiga
284 406 62 20 behof
358 406 21 20 af
392 406 80 25 egofred
486 406 42 19 icke
543 405 62 20 heller
618 404 38 20 kan
671 404 99 25 förnekas,
786 404 44 20 icke
843 404 32 20 må
893 404 50 20 kun-

199 439 30 19 na,
245 433 46 20 med
306 432 128 26 förbigående
448 433 21 19 af
481 432 108 20 ännämnda
603 431 78 25 hinder,
700 432 73 19 införas
790 431 5 19 i
812 431 75 20 landets
903 432 40 25 lag-

198 460 96 25 stiftning,
314 465 33 14 om
363 458 62 21 också
442 460 69 19 endast
529 460 5 18 i
551 464 26 14 en
594 458 133 20 förmedlande
745 458 51 20 form
814 458 38 19 och
865 458 78 20 således

200 486 43 21 icke
258 486 5 20 i
278 486 23 20 all
316 486 30 20 sin
359 487 110 24 stränghet.
499 485 71 27 Några,
586 485 25 19 till
626 490 25 15 en
664 485 30 20 del
709 485 61 19 redan
784 484 6 20 i
799 484 33 20 det
842 484 100 27 föregåen-

200 513 25 20 de
239 513 86 26 antydda
339 513 167 25 omständigheter
520 518 63 20 synas
600 512 101 20 Utskottet
717 512 38 20 tala
773 512 29 19 för
818 511 125 27 möjligheten

199 540 23 20 af
233 546 24 13 en
274 539 62 20 sådan
352 538 76 26 åtgärd.
458 539 101 21 Utskottet
575 537 72 21 tillåter
664 538 28 26 sig
710 538 78 20 derföre
804 540 29 18 att
849 540 36 18 här
901 538 43 20 full-

202 566 86 25 ständigt
305 566 146 20 sammanställa
468 566 52 20 dem.
551 565 55 19 Hvar
623 566 39 19 och
678 571 34 19 en,
732 570 44 14 som
794 564 74 21 brukar
880 564 45 26 jord
939 565 5 19 i

202 592 44 20 vårt
260 592 51 25 land,
327 592 62 20 håller
402 592 45 20 icke
462 593 48 19 blott
523 592 64 20 dertill
602 592 68 26 nödiga
684 592 82 26 dragare
780 594 47 17 utan
838 592 58 19 äfven
910 592 35 19 bo-

201 620 50 24 skap
266 620 38 18 och
318 618 59 21 andra
392 618 92 26 hemdjur
498 619 20 19 af
529 618 26 20 de
568 618 66 25 flesta,
650 624 33 14 om
696 618 45 20 icke
754 618 38 20 alla
806 618 49 25 slag.
871 617 72 21 Såsom

200 645 133 25 jordbrukare
347 647 21 19 är
383 646 38 19 han
436 651 24 13 nu
476 645 133 20 underkastad
623 645 131 19 förbindelsen
768 647 34 21 att,
817 650 34 14 om
862 645 39 19 han
910 644 32 20 vill

201 672 87 20 undvika
305 678 72 14 annars
394 672 117 20 inträffande
527 671 81 25 skador,
627 670 44 20 från
684 671 42 19 sina
740 676 48 20 egor
803 670 71 21 afhålla
888 676 57 21 gran-

201 704 71 14 narnes
287 698 51 26 djur,
354 698 67 20 såsom
436 698 105 26 djuregare
555 699 22 19 är
591 698 38 20 han
643 697 43 21 åter
700 698 74 20 befriad
789 698 41 20 från
844 698 23 20 all
882 703 62 14 annan

202 725 49 20 vård
266 731 33 14 om
313 725 42 20 sina
369 725 45 25 djur
428 726 24 18 än
462 725 44 25 den,
522 730 44 14 som
576 724 96 20 behöfves
680 724 30 20 för
720 727 28 17 att
757 724 122 20 förekomma
888 724 57 20 åver-

201 752 39 20 kan
254 752 21 20 af
287 752 47 20 dem
347 751 24 27 på
386 753 50 19 hans
451 757 49 19 egen
514 752 57 20 mark
588 752 39 18 och
643 752 30 18 för
688 753 28 17 att
736 751 77 27 skydda
830 751 46 20 dem
892 754 54 16 emot

202 778 180 26 olyckshändelser.
412 778 105 20 Befrielsen
527 778 43 20 från
579 778 134 20 förstnämnda
722 777 102 27 åliggande
834 778 112 25 upphäfver

203 805 115 25 visserligen
332 805 169 25 nödvändigheten
515 805 29 20 för
558 806 73 19 honom
644 808 28 16 att
685 805 47 25 göra
746 806 43 18 sina
804 810 46 20 egor
864 804 5 19 i
883 804 63 26 möjli-

202 835 57 22 gaste
275 831 62 20 måtto
354 832 126 25 otillgängliga
498 832 29 19 för
543 831 123 20 fremmande
682 830 54 26 djur;
755 837 47 14 men
819 832 4 18 i
838 831 65 20 stället
917 831 28 18 in-

202 858 67 20 träder
283 864 25 14 en
321 864 63 14 annan
398 858 40 20 lika
452 858 109 20 befallande
574 858 38 20 och
626 858 27 20 till
670 863 76 14 samma
763 858 84 20 resultat
863 857 84 20 ledande

202 884 152 27 nödvändighet,
369 884 95 26 nemligen
478 885 37 19 den
529 887 28 17 att
572 884 67 20 hindra
653 884 49 20 hans
716 890 50 20 egna
780 884 44 26 djur
834 887 28 17 att
871 884 74 20 inträn-

202 916 24 21 ga
240 910 24 26 på
279 917 120 20 grannarnes
414 917 53 19 egor.
496 912 44 20 Och
554 911 6 20 i
574 911 53 20 detta
641 911 93 20 afseende
751 912 36 19 har
802 912 38 19 han
853 911 45 19 icke
911 910 34 20 nå-

202 940 34 23 got
252 938 140 25 tillförlitligare
409 938 65 19 medel
492 940 27 18 att
536 937 50 26 tillgå
603 939 25 18 än
645 938 75 25 dugliga
741 938 106 25 hägnader.
879 936 67 26 Någon

203 964 138 26 hufvudsaklig
355 964 123 26 omställning
492 965 21 19 af
525 963 70 26 sjelfva
608 964 183 26 hägnadsbesväret
800 964 48 20 skall
859 964 38 20 den
907 969 38 21 nya

202 991 144 25 grundsatsens
360 991 124 25 upptagande
498 991 6 19 i
517 991 151 25 lagstiftningen,
684 990 24 26 på
724 992 38 18 sätt
778 991 99 20 Utskottet
886 990 60 20 redan

203 1018 42 19 haft
262 1018 72 19 tillfälle
351 1020 28 17 att
395 1018 104 25 anmärka,
518 1017 22 20 så
558 1017 82 26 mycket
656 1018 78 19 mindre
751 1018 93 24 medföra,
861 1022 44 14 som
919 1018 28 18 in-

202 1044 79 25 genting
296 1044 48 20 skall
359 1044 70 20 hindra
441 1042 118 28 jordegaren
572 1046 37 22 att,
629 1044 32 19 vid
677 1044 129 26 fullgörandet
822 1044 21 20 af
859 1043 30 19 sin
905 1049 42 14 om-

203 1070 94 20 förmälda
312 1070 111 26 skyldighet
437 1070 66 20 såsom
517 1070 111 26 djuregare,
644 1070 58 21 tillika
717 1072 4 18 i
736 1070 60 20 första
810 1072 88 18 rummet
910 1070 35 20 till-

203 1097 76 26 godose
294 1096 34 20 sitt
341 1097 85 20 intresse
439 1097 68 20 såsom
518 1096 139 26 jordbrukare,
672 1098 48 19 eller
733 1097 47 20 med
794 1097 60 20 andra
864 1097 42 24 ord,
918 1099 29 17 att

204 1124 32 19 vid
254 1123 137 26 hägnadernas
409 1124 98 26 placering
523 1124 43 20 afse
583 1122 17 26 ej
619 1124 75 20 mindre
711 1124 25 20 de
756 1124 88 19 derinom
865 1124 82 25 belägna

203 1156 84 23 egornas
305 1150 93 20 fredande
415 1152 53 18 emot
485 1150 86 20 åverkan
588 1150 20 20 af
623 1149 54 21 såväl
695 1150 124 20 fremmande
836 1156 44 14 som
897 1155 49 20 egna

204 1176 44 25 djur
263 1178 25 18 än
302 1176 59 20 dessa
375 1176 132 20 sistnämnuas
521 1176 110 20 afhällande
645 1176 10 21 ä
669 1177 25 19 Je
703 1178 57 24 tider,
772 1176 24 20 dä
806 1177 25 19 Je
840 1176 44 21 beta
894 1177 53 19 inom

204 1203 126 26 hägnaderne,
357 1202 43 20 från
418 1204 135 26 tiligränsande
571 1209 53 20 egor.
656 1203 36 21 Vid
713 1206 27 17 att
757 1203 25 26 pä
802 1209 76 14 samma
898 1202 50 27 gång

204 1228 96 26 befrämja
316 1229 51 21 båda
381 1230 60 20 dessa
456 1230 97 25 ändamål,
569 1230 48 20 skall
632 1230 69 25 hvarje
708 1230 132 26 jordbrukare
849 1230 58 20 hafva
919 1230 30 20 sin

204 1261 64 14 sanna
285 1256 72 22 fördel;
375 1257 39 18 och
431 1257 64 19 ehuru
512 1258 20 17 af
547 1256 63 20 denna
624 1256 146 25 omständighet
784 1261 69 15 ensam
867 1257 29 18 för
910 1256 37 25 sig,

204 1282 39 19 kan
257 1282 63 19 slutas
334 1284 27 16 att
375 1282 62 24 någon
451 1282 186 25 anmärkningsvärd
651 1282 109 26 förändring
774 1282 48 20 eller
836 1282 113 25 minskning

204 1308 5 20 i
225 1308 189 26 hägnadsbesväret,
430 1307 69 21 sådant
513 1308 32 20 det
560 1314 27 14 nu
600 1314 47 20 eger
662 1314 51 20 rum,
730 1309 44 20 icke
788 1308 64 22 skulle
865 1308 84 20 föranle-

205 1334 36 21 das
256 1335 21 20 af
289 1334 149 26 ifrågavarande
453 1335 198 27 lagstiftningsåtgärd
665 1336 47 20 eller
727 1342 35 14 ens
778 1335 47 21 böra
843 1335 104 27 påräknas,

204 1361 22 21 så
242 1362 82 20 komme
337 1362 63 20 denna
415 1361 68 27 åtgärd
497 1362 76 20 ändock
587 1365 28 18 att
625 1362 72 21 bereda
705 1362 144 26 jordbrukaren
859 1369 23 14 en
889 1364 58 18 ovär-

204 1388 63 27 derlig
282 1388 68 22 fördel,
366 1394 43 15 som
424 1390 39 19 han
477 1395 26 14 nu
517 1390 80 26 saknar,
616 1396 40 14 —en
671 1390 81 27 tryggad
768 1390 181 26 egofred.
878 1384 10 37 —
899 1390 50 26 Hvad

206 1416 40 20 han
263 1422 26 14 nu
308 1416 36 25 gör
359 1416 6 20 i
379 1416 53 20 detta
450 1417 58 26 syfte,
524 1417 103 20 betraktas
640 1416 21 21 af
672 1417 50 19 hans
736 1422 82 21 granne,
835 1417 52 20 alltid
903 1417 45 20 med

205 1442 103 27 likgiltiga,
324 1444 92 19 stundom
431 1443 45 20 med
490 1443 82 27 illvilliga
587 1445 56 25 ögon;
660 1444 51 20 hvad
726 1444 37 20 han
777 1444 42 20 deri
829 1445 120 19 försummar
