986 1711
212 159 44 20 1418
426 159 70 22 Nädiga
507 159 141 23 Propositionen
660 159 37 17 N:o
708 159 28 17 42.

212 208 78 20 således
305 209 89 19 omfattat
410 209 38 19 den
466 208 49 26 åsigt
530 210 33 29 att
572 209 23 19 all
608 207 45 26 jord
670 207 11 20 å
698 207 73 25 landet,
789 208 21 19 af
825 208 53 20 hvad
895 211 57 17 natur

212 236 38 18 och
267 235 136 20 beskaffenhet
419 235 37 20 den
473 240 47 15 vara
533 233 41 26 må,
592 235 36 19 bör
644 235 75 25 deltaga
733 234 6 19 i
756 224 196 36 häliskjutsningsbe-

211 264 74 23 sväret,
301 261 58 20 hafva
376 261 59 27 nägra
453 262 98 24 undantag
570 250 86 31 Jerifrän
672 250 59 31 likväl
749 261 62 20 blifvit
827 261 40 20 tills
884 261 68 20 vidare

211 277 112 31 förordade.
352 277 84 31 Sålunda
453 294 60 20 synes
530 289 35 19 det
581 292 47 14 vara
646 287 68 20 endast
732 293 23 13 en
772 288 48 25 gärd
836 288 22 19 af
870 288 82 19 rättvisa

211 315 37 19 och
262 314 93 26 billighet,
371 317 28 27 att
412 314 25 20 de
452 315 98 22 hemman,
566 314 66 20 hvilka
648 314 34 20 det
698 316 22 18 är
736 313 64 28 ålagdt
816 316 28 17 att
861 314 91 20 befordra

210 344 71 26 posten
299 330 56 31 öfver
371 340 102 27 sjöpassen
491 342 25 20 till
535 337 60 25 Åland
612 342 38 18 och
667 341 56 19 öfver
739 329 72 32 Ålands
829 342 41 23 haf,
891 340 61 21 skulle

210 367 72 27 åtnjuta
298 368 91 20 befrielse
402 368 43 20 från
459 367 264 27 hållskjutsningsbesväret,
734 368 22 19 så
767 368 54 26 länge
831 357 58 30 deras
899 369 53 18 näst-

210 394 83 20 berörda:
309 395 122 31 synnerligen
444 395 109 25 tryckande
567 396 51 18 samt
635 395 54 19 helsa
707 395 38 19 och
763 394 23 20 lif
800 395 39 19 ofta
857 394 96 20 blottstäl-

209 421 58 20 lande
283 421 100 31 äliggande
396 423 51 17 ännu
462 422 74 19 fortfar.
555 432 13 4 —
578 420 70 20 Likaså
663 420 37 20 kan
714 420 155 26 kungsgärdars,
881 420 72 26 kungs-

210 446 134 27 ladugårdars,
360 447 24 26 på
398 448 60 24 civil-,
474 448 76 20 militie-
564 448 48 19 eller
626 447 192 20 ecklesiastikstaten
832 447 72 20 indelta
918 436 36 31 bo-

211 462 82 32 ställens
308 476 52 18 samt
373 460 205 45 prebendehemmans
592 474 114 25 deltagande
721 473 5 19 i
744 473 210 27 skjutsningsskyldig-

211 501 59 19 heten
284 501 44 19 icke
338 501 119 25 rättvisligen
466 500 83 26 inträda,
560 501 58 19 innan
627 500 26 20 de
663 500 114 20 nuvarande
788 501 166 19 arrendatorerne

210 527 38 20 och
264 527 152 20 innebafvarene
433 527 69 26 afgått,
521 527 83 20 emedan
621 529 27 17 ett
664 529 81 17 motsatt
762 527 109 19 förfarande
889 527 64 19 skulle

211 554 43 19 leda
269 554 26 19 till
311 560 24 13 en
350 554 95 25 obehörig
460 540 109 44 minskning
583 554 5 19 i
603 554 25 19 de
642 553 104 24 förmåner,
763 559 44 14 som
821 554 32 19 vid
864 554 89 25 lägenhe-

190 601 4 3 .
211 584 67 16 ternas
292 581 121 19 tillträdande
428 569 136 32 tillförsäkrats
578 580 53 20 dem.
646 591 26 3 —
686 580 25 19 Af
724 570 99 30 enahanda
839 568 59 31 orsak
915 582 39 17 tor-

211 607 25 20 de
250 607 89 26 slutligen
354 607 38 20 den
405 607 98 24 befrielse,
519 613 44 14 som
576 607 132 20 lotshemman
722 609 52 17 samt
788 606 99 25 hemman,
904 606 49 20 hvil-

210 634 25 19 ka
249 633 62 21 bebos
326 634 20 19 af
358 634 130 19 nämndemän
501 639 27 14 nu
542 633 81 26 åtnjuta,
640 633 46 20 böra
702 633 80 20 komma
796 633 45 20 dem
857 633 25 19 till
893 633 59 26 godo,

211 661 24 19 de
250 660 61 24 förra,
330 659 22 21 så
370 661 56 25 länge
443 660 25 20 de
484 661 34 18 äro
536 661 5 19 i
559 660 57 20 deras
631 659 83 26 händer,
731 660 66 20 hvilka
812 659 31 20 vid
858 659 39 20 den
911 659 42 20 blif-

211 688 64 19 vande
289 687 147 25 författningens
450 687 6 19 i
470 688 66 18 ämnet
549 686 114 20 utfärdande
678 687 102 19 innehafva
794 686 55 25 dem,
869 691 46 15 men
929 686 24 20 de

211 713 91 24 sednare,
318 713 22 20 så
354 714 57 25 länge
425 713 59 20 deras
498 713 113 20 dåvarande
624 712 128 20 innehafvare
764 713 87 20 bestrida
861 713 92 20 nämnde-

212 740 210 25 mannabefattningen.

261 767 57 20 Hvad
332 767 37 19 den
383 766 69 26 nådiga
469 767 147 24 propositionen
634 765 106 21 innehåller
756 766 75 24 derom,
851 768 28 17 att
896 765 57 20 fabri-

211 793 42 24 ker,
269 793 58 24 bruk,
343 792 62 27 sågar,
422 798 84 20 qvarnar
522 794 38 18 och
577 793 59 19 andra
654 793 114 19 industriela
785 782 126 36 inrättningar
925 793 27 18 af-

209 825 85 14 vensom
313 807 162 44 ländthandlande
495 819 61 21 borde
573 819 75 25 deltaga
665 819 5 19 i
688 803 251 51 hållskjutsningsbesväret
948 835 3 8 ,

211 845 189 20 öfverensstämmer
414 845 21 20 så
450 846 80 26 mycket
544 851 54 14 mera
614 846 45 19 med
674 845 118 20 ständernes
804 845 50 25 åsigt
864 846 5 18 i
879 847 73 23 ämnet,

210 878 43 13 som
270 872 84 20 nämnde
368 872 126 26 inrättningar
507 874 38 18 och
562 872 114 20 trafikanter
694 872 46 19 med
757 872 43 19 skäl
818 872 65 19 kunna
900 861 54 30 anta”

210 904 34 20 gas
265 899 59 19 hafva
342 900 5 18 i
364 898 62 26 någon
444 898 45 20 mån
505 899 85 24 bidragit
607 899 71 24 dertill,
698 901 28 17 att
746 898 127 20 omförmälda
895 901 58 23 tunga

211 930 82 15 numera
308 926 64 19 blifvit
386 925 21 20 så
422 925 113 27 tryckande,
552 931 44 14 som
610 925 33 20 det
657 925 5 19 i
674 914 107 31 allmänhet
792 925 131 19 öfverklagas.

263 952 123 20 Beträffande
400 946 48 26 åter
459 938 92 44 förslaget
564 958 33 13 om
616 950 186 26 hällskjutsningens
819 951 135 31 öfverlåtande

212 978 26 20 till
253 980 156 30 entreprenörer,
426 978 21 20 så
463 979 48 25 hysa
518 968 112 30 "ständerne
638 978 118 24 visserligen
765 978 45 20 icke
818 977 59 26 nägra
887 980 67 22 egent-

209 1004 36 26 liga
263 1005 68 20 tvifvel
348 1011 32 14 om
398 1004 104 27 åtgärdens
516 1004 194 26 ändamålsenlighet.
742 1005 93 19 Tvärtom
852 1008 29 16 tro
899 1006 53 18 stän-

211 1024 60 27 Jerne
289 1032 29 25 sig
335 1031 5 20 i
354 1032 38 20 den
409 1032 51 20 finna
477 1034 28 17 ett
519 1031 102 20 verksamt
638 1031 63 20 medel
718 1030 51 20 både
786 1034 28 17 att
830 1031 123 20 förekomma

209 1057 38 20 den
261 1046 179 32 Jemoraliserande
454 1058 100 25 inverkan,
570 1064 45 14 som
629 1058 33 19 Jet
675 1058 114 19 nuvarande
798 1059 59 18 sättet
867 1058 29 19 för
906 1057 47 21 häll-

211 1084 147 26 skjutsningens
375 1085 106 26 utgörande
498 1085 99 25 onekligen
616 1085 77 20 utöfvar
710 1084 10 19 ä
740 1090 24 14 en
784 1085 86 26 betydlig
887 1084 30 21 del
935 1085 18 19 af

210 1111 77 20 landets
308 1111 98 26 invånare,
429 1111 37 20 och
488 1114 28 17 att
534 1111 91 25 jemnare
645 1111 73 20 fördela
740 1114 70 23 tungan
831 1111 83 20 emellan
928 1111 24 20 de

211 1125 218 43 skjutsningsskyldige,
445 1139 4 19 i
464 1139 109 25 synnerhet
586 1143 33 15 om
628 1137 121 25 skjutslagen
760 1125 57 41 tillika
827 1137 124 26 utvidgades.

209 1164 44 20 Men
267 1164 107 20 ständerne
391 1170 48 14 anse
456 1165 38 19 ock
510 1164 37 20 den
568 1164 170 25 omständigheten
758 1163 18 26 ej
796 1164 47 20 böra
860 1151 90 37 förbises,

209 1194 29 16 att
252 1191 36 20 hos
303 1191 25 19 de
338 1190 214 32 skjutsningsskyldige
566 1190 70 27 sjelfve
650 1179 147 43 ölvertygelsen
810 1196 31 14 om
855 1191 38 19 den
907 1180 45 30 ifrä-

209 1218 110 30 gavarande
336 1217 105 26 åtgärdens
463 1218 98 20 företräde
578 1221 52 17 ännu
647 1218 54 20 torde
720 1223 46 14 vara
783 1217 53 25 långt
852 1216 49 21 ifrån
919 1218 32 20 all-

209 1246 51 17 män.
290 1245 23 18 E.
329 1233 46 30 M:ts
389 1245 60 18 Senat
458 1245 29 18 för
496 1245 79 19 Finland
589 1245 36 19 har
635 1245 94 23 nemligen
740 1244 22 19 är
772 1244 49 20 1857
833 1244 41 20 lätit
883 1245 68 19 Jerom

208 1270 127 25 tingslagsvis
349 1270 47 19 höra
410 1270 25 19 de
449 1269 212 27 skjutsningsskyldige
678 1270 4 18 i
693 1259 79 35 landet,
786 1270 38 19 och
835 1270 19 19 af
870 1270 25 20 de
909 1270 41 19 der-

209 1296 33 18 vid
262 1296 99 19 tilikomne
382 1297 105 24 protokoll,
508 1296 66 20 hvilka
590 1296 99 29 delgifvits
710 1282 113 43 ständerne,
846 1296 53 19 visar
919 1296 31 19 det

208 1322 36 25 sig,
260 1325 28 17 att
302 1322 25 20 de
346 1312 211 40 skjutsningsskyldige
575 1323 71 19 endast
662 1329 6 13 i
686 1322 24 20 56
728 1322 81 26 tingslag
820 1312 27 30 af
862 1322 25 20 de
905 1322 44 25 178,

209 1354 44 14 som
267 1348 24 21 då
306 1349 69 19 funnos
389 1356 6 12 i
414 1349 74 25 landet,
510 1350 92 20 förklarat
622 1349 31 25 sig
674 1350 89 25 benägne
784 1352 28 17 att
831 1339 118 34 öfverlemna

209 1371 186 35 hällskjutsningens
409 1366 106 36 utgörande
525 1376 26 20 till
561 1377 157 25 entreprenörer.
747 1376 43 20 Med
800 1376 92 20 afseende
901 1376 47 20 derä

209 1403 38 19 och
261 1402 24 21 då
300 1402 33 20 det
347 1402 86 26 skäligen
447 1403 44 19 icke
505 1404 37 19 kan
560 1406 80 22 antagas
657 1406 28 16 att
702 1403 161 20 vederbörandes
880 1402 50 27 åsigt
943 1404 6 19 i

210 1431 67 18 ämnet
291 1429 62 20 skulle
367 1429 63 20 under
444 1429 38 20 den
497 1429 56 21 korta
568 1429 36 26 tid,
620 1435 43 14 som
672 1429 62 20 sedan
744 1429 89 26 förflutit,
846 1429 103 26 undergått

210 1461 23 14 en
257 1456 117 20 allmännare
398 1456 118 26 förändring,
535 1457 46 25 kan,
600 1456 57 20 äfven
674 1457 58 25 enligt
748 1456 116 20 ständernes
881 1457 66 25 tanke,
