978 1703
250 138 71 22 Nädiga
332 139 140 22 Propositionen
486 139 35 18 N:o
533 139 28 18 47.
739 140 43 19 1549

38 187 71 19 nerhet
123 193 33 14 om
170 187 24 20 de
209 188 66 19 ställas
290 191 41 16 mot
345 188 38 20 den
396 188 69 25 fördel,
481 195 44 14 som
541 189 67 19 vinnes
620 187 121 28 derigenom,
753 193 28 16 att

37 219 45 14 man
97 213 80 20 sålunda
193 214 96 19 undviker
304 216 35 19 alla
354 215 25 19 Je
393 214 112 27 omgänger,
521 215 161 26 skriftvexlingar
696 216 38 19 och
744 217 37 19 tvi-

37 243 48 20 ster,
101 240 65 19 hvilka
181 241 33 18 äro
228 241 131 25 oundvikliga,
376 241 5 19 i
395 241 92 20 händelse
502 242 106 25 ersättning
618 242 28 19 för
655 243 60 19 dessa
725 243 55 19 kost-

38 266 61 19 nader
113 266 49 20 skall
177 266 94 20 affordras
286 267 148 20 vederbörande
448 267 113 26 fattigvård.

91 293 36 18 Det
148 293 5 18 i
174 293 11 25 $
205 293 25 18 21
249 293 106 20 omordade
369 294 174 24 förhorsprotokoll
561 294 55 19 torde
634 294 43 19 icke
696 294 83 20 behöfva

37 321 85 22 upptaga
142 319 93 19 särskildt
257 320 141 25 anteckningen
419 325 33 14 om
469 320 36 19 den
520 321 141 18 försvarslöses
675 321 102 24 utseende,

37 344 83 20 emedan
142 350 23 14 en
180 344 60 20 sådan
255 346 116 25 anteckning
384 346 5 18 i
405 345 71 26 hvarje
489 346 31 20 fall
536 346 37 20 blir
586 346 20 19 af
618 346 44 25 föga
677 352 50 20 gagn
742 348 37 18 och

37 373 72 23 ytterst
124 370 48 21 svår
186 374 27 16 att
227 375 96 22 noggrant
336 372 89 26 fullgöra.

88 397 108 21 Innehållet
209 398 20 19 af
242 398 9 26 $
266 399 32 24 25,
315 404 43 14 som
373 399 122 19 bestämmer
505 399 119 20 arbetstiden
635 400 29 18 för
674 400 27 18 till
711 400 68 18 arbete

35 424 59 20 dömd
115 426 118 19 försvarslös
251 431 79 19 person,
346 431 48 15 anse
409 426 106 19 ständerne
530 426 46 19 böra
590 431 70 21 genom
675 426 104 19 förändrad

36 450 75 28 lydelse
126 458 54 13 mera
195 451 114 26 följdriktigt
325 452 109 26 uttryckas.

89 478 65 20 Äfven
175 478 4 20 i
201 478 10 26 $
232 479 25 19 26
277 484 60 21 synes
355 484 22 15 en
393 479 81 25 ändring
488 479 4 19 i
508 479 136 26 ordalydelsen
660 484 47 14 vara
721 479 58 25 nödig

35 504 5 19 i
55 504 22 20 så
91 504 62 20 målto
168 508 28 16 att
209 505 33 19 det
255 505 5 19 i
275 505 66 25 början
356 506 20 19 af
388 505 9 25 $
412 506 161 19 förekommande
586 506 106 25 oegentliga
703 508 76 23 uttryc-

35 532 44 19 ket:
103 538 56 13 «som
174 532 36 19 hos
225 532 103 19 Guvernör
343 532 107 25 anmäles»,
467 533 63 19 skulle
545 533 79 25 utbytas
638 535 54 17 emot
706 532 70 20 orden:

35 564 50 14 som
101 559 34 19 till
151 559 137 20 Guvernörs
302 559 143 26 behandling
460 559 166 19 öfverlemnas.

88 586 32 19 Till
137 585 45 25 följd
196 586 21 18 af
229 585 24 20 de
268 585 138 26 förändringar,
423 591 42 14 som
480 585 110 25 föreslagits
605 585 4 19 i
624 585 11 25 $
650 585 31 24 18,
696 584 18 20 få
725 586 54 18 stän-

34 611 62 20 derne
116 611 141 25 underdånigst
276 612 84 24 förorda,
379 615 28 16 att
421 612 10 25 $
446 613 24 18 34
485 611 61 20 måtte
561 613 28 18 hel
606 613 37 18 och
658 611 64 20 hållen
737 613 42 18 ute-

35 639 62 19 slutas
112 645 23 13 ur
148 639 39 19 den
202 639 97 19 blifvande
314 639 133 25 förordningen
463 639 4 18 i
482 641 74 22 ämnet,
574 639 31 19 vid
622 638 73 19 hvilket
708 637 71 20 förhål-

34 665 57 19 lande
105 667 84 17 sednare
203 671 60 13 mom.
279 666 22 18 af
313 665 10 25 $
337 666 24 18 40
376 665 61 19 likväl
452 665 62 20 borde
528 664 71 20 erhålla
614 667 29 17 ett
651 664 126 26 förtydligan-

35 691 25 20 de
74 692 70 25 tillägg.

87 718 121 20 Beträffande
222 718 10 25 $
246 718 33 24 45,
295 718 78 20 hvilken
387 718 80 26 stadgar
480 723 73 14 ansvar
567 718 29 19 för
610 717 45 25 den,
670 722 50 19 som,
732 719 46 17 utan

34 747 26 17 att
81 745 69 19 derom
170 745 106 25 behörigen
293 745 84 24 anmäla,
392 746 62 24 hyser
468 745 118 19 törsvarslös
600 750 72 20 person
686 743 43 20 från
745 749 33 14 an-

35 777 36 14 nan
93 772 102 24 kommun,
217 773 22 18 är
259 772 95 24 anmärkt,
377 774 27 17 att
424 772 46 19 slikt
484 776 71 15 ansvar
570 770 16 26 ej
601 770 62 21 borde
678 770 80 19 komma
772 770 6 18 i

35 798 53 26 fråga
102 798 5 19 i
117 800 59 18 annat
189 799 30 19 fall
235 800 23 18 än
268 798 24 20 då
302 798 97 26 hysandet
409 798 53 19 skett
471 797 122 26 uppsåtligen
604 798 38 19 och
651 798 30 18 för
691 799 27 17 att
728 796 50 25 dölja

35 826 118 20 försvarslös
174 831 72 19 person
267 824 42 20 från
329 830 63 14 annan
412 825 104 23 kommun;
540 825 37 18 och
591 824 19 19 få
624 824 113 23 ständerne,
753 822 24 26 på

35 852 63 24 grund
118 852 66 24 häraf,
206 851 143 26 underdånigst
369 850 72 21 föreslå
463 857 23 14 en
508 850 104 20 förändrad
630 850 101 20 redaktion
749 850 30 18 för

35 879 64 19 denna
114 878 16 25 $.

89 906 7 19 I
111 906 142 24 sammanhang
269 904 79 20 härmed
364 904 58 20 tillåta
437 904 30 26 sig
481 904 104 19 ständerne
595 902 140 26 underdönigst
745 908 33 13 an-

35 931 51 20 hälla
101 934 34 22 att,
152 932 26 19 till
193 930 159 25 undanrödjande
366 931 19 19 af
398 937 23 13 en
436 937 70 13 annars
518 929 89 27 möjligen
618 929 159 26 uppkommande

35 958 108 20 osäkerhet
157 959 5 18 i
176 958 153 25 tillämpningen,
345 958 32 19 allt
387 958 52 19 hvad
449 963 24 13 nu
483 958 88 24 gällande
582 956 134 24 författningar
727 955 51 19 stad-

35 990 24 21 ga
74 990 32 14 om
121 985 118 19 försvarslös
253 990 84 20 persons
351 984 89 26 hysande
455 984 36 19 och
507 989 72 13 ansvar
590 983 65 19 derför
665 982 69 29 skulle,
746 981 33 19 vid

34 1012 34 19 det
83 1011 148 26 ifrägavarande
244 1012 95 19 allmänna
354 1010 112 25 förordning
481 1010 95 24 utfärdas,
590 1008 130 26 uttryckligen
731 1013 48 20 upp-

36 1039 76 18 häfvas.

89 1065 73 19 Derest
174 1064 23 20 E.
213 1065 24 19 K.
253 1064 36 19 M:t
302 1064 69 19 täckes
385 1063 5 19 i
405 1062 62 21 nåder
481 1063 65 19 bifalla
560 1063 27 18 till
602 1061 24 20 de
640 1061 21 19 af
673 1060 106 20 ständerne

36 1091 6 18 i
63 1091 123 20 förestående
206 1091 61 19 måtto
281 1089 140 26 underdänigst
435 1089 107 25 föreslagna
560 1087 139 26 förändringar,
715 1086 62 20 skulle

35 1117 141 26 frägavarande
191 1118 111 24 författning
317 1115 73 21 erhålla.
408 1115 85 26 följande
508 1115 86 26 lydelse:

367 1183 12 23 1
394 1184 53 25 Kap.

309 1237 31 19 Om
355 1236 151 20 försvarslöshet.

385 1286 10 24 $
411 1287 17 19 1.

90 1325 72 21 Såsom
175 1324 118 20 försvarslös
307 1330 59 13 anses
379 1322 44 26 den,
435 1328 43 14 som
488 1322 88 20 hvarken
586 1324 21 16 är
616 1322 5 18 i
631 1322 70 18 allmän
711 1320 66 24 tjenst,

37 1353 48 18 eller
98 1352 55 18 idkar
165 1351 34 18 fria
209 1351 88 22 konster,
309 1350 81 23 studier,
402 1348 77 24 handel,
491 1348 156 23 fabriksrörelse,
658 1341 118 39 handtverk,

39 1377 74 26 sjöfart,
128 1377 103 25 jordbruk,
250 1375 109 26 bergsbruk
377 1374 47 20 eller
438 1377 64 27 annat
509 1373 63 26 dylikt
585 1373 132 28 näringsfäng,
733 1371 46 28 eller

38 1405 21 20 af
72 1409 48 20 egna
133 1402 102 27 tillgångar
249 1402 48 20 eller
309 1407 72 20 genom
394 1400 72 21 andras
480 1399 88 20 vårdnad
582 1404 45 20 eger
638 1404 33 25 sin
686 1398 93 29 bergning

38 1432 48 20 eller
101 1431 81 20 innehar
195 1429 60 21 sådan
269 1427 60 27 tjenst
342 1433 44 15 som
399 1427 88 26 gällande
501 1426 112 26 legostadga
626 1425 28 20 för
665 1423 113 22 husbönder
