995 1706
209 150 44 19 1382
420 150 71 22 Nådiga
503 151 140 22 Propositionen
655 151 37 16 N:o
704 151 28 17 41.

210 200 25 20 de
249 200 60 25 öfriga
324 200 121 26 delägarena,
461 205 44 14 men
519 202 28 17 att
557 200 88 20 deremot
654 199 25 25 på
689 199 204 20 öfverenskommelse
905 199 47 19 mel-

210 226 30 20 lan
258 226 90 25 samtlige
364 227 115 25 delägarena
496 226 32 20 må
546 227 47 19 bero
611 226 97 20 huruvida
728 225 63 26 någon
808 225 20 19 af
843 225 45 19 dem
906 224 46 20 med

209 252 137 21 bibehållande
360 254 20 19 af
392 258 49 20 egen
455 252 76 20 fiskrätt
547 253 32 20 må
593 253 65 19 kunna
672 252 60 20 tillåta
750 258 60 14 annan
828 254 28 17 att
873 251 5 19 i
893 251 60 19 oskif-

211 279 41 20 tadt
267 282 66 17 vatten
347 280 45 20 idka
406 279 58 25 fiske,
481 281 37 19 och
532 279 69 21 föreslå
617 279 24 26 på
657 278 61 21 sådan
732 279 64 26 grund
805 278 148 20 vördsammast

211 304 85 26 följande
310 306 76 26 lydelse
400 308 22 18 af
432 307 38 19 den
484 306 74 26 Nådiga
572 306 157 26 propositionens
743 306 71 25 sjunde
828 304 69 27 punkt:

313 334 99 19 Dessutom
427 334 46 20 böra
489 334 88 25 delägare
587 334 7 18 i
597 334 124 25 fiskevatten,
735 340 40 12 som
785 336 24 16 är
818 332 97 25 oskiftadt,
926 332 29 25 sig

312 362 78 20 emellan
406 362 72 26 aftala:
493 363 48 19 huru
556 362 31 20 det
601 362 50 20 skall
664 362 77 26 nyttjas,
761 361 23 20 sä
799 364 29 17 att
836 360 75 26 fiskens
925 362 27 17 ut-

313 390 72 20 ödande
394 391 117 25 förebygges
531 391 33 19 och
578 390 36 20 den
634 396 35 13 ena
688 390 101 25 delägaren
808 390 16 25 ej
842 394 66 21 genom
927 391 27 22 öt-

313 418 134 20 verskridande
463 420 24 25 af
499 420 29 19 sin
543 421 38 18 rätt
594 422 37 21 gör
645 418 36 20 den
697 418 61 19 andra
767 418 94 27 förfång;
877 424 30 13 om
921 417 35 20 och

312 447 61 19 under
385 447 61 20 hvilka
461 447 61 20 vilkor
535 447 90 26 notdrägt
639 446 32 25 får
686 450 38 22 äga
739 453 50 17 rum;
803 449 50 17 samt
861 445 93 20 huruvida

312 475 63 25 någon
389 475 98 26 delägare,
503 476 42 19 med
560 475 128 20 bibehållande
703 475 25 26 af
740 475 42 19 dess
802 481 46 19 egen
857 473 97 27 fiskerätt,

313 503 31 20 må
359 503 66 25 bevilja
443 503 82 20 tillstånd
544 504 26 19 till
578 503 91 26 fiskande
684 504 56 25 äfven
760 502 21 20 åt
797 509 97 20 personer,
914 508 42 13 som

314 531 22 20 bo
350 531 26 26 på
391 532 48 19 hans
455 535 54 22 ägor,
525 533 45 18 eller
583 531 21 20 åt
622 531 68 20 andra.
721 531 41 20 Der
780 531 62 20 sådan
861 531 93 25 öfverens-

312 559 101 20 kommelse
428 560 16 24 ej
459 560 54 23 skett,
529 566 55 13 anses
599 560 90 25 notdrägt
704 560 62 25 oloflig
781 560 33 20 och
828 559 91 25 rättighet
928 559 29 19 till

307 588 63 25 Kiskes
384 588 82 20 idkande
475 587 38 28 får
527 589 18 25 ej
558 588 27 25 af
595 587 64 26 någon
674 588 88 25 delägare
777 587 21 20 åt
812 594 63 13 annan
890 586 65 27 upplå-

314 619 30 16 tas
358 617 42 19 med
414 617 72 19 mindre
501 617 37 20 han
558 617 45 26 sjelf
610 615 50 27 från
680 617 33 18 allt
726 616 90 26 fiskande
836 615 41 20 deri
896 615 61 20 under

313 644 50 20 tiden
378 644 69 27 afstår.

264 671 101 21 Utskottet
378 672 90 21 förordar
481 675 28 18 att
523 672 79 21 åttonde
615 673 88 25 punkten
718 673 5 18 i
738 672 38 20 den
792 671 74 27 Nådiga
884 677 72 21 propo-

211 697 83 21 sitionen
309 699 117 20 oförändrad
441 702 86 18 antages.

266 725 43 20 Med
324 726 94 20 afseende
432 725 42 21 åter
489 732 10 13 å
515 726 70 20 nionde
599 725 87 26 punkten
701 731 59 14 anser
774 726 30 25 sig
814 725 98 20 utskottet
921 725 35 20 bö-

214 756 22 15 ra
250 751 77 20 förorda
341 752 33 20 det
388 753 65 26 tillägg
467 755 28 18 att
508 753 107 26 guvernör,
631 753 26 20 till
672 753 61 18 hvars
748 752 126 20 stadfästelse
891 751 66 27 ingån-

213 783 36 20 gen
263 779 89 25 förening
366 780 89 25 anmälts,
471 781 47 24 äger
532 781 28 18 att
573 779 90 25 antingen
677 779 95 20 stadfästa
785 779 114 20 densamma
910 779 47 20 eller

213 804 48 20 afslå
275 805 88 20 anhållan
377 806 76 25 derom,
469 811 45 14 men
530 805 17 26 ej
561 805 78 26 vidtaga
652 805 60 26 några
726 805 112 26 ändringar.
866 806 8 19 I
888 805 67 20 anled-

213 832 47 24 ning
277 831 57 20 deraf
348 832 83 20 föreslår
448 833 107 23 utskottet,
571 838 43 14 som
633 833 29 19 för
682 833 60 24 öfrigt
761 832 108 27 tillstyrker
891 832 64 20 denna

213 858 73 25 punkts
305 858 116 26 antagande,
443 859 102 20 vördsamt
565 858 85 27 följande
670 859 102 20 redaktion
792 858 19 21 af
830 859 60 19 första
911 863 43 15 mo-

214 887 84 18 mentet:

314 913 121 25 Föreningar
449 913 24 26 af
484 912 148 27 ifrågavarande
642 913 42 25 slag
694 913 53 20 skola
756 913 105 25 skriftligen
875 912 81 25 affattas

314 941 34 19 och
366 941 28 19 till
413 941 120 26 stadfästelse
553 940 86 20 anmälas
657 940 35 20 hos
711 941 62 19 länets
790 943 105 23 guvernör,
914 946 41 14 som

314 969 50 25 efter
378 969 31 20 det
423 969 128 26 inspektörens
560 969 37 25 för
605 969 115 25 fiskerierna
734 968 96 20 utlåtande
848 968 60 26 blifvit
926 970 29 18 in-

308 997 100 26 fordradt,
425 1001 46 23 äger
486 1000 28 17 att
532 997 75 20 sädäna
620 998 117 25 föreningar
756 996 128 27 oförändrade
903 996 51 20 stad-

308 1025 58 25 fästa
380 1026 46 20 eller
440 1026 33 19 ock
488 1025 88 21 anhållan
591 1025 64 20 derom
671 1025 55 26 afslå.

266 1053 56 19 Hvad
337 1053 66 20 tionde
417 1054 86 25 punkten
518 1052 59 27 angår
591 1054 58 19 hafva
659 1054 50 19 olika
718 1052 72 27 åsigter
800 1052 51 27 gjort
861 1052 29 26 sig
899 1053 53 19 inom

213 1079 98 20 utskottet
324 1080 95 24 gällande.
448 1080 124 26 Deputerade
586 1080 44 20 från
643 1080 94 25 borgare-
751 1080 38 19 och
802 1078 151 27 prestestånden

214 1106 97 26 tillstyrka
326 1105 51 20 bifall
392 1106 26 20 till
433 1106 145 26 ifrågavarande
592 1106 69 25 punkt,
678 1106 24 25 på
715 1106 38 19 den
768 1106 64 25 grund
845 1107 28 19 att
887 1105 20 20 af
923 1111 32 13 er-

213 1132 116 20 farenheten
347 1134 22 18 är
385 1132 138 20 konstateradt
539 1135 28 17 att
584 1132 11 20 å
609 1132 26 20 de
651 1132 57 20 flesta
722 1135 53 17 orter
789 1132 34 20 det
837 1132 56 20 torde
906 1137 49 14 vara

214 1157 57 21 svårt
284 1160 28 18 att
326 1158 62 20 förmå
403 1158 83 21 flertalet
500 1159 27 20 till
541 1158 94 26 ingående
649 1159 20 19 af
677 1159 109 25 föreningar
796 1164 32 14 om
838 1158 70 20 fiskets
918 1158 38 20 för-

213 1184 72 26 nuftiga
298 1185 137 24 bedrifvande,
451 1186 115 20 isynnerhet
578 1185 52 20 hvad
645 1184 59 26 angår
713 1185 93 25 notdrägt
814 1184 62 21 under
885 1184 69 24 lektid,

213 1211 77 20 hvilket
306 1213 70 18 nästan
393 1212 90 20 öfverallt.
499 1211 74 31 nyttjas
590 1212 38 19 och
645 1211 25 26 på
686 1212 48 19 flera
755 1211 69 20 ställen
845 1211 109 26 egentligen

213 1237 112 19 framkallat
338 1237 38 19 den
390 1237 85 21 rådande
489 1238 75 20 bristen
577 1238 25 24 på
617 1238 38 19 fisk
670 1239 5 18 i
689 1238 77 20 landets
776 1237 78 25 insjöar.
883 1237 30 20 De
922 1236 34 21 de-

213 1262 96 25 puterade
323 1268 48 14 anse
384 1263 52 19 dock
449 1263 173 25 bestämningarne
637 1264 5 18 i
657 1261 59 22 slätet
733 1264 21 19 af
768 1263 62 19 denna
840 1263 69 25 punkt,
921 1268 32 14 om

214 1288 54 21 hvad
283 1294 43 14 som
340 1289 133 25 förnämligast
487 1290 35 19 bör
535 1290 79 18 komma
628 1290 6 18 i
648 1289 54 25 fråga
717 1289 33 20 vid
763 1289 124 19 utfärdandet
901 1288 20 19 af
929 1289 25 19 de

213 1314 42 20 deri
273 1314 117 22 omnämnda
407 1315 129 25 föreskrifter,
555 1315 65 20 kunna
634 1314 67 21 såsom
715 1314 124 26 öfverflödiga
856 1313 57 27 utgå,
928 1314 25 20 då

214 1341 25 19 de
253 1340 64 21 måste
331 1341 110 27 inbegripas
455 1342 6 19 i
475 1342 34 20 det
522 1342 112 25 förutsagda
651 1341 28 21 att
696 1342 24 20 de
738 1342 55 20 skola
810 1346 47 16 vara
872 1340 79 26 sådana,

213 1373 44 15 som
272 1368 81 25 pröfvas
367 1368 68 26 nödiga
449 1369 38 19 och
501 1368 57 26 eljest
571 1368 97 26 lämpliga.

242 1410 2 2 +
266 1395 126 26 Deputerade
412 1395 21 21 af
447 1394 144 22 bondeståndet
611 1398 51 17 samt
682 1394 137 27 ridderskapet
840 1395 37 20 och
897 1394 56 21 adeln

212 1427 49 15 anse
275 1421 116 26 visserligen
410 1422 91 26 notdrägt
517 1422 63 20 under
593 1422 86 20 lektiden
695 1422 5 19 i
715 1423 55 19 vissa
787 1422 38 20 och
839 1421 114 27 isynnerhet

213 1448 5 19 i
233 1448 76 20 mindre
323 1448 38 19 och
375 1448 75 26 grunda
465 1447 71 26 insjöar
550 1454 48 15 vara
612 1448 6 19 i
632 1449 37 25 hög
683 1449 48 24 grad
746 1448 74 26 skadlig
838 1448 28 20 för
883 1447 70 21 fiskets
