981 1700
249 138 71 22 Nådiga
332 140 141 22 Propositionen
486 140 37 17 N:o
535 140 27 18 48.
582 131 10 36 =
607 135 6 4 ”
736 140 43 20 1571

88 188 50 25 Vilja
152 188 25 20 de
191 188 34 20 det
240 187 19 25 ej
273 188 6 20 i
293 188 85 25 tjensten
393 188 83 26 behålla,
497 189 53 26 gifve
570 189 20 20 åt
609 189 120 26 tjenstehjon
749 196 32 14 or-

33 215 102 24 lofssedel,
151 218 58 21 samt,
225 218 34 16 öm
273 214 18 25 ej
306 215 120 20 annorlunda
440 215 94 26 åsämjes,
550 215 31 20 lön
595 217 39 18 och
654 216 126 25 kostpennin-

32 246 36 20 gar
86 242 39 19 tills
139 241 130 25 legostämma:
283 244 34 17 ute
331 243 28 23 är,
376 242 46 19 eller
437 242 27 19 till
479 242 47 20 dess
547 241 119 26 tjenstehjon
685 242 95 20 derförin-

32 273 38 13 nan
85 273 63 14 annan
163 267 60 25 tjenst
236 268 29 25 sig
279 267 108 20 förskaflat.

377 320 11 25 $
402 321 32 18 48.

86 357 73 25 Skiljes
174 357 103 20 husbonde
292 357 42 20 från
351 358 39 19 fast
410 358 96 25 egendom
528 358 38 20 och
586 357 97 20 behöfver
703 359 37 18 han
761 357 18 26 ej

34 384 68 20 vidare
117 385 30 28 for
161 384 46 19 dess
222 385 61 19 behof
296 387 78 23 antaget
387 384 126 26 tjenstehjon,
536 391 48 13 vare
604 385 77 19 ändock
702 384 78 27 skyldig

34 413 29 17 att
77 411 30 19 för
122 410 151 29 tjenstehjonets
287 411 30 20 lön
332 412 39 18 och
385 411 52 23 kost,
453 412 27 19 till
494 412 48 19 dess
555 413 130 23 legostämma
701 413 34 17 ute
749 412 28 23 är,

34 443 92 24 ansvara,
143 443 33 14 om
191 443 16 19 €)
223 444 38 20 nya
275 443 71 20 egaren
361 438 32 19 vill
411 437 139 26 tjenstehjonet
564 439 4 18 i
590 437 84 26 tjensten
693 437 84 26 behålla,

35 470 5 13 i
55 465 76 19 hvilket
146 465 32 19 fall
193 463 118 26 tjenstehjon
325 465 49 19 skall
389 463 51 26 tjena
455 465 26 20 till
496 464 125 26 stämmodag
634 463 25 27 pä
673 464 26 20 de
707 463 70 26 vilkor,

34 496 45 15 som
94 491 45 20 med
156 492 50 19 förra
222 497 71 20 egaren
308 491 165 20 öfverenskomna
488 492 58 20 varit.

86 519 40 24 Lag
141 523 77 15 samma
234 524 47 14 vare
295 523 33 14 om
342 518 39 19 fast
398 518 96 26 egendom
515 517 63 21 afstäs
598 517 26 20 till
646 517 133 26 borgenärers

32 544 122 26 förnöjande.

376 571 11 25 $
401 572 32 20 49.

88 610 75 26 Flyttar
177 610 106 20 husbonde
296 610 27 19 till
337 612 58 17 annat
408 610 56 19 ställe
477 610 53 18 inom
543 609 74 25 landet,
635 614 49 14 vare
699 607 81 26 tjenste-

33 636 47 25 hjon
96 636 87 26 skyldigt
197 639 28 16 att
239 635 91 25 meufölja
344 636 39 19 och
397 636 129 25 legostämma
540 634 83 26 uttjena,
635 640 32 13 om
676 634 104 20 husbonde

32 663 35 19 det
82 663 85 24 fordrar;
184 663 52 19 dock
249 662 64 26 äligge
328 662 104 19 husbonde
444 662 4 19 i
466 661 70 20 sådant
550 661 29 20 fall
594 664 29 16 att
636 660 24 26 pä
677 660 49 20 dess
745 660 35 20 be-

32 689 88 20 kostnad
136 688 141 26 tjenstehjonet
298 689 26 20 till
345 689 177 25 afflyttningsorten
542 687 142 24 äterförskaffa,
706 692 33 15 om
760 685 18 26 ej

32 715 123 21 annorlunda
169 716 47 20 dem
233 716 83 20 emellan
333 715 192 20 öfverenskommes.
643 723 3 2 :

377 768 11 25 4
403 769 32 19 50.

87 806 44 21 Med
149 807 26 19 till
197 805 116 27 krigstjenst
334 805 90 20 anvärfdt
444 803 119 27 tjenstehjon
583 804 82 19 förfares
686 803 67 20 såsom
773 803 6 21 i

32 834 72 26 Kongl.
120 833 81 25 stadgan
217 839 32 13 om
264 832 88 25 värfning
368 832 38 19 och
420 832 106 25 manskaps
538 831 83 25 legande
629 830 27 20 till
665 829 115 26 krigstjenst

32 861 21 19 af
66 861 39 20 den
120 860 11 19 7
146 859 55 26 April
216 859 51 20 1802
282 859 21 25 $$
318 859 25 20 10
357 858 39 20 och
412 859 23 19 11
453 858 86 26 stadgas.

380 911 10 26 S
405 911 31 20 51.

86 949 59 20 Innan
160 947 121 26 tjenstehjon
294 946 45 21 från
352 947 32 20 sin
397 945 61 27 tjenst
478 947 94 26 alflyttar,
594 945 61 20 räkne
675 944 34 20 det
729 944 49 20 ifrån

32 976 30 25 sig
72 975 60 26 hvad
147 975 34 19 det
195 974 155 22 omhänderhaft.
577 997 3 3 N

88 1003 74 18 Brister
176 1001 120 26 tjenstehjon
310 1001 71 25 deruti,
398 1000 48 20 eller
459 1000 35 19 har
509 1000 33 19 det
556 999 58 24 eljest
627 997 59 26 något
700 997 21 20 af
732 997 49 20 hus-

33 1028 77 21 bondes
125 1029 97 26 egendom
236 1027 81 25 förfarit,
332 1032 86 23 ansvare
432 1026 84 25 derföre,
532 1031 45 14 som
591 1025 6 19 i
612 1025 9 28 $
635 1025 24 19 42
675 1023 56 26 sagdt
749 1025 30 24 är,

34 1056 38 18 och
87 1056 61 18 hafve
162 1055 105 19 husbonde
282 1053 45 20 våld
343 1056 29 17 att
391 1052 102 26 gvarhälla
512 1052 131 26 tjenstehjons
662 1050 119 24 tillhörighet

33 1082 27 20 till
75 1082 50 20 dess
139 1082 39 19 han
192 1079 76 27 förnöjd
281 1079 71 22 blifvit.

385 1133 11 26 $
410 1133 32 20 52.

88 1168 43 19 Den
146 1167 111 24 husbonde,
273 1171 50 19 som,
338 1165 63 20 sedan
415 1163 119 26 tjenstehjon
548 1162 141 21 stämmotiden
708 1161 73 29 uttjent

34 1195 39 18 och
88 1194 49 19 redo
152 1193 28 20 för
195 1193 28 25 sig
236 1193 58 25 gjort,
309 1192 80 20 hindrar
402 1192 34 19 Jet
450 1193 28 17 ait
491 1193 46 17 utur
552 1189 86 25 tjensten
652 1189 32 24 sig
702 1188 78 25 begifva

34 1221 39 19 och
87 1220 30 20 sin
131 1220 118 25 tillhörighet
263 1219 47 20 med
324 1218 29 25 sig
366 1221 51 23 taga,
433 1223 48 14 vare
502 1216 77 26 skyldig
600 1215 26 19 till
647 1215 34 19 det
700 1219 79 18 ansvar,

35 1252 46 15 som
95 1246 5 20 i
114 1246 11 25 $
139 1245 26 22 29
180 1245 29 22 för
224 1247 75 24 vägran
310 1244 23 20 af
344 1243 117 21 orlofssedel
474 1243 92 26 stadgadt
580 1245 28 16 är.

379 1297 12 26 $
408 1297 32 20 53.

95 1331 81 19 Afviker
191 1330 120 25 tjenstehjon
325 1329 44 19 från
384 1328 84 25 tjensten
483 1328 41 19 förr
536 1328 25 18 än
571 1327 130 24 lesostämma
710 1327 34 17 ute
753 1325 29 22 är,

40 1357 58 20 bafve
113 1357 104 20 husbonde
232 1356 46 19 våld
295 1358 27 17 att
337 1356 67 18 hemta
418 1355 33 19 det
465 1353 49 24 åter,
536 1357 45 24 som
601 1351 5 20 i
622 1351 16 28 7
659 1351 10 25 $
692 1351 25 27 16
737 1350 45 25 kap.

36 1383 143 20 Jorda-balken
195 1388 32 14 om
241 1382 70 20 landbo
326 1383 65 24 säges,
407 1381 37 19 och
459 1379 59 21 blifve
533 1379 119 25 tjenstehjon
673 1378 5 18 i
700 1379 85 27 tjensten

38 1411 29 20 till
81 1411 64 19 rätter
158 1409 132 24 stämmodag,
306 1410 51 17 samt
372 1407 59 20 miste
444 1405 122 27 fjerdedelen
579 1405 22 20 af
615 1404 56 20 lönen
687 1403 40 20 och
747 1402 39 26 gäl-

41 1437 25 20 Je
78 1437 85 20 skadan.

709 1463 23 15 9”
