981 1703
201 145 45 19 1491
418 144 69 20 Nädiga
500 144 139 22 Propusitionen
652 142 35 17 N:o
700 142 27 17 45.

344 220 25 19 Af
382 218 285 20 Referendarie-sekreteraren
680 218 19 20 J,
714 218 21 18 F.
752 217 106 25 Pipping:

255 258 164 19 Bank-Utskottet
433 257 36 19 har
482 256 26 20 uti
524 256 47 20 Jess
583 255 124 20 förestäende
718 254 122 22 betänkande
850 254 96 26 tillstyrkt

203 283 138 25 godkännande
355 284 21 18 af
389 289 23 13 en
427 283 5 19 i
447 282 10 25 $
472 284 9 18 4
498 284 19 18 af
530 283 37 19 den
587 281 67 26 nådiga
671 282 147 25 propositionen
836 282 110 24 föreslagen

204 310 69 19 allmän
294 310 128 24 bestämning,
445 312 26 16 att
493 310 90 24 rättighet
603 308 26 20 till
651 308 76 20 sedlars
749 308 113 25 utgifvande
883 308 63 20 skulle

204 336 65 19 kunna
284 336 87 25 tilläggas
385 335 72 25 jemväl
473 335 72 20 sädane
559 334 86 19 enskilda
660 336 82 22 banker,
761 340 42 13 som
826 335 81 18 inrättas
928 336 20 18 af

205 362 110 25 aktiebolag
329 362 45 19 med
388 363 29 18 för
427 361 68 26 hvarje
505 362 90 24 delägare
605 361 109 24 begränsad
725 361 127 24 ansvarighet
861 361 26 18 till
898 361 49 20 hans

204 389 131 24 aktiekapital;
352 389 103 19 hvaremot
467 387 33 26 jag
515 394 32 13 ser
562 387 38 26 mig
612 387 105 20 föranlåten
728 387 74 20 anmäla
815 388 131 19 reservation.

258 415 29 19 Då
301 415 5 19 i
335 415 116 19 betraktande
465 417 62 22 tages:
544 417 27 16 att
580 413 67 25 stadga
658 415 4 18 i
673 413 127 26 myntvärdet
809 413 44 20 icke
862 413 84 26 mindre,

205 443 23 17 än
244 444 28 17 ett
286 441 90 26 stadgadt
390 441 133 24 rätstillstånd,
540 441 4 18 i
559 441 112 23 allmänhet,
687 441 57 24 utgör
757 443 28 16 ett
794 440 19 18 af
822 441 126 24 grundvilko-

204 473 34 14 ren
253 468 30 19 för
296 467 149 26 äganderättens
460 467 67 26 helgd;
543 469 27 16 att
585 466 176 26 upprätthållandet
775 467 20 18 al
803 469 87 23 myntets
901 468 47 19 eller

204 493 47 20 dess
268 495 6 18 i
296 494 64 19 sedlar
381 494 137 19 cirkulerande
532 496 170 22 representanters
717 493 50 19 fasta
783 493 59 19 värde
857 493 91 20 kommer

205 523 27 16 att
249 521 119 19 fortfarande
386 521 51 19 hvila
452 520 24 25 på
494 520 88 20 Finlands
601 520 53 19 Bank
671 521 5 18 i
694 520 60 19 första
776 523 96 20 rummet;
896 523 52 17 samt

205 549 27 17 att
246 547 91 19 bemälde
351 546 62 20 banks
428 546 93 26 förmåga,
537 548 28 18 att
579 546 106 20 framdeles
700 546 24 25 pä
739 548 28 17 ett
777 546 29 18 för
816 546 132 20 allmänheten

204 573 180 20 tillfredsställande
398 575 39 17 sätt
451 573 86 26 uppfylla
552 573 127 20 omförmälda
692 572 110 26 äliggande,
814 573 135 25 väsendtligen

205 599 59 20 beror
278 600 44 19 icke
336 600 81 20 allenast
431 600 19 19 af
463 600 37 19 den
511 599 180 26 affärsgemenskap
702 600 82 19 emellan
796 599 88 20 Finlands
894 600 54 19 Bank

204 627 38 18 och
257 626 242 26 Hypotheksföreningen
500 621 10 35 ,
517 627 82 19 hvarom
613 626 78 20 landets
705 626 83 20 Ständer
803 626 61 20 redan
878 626 51 20 varit
943 627 5 19 i

204 652 73 20 tillfälle
291 655 29 17 att
334 655 43 23 taga
392 653 117 24 kännedom,
525 655 46 17 utan
586 653 38 19 ock
635 654 19 18 af
663 653 76 25 slutliga
748 652 102 26 lösningen
860 654 43 18 utaf
910 653 38 19 den

204 682 52 15 ännu
270 679 100 25 oatgjorda
385 679 65 25 frågan
461 685 32 13 om
503 680 88 19 bankens
600 679 139 26 öfvertagande
749 679 21 19 af
778 679 109 19 Ständerne
897 682 52 17 samt

205 704 118 26 följaktligen
337 706 58 19 äfven
411 705 20 19 af
443 705 25 20 de
482 705 69 22 vilkor,
570 705 113 20 hvarunder
697 705 89 20 bankens
800 706 130 19 verksamhet
943 705 6 19 i

207 730 61 21 sådan
278 731 93 20 händelse
381 731 92 20 kommer
483 735 27 16 att
520 733 106 24 fortsättas,
638 737 61 21 synes
709 732 40 24 mig
759 732 115 19 samhällets
883 735 67 22 trygg-

205 758 34 19 het
254 757 5 19 i
273 759 98 19 materielt
385 758 113 19 hänseende
512 758 67 20 kräfva
593 758 118 20 afvaktande
725 758 21 20 af
759 759 119 24 erfarenhet,
894 759 5 18 i
913 759 37 18 hu-

206 790 22 13 ru
244 784 111 21 vidsträckt
369 790 46 14 mon
430 784 90 20 Finlands
534 785 53 20 Bank
601 785 114 20 hädanefter
729 784 32 20 må
776 785 73 24 kunna,
865 785 46 19 med
921 785 29 20 bi-

205 810 116 21 behållande
336 812 19 19 af
368 811 100 25 förmågan
483 814 27 17 att
523 811 128 26 upprätthålla
661 811 135 26 myntvärdet,
807 811 89 20 undvara
906 812 44 19 vin-

205 840 43 16 sten
263 838 21 18 af
296 838 47 19 dess
358 838 68 19 hittills
440 837 88 25 åtnjutna
537 838 124 19 uteslutande
671 838 209 25 sedelutgifningsrätt,
893 839 56 18 innan

203 863 60 20 frihet
277 864 28 19 till
320 864 167 25 sedelutgifvande
501 865 88 19 enskilda
603 864 85 20 bankers
702 864 91 21 bildande
807 865 5 19 i
826 865 63 19 alltför
903 865 47 20 obe-

203 889 64 26 tingad
281 890 137 25 utsträckning
432 891 118 25 medgifves.

257 916 27 20 På
303 917 130 26 nyssanförda
450 917 42 20 skäl
511 918 37 19 och
567 917 4 19 i
589 917 98 20 anseende
704 917 26 20 till
748 918 38 19 den
802 917 146 26 jemförelsevis

204 943 71 25 större,
292 945 23 17 än
330 944 37 18 hos
381 943 76 25 vanliga
471 944 112 25 aktiebolag
597 944 98 25 befintliga
705 944 100 24 säkerhet,
817 950 44 14 som
871 945 79 19 allmän-

204 969 66 25 heten,
287 971 4 17 i
307 970 86 24 enlighet
408 969 45 20 med
467 971 51 18 hvad
533 971 28 18 uti
581 971 92 18 Friherre
687 970 25 20 de
729 971 18 18 la
764 971 102 24 Chapelles
883 977 66 14 reser-

205 996 67 18 vation
288 995 59 19 redan
362 997 21 18 är
397 996 118 25 framhållet,
531 997 35 18 har
580 999 28 17 att
621 997 30 19 för
666 997 140 19 förbindelsers
822 997 127 25 uppfyllande

204 1020 87 25 päräkna
306 1021 42 19 utaf
360 1021 25 19 de
398 1022 21 18 af
432 1022 53 19 vissa
505 1022 109 25 namngifne
635 1027 96 20 personer
752 1023 61 20 under
834 1029 114 18 gemensam

204 1047 105 20 solidarisk
323 1047 126 25 ansvarighet
464 1048 94 20 inrättade
573 1049 87 19 enskilda
678 1049 110 25 bankerna,
810 1049 37 19 kan
867 1048 33 27 jag
920 1050 30 19 för

202 1073 40 28 min
256 1073 31 20 del
302 1074 44 19 icke
360 1073 105 26 tillstyrka,
481 1078 28 16 att
523 1075 92 25 rättighet
628 1075 25 20 till
664 1075 156 26 sedelutgifning,
833 1076 26 19 till
870 1081 24 14 en
906 1077 45 19 bör-

200 1105 32 18 jan
251 1101 37 18 och
306 1100 59 19 innan
383 1100 141 21 ofvanberörda
542 1102 110 19 erfarenhet
670 1102 89 24 vunnits,
775 1101 32 20 må
822 1102 126 20 tillerkännas

203 1126 60 19 andra
278 1128 24 17 än
317 1127 121 19 sisthämnde
453 1128 52 25 slags
520 1128 83 25 banker,
619 1129 29 19 för
662 1129 79 19 hvilkas
751 1129 130 20 förbindelser
889 1129 59 20 deras

202 1152 91 30 delägare
307 1154 34 18 äro
356 1153 74 25 jemväl
451 1155 46 19 med
520 1155 29 18 sin
571 1155 86 20 enskilda
680 1155 135 26 förmögenhet
836 1156 112 20 solidariskt

200 1184 111 21 ansvarige.

343 1233 24 18 Af
380 1233 188 25 Kontraktsprosten
583 1235 25 18 H.
624 1235 92 19 Hellen:

254 1269 59 28 Emot
327 1269 172 20 Bank-Utskottets
515 1271 128 26 betänkande,
659 1273 4 18 i
679 1272 104 25 anledning
797 1273 21 18 af
830 1273 39 19 Jen
879 1273 68 25 nådiga

200 1295 147 24 propositionen
362 1302 32 13 om
410 1297 87 19 enskilda
513 1298 80 25 banker,
609 1297 62 20 finner
684 1297 33 26 jag
735 1299 41 25 mig
793 1299 109 20 föranläten
920 1302 28 17 att

200 1321 76 19 anmäla
290 1324 123 18 reservation
428 1324 27 17 uti
470 1326 72 17 tvenne
557 1325 90 24 punkter.

253 1348 102 20 Utskottet
370 1350 35 19 har
419 1349 24 26 på
459 1350 62 25 giltiga
537 1351 42 19 skäl
595 1352 102 19 framställt
711 1351 38 20 den
764 1351 55 27 åsigt,
832 1356 28 16 att
870 1353 32 19 vid
912 1353 35 20 bil-

199 1373 72 31 dandet
285 1375 21 19 af
319 1376 74 20 enskild
408 1376 52 20 bank
475 1379 28 17 ett
520 1377 50 20 visst
588 1379 49 19 antal
655 1378 66 20 finske
738 1379 129 26 medborgare
885 1380 62 20 borde

199 1403 27 27 uti
241 1402 115 30 föreningen
375 1402 49 26 ingå.
454 1404 42 19 Men
511 1406 27 17 att
554 1405 31 19 vid
601 1405 115 20 solidariska
731 1406 141 25 privatbanker
882 1407 64 20 fordra

199 1430 68 24 tjugu
285 1428 72 21 sådane
372 1430 105 26 deltagare,
494 1436 60 20 synes
569 1432 40 26 mig
624 1438 47 14 vara
686 1433 63 19 alltför
761 1433 45 26 högt
816 1434 46 20 eller
873 1435 75 25 strängt
