981 1703
256 131 71 22 Nädiga
339 132 140 22 Propositionen
492 131 36 18 N:o
540 131 28 19 46.
735 132 43 20 1511

91 179 38 20 Det
136 180 44 23 kan
195 180 38 19 och
247 180 35 19 bör
295 180 52 21 dock
362 181 17 24 ej
394 181 106 20 tillkomma
516 181 104 20 ständerna
634 183 27 19 att
675 181 60 20 uttala
751 182 29 25 sig

38 207 55 19 öfver
107 206 34 20 Jet
155 208 44 23 sätt,
216 207 74 24 hvarpä
306 213 24 14 en
345 207 60 21 sådan
419 207 106 26 öfvergäng
542 208 67 19 lättast
625 208 38 19 kan
679 208 102 24 genomfö-

38 238 40 17 ras.
108 233 69 25 Dylika
192 232 127 26 detaljirägor
332 234 57 20 torde
402 233 48 20 böra
464 234 132 19 öfverlemnas
613 234 26 19 till
656 233 126 20 besvarande

38 259 20 18 af
70 257 60 26 nägra
145 257 17 20 fä
178 259 121 25 sakkunnige
312 261 52 18 män.

90 284 58 20 Hvad
162 283 43 21 åter
220 285 59 26 angår
292 285 39 19 den
347 285 34 23 tid,
397 285 25 20 då
439 285 64 24 mätt-,
519 284 48 21 mäl-
581 286 37 18 och
633 285 148 26 vigtberäkning

38 311 49 18 efter
101 311 33 19 det
149 311 94 19 metriska
258 313 98 24 systemet
369 312 38 19 kan
422 311 79 20 komma
515 311 5 19 i
534 310 60 27 fråga,
610 313 22 17 är
646 311 33 20 det
694 310 87 25 omöjligt

36 339 28 17 att
78 337 73 19 förbise
164 337 34 20 Jet
211 337 161 25 genomförandet
380 338 20 19 af
408 342 24 14 en
442 337 116 25 förändring,
570 337 21 19 sä
601 337 58 25 djupt
667 337 112 25 ingripande

36 362 6 20 i
56 362 38 20 den
108 362 74 27 dagliga
198 364 96 23 rörelsen,
310 364 49 19 först
373 364 50 20 efter
437 363 64 25 någon
518 364 28 20 tid
561 363 36 19 kan
612 364 29 19 för
655 364 29 24 sig
697 362 32 26 gå.
744 364 37 20 Er-

37 389 115 28 farenheten
167 388 54 21 såväl
237 390 5 18 i
256 390 53 19 detta
323 390 45 20 land
382 396 44 14 som
443 390 129 20 annorstädes
589 390 54 19 visar
657 392 28 18 att
699 392 28 17 ett
740 391 39 19 folk

36 421 17 19 ej
67 411 22 35 så
96 416 44 20 lätt
152 416 84 25 aflägger
246 417 62 25 gamla
319 416 162 26 beräkningssätt,
493 416 66 20 hvilka
568 422 71 19 genom
648 416 71 26 dagligt
729 416 50 21 bruk

37 442 57 26 slagit
106 441 60 27 djupa
181 443 60 19 rötter
255 443 5 19 i
274 443 188 23 folkmedvetandet,
478 448 45 14 men
538 445 27 17 att
579 443 63 19 lemna
657 443 75 25 slutliga
747 449 34 19 ge-

38 469 136 20 nomförandet
188 469 98 20 beroende
301 469 25 20 till
341 475 23 14 en
378 470 103 20 obestämd
496 469 78 20 framtid
584 474 47 15 vore
640 469 53 20 dock
702 471 28 18 att
740 470 40 20 helt

38 496 37 19 och
90 494 60 22 hället
164 495 65 20 förfela
244 496 69 24 mälet;
329 496 94 20 hvarföre
432 497 38 19 och
479 496 25 20 dä
513 502 25 14 en
549 496 42 20 viss
600 496 86 26 tidrymd
696 496 5 19 i
711 495 69 26 hvarje

37 522 93 20 händelse
144 522 56 20 torde
214 522 47 20 böra
276 522 121 20 bestämmas
407 522 67 21 såsom
487 528 25 14 en
522 521 193 27 öfvergängsperiod,
727 522 51 20 inom

37 548 81 20 hvilken
132 548 34 20 det
179 548 56 20 stode
250 550 77 19 enhvar
341 548 41 20 fritt
395 552 28 16 att
437 550 86 24 begagna
537 548 37 20 Jen
584 548 49 20 efter
642 548 35 20 det
685 548 94 21 metriska

37 577 98 24 systemet
149 575 86 20 ordnade
250 575 63 26 mätt-,
323 574 54 21 -mäl-
391 576 38 19 och
444 575 177 26 vigtberäkningen,
633 577 52 17 samt
699 577 81 23 antagas

37 602 38 19 kan
90 604 26 18 att
132 602 59 20 minst
205 604 28 17 ett
247 601 21 20 är
283 602 88 26 förflyter
380 602 57 20 innan
446 602 133 20 kännedomen
591 607 32 14 om
631 602 26 20 de
665 607 39 20 nya
714 600 64 27 mätt-,

37 627 48 21 mäl-
105 629 39 19 och
164 628 117 26 vigt-slagen
302 631 51 17 samt
367 628 58 21 deras
439 628 120 20 förhällande
572 628 27 20 till
612 628 25 19 de
651 634 27 14 nu
692 628 88 26 brukliga

37 656 72 18 hinner
128 655 78 25 spridas
221 655 4 19 i
245 655 73 25 landet,
333 655 108 20 ständerne
457 660 47 14 anse
518 656 70 19 rättast
602 659 47 14 vara
663 656 28 18 att
705 655 75 19 enhvar

37 681 32 20 mä
84 687 35 20 ega
134 683 38 18 rätt
186 683 29 18 att
228 681 6 19 i
248 682 74 25 dagliga
337 682 86 19 rörelsen
437 682 88 25 begagna
537 681 26 20 de
577 681 50 20 efter
640 680 93 20 metriska
747 686 33 21 sy-

38 711 73 16 stemet
124 707 109 26 uppgjorda
248 708 279 26 gvantitetsbestämningarne
541 707 49 20 först
603 707 61 20 sedan
678 707 60 19 minst
751 709 29 18 ett

38 734 22 20 år
80 734 81 20 förflutit
180 735 50 19 efter
250 735 33 19 det
300 734 111 26 författning
426 735 69 20 härem
508 734 62 20 blifvit
584 733 98 20 utfärdad.
709 733 72 20 Likaså

39 767 49 14 vore
101 761 39 25 det,
157 761 29 20 för
200 764 27 17 att
241 761 51 20 dock
306 761 54 20 inom
377 760 110 26 möjligaste
500 761 58 20 korta
571 760 28 20 tid
614 759 57 26 vänja
685 760 95 26 allmogen

38 788 33 20 vid
84 787 26 21 de
123 794 38 20 nya
176 787 285 26 gvantitetsbestämningarna,
476 789 21 18 af
509 789 51 18 stort
573 793 48 20 gagn
635 792 34 14 om
685 787 96 20 vederbö-

39 815 61 20 rande
120 813 149 27 uppbördsmän
285 814 120 21 anbefalldes
419 817 28 17 att
460 815 61 19 redan
536 814 50 19 efter
599 813 61 20 första
674 812 53 20 årets
741 813 40 20 slut

38 842 33 19 vid
85 841 109 26 debitering
208 843 38 18 och
261 841 89 26 uppbörd
364 841 21 20 af
397 841 86 20 kronans
497 841 108 20 inkomster
619 840 88 25 begagna
721 839 60 20 dessa

37 868 65 25 mätt-,
120 867 47 20 mål-
182 869 37 18 och
234 868 99 25 vigt-slag.

90 893 28 22 På
132 895 62 24 grund
209 895 21 19 af
238 894 52 19 hvad
301 894 104 20 stänlerne
414 893 82 21 sålunda
505 893 71 25 anfört,
586 892 19 20 få
616 891 120 21 ständerne
727 887 13 37 i
746 897 35 14 un-

40 921 128 26 derdänighet
181 921 106 26 tillstyrka:

169 951 28 16 att
215 948 31 19 det
263 948 89 19 metriska
369 950 94 24 systemet,
478 949 7 18 i
499 947 89 26 afseende
603 945 12 20 &
629 945 52 24 mätt,
696 945 38 20 mål
748 945 33 20 och

140 978 39 24 vigt
194 978 6 17 i
215 977 63 18 landet
292 977 77 25 injöres,

170 1007 27 17 att
212 1005 61 19 denna
282 1005 116 25 förändring
411 1005 116 25 genomföres
541 1002 22 21 sä
573 1003 44 25 fort
630 1004 29 24 sig
668 1004 49 23 göra
727 1001 54 23 läter,

141 1036 49 16 samt
208 1036 29 16 att
255 1032 239 26 verkställighetsätyärden
509 1031 109 26 uppdrages
632 1030 20 20 ät
665 1030 116 25 sakkunnige

140 1068 50 16 män,

168 1092 28 17 att
214 1091 46 22 efter
275 1091 26 18 ett
315 1088 33 24 är,
368 1088 83 20 räknadt
464 1088 50 26 frän
531 1088 36 19 den
582 1087 11 19 1
608 1087 83 19 Januari
706 1085 31 20 det
751 1084 28 24 är,

141 1125 39 13 som
182 1118 60 25 följer
248 1119 46 24 efter
299 1118 29 18 det
335 1117 60 19 under
401 1116 67 20 hvilket
475 1116 36 20 den
517 1115 76 26 Nädiga
594 1115 138 25 förordningen
739 1113 43 19 här-

142 1153 30 13 om
189 1146 95 26 wlfärdas,
304 1146 69 18 enhvar
387 1144 31 20 mä
432 1151 35 19 ega
476 1145 59 25 frihet
550 1146 28 17 att
592 1144 7 18 i
613 1143 97 19 allmänna
725 1142 57 18 rörel-

140 1182 33 12 sen
188 1174 85 25 begagna
289 1174 22 19 de
326 1180 38 19 nya
377 1172 54 20 mätt-
447 1172 44 19 mäl-
507 1172 34 20 och
556 1171 110 26 vigt-slagen
681 1172 52 16 samt

170 1204 27 18 att
211 1201 136 20 vederbörande
363 1200 109 26 tjenstemän
486 1200 58 20 redan
560 1200 46 24 efter
614 1200 64 24 första
693 1198 50 19 ärets
753 1199 28 16 ut-

140 1230 51 26 gång
206 1230 54 19 skola
274 1230 32 19 vid
321 1228 100 26 debitering
437 1228 33 20 och
485 1228 86 26 uppbörd
584 1228 23 24 af
615 1226 89 19 Kronans
714 1224 69 20 inkom-

144 1261 26 17 ter
184 1258 84 26 begagna
282 1258 23 19 de
320 1264 39 19 nya
373 1256 268 26 gvantiteisbestämningarna.

95 1292 7 18 1
116 1290 93 20 alseende
224 1290 10 19 å
248 1289 159 21 bestämmandet
420 1290 21 18 af
452 1288 59 24 tiden,
527 1288 50 18 efter
591 1288 61 18 hvars
663 1286 75 24 förlopp
750 1289 35 26 an-

42 1317 110 20 vändantiet
173 1317 19 19 af
212 1316 38 20 den
270 1316 53 20 efter
343 1314 34 20 det
397 1315 94 20 metriska
505 1316 98 24 systemet
617 1312 86 29 ordnade
719 1312 64 22 mätt-,

42 1350 25 12 mäl-
103 1344 37 18 och
155 1343 182 25 vigt-heräkningen
355 1341 62 19 borde
431 1341 94 19 förklaras
543 1340 28 18 för
585 1338 142 27 obligatoriskt,
743 1336 42 19 haf-

43 1375 23 13 va
81 1369 105 19 ständerne
200 1368 90 20 deremot
304 1369 77 18 stannat
395 1367 5 18 i
415 1366 33 19 två
463 1365 42 20 från
520 1364 109 20 hvarandra
639 1362 102 30 afvikande
751 1362 34 19 be-

43 1396 46 22 slut,
104 1395 5 19 i
125 1395 33 20 Jet
172 1395 78 20 Preste-
264 1395 39 19 och
317 1392 155 25 Bondeständen,
488 1392 62 19 ehuru
564 1391 25 19 de
604 1390 29 19 väl
644 1389 61 28 funnit
714 1391 29 17 att
752 1387 33 31 det
801 1410 2 2 .

43 1423 29 19 för
86 1422 52 25 dem,
156 1421 64 21 hvilka
235 1421 106 26 sysselsatt
355 1419 29 26 sig
398 1419 45 20 med
457 1418 76 21 utrikes
546 1417 77 25 handel,
633 1421 19 20 ej
661 1415 64 21 skulle
734 1416 51 19 möta
