984 1711
197 144 47 30 1600
414 147 70 22 Nädiga
496 147 139 22 Propositionen
649 146 36 17 N:o
697 146 27 18 48.

251 196 70 20 Finnes
335 196 117 26 tjenstehjon
467 197 58 20 hafva
539 197 22 18 af
573 195 60 26 lättja,
649 195 136 26 försumlighet
799 195 47 19 eller
859 194 80 20 tredska

198 222 101 21 uraktlätit
312 225 28 17 att
353 223 80 25 fullgöra
447 223 75 25 arbete,
538 228 44 13 som
596 221 141 26 tjenstehjonet
751 221 84 26 skäligen
848 221 92 19 föresatts

197 249 48 21 eller
262 249 110 20 detsamma
389 249 50 21 efter
456 250 48 19 dess
521 248 60 27 tjenst
594 248 71 27 älegat,
681 254 49 15 vare
744 247 103 21 husbonde
861 247 79 20 berätti-

197 277 37 25 gad
256 279 29 17 att
305 275 39 21 låta
361 275 70 21 sådant
444 276 69 20 arbete
527 275 24 27 pä
566 275 151 26 tjenstehjonets
731 274 109 21 bekostnad
854 275 30 18 för
897 275 43 24 lega

198 302 114 26 verkställa,
328 303 39 20 och
380 302 109 20 kostnaden
503 302 78 21 Jerföre
595 301 10 20 ä
619 301 151 27 tjenstehjonets
783 302 32 19 lön
829 300 84 20 afkorta.

250 334 70 22 Likaså
335 335 32 20 mä
382 335 44 25 ock,
442 336 34 19 när
490 333 118 27 tjenstehjon
623 335 20 19 af
655 333 126 21 vårdslöshet
794 333 111 29 förderfvar
915 333 26 29 el-

197 362 29 20 ler
240 362 59 20 förfar
320 362 128 20 husbondens
462 362 103 26 egendom,
581 361 107 27 ersättning
701 360 78 20 derföre
794 360 20 20 af
827 361 114 24 tjenstehjo-

197 392 44 16 nets
255 389 33 20 lön
302 388 115 21 innehällas.

251 421 77 20 Räcker
347 420 150 27 tjenstehjonets
518 421 31 20 lön
566 420 6 19 i
585 420 60 20 dessa
659 420 31 20 fall
705 419 18 26 ej
738 419 34 26 till,
787 419 58 27 gälde
859 418 83 26 tjenste-

198 447 68 26 hjonet
279 447 74 21 bristen
367 448 46 20 med
431 453 61 15 annan
510 447 31 21 sin
555 447 103 26 egendom.

539 501 10 26 $
565 501 30 20 13.

250 539 131 20 Framhärdar
395 539 126 26 tjenstehjon,
535 545 45 14 som
589 539 30 20 för
629 539 55 20 visad
693 539 146 26 försummelse,
851 539 88 26 tredska,

196 565 128 27 opälitlighet,
344 566 64 26 fylleri
428 567 47 19 eller
489 569 59 17 annat
561 565 70 20 oskick
648 565 75 26 ådragit
740 565 30 25 sig
786 565 155 26 föreställningar

197 592 48 20 eller
258 598 35 20 aga
307 592 5 20 i
327 592 25 20 Je
365 593 31 20 fall
412 592 60 20 sådan
488 593 59 25 enligt
561 592 62 20 denna
637 592 110 25 författning
759 595 22 17 är
791 592 80 24 tillåten,
886 592 6 19 i
908 592 34 20 sitt

197 618 85 28 okynne,
302 619 46 20 eller
366 619 54 20 visar
436 619 30 26 sig
473 618 86 27 otroget
575 619 47 19 eller
636 618 103 26 oskickligt
752 618 6 20 i
772 618 92 26 tjensten,
880 618 62 20 varde

196 645 83 20 derutur
294 645 56 21 vräkt
365 644 24 27 pä
404 647 39 18 sätt
456 646 7 18 i
476 645 11 25 $
501 646 11 19 3
527 645 58 26 sagdt
601 646 28 24 är,
648 645 46 20 med
709 646 70 20 förlust
791 646 21 19 af
824 646 63 24 lönen,
903 645 38 20 och

196 671 74 21 erhälle
285 671 69 21 sädant
368 672 142 26 afskedsbetyg
523 672 34 20 det
571 670 100 28 förtjenar.

248 705 84 20 Tilltalar
347 704 105 21 husbonde
470 704 33 20 vid
518 704 86 21 domstol
621 703 120 27 tjenstehjon
758 704 30 21 för
801 704 25 20 fel
841 705 47 20 eller
901 704 40 20 för-

196 731 95 27 brytelse,
308 737 44 14 som
366 731 51 20 förut
430 736 71 22 genom
515 731 131 25 föreställning
660 731 47 20 eller
721 737 36 21 aga
771 730 17 26 ej
803 731 63 20 blifvit
878 732 63 20 förso-

196 758 44 24 nad,
256 758 49 20 skall
320 757 126 27 tjenstehjon,
462 764 43 15 som
519 758 64 20 dertill
592 758 63 20 finnes
665 758 66 26 saker,
742 758 90 21 dömmas
843 761 34 23 att,
891 757 50 21 efter

195 785 73 20 sakens
282 784 145 26 beskaffenhet,
442 784 97 28 ätergifva
553 784 180 27 städjepenningen,
749 785 45 20 böta
805 786 43 19 hela
858 786 48 20 eller
916 790 24 15 en

195 811 33 21 del
242 810 20 21 af
275 812 63 24 lönen,
354 814 53 18 samt
420 813 74 19 ersätta
509 811 81 21 skadan.

538 865 12 26 $
565 865 32 20 14.

249 903 44 20 Med
313 902 126 27 tjenstehjon,
460 909 43 14 som
524 903 63 20 under
601 903 95 20 förbuden
711 903 26 20 tid
752 903 67 21 träffas
834 903 11 20 ä
860 904 77 27 krogar,

196 929 72 21 källare
288 929 47 20 eller
352 929 154 26 näringsställen,
523 930 53 24 eller,
592 933 47 17 utan
651 930 115 21 husbondes
775 929 94 27 tillstånd,
880 931 60 26 begif-

196 961 35 15 ver
252 955 31 26 sig
304 956 103 25 hemifrån,
426 957 46 19 eller
488 957 79 19 utöfver
581 957 90 25 lofgifven
686 957 28 20 tid
728 957 29 20 sin
772 957 115 20 hemkomst
900 959 39 18 för-

195 982 73 25 dröjer,
277 983 48 19 eller
335 983 56 19 öfver
401 985 65 18 natten
477 983 110 25 uteblifver,
597 984 83 19 förfares
690 983 67 20 såsom
764 984 5 19 i
776 983 163 27 nästföregäende

196 1009 10 25 $
220 1009 56 26 sagdt
290 1010 28 19 är.

537 1063 10 26 $
562 1063 32 20 15.

249 1100 133 27 Tjenstehjon,
401 1107 45 14 som
462 1101 30 26 sig
505 1102 46 20 med
565 1101 36 20 ord
615 1102 47 20 eller
675 1101 80 26 gerning
769 1103 103 25 uppsätter
886 1106 55 17 emot

195 1127 109 24 husbonde,
320 1127 111 20 matmoder
444 1128 47 20 eller
505 1128 38 19 den
557 1129 5 18 i
576 1127 59 21 deras
649 1129 56 19 ställe
719 1131 40 17 satt
767 1130 28 24 är,
807 1129 78 21 straffas
896 1135 43 14 som

192 1154 58 26 lagen
260 1154 5 19 i
277 1154 25 20 15
312 1153 45 26 kap.
368 1154 211 26 Missgerningsbalken
589 1155 38 19 och
634 1155 87 25 gällande
728 1155 132 26 författningar
867 1156 71 20 derom

194 1180 70 20 förmä.

537 1234 10 25 $
562 1236 32 18 16.

242 1270 60 28 Stjäl,
319 1272 73 18 snattar
406 1271 48 19 eller
469 1270 136 26 uppsäteligen
620 1270 59 21 förfar
693 1272 47 19 eller
753 1271 127 26 undandöljer
890 1271 49 26 tjen-

192 1296 81 25 stehjon
288 1296 58 28 nägot
359 1296 21 20 af
392 1297 115 19 husbondes
521 1298 104 25 egendom,
641 1297 78 20 straffes
737 1298 50 20 efter
801 1298 10 20 1
827 1298 10 26 $
851 1299 25 20 42
891 1298 45 26 kap.

194 1322 227 26 Missgernings-balken.

535 1377 10 26 $
561 1378 31 20 17.

246 1417 134 27 Tjenstehjon,
403 1425 44 14 som
464 1422 101 17 ovarsamt
579 1420 46 21 med
639 1420 30 20 eld
685 1420 76 27 umgäs,
778 1421 80 20 straffas
872 1427 44 15 som
931 1418 5 19 i

191 1445 29 20 24
235 1444 45 27 kap.
296 1445 192 27 Byggninga-balken
502 1447 65 25 säges.
