992 1703
269 138 71 23 Nådiga
352 139 138 23 Propositionen
504 139 35 18 N:o
552 140 27 17 50.
752 140 45 19 1673

56 187 76 20 samhet
153 187 37 20 kan
213 193 45 15 vara
278 188 20 20 af
314 189 62 20 nöden
390 188 24 21 då
430 195 24 14 en
468 189 181 26 tidningsutgifvare
663 188 79 26 sjuknat
756 190 38 19 och

56 213 77 21 derföre
147 214 95 20 behöfver
256 215 82 20 vikarie.

108 241 59 19 Emot
184 241 24 20 10
223 247 60 14 mom.
300 242 20 19 af
333 242 24 19 43
372 241 16 26 $,
404 242 36 20 der
453 242 34 20 det
500 241 89 26 föreslås,
608 244 28 17 att
650 247 45 15 man
709 242 6 19 i
729 243 64 24 perio-

55 266 45 20 disk
120 267 58 20 skrift
198 267 62 20 skulle
281 271 45 16 utan
348 268 83 21 tillstånd
452 269 20 19 af
487 269 37 19 den
541 268 85 19 litterära
643 274 73 20 egaren
733 268 19 20 få
766 269 29 20 af-

54 293 68 26 trycka
139 294 47 19 eller
199 294 107 19 öfversätta
324 295 80 25 »utdrag
418 301 24 13 ur
456 295 79 20 skrifter
549 294 150 26 offentliggjorda
714 295 5 19 i
729 301 65 14 annan

54 320 71 23 form«,
142 320 36 19 har
193 320 99 19 Utskottet
306 321 95 24 anmärkt,
417 323 28 18 att
459 321 61 20 denna
535 320 91 20 tillåtelse
638 322 35 19 lätt
687 321 66 20 kunde
766 321 28 20 till

53 345 76 26 förfång
143 346 31 19 för
187 346 37 20 den
238 347 87 19 litteräre
341 353 72 19 egaren
430 348 124 19 missbrukas
569 346 88 26 sålunda,
679 350 28 17 att
721 349 73 18 största

52 372 56 20 delen
129 372 20 20 af
168 373 73 20 dennes
258 373 68 21 arbete
344 374 65 20 blefve
422 374 5 19 i
442 374 73 26 tidning
529 373 86 26 aftryckt
629 374 46 19 eller
689 374 104 20 öfversatt.

53 399 101 19 Utskottet
168 400 36 18 har
212 399 78 21 derföre
303 400 53 20 velat
365 400 79 23 föreslå,
455 403 27 17 att
492 400 127 20 omförmålda
629 399 91 27 rättighet
730 401 65 19 skulle

54 426 107 25 begränsas
178 426 26 19 till
221 426 136 25 återgifvande
374 426 20 20 af
406 428 83 19 allenast
504 427 96 19 kortare
614 426 71 26 utdrag
699 433 24 13 ur
737 427 58 19 skrif-

53 454 36 23 ter,
106 458 43 13 som
164 452 63 20 blifvit
240 452 154 27 offentliggjorda
408 453 5 19 i
428 459 62 14 annan
505 454 57 19 form.

106 479 8 19 I
129 479 23 19 17
168 478 10 25 $
192 480 22 18 är
228 479 64 25 sagdt:
312 480 50 20 »Om
376 480 133 25 boktryckare
523 480 20 19 af
555 485 24 15 en
594 479 47 19 eller
654 484 64 15 annan
733 479 58 21 orsak

53 504 24 26 på
98 504 63 26 någon
182 504 26 20 tid
228 506 81 20 hindras
326 508 29 18 att
371 505 46 26 sjelf
429 506 63 20 drifva
507 507 34 19 sitt
553 506 58 26 yrke,
627 504 32 20 må
673 505 70 21 sådant
757 506 36 20 ske

52 536 71 21 genom
144 531 64 20 dertill
229 534 82 30 antagen
333 532 142 26 föreståndare,
494 532 80 21 hvilken
591 532 79 19 innehar
684 532 25 20 de
723 533 5 19 i
742 532 11 26 $
769 534 24 19 14

52 559 117 20 föreskrifna
190 557 66 22 ålders
276 565 22 14 år
318 560 38 19 och
376 560 128 25 egenskaper;
525 559 52 20 dock
595 558 42 26 bör,
659 559 57 20 innan
729 559 64 26 någon

52 585 57 19 skrift
122 585 30 20 för
166 585 158 26 föreståndarens
342 586 82 26 räkning
440 586 42 20 från
496 586 108 27 tryckeriet
617 585 64 26 utgår,
704 587 89 18 anmälan

50 611 69 20 derom
134 611 37 20 ske
185 611 36 20 hos
235 612 161 27 Öfverstyrelsen
411 614 38 19 och
464 613 47 20 dess
525 612 90 21 tillåtelse
629 612 30 19 för
672 611 122 21 förestända-

52 643 34 14 ren
108 641 28 17 att
152 638 63 20 drifva
233 639 109 25 tryckeriet
356 639 96 25 afvaktas,
468 639 33 20 vid
516 639 34 20 bot
563 639 21 19 af
597 638 115 20 femhundra
727 639 64 19 mark.

52 665 40 24 Lag
112 670 76 14 samma
210 671 47 13 vare
274 671 32 13 om
323 665 129 27 boktryckeri
467 665 116 20 arrenderas
598 665 48 27 eller
659 664 92 26 upplåtes
765 665 28 19 till

50 690 96 20 korkurs.
175 691 146 26 Boktryckares
342 691 50 21 enka
413 697 36 20 ege
467 692 92 25 rättighet
573 693 28 17 att
615 690 46 25 sjelf
673 690 74 20 förestå
761 692 32 18 rö-

50 718 71 24 relsen,
144 717 61 20 sedan
222 718 39 19 hon
278 718 24 25 på
320 718 60 20 sådan
394 718 97 25 anmälan,
514 724 44 14 som
572 718 5 18 i
592 718 10 26 $
617 717 24 19 16
655 719 22 17 är
691 717 102 20 föreskrif-

50 749 44 20 ven,
114 744 63 20 dertill
195 744 81 20 erhållit.
288 744 173 27 Öfverstyrelsens
479 744 106 20 tillstånd«.
613 743 59 20 Emot
685 744 59 20 dessa
759 744 35 20 be-

52 770 121 26 stämningar
187 770 35 20 har
236 770 100 21 Utskottet
350 771 96 25 anmärkt,
462 771 43 20 dels
519 774 28 16 att
561 770 34 20 det
608 774 49 16 vore
671 770 79 26 obilligt,
766 773 29 17 att

51 797 148 20 boktryckaren
214 797 71 25 skulle,
302 798 28 19 för
344 801 105 17 ansvarets
464 797 151 27 öfverflyttande
625 796 29 28 på
663 797 37 19 den
710 799 83 24 antagne

50 823 150 20 föreståndaren
217 824 47 20 eller
278 824 134 23 arrendatorn,
428 825 85 19 behöfva
528 824 77 20 afvakta
620 823 173 27 Öfverstyrelsens

49 850 84 20 tillstånd
148 851 58 19 äfven
220 851 6 19 i
229 851 49 26 den
293 851 93 20 händelse
400 854 28 16 att
442 850 147 20 föreståndaren
604 851 47 19 eller
665 850 127 20 arrendatorn

50 877 114 20 sedermera
186 878 20 19 af
224 878 162 26 Öfverstyrelsen
406 878 88 26 gillades,
518 880 51 17 samt
589 880 27 16 att
637 878 32 20 det
686 876 61 20 borde
762 877 30 19 för

50 904 112 20 ändamålet
176 910 46 14 vara
237 904 117 26 tillräckligt,
370 906 28 18 att
412 904 147 27 boktryckaren
574 904 52 19 inom
635 904 42 19 viss
687 903 34 25 tid,
733 906 14 16 t.
758 909 32 14 ex.

50 930 40 20 åtta
110 931 60 25 dagar
190 931 50 20 efter
260 931 160 20 föreståndarens
446 932 45 19 eller
515 931 139 19 arrendatorns
674 930 116 25 antagande,

50 957 68 25 gjorde
141 957 122 26 vederbörlig
282 958 90 20 anmälan
392 958 69 20 derom
479 958 38 19 och
534 957 108 20 emellertid
658 956 45 26 sjelf
716 956 57 20 stode
787 956 5 19 i

50 985 126 25 ansvarighet
195 985 29 19 för
245 985 108 25 tryckeriet
369 985 83 19 allenast
465 985 6 19 i
485 985 45 25 den
538 984 99 26 händelse,
653 986 28 17 att
695 982 98 20 förestån-

51 1011 60 19 daren
129 1011 47 19 eller
193 1011 127 20 arrendatorn
339 1012 43 19 icke
398 1011 66 20 blefve
480 1012 21 18 af
516 1012 161 24 Öfverstyrelsen
693 1010 98 25 godkänd,

50 1047 26 4 —
91 1040 51 17 samt
159 1037 43 20 dels
219 1040 27 17 att
264 1038 142 25 boktryckares
424 1038 50 19 enka
488 1037 68 24 borde,
579 1037 45 19 med
639 1037 113 25 skyldighet
765 1039 28 16 att

52 1063 53 20 inom
126 1064 120 20 sisthämnda
267 1064 26 20 tid
313 1065 46 24 göra
380 1065 99 19 enahanda
499 1064 94 25 anmälan,
616 1063 18 20 få
653 1065 70 23 genast
743 1063 50 19 efter

51 1096 96 14 mannens
164 1091 38 20 död
220 1091 25 26 på
260 1093 44 24 eget
318 1096 73 15 ansvar
405 1091 47 20 eller
466 1096 70 21 genom
551 1090 92 25 ansvarig
657 1088 135 21 föreståndare

52 1117 89 20 fortsätta
156 1117 48 20 hans
220 1118 81 25 rörelse,
318 1117 81 20 emedan
414 1116 57 27 eljest
484 1120 29 17 ett
526 1117 29 20 för
564 1117 131 20 allmänheten
708 1116 85 25 obehag-

50 1144 36 25 ligt
106 1144 93 25 uppehåll
221 1144 66 20 måste
307 1144 36 20 ske
362 1145 5 18 i
387 1144 120 25 utgifvandet
524 1144 21 19 af
557 1150 23 13 en
595 1143 80 25 tidning,
691 1148 44 14 som
749 1142 42 20 från

50 1171 109 25 tryckeriet
174 1171 110 19 utkommit.
303 1171 94 19 Deremot
412 1171 61 20 borde
487 1177 24 13 en
525 1169 62 21 sådan
602 1169 92 25 rättighet
708 1172 29 17 att
746 1170 47 19 fort-

50 1199 50 18 sälla
115 1203 93 13 mannens
223 1198 50 26 yrke
287 1197 45 20 icke
346 1198 107 19 tillkomma
471 1197 55 25 enka,
549 1196 38 20 ifall
601 1197 38 19 hon
655 1201 48 14 vore
717 1196 74 20 sakfäld

50 1224 29 19 för
98 1224 70 26 nesligt
189 1224 52 20 brott
259 1225 48 19 eller
323 1224 65 20 blefve
404 1224 50 20 stäld
468 1224 63 19 under
544 1222 173 26 förmynderskap,
733 1222 59 20 hvar-

49 1251 43 19 före
106 1253 26 17 ett
148 1251 65 25 tillägg
227 1251 68 19 derom
310 1250 62 20 borde
385 1251 26 19 till
427 1252 23 18 17
466 1250 10 26 $
490 1252 64 24 göras.

104 1278 7 18 I
130 1278 23 19 18
170 1277 11 25 $
197 1276 81 21 föreslås
293 1280 27 17 att
335 1277 132 27 boktryckare
480 1277 48 19 skall
543 1276 45 20 böta
603 1275 116 20 femhundra
733 1276 56 18 mark

50 1303 53 21 såväl
119 1309 32 14 om
167 1304 37 19 han
219 1304 81 26 trycker
316 1304 99 26 periodisk
432 1304 64 24 skrift,
512 1304 56 18 innan
583 1303 37 19 han
634 1302 63 20 blifvit
711 1301 79 20 försedd

50 1330 46 19 med
113 1330 101 19 bevittnad
232 1330 76 19 afskrift
325 1331 20 18 af
357 1327 174 29 Öfverstyrelsens
545 1328 142 20 tillståndsbref
699 1328 29 19 för
741 1328 48 19 dess

50 1356 100 24 utgifning,
166 1361 44 13 som
224 1361 32 13 om
270 1357 38 18 han
322 1356 80 25 trycker
416 1356 54 25 dylik
484 1355 58 20 skrift
555 1354 46 20 med
612 1354 84 24 vetskap
705 1356 28 16 att
743 1354 47 18 dess

50 1381 114 26 utgifvande
178 1381 61 20 blifvit
253 1382 86 19 instäldt.
358 1382 43 19 Men
416 1387 43 14 som
473 1380 122 21 tidskriftens
610 1380 97 28 utgifvare
717 1379 71 24 skulle,

52 1408 58 26 enligt
129 1409 12 18 4
163 1413 59 15 mom.
241 1408 5 19 i
264 1409 24 19 43
306 1409 17 25 $,
342 1408 78 19 komma
434 1411 28 17 att
476 1409 5 18 i
496 1408 51 19 förra
561 1407 107 19 händelsen
683 1406 45 19 böta
743 1405 46 30 alle-

50 1438 45 17 nast
115 1435 103 20 etthundra
239 1435 62 25 mark,
323 1434 21 21 så
365 1436 35 19 har
418 1435 33 20 det
468 1437 56 24 synts
541 1433 100 21 Utskottet
654 1438 47 15 vara
715 1432 72 26 obilligt
