967 1709
183 149 45 20 1650
397 149 71 21 Nådiga
479 148 141 23 Propositionen
633 147 37 17 N:o
682 148 28 16 50:

183 202 56 17 emot
252 198 110 26 husbonde,
378 198 112 20 matmoder
503 196 47 21 eller
563 197 83 23 förman,
661 196 59 26 enligt
734 196 25 20 15
780 192 46 29 kap.
847 199 71 16 sammi

183 226 53 19 Balk.

237 252 37 19 För
287 251 25 20 de
326 251 5 19 i
345 250 63 20 denna
422 250 11 26 $
446 250 84 20 nämnde
544 249 129 26 förbrytelser
686 254 48 14 vare
746 248 74 26 jemväl
834 248 86 26 stadgan-

183 278 51 20 dena
248 278 6 20 i
268 278 10 26 $
293 278 24 20 32
332 278 5 18 i
352 277 112 26 tillämpliga
477 277 55 20 delar
544 276 95 26 gällande.

524 330 10 26 s
548 330 33 20 32.

237 368 38 21 Vid
295 368 193 28 tryckfrihetsbrotts
509 366 128 27 bestraffning
656 366 49 27 gälle
726 366 84 26 följande
830 367 94 20 allmänna

184 396 152 26 bestämningar:

238 424 40 18 1:0.
308 422 40 20 Alla
362 421 102 27 exemplar
478 421 20 20 af
510 421 38 20 den
561 420 111 26 förgripliga
686 420 89 24 skriften,
798 425 44 15 som
862 419 63 21 finnas

184 449 6 19 i
204 449 134 25 författarens,
347 449 128 25 utgifvarens,
486 448 139 26 förläggarens,
636 447 124 26 tryckarens,
771 446 154 29 bokhandlares,

185 474 113 27 kolportörs
312 475 47 19 eller
373 480 61 14 annan
449 474 122 26 utspridares
586 472 61 27 värjo,
663 472 131 25 konfiskeras;
809 472 53 20 dock
872 478 17 20 ej
898 472 27 20 till

186 502 64 19 större
263 500 30 21 del
308 502 24 18 än
346 500 33 21 det
394 502 46 19 eller
454 501 24 20 de
493 501 52 24 blad,
562 500 65 20 häften
637 500 47 20 eller
692 502 71 21 tomer,
780 499 78 20 hvilkas
872 499 55 19 inne-

186 527 39 21 håll
240 527 62 21 blifvit
316 527 98 26 brottsligt
428 527 112 21 förklaradt.
556 527 37 20 Det
606 526 82 20 sålunda
702 526 139 20 konfiskerade
855 524 32 21 mä
908 524 18 26 ej

187 554 101 26 utspridas
302 555 46 19 eller
362 553 51 27 ånyo
426 556 94 24 utgifvas,
535 554 34 19 vid
583 554 91 25 äfventyr
688 555 27 17 att
730 552 38 20 den
782 553 33 19 det
829 552 35 26 gör
878 552 48 20 skall

186 580 70 21 stånda
269 581 180 25 författareansvar,
465 583 45 17 utan
525 580 61 20 varde
600 579 108 20 detsamma
721 578 101 26 förstördt,
832 580 39 18 och
879 578 46 26 den,

186 613 44 14 som
244 613 59 14 anser
316 607 30 25 sig
359 607 114 26 derigenom
486 608 56 24 bragt
556 606 25 26 på
595 606 110 26 oförskyldt
718 606 83 26 lidande,
812 605 32 20 må
855 612 32 14 om
898 612 30 14 er-

187 634 86 26 sättning
287 634 65 20 derför
367 634 51 20 hålla
432 634 30 26 sig
475 634 27 20 till
516 634 38 20 den
575 633 109 25 brottslige.
719 634 7 18 1
746 633 60 20 dessa
826 632 32 20 fall
878 634 49 24 gälle

186 661 60 19 äfven
260 660 104 20 nedanföre
379 664 97 22 upptagna
490 660 121 26 stadganden
624 660 6 20 i
645 660 110 26 tillämpliga
770 660 54 20 delar
834 659 25 21 till
870 660 58 19 efter-

186 688 88 20 rättelse.

240 714 41 20 2:0.
310 714 102 25 Utgifvare
425 714 21 20 af
458 714 100 26 periodisk
572 713 58 20 skrift
643 713 85 25 umgälle
741 713 41 20 sina
800 712 128 28 förbrytelser

188 740 82 21 dubbelt
284 741 27 19 uti
326 742 36 19 alla
376 741 24 19 de
415 741 5 19 i
435 740 10 26 $
460 741 23 20 31
497 744 97 22 upptagna
608 740 38 25 fall,
662 740 36 20 der
712 740 76 20 straffet
802 740 17 25 ej
834 742 22 18 är
870 740 59 20 urbo-

188 770 26 17 ta.
243 768 39 25 Lag
296 773 76 14 samma
386 773 47 14 vare
447 773 33 15 om
492 768 93 24 brottslig
599 767 57 19 skrift
669 767 5 19 i
688 767 51 19 form
754 767 21 19 af
786 768 66 24 plakat
866 767 62 20 blifvit

188 793 10 21 å
212 794 80 20 allmänt
306 794 56 20 ställe
376 795 97 25 anslagen.

243 821 40 19 3:0.
312 820 40 20 Har
365 820 62 26 någon
442 820 67 26 begått
522 820 48 20 flera
582 820 128 27 förbrytelser
718 822 55 18 emot
782 820 62 20 denna
854 820 75 20 förord-

187 848 46 25 ning
247 848 48 19 skall
310 848 37 19 han
362 848 93 19 särskildt
468 848 82 25 umgälla
564 848 50 19 hvar
628 847 39 20 och
681 852 24 14 en
719 848 20 18 af
752 847 52 26 dem,
820 849 55 18 utom
888 848 4 18 i
903 848 25 19 de

189 874 29 20 fall
234 877 28 17 att
276 875 38 19 han
327 873 51 27 gjort
391 874 29 26 sig
434 875 87 19 förfallen
535 875 89 25 antingen
645 874 26 20 till
686 873 116 27 dödsstraff,
817 874 112 20 lifstidsfän-

188 901 56 25 gelse
257 902 47 19 eller
318 901 70 25 högsta
403 901 130 26 kroppsplikt.

242 929 41 19 4:0.
312 928 41 20 Den
368 929 101 25 brottslige
490 934 47 14 vare
558 928 78 27 skyldig
655 930 28 18 att
702 928 52 24 gifva
774 927 30 20 sin
823 927 107 27 vederpart

188 955 43 19 fullt
246 954 113 21 stadestånd
373 956 29 18 för
416 956 23 18 all
455 957 71 18 honom
540 960 71 20 genom
623 954 261 27 tryckfrihetsförbrytelsen
894 955 36 20 till-

189 981 92 27 skyndad
295 982 69 19 förlust
378 982 38 19 och
429 982 31 19 för
473 982 23 20 all
511 982 38 20 den
563 981 83 20 kostnad
660 987 43 14 som
719 982 26 20 till
768 981 129 21 utkräfvande
911 982 20 20 af

188 1004 124 36 upprättelse
323 1008 87 28 skäligen
424 1008 108 20 användes.

244 1036 38 18 5:0.
312 1035 100 20 Äterfall
409 1030 10 37 i
433 1035 182 27 tryckfrihetsbrott
635 1040 59 14 anses
714 1034 67 20 såsom
801 1034 129 22 försvårande

190 1062 146 26 omständighet
349 1062 6 18 i
368 1062 36 20 alla
418 1062 24 20 de
457 1062 37 24 fall,
510 1062 36 20 der
556 1061 86 21 straffets
653 1061 74 20 storlek
738 1062 59 20 beror
806 1062 20 20 af
834 1062 95 20 domstols

189 1084 96 34 pröfning.
792 1096 2 5 )
906 1088 4 2 N

244 1115 40 19 6:0.
314 1114 7 20 I
335 1114 35 20 alla
386 1114 173 26 tryckfrihetsmäl,
575 1114 36 20 der
625 1114 24 20 till
668 1120 74 14 ansvar
762 1114 98 25 Jömmes,
882 1120 49 15 vare

190 1140 37 20 den
241 1140 122 20 förnärmade
378 1143 68 23 parten
460 1140 110 27 berättigad
583 1143 29 17 att
625 1140 5 20 i
648 1140 38 20 den
701 1141 21 20 af
736 1141 78 20 landets
835 1141 97 26 tidningar

190 1168 36 19 han
242 1168 78 23 önskar,
337 1167 23 26 pä
375 1167 30 20 sin
420 1168 163 20 vederdelomans
596 1168 117 24 bekostnad,
728 1168 132 26 offentliggöra
875 1168 56 25 dom-

190 1194 73 20 stolens
278 1194 70 25 utslag.

244 1222 40 18 7:0.
314 1221 48 23 Den,
378 1226 44 14 som
436 1219 76 22 erhållit
526 1220 86 21 tiliständ
626 1221 26 20 till
662 1220 113 26 utgifvande
784 1221 20 19 af
819 1220 63 26 någon
895 1221 35 21 tid-

191 1245 56 20 skrift
262 1252 45 13 men
322 1247 41 19 deri
376 1247 35 25 gör
425 1248 29 24 sig
468 1247 78 25 skyldig
556 1248 25 18 till
592 1247 58 19 svåra
660 1248 47 18 eller
716 1247 40 19 ofta
766 1247 95 25 förnyade
871 1248 60 18 miss-

190 1272 50 19 bruk
256 1272 20 19 af
288 1272 149 26 tryckfriheten,
453 1274 61 18 varde
527 1273 20 19 af
559 1272 84 20 domstol
659 1272 96 20 förklarad
776 1272 28 20 sin
825 1272 106 26 utgifvare-

190 1298 92 46 rättighet
297 1299 88 25 förlustig
398 1299 39 19 och
451 1299 80 25 ovärdig
545 1302 27 16 att
586 1302 58 17 annat
658 1299 62 25 dylikt
740 1298 86 21 tillstånd
846 1299 85 20 framde-

198 1330 22 14 es
234 1323 67 22 undfå,

531 1379 11 25 $
557 1379 31 20 33.

244 1416 122 20 Beträffande
380 1416 149 26 ansvarigheten
543 1417 30 20 för
582 1417 33 19 det
624 1417 100 27 brottsliga
735 1417 105 21 innehållet
852 1418 20 20 af
882 1418 51 20 icke-

192 1443 111 28 periodiska
318 1443 79 20 skrifter
412 1443 94 26 iakttages
521 1443 93 26 följande:
