981 1703
191 147 60 23 1568.
407 149 70 22 Nädiga
489 149 140 23 Propositionen
642 148 35 17 N:o
687 148 29 17 48:

243 200 51 23 Lag:
306 204 75 14 samma
395 204 55 14 vare
464 205 30 13 om
509 198 103 20 husbonde
624 199 74 23 :vägrar
712 197 154 25 afskelsbetyg,'
876 196 53 25 eller,

188 225 24 19 dä
227 226 34 19 Jet
275 224 50 20 skall
341 224 93 24 utfärdas,
451 228 22 16 är
487 224 131 20 frånvarande
633 227 44 16 utan
689 226 31 16 att
733 224 58 18 hafva
806 224 51 18 ställt
868 228 62 14 annan

188 252 30 19 för
232 252 36 19 sig.

237 264 53 44 Den,
307 284 43 14 som
368 277 117 26 tjenstehjon
500 278 44 20 med
560 276 72 21 sädana
646 277 57 20 bevis
718 277 4 19 i
738 276 90 26 oträngdt
842 276 38 20 mål
896 276 35 20 till-

189 304 106 27 handagär,
311 305 45 20 böte
371 304 66 22 trettio
451 305 63 19 mark.

530 358 11 25 5
556 358 32 19 31.

242 397 90 20 Skrifver
346 396 122 26 tjenstehjon
482 397 48 20 eller
543 396 50 21 läter
607 396 74 19 skrifva
695 395 51 20 falsk
761 395 114 20 orlofssedel
886 395 46 20 eller

188 424 149 26 afskedsbetyg,
360 424 48 19 eller
428 423 100 20 förändrar
546 423 46 20 eller
606 423 89 20 förändra
710 422 49 20 låter
773 423 24 20 Je
812 423 4 18 i
831 423 60 19 Jessä
906 423 27 19 af-

190 451 87 20 seenden
292 450 86 25 erhållna
392 451 65 26 betyg,
474 450 78 20 straffes
571 449 119 26 tjenstehjon
704 450 39 19 och
757 445 35 36 den
801 445 83 36 härtill:
888 450 44 25 halp

188 477 48 20 eller
250 477 34 20 råd
300 477 37 26 gaf,
353 483 43 13 som
412 478 5 19 i
432 478 10 19 3
455 477 7 25 $
478 478 10 19 8
499 478 44 25 kap.
557 477 219 25 Missgernings-balken
786 477 88 25 stadgas;
885 476 47 27 fylle

188 504 36 19 ock
239 505 25 18 all
278 504 62 19 skada
354 503 57 20 deraf
424 505 63 18 timat.

532 557 10 26 $
556 558 32 19 32.

242 595 63 25 Begär
318 595 120 26 tjenstehjon
453 596 32 19 vid
499 595 137 26 tjenstetidens
649 595 39 20 slut
698 598 28 17 att
736 594 61 21 återfå
808 595 123 26 orlofssedel,

190 621 75 26 hvarpä
280 622 34 19 Jet
328 622 59 19 redan
402 622 55 26 tjent,
474 622 31 20 mä
520 622 70 20 sädant
604 621 17 25 ej
636 622 71 25 nekas;
723 621 51 20 dock
789 622 47 19 skall
847 621 84 20 husbon-

191 649 31 24 Je,
243 649 58 19 innan
322 648 36 21 slik
378 649 70 25 uttjent
462 649 114 20 orlofssedel
592 649 103 24 utiemnas,
712 649 90 25 antingen
817 649 121 19 öfverkorsa:

190 675 117 19 densamma
322 675 46 20 eller
382 677 39 17 ock
435 675 11 20 ä
461 675 99 20 frånsidan
574 675 72 19 teckna
660 678 28 16 att
702 681 26 20 ny
742 675 115 20 orlofssedel
871 675 21 19 af
900 676 34 18 ho-

190 707 46 14 nom
250 702 64 19 blifvit
327 701 97 21 utfärdad.

244 728 39 20 Gör
298 729 37 18 han
351 728 17 24 ej
383 728 59 25 detta,
458 729 50 20 böte
518 729 73 19 femton
608 728 63 25 mark,
688 730 38 18 och
739 728 62 26 gälde,
818 734 32 14 om
865 728 70 20 oriofs-

190 753 70 47 KT
272 754 20 20 af
305 754 141 26 tjenstehjonet
463 755 129 25 missbrukas,
609 754 73 26 jemväl
700 756 24 19 all
739 755 57 20 deraf
809 754 123 26 uppständen

190 780 68 20 skåda.

532 820 10 25 $
557 820 31 19 33.

242 858 122 28 Missbrukar
385 856 121 26 tjenstehjon
523 856 72 26 uttjent
609 858 115 20 orlofssedel
738 858 38 20 och
790 860 55 23 tager
860 857 73 21 städsel
948 857 2 2 '

190 882 54 22 såväl
259 883 68 27 derpå,
344 890 43 14 som
401 884 24 25 på
435 878 33 36 sin
480 885 42 19 sist
536 883 86 21 erhållna
638 884 122 25 orlofssedel,
776 884 52 26 tjene
844 885 37 20 hos
895 885 37 20 den

190 917 43 13 som
246 911 38 19 den
299 911 119 19 sistnämnda
433 911 129 24 orlofssedeln
577 911 108 25 emottagit,
701 914 52 17 samt
767 912 45 20 böte
825 912 29 18 för
862 912 72 20 bedrä-

189 938 62 25 geriet'
265 938 73 19 hälften
352 938 20 19 af
384 938 38 19 Jen
437 937 23 25 pä
475 936 37 22 den
527 937 81 25 uttjenta
623 938 129 20 orlofssedeln
762 938 103 26 betingade
877 939 56 19 lönen

190 965 38 19 och
244 966 74 18 ersätte
332 964 81 20 skadan.

519 1026 14 22 5
547 1023 57 30 Kap.

501 1077 31 23 Om
548 1080 73 20 städsel.

534 1132 10 25 $
558 1132 31 19 34.

244 1168 39 20 När
297 1167 118 27 tjenstehjon
424 1169 73 19 företer
506 1170 81 24 behörig
597 1169 123 24 orlofsselel,
732 1170 46 19 eller
788 1169 69 20 sådant
866 1168 64 26 bevis,

192 1198 43 16 som
249 1195 5 19 i
269 1194 10 25 $
291 1194 27 22 30
332 1195 22 19 är
368 1196 63 25 sagdt,
448 1201 46 19 eger
507 1202 61 13 annan
583 1196 103 19 husbonde
700 1196 34 19 det
737 1190 9 36 i
761 1196 28 19 sin
800 1195 61 26 tjenst
871 1195 62 27 städja

192 1222 39 18 och
246 1220 151 27 städjepenning
409 1222 49 19 efter
472 1222 204 20 öfverenskommelse
689 1223 59 26 gifva.

246 1246 170 21 HusbonUe'skall
431 1247 24 20 då
470 1248 38 19 ock
522 1249 26 19 till
561 1248 31 19 sin
607 1248 93 20 säkerhet
714 1242 116 36 orlofssedel
842 1250 51 20 eller
907 1250 27 18 of-

192 1274 122 19 vaninämnde
317 1269 9 35 '
329 1273 57 27 bevis
401 1274 21 19 af
434 1273 118 26 tjenstehjon
567 1277 50 22 taga.

245 1300 39 27 När
299 1299 22 20 så
337 1299 84 26 städjadt
435 1302 28 23 är,
477 1300 61 20 'hafve
552 1301 66 20 aftalet
633 1299 17 27 ej
661 1300 94 27 återgång
765 1302 46 19 utan
820 1301 114 27 ömsesidigt
949 1301 2 2 '

192 1326 111 26 samtycke.
560 1350 3 2 N

534 1353 70 26 835."

244 1391 158 27 Städjer:nägon
413 1391 122 27 tjenstehjön
552 1393 119 20 annorlunda
689 1395 23 18 än
726 1395 10 18 i
746 1393 163 26 nästföregäente
925 1394 9 25 $

190 1418 58 26 sagdt
263 1419 46 25 ärju
322 1414 54 37 vare:
385 1419 71 20 'aftalet
466 1414 7 37 -
476 1419 66 27 ogildt,
561 1421 43 19 och-
613 1420 46 20 den"
668 1421 74 24 utgifna
756 1420 176 27 städjepenningen

191 1445 70 26 gänge,
278 1451 32 14 om
324 1445 46 21 derå
386 1447 102 26 talas;-till:
498 1446 26 21 Je
537 1447 89 25 fattige.”
