998 1709
189 146 43 18 1378
417 145 70 22 Nådiga
499 146 140 22 Propositionen
652 146 36 16 N:o
700 145 28 17 41.

290 196 103 25 godonjuta
409 196 53 24 förut
477 195 28 25 på
520 201 64 13 annan
597 194 63 26 grund
675 194 81 26 lagligen
772 194 109 20 tillkommen
895 197 39 18 rätt

293 224 28 20 till
335 226 62 18 större
412 223 75 20 område
503 225 7 17 i
518 223 128 25 fiskevattnet.
874 232 15 8 sit

242 258 38 20 Om
295 257 86 20 enskildt
394 257 119 20 fiskevatten
527 258 22 18 är
562 256 23 20 så
600 256 110 20 beskaffadt
723 259 28 17 att
764 256 34 19 det
812 256 18 25 ej
841 258 35 18 har
886 258 47 24 syn-

190 285 35 19 bar
239 284 121 26 gemenskap
374 283 45 20 med
434 287 58 16 annat
507 286 72 23 vatten,
595 283 125 20 tillerkännes
730 283 47 20 dess
786 284 59 24 ägare
854 284 5 18 i
869 282 65 26 tredje

190 311 86 46 paikan
292 311 92 25 rättighet
398 313 29 17 att
440 310 105 20 Jerstädes
561 300 44 29 idka
620 309 50 20 fiske
684 311 34 18 när
732 311 37 18 och
785 310 51 19 huru
850 310 37 19 han
901 310 34 19 be-

191 338 70 25 hagar;
285 326 104 31 hvaremot
410 343 33 13 om
463 337 115 19 fiskvaltnet
598 336 42 19 står
656 336 6 19 i
679 337 122 24 gemenskap
818 337 45 19 med
878 339 58 16 annat

191 366 72 21 vatten,
280 364 49 19 eller
343 369 32 13 om
389 363 48 20 flera
451 365 35 23 äga
495 363 31 20 del
536 363 70 24 Jeruti,
618 363 122 19 Jetsammas
750 363 127 24 begagnande
886 363 49 18 skall

190 379 130 30 underkastas
338 389 25 20 de
379 389 170 26 inskränkningar,
568 395 43 14 som
629 389 5 18 i
649 389 83 25 följande
745 389 85 25 punkter
843 388 90 20 föreslås.

190 417 58 19 Emot
268 417 60 19 dessä
349 415 147 26 bestämningar
512 416 57 19 torde
586 415 100 26 grundade
704 415 150 26 anmärkningar
868 415 68 19 kunna

190 444 65 25 göras.
284 442 165 26 'Inskränkningar
470 443 4 18 i
493 443 149 25 äganderättens
657 442 45 19 fulla
719 442 87 31 utöfning
820 445 41 20 äro,
878 442 59 25 enligt

190 469 106 20 utskottets
314 469 59 25 äsigt,
392 469 71 20 endast
479 469 5 19 i
502 469 34 20 det
552 469 30 19 fall
600 469 131 30 berättigade,
749 468 25 20 dä
791 474 70 21 genom
876 468 61 20 sådan

189 497 87 30 utöfning
293 495 62 20 skada
370 485 41 30 kan
428 501 61 14 annan
507 496 90 25 tillfogas.
625 494 26 21 Pä
669 495 63 20 denna
751 496 62 24 grund
829 496 36 19 har
879 496 57 19 äfven

190 525 58 23 ägare
268 524 21 19 af
307 522 22 20 så
351 522 110 21 beskaffadt
481 522 61 24 fiske,
561 527 43 14 som
622 522 4 19 i
644 523 60 18 första
719 525 108 17 momentet
840 523 21 18 af
873 522 62 20 denna

191 549 62 26 punkt
267 549 132 24 omförmäles,
416 549 114 25 medgifvits
538 539 98 35 "rättighet
650 551 28 17 att
691 549 87 26 begagna
792 550 109 19 detsamma
911 548 25 27 på

192 578 38 17 sätt
246 577 73 18 honom
333 576 110 25 lämpligast
457 581 69 25 synes,
542 575 90 25 emedan,
648 581 32 14 om
695 576 57 19 äfven
767 575 57 20 fisket
835 575 100 20 bedrifves

190 601 26 27 på
229 605 29 17 ett
272 603 32 20 för
317 602 48 20 dess
379 601 123 24 fortbestånd
516 602 86 24 skadligt
620 603 47 24 sätt,
686 603 72 24 ägaren.
776 605 109 16 ensam-är
898 602 38 19 den

192 635 43 14 som
248 628 89 26 deruppå
347 629 93 19 förlorar.
470 629 82 19 Samma
566 628 41 19 skäl
623 618 65 29 kunna
698 621 54 26 dock
767 628 104 27 äberopas
878 629 59 18 äfven

190 656 7 18 i
212 656 33 19 det
259 656 43 24 fall,
322 657 27 17 att
366 654 33 20 tvä
418 656 47 19 eller
480 655 47 20 flera
541 656 35 23 öga
591 654 31 20 del
637 655 5 18 i
656 654 22 20 sä
693 654 110 21 beskaffalt
816 651 120 23 fiskevatten

191 683 65 18 —och
271 671 34 34 om
319 683 59 19 sättet
391 682 30 18 för
435 681 69 20 fiskets
519 681 127 19 bedrifvande
661 683 34 17 äro
711 687 55 14 ense.
794 681 75 26 Endast
883 681 5 19 i
898 681 39 19 Jen

192 707 96 21 händelse
302 708 27 19 att
344 714 24 13 en.
383 708 47 19 eller
443 713 64 14 annan
522 708 21 19 af
560 707 117 26 Jelägarena
695 706 17 26 ej
730 707 32 21 vill
779 707 87 26 deruppä
884 707 51 25 ingå,

191 737 48 18 utan
254 734 77 19 fordrar
346 737 27 16 att
386 734 67 25 lagens
468 733 119 26 stadganden
603 734 54 19 skola
672 734 120 24 efterlefvas,
808 734 35 20 bör
858 733 24 20 de
892 734 46 19 ofri-

194 767 35 18 gas
246 761 166 25 disposilionsrätt
429 761 26 19 till
473 761 115 18 fiskvattnet
605 760 125 25 inskränkas,
750 761 38 19 och
810 761 58 18 dessa
891 766 45 13 vara

191 788 81 31 pligtige
290 789 27 18 att
337 787 44 25 följa
398 786 25 21 de
440 787 94 20 allmänna
551 787 154 28 föreskrifterna.
727 777 111 35 ”Derjemte
856 787 38 19 och
912 786 25 20 då

191 813 18 20 få
229 814 107 20 fiskvatten
358 813 56 20 torde
431 813 73 24 finnas,
526 813 65 19 hvilka
609 812 17 25 ej
644 813 58 19 hafva
724 814 73 31 synbar
806 813 131 31 gemenskap

188 841 48 28 med
250 844 69 17 andra.
327 843 71 22 vatten,
415 845 45 15 men
475 843 28 17 ett
518 839 102 25 samband,
636 845 33 14 om
682 840 34 19 det
730 847 16 19 ej
762 842 21 18 är
793 839 21 20 sä
826 840 112 20 beskaffadt

188 865 30 22 att
232 868 38 19 fisk
284 868 47 20 eller
341 852 102 45 fiskyngel
458 867 38 20 kan
511 867 80 26 öfvergå
607 856 42 30 från
664 867 33 19 det
716 873 35 14 ena
770 869 76 17 vattnet
863 867 26 20 till
905 867 34 20 det

190 894 68 24 andra,
274 894 44 19 icke
333 894 35 19 bör
382 893 95 25 berättiga
490 893 144 26 lagstiftningen
650 895 28 17 att
692 893 98 20 förhindra
806 893 33 20 det
853 893 35 20 fria
903 894 33 19 be-

191 906 112 44 gagnandet
317 921 21 19 af
351 920 38 19 det
398 919 83 20 afskilda
494 919 123 25 fiskvattnet,
635 919 81 20 emedan
731 921 73 18 andras
812 921 39 18 rätt
860 919 77 26 derige-

190 952 46 13 nom
251 945 18 26 ej
288 947 38 19 kan
344 946 115 24 förnärmas,
478 952 62 19 synes
558 952 24 13 en
600 945 142 32 inskränkning
758 947 6 18 i
781 946 34 19 det
828 945 110 31 föreslagna

192 973 117 24 stadgandet
323 979 46 14 vara
387 973 21 18 af
421 962 110 38 billigheten
550 972 96 25 påkallad.
675 972 27 20 Pä
719 973 59 19 dessa
796 972 42 20 skäl
855 971 83 20 föreslår

192 999 100 20 utskottet
305 999 150 26 vördsammast
469 997 83 25 följande
568 999 78 25 lydelse
659 999 20 18 af
691 999 87 30 punkten
793 999 19 18 3.

296 1022 53 29 Äger
365 1025 62 26 någon
446 1025 80 20 enskildt
538 1026 124 25 fiskevatten,
682 1033 40 12 som
740 1026 16 25 ej
774 1026 37 19 har
824 1025 113 26 gemenskap

294 1054 42 19 med:
355 1057 60 16 annat
432 1056 72 20 vatten,
524 1054 45 19 eller
590 1054 33 19 ock
642 1057 23 15 är
680 1054 75 19 dermed
770 1054 89 21 förenadt
872 1060 67 19 genom

294 1082 71 20 sådant
385 1083 76 24 tillflöde
480 1077 44 35 eller
541 1082 74 25 aflopp,
636 1084 29 17 att
673 1083 41 25 fisk
733 1083 45 18 eller
786 1082 98 26 fiskyngel
898 1081 41 20 deri

295 1111 39 19 icke
348 1111 38 18 kan
396 1109 90 27 framgå,
502 1117 46 13 vare
568 1110 107 25 berättigad
690 1113 27 16 att
732 1111 103 19 detsamma
848 1110 91 25 begagna

296 1142 37 16 när
348 1139 33 18 och
395 1139 49 19 huru
458 1139 38 18 han
512 1139 89 24 behagar.
631 1139 43 25 Lag
689 1144 73 14 samma
776 1145 45 13 vare
840 1138 34 19 der
886 1139 53 24 flera

295 1170 39 22 äga
347 1167 32 18 del
394 1169 7 17 i
415 1167 44 19 slikt
467 1167 121 25 fiskevatten,
605 1169 49 17 samt
669 1174 30 12 om
713 1169 58 17 sättet
784 1167 32 25 för
831 1167 64 22 fiskets
912 1166 27 19 id-

295 1195 62 20 kande
371 1197 30 24 sig
411 1196 77 25 förena.
520 1195 74 25 Sämjas
610 1198 81 22 ägarene
707 1195 27 19 till
749 1197 69 17 vattnet
836 1195 39 19 icke
894 1195 43 18 här-

296 1230 31 13 om
341 1223 45 21 eller
400 1223 36 19 har
450 1225 72 18 vattnet
537 1223 61 20 sådan
606 1223 120 26 förbindelse
741 1223 41 20 med
798 1225 59 17 annat
866 1225 70 23 vatten,

296 1253 29 16 att
339 1251 42 24 fisk
400 1252 45 17 eller
458 1251 98 25 fiskyngel
574 1251 38 18 kan
632 1252 40 17 deri
681 1251 87 26 framgå,
783 1252 50 24 gälle
849 1251 30 19 vid
888 1250 58 25 fisk-.

295 1281 79 16 vattnets
390 1279 122 24 begagnande
527 1279 24 18 de
566 1279 168 24 inskränkningar,
752 1285 39 13 som
806 1279 73 18 komma
894 1280 43 17 att
929 1275 12 32 i

296 1305 87 26 afseende
398 1305 11 20 ä
419 1306 68 25 fiskets
504 1306 104 19 bevarande
624 1307 142 24 allmänneligen
776 1306 118 27 fastställas.

248 1333 124 27 Fiskynglets
386 1333 96 30 fångande
496 1339 71 20 genom
583 1334 125 31 begagnande
724 1335 20 19 af
757 1335 62 19 alltför
833 1336 39 17 täta
884 1335 56 25 brag-

195 1360 36 21 der
245 1361 35 18 har
294 1363 46 17 utan
356 1360 67 20 tvifvel
439 1361 5 18 i
459 1361 108 30 väsendtlig
581 1360 46 21 mån
640 1361 83 25 bidragit
737 1361 26 20 till
775 1361 75 20 fiskens
861 1361 79 20 utödan-

195 1387 28 20 de:
234 1387 43 20 frän
291 1386 96 27 åtskilliga
401 1386 53 27 sjöar
467 1388 6 19 i
488 1388 72 19 landet.
590 1388 79 26 Ynglets
683 1388 93 20 fredande
785 1393 67 26 synes
862 1387 77 21 således

196 1415 67 26 utgöra
278 1417 28 17 ett
320 1415 69 25 vigtigt
399 1410 86 54 föremål
499 1415 31 19 för
543 1399 133 46 lagstiftarens
690 1421 80 26 omsorg
784 1415 4 19 i
803 1414 53 27 fråga
871 1420 32 15 om
917 1415 23 19 fi-

198 1442 56 19 skets
268 1441 119 20 bevarande.
416 1442 7 18 I
437 1442 53 19 detta
506 1442 112 20 hänseende
632 1441 82 21 föreslås
728 1448 4 13 i
748 1442 62 26 fjerde
823 1442 87 26 punkten
920 1443 21 18 af
