998 1706
204 148 44 19 1368
418 148 71 22 Nådiga
501 148 140 24 Propositionen
654 148 36 16 N:o
703 147 28 18 40.

196 198 50 25 köpa
261 198 79 30 nyltigt
360 197 101 25 villebråd,
484 200 47 17 utan
545 197 57 19 äfven
617 198 26 18 till
659 197 54 25 dem,
731 202 42 14 som
789 196 62 20 under
866 202 75 14 samma

197 224 27 20 tid
245 224 24 25 på
292 224 74 19 hvilket
383 226 57 16 annat
454 213 38 29 sätt
507 229 42 14 som
566 224 51 19 helst
631 223 56 19 aflåta
703 213 46 30 eller
763 222 102 20 åtkomma
879 223 64 26 dylikt

197 249 105 26 villebråd,
322 250 51 20 dock
391 250 46 20 med
454 250 91 26 rättighet
559 250 29 19 för
602 250 38 20 den
655 250 90 19 tilltalade
760 252 34 23 att,
810 256 33 13 om
859 250 36 19 han
910 250 34 20 det

193 272 69 35 gitter,
285 266 41 30 visa
348 279 28 17 att
396 276 65 25 djuret
475 266 64 30 blifvit
552 276 79 26 fångadt
645 277 48 19 eller
706 276 73 20 dödadt
791 265 63 31 under
869 276 75 20 tillåten

197 304 28 19 tid
238 304 38 19 och
291 304 112 24 derigenom
418 302 63 26 undgå
496 309 79 14 ansvar.
605 303 52 19 Sista
672 308 60 14 mom.
748 303 5 18 i
764 302 63 20 denna
837 302 63 26 punkt
910 308 34 14 an-

198 330 64 31 tyder,
280 330 59 26 enligt
354 318 116 31 ständernes
480 330 128 26 uppfattning,
620 332 28 16 att
658 330 35 19 alla
704 330 24 19 Je
738 329 153 20 öfverträdelser
901 335 43 14 som

198 358 4 18 i
218 345 116 31 densamma
349 358 122 20 omnämnas,
484 357 55 19 skola
550 357 20 19 af
578 357 69 19 allmän
658 355 91 26 åklagare
760 355 67 21 åtalas.
847 356 35 25 De,
895 356 49 20 hvil-

197 384 25 19 ka
236 384 46 19 böra
297 383 10 19 å
323 384 113 19 samhällets
452 384 73 24 vägnar
540 383 33 19 vid
587 383 84 20 domstol
682 383 61 19 beifra
754 382 52 20 brott
816 382 38 20 och
864 372 83 30 förseel-

198 416 39 19 ser,
249 410 65 20 kunna
324 410 49 20 dock
385 410 48 20 blott
442 410 141 25 undantagsvis
593 409 75 26 grunda
679 409 37 20 åtal
727 410 19 18 af
754 408 147 26 ifrågavarande
912 410 34 19 be-

198 436 111 20 skaffenhet
323 436 24 26 på
363 442 49 19 egen
427 437 123 25 iakttagelse.
579 438 76 24 Lagens
669 436 132 20 verksamhet
814 436 5 19 i
834 436 64 20 denna
913 435 31 21 del

197 464 93 22 kommer
304 463 79 21 således
398 463 169 23 hufvudsakligast
581 466 28 17 att
626 463 47 19 bero
688 463 65 25 deraf,
771 465 28 18 att
815 463 82 25 behörig
912 468 33 14 an-

197 490 76 26 gifvare
287 491 4 19 i
308 490 68 25 hvarje
391 490 95 20 särskildt
500 490 31 20 fall
547 490 114 26 uppträder,
680 496 45 13 men
740 490 137 20 erfarenheten
892 490 53 19 visar

198 520 28 16 att
242 518 72 19 endast
332 518 60 19 sällan
410 516 60 21 blotta
488 517 131 20 rättskänslan
640 516 73 20 förmår
732 516 77 20 enskild
826 522 74 20 person
917 518 29 17 att

198 544 77 25 angifva
290 544 161 24 öfverträdelser,
466 544 73 25 jemväl
555 544 20 20 af
590 542 82 21 svårare
689 545 37 17 art.
759 544 37 19 Det
814 544 36 18 har
866 543 80 20 derföre

198 573 57 23 synts
276 571 113 23 ständerne,
412 576 44 14 som
478 571 63 19 skulle
561 570 25 20 de
604 570 99 20 enskildes
718 570 137 25 obenägenhet
871 570 6 19 i
891 570 54 19 detta

197 597 115 19 hänseende
325 597 54 25 böra,
395 596 119 21 åtminstone
529 597 51 19 hvad
595 596 60 26 angår
669 596 148 26 ifrågavarande
829 597 114 25 förseelser,

198 624 116 19 motverkas
328 624 122 25 derigenom,
466 626 28 17 att
509 624 125 24 angifvarens
649 629 49 19 egen
712 623 61 19 fördel
788 624 57 18 äfven
860 623 85 19 befräm-

197 649 57 25 jades
268 655 71 19 genom
353 650 37 19 den
405 650 20 19 af
438 650 74 19 honom
526 650 107 26 upptäckta
648 650 120 19 förseelsens
782 649 116 26 angifvande
910 650 37 18 hos

197 676 150 20 vederbörande
358 676 97 25 åklagare.
485 676 28 20 Dä
529 676 112 25 ständerne,
657 676 32 19 vid
705 676 192 26 öfverläggningarne
913 681 32 14 om

200 703 127 19 merberörda
344 702 70 26 punkt,
430 705 56 23 egnat
505 703 177 25 uppmärksamhet
699 702 57 20 åfven
770 702 66 25 deråt,
852 703 52 19 huru
921 702 26 20 Je

198 730 35 19 här
249 730 108 25 föreslagna
371 730 80 19 böterna
466 730 47 19 böra
527 730 90 24 fördelas,
633 730 5 19 i
649 730 30 19 fall
689 729 25 19 de
724 728 53 26 utgå,
790 730 38 19 och
838 730 51 19 huru
898 729 47 19 med

198 756 33 20 det
246 757 133 30 öfverkomna
393 756 114 21 villebrådet
522 756 35 20 bör
572 756 92 25 förfaras,
679 756 58 19 hafva
749 756 104 20 ständerne
862 756 45 19 med
919 756 27 19 fä-

198 783 52 19 stadt
265 784 92 19 afseende
371 782 10 20 å
396 783 157 26 ofvanupptagna
568 768 175 45 omständigheter,
757 783 29 19 för
799 782 30 20 sin
838 782 30 20 del
879 785 67 17 ansett

198 810 118 25 lämpligast,
332 812 28 17 att
373 810 84 19 nämnda
472 810 55 20 böter
541 810 55 19 delas
609 810 39 19 lika
663 810 82 30 emellan
758 809 121 25 angifvaren,
892 808 55 22 åkla-

198 842 60 19 garen
273 837 38 18 och
326 839 66 17 ortens
406 836 66 26 faltige
486 839 52 17 samt
552 839 28 17 att
593 836 134 20 villebrådet
719 832 12 35 i
743 836 36 20 alla
793 836 59 20 dessa
866 836 30 20 fall
911 836 36 20 dö-

199 868 43 14 mes
258 863 95 19 förbrutet
368 863 28 19 till
410 863 99 20 enahanda
520 863 114 26 fördelning.

252 890 66 24 Enligt
332 889 72 25 sjette
419 890 87 24 punkten
521 890 64 20 skulle
599 895 105 20 omsorgen
719 896 33 12 om
761 889 86 25 rofdjurs
857 892 88 17 utrotan-

200 915 25 20 de
246 916 26 19 till
293 916 36 20 alla
349 916 54 19 delar
420 916 133 20 öfverlemnas
567 915 19 20 åt
600 916 140 20 kommunerna
755 915 70 25 sjelfva
841 915 37 20 och
893 918 54 18 stän-

200 942 60 20 derne
278 948 62 13 kunna
356 942 16 24 ej
387 946 57 15 annat
458 944 23 18 än
497 943 102 25 godkänna
613 942 60 20 detta.
686 955 2 6 .
702 944 42 18 Men
760 942 81 20 emedan
854 944 94 24 antagan-

200 968 34 20 det
247 969 21 19 af
280 969 53 19 hvad
347 969 24 19 de
386 968 32 20 två
436 969 47 19 sista
498 975 59 14 mom.
575 968 4 19 i
594 969 86 25 punkten
695 968 105 25 innehålla,
817 974 60 21 synes
892 957 53 32 stän-

200 995 60 19 derne
280 994 65 20 kunna
365 995 80 19 komma
460 998 28 17 att
502 995 121 26 väsentligen
638 995 86 24 minska,
741 1001 32 14 om
787 985 43 29 icke
845 996 100 24 upphäfva

199 1024 71 23 gagnet
284 1022 20 19 af
317 1021 83 20 berörda
416 1022 70 25 vigtiga
496 1007 115 45 grundsats,
623 1022 64 20 kunna
699 1012 106 29 ständerne
818 1021 17 26 ej
846 1022 63 19 bifalla
919 1022 27 19 till

200 1048 110 19 desamma.
333 1049 37 18 Det
382 1048 51 19 förra
446 1049 21 19 af
478 1049 55 24 dem,
549 1054 32 13 om
591 1038 33 30 det
633 1048 61 19 också
704 1049 43 18 icke
757 1048 34 25 gör
804 1047 143 30 grundsatsens

201 1075 155 24 genomförande
370 1075 99 19 beroende
483 1061 62 44 deraf,
561 1077 28 18 att
607 1081 22 14 en
648 1062 183 38 författningsenligt
848 1074 99 26 organise-

201 1094 34 26 rad
251 1101 201 26 kommunalstyrelse
466 1087 113 45 förefinnes,
596 1102 48 19 skall
655 1101 51 20 dock
717 1101 43 19 leda
770 1102 69 24 dertill,
851 1103 28 17 att
889 1101 58 19 skall-

200 1127 51 26 gång
265 1128 45 19 icke
324 1127 52 20 alltid
391 1129 37 18 kan
443 1129 45 19 med
503 1129 56 24 nödig
574 1114 144 44 skyndsamhet
732 1118 107 35 företagas
845 1128 38 19 och
897 1127 50 20 utfö-

201 1159 39 14 ras.
271 1155 36 18 Det
321 1154 83 20 sednare
419 1154 42 19 åter
476 1155 37 20 kan
531 1143 63 31 lemna
612 1155 163 20 forstmästarene
791 1155 72 19 tillfälle
881 1155 26 18 till
923 1160 24 13 en

200 1181 4 18 i
221 1179 68 26 sjelfva
305 1180 69 20 verket
388 1181 80 24 gagnlös
483 1181 124 26 inblandning
624 1181 4 19 i
647 1187 24 13 en
688 1181 153 20 kommunernas
859 1181 89 19 enskilda

201 1207 222 25 angelägenhet.
364 1203 14 34 —
390 1203 37 34 Ett
440 1208 105 25 väsentligt
559 1209 38 18 och
612 1207 55 20 svårt
682 1207 69 20 hinder
765 1210 42 17 mot
818 1207 37 20 den
865 1207 21 20 af
894 1209 53 17 stän-

199 1233 62 19 derne
275 1233 101 24 godkända
394 1233 94 25 åtgärden
506 1237 27 16 att
547 1234 20 20 åt
580 1235 144 18 kommunerne
741 1233 70 26 sjelfva
825 1234 122 19 öfverlemna

201 1264 106 19 omsorgen
329 1265 32 13 om
383 1259 86 24 rofdjurs
485 1260 98 19 utödande
603 1260 106 19 förefinnes
726 1259 51 20 dock
792 1261 50 18 ännu
856 1260 5 19 i
876 1260 69 24 Kongl.

202 1285 145 25 Förordningen
362 1285 99 25 angående
476 1286 101 19 budkaflar
593 1286 19 19 af
625 1285 37 20 den
673 1287 9 18 1
694 1285 36 20 Juli
741 1287 106 23 1743,som
857 1285 32 20 vid
900 1285 46 19 svå-

201 1313 55 18 raste
276 1311 58 20 straff
351 1311 100 25 förbjuder
468 1311 69 26 hvarje
553 1318 62 15 annan
632 1313 24 19 än
671 1312 186 26 kronobetjeningen
872 1313 4 18 i
892 1314 55 18 orten

201 1340 27 17 att
242 1339 108 24 muntligen
367 1339 46 19 eller
428 1339 107 26 skriftligen
549 1339 138 20 sammankalla
702 1339 88 26 allmoge,
807 1339 56 20 bland
879 1342 65 21 annat,

200 1361 26 34 till
247 1358 105 33 skallgång.
382 1365 38 21 Om
438 1366 34 20 det
488 1354 61 32 också
568 1366 45 20 med
631 1366 39 21 skäl
688 1366 36 20 kan
739 1351 87 45 antagas,
843 1368 27 18 att
884 1365 62 26 någon

200 1392 121 26 tillämpning
336 1393 20 19 af
368 1392 83 21 berörda
466 1393 111 26 förordning
591 1393 10 20 å
616 1393 26 20 de
655 1394 42 24 fall,
713 1399 43 14 som
771 1382 34 31 här
820 1383 34 30 äro
869 1393 4 19 i
885 1380 60 39 fråga,

200 1419 47 20 icke
261 1419 49 20 skall
325 1419 79 21 komma
418 1423 28 17 att
459 1421 68 26 yrkas,
544 1421 55 19 torde
611 1421 50 19 dock
675 1410 66 36 nödigt
753 1427 54 19 vara,
821 1423 29 18 att
862 1421 37 20 alla
909 1411 39 30 för-

198 1446 115 26 fattningar,
330 1452 44 14 som
388 1447 63 20 kunna
469 1447 124 20 missbrukas
610 1448 47 20 eller
665 1447 51 20 vålla
727 1437 118 31 tvifvelsmål
855 1448 38 19 och
903 1449 43 19 osä-
