975 1706
172 148 43 19 1714

384 147 71 21 Nådiga
466 147 141 22 Propositionen
620 146 37 16 N:o
669 146 27 16 50.

563 194 16 28 s
593 195 31 19 42.

308 228 43 26 Äial
370 234 12 20 &
401 235 63 25 skrift,
484 241 41 13 som
538 233 101 20 innehåller
648 233 129 26 förnärmelse
791 235 38 17 mot
843 233 72 20 enskild

271 270 78 19 person,
365 264 55 26 äfven
435 263 25 19 då
474 263 32 19 det
520 262 44 20 sker
577 263 7 18 i
598 262 34 19 och
640 262 37 26 för
691 262 74 22 embete,
779 260 30 20 må
819 261 17 25 ej
845 262 69 19 väckas

274 292 25 26 af
310 292 71 19 allmän
396 290 98 26 åklagare,
508 293 47 17 utan
570 290 67 20 endast
652 291 25 25 af
688 290 35 19 den
728 290 134 26 förolämpade
873 290 43 19 eller

274 320 49 19 hans
345 319 96 21 målsman.
477 318 30 20 På
527 318 202 26 Pressöfverstyrelsen
751 317 96 20 ankomme
869 317 46 21 dock

275 350 34 21 att,
331 348 47 26 efter
399 347 143 27 målsegandens
562 346 90 26 begäran,
673 346 34 20 der
725 345 23 21 så
765 346 70 25 skäligt
843 346 72 25 finnes,

275 378 47 18 efter
341 376 183 25 omständigheterna
538 374 97 27 förordna
657 374 128 21 Ombudsman
803 374 68 20 honom
889 374 28 20 till

275 403 73 21 biträde
362 404 31 20 vid
408 404 68 20 åtalets
490 403 107 25 utförande,
613 404 44 18 eller
671 403 84 27 offentlig
769 402 91 26 åklagare
875 402 41 21 der-

275 439 30 14 om
319 432 72 25 anlita;
404 439 41 14 men
459 434 7 19 i
480 433 45 19 intet
534 431 40 28 fall
587 430 32 21 må
634 432 37 19 slik
685 431 66 20 aktors
755 430 96 28 frånvaro
861 437 56 22 uppe-

275 461 52 20 hålla
341 461 88 20 ärendets
444 460 111 26 behandling
570 459 32 20 vid
616 460 84 20 domstol.

565 514 12 28 $
592 514 35 28 43.

310 555 96 20 Enskilda
421 555 54 26 bolag
490 556 34 20 och
538 555 62 21 andra
614 555 86 26 sällskap
711 561 32 20 ege
753 558 40 17 rätt
802 557 29 17 att
840 556 7 18 i
857 555 62 20 denna

276 585 37 19 sin
324 584 94 26 egenskap
433 585 83 19 anställa
531 583 39 20 åtal
578 584 37 26 för
624 583 117 27 förgripliga
753 583 104 26 yttranden
871 586 48 18 emot

276 612 54 24 dem;
343 612 65 25 hvarje
423 613 72 19 enskild
510 613 77 19 medlem
602 612 57 19 likväl
673 612 84 25 obetaget
766 615 29 17 att
803 619 66 18 genom
880 611 39 21 åtal

276 641 48 19 söka
342 641 117 25 upprättelse
471 641 37 26 för
526 641 70 19 sådant
611 647 86 20 angrepp
712 643 48 18 emot
773 641 68 19 honom
856 639 63 21 såsom

278 669 81 20 ledamot
373 671 6 17 i
394 668 112 27 samfundet,
522 675 40 14 som
577 670 24 25 af
612 669 53 20 detta
680 669 45 20 eller
739 668 63 27 någon
817 668 42 21 dess
869 668 49 21 med-

278 697 34 20 lem
326 697 40 20 icke
380 698 60 19 redan
455 698 57 25 blifvit
527 697 89 27 beifradt.

568 751 16 28 $
597 753 32 19 44.

313 791 64 29 Sedan
395 799 35 13 sex
449 792 91 20 månader
552 793 85 26 förflutit
657 792 50 27 efter
726 791 31 20 det
776 792 57 27 skrift
848 792 72 25 jemlikt

278 819 17 28 $
313 820 30 19 40
361 821 58 25 blifvit
434 821 27 19 till
475 820 138 20 vederbörande
630 819 128 20 Ombudsman
772 820 101 23 inlemnad,
888 819 31 20 mä

280 849 16 26 é&
316 849 77 19 allmänt
412 848 41 20 åtal
471 849 93 19 anställas
583 851 47 17 emot
649 849 115 23 densamma,
787 855 42 13 men
848 848 73 21 enskild

278 876 120 26 mälsegande
418 876 127 27 tillgodonjute
564 878 7 20 i
590 877 32 28 thy
631 877 40 27 fall
686 877 35 19 den
737 877 27 19 tid
772 877 37 27 för
823 876 48 21 åtals
887 883 32 15 an-

278 905 100 24 ställande,
394 912 40 13 som
449 907 7 18 i
470 906 31 25 lag
516 911 30 15 om
560 905 165 25 ärekränkningar
739 908 23 16 är
775 906 110 25 medgifven.

569 959 17 28 $
599 960 33 20 45.

313 997 103 28 Angående
435 999 40 21 åtal
493 1002 7 17 i
514 999 89 26 oträngdt
616 999 39 20 mål
669 1002 48 19 samt
733 1000 71 20 ohemul
819 1001 103 27 angifvelse

278 1028 51 26 gälle
347 1028 51 20 hvad
416 1030 7 18 i
443 1029 69 19 allmän
531 1028 111 26 förordning
662 1035 29 13 om
699 1028 56 26 falsk
769 1029 103 26 angifvelse
887 1029 34 19 och

282 1058 64 18 annan
365 1057 140 28 ärekränkning
519 1059 49 18 samt
582 1056 27 20 29
622 1057 78 25 kapitlet
715 1056 119 27 Rättegängs
853 1057 68 22 Balken

281 1088 25 16 är
320 1085 95 25 stadgadt.

542 1120 15 29 $
572 1121 88 20 46—48.

320 1161 34 24 (Af.
372 1167 76 14 samma
468 1155 84 26 innehåll
570 1167 45 14 som
630 1161 143 21 motsvarande
789 1161 21 26 $$
827 1162 6 18 i
850 1167 72 23 propo-

282 1187 127 28 positionen,)

570 1219 15 28 $
600 1220 32 20 49.

315 1259 43 19 Har
377 1259 90 25 gvarstad
487 1259 104 19 anordnats
611 1259 24 28 af
654 1251 151 59 Öjverstyrelsen
821 1261 44 18 eller
880 1260 43 19 dess

281 1287 72 23 ombud,
369 1287 49 19 skall
432 1287 64 19 derom
511 1286 12 19 ä
538 1289 56 17 nästä
608 1287 154 25 rättegångsdag,
778 1288 51 23 eller,
839 1288 45 27 ifall
893 1288 30 19 det

281 1316 7 19 i
308 1315 91 20 anseende
420 1315 27 21 till
465 1315 59 21 tidens
539 1315 74 20 korthet
628 1314 16 27 ej
659 1315 26 19 då
699 1315 66 20 hinner
779 1316 38 23 ske,
834 1315 13 20 &
856 1317 66 27 första

281 1343 147 27 rättegångsdag
447 1344 83 25 derefter
549 1344 85 19 anmälas
654 1344 34 19 hos
703 1343 85 25 domstol,
804 1345 74 20 hvilken
893 1345 30 21 det

281 1371 73 26 åligger
368 1375 34 21 att,
417 1374 50 18 inom
481 1371 41 21 ättä
537 1373 62 25 dagar
612 1373 48 28 efter
675 1373 31 19 det
720 1373 58 20 saken
791 1374 34 19 der
835 1374 87 23 anmälts,

280 1401 47 26 yilla
346 1401 44 20 eller
409 1401 99 26 upphäfva
525 1401 121 25 gvarstaden.
680 1401 110 20 Underlätes
808 1401 62 22 sådan
889 1409 33 13 an.

282 1430 71 23 mälan,
369 1435 39 14 som
423 1436 26 13 nu
463 1432 24 17 är
501 1429 77 24 nämnd,
592 1429 62 30 gänge
668 1430 113 25 gvarstaden
796 1430 47 24 åter.
