995 1703
258 136 72 23 Nådiga
342 138 140 22 Propositionen.
495 137 36 18 N:o
543 139 27 16 50.
748 137 42 19 1671

51 188 28 18 att
93 185 120 27 välfrejdade
226 187 38 19 och
279 186 142 20 företrädesvis
435 187 76 20 bildade
526 187 130 25 medborgare
670 186 65 21 skulle
744 187 49 21 nöd-

50 218 35 20 gas
105 212 25 26 på
151 213 81 19 förhand
252 214 55 18 ställa
328 214 94 18 säkerhet
434 214 30 19 för
478 214 59 24 brott,
560 214 67 19 hvilka
641 214 25 19 de
680 216 53 17 ännu
747 214 44 19 icke

50 238 67 26 begått
137 240 38 18 och
195 239 77 19 kanske
289 239 60 25 aldrig
363 240 79 19 komma
457 243 27 17 att
499 240 83 19 föröfva.
610 240 105 25 Tillämpad
730 241 5 18 i
749 240 42 20 sina

51 265 147 28 konseqvenser
218 265 63 19 skulle
303 272 23 12 en
343 265 61 20 sådan
419 266 106 25 grundsats
540 265 74 26 påkalla
629 272 24 13 en
667 267 70 19 allmän
751 266 38 25 lag,

51 297 43 14 som
110 291 68 25 gjorde
192 292 33 19 det
239 291 25 20 till
280 298 23 14 en
318 292 46 25 pligt
378 292 30 19 för
422 292 66 24 hvarje
503 292 129 25 medborgare
649 295 27 16 att
690 293 54 19 ställa
759 294 31 18 sä-

49 318 78 24 kerhet,
150 318 30 19 för
200 320 28 17 att
250 319 37 19 han
307 318 44 19 icke
373 318 5 19 i
398 318 102 20 framtiden
520 319 80 19 komme
620 321 28 17 att
665 318 62 25 stjäla,
743 319 48 19 eller

49 344 72 25 dräpa,
142 344 47 20 eller
210 343 48 26 begå
276 345 74 19 hvilket
363 347 59 17 annat
435 345 53 19 brott
503 351 43 13 som
561 345 51 19 helst
626 356 26 3 —
666 344 125 25 konseqven-

48 376 40 19 ser,
110 371 66 19 hvilka
197 371 110 25 tillräckligt
328 377 60 14 synas
408 371 117 26 ådagalägga
546 371 111 25 principens
675 371 112 19 haltlöshet.

48 397 72 20 Såsom
134 397 59 20 redan
208 397 62 20 blifvit
283 400 75 23 antydt,
375 397 62 20 skulle
452 398 106 19 kautionen
571 398 58 19 äfven
644 398 63 19 kunna
722 397 67 20 föran-

47 424 43 19 leda
105 423 69 24 dertill,
190 426 29 17 att
232 423 83 26 mången
331 424 97 19 välsinnad
444 430 71 19 person
530 424 44 20 med
588 424 39 25 god
642 423 88 26 förmåga
741 424 48 19 blott

47 450 78 20 derföre
140 451 65 19 blefve
219 450 110 20 förhindrad
347 453 28 16 att
389 451 72 24 utgifva
476 457 23 13 en
513 451 100 25 periodisk
628 450 63 23 skrift,
708 453 31 16 att
751 451 37 18 han

48 477 87 19 saknade
151 477 64 19 medel
232 477 28 18 för
278 477 114 19 kautionens
409 477 129 20 nedsättande
551 477 39 19 och
604 477 44 19 icke
662 477 44 19 ville
721 477 69 20 skuld-

48 506 51 17 sälta
119 503 29 25 sig
164 503 30 19 för
208 503 111 20 erhållande
333 503 64 24 deraf;
413 504 38 19 och
465 506 27 17 ett
506 503 69 20 sådant
589 503 119 20 förhållande
723 503 64 20 skulle

47 530 101 19 Utskottet
167 535 49 14 anse
237 530 163 24 beklagansvärdt
421 530 44 19 icke
486 530 48 20 blott
553 530 84 23 derföre,
659 532 29 16 att
706 529 81 19 Finland

48 556 45 20 med
108 556 30 19 sin
153 556 54 25 ringa
222 556 113 24 folkmängd
349 556 45 20 icke
407 562 46 20 eger
468 556 59 26 något
541 556 95 20 öfverflöd
650 555 25 26 på
690 556 50 25 goda
750 556 40 19 för-

47 582 76 26 fattare,
146 582 76 20 hvilkas
245 582 126 20 verksamhet
391 583 65 19 landet
475 583 67 19 kunde
562 582 87 23 umbära,
671 585 45 16 utan
729 582 60 20 äfven

47 609 79 20 derföre
134 612 29 16 att
172 609 170 25 tidningspressen
354 615 71 19 genom
434 610 33 19 det
477 610 108 25 föreslagna
596 609 117 25 stadgandet
722 608 68 20 kunde

47 635 59 20 blifva
121 641 23 13 en
159 635 73 26 ensidig
247 641 59 20 organ
320 636 29 19 för
365 636 160 24 förmögenheten
539 635 24 26 på
577 635 109 20 bekostnad
702 635 20 19 af
734 634 55 20 intel-

47 662 97 25 ligensens
160 662 116 25 välgörande
290 662 112 25 inflytande.
434 663 7 18 I
455 662 98 20 anseende
568 662 64 19 härtill
646 662 38 19 och
699 660 24 21 då
739 662 51 18 erfa-

47 689 95 19 renheten
155 688 6 19 i
178 688 24 19 de
216 688 72 23 länder,
305 688 5 19 i
325 688 65 19 hvilka
403 688 79 19 kaution
496 690 21 18 är
532 687 136 26 föreskrifven,
679 687 108 26 ådagalagt,

47 717 28 17 att
85 720 34 15 "en
135 714 61 21 sådan
213 715 100 19 föreskrift
330 715 44 19 icke
391 715 73 19 kunnat
479 715 97 19 förhindra
590 714 196 26 pressförbrytelser,

48 741 70 20 medan
133 740 42 21 åter
189 740 11 20 å
215 741 60 20 andra
289 741 55 20 sidan
357 741 38 20 den
409 741 6 19 i
430 744 81 17 motsatt
524 741 85 25 riktning
623 746 65 14 vunna
702 741 89 19 erfaren-

49 768 59 19 heten
123 767 5 19 i
142 767 88 26 Sverige,
252 768 83 19 hvarest
352 767 62 26 någon
428 767 79 20 kaution
521 767 62 25 aldrig
598 767 50 19 varit
661 766 71 24 införd,
754 767 36 19 be-

49 794 57 25 visat,
129 796 27 17 att
170 799 25 14 en
210 794 23 19 fri
247 799 64 20 press,
330 794 58 19 äfven
402 796 45 17 utan
463 793 84 24 kaution,
569 793 45 20 icke
628 793 85 20 medfört
727 792 63 25 någon

48 820 84 25 egentlig
152 821 41 19 fara.
214 821 30 18 för
265 821 109 23 samhället,
396 819 22 20 så
436 821 36 18 har
486 820 107 24 Utskottet,
610 821 46 18 enär
668 819 74 25 jemväl
757 819 34 19 det

47 846 73 20 Finska
141 846 71 20 folkets
233 847 114 19 nuvarande
366 845 189 26 kulturståndpunkt
573 846 45 19 icke
635 851 61 20 synes
712 845 77 26 påkalla

48 873 47 20 flera
109 873 116 25 preventiva
239 872 97 26 åtgärder,
352 874 24 18 än
390 878 44 14 som
449 873 32 19 vid
494 872 99 20 enahanda
604 871 187 26 kulturståndpunkt

47 899 51 20 varit
112 899 124 26 erforderliga
252 899 29 20 för
295 899 33 20 det
341 899 79 26 lifligare
434 899 89 20 Svenska
538 899 66 24 folket,
620 901 65 17 ansett
699 898 15 19 sig
741 898 49 19 böra

49 925 78 25 föreslå,
150 929 28 16 att
197 926 148 19 föreskrifterna
365 931 34 14 om
418 926 79 19 kaution
518 925 62 20 skulle
595 925 45 26 utgå
656 924 44 20 från
713 925 37 18 alla
765 924 24 20 de

49 953 70 19 ställen
134 952 6 19 i
154 953 100 25 förslaget,
272 953 35 19 der
321 952 26 20 de
359 958 27 13 nu
400 952 127 25 förekomma,
544 952 37 19 och
595 951 78 20 således
687 951 6 19 i
708 951 23 20 43
747 951 10 24 $
772 949 18 26 ej

49 979 82 20 allenast
149 978 44 20 från
213 980 10 19 4
246 985 69 18 mom.,
338 981 46 17 utan
405 979 59 19 äfven
485 979 42 19 från
545 979 19 24 2,
579 978 20 24 6,
616 979 18 23 7,
650 978 19 23 8,
686 978 12 19 9
713 978 38 19 och
767 977 24 19 13

50 1008 143 21 momenterna,
214 1005 21 19 af
250 1005 65 19 hvilka
337 1006 3 17 7
356 1007 108 16 momentet
478 1004 63 20 skulle
555 1004 41 19 helt
609 1005 38 18 och
661 1003 60 20 hållet
735 1003 54 25 utgå,

49 1032 101 19 äfvensom
172 1031 42 20 från
234 1032 26 19 67
282 1031 16 25 $.
331 1031 7 19 I
356 1031 102 25 anledning
475 1031 57 19 häraf
547 1030 63 20 skulle
624 1031 65 18 8—13
703 1035 89 13 momen-

49 1061 54 18 terna
118 1058 5 19 i
138 1058 24 19 13
178 1057 10 25 $
203 1057 72 21 erhålla
289 1057 104 20 förändrad
407 1056 145 26 nummerföljd,
574 1056 79 19 hvilken
667 1055 62 20 borde
743 1055 49 20 iakt-

50 1087 55 22 tagas
125 1083 55 22 såväl
202 1084 27 19 uti
249 1084 38 20 den
307 1084 6 18 i
330 1084 60 19 slutet
406 1083 21 20 af
443 1089 76 14 samma
533 1083 17 26 $,
566 1088 44 14 som
624 1083 28 19 uti
667 1083 40 19 den
721 1083 6 18 i
742 1082 25 19 34
782 1081 10 26 $

51 1111 159 20 förekommande
224 1110 117 25 hänvisning
356 1110 26 20 till
397 1109 59 26 några
471 1111 20 19 af
503 1110 59 19 dessa
577 1111 115 17 momenter.

104 1139 7 18 I
125 1138 13 19 6
151 1143 61 14 mom.
232 1138 20 19 af
269 1137 23 20 13
310 1136 10 25 $
334 1136 90 26 föreslås,
446 1139 28 17 att
488 1136 98 26 periodisk
601 1136 63 23 skrift,
687 1136 60 18 hvars
761 1137 31 17 ut-

49 1164 74 26 gifvare
142 1169 71 20 genom
233 1165 42 24 laga
293 1163 52 20 kraft
361 1163 74 25 egande
449 1163 65 24 utslag
528 1163 66 23 dömts
607 1165 29 16 att
648 1162 73 25 utgifva
736 1161 57 20 böter

50 1191 48 21 eller
119 1190 126 24 skadestånd,
268 1189 18 26 ej
307 1190 48 20 skall
377 1189 17 20 få
417 1190 108 24 utkomma,
547 1189 57 20 innan
618 1188 51 21 både
683 1189 56 19 böter
753 1188 38 19 och

51 1217 129 26 ersättningar
201 1217 62 20 blifvit
285 1217 27 20 till
333 1217 42 19 fullt
395 1216 72 26 belopp
486 1216 71 26 guldna
571 1215 38 20 och
624 1215 62 25 qvitto
700 1214 93 20 deröfver

51 1244 103 20 allemnats
169 1244 26 19 till
209 1243 217 26 Pressöfverstyrelsen
440 1243 47 20 eller
501 1243 48 19 dess
564 1243 136 19 ombudsman.
722 1241 71 20 Ehuru

52 1271 101 20 Utskottet
167 1271 45 19 icke
226 1271 38 19 kan
278 1270 86 20 erkänna
379 1269 143 27 behöfligheten
531 1269 20 19 af
559 1271 28 17 ett
597 1268 69 20 sådant
673 1267 117 26 stadgande,

52 1298 35 19 har
104 1297 100 20 Utskottet
219 1297 60 21 likväl
295 1297 45 19 icke
357 1297 54 18 velat
427 1296 90 20 deremot
534 1295 92 20 anmärka
641 1297 63 21 annat,
727 1295 24 18 än
765 1296 28 17 att

51 1324 38 19 den
107 1325 111 22 allmänhet,
237 1329 45 14 som
298 1323 128 19 förskottsvis
441 1323 59 24 erlagt
515 1322 97 25 betalning
626 1322 28 18 för
670 1320 123 20 tidskriftens

51 1350 131 23 fortsättning,
201 1349 65 19 kunde
280 1349 114 23 derigenom
409 1348 58 18 blifva
482 1347 83 23 lidande,
588 1348 52 18 helst
654 1347 33 18 det
704 1347 1 18 i
721 1345 71 25 många

52 1376 31 19 fall
100 1375 38 19 kan
156 1375 28 19 för
202 1375 108 25 utgifvaren
327 1374 59 20 blifva
402 1373 84 25 omöjligt
499 1376 29 16 att
543 1376 70 21 genast
627 1372 88 19 anskaffa
729 1371 64 25 qvitto

52 1403 56 19 öfver
122 1402 99 20 verkstäld
236 1400 97 25 betalning
351 1401 19 19 af
386 1399 120 21 skadestånd
521 1399 20 20 åt
555 1405 23 14 en
593 1398 133 26 mälsegande,
749 1402 44 15 som

53 1430 21 18 är
91 1428 65 20 bosatt
173 1428 10 20 å
202 1434 62 14 annan
280 1431 37 22 ort,
339 1430 51 17 samt
404 1426 19 26 ej
437 1432 36 14 ens
487 1428 50 18 ännu
553 1426 67 20 hunnit
634 1425 83 20 anmoda
731 1430 62 14 annan
