981 1703
262 135 71 22 Nådiga
346 137 141 21 Propositionen
499 137 35 17 N:o
546 137 27 17 45.
739 137 44 20 1455

40 184 54 23 dom.
107 184 116 22 intecknade
242 184 60 24 säkra
323 185 122 26 skuldebref,
460 191 43 15 som
517 186 52 20 inom
583 187 80 20 kortare
676 186 27 20 tid
717 187 64 20 kunna

42 211 111 20 realiseras.
182 212 116 25 Pröfningen
312 212 20 19 af
344 213 58 20 dessa
417 213 134 26 hypothekers
564 214 119 25 antaglighet
695 213 38 18 och
742 214 39 24 gäl-

38 237 60 20 lande
115 237 53 20 kraft
187 238 104 21 äfvensom
310 238 119 25 beviljandet
443 239 21 20 af
476 239 70 20 insatta
561 237 136 28 hypothekers
711 239 69 25 utbyte

37 266 54 19 emot
111 269 39 20 nya
167 263 118 23 tillkommer
298 264 83 25 bolaget,
398 265 5 18 i
417 265 34 20 det
464 265 78 26 publika
557 266 105 19 ombudets
676 264 104 21 tillkallade

37 290 106 20 Öfvervaro
155 293 53 16 samt
221 291 46 19 med
281 292 38 18 rätt
332 291 30 19 för
375 291 95 20 ombudet
483 294 28 17 att
519 291 69 20 dervid
597 293 47 24 göra
654 292 25 19 de
688 291 91 20 anmärk-

38 317 74 24 ningar,
130 316 75 21 bvartill
221 317 101 25 anledning
336 317 36 19 kan
386 317 128 20 förekomma.

91 342 59 21 Innan
166 343 146 20 ofvannämnde
325 344 116 19 säkerheter
454 344 63 20 blifvit
530 344 27 20 till
572 343 45 21 fulla
632 344 92 26 beloppet
734 344 46 20 inle-

40 369 98 21 vererade
151 370 39 19 och
204 370 106 26 behörigen
330 370 101 26 godkända
452 373 52 17 samt
523 370 37 20 den
579 370 61 25 öfriga
659 371 81 19 andelen
761 371 20 19 af

38 396 160 25 grundkapitalet
204 396 73 25 jemväl
288 398 23 18 är
319 397 91 25 inbetald,
421 396 30 20 får
461 397 172 25 sedelutgifningen
639 397 45 19 icke
694 397 82 26 vidtaga.

91 422 10 25 $
116 423 32 19 12.
179 423 65 20 Under
264 423 149 25 sedelutgifoing
434 424 38 19 och
493 424 24 20 de
537 424 29 19 för
586 424 46 18 dess
653 424 124 25 begagnande

36 449 96 25 stadgade
146 448 63 20 vilkor
223 449 112 27 inbegripes
348 450 57 20 äfven
420 450 116 22 utställande
552 450 20 19 af
587 450 126 25 invisningar,
731 450 47 19 inri-

36 476 36 19 kes
87 476 55 19 sola-'
154 476 34 19 och
205 476 148 24 remissvexlar,
371 476 181 26 depositionsbevis
570 482 26 14 m.
615 476 20 20 fl.
654 476 67 26 dylika
739 477 39 19 för-

36 501 99 21 hindelser.
151 501 25 26 pä
193 502 75 20 mindre
285 508 90 16 summor
392 503 5 19 i
411 502 77 21 landets
504 506 62 22 mynt,
582 505 28 16 att
625 502 32 20 vid
670 502 105 20 anfordran

36 529 47 19 eiler
96 528 53 20 inom
162 528 79 21 kortare
255 529 137 26 betalningstid
406 530 23 19 än
444 528 40 21 åtta
499 529 62 25 dagar
577 529 49 20 efter
644 529 131 25 uppvisandet

36 555 27 21 till.
80 555 141 21 innehafvaren
238 556 66 25 gäldas
322 559 45 17 utan
386 557 61 19 ränta.
478 555 82 21 Enskild
584 556 61 23 bank,
668 561 43 14 som
734 555 44 20 icke

36 580 88 26 åtnjuter
136 581 208 26 sedelutgifaingsrätt,
361 583 46 20 skall
423 583 52 25 förty
489 582 44 23 icke
542 583 61 19 heller
614 587 46 14 vara
669 582 108 25 berättigad

37 611 31 18 att
81 609 75 26 utgifva
169 608 136 21 såbeskaffade
317 609 84 25 löpande
415 609 135 25 förbindelser,
566 614 45 15 som
625 608 45 26 lyda
680 608 10 20 å
702 609 75 20 mindre

36 635 72 26 belopp
122 637 24 19 än
160 635 160 26 etthundratjugu
336 636 54 24 (120)
407 637 57 20 mark
477 636 39 19 och
530 634 12 21 &
552 635 78 20 kortare
639 635 138 26 betalningstiu

36 663 26 19 än
76 661 39 21 åtta
130 662 60 25 dagar
204 662 55 21 efter.
267 662 139 25 uppvisandet,
423 666 44 18 utan
482 663 46 20 böra
546 662 61 21 dessa
623 661 67 20 ställas
708 663 69 19 endast

36 688 28 25 pä
77 688 49 20 visst
140 694 64 20 namn,
220 691 45 17 utan
283 688 164 22 ofverlätelserätt
463 690 51 19 samt
531 688 24 26 pä
573 688 59 20 minst
649 687 40 20 åtta
706 688 71 26 dagars

37 715 60 21 siht,

90 741 12 25 $
115 742 32 20 43.
180 738 61 25 Öfver
261 742 78 22 enskikk
359 742 64 20 banks
443 741 89 25 ställning
553 740 46 20 med
619 740 101 26 tillgångar
740 742 37 19 och

37 768 81 20 skulder
132 770 52 18 samt
198 767 98 27 omfånget
309 768 20 20 af
344 768 47 20 dess
409 769 74 19 rörelse
500 768 39 19 och
555 768 63 20 skilda
636 772 29 20 pe:
675 768 103 25 ningeope-

37 795 87 20 rationer
137 795 49 20 skall
200 801 24 14 en
238 796 120 20 summarisk
373 794 71 26 kalkyl,
461 795 49 20 efter
525 794 69 24 bvarje
607 793 81 21 månads
696 794 79 26 utgång,

36 822 5 19 i
59 822 97 21 allmänna
173 822 120 25 tidningarne.
309 822 78 19 införas.
408 816 7 35 —
420 821 101 20 Likaledes
538 821 56 20 skola
613 820 161 21 revisionsberät-

36 849 62 20 telsen
112 848 41 21 och
165 848 190 26 årsredovisningen,
371 848 53 19 inom
440 848 40 19 viss
494 847 28 21 tid
536 847 43 19 före
591 847 95 21 ordinarie
700 848 78 25 bolags-

37 877 94 23 stämma,
145 880 72 20 genom
229 874 120 26 tidniegarme
363 874 149 26 offentliggöras.

90 902 13 25 $
116 902 31 20 14.
176 901 81 21 Enskild
271 902 50 19 bank
336 901 41 21 står
391 901 62 20 under
466 902 97 19 Senatens
579 900 199 25 Ekonomie-Depar-

38 931 88 19 temeots
138 928 73 27 tillsyn,
226 930 5 19 i
245 928 74 20 hvilket
333 927 93 22 afseende
439 931 29 17 e
481 928 20 21 af
516 928 85 20 Senaten
618 926 67 21 tillsatt
702 927 76 25 publikt

38 955 76 22 ombud
126 955 49 21 skall
190 961 47 15 vara
251 954 116 26 berättigat
380 957 29 20 att
422 954 71 20 bivista
507 953 162 26 bankstyrelsens
678 958 100 15 samman-

37 982 91 22 komster
145 982 102 20 äfvensom
267 981 86 23 revision
369 982 38 21 och
424 981 153 26 bolagsstämma
595 982 51 18 samt
663 980 69 20 dervid
751 980 25 20 till

38 1009 117 25 protokollet.
170 1009 46 25 göra
233 1008 26 21 Je.
274 1008 141 26 påminnelser,
434 1008 76 21 hvartill
529 1006 42 21 skäl
589 1007 40 19 kan
647 1006 129 20 förekomma.

39 1035 101 20 Ombudet
153 1040 35 20 ege
201 1034 80 25 jemväl,
297 1034 22 19 så
334 1034 39 20 ofta
387 1034 66 25 nödigt
467 1033 95 24 befinnes,
578 1038 95 19 genomse
689 1032 88 20 bankens

39 1061 81 25 böcker,
136 1062 77 25 kassor,
228 1061 134 25 räkenskaper
376 1063 53 17 samt
441 1060 54 20 låne-
508 1060 38 19 och
561 1059 60 26 öfriga
629 1059 120 25 handlingar.

92 1088 10 25 $
117 1088 32 20 15.
181 1088 70 20 Derest
269 1087 75 21 enskild
361 1087 62 21 banks
439 1086 135 26 grundkapital
591 1091 70 20 genom
677 1085 100 20 inträffade

40 1115 92 20 förluster
146 1114 64 20 skulle
224 1115 5 18 i
244 1114 22 20 så
280 1114 87 25 betydlig
384 1113 46 20 mån
447 1112 72 26 nedgå,
538 1115 28 17 att
583 1112 68 19 endast
665 1111 55 21 nittio
735 1111 41 25 (90)

39 1144 83 22 procent
138 1141 22 21 af
176 1140 47 21 dess
240 1140 109 21 fastställda
365 1140 81 25 belopp,
464 1140 6 19 i
487 1140 79 19 kontant
582 1139 38 19 och
637 1139 96 28 antagliga
747 1139 32 19 sä-

39 1168 100 24 kerheter,
155 1166 80 27 återstå,
252 1167 46 20 skall.
312 1167 90 19 bankens
415 1167 74 20 rörelse
501 1168 70 23 genast
583 1165 90 25 upphöra
684 1165 38 19 och
732 1164 48 20 den-

40 1200 76 15 samma
132 1194 66 20 ställas
214 1194 63 20 under
292 1193 105 26 utredning
413 1196 53 17 samt
481 1193 78 25 bolaget
575 1192 102 24 upplösas,
696 1191 83 31 såframt

40 1220 17 26 ej
72 1221 117 25 delegarene
204 1220 43 26 vilja
262 1220 77 26 vidtaga
354 1225 61 15 annan
429 1219 69 26 åtgärd
509 1219 27 19 till
551 1218 165 26 grundkapitalets
726 1220 53 17 äter-

39 1247 149 26 uppbringande
201 1247 29 19 till.
243 1246 121 26 erforderligt
377 1246 78 26 belopp.
711 1270 3 3 .

93 1274 10 25 $
118 1274 31 19 16.
179 1274 40 19 Den
233 1279 71 20 genom
318 1273 70 25 Kongt.
401 1272 138 26 förordningen
549 1272 23 19 af
583 1272 38 19 den
636 1271 24 19 13
669 1270 46 20 Juni
726 1270 52 22 1800

41 1301 29 20 för
84 1300 136 21 skuldfordran
234 1301 4 18 i
254 1300 103 22 allmänhet
374 1299 102 23 bestämda.
493 1297 170 27 preskriptionstid
680 1297 20 19 af
716 1296 63 30 tio
755 1292 27 38 är

42 1332 36 19 ege
92 1326 18 25 ej
124 1332 54 19 rum,
192 1327 5 18 i
209 1326 97 21 afseende
317 1326 11 19 ä.
343 1325 74 20 sädane
431 1324 176 24 läneobligationer,
619 1323 64 19 sedlar
693 1324 38 18 och
740 1322 39 29 för-

40 1352 105 24 bindelser,
161 1358 44 13 som
218 1352 76 19 enskild.
307 1351 60 24 hank,
384 1351 46 19 med
444 1350 77 21 stöl:af
534 1349 21 24 $$
568 1350 22 23 9,
607 1350 24 19 10
646 1349 40 18 och
698 1348 24 19 12
738 1348 41 19 blif-

41 1378 28 20 vit
83 1378 111 25 berättigad
205 1380 29 17 att
247 1377 81 25 utgifva;.
344 1376 17 25 ej
377 1377 60 20 heller
451 1377 50 20 skall
513 1375 110 24 bevakning
640 1374 20 19 af
672 1374 60 19 dessa
746 1379 33 23 en-

41 1404 36 26 ligt
91 1403 249 26 konkursförfattningarne
351 1403 109 24 erfordras,
479 1403 6 21 i
501 1401 94 23 händelse
611 1400 84 30 banken
704 1399 56 21 råkar
774 1405 6 14 i

42 1430 180 25 konkurstillstånd,
239 1431 46 20 eller
299 1431 6 18 i
319 1429 101 26 anledning
434 1430 20 19 af
466 1428 141 26 ärsstämning,
620 1433 45 17 som
676 1427 36 20 vid
719 1426 63 21 bank-
