<?xml version="1.0" encoding="UTF-8"?>
<alto xmlns="http://www.loc.gov/standards/alto/ns-v3#" xmlns:xlink="http://www.w3.org/1999/xlink" xmlns:xsi="http://www.w3.org/2001/XMLSchema-instance" xsi:schemaLocation="http://www.loc.gov/standards/alto/ns-v3# http://www.loc.gov/alto/v3/alto-3-0.xsd">
	<Description>
		<MeasurementUnit>pixel</MeasurementUnit>
		<sourceImageInformation>
			<fileName>/tmp/tess_rignitkj_input.PNG</fileName>
		</sourceImageInformation>
		<OCRProcessing ID="OCR_0">
			<ocrProcessingStep>
				<processingSoftware>
					<softwareName>tesseract 5.3.4</softwareName>
				</processingSoftware>
			</ocrProcessingStep>
		</OCRProcessing>
	</Description>
	<Layout>
		<Page WIDTH="998" HEIGHT="1706" PHYSICAL_IMG_NR="0" ID="page_0">
			<PrintSpace HPOS="0" VPOS="0" WIDTH="998" HEIGHT="1706">
				<ComposedBlock ID="cblock_0" HPOS="388" VPOS="355" WIDTH="45" HEIGHT="33">
					<TextBlock ID="block_0" HPOS="388" VPOS="355" WIDTH="45" HEIGHT="33">
						<TextLine ID="line_0" HPOS="388" VPOS="355" WIDTH="45" HEIGHT="33">
							<String ID="string_0" HPOS="388" VPOS="355" WIDTH="45" HEIGHT="33" WC="0.92" CONTENT="41,"/>
						</TextLine>
					</TextBlock>
				</ComposedBlock>
				<ComposedBlock ID="cblock_1" HPOS="174" VPOS="464" WIDTH="609" HEIGHT="114">
					<TextBlock ID="block_1" HPOS="174" VPOS="464" WIDTH="609" HEIGHT="114">
						<TextLine ID="line_1" HPOS="243" VPOS="464" WIDTH="538" HEIGHT="29">
							<String ID="string_1" HPOS="243" VPOS="464" WIDTH="68" HEIGHT="24" WC="0.96" CONTENT="Hans"/><SP WIDTH="15" VPOS="464" HPOS="311"/>
							<String ID="string_2" HPOS="326" VPOS="465" WIDTH="155" HEIGHT="28" WC="0.96" CONTENT="Kejserliga"/><SP WIDTH="10" VPOS="465" HPOS="481"/>
							<String ID="string_3" HPOS="491" VPOS="465" WIDTH="135" HEIGHT="24" WC="0.93" CONTENT="Majestäts"/><SP WIDTH="11" VPOS="465" HPOS="626"/>
							<String ID="string_4" HPOS="637" VPOS="464" WIDTH="84" HEIGHT="29" WC="0.91" CONTENT="Nådiga"/><SP WIDTH="10" VPOS="464" HPOS="721"/>
							<String ID="string_5" HPOS="731" VPOS="466" WIDTH="50" HEIGHT="22" WC="0.91" CONTENT="Pro-"/>
						</TextLine>
						<TextLine ID="line_2" HPOS="175" VPOS="492" WIDTH="605" HEIGHT="30">
							<String ID="string_6" HPOS="175" VPOS="492" WIDTH="96" HEIGHT="29" WC="0.96" CONTENT="position"/><SP WIDTH="18" VPOS="492" HPOS="271"/>
							<String ID="string_7" HPOS="289" VPOS="493" WIDTH="37" HEIGHT="23" WC="0.96" CONTENT="till"/><SP WIDTH="17" VPOS="493" HPOS="326"/>
							<String ID="string_8" HPOS="343" VPOS="494" WIDTH="105" HEIGHT="23" WC="0.93" CONTENT="Finlands"/><SP WIDTH="18" VPOS="494" HPOS="448"/>
							<String ID="string_9" HPOS="466" VPOS="494" WIDTH="100" HEIGHT="27" WC="0.93" CONTENT="Ständer,"/><SP WIDTH="19" VPOS="494" HPOS="566"/>
							<String ID="string_10" HPOS="585" VPOS="493" WIDTH="113" HEIGHT="29" WC="0.93" CONTENT="angående"/><SP WIDTH="18" VPOS="493" HPOS="698"/>
							<String ID="string_11" HPOS="716" VPOS="493" WIDTH="64" HEIGHT="24" WC="0.92" CONTENT="fiske-"/>
						</TextLine>
						<TextLine ID="line_3" HPOS="175" VPOS="521" WIDTH="608" HEIGHT="29">
							<String ID="string_12" HPOS="175" VPOS="521" WIDTH="142" HEIGHT="28" WC="0.92" CONTENT="rinäringens"/><SP WIDTH="19" VPOS="521" HPOS="317"/>
							<String ID="string_13" HPOS="336" VPOS="522" WIDTH="161" HEIGHT="28" WC="0.91" CONTENT="upphjelpande"/><SP WIDTH="20" VPOS="522" HPOS="497"/>
							<String ID="string_14" HPOS="517" VPOS="523" WIDTH="57" HEIGHT="22" WC="0.93" CONTENT="samt"/><SP WIDTH="18" VPOS="523" HPOS="574"/>
							<String ID="string_15" HPOS="592" VPOS="522" WIDTH="147" HEIGHT="24" WC="0.89" CONTENT="befordrande"/><SP WIDTH="19" VPOS="522" HPOS="739"/>
							<String ID="string_16" HPOS="758" VPOS="522" WIDTH="25" HEIGHT="23" WC="0.96" CONTENT="af"/>
						</TextLine>
						<TextLine ID="line_4" HPOS="174" VPOS="549" WIDTH="605" HEIGHT="29">
							<String ID="string_17" HPOS="174" VPOS="549" WIDTH="83" HEIGHT="23" WC="0.96" CONTENT="fiskens"/><SP WIDTH="15" VPOS="549" HPOS="257"/>
							<String ID="string_18" HPOS="272" VPOS="549" WIDTH="166" HEIGHT="29" WC="0.95" CONTENT="fortplantning"/><SP WIDTH="13" VPOS="549" HPOS="438"/>
							<String ID="string_19" HPOS="451" VPOS="551" WIDTH="35" HEIGHT="21" WC="0.95" CONTENT="uti"/><SP WIDTH="14" VPOS="551" HPOS="486"/>
							<String ID="string_20" HPOS="500" VPOS="550" WIDTH="87" HEIGHT="28" WC="0.96" CONTENT="insjöar"/><SP WIDTH="14" VPOS="550" HPOS="587"/>
							<String ID="string_21" HPOS="601" VPOS="550" WIDTH="40" HEIGHT="22" WC="0.96" CONTENT="och"/><SP WIDTH="15" VPOS="550" HPOS="641"/>
							<String ID="string_22" HPOS="656" VPOS="551" WIDTH="123" HEIGHT="23" WC="0.96" CONTENT="strömmar."/>
						</TextLine>
					</TextBlock>
				</ComposedBlock>
				<ComposedBlock ID="cblock_2" HPOS="36" VPOS="603" WIDTH="749" HEIGHT="714">
					<TextBlock ID="block_2" HPOS="36" VPOS="603" WIDTH="749" HEIGHT="714">
						<TextLine ID="line_5" HPOS="91" VPOS="603" WIDTH="690" HEIGHT="27">
							<String ID="string_23" HPOS="91" VPOS="603" WIDTH="32" HEIGHT="20" WC="0.96" CONTENT="Uti"/><SP WIDTH="14" VPOS="603" HPOS="123"/>
							<String ID="string_24" HPOS="137" VPOS="607" WIDTH="28" HEIGHT="16" WC="0.96" CONTENT="ett"/><SP WIDTH="15" VPOS="607" HPOS="165"/>
							<String ID="string_25" HPOS="180" VPOS="603" WIDTH="22" HEIGHT="20" WC="0.93" CONTENT="så"/><SP WIDTH="14" VPOS="603" HPOS="202"/>
							<String ID="string_26" HPOS="216" VPOS="604" WIDTH="108" HEIGHT="20" WC="0.92" CONTENT="vattenrikt"/><SP WIDTH="12" VPOS="604" HPOS="324"/>
							<String ID="string_27" HPOS="336" VPOS="604" WIDTH="46" HEIGHT="20" WC="0.96" CONTENT="land"/><SP WIDTH="15" VPOS="604" HPOS="382"/>
							<String ID="string_28" HPOS="397" VPOS="610" WIDTH="43" HEIGHT="14" WC="0.96" CONTENT="som"/><SP WIDTH="15" VPOS="610" HPOS="440"/>
							<String ID="string_29" HPOS="455" VPOS="605" WIDTH="87" HEIGHT="23" WC="0.95" CONTENT="Finland,"/><SP WIDTH="16" VPOS="605" HPOS="542"/>
							<String ID="string_30" HPOS="558" VPOS="606" WIDTH="58" HEIGHT="24" WC="0.95" CONTENT="utgör"/><SP WIDTH="12" VPOS="606" HPOS="616"/>
							<String ID="string_31" HPOS="628" VPOS="604" WIDTH="59" HEIGHT="21" WC="0.96" CONTENT="fisket"/><SP WIDTH="14" VPOS="604" HPOS="687"/>
							<String ID="string_32" HPOS="701" VPOS="610" WIDTH="24" HEIGHT="14" WC="0.93" CONTENT="en"/><SP WIDTH="14" VPOS="610" HPOS="725"/>
							<String ID="string_33" HPOS="739" VPOS="604" WIDTH="42" HEIGHT="26" WC="0.92" CONTENT="vig-"/>
						</TextLine>
						<TextLine ID="line_6" HPOS="38" VPOS="630" WIDTH="743" HEIGHT="26">
							<String ID="string_34" HPOS="38" VPOS="630" WIDTH="26" HEIGHT="25" WC="0.96" CONTENT="tig"/><SP WIDTH="14" VPOS="630" HPOS="64"/>
							<String ID="string_35" HPOS="78" VPOS="631" WIDTH="132" HEIGHT="24" WC="0.95" CONTENT="näringsgren,"/><SP WIDTH="17" VPOS="631" HPOS="210"/>
							<String ID="string_36" HPOS="227" VPOS="630" WIDTH="18" HEIGHT="25" WC="0.96" CONTENT="ej"/><SP WIDTH="14" VPOS="630" HPOS="245"/>
							<String ID="string_37" HPOS="259" VPOS="631" WIDTH="49" HEIGHT="19" WC="0.96" CONTENT="blott"/><SP WIDTH="14" VPOS="631" HPOS="308"/>
							<String ID="string_38" HPOS="322" VPOS="630" WIDTH="67" HEIGHT="20" WC="0.96" CONTENT="såsom"/><SP WIDTH="18" VPOS="630" HPOS="389"/>
							<String ID="string_39" HPOS="407" VPOS="633" WIDTH="28" HEIGHT="17" WC="0.93" CONTENT="ett"/><SP WIDTH="17" VPOS="633" HPOS="435"/>
							<String ID="string_40" HPOS="452" VPOS="632" WIDTH="118" HEIGHT="24" WC="0.92" CONTENT="väsendtligt"/><SP WIDTH="13" VPOS="632" HPOS="570"/>
							<String ID="string_41" HPOS="583" VPOS="630" WIDTH="68" HEIGHT="26" WC="0.96" CONTENT="bidrag"/><SP WIDTH="14" VPOS="630" HPOS="651"/>
							<String ID="string_42" HPOS="665" VPOS="631" WIDTH="25" HEIGHT="19" WC="0.82" CONTENT="till"/><SP WIDTH="16" VPOS="631" HPOS="690"/>
							<String ID="string_43" HPOS="706" VPOS="631" WIDTH="75" HEIGHT="19" WC="0.91" CONTENT="befolk-"/>
						</TextLine>
						<TextLine ID="line_7" HPOS="37" VPOS="656" WIDTH="744" HEIGHT="26">
							<String ID="string_44" HPOS="37" VPOS="656" WIDTH="81" HEIGHT="26" WC="0.96" CONTENT="ningens"/><SP WIDTH="18" VPOS="656" HPOS="118"/>
							<String ID="string_45" HPOS="136" VPOS="657" WIDTH="113" HEIGHT="24" WC="0.72" CONTENT="uppehälle,"/><SP WIDTH="20" VPOS="657" HPOS="249"/>
							<String ID="string_46" HPOS="269" VPOS="659" WIDTH="45" HEIGHT="17" WC="0.96" CONTENT="utan"/><SP WIDTH="17" VPOS="659" HPOS="314"/>
							<String ID="string_47" HPOS="331" VPOS="658" WIDTH="57" HEIGHT="18" WC="0.96" CONTENT="äfven"/><SP WIDTH="18" VPOS="658" HPOS="388"/>
							<String ID="string_48" HPOS="406" VPOS="656" WIDTH="67" HEIGHT="21" WC="0.96" CONTENT="såsom"/><SP WIDTH="18" VPOS="656" HPOS="473"/>
							<String ID="string_49" HPOS="491" VPOS="660" WIDTH="29" HEIGHT="17" WC="0.96" CONTENT="ett"/><SP WIDTH="16" VPOS="660" HPOS="520"/>
							<String ID="string_50" HPOS="536" VPOS="657" WIDTH="64" HEIGHT="20" WC="0.96" CONTENT="medel"/><SP WIDTH="16" VPOS="657" HPOS="600"/>
							<String ID="string_51" HPOS="616" VPOS="658" WIDTH="24" HEIGHT="18" WC="0.95" CONTENT="till"/><SP WIDTH="16" VPOS="658" HPOS="640"/>
							<String ID="string_52" HPOS="656" VPOS="657" WIDTH="125" HEIGHT="20" WC="0.96" CONTENT="ekonomiskt"/>
						</TextLine>
						<TextLine ID="line_8" HPOS="38" VPOS="682" WIDTH="743" HEIGHT="29">
							<String ID="string_53" HPOS="38" VPOS="682" WIDTH="97" HEIGHT="20" WC="0.93" CONTENT="välstånd."/><SP WIDTH="21" VPOS="682" HPOS="135"/>
							<String ID="string_54" HPOS="156" VPOS="683" WIDTH="46" HEIGHT="26" WC="0.63" CONTENT="Det"/><SP WIDTH="13" VPOS="683" HPOS="202"/>
							<String ID="string_55" HPOS="215" VPOS="682" WIDTH="64" HEIGHT="20" WC="0.93" CONTENT="tillhör"/><SP WIDTH="14" VPOS="682" HPOS="279"/>
							<String ID="string_56" HPOS="293" VPOS="683" WIDTH="77" HEIGHT="20" WC="0.91" CONTENT="derföre"/><SP WIDTH="13" VPOS="683" HPOS="370"/>
							<String ID="string_57" HPOS="383" VPOS="684" WIDTH="143" HEIGHT="27" WC="0.95" CONTENT="lagstiftningen"/><SP WIDTH="14" VPOS="684" HPOS="526"/>
							<String ID="string_58" HPOS="540" VPOS="686" WIDTH="34" HEIGHT="22" WC="0.96" CONTENT="att,"/><SP WIDTH="15" VPOS="686" HPOS="574"/>
							<String ID="string_59" HPOS="589" VPOS="683" WIDTH="62" HEIGHT="25" WC="0.96" CONTENT="jemte"/><SP WIDTH="14" VPOS="683" HPOS="651"/>
							<String ID="string_60" HPOS="665" VPOS="683" WIDTH="116" HEIGHT="27" WC="0.96" CONTENT="skyddande"/>
						</TextLine>
						<TextLine ID="line_9" HPOS="37" VPOS="708" WIDTH="743" HEIGHT="28">
							<String ID="string_61" HPOS="37" VPOS="709" WIDTH="21" HEIGHT="19" WC="0.96" CONTENT="af"/><SP WIDTH="12" VPOS="709" HPOS="58"/>
							<String ID="string_62" HPOS="70" VPOS="714" WIDTH="25" HEIGHT="14" WC="0.96" CONTENT="en"/><SP WIDTH="15" VPOS="714" HPOS="95"/>
							<String ID="string_63" HPOS="110" VPOS="709" WIDTH="61" HEIGHT="19" WC="0.92" CONTENT="hvars"/><SP WIDTH="14" VPOS="709" HPOS="171"/>
							<String ID="string_64" HPOS="185" VPOS="708" WIDTH="91" HEIGHT="21" WC="0.91" CONTENT="fiskerätt"/><SP WIDTH="12" VPOS="708" HPOS="276"/>
							<String ID="string_65" HPOS="288" VPOS="712" WIDTH="55" HEIGHT="17" WC="0.96" CONTENT="emot"/><SP WIDTH="13" VPOS="712" HPOS="343"/>
							<String ID="string_66" HPOS="356" VPOS="710" WIDTH="73" HEIGHT="20" WC="0.96" CONTENT="andras"/><SP WIDTH="14" VPOS="710" HPOS="429"/>
							<String ID="string_67" HPOS="443" VPOS="710" WIDTH="85" HEIGHT="26" WC="0.96" CONTENT="intrång,"/><SP WIDTH="16" VPOS="710" HPOS="528"/>
							<String ID="string_68" HPOS="544" VPOS="711" WIDTH="57" HEIGHT="19" WC="0.96" CONTENT="äfven"/><SP WIDTH="15" VPOS="711" HPOS="601"/>
							<String ID="string_69" HPOS="616" VPOS="710" WIDTH="50" HEIGHT="20" WC="0.93" CONTENT="vaka"/><SP WIDTH="13" VPOS="710" HPOS="666"/>
							<String ID="string_70" HPOS="679" VPOS="710" WIDTH="101" HEIGHT="24" WC="0.92" CONTENT="deröfver,"/>
						</TextLine>
						<TextLine ID="line_10" HPOS="38" VPOS="735" WIDTH="742" HEIGHT="26">
							<String ID="string_71" HPOS="38" VPOS="738" WIDTH="27" HEIGHT="17" WC="0.96" CONTENT="att"/><SP WIDTH="14" VPOS="738" HPOS="65"/>
							<String ID="string_72" HPOS="79" VPOS="735" WIDTH="59" HEIGHT="20" WC="0.96" CONTENT="fisket"/><SP WIDTH="15" VPOS="735" HPOS="138"/>
							<String ID="string_73" HPOS="153" VPOS="735" WIDTH="17" HEIGHT="26" WC="0.96" CONTENT="ej"/><SP WIDTH="16" VPOS="735" HPOS="170"/>
							<String ID="string_74" HPOS="186" VPOS="735" WIDTH="37" HEIGHT="25" WC="0.96" CONTENT="mä,"/><SP WIDTH="12" VPOS="735" HPOS="223"/>
							<String ID="string_75" HPOS="235" VPOS="736" WIDTH="26" HEIGHT="20" WC="0.96" CONTENT="till"/><SP WIDTH="12" VPOS="736" HPOS="261"/>
							<String ID="string_76" HPOS="273" VPOS="736" WIDTH="61" HEIGHT="21" WC="0.60" CONTENT="skada"/><SP WIDTH="15" VPOS="736" HPOS="334"/>
							<String ID="string_77" HPOS="349" VPOS="736" WIDTH="22" HEIGHT="20" WC="0.97" CONTENT="sä"/><SP WIDTH="15" VPOS="736" HPOS="371"/>
							<String ID="string_78" HPOS="386" VPOS="737" WIDTH="30" HEIGHT="19" WC="0.96" CONTENT="väl"/><SP WIDTH="15" VPOS="737" HPOS="416"/>
							<String ID="string_79" HPOS="431" VPOS="736" WIDTH="28" HEIGHT="20" WC="0.96" CONTENT="för"/><SP WIDTH="15" VPOS="736" HPOS="459"/>
							<String ID="string_80" HPOS="474" VPOS="736" WIDTH="24" HEIGHT="20" WC="0.93" CONTENT="de"/><SP WIDTH="16" VPOS="736" HPOS="498"/>
							<String ID="string_81" HPOS="514" VPOS="736" WIDTH="82" HEIGHT="20" WC="0.92" CONTENT="enskilta"/><SP WIDTH="10" VPOS="736" HPOS="596"/>
							<String ID="string_82" HPOS="606" VPOS="741" WIDTH="43" HEIGHT="14" WC="0.97" CONTENT="som"/><SP WIDTH="10" VPOS="741" HPOS="649"/>
							<String ID="string_83" HPOS="659" VPOS="736" WIDTH="33" HEIGHT="20" WC="0.93" CONTENT="det"/><SP WIDTH="9" VPOS="736" HPOS="692"/>
							<String ID="string_84" HPOS="701" VPOS="736" WIDTH="79" HEIGHT="20" WC="0.92" CONTENT="allmän-"/>
						</TextLine>
						<TextLine ID="line_11" HPOS="37" VPOS="762" WIDTH="744" HEIGHT="26">
							<String ID="string_85" HPOS="37" VPOS="768" WIDTH="33" HEIGHT="19" WC="0.96" CONTENT="na,"/><SP WIDTH="20" VPOS="768" HPOS="70"/>
							<String ID="string_86" HPOS="90" VPOS="767" WIDTH="70" HEIGHT="20" WC="0.96" CONTENT="genom"/><SP WIDTH="18" VPOS="767" HPOS="160"/>
							<String ID="string_87" HPOS="178" VPOS="765" WIDTH="28" HEIGHT="16" WC="0.93" CONTENT="ett"/><SP WIDTH="17" VPOS="765" HPOS="206"/>
							<String ID="string_88" HPOS="223" VPOS="762" WIDTH="67" HEIGHT="20" WC="0.93" CONTENT="oklokt"/><SP WIDTH="15" VPOS="762" HPOS="290"/>
							<String ID="string_89" HPOS="305" VPOS="762" WIDTH="46" HEIGHT="21" WC="0.93" CONTENT="eller"/><SP WIDTH="14" VPOS="762" HPOS="351"/>
							<String ID="string_90" HPOS="365" VPOS="762" WIDTH="173" HEIGHT="26" WC="0.92" CONTENT="ändamälsvidrigt"/><SP WIDTH="13" VPOS="762" HPOS="538"/>
							<String ID="string_91" HPOS="551" VPOS="763" WIDTH="127" HEIGHT="25" WC="0.92" CONTENT="begagnande"/><SP WIDTH="14" VPOS="763" HPOS="678"/>
							<String ID="string_92" HPOS="692" VPOS="762" WIDTH="89" HEIGHT="20" WC="0.92" CONTENT="minskas"/>
						</TextLine>
						<TextLine ID="line_12" HPOS="38" VPOS="788" WIDTH="743" HEIGHT="26">
							<String ID="string_93" HPOS="38" VPOS="789" WIDTH="38" HEIGHT="19" WC="0.91" CONTENT="och"/><SP WIDTH="14" VPOS="789" HPOS="76"/>
							<String ID="string_94" HPOS="90" VPOS="789" WIDTH="24" HEIGHT="19" WC="0.96" CONTENT="än"/><SP WIDTH="15" VPOS="789" HPOS="114"/>
							<String ID="string_95" HPOS="129" VPOS="788" WIDTH="76" HEIGHT="20" WC="0.91" CONTENT="mindre"/><SP WIDTH="14" VPOS="788" HPOS="205"/>
							<String ID="string_96" HPOS="219" VPOS="789" WIDTH="70" HEIGHT="20" WC="0.92" CONTENT="utödas"/><SP WIDTH="15" VPOS="789" HPOS="289"/>
							<String ID="string_97" HPOS="304" VPOS="790" WIDTH="46" HEIGHT="19" WC="0.92" CONTENT="eller"/><SP WIDTH="14" VPOS="790" HPOS="350"/>
							<String ID="string_98" HPOS="364" VPOS="790" WIDTH="101" HEIGHT="19" WC="0.93" CONTENT="förstöras."/><SP WIDTH="30" VPOS="790" HPOS="465"/>
							<String ID="string_99" HPOS="495" VPOS="790" WIDTH="101" HEIGHT="20" WC="0.82" CONTENT="Allmänna"/><SP WIDTH="14" VPOS="790" HPOS="596"/>
							<String ID="string_100" HPOS="610" VPOS="789" WIDTH="127" HEIGHT="25" WC="0.93" CONTENT="stadganden,"/><SP WIDTH="11" VPOS="789" HPOS="737"/>
							<String ID="string_101" HPOS="748" VPOS="794" WIDTH="33" HEIGHT="15" WC="0.93" CONTENT="an-"/>
						</TextLine>
						<TextLine ID="line_13" HPOS="37" VPOS="814" WIDTH="746" HEIGHT="29">
							<String ID="string_102" HPOS="37" VPOS="814" WIDTH="75" HEIGHT="29" WC="0.92" CONTENT="gående"/><SP WIDTH="16" VPOS="814" HPOS="112"/>
							<String ID="string_103" HPOS="128" VPOS="815" WIDTH="127" HEIGHT="25" WC="0.91" CONTENT="nyttjorätten"/><SP WIDTH="13" VPOS="815" HPOS="255"/>
							<String ID="string_104" HPOS="268" VPOS="815" WIDTH="26" HEIGHT="20" WC="0.93" CONTENT="till"/><SP WIDTH="10" VPOS="815" HPOS="294"/>
							<String ID="string_105" HPOS="304" VPOS="815" WIDTH="50" HEIGHT="20" WC="0.96" CONTENT="fiske"/><SP WIDTH="11" VPOS="815" HPOS="354"/>
							<String ID="string_106" HPOS="365" VPOS="816" WIDTH="37" HEIGHT="20" WC="0.93" CONTENT="och"/><SP WIDTH="9" VPOS="816" HPOS="402"/>
							<String ID="string_107" HPOS="411" VPOS="816" WIDTH="126" HEIGHT="20" WC="0.93" CONTENT="densammas"/><SP WIDTH="11" VPOS="816" HPOS="537"/>
							<String ID="string_108" HPOS="548" VPOS="816" WIDTH="116" HEIGHT="25" WC="0.96" CONTENT="skyddande"/><SP WIDTH="9" VPOS="816" HPOS="664"/>
							<String ID="string_109" HPOS="673" VPOS="818" WIDTH="53" HEIGHT="16" WC="0.93" CONTENT="emot"/><SP WIDTH="9" VPOS="818" HPOS="726"/>
							<String ID="string_110" HPOS="735" VPOS="816" WIDTH="48" HEIGHT="19" WC="0.91" CONTENT="obe-"/>
						</TextLine>
						<TextLine ID="line_14" HPOS="36" VPOS="841" WIDTH="745" HEIGHT="27">
							<String ID="string_111" HPOS="36" VPOS="842" WIDTH="68" HEIGHT="25" WC="0.89" CONTENT="höriga"/><SP WIDTH="10" VPOS="842" HPOS="104"/>
							<String ID="string_112" HPOS="114" VPOS="847" WIDTH="105" HEIGHT="20" WC="0.93" CONTENT="personers"/><SP WIDTH="10" VPOS="847" HPOS="219"/>
							<String ID="string_113" HPOS="229" VPOS="841" WIDTH="82" HEIGHT="26" WC="0.93" CONTENT="inträng,"/><SP WIDTH="11" VPOS="841" HPOS="311"/>
							<String ID="string_114" HPOS="322" VPOS="842" WIDTH="103" HEIGHT="20" WC="0.93" CONTENT="innefattas"/><SP WIDTH="10" VPOS="842" HPOS="425"/>
							<String ID="string_115" HPOS="435" VPOS="842" WIDTH="6" HEIGHT="19" WC="0.96" CONTENT="i"/><SP WIDTH="10" VPOS="842" HPOS="441"/>
							<String ID="string_116" HPOS="451" VPOS="843" WIDTH="24" HEIGHT="19" WC="0.96" CONTENT="17"/><SP WIDTH="10" VPOS="843" HPOS="475"/>
							<String ID="string_117" HPOS="485" VPOS="843" WIDTH="39" HEIGHT="19" WC="0.96" CONTENT="och"/><SP WIDTH="10" VPOS="843" HPOS="524"/>
							<String ID="string_118" HPOS="534" VPOS="843" WIDTH="24" HEIGHT="19" WC="0.93" CONTENT="18"/><SP WIDTH="10" VPOS="843" HPOS="558"/>
							<String ID="string_119" HPOS="568" VPOS="842" WIDTH="85" HEIGHT="25" WC="0.92" CONTENT="kapitlen"/><SP WIDTH="9" VPOS="842" HPOS="653"/>
							<String ID="string_120" HPOS="662" VPOS="842" WIDTH="119" HEIGHT="26" WC="0.93" CONTENT="Byggninga-"/>
						</TextLine>
						<TextLine ID="line_15" HPOS="36" VPOS="867" WIDTH="745" HEIGHT="28">
							<String ID="string_121" HPOS="36" VPOS="867" WIDTH="76" HEIGHT="26" WC="0.90" CONTENT="balken."/><SP WIDTH="26" VPOS="867" HPOS="112"/>
							<String ID="string_122" HPOS="138" VPOS="868" WIDTH="94" HEIGHT="25" WC="0.96" CONTENT="Speciella"/><SP WIDTH="15" VPOS="868" HPOS="232"/>
							<String ID="string_123" HPOS="247" VPOS="868" WIDTH="129" HEIGHT="26" WC="0.96" CONTENT="föreskrifter,"/><SP WIDTH="16" VPOS="868" HPOS="376"/>
							<String ID="string_124" HPOS="392" VPOS="868" WIDTH="22" HEIGHT="20" WC="0.97" CONTENT="sä"/><SP WIDTH="16" VPOS="868" HPOS="414"/>
							<String ID="string_125" HPOS="430" VPOS="870" WIDTH="29" HEIGHT="18" WC="0.93" CONTENT="väl"/><SP WIDTH="16" VPOS="870" HPOS="459"/>
							<String ID="string_126" HPOS="475" VPOS="870" WIDTH="77" HEIGHT="24" WC="0.96" CONTENT="härom,"/><SP WIDTH="17" VPOS="870" HPOS="552"/>
							<String ID="string_127" HPOS="569" VPOS="874" WIDTH="43" HEIGHT="14" WC="0.96" CONTENT="som"/><SP WIDTH="14" VPOS="874" HPOS="612"/>
							<String ID="string_128" HPOS="626" VPOS="869" WIDTH="27" HEIGHT="19" WC="0.92" CONTENT="till"/><SP WIDTH="12" VPOS="869" HPOS="653"/>
							<String ID="string_129" HPOS="665" VPOS="868" WIDTH="116" HEIGHT="20" WC="0.92" CONTENT="fiskafvelns"/>
						</TextLine>
						<TextLine ID="line_16" HPOS="38" VPOS="894" WIDTH="743" HEIGHT="27">
							<String ID="string_130" HPOS="38" VPOS="895" WIDTH="38" HEIGHT="19" WC="0.96" CONTENT="och"/><SP WIDTH="21" VPOS="895" HPOS="76"/>
							<String ID="string_131" HPOS="97" VPOS="894" WIDTH="35" HEIGHT="27" WC="0.92" CONTENT="det"/><SP WIDTH="19" VPOS="894" HPOS="132"/>
							<String ID="string_132" HPOS="151" VPOS="894" WIDTH="61" HEIGHT="26" WC="0.93" CONTENT="späda"/><SP WIDTH="16" VPOS="894" HPOS="212"/>
							<String ID="string_133" HPOS="228" VPOS="896" WIDTH="77" HEIGHT="25" WC="0.92" CONTENT="ynglets"/><SP WIDTH="15" VPOS="896" HPOS="305"/>
							<String ID="string_134" HPOS="320" VPOS="895" WIDTH="93" HEIGHT="19" WC="0.92" CONTENT="fredande"/><SP WIDTH="15" VPOS="895" HPOS="413"/>
							<String ID="string_135" HPOS="428" VPOS="896" WIDTH="37" HEIGHT="18" WC="0.93" CONTENT="och"/><SP WIDTH="15" VPOS="896" HPOS="465"/>
							<String ID="string_136" HPOS="480" VPOS="895" WIDTH="121" HEIGHT="25" WC="0.96" CONTENT="bevarande,"/><SP WIDTH="17" VPOS="895" HPOS="601"/>
							<String ID="string_137" HPOS="618" VPOS="896" WIDTH="33" HEIGHT="18" WC="0.96" CONTENT="äro"/><SP WIDTH="14" VPOS="896" HPOS="651"/>
							<String ID="string_138" HPOS="665" VPOS="894" WIDTH="116" HEIGHT="20" WC="0.96" CONTENT="meddelade"/>
						</TextLine>
						<TextLine ID="line_17" HPOS="38" VPOS="920" WIDTH="746" HEIGHT="26">
							<String ID="string_139" HPOS="38" VPOS="921" WIDTH="164" HEIGHT="25" WC="0.85" CONTENT="hufvudsakligen"/><SP WIDTH="14" VPOS="921" HPOS="202"/>
							<String ID="string_140" HPOS="216" VPOS="922" WIDTH="6" HEIGHT="18" WC="0.93" CONTENT="i"/><SP WIDTH="15" VPOS="922" HPOS="222"/>
							<String ID="string_141" HPOS="237" VPOS="921" WIDTH="80" HEIGHT="25" WC="0.96" CONTENT="stadgan"/><SP WIDTH="14" VPOS="921" HPOS="317"/>
							<String ID="string_142" HPOS="331" VPOS="922" WIDTH="30" HEIGHT="19" WC="0.93" CONTENT="för"/><SP WIDTH="9" VPOS="922" HPOS="361"/>
							<String ID="string_143" HPOS="370" VPOS="922" WIDTH="59" HEIGHT="24" WC="0.92" CONTENT="hafs-,"/><SP WIDTH="12" VPOS="922" HPOS="429"/>
							<String ID="string_144" HPOS="441" VPOS="922" WIDTH="63" HEIGHT="24" WC="0.93" CONTENT="skär-,"/><SP WIDTH="11" VPOS="922" HPOS="504"/>
							<String ID="string_145" HPOS="515" VPOS="923" WIDTH="72" HEIGHT="18" WC="0.45" CONTENT="ström-"/><SP WIDTH="9" VPOS="923" HPOS="587"/>
							<String ID="string_146" HPOS="596" VPOS="922" WIDTH="38" HEIGHT="18" WC="0.93" CONTENT="och"/><SP WIDTH="10" VPOS="922" HPOS="634"/>
							<String ID="string_147" HPOS="644" VPOS="920" WIDTH="109" HEIGHT="26" WC="0.92" CONTENT="insjöfisket"/><SP WIDTH="10" VPOS="920" HPOS="753"/>
							<String ID="string_148" HPOS="763" VPOS="922" WIDTH="21" HEIGHT="18" WC="0.96" CONTENT="af"/>
						</TextLine>
						<TextLine ID="line_18" HPOS="37" VPOS="947" WIDTH="745" HEIGHT="26">
							<String ID="string_149" HPOS="37" VPOS="948" WIDTH="38" HEIGHT="20" WC="0.96" CONTENT="den"/><SP WIDTH="15" VPOS="948" HPOS="75"/>
							<String ID="string_150" HPOS="90" VPOS="949" WIDTH="24" HEIGHT="19" WC="0.86" CONTENT="14"/><SP WIDTH="15" VPOS="949" HPOS="114"/>
							<String ID="string_151" HPOS="129" VPOS="948" WIDTH="114" HEIGHT="20" WC="0.96" CONTENT="November"/><SP WIDTH="15" VPOS="948" HPOS="243"/>
							<String ID="string_152" HPOS="258" VPOS="948" WIDTH="51" HEIGHT="20" WC="0.96" CONTENT="1766"/><SP WIDTH="14" VPOS="948" HPOS="309"/>
							<String ID="string_153" HPOS="323" VPOS="951" WIDTH="52" HEIGHT="17" WC="0.93" CONTENT="samt"/><SP WIDTH="14" VPOS="951" HPOS="375"/>
							<String ID="string_154" HPOS="389" VPOS="948" WIDTH="128" HEIGHT="25" WC="0.93" CONTENT="förklaringen"/><SP WIDTH="15" VPOS="948" HPOS="517"/>
							<String ID="string_155" HPOS="532" VPOS="948" WIDTH="92" HEIGHT="19" WC="0.88" CONTENT="deröfver"/><SP WIDTH="14" VPOS="948" HPOS="624"/>
							<String ID="string_156" HPOS="638" VPOS="948" WIDTH="19" HEIGHT="19" WC="0.96" CONTENT="af"/><SP WIDTH="8" VPOS="948" HPOS="657"/>
							<String ID="string_157" HPOS="665" VPOS="947" WIDTH="38" HEIGHT="19" WC="0.96" CONTENT="den"/><SP WIDTH="11" VPOS="947" HPOS="703"/>
							<String ID="string_158" HPOS="714" VPOS="948" WIDTH="25" HEIGHT="19" WC="0.93" CONTENT="24"/><SP WIDTH="10" VPOS="948" HPOS="739"/>
							<String ID="string_159" HPOS="749" VPOS="947" WIDTH="33" HEIGHT="19" WC="0.92" CONTENT="Ja-"/>
						</TextLine>
						<TextLine ID="line_19" HPOS="38" VPOS="974" WIDTH="743" HEIGHT="25">
							<String ID="string_160" HPOS="38" VPOS="975" WIDTH="55" HEIGHT="19" WC="0.85" CONTENT="nuari"/><SP WIDTH="15" VPOS="975" HPOS="93"/>
							<String ID="string_161" HPOS="108" VPOS="974" WIDTH="58" HEIGHT="19" WC="0.91" CONTENT="1771."/><SP WIDTH="29" VPOS="974" HPOS="166"/>
							<String ID="string_162" HPOS="195" VPOS="974" WIDTH="42" HEIGHT="19" WC="0.94" CONTENT="Men"/><SP WIDTH="15" VPOS="974" HPOS="237"/>
							<String ID="string_163" HPOS="252" VPOS="974" WIDTH="24" HEIGHT="20" WC="0.96" CONTENT="då"/><SP WIDTH="14" VPOS="974" HPOS="276"/>
							<String ID="string_164" HPOS="290" VPOS="974" WIDTH="58" HEIGHT="20" WC="0.93" CONTENT="dessa"/><SP WIDTH="14" VPOS="974" HPOS="348"/>
							<String ID="string_165" HPOS="362" VPOS="975" WIDTH="123" HEIGHT="19" WC="0.96" CONTENT="föreskrifter"/><SP WIDTH="14" VPOS="975" HPOS="485"/>
							<String ID="string_166" HPOS="499" VPOS="975" WIDTH="5" HEIGHT="18" WC="0.93" CONTENT="i"/><SP WIDTH="15" VPOS="975" HPOS="504"/>
							<String ID="string_167" HPOS="519" VPOS="975" WIDTH="48" HEIGHT="19" WC="0.94" CONTENT="flere"/><SP WIDTH="14" VPOS="975" HPOS="567"/>
							<String ID="string_168" HPOS="581" VPOS="974" WIDTH="54" HEIGHT="20" WC="0.93" CONTENT="delar"/><SP WIDTH="14" VPOS="974" HPOS="635"/>
							<String ID="string_169" HPOS="649" VPOS="975" WIDTH="60" HEIGHT="18" WC="0.96" CONTENT="sakna"/><SP WIDTH="14" VPOS="975" HPOS="709"/>
							<String ID="string_170" HPOS="723" VPOS="974" WIDTH="58" HEIGHT="25" WC="0.96" CONTENT="nödig"/>
						</TextLine>
						<TextLine ID="line_20" HPOS="37" VPOS="1000" WIDTH="745" HEIGHT="27">
							<String ID="string_171" HPOS="37" VPOS="1000" WIDTH="127" HEIGHT="20" WC="0.96" CONTENT="bestämdhet"/><SP WIDTH="14" VPOS="1000" HPOS="164"/>
							<String ID="string_172" HPOS="178" VPOS="1001" WIDTH="37" HEIGHT="19" WC="0.93" CONTENT="och"/><SP WIDTH="14" VPOS="1001" HPOS="215"/>
							<String ID="string_173" HPOS="229" VPOS="1001" WIDTH="151" HEIGHT="26" WC="0.93" CONTENT="fullständighet,"/><SP WIDTH="13" VPOS="1001" HPOS="380"/>
							<String ID="string_174" HPOS="393" VPOS="1001" WIDTH="91" HEIGHT="20" WC="0.92" CONTENT="hvarföre"/><SP WIDTH="10" VPOS="1001" HPOS="484"/>
							<String ID="string_175" HPOS="494" VPOS="1001" WIDTH="25" HEIGHT="19" WC="0.93" CONTENT="de"/><SP WIDTH="10" VPOS="1001" HPOS="519"/>
							<String ID="string_176" HPOS="529" VPOS="1001" WIDTH="37" HEIGHT="19" WC="0.96" CONTENT="ock"/><SP WIDTH="10" VPOS="1001" HPOS="566"/>
							<String ID="string_177" HPOS="576" VPOS="1000" WIDTH="63" HEIGHT="20" WC="0.95" CONTENT="blifvit"/><SP WIDTH="8" VPOS="1000" HPOS="639"/>
							<String ID="string_178" HPOS="647" VPOS="1001" WIDTH="70" HEIGHT="19" WC="0.93" CONTENT="endast"/><SP WIDTH="10" VPOS="1001" HPOS="717"/>
							<String ID="string_179" HPOS="727" VPOS="1000" WIDTH="55" HEIGHT="19" WC="0.89" CONTENT="ofull-"/>
						</TextLine>
						<TextLine ID="line_21" HPOS="38" VPOS="1026" WIDTH="744" HEIGHT="26">
							<String ID="string_180" HPOS="38" VPOS="1028" WIDTH="80" HEIGHT="24" WC="0.90" CONTENT="komligt"/><SP WIDTH="14" VPOS="1028" HPOS="118"/>
							<String ID="string_181" HPOS="132" VPOS="1027" WIDTH="102" HEIGHT="20" WC="0.82" CONTENT="efterlefde"/><SP WIDTH="15" VPOS="1027" HPOS="234"/>
							<String ID="string_182" HPOS="249" VPOS="1028" WIDTH="46" HEIGHT="19" WC="0.92" CONTENT="eller"/><SP WIDTH="14" VPOS="1028" HPOS="295"/>
							<String ID="string_183" HPOS="309" VPOS="1029" WIDTH="70" HEIGHT="18" WC="0.96" CONTENT="nästan"/><SP WIDTH="14" VPOS="1029" HPOS="379"/>
							<String ID="string_184" HPOS="393" VPOS="1028" WIDTH="42" HEIGHT="19" WC="0.96" CONTENT="helt"/><SP WIDTH="14" VPOS="1028" HPOS="435"/>
							<String ID="string_185" HPOS="449" VPOS="1029" WIDTH="37" HEIGHT="19" WC="0.93" CONTENT="och"/><SP WIDTH="14" VPOS="1029" HPOS="486"/>
							<String ID="string_186" HPOS="500" VPOS="1027" WIDTH="60" HEIGHT="20" WC="0.93" CONTENT="hållet"/><SP WIDTH="14" VPOS="1027" HPOS="560"/>
							<String ID="string_187" HPOS="574" VPOS="1027" WIDTH="113" HEIGHT="25" WC="0.83" CONTENT="äsidosatte,"/><SP WIDTH="17" VPOS="1027" HPOS="687"/>
							<String ID="string_188" HPOS="704" VPOS="1028" WIDTH="35" HEIGHT="18" WC="0.96" CONTENT="har"/><SP WIDTH="9" VPOS="1028" HPOS="739"/>
							<String ID="string_189" HPOS="748" VPOS="1026" WIDTH="34" HEIGHT="20" WC="0.96" CONTENT="det"/>
						</TextLine>
						<TextLine ID="line_22" HPOS="38" VPOS="1052" WIDTH="744" HEIGHT="27">
							<String ID="string_190" HPOS="38" VPOS="1054" WIDTH="47" HEIGHT="19" WC="0.95" CONTENT="med"/><SP WIDTH="17" VPOS="1054" HPOS="85"/>
							<String ID="string_191" HPOS="102" VPOS="1053" WIDTH="46" HEIGHT="20" WC="0.93" CONTENT="dem"/><SP WIDTH="18" VPOS="1053" HPOS="148"/>
							<String ID="string_192" HPOS="166" VPOS="1053" WIDTH="89" HEIGHT="26" WC="0.95" CONTENT="åsyftade"/><SP WIDTH="17" VPOS="1053" HPOS="255"/>
							<String ID="string_193" HPOS="272" VPOS="1060" WIDTH="49" HEIGHT="19" WC="0.95" CONTENT="gagn"/><SP WIDTH="17" VPOS="1060" HPOS="321"/>
							<String ID="string_194" HPOS="338" VPOS="1053" WIDTH="19" HEIGHT="26" WC="0.95" CONTENT="ej"/><SP WIDTH="17" VPOS="1053" HPOS="357"/>
							<String ID="string_195" HPOS="374" VPOS="1054" WIDTH="74" HEIGHT="19" WC="0.93" CONTENT="kunnat"/><SP WIDTH="15" VPOS="1054" HPOS="448"/>
							<String ID="string_196" HPOS="463" VPOS="1054" WIDTH="74" HEIGHT="19" WC="0.93" CONTENT="vinnas."/><SP WIDTH="30" VPOS="1054" HPOS="537"/>
							<String ID="string_197" HPOS="567" VPOS="1054" WIDTH="89" HEIGHT="19" WC="0.90" CONTENT="Fastmer"/><SP WIDTH="14" VPOS="1054" HPOS="656"/>
							<String ID="string_198" HPOS="670" VPOS="1054" WIDTH="36" HEIGHT="19" WC="0.96" CONTENT="har"/><SP WIDTH="13" VPOS="1054" HPOS="706"/>
							<String ID="string_199" HPOS="719" VPOS="1052" WIDTH="63" HEIGHT="20" WC="0.96" CONTENT="under"/>
						</TextLine>
						<TextLine ID="line_23" HPOS="38" VPOS="1079" WIDTH="747" HEIGHT="26">
							<String ID="string_200" HPOS="38" VPOS="1080" WIDTH="85" HEIGHT="20" WC="0.57" CONTENT="sednare"/><SP WIDTH="20" VPOS="1080" HPOS="123"/>
							<String ID="string_201" HPOS="143" VPOS="1079" WIDTH="57" HEIGHT="26" WC="0.93" CONTENT="tider,"/><SP WIDTH="21" VPOS="1079" HPOS="200"/>
							<String ID="string_202" HPOS="221" VPOS="1079" WIDTH="54" HEIGHT="21" WC="0.93" CONTENT="säväl"/><SP WIDTH="23" VPOS="1079" HPOS="275"/>
							<String ID="string_203" HPOS="298" VPOS="1081" WIDTH="11" HEIGHT="18" WC="0.95" CONTENT="i:"/><SP WIDTH="15" VPOS="1081" HPOS="309"/>
							<String ID="string_204" HPOS="324" VPOS="1080" WIDTH="25" HEIGHT="20" WC="0.96" CONTENT="de"/><SP WIDTH="17" VPOS="1080" HPOS="349"/>
							<String ID="string_205" HPOS="366" VPOS="1081" WIDTH="27" HEIGHT="19" WC="0.96" CONTENT="till"/><SP WIDTH="18" VPOS="1081" HPOS="393"/>
							<String ID="string_206" HPOS="411" VPOS="1081" WIDTH="77" HEIGHT="19" WC="0.96" CONTENT="landets"/><SP WIDTH="17" VPOS="1081" HPOS="488"/>
							<String ID="string_207" HPOS="505" VPOS="1081" WIDTH="69" HEIGHT="19" WC="0.95" CONTENT="kuster"/><SP WIDTH="18" VPOS="1081" HPOS="574"/>
							<String ID="string_208" HPOS="592" VPOS="1079" WIDTH="88" HEIGHT="20" WC="0.96" CONTENT="stötande"/><SP WIDTH="14" VPOS="1079" HPOS="680"/>
							<String ID="string_209" HPOS="694" VPOS="1079" WIDTH="55" HEIGHT="20" WC="0.96" CONTENT="delar"/><SP WIDTH="14" VPOS="1079" HPOS="749"/>
							<String ID="string_210" HPOS="763" VPOS="1079" WIDTH="22" HEIGHT="20" WC="0.96" CONTENT="af"/>
						</TextLine>
						<TextLine ID="line_24" HPOS="38" VPOS="1105" WIDTH="746" HEIGHT="27">
							<String ID="string_211" HPOS="38" VPOS="1106" WIDTH="87" HEIGHT="26" WC="0.92" CONTENT="saltsjön,"/><SP WIDTH="13" VPOS="1106" HPOS="125"/>
							<String ID="string_212" HPOS="138" VPOS="1111" WIDTH="43" HEIGHT="15" WC="0.93" CONTENT="som"/><SP WIDTH="10" VPOS="1111" HPOS="181"/>
							<String ID="string_213" HPOS="191" VPOS="1107" WIDTH="114" HEIGHT="25" WC="0.92" CONTENT="isynnerhet"/><SP WIDTH="14" VPOS="1107" HPOS="305"/>
							<String ID="string_214" HPOS="319" VPOS="1107" WIDTH="4" HEIGHT="18" WC="0.93" CONTENT="i"/><SP WIDTH="16" VPOS="1107" HPOS="323"/>
							<String ID="string_215" HPOS="339" VPOS="1109" WIDTH="106" HEIGHT="17" WC="0.95" CONTENT="strömmar"/><SP WIDTH="14" VPOS="1109" HPOS="445"/>
							<String ID="string_216" HPOS="459" VPOS="1108" WIDTH="38" HEIGHT="18" WC="0.93" CONTENT="och"/><SP WIDTH="14" VPOS="1108" HPOS="497"/>
							<String ID="string_217" HPOS="511" VPOS="1105" WIDTH="79" HEIGHT="26" WC="0.96" CONTENT="insjöar,"/><SP WIDTH="12" VPOS="1105" HPOS="590"/>
							<String ID="string_218" HPOS="602" VPOS="1112" WIDTH="23" HEIGHT="13" WC="0.93" CONTENT="en"/><SP WIDTH="11" VPOS="1112" HPOS="625"/>
							<String ID="string_219" HPOS="636" VPOS="1106" WIDTH="99" HEIGHT="25" WC="0.92" CONTENT="betänklig"/><SP WIDTH="9" VPOS="1106" HPOS="735"/>
							<String ID="string_220" HPOS="744" VPOS="1106" WIDTH="40" HEIGHT="19" WC="0.89" CONTENT="för-"/>
						</TextLine>
						<TextLine ID="line_25" HPOS="39" VPOS="1131" WIDTH="744" HEIGHT="28">
							<String ID="string_221" HPOS="39" VPOS="1133" WIDTH="113" HEIGHT="25" WC="0.96" CONTENT="minskning"/><SP WIDTH="17" VPOS="1133" HPOS="152"/>
							<String ID="string_222" HPOS="169" VPOS="1133" WIDTH="21" HEIGHT="19" WC="0.96" CONTENT="af"/><SP WIDTH="14" VPOS="1133" HPOS="190"/>
							<String ID="string_223" HPOS="204" VPOS="1133" WIDTH="37" HEIGHT="19" WC="0.93" CONTENT="den"/><SP WIDTH="15" VPOS="1133" HPOS="241"/>
							<String ID="string_224" HPOS="256" VPOS="1133" WIDTH="78" HEIGHT="20" WC="0.95" CONTENT="fordom"/><SP WIDTH="13" VPOS="1133" HPOS="334"/>
							<String ID="string_225" HPOS="347" VPOS="1133" WIDTH="80" HEIGHT="26" WC="0.96" CONTENT="ymniga"/><SP WIDTH="14" VPOS="1133" HPOS="427"/>
							<String ID="string_226" HPOS="441" VPOS="1133" WIDTH="102" HEIGHT="25" WC="0.95" CONTENT="tillgången"/><SP WIDTH="14" VPOS="1133" HPOS="543"/>
							<String ID="string_227" HPOS="557" VPOS="1133" WIDTH="25" HEIGHT="24" WC="0.97" CONTENT="pä"/><SP WIDTH="15" VPOS="1133" HPOS="582"/>
							<String ID="string_228" HPOS="597" VPOS="1132" WIDTH="44" HEIGHT="25" WC="0.93" CONTENT="fisk,"/><SP WIDTH="16" VPOS="1132" HPOS="641"/>
							<String ID="string_229" HPOS="657" VPOS="1132" WIDTH="64" HEIGHT="19" WC="0.93" CONTENT="blifvit"/><SP WIDTH="13" VPOS="1132" HPOS="721"/>
							<String ID="string_230" HPOS="734" VPOS="1131" WIDTH="49" HEIGHT="20" WC="0.76" CONTENT="iakt-"/>
						</TextLine>
						<TextLine ID="line_26" HPOS="39" VPOS="1157" WIDTH="744" HEIGHT="28">
							<String ID="string_231" HPOS="39" VPOS="1161" WIDTH="65" HEIGHT="23" WC="0.79" CONTENT="tagen."/><SP WIDTH="29" VPOS="1161" HPOS="104"/>
							<String ID="string_232" HPOS="133" VPOS="1158" WIDTH="29" HEIGHT="21" WC="0.92" CONTENT="Då"/><SP WIDTH="14" VPOS="1158" HPOS="162"/>
							<String ID="string_233" HPOS="176" VPOS="1159" WIDTH="34" HEIGHT="19" WC="0.93" CONTENT="det"/><SP WIDTH="14" VPOS="1159" HPOS="210"/>
							<String ID="string_234" HPOS="224" VPOS="1159" WIDTH="79" HEIGHT="20" WC="0.96" CONTENT="således"/><SP WIDTH="14" VPOS="1159" HPOS="303"/>
							<String ID="string_235" HPOS="317" VPOS="1161" WIDTH="21" HEIGHT="17" WC="0.93" CONTENT="är"/><SP WIDTH="15" VPOS="1161" HPOS="338"/>
							<String ID="string_236" HPOS="353" VPOS="1159" WIDTH="100" HEIGHT="26" WC="0.96" CONTENT="angeläget"/><SP WIDTH="14" VPOS="1159" HPOS="453"/>
							<String ID="string_237" HPOS="467" VPOS="1162" WIDTH="28" HEIGHT="16" WC="0.96" CONTENT="att"/><SP WIDTH="13" VPOS="1162" HPOS="495"/>
							<String ID="string_238" HPOS="508" VPOS="1159" WIDTH="37" HEIGHT="20" WC="0.96" CONTENT="den"/><SP WIDTH="15" VPOS="1159" HPOS="545"/>
							<String ID="string_239" HPOS="560" VPOS="1165" WIDTH="27" HEIGHT="13" WC="0.96" CONTENT="nu"/><SP WIDTH="13" VPOS="1165" HPOS="587"/>
							<String ID="string_240" HPOS="600" VPOS="1159" WIDTH="87" HEIGHT="25" WC="0.93" CONTENT="gällande"/><SP WIDTH="13" VPOS="1159" HPOS="687"/>
							<String ID="string_241" HPOS="700" VPOS="1157" WIDTH="83" HEIGHT="26" WC="0.56" CONTENT="lagstift-"/>
						</TextLine>
						<TextLine ID="line_27" HPOS="40" VPOS="1185" WIDTH="740" HEIGHT="26">
							<String ID="string_242" HPOS="40" VPOS="1186" WIDTH="69" HEIGHT="24" WC="0.94" CONTENT="ningen"/><SP WIDTH="17" VPOS="1186" HPOS="109"/>
							<String ID="string_243" HPOS="126" VPOS="1185" WIDTH="6" HEIGHT="19" WC="0.93" CONTENT="i"/><SP WIDTH="17" VPOS="1185" HPOS="132"/>
							<String ID="string_244" HPOS="149" VPOS="1188" WIDTH="66" HEIGHT="17" WC="0.96" CONTENT="ämnet"/><SP WIDTH="16" VPOS="1188" HPOS="215"/>
							<String ID="string_245" HPOS="231" VPOS="1191" WIDTH="71" HEIGHT="20" WC="0.93" CONTENT="genom"/><SP WIDTH="16" VPOS="1191" HPOS="302"/>
							<String ID="string_246" HPOS="318" VPOS="1187" WIDTH="90" HEIGHT="24" WC="0.95" CONTENT="lämpliga"/><SP WIDTH="14" VPOS="1187" HPOS="408"/>
							<String ID="string_247" HPOS="422" VPOS="1185" WIDTH="104" HEIGHT="26" WC="0.96" CONTENT="ändringar"/><SP WIDTH="14" VPOS="1185" HPOS="526"/>
							<String ID="string_248" HPOS="540" VPOS="1186" WIDTH="38" HEIGHT="19" WC="0.93" CONTENT="och"/><SP WIDTH="14" VPOS="1186" HPOS="578"/>
							<String ID="string_249" HPOS="592" VPOS="1185" WIDTH="63" HEIGHT="26" WC="0.91" CONTENT="tillägg."/><SP WIDTH="14" VPOS="1185" HPOS="655"/>
							<String ID="string_250" HPOS="669" VPOS="1185" WIDTH="111" HEIGHT="23" WC="0.94" CONTENT="förbättras,"/>
						</TextLine>
						<TextLine ID="line_28" HPOS="40" VPOS="1211" WIDTH="743" HEIGHT="26">
							<String ID="string_251" HPOS="40" VPOS="1213" WIDTH="34" HEIGHT="19" WC="0.96" CONTENT="har"/><SP WIDTH="15" VPOS="1213" HPOS="74"/>
							<String ID="string_252" HPOS="89" VPOS="1213" WIDTH="63" HEIGHT="19" WC="0.96" CONTENT="Hans"/><SP WIDTH="14" VPOS="1213" HPOS="152"/>
							<String ID="string_253" HPOS="166" VPOS="1211" WIDTH="133" HEIGHT="26" WC="0.95" CONTENT="Kejserliga"/><SP WIDTH="14" VPOS="1211" HPOS="299"/>
							<String ID="string_254" HPOS="313" VPOS="1212" WIDTH="109" HEIGHT="24" WC="0.96" CONTENT="Majestät"/><SP WIDTH="15" VPOS="1212" HPOS="422"/>
							<String ID="string_255" HPOS="437" VPOS="1213" WIDTH="52" HEIGHT="18" WC="0.93" CONTENT="velat"/><SP WIDTH="14" VPOS="1213" HPOS="489"/>
							<String ID="string_256" HPOS="503" VPOS="1211" WIDTH="86" HEIGHT="20" WC="0.92" CONTENT="inhemta"/><SP WIDTH="14" VPOS="1211" HPOS="589"/>
							<String ID="string_257" HPOS="603" VPOS="1211" WIDTH="180" HEIGHT="20" WC="0.91" CONTENT="Landtständernas"/>
						</TextLine>
						<TextLine ID="line_29" HPOS="40" VPOS="1237" WIDTH="743" HEIGHT="27">
							<String ID="string_258" HPOS="40" VPOS="1238" WIDTH="68" HEIGHT="20" WC="0.92" CONTENT="tankar"/><SP WIDTH="14" VPOS="1238" HPOS="108"/>
							<String ID="string_259" HPOS="122" VPOS="1237" WIDTH="168" HEIGHT="27" WC="0.72" CONTENT="och-önskningar"/><SP WIDTH="14" VPOS="1237" HPOS="290"/>
							<String ID="string_260" HPOS="304" VPOS="1238" WIDTH="101" HEIGHT="26" WC="0.96" CONTENT="angående"/><SP WIDTH="13" VPOS="1238" HPOS="405"/>
							<String ID="string_261" HPOS="418" VPOS="1239" WIDTH="26" HEIGHT="19" WC="0.91" CONTENT="de"/><SP WIDTH="13" VPOS="1239" HPOS="444"/>
							<String ID="string_262" HPOS="457" VPOS="1238" WIDTH="135" HEIGHT="25" WC="0.96" CONTENT="grundsatser,"/><SP WIDTH="12" VPOS="1238" HPOS="592"/>
							<String ID="string_263" HPOS="604" VPOS="1243" WIDTH="43" HEIGHT="14" WC="0.93" CONTENT="som"/><SP WIDTH="10" VPOS="1243" HPOS="647"/>
							<String ID="string_264" HPOS="657" VPOS="1237" WIDTH="69" HEIGHT="20" WC="0.92" CONTENT="dervid"/><SP WIDTH="10" VPOS="1237" HPOS="726"/>
							<String ID="string_265" HPOS="736" VPOS="1237" WIDTH="47" HEIGHT="19" WC="0.97" CONTENT="böra"/>
						</TextLine>
						<TextLine ID="line_30" HPOS="41" VPOS="1263" WIDTH="743" HEIGHT="26">
							<String ID="string_266" HPOS="41" VPOS="1264" WIDTH="51" HEIGHT="25" WC="0.95" CONTENT="tjena"/><SP WIDTH="14" VPOS="1264" HPOS="92"/>
							<String ID="string_267" HPOS="106" VPOS="1265" WIDTH="26" HEIGHT="19" WC="0.96" CONTENT="till"/><SP WIDTH="14" VPOS="1265" HPOS="132"/>
							<String ID="string_268" HPOS="146" VPOS="1264" WIDTH="86" HEIGHT="25" WC="0.95" CONTENT="ledning,"/><SP WIDTH="15" VPOS="1264" HPOS="232"/>
							<String ID="string_269" HPOS="247" VPOS="1265" WIDTH="5" HEIGHT="18" WC="0.96" CONTENT="i"/><SP WIDTH="15" VPOS="1265" HPOS="252"/>
							<String ID="string_270" HPOS="267" VPOS="1265" WIDTH="75" HEIGHT="19" WC="0.96" CONTENT="hvilket"/><SP WIDTH="16" VPOS="1265" HPOS="342"/>
							<String ID="string_271" HPOS="358" VPOS="1264" WIDTH="88" HEIGHT="21" WC="0.88" CONTENT="ändamål"/><SP WIDTH="19" VPOS="1264" HPOS="446"/>
							<String ID="string_272" HPOS="465" VPOS="1265" WIDTH="27" HEIGHT="19" WC="0.93" CONTENT="till"/><SP WIDTH="14" VPOS="1265" HPOS="492"/>
							<String ID="string_273" HPOS="506" VPOS="1264" WIDTH="120" HEIGHT="20" WC="0.92" CONTENT="Ständernas"/><SP WIDTH="14" VPOS="1264" HPOS="626"/>
							<String ID="string_274" HPOS="640" VPOS="1263" WIDTH="144" HEIGHT="26" WC="0.91" CONTENT="öfvervägande"/>
						</TextLine>
						<TextLine ID="line_31" HPOS="41" VPOS="1289" WIDTH="312" HEIGHT="28">
							<String ID="string_275" HPOS="41" VPOS="1291" WIDTH="118" HEIGHT="20" WC="0.95" CONTENT="framställes"/><SP WIDTH="14" VPOS="1291" HPOS="159"/>
							<String ID="string_276" HPOS="173" VPOS="1289" WIDTH="85" HEIGHT="26" WC="0.88" CONTENT="följande"/><SP WIDTH="13" VPOS="1289" HPOS="258"/>
							<String ID="string_277" HPOS="271" VPOS="1292" WIDTH="82" HEIGHT="25" WC="0.95" CONTENT="förslag:"/>
						</TextLine>
					</TextBlock>
				</ComposedBlock>
				<ComposedBlock ID="cblock_3" HPOS="43" VPOS="1345" WIDTH="742" HEIGHT="137">
					<TextBlock ID="block_3" HPOS="395" VPOS="1345" WIDTH="39" HEIGHT="18">
						<TextLine ID="line_32" HPOS="395" VPOS="1345" WIDTH="39" HEIGHT="18">
							<String ID="string_278" HPOS="395" VPOS="1345" WIDTH="39" HEIGHT="18" WC="0.87" CONTENT="1:0."/>
						</TextLine>
					</TextBlock>
					<TextBlock ID="block_4" HPOS="43" VPOS="1379" WIDTH="742" HEIGHT="81">
						<TextLine ID="line_33" HPOS="94" VPOS="1379" WIDTH="690" HEIGHT="28">
							<String ID="string_279" HPOS="94" VPOS="1381" WIDTH="110" HEIGHT="26" WC="0.92" CONTENT="Jordegare"/><SP WIDTH="18" VPOS="1381" HPOS="204"/>
							<String ID="string_280" HPOS="222" VPOS="1381" WIDTH="6" HEIGHT="19" WC="0.93" CONTENT="i"/><SP WIDTH="20" VPOS="1381" HPOS="228"/>
							<String ID="string_281" HPOS="248" VPOS="1382" WIDTH="105" HEIGHT="19" WC="0.96" CONTENT="allmänhet"/><SP WIDTH="17" VPOS="1382" HPOS="353"/>
							<String ID="string_282" HPOS="370" VPOS="1381" WIDTH="101" HEIGHT="20" WC="0.96" CONTENT="försäkras"/><SP WIDTH="14" VPOS="1381" HPOS="471"/>
							<String ID="string_283" HPOS="485" VPOS="1387" WIDTH="33" HEIGHT="14" WC="0.93" CONTENT="om"/><SP WIDTH="15" VPOS="1387" HPOS="518"/>
							<String ID="string_284" HPOS="533" VPOS="1379" WIDTH="172" HEIGHT="27" WC="0.80" CONTENT="tillgodonjutande"/><SP WIDTH="14" VPOS="1379" HPOS="705"/>
							<String ID="string_285" HPOS="719" VPOS="1380" WIDTH="20" HEIGHT="19" WC="0.93" CONTENT="af"/><SP WIDTH="12" VPOS="1380" HPOS="739"/>
							<String ID="string_286" HPOS="751" VPOS="1379" WIDTH="33" HEIGHT="20" WC="0.91" CONTENT="de-"/>
						</TextLine>
						<TextLine ID="line_34" HPOS="43" VPOS="1406" WIDTH="742" HEIGHT="27">
							<String ID="string_287" HPOS="43" VPOS="1414" WIDTH="32" HEIGHT="15" WC="0.96" CONTENT="ras"/><SP WIDTH="14" VPOS="1414" HPOS="75"/>
							<String ID="string_288" HPOS="89" VPOS="1409" WIDTH="38" HEIGHT="18" WC="0.95" CONTENT="rätt"/><SP WIDTH="14" VPOS="1409" HPOS="127"/>
							<String ID="string_289" HPOS="141" VPOS="1408" WIDTH="26" HEIGHT="21" WC="0.92" CONTENT="till"/><SP WIDTH="15" VPOS="1408" HPOS="167"/>
							<String ID="string_290" HPOS="182" VPOS="1407" WIDTH="126" HEIGHT="21" WC="0.91" CONTENT="fiskevattnet"/><SP WIDTH="9" VPOS="1407" HPOS="308"/>
							<String ID="string_291" HPOS="317" VPOS="1408" WIDTH="34" HEIGHT="20" WC="0.96" CONTENT="vid"/><SP WIDTH="10" VPOS="1408" HPOS="351"/>
							<String ID="string_292" HPOS="361" VPOS="1413" WIDTH="49" HEIGHT="20" WC="0.93" CONTENT="egna"/><SP WIDTH="10" VPOS="1413" HPOS="410"/>
							<String ID="string_293" HPOS="420" VPOS="1407" WIDTH="97" HEIGHT="20" WC="0.90" CONTENT="stränder."/><SP WIDTH="16" VPOS="1407" HPOS="517"/>
							<String ID="string_294" HPOS="533" VPOS="1407" WIDTH="102" HEIGHT="24" WC="0.93" CONTENT="Undantag"/><SP WIDTH="9" VPOS="1407" HPOS="635"/>
							<String ID="string_295" HPOS="644" VPOS="1406" WIDTH="85" HEIGHT="21" WC="0.93" CONTENT="derifrän"/><SP WIDTH="10" VPOS="1406" HPOS="729"/>
							<String ID="string_296" HPOS="739" VPOS="1411" WIDTH="46" HEIGHT="20" WC="0.93" CONTENT="eger"/>
						</TextLine>
						<TextLine ID="line_35" HPOS="43" VPOS="1433" WIDTH="742" HEIGHT="27">
							<String ID="string_297" HPOS="43" VPOS="1440" WIDTH="44" HEIGHT="15" WC="0.74" CONTENT="rum."/><SP WIDTH="17" VPOS="1440" HPOS="87"/>
							<String ID="string_298" HPOS="104" VPOS="1434" WIDTH="70" HEIGHT="21" WC="0.95" CONTENT="endast"/><SP WIDTH="16" VPOS="1434" HPOS="174"/>
							<String ID="string_299" HPOS="190" VPOS="1435" WIDTH="5" HEIGHT="18" WC="0.96" CONTENT="i"/><SP WIDTH="18" VPOS="1435" HPOS="195"/>
							<String ID="string_300" HPOS="213" VPOS="1435" WIDTH="44" HEIGHT="19" WC="0.96" CONTENT="stöd"/><SP WIDTH="17" VPOS="1435" HPOS="257"/>
							<String ID="string_301" HPOS="274" VPOS="1435" WIDTH="19" HEIGHT="19" WC="0.93" CONTENT="af"/><SP WIDTH="16" VPOS="1435" HPOS="293"/>
							<String ID="string_302" HPOS="309" VPOS="1434" WIDTH="149" HEIGHT="26" WC="0.92" CONTENT="skattläggning,"/><SP WIDTH="19" VPOS="1434" HPOS="458"/>
							<String ID="string_303" HPOS="477" VPOS="1434" WIDTH="68" HEIGHT="25" WC="0.96" CONTENT="skifte,"/><SP WIDTH="16" VPOS="1434" HPOS="545"/>
							<String ID="string_304" HPOS="561" VPOS="1433" WIDTH="86" HEIGHT="20" WC="0.95" CONTENT="domslut"/><SP WIDTH="14" VPOS="1433" HPOS="647"/>
							<String ID="string_305" HPOS="661" VPOS="1434" WIDTH="46" HEIGHT="19" WC="0.95" CONTENT="eller"/><SP WIDTH="14" VPOS="1434" HPOS="707"/>
							<String ID="string_306" HPOS="721" VPOS="1437" WIDTH="64" HEIGHT="15" WC="0.95" CONTENT="annan"/>
						</TextLine>
					</TextBlock>
					<TextBlock ID="block_5" HPOS="701" VPOS="1467" WIDTH="30" HEIGHT="15">
						<TextLine ID="line_36" HPOS="701" VPOS="1467" WIDTH="30" HEIGHT="15">
							<String ID="string_307" HPOS="701" VPOS="1467" WIDTH="30" HEIGHT="15" WC="0.70" CONTENT="86&quot;"/>
						</TextLine>
					</TextBlock>
				</ComposedBlock>
			</PrintSpace>
		</Page>
	</Layout>
</alto>
