1003 1703
280 140 72 23 Nädiga
364 142 140 22 Propositionen
517 141 37 18 N:o
566 141 28 19 40.
766 141 43 20 1353

68 189 187 22 ofvanomförmälda
274 189 170 27 jagtprivilegium.
473 191 44 20 Och
538 191 63 20 under
620 192 41 19 den
680 191 35 26 tid,
731 191 79 21 Finland

68 217 87 19 derefter
169 217 50 20 hade
232 222 114 21 gemensam
360 217 116 26 lagstiftning
491 217 46 20 med
551 217 92 26 Sverige,
659 218 44 19 fann
717 219 94 24 lagstifta-

66 249 35 13 ren
123 243 30 24 sig
174 243 95 20 särskilda
289 243 73 26 gänger
378 243 107 20 föranläten
502 247 38 21 att,
556 245 23 18 än
594 246 90 18 närmare
698 245 111 19 bestämma

65 270 38 18 och
118 269 159 26 förfullständiga,
293 271 23 17 än
331 275 72 19 nogare
417 270 91 25 inskärpa
518 270 59 20 dessa
591 271 167 24 inskränkningar.
787 271 26 19 Af

65 296 25 19 Je
104 295 133 26 författningar
253 296 37 19 och
305 295 71 25 påbud,
393 301 42 14 som
450 296 4 19 i
470 296 68 20 sådant
554 296 91 20 afseende
660 297 102 24 utfärdats,
775 299 34 17 äro

65 322 25 19 de
105 321 102 25 vigtigaste
222 321 116 20 omnämnda
349 322 4 18 i
365 322 36 19 den
412 321 74 27 Nådiga
496 322 153 26 propositionen.
661 333 24 4 —
696 323 28 19 Ur
734 322 32 20 det
777 329 34 14 an-

66 348 53 19 förda
141 348 86 25 framgår
248 351 27 17 att
295 348 143 26 lagstiftningen
459 349 99 26 angående
574 348 41 26 jagt
631 350 39 18 och
684 348 90 26 djurfång
789 351 22 19 är

65 374 69 26 spridd
148 375 5 18 i
168 375 96 19 särskilda
278 374 139 26 författningar,
433 375 38 19 och
487 376 57 19 redan
560 376 21 18 af
593 375 62 19 denna
670 375 57 20 orsak
741 377 21 17 är
772 376 37 20 den

66 402 21 18 af
99 402 63 19 Hans
178 400 133 27 Kejserliga
326 400 109 26 Majestät
451 407 25 13 nu
494 402 107 25 föreslagna
617 401 193 27 lagstiftningsåtgär-

66 428 44 24 den,
127 427 129 26 hvarigenom
270 429 36 19 alla
320 428 26 19 till
361 429 66 18 ämnet
438 428 86 20 hörande
534 428 120 25 stadganden
665 430 37 18 och
712 428 99 20 föreskrif-

65 456 31 17 ter
116 454 80 20 komme
217 457 28 17 att
264 454 43 26 ingå
325 454 5 18 i
345 460 24 13 en
385 454 47 20 enda
447 460 113 20 gemensam
577 455 121 25 förordning,
715 455 48 19 värd
778 456 32 19 allt

66 480 130 20 erkännande.
227 481 32 19 Att
272 481 37 19 den
323 480 88 25 gällande
425 481 154 26 lagstiftningen,
593 480 62 25 jemte
668 481 34 20 det
716 481 37 19 den
768 480 42 21 mä-

65 509 31 17 ste
112 508 89 25 uppletas
214 507 6 19 i
235 507 133 25 forfattningar
382 506 43 20 från
440 508 51 19 olika
506 508 56 24 tider,
578 507 63 20 dertill
656 509 51 18 ännu
720 509 22 17 är
751 508 59 20 brist-

65 534 52 25 fällig
137 536 52 17 samt
205 534 5 18 i
228 533 47 21 flere
289 534 54 20 delar
358 534 44 19 icke
416 534 60 20 heller
490 536 112 18 motsvarar
615 539 26 14 nu
657 534 87 20 rådande
760 534 50 26 åsig-

62 564 40 21 Jer,
118 562 34 18 äro
167 560 174 27 omständigheter,
357 566 43 14 som
414 561 114 26 ytterligare
544 560 94 26 berättiga
653 561 38 19 den
701 561 108 25 föreslagna

65 587 94 25 ätgärden
175 587 24 20 till
215 587 60 20 bifall.

118 614 154 25 Lagstiftningen
287 612 99 28 angående
400 614 37 19 rof-
452 614 37 20 och
507 613 118 27 skadedjurs
642 613 116 26 förföljande
772 614 38 20 och

65 641 104 19 utrotande
183 639 41 21 står
238 640 43 20 icke
295 640 4 19 i
314 639 57 27 något
386 641 118 25 nödvändigt
517 641 141 25 sammanhang
674 641 44 20 med
733 642 78 24 lagarne

65 666 102 26 angående
187 666 142 26 jagtnäringen,
351 672 33 14 om
404 668 36 18 ock
462 667 118 26 lagstiftaren
599 668 62 19 funnit
677 668 89 25 lämpligt
782 670 29 17 att

66 694 131 19 sammanföra
211 693 46 20 dem
272 693 50 20 både
338 694 5 18 i
359 694 51 19 1664
424 693 32 20 års
471 694 142 19 ofvanberörda
627 694 114 25 Jagtstadga
756 694 53 19 och
797 689 16 34 i

66 721 69 24 Kongl.
159 720 84 25 Stadgan
261 720 20 19 af
297 720 37 19 den
353 720 23 19 43
394 720 51 25 April
461 721 57 21 1808,
535 720 78 20 hvilken
627 720 99 26 sistsagde
740 720 70 25 stadga

66 747 21 19 af
99 747 51 19 känd
164 747 58 18 orsak
237 745 16 26 ej
269 745 77 20 erhållit
360 746 51 19 kraft
426 747 20 19 af
458 748 30 25 lag
502 747 36 19 här
552 747 4 18 i
571 746 87 20 Finland.
681 747 33 18 Att
724 747 37 19 den
771 747 39 25 gäl-

66 773 57 20 lande
137 773 141 25 lagstiftningen
292 773 7 18 i
313 773 134 20 förstnämnda
461 775 67 20 ämne,
544 773 80 20 hvilken
639 772 171 27 hufvudsakligast

66 799 29 20 får
109 799 59 19 sökas
183 799 4 19 i
202 800 24 19 23
243 799 46 25 Kap.
305 799 21 19 B.
342 800 21 19 B.
380 800 37 18 och
432 800 67 25 Kongl.
519 799 143 26 Förordningen
676 799 38 19 den
729 800 25 19 16
769 799 41 21 Ok-

67 827 56 19 tober
145 826 59 24 1741,
225 825 44 20 icke
284 825 72 20 förmår
370 825 87 26 uppfylla
472 827 30 19 sin
516 825 141 20 bestämmelse
672 828 27 17 att
713 825 95 26 befrämja

65 853 41 19 rof-
122 853 38 18 och
178 851 117 26 skadedjurs
312 852 138 26 förminskning
468 853 38 20 och
520 853 106 24 utödande,
643 853 36 18 har
693 853 117 25 visserligen

66 879 45 20 icke
125 879 30 19 sin
170 879 139 26 sannskyldiga
326 879 58 19 orsak
399 879 5 18 i
419 880 29 18 hit
462 879 87 20 hörande
564 879 130 26 stadgandens
709 879 102 26 olämplig-

67 907 34 18 het
114 908 45 17 utan
175 905 94 20 fastmera
283 905 5 19 i
302 905 37 19 den
354 905 72 20 skrifna
441 906 66 25 lagens
522 905 99 26 oförmåga
636 908 28 16 att
674 905 136 20 åstadkomma

66 933 25 18 de
105 932 111 25 resultater,
236 932 77 19 hvilkas
328 932 156 25 frambringande
498 934 22 18 är
533 931 153 26 medborgarens
701 932 35 19 fria
753 932 57 19 verk-

67 960 78 19 samhet
165 958 50 20 inom
234 959 118 19 kommunen
370 958 118 20 förbehållet.
518 959 43 19 Den
576 958 73 25 Nådiga
663 958 146 26 propositionen

66 985 89 20 förordar
175 985 36 19 ock
233 991 23 13 en
277 985 110 24 förändring
404 985 6 19 i
427 984 69 21 sådant
510 985 61 26 syfte,
588 985 38 19 och
643 985 61 24 något
722 984 88 26 giltigare

67 1012 42 19 skäl
131 1011 29 19 för
181 1011 36 19 den
237 1011 109 25 föreslagna
367 1011 103 25 åtgärdens
487 1011 136 26 tillstyrkande
640 1011 57 19 torde
712 1010 97 26 svårligen

67 1038 63 19 kunna
145 1038 114 24 uppställas.

121 1064 40 19 Den
176 1062 73 27 Nådiga
262 1063 147 25 proposit:onen
420 1064 34 18 har
464 1064 81 25 förelagt
554 1063 29 25 sig
594 1063 107 25 uppgiften,
712 1065 28 17 att
751 1063 58 19 (ram-

67 1089 50 21 hålla
138 1090 25 19 Je
184 1090 138 24 grundsatser,
345 1090 65 19 hvilka
432 1090 61 19 borde
506 1090 57 25 göras
577 1089 89 25 gällande
680 1090 5 18 i
699 1089 37 19 Jen
752 1089 57 25 nödig

68 1116 83 20 befunna
172 1122 37 20 nya
229 1116 130 26 jagtstadgan.
389 1116 108 24 Utskottet,
519 1122 43 14 som
583 1116 4 19 i
602 1116 34 20 det
650 1114 116 27 föregående
781 1118 29 17 ut-

68 1143 79 20 vecklat
167 1143 25 19 de
212 1143 53 24 skäl,
284 1142 28 20 till
329 1142 44 25 följd
391 1143 69 19 hvaraf
476 1143 100 20 Utskottet
593 1145 63 17 ansett
670 1142 30 26 sig
713 1142 48 19 böra
776 1142 36 20 till-

69 1170 68 25 styrka
157 1168 149 21 ifrågavarande
326 1169 204 27 lagstiftningsätgärd,
552 1169 5 19 i
579 1169 105 19 alimänhet
700 1168 109 25 betraktau,

69 1196 48 20 skall
132 1196 6 19 i
152 1196 33 20 Jet
195 1184 87 36 Följande
296 1196 25 19 till
337 1195 123 21 bedömande
474 1198 84 24 upptaga
572 1196 49 19 hvar
635 1196 39 18 och
688 1201 24 13 en
724 1195 21 19 af
752 1194 59 20 dessa

68 1222 5 19 i
95 1222 32 25 sju
144 1222 95 20 särskilda
257 1222 85 26 punkter
355 1222 90 20 affattale
460 1222 128 26 grundsatser
601 1224 52 16 samt
667 1222 59 19 tillika
740 1220 71 26 afgifva

68 1249 99 25 yttrande,
183 1254 31 14 cm
230 1250 38 18 och
282 1249 5 19 i
302 1248 53 20 hvad
369 1248 47 20 män
426 1249 106 24 desamma,
544 1249 59 25 enligt
612 1248 102 20 Utskottes
725 1248 84 24 mening,

70 1276 63 19 kunna
148 1276 21 19 af
181 1275 109 20 Ständerne
304 1274 128 26 godkännas..
441 1274 115 26 Giltigheten
571 1276 36 18 hos
621 1280 24 14 en
658 1275 72 19 allmän
740 1274 72 24 grund-

70 1304 41 17 sats
125 1302 54 20 visar
194 1301 29 26 sig
238 1302 114 25 visserligen
367 1302 84 25 säkrast,
467 1301 32 20 vid
514 1301 33 20 det
560 1301 39 20 den
615 1301 69 19 vinner
693 1300 118 25 tillämpning

70 1328 5 18 i
92 1334 24 12 en
137 1328 109 24 fullständig
260 1327 110 25 författning
384 1328 5 18 i
404 1330 71 22 ämnet,
493 1333 43 13 men
551 1328 52 18 detta
617 1326 120 20 förhållande
751 1332 61 19 synes

70 1354 53 18 dock
137 1354 45 19 icke
195 1354 46 18 böra
256 1354 111 18 bestämma
381 1354 107 19 Ständerne
503 1353 29 19 för
546 1356 28 16 att
587 1352 125 25 undandraga
727 1352 29 25 sig
772 1351 40 20 den

69 1379 143 20 förberedande
225 1379 119 25 granskning
359 1379 21 18 af
391 1379 140 20 meranämnda
545 1379 135 26 grundsatser,
691 1379 83 18 hvarom
785 1383 26 13 nu

70 1408 21 19 är
106 1405 61 27 fråga.
773 1429 3 4 N

124 1433 81 20 Första
222 1433 88 26 punkten
328 1431 88 27 föreslår,
436 1433 50 20 huru
501 1432 25 20 de
540 1432 51 20 olika
604 1432 40 25 slag
658 1432 21 19 af
693 1431 49 20 vilda
757 1431 51 24 djur,
