978 1703
246 142 72 22 Nådiga
330 143 139 22 Propositionen
483 143 35 16 N:n
531 144 27 16 47.
732 143 41 19 1531

33 191 46 26 ning
93 191 37 19 och
144 193 27 17 att
186 191 76 26 skydda
276 191 39 20 den
336 191 65 26 fattiga
420 193 83 19 likasom
524 193 37 20 den
584 192 47 24 rika,
654 193 119 20 bortlemnar

33 217 45 20 icke
92 223 24 13 en
131 218 59 23 makt,
206 217 61 20 sådan
281 224 43 13 som
339 219 38 20 den
392 218 83 21 hvarom
497 220 35 18 här
549 221 22 18 är
588 218 60 26 fråga,
672 222 45 16 utan
737 221 35 18 alla

34 245 98 24 garantier
146 246 53 17 emot
213 245 83 24 misstag
310 245 37 19 och
363 245 107 24 missbruk,
485 246 52 19 helst
551 245 65 24 dessa,
628 245 64 19 ehvad
703 245 25 19 de
738 251 35 20 up-

33 270 86 25 penbara
135 270 29 25 sig
178 271 5 18 i
197 273 28 16 ett
239 271 82 25 oskäligt
335 271 129 20 meddelande
484 272 20 19 af
516 272 26 19 de
562 271 115 20 föreskrifna
691 271 81 20 bevisen

33 297 46 19 eller
94 297 5 19 i
114 302 24 13 en
153 297 74 25 oskälig
242 299 72 24 vägran
328 298 21 19 af
361 297 79 25 sådana,
456 299 57 18 äfven
528 297 63 20 måste
605 298 56 19 lända
670 298 103 19 samhället

34 323 25 19 till
74 328 53 14 men.
156 323 87 19 Emellan
257 324 34 19 det
305 323 106 25 ordentliga
426 325 38 18 och
479 324 72 26 sedliga
565 323 24 27 pä
605 330 35 13 ena
654 323 55 20 sidan
722 328 52 15 samt

33 349 34 19 det
81 348 118 26 oordentliga
216 350 38 18 och
275 349 86 27 osedliga
380 349 24 26 på
426 351 60 19 andra
503 350 56 20 sidan
579 350 131 20 förekommer
728 351 44 24 ock,

33 376 59 25 enligt
105 375 53 20 hvad
173 376 136 20 erfarenheten
322 376 57 23 lärer,
395 382 25 13 en
434 376 60 20 sådan
510 377 69 25 mängd
593 376 20 20 af
631 377 76 25 grader,
730 382 43 14 som

32 403 69 19 nästan
115 402 106 25 omärkligt
235 402 55 26 skilja
306 403 29 25 sig
349 402 42 20 från
404 403 118 25 hvarandra,
538 406 28 16 att
580 409 45 14 man
639 403 38 20 lika
692 403 41 20 litet
743 403 30 20 får

33 429 77 25 hoppas
125 431 28 17 att
166 429 94 25 afsigtliga
275 429 101 20 missbruk
390 430 39 19 och
443 429 121 27 ouppsåtliga
575 430 81 25 misstag
666 430 55 19 skola
731 432 43 17 ute-

33 455 67 25 blifva,
117 460 44 14 som
174 458 27 17 att
215 461 76 15 samma
305 456 122 25 uppfattning
442 457 20 18 af
470 456 181 20 bevisutdelarenes
661 456 112 26 skyldighe-

33 484 31 18 ter
78 482 61 24 skola,
156 482 44 20 med
215 482 78 26 ledning
307 483 71 19 endast
390 484 20 18 af
422 482 108 21 änberörda
544 482 104 25 föreskrift,
664 482 63 20 kunna
741 484 33 24 gö-

33 514 22 14 ra
69 509 30 26 sig
113 509 88 26 gällande
216 514 35 15 ens
265 509 52 20 inom
332 512 70 17 tvenne
417 510 51 20 invid
488 510 109 20 hvarandra
619 509 79 26 belägna
718 509 57 19 kom-

33 541 80 20 muner,
128 537 24 18 än
166 536 75 19 mindre
255 536 52 20 inom
322 536 35 20 alla
371 536 5 19 i
390 536 72 20 landet.
490 538 33 18 Att
539 536 79 20 uttänka
634 535 63 27 någon
717 536 59 19 verk-

35 568 44 14 sam
92 562 75 26 garanti
181 564 53 18 emot
247 562 60 21 dessa
321 562 82 27 misstag
418 564 37 18 och
469 562 108 26 missbruk,
594 562 133 20 förekommer
747 562 29 20 ät-

33 589 98 20 minstone
146 588 99 20 Utskottet
259 590 80 19 alldeles
353 589 93 27 omöjligt.
475 590 101 20 Utskottet
593 592 39 16 tror
647 590 29 25 sig
693 590 80 19 härmed

34 616 60 19 hafva
108 616 104 20 framställt
228 616 111 26 tillräckliga
353 616 49 25 skäl,
418 616 91 20 hvarföre
524 616 100 20 Utskottet
637 615 44 20 icke
693 616 37 20 kan
740 616 36 20 till-

35 642 69 26 styrka
117 642 92 26 gillandet
222 642 20 20 af
255 642 38 20 den
307 642 106 24 föreskrift,
429 648 44 14 som
487 649 26 13 nu
526 644 22 19 är
563 641 78 21 föremål
656 642 30 20 för
695 642 81 20 Utskot-

34 672 39 16 tets
87 668 122 26 granskning.
237 669 52 20 Skall
304 669 40 19 den
358 669 110 24 oförvitlige
482 676 44 13 men
541 669 67 25 fattige
621 669 104 19 arbetaren
740 668 34 25 gif-

34 701 24 14 va
72 695 64 26 någon
151 695 73 25 garanti
239 695 30 19 för
282 695 34 19 sitt
331 695 122 26 uppförande
471 697 4 17 i
492 695 38 20 den
546 696 99 19 närmaste
662 694 111 25 framtiden,

35 721 21 20 så
70 721 47 20 sker
130 722 60 23 detta,
206 721 59 26 enligt
278 721 112 20 Utskottets
404 721 58 26 åsigt,
479 721 109 26 lämpligast
604 721 120 25 derigenom,
746 723 29 18 att

35 749 38 18 han
88 747 33 21 vid
135 747 205 26 mantalsskrifningen
355 748 79 26 styrker
449 751 28 16 att
491 749 37 19 han
538 748 61 25 erlagt
609 747 166 26 kronoutskylder

35 775 28 19 för
77 775 34 19 det
124 774 134 20 nästförflutna
273 774 48 25 året,
338 780 33 14 om
385 774 71 20 sådana
473 775 49 19 varit
537 775 69 19 honom
628 773 87 26 päförda.
744 774 30 19 En

35 801 60 20 sådan
109 801 102 26 utredning
225 807 60 20 synes
299 801 101 20 Utskottet
412 802 91 19 innebära
518 801 23 20 all
555 801 37 19 den
606 800 74 26 garanti
698 806 32 14 om
744 805 30 15 ar-

35 828 112 20 betsamhet
161 828 38 19 och
213 828 136 25 ordentlighet,
365 829 103 19 samhället
482 828 87 25 skäligen
584 827 37 20 kan
636 827 75 24 fordra;
728 827 47 20 «lätt

35 854 161 20 åstadkommen»
211 856 22 18 är
247 855 37 19 den
299 855 42 19 ock.
353 865 26 4 —
389 855 101 19 Utskottet
504 854 36 20 har
554 854 58 19 äfven
627 859 24 14 en
665 859 62 14 annan
741 859 35 14 an-

35 881 101 26 märkning
150 883 29 18 att
192 881 45 26 göra
252 884 53 17 emot
319 881 147 26 ifrågavarande
483 881 17 25 $.
530 881 42 19 Den
594 879 64 26 börjar
678 879 47 21 med
746 882 28 18 att

35 909 47 18 söka
96 908 109 19 bestämma
220 908 108 25 begreppet
343 908 103 20 «besutten
461 908 38 19 och
508 907 87 20 bofast.»
623 907 38 18 Det
670 905 59 20 svåra
738 907 35 24 uti,

36 937 26 17 att
75 933 25 27 på
114 934 38 20 den
167 935 42 24 väg,
225 934 148 25 propositionen
387 934 85 25 inslagit,
488 935 40 18 lösa
543 939 23 14 en
581 933 35 20 slik
628 933 81 25 uppgift,
721 933 55 20 visar

36 961 27 25 sig
77 961 59 20 äfven
158 961 41 19 här.
229 960 156 26 Uppräknandet
404 961 20 18 af
442 961 25 19 de
488 960 97 20 särskilda
605 959 103 20 samhälls-
728 959 47 20 eller

36 987 163 26 yrkesklasserna
212 987 38 19 kan
265 987 18 25 ej
297 987 59 20 blifva
371 986 21 21 så
406 987 119 24 fullständig,
542 989 27 18 att
590 986 43 19 icke
654 985 62 26 någon
738 986 38 19 för-

48 1014 49 24 igås.
127 1013 83 20 Sålunda
225 1014 36 18 har
275 1014 33 19 det
321 1013 53 19 inom
387 1013 101 19 Utskottet
502 1013 108 23 anmärkts,
626 1014 28 16 att
667 1011 61 20 enkor
738 1012 38 19 och

48 1046 34 14 arn
97 1040 50 20 efter
160 1039 69 21 aflidna
244 1039 117 25 tjenstemän
375 1039 44 20 icke
434 1039 64 20 kunna
514 1038 90 20 hänföras
625 1038 26 19 till
673 1036 63 27 någon
757 1038 21 19 af

37 1066 22 20 de
72 1069 31 17 tre
117 1067 61 19 första
191 1066 144 25 kategorierna.
365 1066 63 20 Dessa
442 1067 38 18 och
494 1064 59 26 öfriga
568 1064 125 20 utelemnade
713 1064 62 20 skulle

37 1094 36 24 väl,
89 1093 60 25 enligt
162 1093 158 25 propositionens
335 1092 85 26 mening,
441 1092 111 26 inbegripas
573 1091 63 20 under
655 1091 38 20 den
714 1090 63 24 fjerde

39 1120 114 26 kategorien.
182 1120 68 20 Denna
263 1119 94 25 kategori,
373 1118 61 20 sådan
447 1119 39 19 den
500 1120 21 18 är
535 1117 130 25 formulerad,
681 1117 38 19 kan
734 1116 42 20 åter

37 1146 43 21 icke
100 1146 65 26 undgå
186 1149 28 17 att
234 1145 99 21 framkalla
348 1145 123 26 villrådighet
485 1151 32 14 om
531 1144 47 20 dess
592 1146 50 18 rätta
656 1144 84 25 mening.
770 1144 8 19 I

37 1173 106 26 synnerhet
157 1176 22 16 är
193 1173 56 19 ordet
264 1172 132 26 «bevisligen»
412 1172 70 25 egnadt
496 1174 28 18 att
538 1172 49 19 sätta
608 1170 47 30 den,
678 1176 44 23 som
744 1170 31 20 vill

37 1201 45 24 göra
96 1201 30 25 sig
140 1199 46 20 reda
201 1200 29 19 för
243 1198 126 26 stadgandets
384 1198 122 25 fullständiga
521 1197 90 25 innehåll,
628 1202 5 14 i
648 1197 77 25 verklig
738 1197 38 29 för-

42 1227 91 25 ägenhet.
163 1226 40 20 Han
217 1225 65 20 måste
296 1225 96 26 nemligen
407 1224 54 26 fråga
478 1226 36 24 sig:
532 1224 90 20 hurudan
644 1223 48 20 skall
712 1222 65 20 bevis-

38 1253 67 25 ningen
120 1258 53 18 vara,
189 1252 48 20 inför
251 1252 63 19 hvem
327 1251 48 20 skali
390 1252 39 19 Jen
444 1251 108 20 föreställas
567 1251 37 19 och
618 1249 20 19 af
650 1250 61 19 hvem
729 1248 47 21 skall

38 1280 36 19 den
89 1280 86 25 pröfvas,
192 1284 26 14 m.
233 1284 28 14 m.
291 1278 100 20 Uteslutes
406 1278 43 20 åter
462 1278 54 19 detta
530 1276 43 26 ord,
588 1276 22 20 sä
624 1275 66 20 måste
698 1276 37 19 den
744 1281 33 13 en-

39 1306 71 20 skildes
125 1306 60 20 blotta
199 1305 76 26 uppgift
288 1310 47 14 vara
350 1304 106 26 tillräcklig,
472 1305 37 19 och
524 1304 4 19 i
546 1302 60 20 sådan
627 1302 94 20 händelse
742 1302 36 19 bör

52 1338 34 12 var
101 1332 37 19 och
153 1338 25 12 en
193 1332 62 18 kunna
270 1332 65 18 fordra
350 1336 76 14 samma
441 1329 112 19 förtroende
564 1330 28 18 för
602 1330 30 18 sin
642 1331 77 21 utsago.
738 1328 39 18 Den

39 1358 122 25 tvetydighet
175 1358 38 19 och
226 1357 117 26 otydlighet,
359 1357 70 18 hvaraf
441 1355 147 26 ifrågavarande
602 1354 108 31 stadgande
718 1354 59 19 äfven

39 1384 3 19 i
57 1384 56 25 öfrigt
129 1383 55 25 lider,
200 1383 37 19 kan
251 1383 26 19 till
293 1383 42 19 sina
349 1381 69 26 följder
426 1381 60 21 blifva
496 1381 20 19 sä
527 1380 81 27 mycket
618 1380 104 25 vädligare,
735 1382 48 16 söm-

39 1411 110 26 tolkningen
162 1409 22 21 aY
198 1410 110 20 detsamma
325 1410 5 19 i
351 1409 60 20 första
432 1408 50 20 hand
504 1406 159 29 ankommer
633 1402 30 39 pä
676 1411 104 26 personer

39 1438 47 20 eller
100 1437 140 25 funktionärer,
258 1437 35 19 hos
309 1436 64 20 hvilka
388 1436 38 19 den
441 1434 158 27 skarpsinnighet
614 1439 16 19 ej
641 1433 52 20 alltid
703 1433 29 19 får
742 1433 37 19 för-

673 1466 31 17 967
