1009 1709
198 156 42 20 1332
412 154 71 22 Nådiga
494 155 139 22 Propositionen
647 154 35 17 N:o
695 154 27 17 39.

200 206 28 18 ler
249 206 37 24 äng
306 205 63 18 möter
389 208 74 15 annans
478 203 117 26 skogsmark
610 203 46 19 eller
670 202 113 26 beteshage,
800 202 21 19 är
836 206 72 20 egaren
922 200 20 21 af

200 231 62 19 åkern
282 231 47 19 eller
349 231 61 25 ängen
424 230 78 26 skyldig
515 232 28 17 att
557 234 68 14 ensam
638 228 114 20 underhålla
767 228 131 25 rähägnaden,
914 228 28 19 in-

200 258 83 19 nefattar
299 263 24 13 en
341 256 21 20 så
379 257 101 25 uppenbar
497 257 94 19 orättvisa
607 258 29 17 att
653 256 62 19 denne
732 255 44 19 icke
790 254 68 20 vidare
872 254 35 19 bör
921 254 19 19 få

201 284 87 19 fortfara.
317 282 51 21 Ifrån
382 282 61 20 åkern
457 282 47 20 eller
518 284 63 25 ängen
596 282 37 20 kan
648 282 95 25 nemligen
757 281 37 20 den
808 281 62 20 dertill
885 282 57 25 grän-

201 311 60 20 sande
277 311 72 25 skogen
364 309 97 26 svårligen
476 309 87 26 ofredas,
582 315 46 13 men
645 309 89 19 deremot
751 308 78 19 ofredas
842 307 100 20 bestämdt

202 339 35 24 äng
259 337 46 20 eller
320 337 47 19 åker
380 335 49 20 ifrån
446 336 62 19 dertill
523 335 112 26 gränsande
650 336 50 24 skog
714 335 46 20 eller
773 335 117 24 betetshage
904 334 37 19 ifall

202 365 56 25 ingen
272 363 76 26 hägnad
362 363 45 19 dem
421 362 94 25 åtskiljer:
531 368 33 14 om
578 362 78 20 således
667 361 112 26 någondera
787 366 85 21 grannen
882 361 62 20 borde

203 396 68 14 ensam
291 389 113 20 underhålla
425 389 123 26 råhägnaden
567 389 46 20 dem
629 389 92 25 emellan,
738 387 21 20 så
774 387 61 20 borde
850 387 33 20 det
898 393 46 14 vara

202 423 71 20 egaren
294 417 21 19 af
332 416 139 20 betesmarken
488 416 48 20 eller
553 416 82 25 skogen,
654 421 45 14 men
717 414 24 21 då
758 415 58 21 likväl
837 419 71 20 egaren
925 414 21 19 af

203 443 60 20 åkern
283 444 48 19 eller
351 445 62 23 ängen
433 443 56 19 deraf
508 443 58 19 äfven
585 443 37 19 har
638 442 71 24 fördel,
725 441 22 20 sä
761 444 22 16 är
797 441 34 20 det
844 441 60 25 biiligt
918 443 28 17 att

203 470 61 26 begge
281 470 75 25 deltaga
373 469 5 19 i
395 470 64 19 denne
477 469 85 25 hägnad,
580 469 84 20 likasom
682 469 4 18 i
701 467 100 26 hägnaden
816 467 82 20 emellan
913 467 34 19 od-

204 497 43 20 lade
264 502 57 20 egor:
340 495 100 26 principen
457 496 30 19 för
504 496 136 26 skyldigheten
658 495 25 20 till
701 494 111 25 råhägnads
826 493 120 26 uppförande

204 525 38 18 och
256 521 101 22 underhåll
372 522 36 20 bör
421 521 50 20 altså
486 522 24 19 bli
525 523 29 18 för
569 523 34 18 alla
619 522 51 25 slags
685 527 46 20 egor
746 521 44 24 lika,
806 520 33 20 det
848 520 33 19 vill
891 521 53 24 säga:

205 552 28 17 att
246 550 37 19 den
299 555 43 13 som
357 549 32 19 vill
397 549 72 25 'stänga
484 554 46 20 eger
545 548 84 26 vitsord,
646 549 37 18 och
697 550 29 17 att
740 548 53 19 inom
809 547 28 26 by
850 546 97 21 hvardera

204 581 85 20 grannen
310 575 61 20 deltar
393 576 5 18 i
419 575 98 25 rähägnad
535 575 50 20 efter
603 580 74 14 samma
695 574 138 25 delningsrund
847 573 100 19 hvarefter

205 607 72 20 egorne
294 603 34 18 äro
346 601 83 20 skiftade
447 604 46 17 utan
513 601 93 20 afseende
623 601 11 19 å
654 601 71 19 desses
745 599 143 26 beskaffenhet,
909 600 39 18 och

205 629 50 19 olika
271 628 49 26 byar
334 628 82 19 emellan
431 628 50 19 efter
494 628 99 25 mantalet,
613 627 24 26 på
652 629 39 17 sätt
711 627 67 25 Kongl.
798 626 86 19 förordn.
899 625 20 20 d.
935 627 12 18 9

206 655 56 19 Febr.
280 655 50 19 1802
345 655 69 19 härom
429 654 86 25 stadgar.

349 719 25 19 Af
381 718 142 20 Professorn
533 718 24 20 G.
569 718 95 19 Geitlin:

262 763 64 20 Under
340 762 38 20 den
392 761 123 26 diskussion,
531 768 44 13 som
589 763 5 18 i
609 761 102 26 anledning
725 762 20 19 af
753 761 147 26 ifrågavarande
909 759 39 21 Nå-

206 789 44 26 diga
264 789 120 25 proposition
398 788 6 19 i
418 789 100 19 Utskottet
532 788 107 25 försiggått,
656 789 35 18 har
705 788 52 20 visat
771 788 35 25 sig,
817 790 27 17 att
853 787 39 20 den
901 792 46 21 nya,

206 816 5 18 i
225 815 146 26 propositionen
385 815 120 19 framställda
519 815 114 26 grundsats,
650 821 43 13 som
710 814 79 26 ålägger
807 815 75 18 enhvar
896 813 54 26 skyl-

206 842 92 26 digheten
313 844 27 17 att
355 841 34 20 «så
405 841 60 20 vårda
481 842 40 19 sina
536 841 91 25 husdjur,
643 844 28 17 att
684 841 25 20 de
720 841 43 20 icke
772 841 100 20 inkomma
882 839 25 27 på
917 845 33 15 an-

185 893 5 1 —
207 869 46 20 dras
275 874 68 20 egor,»
365 869 37 18 och
417 871 28 16 att
458 868 5 19 i
479 867 43 26 följd
537 868 58 20 deraf
608 869 35 19 «all
657 868 200 26 hägnadsskyldighet
871 868 38 19 och
924 873 26 13 nu

207 895 87 26 gällande
315 894 164 26 stängselvitsord
499 895 62 19 borde
582 895 41 19 helt
643 895 37 19 och
701 894 60 20 hållet
777 894 113 25 afskaffas,»
905 893 45 20 icke

207 923 76 18 kunnat
303 922 20 18 af
342 921 98 20 Utskottet
460 921 111 26 obetingadt
587 924 86 23 antagas.
702 921 101 20 Utskottet
819 921 36 19 har
872 920 78 20 derföre

209 948 76 20 stadnat
299 949 6 18 i
319 948 33 20 det
366 947 71 25 beslut,
453 950 28 17 att
495 947 184 26 stängselvitsordet
695 947 70 20 endast
779 947 28 20 för
820 946 21 21 så
854 947 42 19 vidt
909 946 41 19 det-

207 981 77 14 samma
305 977 33 16 rör
358 975 33 19 tät
408 974 75 26 hägnad
500 975 63 19 borde
577 975 29 19 för
620 975 103 19 framtiden
737 975 96 24 upphöra.
862 973 88 20 Emedan

206 1001 32 26 jag
252 1001 44 20 icke
310 1001 73 19 kunnat
396 1001 113 26 öfvertygas
524 1007 33 13 om
571 1000 211 27 ändamålsenligheten
793 1001 37 19 och
839 1000 39 20 den
892 999 57 26 prak-

208 1028 51 19 tiska
273 1027 154 25 utförbarheten,
443 1027 5 19 i
463 1027 45 19 vårt
521 1027 42 20 land
579 1028 38 19 och
631 1027 62 20 under
707 1027 48 20 våra
765 1026 138 25 förhållanden,
916 1031 34 14 ens

207 1055 20 19 af
239 1055 62 20 denna
317 1053 133 20 förmedlande
463 1054 84 25 princip,
567 1060 32 14 ser
611 1053 33 27 jag
658 1054 39 25 mig
712 1053 100 21 nödsakad
826 1055 28 18 att
868 1053 36 20 har
919 1058 30 14 re-

208 1087 82 14 servera
304 1081 40 18 min
359 1079 109 26 skiljaktiga
483 1080 83 26 mening.

261 1107 72 20 Såsom
347 1109 28 17 ett
388 1107 137 25 oundgänglikt
539 1107 62 20 vilkor
616 1107 29 20 för
659 1107 68 26 hvarje
742 1106 151 26 lagförändring,
910 1107 42 18 sär-

208 1134 55 19 deles
277 1134 21 19 af
311 1133 22 20 så
347 1133 166 26 genomgripande
526 1136 31 17 art
571 1139 43 14 som
629 1133 36 20 den
680 1140 26 13 nu
715 1134 118 25 föreslagna,
843 1132 65 20 måste
918 1138 33 14 an-

209 1163 62 23 tagas,
288 1163 28 17 att
329 1162 68 24 nyttan
411 1161 38 18 och
466 1160 169 25 nödvändigheten
653 1160 18 19 af
684 1161 38 19 den
737 1160 86 26 gällande
838 1160 66 25 lagens
918 1165 33 13 an-

209 1187 115 25 tiqverande
338 1187 64 19 blifvit
416 1187 79 18 allmänt
511 1187 70 20 insedd
595 1188 37 19 och
647 1187 79 20 erkänd.
755 1184 27 23 Är
796 1186 52 19 detta
863 1185 45 20 icke
917 1186 35 19 fal-

208 1214 33 24 let,
258 1216 45 16 utan
319 1213 31 20 vill
365 1219 45 13 man
428 1212 90 26 påtvinga
537 1213 131 20 allmänheten
686 1213 73 20 sådana
776 1213 70 25 lagbud
862 1212 26 19 till
905 1212 47 20 ovil-

208 1239 64 26 korlig
287 1239 122 25 efterlefnad,
426 1239 74 20 hvilkas
515 1240 126 25 uppfyllande
655 1241 22 18 är
690 1240 42 19 dels
747 1238 95 25 omöjligt,
858 1239 42 19 dels
914 1239 39 18 för-

209 1265 58 20 enadt
281 1266 45 19 med
341 1265 25 20 de
380 1266 72 19 största
467 1265 130 26 svårigheter,
613 1265 20 20 så
649 1266 36 19 blir
699 1265 71 25 följden
785 1265 89 25 antingen
884 1265 67 24 lagens

208 1291 138 26 kringgående,
363 1291 46 20 eller
423 1291 48 28 dess
486 1297 55 14 snara
557 1292 59 19 förfall
633 1293 37 18 och
684 1291 108 20 införandet
801 1291 21 20 af
830 1290 48 25 åter,
890 1297 24 13 en
924 1297 27 19 ny

208 1318 37 25 lag,
261 1317 24 26 på
301 1318 73 23 försök;
391 1323 44 14 men
448 1323 22 19 ju
484 1318 61 19 oftare
559 1317 73 21 sådane
645 1319 144 25 experimenter
801 1318 4 19 i
815 1317 138 26 lagstiftnings-

210 1346 37 25 väg
262 1345 57 20 vexla
334 1350 38 19 om,
388 1345 47 20 dess
449 1350 44 14 mer
506 1345 82 20 förlorar
601 1345 71 26 lagen
667 1340 12 35 i
683 1345 87 20 vördnad
781 1345 38 19 och
829 1344 64 25 helgd,
904 1344 48 20 dess

208 1371 40 20 bud
265 1372 70 19 förlora
349 1371 29 20 sin
393 1371 56 26 kraft,
465 1371 37 19 och
517 1372 130 19 osäkerheten
662 1371 20 20 af
694 1371 108 20 bestående
819 1371 132 20 förhållanden

187 1399 3 2 *
209 1399 76 20 medför
305 1399 24 19 de
349 1397 91 21 svåraste
459 1398 150 26 förvecklingar.
639 1399 122 26 Sekelgamla
783 1398 77 26 äsigter,
884 1398 66 25 seder,

208 1426 43 19 som
265 1431 71 21 genom
351 1425 33 20 det
398 1426 95 19 allmänna
507 1432 55 20 gagn,
579 1426 25 20 de
618 1426 93 25 medfört,
731 1425 63 21 blifvit
810 1424 100 28 upphöjde
924 1425 26 20 till

207 1458 46 20 rang
267 1453 38 19 och
319 1452 104 26 värdighet
437 1453 21 19 af
470 1452 38 26 lag,
524 1454 34 19 äro
573 1453 123 25 sannerligen
711 1452 44 21 icke
769 1452 20 20 af
801 1455 30 17 art
840 1454 28 18 att
878 1452 72 26 hastigt
