981 1703
256 139 72 23 Nädiga
339 140 141 23 Propositionen
492 139 36 18 N:o
539 139 30 19 44.
739 139 43 20 1473

37 187 108 26 positionen
166 187 99 26 angående
285 188 22 20 fri
325 189 170 25 spanmälshande!
513 188 62 20 blifvit
589 189 79 25 uppläst
681 190 39 18 och
734 189 46 25 god-

36 214 67 25 kändt,
119 214 122 21 inlemnades
255 214 84 26 följande
353 215 94 26 skriftliga
463 215 156 20 reservationer:

180 267 26 19 Af
217 267 246 20 Landssekreteraren
477 272 45 15 von
535 267 178 26 Weissenberg:

92 304 124 20 »Utskottets
231 306 71 24 förslag
315 308 28 16 att
353 306 109 19 bestämma
472 305 61 26 någon
545 305 42 19 viss
596 305 116 25 tidsperiod,
724 306 58 19 hvar-

37 331 63 19 under
114 331 37 19 den
169 330 112 25 ifrågasatta
296 332 34 19 fria
348 332 185 25 spanmålshandeln
548 331 25 20 till
589 337 27 14 en
629 330 67 26 början
712 332 70 19 endast

37 357 65 20 skulle
118 358 36 24 äga
172 362 49 19 rum,
239 357 38 20 kan
285 356 38 28 jag,
335 358 28 19 för
378 359 42 18 min
433 357 39 25 del,
487 357 18 26 ej
520 357 75 20 biträda
609 357 38 20 och
662 358 33 19 det
710 363 24 14 ur
748 359 34 19 föl-

35 382 59 25 jande
108 383 50 25 skäl,
174 384 32 19 4:o
221 383 83 20 emedan
317 387 28 16 ett
359 383 69 20 sådant
442 383 149 21 bestämmande
605 383 82 20 ofelbart
700 384 82 20 komme

37 412 28 16 att
80 412 67 23 utgöra
161 410 33 19 det
209 410 158 20 verksammaste
380 411 65 19 medel
460 413 28 16 att
501 409 70 21 afhålla
581 409 149 26 spekulationen
740 410 42 20 från

38 435 188 26 spanmälshandeln
247 437 38 19 och
305 437 34 19 2:0
359 437 82 19 emedan
461 437 40 19 den
521 437 20 19 af
560 437 100 19 Utskottet
675 437 107 20 förordade

38 462 55 19 korta
114 463 131 19 försökstiden
261 463 105 20 dessutom
380 464 29 18 för
423 463 48 20 dess
485 463 90 26 uppgifna
590 463 88 20 ändamål
693 474 27 3 —
734 464 48 19 eller

38 489 97 19 vinnande
155 489 20 20 af
190 491 89 18 närmare
299 489 112 20 erfarenhet
431 495 33 14 om
478 489 38 20 den
531 488 35 21 fria
581 489 201 26 spanmålshandelns

38 516 112 24 resultater,
170 527 11 3 —
192 517 21 18 är
227 515 40 20 helt
281 516 39 19 och
334 515 59 20 hållet
406 516 104 25 umbärlig,
526 515 122 20 alldenstund
663 521 44 14 man
723 517 58 19 häru-

36 541 65 20 tinnan
124 542 34 19 har
175 545 27 16 att
219 545 68 22 trygga
301 542 30 25 sig
344 542 33 19 vid
392 542 38 19 den
445 541 130 21 annorstädes
590 547 62 14 vunna
668 542 114 20 erfarenhe-

37 570 33 17 ten
90 569 39 18 och
143 568 57 20 äfven
215 569 35 19 här
263 569 6 19 i
283 568 77 20 Finland
376 569 58 19 redan
449 570 5 18 i
469 569 74 25 ganska
558 567 45 26 lång
618 568 25 20 tid
658 569 51 19 varit
723 569 5 18 i
744 569 38 19 till-

37 594 44 21 fälle
94 597 29 18 att
136 593 45 27 folja
194 595 142 26 verkningarne
349 596 21 19 af
381 595 39 19 den
430 594 44 21 med
484 593 149 27 Kejsaredömet
642 595 70 20 idkade
725 601 57 19 span-

36 619 142 27 målshandeln,
193 627 51 19 som,
259 621 66 20 såvidt
337 621 30 26 jag
382 621 36 20 bar
431 622 40 24 mig
485 622 82 23 bekant,
581 621 95 20 alltsedan
689 621 91 20 Finlands

37 647 86 26 eröfring
136 648 20 19 af
168 648 107 26 Ryssland,
293 648 49 19 varit
355 649 40 19 helt
409 649 38 18 och
461 647 59 20 hållet
533 648 31 19 fri.

89 673 70 20 Likaså
175 675 30 20 vill
217 673 32 26 jag
263 675 38 19 här
312 674 73 26 inlägga
399 675 40 19 min
453 674 122 20 reservation
589 677 53 16 emot
655 673 93 20 flertalets
762 675 20 18 af

36 699 25 20 de
81 700 135 25 Deputerades
232 685 33 44 för
283 700 144 26 Ridderskapet
447 701 38 19 och
505 700 61 20 Adeln
587 699 49 26 åsigt
657 700 121 20 beträffande

37 728 155 18 kommunernes
205 728 40 19 rätt
258 728 26 19 till
299 726 25 21 de
337 727 93 25 indragne
444 726 195 26 socknemagasiners
653 726 108 26 tillgångar,
776 726 5 20 i

37 752 81 21 hvilken
132 752 29 20 del
175 752 32 27 jag
220 754 78 19 förenar
311 753 39 26 mig
364 754 4 18 i
383 754 39 21 den
437 754 20 20 af
465 753 75 21 Bonde-
552 753 38 20 och
599 752 182 27 Borgareståndens

39 779 127 26 Deputerade
179 780 79 26 hyllade
270 780 85 25 mening.

89 806 75 20 Herrar
184 806 96 20 Järnefelt
299 806 38 20 och
357 806 70 20 Linder
444 806 45 21 ville
503 806 58 20 hafva
576 805 27 20 till
617 805 118 26 protokollet
748 811 34 15 an-

38 832 92 21 tecknadt
150 834 28 18 att
198 832 24 21 de
238 832 97 21 instämde
352 833 5 19 i
371 833 64 20 denna
449 833 123 20 reservation
587 832 6 19 i
607 832 51 20 hvad
672 832 110 26 magasins-

38 858 104 21 fondernas
156 859 121 27 användning
294 858 67 29 angår.

181 912 26 20 Af
218 913 99 19 Prosten
330 912 139 27 Europaeus:

96 948 40 22 »Då
156 948 34 21 det
209 948 50 22 både
279 949 122 21 härförinnan
423 949 62 20 händt
500 948 38 22 och
552 948 59 21 äfven
624 948 106 20 framdeles
744 948 38 20 kan

38 976 62 21 hända
114 978 30 17 att
156 976 123 20 frostskador
293 975 23 21 så
330 978 44 18 sent
387 982 33 13 om
434 976 71 20 hösten
517 974 75 22 inträffa
605 977 28 19 att
648 974 134 26 menigheter-

38 1008 26 16 na
79 1002 44 20 icke
143 1002 104 20 medhinna
268 1002 85 21 anskaffa
370 1002 38 21 den
421 1002 30 20 för
465 1002 78 20 vintern
555 1002 40 20 och
609 1000 61 21 våren
684 1001 98 25 behöfliga

39 1029 69 24 säden,
129 1034 59 15 anser
204 1029 33 25 jag
257 1028 34 20 det
304 1029 47 20 böra
365 1027 30 21 stå
410 1028 105 26 Styrelsen
528 1027 42 20 fritt
585 1029 27 18 att
625 1027 59 21 äfven
697 1027 86 20 medelst

39 1054 127 27 penningelån
180 1054 27 20 till
221 1053 214 28 spanmålshandlande
448 1055 48 19 söka
509 1054 124 21 förekomma
644 1054 72 25 nöden,
729 1059 54 14 eme-

38 1083 39 20 dan
90 1081 61 21 Jesse
167 1081 43 20 vida
224 1082 72 21 lättare
308 1083 26 19 än
348 1081 143 21 kommunerna
503 1080 68 21 kunde
583 1081 60 25 draga
656 1081 78 24 försorg
747 1085 34 15 om
804 1086 4 3 -

39 1107 125 27 spanmålens
184 1107 127 23 anskaffande
329 1108 6 19 i
354 1110 65 19 rättan
434 1107 38 26 tid,
489 1107 51 22 dock
557 1107 63 21 borde
634 1107 30 20 för
675 1107 61 20 dessa
750 1106 32 20 lån

38 1135 44 25 laga
96 1136 56 19 ränta
167 1134 95 25 erläggas.

93 1161 47 20 Häri
161 1161 92 20 förenade
273 1160 30 25 sig
323 1161 74 19 Herrar
417 1160 132 21 Schatelovitz
566 1160 37 21 och
621 1159 95 26 Hagman,
732 1162 52 17 samt

40 1188 54 20 Herr
106 1187 150 25 Borgmästaren
270 1187 121 25 Tengström,
408 1186 114 26 tilläggande
529 1186 40 20 den
577 1186 123 20 sistnämnde
708 1187 28 17 att
745 1186 38 19 han

40 1212 73 26 jemväl
128 1212 61 26 ansåg
202 1213 104 25 Styrelsen
318 1213 66 20 kunna
397 1214 66 19 lemna
476 1211 91 23 räntefria
581 1211 38 26 lån,
632 1217 33 15 om
674 1212 40 21 den
723 1210 61 26 ansåg

40 1239 73 22 sådana
127 1239 98 26 lämpliga.

179 1292 27 21 Af
218 1292 100 21 Prosten
335 1292 143 26 Hertzberg:

95 1324 133 20 »Beträffande
242 1324 211 24 socknemagasinerna
468 1324 36 18 kan
516 1322 33 27 jag
563 1323 30 20 för
607 1323 42 19 min
660 1322 33 25 del
705 1322 77 20 biträda

40 1350 91 21 hvarken
144 1350 38 19 den
196 1349 76 21 äsigten
287 1352 28 18 att
328 1349 119 21 insättarene
459 1348 87 22 derifräm
558 1348 67 21 kunde
637 1347 21 21 få
667 1350 67 23 uttaga
744 1348 38 19 och

41 1376 32 25 sig
92 1376 84 21 emellan
192 1351 75 54 fördela
282 1375 146 26 grundfonden,
442 1375 19 25 ej
474 1375 63 21 heller
548 1375 39 21 den
600 1377 28 18 att
640 1374 144 31 kommunerna

41 1402 102 22 lemmades
156 1403 34 20 full
207 1401 59 23 frihet
283 1404 29 20 att
326 1402 47 25 göra
387 1402 37 21 och
438 1401 40 23 låta
489 1401 47 22 med
549 1401 146 26 magasinernes
709 1400 75 26 tillgån-

42 1434 38 20 gar
91 1429 53 22 hvad
158 1429 51 22 helst
225 1429 46 20 dem
288 1429 32 21 för
331 1428 47 27 godt
391 1431 76 23 syntes.
495 1427 58 23 Anse
563 1427 143 22 komrmunerse
718 1432 66 21 maga-
