992 1706
193 142 49 35 1392
409 146 71 23 Nådiga
492 148 141 23 Propositionen
645 147 37 17 N:o
693 147 28 17 41.

194 201 24 14 ne
238 196 81 25 stridiga
339 196 135 26 grundsatser,
496 197 59 25 enligt
575 197 64 19 denna
659 196 74 26 punkts
749 196 134 26 ordalydelse,
902 196 35 20 fin-

194 227 36 14 nas
245 222 117 25 uppställda.
392 222 38 20 Det
443 224 60 24 säges
519 224 96 25 nemligen
638 223 5 19 i
665 223 61 19 första
748 225 109 17 momentet
870 226 28 16 att
911 222 25 26 på

193 248 205 20 öfverenskommelse
419 248 114 27 delägarena
555 250 82 20 emellan
656 248 32 21 må
707 249 49 21 bero
779 249 108 20 «huruvida
901 250 36 20 till-

194 274 57 21 stånd
267 275 25 20 till
307 274 90 21 fiskande
412 275 37 20 kan
464 277 20 19 af
496 276 64 26 någon
574 276 91 26 delegare
681 274 84 27 beviljas
782 275 21 21 åt
820 276 53 24 dem,
893 282 44 14 som

193 302 25 20 bo
233 301 24 26 pä
273 303 49 18 hans
336 304 46 24 ägor
397 302 46 20 eller
458 302 20 20 åt
491 303 85 25 andra»,
595 303 72 19 hvaraf
681 302 99 25 sjelfmant
796 302 55 25 följer
868 305 28 17 att
910 304 27 18 af-

194 328 81 20 stående
290 329 42 19 utaf
344 329 93 25 rättighet
450 329 26 20 till
491 329 52 20 fiske
557 330 4 19 i
575 330 36 19 alla
627 329 103 20 händelser
744 328 35 20 bör
793 330 48 19 bero
855 329 24 26 pä
897 331 41 18 sär-

194 355 60 19 skildt
271 355 44 20 aftal
333 356 70 18 mellan
422 355 123 25 delegarena.
575 357 93 19 Deremot
683 355 108 21 innehåller
807 361 72 15 senare
897 362 42 13 mo-

194 384 78 17 mentet
285 384 29 17 att
327 381 35 20 der
377 381 63 20 sådan
454 383 204 19 öfverenskommelse
673 382 16 25 ej
705 381 79 26 ingåtts,
797 382 104 26 «rättighet
909 383 27 19 till

194 407 62 21 fiskes
270 408 84 20 idkande
368 419 26 3 —
408 419 26 3 —
447 420 27 3 —
488 408 17 26 ej
521 408 30 21 får
562 410 21 19 af
595 408 64 26 någon
673 409 92 25 Jelegare
779 408 19 20 åt
812 414 63 14 annan
887 414 50 20 upp-

193 434 60 25 låtas,
272 434 45 20 med
332 434 76 21 mindre
425 435 39 20 han
481 435 46 26 sjelf
543 435 42 20 från
600 436 33 20 allt
647 435 89 20 fiskande
750 435 42 20 Jeri
806 435 63 20 under
885 435 53 20 tiden

193 460 83 25 afstår,»
291 461 70 20 hvaraf
372 461 44 20 åter
431 462 37 19 kan
482 463 63 20 slutas
559 465 28 17 att
597 463 38 19 den
646 461 73 26 Nådiga
729 462 158 25 propositionens
896 468 42 13 me-

193 488 45 25 ning
252 493 49 14 vore
314 488 34 20 det
360 488 94 26 delegare
467 489 37 20 kan
519 488 50 21 afstå
583 489 21 20 åt
617 495 65 14 annan
697 490 30 18 sin
740 488 90 26 rättighet
842 489 27 20 till
878 488 59 25 fiske,

193 515 85 20 allenast
294 515 39 19 han
351 515 61 20 under
428 515 52 20 tiden
498 515 19 26 ej
534 515 46 26 sjelf
594 516 56 19 idkar
664 515 57 20 fiske.
749 515 122 25 Ständerne,
894 521 43 14 som

194 547 47 14 anse
262 541 39 20 den
323 547 70 14 senare
412 542 131 25 grundsatsen
568 543 178 20 öfverensstämma
771 542 46 20 med
841 542 38 20 den
902 542 37 20 fria

194 567 174 26 dispositionsrätt,
382 574 46 13 som
443 569 35 20 bör
492 569 107 20 tillkomma
613 575 70 20 egaren
698 569 57 20 öfver
768 569 48 19 dess
833 569 102 26 egendom,

193 594 78 21 förorda
286 594 79 21 derföre
378 595 141 26 underdånigst
532 596 34 20 det
579 595 109 26 stadgande
701 598 29 17 att
744 595 70 25 hvarje
827 595 92 26 delegare
932 596 6 19 i

193 621 93 20 oskiftadt
298 621 118 20 fiskevatten
431 623 22 18 är
467 623 113 25 berättigad,
596 625 28 17 att
637 625 47 17 utan
693 622 70 20 derom
774 622 44 19 med
829 622 44 20 sine
882 622 55 21 med-

193 647 90 26 delägare
297 647 70 20 träffad
380 649 210 25 öfverenskommelse,
601 648 49 20 afstå
660 649 38 19 den
708 649 72 19 honom
790 649 147 20 tillkommande

194 674 91 25 rättighet
298 674 28 20 till
339 673 51 20 fiske
404 673 20 20 åt
438 680 63 15 annan
515 681 82 20 person,
613 681 32 14 om
659 675 39 19 han
713 675 63 20 under
790 675 52 19 tiden
853 675 35 20 slik
899 677 39 18 rät-

192 700 63 26 tighet
268 700 44 20 icke
326 699 46 26 sjelf
384 701 104 26 begagnar,
503 707 44 14 men
559 704 28 17 att
599 702 89 19 deremot
697 701 25 26 på
736 701 203 20 öfverenskommelse

194 727 69 20 mellan
278 727 88 25 samtlige
380 727 117 26 delegarena
512 727 29 20 får
555 729 55 24 bero,
622 728 97 19 huruvida
729 727 63 26 någon
801 727 20 20 af
829 727 52 26 dem,
893 728 46 19 med

193 753 137 20 bibehållande
344 753 20 20 af
376 759 50 14 egen
440 753 84 26 fiskrätt,
541 753 32 21 må
587 754 64 20 kunna
665 753 60 20 tillåta
739 760 61 14 annan
814 756 29 17 att
859 754 5 19 i
879 755 60 19 oskif-

195 780 41 19 tadt
250 782 67 17 vatten
331 780 45 19 idka
398 780 50 25 fiske,
465 782 38 19 och
517 780 78 26 föreslå,
607 780 25 27 på
642 780 60 21 sådan
713 781 71 25 grund,
795 779 142 27 underdånigst

194 805 86 26 följande
293 806 77 27 lydelse
383 807 31 19 för
427 807 64 20 denna
505 808 69 25 punkt:

295 851 99 20 Dessutom
409 851 47 20 böra
470 853 87 25 delegare
571 854 8 17 i
581 853 124 26 fiskevatten,
719 859 40 13 som
769 855 24 17 är
802 852 98 26 oskiftadt,
911 854 28 24 sig

297 880 77 19 emellan
389 880 73 26 aftala:
476 881 49 19 huru
539 881 31 20 det
585 881 50 19 skall
648 881 77 26 nyttjas,
745 880 23 21 sä
784 883 27 17 att
820 881 75 26 fiskens
909 883 28 17 ut-

295 908 73 19 ödande
376 908 117 27 förebygges
513 910 33 19 och
561 909 35 20 den
616 916 35 12 ena
674 909 99 25 delegaren
791 909 17 25 ej
825 915 67 19 genom
911 912 27 21 öf-

294 936 136 19 verskridande
444 938 25 25 af
480 938 30 18 sin
524 939 40 18 rätt
577 940 36 22 gör
628 937 36 20 den
679 937 62 20 andra
750 937 96 26 förfång;
861 943 30 14 om
905 937 34 20 och

294 964 60 19 under
367 965 63 18 hvilka
443 965 61 19 vilkor
518 965 90 25 notdrägt
621 965 33 25 får
673 972 36 18 ega
723 971 50 18 rum;
787 967 50 17 samt
846 965 92 20 huruvida

294 991 63 26 någon
376 993 96 25 delegare,
487 993 42 20 med
545 993 127 20 bibehållande
687 994 25 25 af
724 993 42 20 dess
786 999 45 19 egen
840 993 97 26 fiskerätt,

294 1019 31 20 må
340 1020 66 25 bevilja
424 1021 83 19 tillstånd
525 1021 27 20 till
560 1021 91 26 fiskande
665 1021 57 26 äfven
742 1020 21 20 åt
779 1027 98 20 personer,
897 1027 40 13 som

294 1047 23 20 bo
330 1047 28 26 på
371 1048 49 19 hans
439 1055 51 19 egor,
505 1049 46 20 eller
565 1049 20 19 åt
604 1049 67 19 andra.
702 1049 41 19 Der
761 1049 62 20 sådan
842 1049 95 26 öfverens-

293 1076 100 19 kommelse
407 1077 17 24 ej
438 1077 54 23 skett,
509 1083 55 14 anses
578 1077 91 26 notdrägt
684 1078 61 25 olofiig
761 1077 33 20 och
808 1077 91 26 rättighet
909 1077 28 20 till

288 1104 63 26 Jiskes
364 1105 82 19 idkande
455 1105 38 26 får
507 1106 16 25 ej
538 1106 25 25 af
575 1105 64 26 någon
653 1105 89 26 delägare
757 1105 20 20 ät
791 1112 64 13 annan
869 1105 67 26 upplä-

295 1134 30 18 tas
339 1133 42 19 med
395 1133 72 19 mindre
481 1134 38 19 han
539 1134 46 26 sjelf
591 1133 50 27 från
662 1134 33 19 allt
709 1133 90 26 fiskande
818 1133 41 20 deri
879 1133 59 20 under

294 1161 52 19 tiden
360 1161 70 26 afstår.

247 1205 44 21 Med
306 1206 94 20 afseende
414 1206 42 20 åter
471 1206 10 20 å
496 1207 71 20 nionde
580 1207 94 26 punkten,
690 1213 49 14 anse
749 1207 105 20 ständerne
864 1207 30 25 sig
903 1206 35 20 bö-

194 1239 21 13 ra
229 1231 141 27 underdånigst
383 1233 77 20 förorda
474 1233 32 20 det
517 1233 64 26 tillägg
590 1236 28 17 att
627 1235 105 23 guvernör,
744 1234 26 19 till
782 1234 61 19 hvars
853 1233 86 20 stadfäs-

194 1259 50 19 teise
258 1258 95 25 ingången
367 1259 90 24 förening
469 1260 90 23 anmälts,
579 1265 47 19 eger
640 1261 27 17 att
681 1259 90 25 antingen
785 1259 94 20 stadfästa
891 1259 48 19 den-

196 1289 76 15 samma
284 1284 48 20 eller
344 1284 48 21 afslå
406 1284 89 20 anhållan
509 1285 77 24 derom,
601 1291 46 14 men
661 1283 17 26 ej
694 1286 77 25 vidtaga
785 1284 59 26 några
859 1285 80 19 ändrin-

194 1316 34 20 gar
242 1310 5 20 i
261 1311 122 26 föreningen;
399 1310 39 20 och
452 1311 63 20 skulle
529 1311 34 20 det
576 1312 62 19 första
653 1314 108 17 momentet
774 1311 21 20 af
807 1311 86 26 punkten
907 1311 31 20 sä-

195 1337 55 21 ledes
264 1337 47 20 böra
326 1336 72 22 erhålla
413 1336 69 21 sådant
496 1337 93 21 innehäll:

296 1381 121 26 Föreningar
430 1383 24 26 af
465 1382 149 26 ifrågavarande
623 1383 43 26 slag
676 1383 53 20 skola
738 1383 105 26 skriftligen
857 1383 80 26 afattas

297 1410 35 20 och
351 1411 27 19 till
396 1410 121 27 stadfästelse
536 1412 86 20 anmälas
641 1412 34 20 hos
695 1412 61 20 länets
773 1415 105 22 guvernör,
897 1419 40 13 som

298 1439 50 26 efter
362 1439 31 20 det
406 1439 129 26 inspektörens
544 1441 38 25 för
589 1441 117 26 fiskerierna
718 1439 97 22 utlåtande
832 1440 59 27 blifvit
909 1442 28 19 in-
