998 1706
268 138 71 23 Nådiga
351 140 139 22 Propositionen
504 140 35 18 N:o
552 140 27 18 40.
752 142 43 18 1365

52 187 70 26 nyttigt
137 188 94 20 villebråd
245 188 42 20 från
302 189 38 20 den
355 190 25 19 15
394 190 51 20 Mars
459 190 26 20 till
500 190 38 20 den
549 191 9 19 1
570 191 88 25 Augusti.
687 191 45 25 Jagt
741 191 11 20 å
763 193 30 25 elg

53 219 47 14 vare
115 214 38 20 tills
169 214 66 20 vidare
250 216 62 20 under
326 216 43 20 hela
383 216 43 20 året
440 216 109 26 förbjuden.

400 270 39 18 5:0.

104 305 51 25 Den,
175 311 43 13 som
236 306 63 20 under
316 305 102 26 förbjuden
435 307 62 20 ärstid
512 306 55 27 jagar
581 308 47 20 eller
642 308 68 26 fängar
723 310 70 25 nyttigt

50 330 96 21 villebråd
160 332 47 19 eller
221 332 38 20 ock
274 332 72 20 skadar
360 334 38 18 och
413 333 70 20 förstör
497 334 47 20 dess
556 336 37 24 ägg
602 335 46 19 eller
658 336 65 24 yngel,
737 336 56 19 Straf-

50 358 28 24 fas
94 358 46 20 med
154 358 57 20 böter
224 359 50 19 efter
289 359 191 25 omständigheterna
490 360 43 20 från
544 359 54 27 tjugu
608 362 26 18 till
643 361 76 20 hundra
728 362 63 19 mark.

50 384 122 25 Ofvermage
190 385 59 19 varde
264 386 29 18 för
308 384 69 21 sådant
391 386 77 26 okynne
483 386 48 26 agad
545 387 21 19 af
578 388 99 24 föräldrar,
694 387 98 21 målsman

50 410 47 19 eller
112 411 110 19 husbonde.
251 412 57 19 Böter
321 412 26 19 till
361 414 60 17 utsatt
431 413 71 26 belopp
512 412 101 21 älömmas
623 414 56 19 äfven
689 414 47 24 den,
749 420 43 13 som

49 437 63 19 under
130 437 26 19 tid
176 437 24 19 dä
215 437 41 25 jagt
270 439 22 18 är
306 437 93 26 otilläten,
416 439 99 25 utbjuder,
532 438 59 27 säljer
606 441 46 18 eller
666 440 61 25 köper
741 441 52 20 fred-

49 463 40 25 lyst
104 463 101 20 villebråd.
234 465 41 18 Har
287 463 65 27 jagten
367 465 86 20 utöfvats
467 465 24 26 pä
506 471 73 14 annans
593 467 65 24 mark,
671 472 47 14 vare
727 467 65 19 öfver-

50 490 90 19 trädaren
161 490 104 20 dessutom
285 491 132 20 underkastad
435 492 61 20 sådan
512 491 81 26 påföljd,
613 498 43 14 som
672 493 120 20 ofvanföre
780 486 16 35 i

50 515 54 26 3:dje
117 517 93 25 punkten
231 519 22 18 är
269 517 98 20 bestämd.
397 519 64 19 Dessa
477 519 153 20 öfverträlelser
644 519 32 20 mä
690 520 21 19 af
723 520 68 20 allmän

48 541 92 28 åklagare
154 543 67 20 ätalas.

397 573 40 18 6:0.

100 608 34 21 Till
149 609 142 20 kommunerna
305 609 133 20 öfverlemnas
452 613 28 17 att
493 611 53 19 inom
560 611 38 26 sig,
614 611 35 20 der
663 611 25 20 de
699 611 51 20 finna
761 611 31 20 sä-

49 634 47 20 dant
113 635 96 26 lämpligt,
227 636 5 19 i
251 636 64 20 stället
331 637 29 18 för
378 637 51 19 hvad
444 637 4 19 i
463 637 25 20 23
503 637 81 26 kapitlet
597 638 194 25 Byggninga-balken

50 661 79 26 stadgas
144 667 32 14 om
191 662 100 26 skallgäng
305 666 51 16 samt
371 663 129 26 varggärdars
515 664 37 19 och
566 669 81 20 gropars
662 665 128 25 anläggande,

50 687 77 27 vidtaga
149 689 59 20 andra
228 689 92 26 åtgärder
341 689 24 20 till
383 689 118 26 skadedjurs
518 691 38 18 och
570 690 100 25 rofläglars
684 691 105 20 utödande.

48 715 40 19 Der
105 715 101 26 skallgäng
222 715 117 26 bibehälles,
359 716 32 20 mä
405 717 213 26 kommunalstyrelsen
632 717 110 20 bestämma
756 719 36 18 när

47 741 38 20 den
99 742 98 26 företagas
211 743 55 19 skall.
297 744 32 19 Att
342 743 41 20 föra
398 744 49 19 befäl
463 743 33 20 vid
511 743 100 26 skallgäng
625 744 64 19 tillhör
699 744 94 19 forstmä-

47 770 63 23 stare,
129 774 33 14 om
179 770 37 19 han
233 769 64 20 finnes
314 770 6 19 i
337 771 94 19 närheten
448 771 67 20 bosatt
528 771 38 19 och
581 775 62 15 annan
657 770 134 21 befälhafvare

46 794 16 25 ej
74 797 22 18 är
105 795 21 20 af
133 795 120 21 kommunen
263 796 77 21 utsedd.

396 841 40 20 T:o.

101 878 29 20 Då
146 879 25 20 de
185 879 29 20 för
227 879 90 20 dödande
330 879 20 20 af
363 879 53 20 vissa
431 880 52 25 slags
497 880 109 24 skadedjur
619 881 5 19 i
638 881 12 20 6
667 880 10 26 $
694 881 25 19 23
730 880 62 25 kapit-

47 905 27 20 let
91 905 186 26 Byggningabalken
295 909 72 16 utsatte
384 907 53 25 ringa
447 907 159 26 skottpenningar
616 913 81 14 numera
707 907 44 25 föga
761 909 31 17 ut-

45 932 46 24 göra
109 931 64 27 nägon
190 935 132 23 uppmuntran
337 933 4 18 i
357 933 53 19 Jetta
425 934 62 24 syfte,
504 933 38 19 och
557 934 120 19 häradernas
692 933 99 26 tillgängar

46 958 20 19 af
83 958 93 25 sakören,
196 958 99 20 hvarifrän
309 959 49 19 slika
373 959 159 26 skottpenningar
546 959 67 20 hittills
627 960 103 25 utbetalts,
746 960 45 20 icke

47 984 61 20 tillåta
129 985 57 19 deras
208 985 76 19 ökande
304 985 26 20 till
349 986 122 26 erforderligt
487 986 78 25 belopp,
586 986 56 25 böra,
658 986 29 19 för
701 986 90 20 dödande

48 1012 48 19 eller
111 1011 95 26 fångande
220 1012 20 20 af
253 1012 35 20 alla
304 1012 51 25 slags
370 1012 107 26 skadedjur
490 1014 54 18 utom
560 1013 58 24 skall,
634 1014 83 18 utfästas
730 1013 62 25 lämp-

47 1038 37 26 liga
99 1038 119 25 belöningar,
235 1044 44 14 som
293 1038 4 20 i
313 1038 69 20 sådant
395 1039 32 19 fall
439 1039 20 19 af
470 1039 89 20 Kronans
570 1040 155 24 uppbördsmän,
738 1041 53 17 emot

46 1065 109 25 ersättning
172 1066 20 18 af
208 1065 42 19 viss
267 1068 83 22 procent
364 1066 78 18 utöfver
456 1066 33 19 det
503 1066 95 24 stadgade
612 1066 101 25 beloppet,
730 1066 60 19 tillika

46 1091 45 19 med
109 1091 25 20 de
151 1092 95 19 allmänna
263 1092 128 26 utskylderna
406 1091 71 26 årligen
491 1092 107 26 uppbäras.
628 1093 61 19 Dessa
705 1092 85 20 belönin-

46 1123 34 19 gar
94 1118 108 20 fastställas
217 1118 90 26 sockne-,
325 1118 70 20 härads
411 1120 46 18 eller
470 1119 126 25 tingslagsvis
610 1124 69 20 genom
689 1119 102 19 öfverens-

47 1144 120 25 kommelse,
186 1144 112 25 hvarjemte
312 1144 76 26 tjenliga
403 1145 121 20 föreskrifter
537 1145 101 20 meddelas
651 1146 27 18 till
693 1145 97 28 förekom-

48 1171 71 20 mande
134 1172 21 19 af
168 1172 127 25 bedrägerier
309 1172 37 19 och
361 1172 110 24 underslef,
487 1174 51 18 samt
552 1171 24 26 på
591 1172 33 19 det
638 1174 27 17 att
677 1171 87 20 sökande
773 1176 16 20 ej

46 1197 32 20 må
93 1198 46 20 med
154 1198 58 25 några
225 1198 107 20 kostnader
342 1199 92 19 belastas.
463 1198 46 20 Wid
519 1198 69 20 sådant
598 1198 119 20 förhållande
728 1198 63 19 skulle

46 1224 145 26 utbetalningen
211 1225 20 19 af
249 1224 160 26 skottpenningar
430 1225 42 19 från
491 1224 120 20 häradernas
628 1226 35 18 lott
680 1225 5 19 i
705 1224 85 20 sakören

46 1251 40 19 helt
100 1251 38 19 och
153 1250 59 20 hållet
226 1251 95 25 upphöra.

99 1278 41 18 Den
155 1283 26 13 nu
194 1278 89 24 gällande
297 1278 142 25 lagstiftningen
453 1277 101 25 angående
566 1277 42 25 jagt
623 1278 37 19 och
669 1276 90 26 djurfång
769 1277 22 19 är

46 1304 68 24 spridd
135 1305 5 18 i
161 1304 95 19 särskilda
275 1304 139 26 författningar,
430 1304 37 20 och
482 1305 53 19 detta
549 1304 118 20 förhållande
682 1304 5 18 i
702 1304 89 24 förening

46 1330 45 19 med
107 1330 37 19 den
160 1331 169 24 omständigheten
344 1334 28 15 att
386 1337 75 12 samma
479 1331 117 24 lagstiftning
608 1330 73 24 jemväl
696 1332 22 16 är
732 1330 59 18 brist-

46 1356 52 24 fällig
116 1359 51 16 samt
185 1356 5 18 i
207 1356 47 19 flere
271 1356 54 20 delar
343 1356 43 19 icke
403 1357 60 18 heller
477 1359 113 16 motsvarar
604 1356 24 18 de
642 1356 73 24 åsigter
730 1355 5 19 i
749 1356 42 18 äm-

47 1384 39 22 net,
103 1387 43 14 som
164 1382 29 18 för
210 1382 122 19 närvarande
346 1382 56 24 råda,
419 1382 105 25 berättigar
539 1382 38 19 den
592 1381 75 25 nådigst
681 1382 109 24 föreslagna

45 1407 226 27 lagstiftningsåtgärden
286 1408 25 20 till
327 1408 114 20 ständernes
456 1408 58 20 bifall.

100 1435 37 20 Vid
152 1435 144 26 granskningen
311 1436 20 19 af
344 1436 38 19 den
395 1435 68 26 nådiga
479 1435 146 25 propositionen
635 1435 56 19 hafva
702 1434 88 20 ständer-
