992 1709
255 138 72 22 Nådiga
338 139 141 22 Propositionen
492 139 36 17 N:o
540 139 28 19 42.
742 140 42 20 1405

39 188 44 26 dige
98 187 71 26 sjeliva
184 189 80 25 fullgöra
280 189 53 19 detta
348 189 101 25 åliggande
464 190 46 20 eller
524 190 127 20 öfverlemnat
668 190 33 20 det
717 190 20 20 åt
752 197 32 13 en-

39 216 109 24 treprenör,
166 215 144 28 men-emedan
325 221 23 13 en
363 216 60 20 sådan
439 216 70 20 allmän
524 215 109 27 förhöjning
651 217 67 19 kunde
735 224 49 19 upp-

39 244 77 17 muntra
131 242 25 19 de
171 242 212 26 skjutsningsskyldige
397 245 28 17 att
439 242 69 24 sjelfva
522 242 111 25 ombesörja
648 242 135 27 skjutsningen

39 269 38 18 och
93 268 82 19 sålunda
189 274 80 13 snarare
283 268 64 20 skulle
362 268 104 20 motverka
481 272 24 17 än
519 269 52 20 unde
582 268 64 27 hjelpa
657 270 127 25 uppnåendet

39 295 21 18 af
72 294 33 20 det
120 295 45 24 mål,
183 295 75 19 hvartill
273 300 46 14 man
337 294 36 20 bör
390 296 84 24 sträfva,
493 296 47 19 eller
556 295 227 26 skjutsningsbesvärets

38 321 96 20 ställande
149 320 24 26 pä
189 321 137 26 entreprenad,
343 327 59 14 anser
416 322 97 19 utskottet
527 323 29 24 sig
570 322 44 19 icke
631 323 35 24 äga
680 323 103 25 anledning

39 350 29 17 att
82 347 97 26 tillstyrka
195 347 49 20 bifall
260 347 26 20 till
301 347 83 20 berörda
399 348 79 29 förslag,
495 351 45 17 utan
554 349 90 19 förordar
658 352 28 16 att
700 349 44 20 från
758 351 25 19 de

38 374 144 25 gästgifverier,
199 374 5 19 i
219 374 66 20 hvilka
299 373 136 27 skjutsningen
450 375 98 20 bestrides
562 375 21 19 af
598 375 25 20 de
640 375 142 27 skjutspligtige

38 400 80 26 sjelfva,
134 400 121 26 skjutslegan
269 400 118 21 fortfarande
397 401 31 20 mä
439 401 46 26 utgå
495 401 46 20 med
551 401 26 20 tio
587 402 56 25 penni
652 403 30 18 för
692 405 89 18 versten.

90 428 115 25 Egentligen
222 427 62 20 borde
301 428 102 25 tingslaget
421 434 46 13 vara
484 429 34 19 det
532 428 90 24 distrikt,
641 428 52 20 inom
708 429 75 20 hvilket

39 453 218 26 skjutsningsbesväret
271 454 63 20 skulle
349 454 91 26 fördelas,
457 461 44 14 men
516 455 5 19 i
530 455 68 25 praxis
608 456 35 19 har
652 455 83 20 dermeu
744 457 38 19 för-

38 481 55 19 farits
108 481 58 26 högst
181 481 57 20 olika.
267 480 26 21 Sä
308 483 57 22 utgör
379 481 5 19 i
398 481 128 20 Österbotten
541 482 97 25 socknen,
653 488 45 14 men
715 483 5 18 i
735 483 48 19 flera

38 507 55 20 delar
114 508 20 19 af
152 507 65 20 landet
237 507 34 20 det
290 507 156 21 adiministrativa
463 509 82 19 häradet
559 508 66 26 dylika
638 508 109 21 Uistrikter.
776 511 8 18 I

39 535 94 25 Wiborgs
150 535 32 19 län
197 534 43 20 åter
254 536 22 17 är
293 533 217 27 skjutsningsbesväret
530 535 96 20 fördelalt
646 535 24 25 pä
692 537 42 18 hela
757 537 26 19 lä-

39 564 39 17 net.
111 562 24 19 Ju
158 562 64 19 större
241 561 120 25 skjutslagen
382 564 41 22 äro,
448 561 56 20 desto
524 561 92 26 jemnare
632 563 22 18 är
674 563 58 19 äfven
748 563 35 20 be-

38 589 78 18 svärets
137 588 106 25 fördelning
264 588 39 19 och
323 588 56 19 desto
404 588 68 19 lättare
493 589 37 19 kan
555 588 57 20 äfven
636 587 147 28 skjutsningens

37 614 136 21 Öfverlätande
194 614 19 20 ät
233 615 127 26 entreprenör
377 615 164 26 tillvägabringas,
560 615 83 20 emedan
658 615 33 20 det
705 617 29 18 för
748 623 35 13 en-

38 642 128 25 treprenören
190 641 64 20 måste
276 641 59 20 biifva
358 641 112 26 förmånligt
493 645 28 17 att
544 641 24 26 pä
593 648 23 13 en
641 641 49 26 gång
711 643 72 20 under-

38 667 50 21 hålla
110 667 89 26 skjutsen
220 668 5 19 i
246 668 48 20 flera
317 668 25 19 till
367 668 110 21 hvarandra
500 669 112 26 gränsande
633 669 147 26 gästgifverier,

37 694 25 21 dä
77 696 92 19 hästarna
184 695 64 20 kunna
263 695 98 26 begagnas
379 697 27 18 att
421 695 24 25 pä
462 695 112 20 äterfärden
592 695 142 21 frambefordra
753 703 30 13 re-

38 723 61 18 sande
116 723 58 18 äfven
191 723 26 19 till
235 722 35 19 det
286 721 112 26 gästgifveri
415 722 25 19 de
456 723 85 23 tillhöra,
561 725 51 16 samt
627 723 102 20 hästarnes
744 725 39 18 och

38 747 138 27 betjeningens
191 749 48 19 antal
255 748 113 26 derigenom
383 749 37 19 kan
437 749 93 20 minskas.
560 748 27 21 På
602 749 62 20 sådan
675 751 61 23 grund
749 751 35 18 har

38 775 54 20 inom
106 776 96 19 utskottet
221 775 70 27 yrkats
305 778 28 17 att
347 775 68 25 hvarje
430 777 31 18 län
475 776 62 20 borde
551 777 68 24 utgöra
634 779 28 16 ett
676 775 105 27 skjutslag,

39 803 70 19 mellan
126 803 61 19 hvars
207 803 35 19 alla
263 801 213 28 skjutsningsskyldige
496 802 120 20 innevänare
636 803 52 19 detta
710 803 74 20 besvär

38 829 64 20 skulle
116 829 92 20 fördelas.
238 829 93 20 Deremot
345 830 35 19 har
394 829 117 21 framhållits
528 832 28 17 att
570 829 63 20 lokala
652 829 132 21 förhållanden

38 856 64 20 kunna
124 856 61 21 verka
205 859 27 17 att
251 863 70 19 genom
344 856 61 20 sådan
425 856 107 27 fördelning
546 856 235 26 skjutsningsbesväret
768 852 16 35 i

39 883 52 19 vissa
114 886 53 17 orter
188 884 66 19 blefve
274 889 54 14 mera
349 883 109 20 tryckande
480 887 24 16 än
524 884 34 19 det
572 884 29 18 för
616 884 122 19 närvarande
752 885 28 23 är,

38 911 94 19 hvarföre
146 911 34 18 det
197 910 69 27 yrkats
283 912 28 17 att
327 909 20 20 ät
377 916 11 13 de
405 909 213 27 skjutsningsskyldige
635 909 68 26 sjelfva
721 910 63 20 borde

39 937 133 20 öfverlemnas
186 940 28 17 att
227 938 66 19 förena
308 938 30 24 sig
352 942 32 14 om
399 936 133 27 skjutslagens
546 937 136 24 utsträckning
697 937 25 20 till
733 940 50 17 stör-

39 969 22 14 re
82 964 48 19 eller
149 964 76 19 mindre
247 963 100 20 områden.
378 964 37 19 Det
436 964 55 19 torde
513 963 17 26 ej
551 963 63 19 kunna
637 963 98 20 bestridas
755 966 29 18 att

39 989 194 27 skjutsningstungan
250 990 66 20 blefve
333 991 4 18 i
355 990 69 26 högsta
442 991 47 24 grad
507 989 109 28 tryckande
633 992 13 17 t.
666 996 31 13 ex.
716 991 30 19 för
759 990 25 19 de

38 1017 214 26 skjutsningsskyldige
273 1017 52 19 inom
346 1017 147 25 Lappmarkens
513 1017 37 19 och
568 1017 73 20 Ålands
660 1016 72 24 härad,
752 1022 33 14 om

39 1043 33 20 det
87 1044 51 19 förra
152 1044 104 19 förenades
270 1043 5 19 i
290 1046 28 17 ett
331 1042 96 27 skjutslag
441 1044 45 19 med
498 1043 124 27 återstående
632 1043 55 19 delen
698 1044 20 19 af
727 1043 57 20 Uleä-

40 1071 66 24 borgs,
122 1071 38 19 och
175 1070 34 19 det
223 1076 70 13 senare
303 1067 48 22 med
365 1070 60 25 öfriga
440 1070 57 20 delen
512 1071 21 18 af
545 1070 42 20 Åbo
602 1070 39 19 och
652 1068 132 27 Björneborgs

37 1097 39 24 län,
93 1103 45 14 men
153 1096 9 20 å
177 1097 60 20 andra
255 1096 55 21 sidan
327 1096 56 20 torde
400 1096 17 25 ej
436 1097 60 20 heller
513 1097 78 26 äsyftad
607 1095 89 26 jemnare
714 1097 71 19 fördel-

39 1124 45 25 ning
102 1124 21 19 af
137 1123 53 20 detta
208 1124 73 19 besvär
298 1123 64 19 kunna
379 1124 125 24 genomföras
521 1129 32 14 om
567 1123 34 20 det
615 1122 40 19 helt
670 1124 38 19 och
725 1122 61 21 hället

39 1151 132 19 öfverlemnas
186 1149 20 20 ät
219 1151 26 19 Je
259 1149 212 27 skjutsningsskyldige
486 1149 69 26 sjelfva
570 1153 28 16 att
608 1155 32 14 om
652 1149 133 26 skjutslagens

39 1177 137 26 utsträckning
190 1177 179 19 öfverenskomma.
399 1177 101 20 Utskottet
513 1176 83 20 föreslår
610 1176 77 20 Jerföre
701 1179 29 17 att
741 1177 42 27 der,

41 1205 83 19 hvarest
138 1203 16 26 ej
170 1203 59 20 redan
245 1203 95 29 skjutslag
354 1203 45 20 med
415 1205 63 18 större
487 1203 136 26 utsträckning
632 1202 72 26 finnes,
716 1203 70 24 hvarje

40 1230 60 20 härad
116 1230 48 20 skall
179 1231 68 24 utgöra
263 1233 28 16 ett
305 1229 101 26 skjutslag,
422 1230 70 19 mellan
502 1230 61 20 hvars
573 1229 213 26 skjutsningsskyldige

40 1257 120 20 innevånare
174 1256 217 27 skjutsningsbesväret
405 1257 47 20 skall
467 1257 92 19 fördelas.

94 1285 37 18 För
146 1282 206 27 skjutsningstungans
364 1283 66 25 jemna
445 1283 108 26 fördelning
571 1285 21 18 är
609 1283 33 20 det
659 1283 127 25 ovilkorligen

42 1310 121 25 nödvändigt
180 1313 27 17 att
224 1310 231 26 lägenhetsinnehafvare
472 1311 5 18 i
495 1313 108 23 noggrannt
619 1309 120 20 förhållande
759 1309 27 20 till

41 1337 59 19 deras
114 1337 144 19 innehafvande
273 1337 90 19 skattetal
373 1337 76 25 deltaga
459 1338 5 17 i
474 1337 105 18 besvärets
589 1335 104 26 utgående.
721 1335 66 25 Enligt

42 1363 88 26 gällande
145 1364 30 24 lag
189 1363 62 20 borde
265 1363 62 19 denna
341 1365 59 23 tunga
414 1364 79 26 utgöras
507 1362 5 19 i
527 1361 161 29 förhållande
657 1357 43 37 till
699 1362 89 28 hemma-

41 1394 50 15 nens
106 1389 78 24 mantal,
201 1395 44 14 men
260 1389 5 18 i
279 1389 67 26 praxis
360 1390 35 18 har
411 1395 45 13 man
471 1394 16 19 ej
503 1388 90 21 öfverallt
601 1387 69 20 dervid
681 1388 59 19 fästat
752 1387 36 20 till-

42 1416 72 26 börligt
132 1417 99 19 afseende.
261 1417 7 19 1
286 1417 25 19 de
328 1415 55 21 flesta
401 1416 29 20 län
447 1416 81 26 utgöres
544 1415 53 20 detta
615 1415 73 20 besvär
705 1414 82 29 sålunda

43 1446 28 18 att.
86 1445 91 19 hemman
193 1444 25 20 till
234 1446 28 18 ett
272 1443 47 21 halft
328 1443 71 21 mantal
410 1444 49 20 eller
467 1443 99 20 derunder
574 1442 76 26 deltaga
659 1442 6 19 i
675 1441 113 26 hållskjuts-
