<?xml version="1.0" encoding="UTF-8"?>
<alto xmlns="http://www.loc.gov/standards/alto/ns-v3#" xmlns:xlink="http://www.w3.org/1999/xlink" xmlns:xsi="http://www.w3.org/2001/XMLSchema-instance" xsi:schemaLocation="http://www.loc.gov/standards/alto/ns-v3# http://www.loc.gov/alto/v3/alto-3-0.xsd">
	<Description>
		<MeasurementUnit>pixel</MeasurementUnit>
		<sourceImageInformation>
			<fileName>/tmp/tess_vinhusxp_input.PNG</fileName>
		</sourceImageInformation>
		<OCRProcessing ID="OCR_0">
			<ocrProcessingStep>
				<processingSoftware>
					<softwareName>tesseract 5.3.4</softwareName>
				</processingSoftware>
			</ocrProcessingStep>
		</OCRProcessing>
	</Description>
	<Layout>
		<Page WIDTH="1000" HEIGHT="1703" PHYSICAL_IMG_NR="0" ID="page_0">
			<PrintSpace HPOS="0" VPOS="0" WIDTH="1000" HEIGHT="1703">
				<ComposedBlock ID="cblock_0" HPOS="198" VPOS="153" WIDTH="525" HEIGHT="23">
					<TextBlock ID="block_0" HPOS="198" VPOS="153" WIDTH="525" HEIGHT="23">
						<TextLine ID="line_0" HPOS="198" VPOS="153" WIDTH="525" HEIGHT="23">
							<String ID="string_0" HPOS="198" VPOS="156" WIDTH="44" HEIGHT="19" WC="0.94" CONTENT="1698"/><SP WIDTH="168" VPOS="156" HPOS="242"/>
							<String ID="string_1" HPOS="410" VPOS="154" WIDTH="72" HEIGHT="22" WC="0.90" CONTENT="Nådiga"/><SP WIDTH="10" VPOS="154" HPOS="482"/>
							<String ID="string_2" HPOS="492" VPOS="154" WIDTH="142" HEIGHT="22" WC="0.96" CONTENT="Propositionen"/><SP WIDTH="12" VPOS="154" HPOS="634"/>
							<String ID="string_3" HPOS="646" VPOS="153" WIDTH="37" HEIGHT="17" WC="0.96" CONTENT="N:o"/><SP WIDTH="12" VPOS="153" HPOS="683"/>
							<String ID="string_4" HPOS="695" VPOS="153" WIDTH="28" HEIGHT="16" WC="0.96" CONTENT="50."/>
						</TextLine>
					</TextBlock>
				</ComposedBlock>
				<ComposedBlock ID="cblock_1" HPOS="197" VPOS="200" WIDTH="753" HEIGHT="1268">
					<TextBlock ID="block_1" HPOS="197" VPOS="200" WIDTH="749" HEIGHT="240">
						<TextLine ID="line_1" HPOS="198" VPOS="200" WIDTH="742" HEIGHT="29">
							<String ID="string_5" HPOS="198" VPOS="211" WIDTH="35" HEIGHT="18" WC="0.88" CONTENT="ega"/><SP WIDTH="20" VPOS="211" HPOS="233"/>
							<String ID="string_6" HPOS="253" VPOS="204" WIDTH="103" HEIGHT="25" WC="0.96" CONTENT="anledning"/><SP WIDTH="20" VPOS="204" HPOS="356"/>
							<String ID="string_7" HPOS="376" VPOS="204" WIDTH="6" HEIGHT="19" WC="0.93" CONTENT="i"/><SP WIDTH="20" VPOS="204" HPOS="382"/>
							<String ID="string_8" HPOS="402" VPOS="202" WIDTH="156" HEIGHT="27" WC="0.91" CONTENT="underdånighet"/><SP WIDTH="16" VPOS="202" HPOS="558"/>
							<String ID="string_9" HPOS="574" VPOS="202" WIDTH="107" HEIGHT="19" WC="0.96" CONTENT="framställa"/><SP WIDTH="16" VPOS="202" HPOS="681"/>
							<String ID="string_10" HPOS="697" VPOS="201" WIDTH="39" HEIGHT="20" WC="0.96" CONTENT="den"/><SP WIDTH="17" VPOS="201" HPOS="736"/>
							<String ID="string_11" HPOS="753" VPOS="200" WIDTH="74" HEIGHT="21" WC="0.96" CONTENT="önskan"/><SP WIDTH="15" VPOS="200" HPOS="827"/>
							<String ID="string_12" HPOS="842" VPOS="202" WIDTH="28" HEIGHT="17" WC="0.92" CONTENT="att"/><SP WIDTH="20" VPOS="202" HPOS="870"/>
							<String ID="string_13" HPOS="890" VPOS="200" WIDTH="50" HEIGHT="19" WC="0.92" CONTENT="före-"/>
						</TextLine>
						<TextLine ID="line_2" HPOS="198" VPOS="226" WIDTH="743" HEIGHT="31">
							<String ID="string_14" HPOS="198" VPOS="231" WIDTH="106" HEIGHT="21" WC="0.96" CONTENT="skrifterna"/><SP WIDTH="21" VPOS="231" HPOS="304"/>
							<String ID="string_15" HPOS="325" VPOS="236" WIDTH="33" HEIGHT="14" WC="0.92" CONTENT="om"/><SP WIDTH="19" VPOS="236" HPOS="358"/>
							<String ID="string_16" HPOS="377" VPOS="230" WIDTH="79" HEIGHT="19" WC="0.91" CONTENT="kaution"/><SP WIDTH="21" VPOS="230" HPOS="456"/>
							<String ID="string_17" HPOS="477" VPOS="229" WIDTH="62" HEIGHT="20" WC="0.96" CONTENT="skulle"/><SP WIDTH="16" VPOS="229" HPOS="539"/>
							<String ID="string_18" HPOS="555" VPOS="228" WIDTH="46" HEIGHT="25" WC="0.96" CONTENT="utgå"/><SP WIDTH="17" VPOS="228" HPOS="601"/>
							<String ID="string_19" HPOS="618" VPOS="228" WIDTH="43" HEIGHT="19" WC="0.96" CONTENT="från"/><SP WIDTH="14" VPOS="228" HPOS="661"/>
							<String ID="string_20" HPOS="675" VPOS="228" WIDTH="38" HEIGHT="19" WC="0.96" CONTENT="alla"/><SP WIDTH="14" VPOS="228" HPOS="713"/>
							<String ID="string_21" HPOS="727" VPOS="227" WIDTH="25" HEIGHT="20" WC="0.96" CONTENT="de"/><SP WIDTH="15" VPOS="227" HPOS="752"/>
							<String ID="string_22" HPOS="767" VPOS="227" WIDTH="69" HEIGHT="28" WC="0.96" CONTENT="ställen"/><SP WIDTH="16" VPOS="227" HPOS="836"/>
							<String ID="string_23" HPOS="852" VPOS="227" WIDTH="5" HEIGHT="18" WC="0.93" CONTENT="i"/><SP WIDTH="15" VPOS="227" HPOS="857"/>
							<String ID="string_24" HPOS="872" VPOS="226" WIDTH="69" HEIGHT="31" WC="0.93" CONTENT="försla-"/>
						</TextLine>
						<TextLine ID="line_3" HPOS="197" VPOS="253" WIDTH="744" HEIGHT="30">
							<String ID="string_25" HPOS="197" VPOS="261" WIDTH="40" HEIGHT="22" WC="0.95" CONTENT="get,"/><SP WIDTH="19" VPOS="261" HPOS="237"/>
							<String ID="string_26" HPOS="256" VPOS="258" WIDTH="36" HEIGHT="19" WC="0.96" CONTENT="der"/><SP WIDTH="13" VPOS="258" HPOS="292"/>
							<String ID="string_27" HPOS="305" VPOS="257" WIDTH="25" HEIGHT="20" WC="0.96" CONTENT="de"/><SP WIDTH="14" VPOS="257" HPOS="330"/>
							<String ID="string_28" HPOS="344" VPOS="263" WIDTH="26" HEIGHT="13" WC="0.96" CONTENT="nu"/><SP WIDTH="14" VPOS="263" HPOS="370"/>
							<String ID="string_29" HPOS="384" VPOS="256" WIDTH="127" HEIGHT="25" WC="0.96" CONTENT="förekomma,"/><SP WIDTH="23" VPOS="256" HPOS="511"/>
							<String ID="string_30" HPOS="534" VPOS="255" WIDTH="37" HEIGHT="20" WC="0.96" CONTENT="och"/><SP WIDTH="18" VPOS="255" HPOS="571"/>
							<String ID="string_31" HPOS="589" VPOS="254" WIDTH="77" HEIGHT="21" WC="0.96" CONTENT="således"/><SP WIDTH="14" VPOS="254" HPOS="666"/>
							<String ID="string_32" HPOS="680" VPOS="254" WIDTH="6" HEIGHT="19" WC="0.96" CONTENT="i"/><SP WIDTH="15" VPOS="254" HPOS="686"/>
							<String ID="string_33" HPOS="701" VPOS="255" WIDTH="23" HEIGHT="18" WC="0.92" CONTENT="43"/><SP WIDTH="15" VPOS="255" HPOS="724"/>
							<String ID="string_34" HPOS="739" VPOS="254" WIDTH="10" HEIGHT="25" WC="0.89" CONTENT="$"/><SP WIDTH="15" VPOS="254" HPOS="749"/>
							<String ID="string_35" HPOS="764" VPOS="259" WIDTH="17" HEIGHT="19" WC="0.93" CONTENT="ej"/><SP WIDTH="16" VPOS="259" HPOS="781"/>
							<String ID="string_36" HPOS="797" VPOS="253" WIDTH="81" HEIGHT="20" WC="0.91" CONTENT="allenast"/><SP WIDTH="19" VPOS="253" HPOS="878"/>
							<String ID="string_37" HPOS="897" VPOS="253" WIDTH="44" HEIGHT="19" WC="0.96" CONTENT="från"/>
						</TextLine>
						<TextLine ID="line_4" HPOS="199" VPOS="281" WIDTH="741" HEIGHT="28">
							<String ID="string_38" HPOS="199" VPOS="286" WIDTH="10" HEIGHT="19" WC="0.88" CONTENT="4"/><SP WIDTH="23" VPOS="286" HPOS="209"/>
							<String ID="string_39" HPOS="232" VPOS="290" WIDTH="70" HEIGHT="19" WC="0.92" CONTENT="mom.,"/><SP WIDTH="23" VPOS="290" HPOS="302"/>
							<String ID="string_40" HPOS="325" VPOS="286" WIDTH="46" HEIGHT="17" WC="0.96" CONTENT="utan"/><SP WIDTH="21" VPOS="286" HPOS="371"/>
							<String ID="string_41" HPOS="392" VPOS="283" WIDTH="59" HEIGHT="19" WC="0.96" CONTENT="äfven"/><SP WIDTH="21" VPOS="283" HPOS="451"/>
							<String ID="string_42" HPOS="472" VPOS="282" WIDTH="42" HEIGHT="20" WC="0.96" CONTENT="från"/><SP WIDTH="18" VPOS="282" HPOS="514"/>
							<String ID="string_43" HPOS="532" VPOS="283" WIDTH="18" HEIGHT="24" WC="0.96" CONTENT="2,"/><SP WIDTH="19" VPOS="283" HPOS="550"/>
							<String ID="string_44" HPOS="569" VPOS="282" WIDTH="19" HEIGHT="23" WC="0.96" CONTENT="6,"/><SP WIDTH="20" VPOS="282" HPOS="588"/>
							<String ID="string_45" HPOS="608" VPOS="283" WIDTH="18" HEIGHT="23" WC="0.96" CONTENT="7,"/><SP WIDTH="16" VPOS="283" HPOS="626"/>
							<String ID="string_46" HPOS="642" VPOS="282" WIDTH="19" HEIGHT="23" WC="0.96" CONTENT="8,"/><SP WIDTH="16" VPOS="282" HPOS="661"/>
							<String ID="string_47" HPOS="677" VPOS="281" WIDTH="13" HEIGHT="19" WC="0.95" CONTENT="9"/><SP WIDTH="15" VPOS="281" HPOS="690"/>
							<String ID="string_48" HPOS="705" VPOS="281" WIDTH="37" HEIGHT="19" WC="0.96" CONTENT="och"/><SP WIDTH="16" VPOS="281" HPOS="742"/>
							<String ID="string_49" HPOS="758" VPOS="281" WIDTH="23" HEIGHT="19" WC="0.93" CONTENT="13"/><SP WIDTH="16" VPOS="281" HPOS="781"/>
							<String ID="string_50" HPOS="797" VPOS="282" WIDTH="143" HEIGHT="23" WC="0.92" CONTENT="momenterna,"/>
						</TextLine>
						<TextLine ID="line_5" HPOS="199" VPOS="305" WIDTH="743" HEIGHT="27">
							<String ID="string_51" HPOS="199" VPOS="311" WIDTH="21" HEIGHT="20" WC="0.96" CONTENT="af"/><SP WIDTH="11" VPOS="311" HPOS="220"/>
							<String ID="string_52" HPOS="231" VPOS="311" WIDTH="65" HEIGHT="20" WC="0.96" CONTENT="hvilka"/><SP WIDTH="16" VPOS="311" HPOS="296"/>
							<String ID="string_53" HPOS="312" VPOS="311" WIDTH="11" HEIGHT="18" WC="0.96" CONTENT="7"/><SP WIDTH="15" VPOS="311" HPOS="323"/>
							<String ID="string_54" HPOS="338" VPOS="312" WIDTH="108" HEIGHT="17" WC="0.96" CONTENT="momentet"/><SP WIDTH="14" VPOS="312" HPOS="446"/>
							<String ID="string_55" HPOS="460" VPOS="309" WIDTH="62" HEIGHT="20" WC="0.96" CONTENT="skulle"/><SP WIDTH="15" VPOS="309" HPOS="522"/>
							<String ID="string_56" HPOS="537" VPOS="309" WIDTH="40" HEIGHT="19" WC="0.96" CONTENT="helt"/><SP WIDTH="14" VPOS="309" HPOS="577"/>
							<String ID="string_57" HPOS="591" VPOS="309" WIDTH="38" HEIGHT="18" WC="0.96" CONTENT="och"/><SP WIDTH="13" VPOS="309" HPOS="629"/>
							<String ID="string_58" HPOS="642" VPOS="308" WIDTH="61" HEIGHT="19" WC="0.96" CONTENT="hållet"/><SP WIDTH="13" VPOS="308" HPOS="703"/>
							<String ID="string_59" HPOS="716" VPOS="307" WIDTH="54" HEIGHT="25" WC="0.96" CONTENT="utgå,"/><SP WIDTH="16" VPOS="307" HPOS="770"/>
							<String ID="string_60" HPOS="786" VPOS="307" WIDTH="103" HEIGHT="19" WC="0.95" CONTENT="äfvensom"/><SP WIDTH="11" VPOS="307" HPOS="889"/>
							<String ID="string_61" HPOS="900" VPOS="305" WIDTH="42" HEIGHT="20" WC="0.96" CONTENT="från"/>
						</TextLine>
						<TextLine ID="line_6" HPOS="199" VPOS="333" WIDTH="745" HEIGHT="29">
							<String ID="string_62" HPOS="199" VPOS="338" WIDTH="25" HEIGHT="19" WC="0.93" CONTENT="67"/><SP WIDTH="23" VPOS="338" HPOS="224"/>
							<String ID="string_63" HPOS="247" VPOS="338" WIDTH="16" HEIGHT="24" WC="0.90" CONTENT="$."/><SP WIDTH="33" VPOS="338" HPOS="263"/>
							<String ID="string_64" HPOS="296" VPOS="336" WIDTH="86" HEIGHT="20" WC="0.93" CONTENT="Sålunda"/><SP WIDTH="17" VPOS="336" HPOS="382"/>
							<String ID="string_65" HPOS="399" VPOS="336" WIDTH="79" HEIGHT="18" WC="0.95" CONTENT="komme"/><SP WIDTH="17" VPOS="336" HPOS="478"/>
							<String ID="string_66" HPOS="495" VPOS="336" WIDTH="37" HEIGHT="18" WC="0.93" CONTENT="ock"/><SP WIDTH="18" VPOS="336" HPOS="532"/>
							<String ID="string_67" HPOS="550" VPOS="335" WIDTH="64" HEIGHT="19" WC="0.92" CONTENT="8—13"/><SP WIDTH="18" VPOS="335" HPOS="614"/>
							<String ID="string_68" HPOS="632" VPOS="337" WIDTH="135" HEIGHT="17" WC="0.91" CONTENT="momenterna"/><SP WIDTH="17" VPOS="337" HPOS="767"/>
							<String ID="string_69" HPOS="784" VPOS="333" WIDTH="6" HEIGHT="19" WC="0.96" CONTENT="i"/><SP WIDTH="18" VPOS="333" HPOS="790"/>
							<String ID="string_70" HPOS="808" VPOS="333" WIDTH="24" HEIGHT="19" WC="0.93" CONTENT="13"/><SP WIDTH="15" VPOS="333" HPOS="832"/>
							<String ID="string_71" HPOS="847" VPOS="333" WIDTH="10" HEIGHT="25" WC="0.92" CONTENT="$"/><SP WIDTH="14" VPOS="333" HPOS="857"/>
							<String ID="string_72" HPOS="871" VPOS="335" WIDTH="28" HEIGHT="17" WC="0.93" CONTENT="att"/><SP WIDTH="14" VPOS="335" HPOS="899"/>
							<String ID="string_73" HPOS="913" VPOS="338" WIDTH="31" HEIGHT="24" WC="0.93" CONTENT="er-"/>
						</TextLine>
						<TextLine ID="line_7" HPOS="199" VPOS="358" WIDTH="746" HEIGHT="28">
							<String ID="string_74" HPOS="199" VPOS="363" WIDTH="51" HEIGHT="20" WC="0.95" CONTENT="hålla"/><SP WIDTH="15" VPOS="363" HPOS="250"/>
							<String ID="string_75" HPOS="265" VPOS="362" WIDTH="104" HEIGHT="21" WC="0.93" CONTENT="förändrad"/><SP WIDTH="14" VPOS="362" HPOS="369"/>
							<String ID="string_76" HPOS="383" VPOS="361" WIDTH="145" HEIGHT="25" WC="0.91" CONTENT="nummerföljd,"/><SP WIDTH="22" VPOS="361" HPOS="528"/>
							<String ID="string_77" HPOS="550" VPOS="360" WIDTH="78" HEIGHT="21" WC="0.68" CONTENT="hvilken"/><SP WIDTH="20" VPOS="360" HPOS="628"/>
							<String ID="string_78" HPOS="648" VPOS="360" WIDTH="62" HEIGHT="20" WC="0.96" CONTENT="borde"/><SP WIDTH="20" VPOS="360" HPOS="710"/>
							<String ID="string_79" HPOS="730" VPOS="360" WIDTH="96" HEIGHT="24" WC="0.93" CONTENT="iakttagas"/><SP WIDTH="20" VPOS="360" HPOS="826"/>
							<String ID="string_80" HPOS="846" VPOS="358" WIDTH="55" HEIGHT="20" WC="0.96" CONTENT="såväl"/><SP WIDTH="16" VPOS="358" HPOS="901"/>
							<String ID="string_81" HPOS="917" VPOS="361" WIDTH="28" HEIGHT="17" WC="0.96" CONTENT="uti"/>
						</TextLine>
						<TextLine ID="line_8" HPOS="200" VPOS="385" WIDTH="745" HEIGHT="28">
							<String ID="string_82" HPOS="200" VPOS="390" WIDTH="40" HEIGHT="20" WC="0.95" CONTENT="den"/><SP WIDTH="20" VPOS="390" HPOS="240"/>
							<String ID="string_83" HPOS="260" VPOS="390" WIDTH="7" HEIGHT="18" WC="0.96" CONTENT="i"/><SP WIDTH="17" VPOS="390" HPOS="267"/>
							<String ID="string_84" HPOS="284" VPOS="390" WIDTH="60" HEIGHT="18" WC="0.96" CONTENT="slutet"/><SP WIDTH="17" VPOS="390" HPOS="344"/>
							<String ID="string_85" HPOS="361" VPOS="389" WIDTH="21" HEIGHT="19" WC="0.96" CONTENT="af"/><SP WIDTH="16" VPOS="389" HPOS="382"/>
							<String ID="string_86" HPOS="398" VPOS="393" WIDTH="76" HEIGHT="15" WC="0.92" CONTENT="samma"/><SP WIDTH="20" VPOS="393" HPOS="474"/>
							<String ID="string_87" HPOS="494" VPOS="388" WIDTH="17" HEIGHT="25" WC="0.92" CONTENT="$,"/><SP WIDTH="23" VPOS="388" HPOS="511"/>
							<String ID="string_88" HPOS="534" VPOS="393" WIDTH="42" HEIGHT="14" WC="0.96" CONTENT="som"/><SP WIDTH="21" VPOS="393" HPOS="576"/>
							<String ID="string_89" HPOS="597" VPOS="388" WIDTH="28" HEIGHT="18" WC="0.96" CONTENT="uti"/><SP WIDTH="21" VPOS="388" HPOS="625"/>
							<String ID="string_90" HPOS="646" VPOS="387" WIDTH="38" HEIGHT="19" WC="0.96" CONTENT="den"/><SP WIDTH="18" VPOS="387" HPOS="684"/>
							<String ID="string_91" HPOS="702" VPOS="387" WIDTH="6" HEIGHT="19" WC="0.96" CONTENT="i"/><SP WIDTH="15" VPOS="387" HPOS="708"/>
							<String ID="string_92" HPOS="723" VPOS="386" WIDTH="24" HEIGHT="20" WC="0.92" CONTENT="34"/><SP WIDTH="15" VPOS="386" HPOS="747"/>
							<String ID="string_93" HPOS="762" VPOS="386" WIDTH="10" HEIGHT="26" WC="0.92" CONTENT="$"/><SP WIDTH="14" VPOS="386" HPOS="772"/>
							<String ID="string_94" HPOS="786" VPOS="385" WIDTH="159" HEIGHT="20" WC="0.95" CONTENT="förekommande"/>
						</TextLine>
						<TextLine ID="line_9" HPOS="200" VPOS="414" WIDTH="746" HEIGHT="26">
							<String ID="string_95" HPOS="200" VPOS="415" WIDTH="118" HEIGHT="25" WC="0.73" CONTENT="hänvisning"/><SP WIDTH="14" VPOS="415" HPOS="318"/>
							<String ID="string_96" HPOS="332" VPOS="415" WIDTH="26" HEIGHT="19" WC="0.95" CONTENT="till"/><SP WIDTH="15" VPOS="415" HPOS="358"/>
							<String ID="string_97" HPOS="373" VPOS="414" WIDTH="61" HEIGHT="26" WC="0.96" CONTENT="några"/><SP WIDTH="14" VPOS="414" HPOS="434"/>
							<String ID="string_98" HPOS="448" VPOS="414" WIDTH="20" HEIGHT="20" WC="0.96" CONTENT="af"/><SP WIDTH="12" VPOS="414" HPOS="468"/>
							<String ID="string_99" HPOS="480" VPOS="414" WIDTH="58" HEIGHT="20" WC="0.93" CONTENT="dessa"/><SP WIDTH="16" VPOS="414" HPOS="538"/>
							<String ID="string_100" HPOS="554" VPOS="416" WIDTH="116" HEIGHT="17" WC="0.91" CONTENT="momenter."/><SP WIDTH="270" VPOS="416" HPOS="670"/>
							<String ID="string_101" HPOS="940" VPOS="436" WIDTH="6" HEIGHT="3" WC="0.92" CONTENT="N"/>
						</TextLine>
					</TextBlock>
					<TextBlock ID="block_2" HPOS="199" VPOS="439" WIDTH="751" HEIGHT="664">
						<TextLine ID="line_10" HPOS="254" VPOS="439" WIDTH="692" HEIGHT="27">
							<String ID="string_102" HPOS="254" VPOS="443" WIDTH="7" HEIGHT="19" WC="0.81" CONTENT="I"/><SP WIDTH="14" VPOS="443" HPOS="261"/>
							<String ID="string_103" HPOS="275" VPOS="442" WIDTH="13" HEIGHT="20" WC="0.94" CONTENT="6"/><SP WIDTH="14" VPOS="442" HPOS="288"/>
							<String ID="string_104" HPOS="302" VPOS="447" WIDTH="62" HEIGHT="13" WC="0.96" CONTENT="mom."/><SP WIDTH="20" VPOS="447" HPOS="364"/>
							<String ID="string_105" HPOS="384" VPOS="442" WIDTH="20" HEIGHT="19" WC="0.89" CONTENT="af"/><SP WIDTH="16" VPOS="442" HPOS="404"/>
							<String ID="string_106" HPOS="420" VPOS="441" WIDTH="24" HEIGHT="19" WC="0.92" CONTENT="43"/><SP WIDTH="18" VPOS="441" HPOS="444"/>
							<String ID="string_107" HPOS="462" VPOS="440" WIDTH="10" HEIGHT="26" WC="0.90" CONTENT="$"/><SP WIDTH="14" VPOS="440" HPOS="472"/>
							<String ID="string_108" HPOS="486" VPOS="440" WIDTH="90" HEIGHT="25" WC="0.96" CONTENT="föreslås,"/><SP WIDTH="23" VPOS="440" HPOS="576"/>
							<String ID="string_109" HPOS="599" VPOS="442" WIDTH="28" HEIGHT="17" WC="0.93" CONTENT="att"/><SP WIDTH="14" VPOS="442" HPOS="627"/>
							<String ID="string_110" HPOS="641" VPOS="439" WIDTH="100" HEIGHT="26" WC="0.96" CONTENT="periodisk"/><SP WIDTH="15" VPOS="439" HPOS="741"/>
							<String ID="string_111" HPOS="756" VPOS="439" WIDTH="62" HEIGHT="24" WC="0.96" CONTENT="skrift,"/><SP WIDTH="22" VPOS="439" HPOS="818"/>
							<String ID="string_112" HPOS="840" VPOS="439" WIDTH="61" HEIGHT="19" WC="0.93" CONTENT="hvars"/><SP WIDTH="14" VPOS="439" HPOS="901"/>
							<String ID="string_113" HPOS="915" VPOS="440" WIDTH="31" HEIGHT="18" WC="0.92" CONTENT="ut-"/>
						</TextLine>
						<TextLine ID="line_11" HPOS="199" VPOS="465" WIDTH="747" HEIGHT="30">
							<String ID="string_114" HPOS="199" VPOS="468" WIDTH="74" HEIGHT="27" WC="0.93" CONTENT="gifvare"/><SP WIDTH="20" VPOS="468" HPOS="273"/>
							<String ID="string_115" HPOS="293" VPOS="473" WIDTH="71" HEIGHT="20" WC="0.93" CONTENT="genom"/><SP WIDTH="20" VPOS="473" HPOS="364"/>
							<String ID="string_116" HPOS="384" VPOS="468" WIDTH="42" HEIGHT="26" WC="0.96" CONTENT="laga"/><SP WIDTH="19" VPOS="468" HPOS="426"/>
							<String ID="string_117" HPOS="445" VPOS="468" WIDTH="52" HEIGHT="18" WC="0.93" CONTENT="kraft"/><SP WIDTH="17" VPOS="468" HPOS="497"/>
							<String ID="string_118" HPOS="514" VPOS="467" WIDTH="73" HEIGHT="25" WC="0.82" CONTENT="egande"/><SP WIDTH="14" VPOS="467" HPOS="587"/>
							<String ID="string_119" HPOS="601" VPOS="466" WIDTH="65" HEIGHT="24" WC="0.96" CONTENT="utslag"/><SP WIDTH="14" VPOS="466" HPOS="666"/>
							<String ID="string_120" HPOS="680" VPOS="466" WIDTH="65" HEIGHT="20" WC="0.96" CONTENT="dömts"/><SP WIDTH="15" VPOS="466" HPOS="745"/>
							<String ID="string_121" HPOS="760" VPOS="468" WIDTH="28" HEIGHT="17" WC="0.93" CONTENT="att"/><SP WIDTH="12" VPOS="468" HPOS="788"/>
							<String ID="string_122" HPOS="800" VPOS="465" WIDTH="74" HEIGHT="26" WC="0.90" CONTENT="ulgifva"/><SP WIDTH="15" VPOS="465" HPOS="874"/>
							<String ID="string_123" HPOS="889" VPOS="465" WIDTH="57" HEIGHT="21" WC="0.96" CONTENT="böter"/>
						</TextLine>
						<TextLine ID="line_12" HPOS="201" VPOS="492" WIDTH="745" HEIGHT="26">
							<String ID="string_124" HPOS="201" VPOS="495" WIDTH="49" HEIGHT="21" WC="0.87" CONTENT="eller"/><SP WIDTH="21" VPOS="495" HPOS="250"/>
							<String ID="string_125" HPOS="271" VPOS="494" WIDTH="127" HEIGHT="24" WC="0.95" CONTENT="skadestånd,"/><SP WIDTH="22" VPOS="494" HPOS="398"/>
							<String ID="string_126" HPOS="420" VPOS="493" WIDTH="19" HEIGHT="25" WC="0.96" CONTENT="ej"/><SP WIDTH="21" VPOS="493" HPOS="439"/>
							<String ID="string_127" HPOS="460" VPOS="494" WIDTH="48" HEIGHT="20" WC="0.93" CONTENT="skall"/><SP WIDTH="21" VPOS="494" HPOS="508"/>
							<String ID="string_128" HPOS="529" VPOS="493" WIDTH="19" HEIGHT="19" WC="0.96" CONTENT="få"/><SP WIDTH="20" VPOS="493" HPOS="548"/>
							<String ID="string_129" HPOS="568" VPOS="493" WIDTH="109" HEIGHT="24" WC="0.95" CONTENT="utkomma,"/><SP WIDTH="24" VPOS="493" HPOS="677"/>
							<String ID="string_130" HPOS="701" VPOS="492" WIDTH="57" HEIGHT="20" WC="0.95" CONTENT="innan"/><SP WIDTH="14" VPOS="492" HPOS="758"/>
							<String ID="string_131" HPOS="772" VPOS="492" WIDTH="50" HEIGHT="20" WC="0.96" CONTENT="både"/><SP WIDTH="14" VPOS="492" HPOS="822"/>
							<String ID="string_132" HPOS="836" VPOS="493" WIDTH="57" HEIGHT="19" WC="0.96" CONTENT="böter"/><SP WIDTH="14" VPOS="493" HPOS="893"/>
							<String ID="string_133" HPOS="907" VPOS="492" WIDTH="39" HEIGHT="19" WC="0.96" CONTENT="och"/>
						</TextLine>
						<TextLine ID="line_13" HPOS="201" VPOS="518" WIDTH="746" HEIGHT="29">
							<String ID="string_134" HPOS="201" VPOS="521" WIDTH="131" HEIGHT="26" WC="0.96" CONTENT="ersättningar"/><SP WIDTH="21" VPOS="521" HPOS="332"/>
							<String ID="string_135" HPOS="353" VPOS="520" WIDTH="63" HEIGHT="21" WC="0.94" CONTENT="blifvit"/><SP WIDTH="21" VPOS="520" HPOS="416"/>
							<String ID="string_136" HPOS="437" VPOS="520" WIDTH="28" HEIGHT="20" WC="0.95" CONTENT="till"/><SP WIDTH="21" VPOS="520" HPOS="465"/>
							<String ID="string_137" HPOS="486" VPOS="520" WIDTH="42" HEIGHT="21" WC="0.96" CONTENT="fullt"/><SP WIDTH="19" VPOS="520" HPOS="528"/>
							<String ID="string_138" HPOS="547" VPOS="519" WIDTH="72" HEIGHT="27" WC="0.93" CONTENT="belopp"/><SP WIDTH="20" VPOS="519" HPOS="619"/>
							<String ID="string_139" HPOS="639" VPOS="519" WIDTH="71" HEIGHT="26" WC="0.89" CONTENT="guldna"/><SP WIDTH="14" VPOS="519" HPOS="710"/>
							<String ID="string_140" HPOS="724" VPOS="518" WIDTH="39" HEIGHT="20" WC="0.93" CONTENT="och"/><SP WIDTH="15" VPOS="518" HPOS="763"/>
							<String ID="string_141" HPOS="778" VPOS="519" WIDTH="62" HEIGHT="25" WC="0.92" CONTENT="qvitto"/><SP WIDTH="14" VPOS="519" HPOS="840"/>
							<String ID="string_142" HPOS="854" VPOS="518" WIDTH="93" HEIGHT="21" WC="0.91" CONTENT="deröfver"/>
						</TextLine>
						<TextLine ID="line_14" HPOS="200" VPOS="546" WIDTH="747" HEIGHT="27">
							<String ID="string_143" HPOS="200" VPOS="549" WIDTH="107" HEIGHT="20" WC="0.92" CONTENT="aflemnats"/><SP WIDTH="14" VPOS="549" HPOS="307"/>
							<String ID="string_144" HPOS="321" VPOS="547" WIDTH="27" HEIGHT="20" WC="0.92" CONTENT="till"/><SP WIDTH="14" VPOS="547" HPOS="348"/>
							<String ID="string_145" HPOS="362" VPOS="547" WIDTH="217" HEIGHT="26" WC="0.91" CONTENT="Pressöfverstyrelsen"/><SP WIDTH="15" VPOS="547" HPOS="579"/>
							<String ID="string_146" HPOS="594" VPOS="547" WIDTH="46" HEIGHT="19" WC="0.95" CONTENT="eller"/><SP WIDTH="14" VPOS="547" HPOS="640"/>
							<String ID="string_147" HPOS="654" VPOS="546" WIDTH="49" HEIGHT="20" WC="0.96" CONTENT="dess"/><SP WIDTH="14" VPOS="546" HPOS="703"/>
							<String ID="string_148" HPOS="717" VPOS="546" WIDTH="137" HEIGHT="20" WC="0.92" CONTENT="ombudsman."/><SP WIDTH="23" VPOS="546" HPOS="854"/>
							<String ID="string_149" HPOS="877" VPOS="546" WIDTH="70" HEIGHT="19" WC="0.96" CONTENT="Ehuru"/>
						</TextLine>
						<TextLine ID="line_15" HPOS="201" VPOS="572" WIDTH="745" HEIGHT="27">
							<String ID="string_150" HPOS="201" VPOS="578" WIDTH="28" HEIGHT="17" WC="0.95" CONTENT="ett"/><SP WIDTH="15" VPOS="578" HPOS="229"/>
							<String ID="string_151" HPOS="244" VPOS="574" WIDTH="71" HEIGHT="21" WC="0.96" CONTENT="sådant"/><SP WIDTH="15" VPOS="574" HPOS="315"/>
							<String ID="string_152" HPOS="330" VPOS="574" WIDTH="110" HEIGHT="25" WC="0.77" CONTENT="stadgande"/><SP WIDTH="12" VPOS="574" HPOS="440"/>
							<String ID="string_153" HPOS="452" VPOS="573" WIDTH="45" HEIGHT="20" WC="0.96" CONTENT="icke"/><SP WIDTH="14" VPOS="573" HPOS="497"/>
							<String ID="string_154" HPOS="511" VPOS="573" WIDTH="133" HEIGHT="20" WC="0.96" CONTENT="förekommer"/><SP WIDTH="14" VPOS="573" HPOS="644"/>
							<String ID="string_155" HPOS="658" VPOS="573" WIDTH="105" HEIGHT="20" WC="0.93" CONTENT="ständerna"/><SP WIDTH="10" VPOS="573" HPOS="763"/>
							<String ID="string_156" HPOS="773" VPOS="572" WIDTH="99" HEIGHT="26" WC="0.92" CONTENT="behöfligt,"/><SP WIDTH="16" VPOS="572" HPOS="872"/>
							<String ID="string_157" HPOS="888" VPOS="572" WIDTH="58" HEIGHT="20" WC="0.95" CONTENT="hafva"/>
						</TextLine>
						<TextLine ID="line_16" HPOS="202" VPOS="599" WIDTH="745" HEIGHT="26">
							<String ID="string_158" HPOS="202" VPOS="601" WIDTH="105" HEIGHT="21" WC="0.96" CONTENT="ständerna"/><SP WIDTH="14" VPOS="601" HPOS="307"/>
							<String ID="string_159" HPOS="321" VPOS="601" WIDTH="59" HEIGHT="20" WC="0.96" CONTENT="likväl"/><SP WIDTH="15" VPOS="601" HPOS="380"/>
							<String ID="string_160" HPOS="395" VPOS="601" WIDTH="44" HEIGHT="19" WC="0.95" CONTENT="icke"/><SP WIDTH="14" VPOS="601" HPOS="439"/>
							<String ID="string_161" HPOS="453" VPOS="603" WIDTH="48" HEIGHT="16" WC="0.95" CONTENT="trott"/><SP WIDTH="14" VPOS="603" HPOS="501"/>
							<String ID="string_162" HPOS="515" VPOS="600" WIDTH="31" HEIGHT="25" WC="0.96" CONTENT="sig"/><SP WIDTH="15" VPOS="600" HPOS="546"/>
							<String ID="string_163" HPOS="561" VPOS="600" WIDTH="46" HEIGHT="19" WC="0.93" CONTENT="böra"/><SP WIDTH="16" VPOS="600" HPOS="607"/>
							<String ID="string_164" HPOS="623" VPOS="599" WIDTH="88" HEIGHT="20" WC="0.91" CONTENT="deremot"/><SP WIDTH="17" VPOS="599" HPOS="711"/>
							<String ID="string_165" HPOS="728" VPOS="599" WIDTH="94" HEIGHT="20" WC="0.96" CONTENT="anmärka"/><SP WIDTH="15" VPOS="599" HPOS="822"/>
							<String ID="string_166" HPOS="837" VPOS="602" WIDTH="63" HEIGHT="21" WC="0.95" CONTENT="annat,"/><SP WIDTH="23" VPOS="602" HPOS="900"/>
							<String ID="string_167" HPOS="923" VPOS="600" WIDTH="24" HEIGHT="18" WC="0.96" CONTENT="än"/>
						</TextLine>
						<TextLine ID="line_17" HPOS="202" VPOS="626" WIDTH="747" HEIGHT="26">
							<String ID="string_168" HPOS="202" VPOS="631" WIDTH="28" HEIGHT="17" WC="0.96" CONTENT="att"/><SP WIDTH="14" VPOS="631" HPOS="230"/>
							<String ID="string_169" HPOS="244" VPOS="628" WIDTH="38" HEIGHT="20" WC="0.96" CONTENT="den"/><SP WIDTH="17" VPOS="628" HPOS="282"/>
							<String ID="string_170" HPOS="299" VPOS="628" WIDTH="112" HEIGHT="24" WC="0.96" CONTENT="allmänhet,"/><SP WIDTH="19" VPOS="628" HPOS="411"/>
							<String ID="string_171" HPOS="430" VPOS="633" WIDTH="44" HEIGHT="14" WC="0.92" CONTENT="som"/><SP WIDTH="14" VPOS="633" HPOS="474"/>
							<String ID="string_172" HPOS="488" VPOS="627" WIDTH="128" HEIGHT="19" WC="0.92" CONTENT="förskottsvis"/><SP WIDTH="14" VPOS="627" HPOS="616"/>
							<String ID="string_173" HPOS="630" VPOS="627" WIDTH="61" HEIGHT="25" WC="0.96" CONTENT="erlagt"/><SP WIDTH="14" VPOS="627" HPOS="691"/>
							<String ID="string_174" HPOS="705" VPOS="626" WIDTH="98" HEIGHT="26" WC="0.96" CONTENT="betalning"/><SP WIDTH="14" VPOS="626" HPOS="803"/>
							<String ID="string_175" HPOS="817" VPOS="626" WIDTH="29" HEIGHT="19" WC="0.93" CONTENT="för"/><SP WIDTH="15" VPOS="626" HPOS="846"/>
							<String ID="string_176" HPOS="861" VPOS="626" WIDTH="88" HEIGHT="19" WC="0.91" CONTENT="tidskrif-"/>
						</TextLine>
						<TextLine ID="line_18" HPOS="202" VPOS="652" WIDTH="744" HEIGHT="27">
							<String ID="string_177" HPOS="202" VPOS="658" WIDTH="44" HEIGHT="17" WC="0.96" CONTENT="tens"/><SP WIDTH="14" VPOS="658" HPOS="246"/>
							<String ID="string_178" HPOS="260" VPOS="653" WIDTH="131" HEIGHT="25" WC="0.96" CONTENT="fortsättning,"/><SP WIDTH="19" VPOS="653" HPOS="391"/>
							<String ID="string_179" HPOS="410" VPOS="653" WIDTH="66" HEIGHT="20" WC="0.93" CONTENT="kunde"/><SP WIDTH="20" VPOS="653" HPOS="476"/>
							<String ID="string_180" HPOS="496" VPOS="653" WIDTH="113" HEIGHT="26" WC="0.92" CONTENT="derigenom"/><SP WIDTH="20" VPOS="653" HPOS="609"/>
							<String ID="string_181" HPOS="629" VPOS="652" WIDTH="60" HEIGHT="20" WC="0.95" CONTENT="blifva"/><SP WIDTH="22" VPOS="652" HPOS="689"/>
							<String ID="string_182" HPOS="711" VPOS="652" WIDTH="84" HEIGHT="25" WC="0.96" CONTENT="lidande,"/><SP WIDTH="23" VPOS="652" HPOS="795"/>
							<String ID="string_183" HPOS="818" VPOS="653" WIDTH="52" HEIGHT="19" WC="0.96" CONTENT="helst"/><SP WIDTH="20" VPOS="653" HPOS="870"/>
							<String ID="string_184" HPOS="890" VPOS="653" WIDTH="33" HEIGHT="19" WC="0.96" CONTENT="det"/><SP WIDTH="18" VPOS="653" HPOS="923"/>
							<String ID="string_185" HPOS="941" VPOS="652" WIDTH="5" HEIGHT="19" WC="0.96" CONTENT="i"/>
						</TextLine>
						<TextLine ID="line_19" HPOS="201" VPOS="679" WIDTH="747" HEIGHT="27">
							<String ID="string_186" HPOS="201" VPOS="681" WIDTH="73" HEIGHT="25" WC="0.96" CONTENT="många"/><SP WIDTH="13" VPOS="681" HPOS="274"/>
							<String ID="string_187" HPOS="287" VPOS="681" WIDTH="32" HEIGHT="19" WC="0.78" CONTENT="fail"/><SP WIDTH="17" VPOS="681" HPOS="319"/>
							<String ID="string_188" HPOS="336" VPOS="681" WIDTH="39" HEIGHT="19" WC="0.96" CONTENT="kan"/><SP WIDTH="15" VPOS="681" HPOS="375"/>
							<String ID="string_189" HPOS="390" VPOS="680" WIDTH="28" HEIGHT="19" WC="0.93" CONTENT="för"/><SP WIDTH="15" VPOS="680" HPOS="418"/>
							<String ID="string_190" HPOS="433" VPOS="680" WIDTH="109" HEIGHT="25" WC="0.93" CONTENT="utgifvaren"/><SP WIDTH="14" VPOS="680" HPOS="542"/>
							<String ID="string_191" HPOS="556" VPOS="680" WIDTH="60" HEIGHT="19" WC="0.96" CONTENT="blifva"/><SP WIDTH="15" VPOS="680" HPOS="616"/>
							<String ID="string_192" HPOS="631" VPOS="679" WIDTH="86" HEIGHT="25" WC="0.96" CONTENT="omöjligt"/><SP WIDTH="14" VPOS="679" HPOS="717"/>
							<String ID="string_193" HPOS="731" VPOS="681" WIDTH="28" HEIGHT="17" WC="0.96" CONTENT="att"/><SP WIDTH="14" VPOS="681" HPOS="759"/>
							<String ID="string_194" HPOS="773" VPOS="681" WIDTH="71" HEIGHT="22" WC="0.96" CONTENT="genast"/><SP WIDTH="15" VPOS="681" HPOS="844"/>
							<String ID="string_195" HPOS="859" VPOS="679" WIDTH="89" HEIGHT="19" WC="0.96" CONTENT="anskaffa"/>
						</TextLine>
						<TextLine ID="line_20" HPOS="202" VPOS="704" WIDTH="744" HEIGHT="28">
							<String ID="string_196" HPOS="202" VPOS="708" WIDTH="64" HEIGHT="24" WC="0.89" CONTENT="qvitto"/><SP WIDTH="15" VPOS="708" HPOS="266"/>
							<String ID="string_197" HPOS="281" VPOS="707" WIDTH="56" HEIGHT="19" WC="0.93" CONTENT="öfver"/><SP WIDTH="14" VPOS="707" HPOS="337"/>
							<String ID="string_198" HPOS="351" VPOS="706" WIDTH="99" HEIGHT="20" WC="0.89" CONTENT="verkstäld"/><SP WIDTH="15" VPOS="706" HPOS="450"/>
							<String ID="string_199" HPOS="465" VPOS="706" WIDTH="97" HEIGHT="24" WC="0.96" CONTENT="betalning"/><SP WIDTH="17" VPOS="706" HPOS="562"/>
							<String ID="string_200" HPOS="579" VPOS="706" WIDTH="21" HEIGHT="19" WC="0.96" CONTENT="af"/><SP WIDTH="12" VPOS="706" HPOS="600"/>
							<String ID="string_201" HPOS="612" VPOS="705" WIDTH="121" HEIGHT="20" WC="0.96" CONTENT="skadestånd"/><SP WIDTH="14" VPOS="705" HPOS="733"/>
							<String ID="string_202" HPOS="747" VPOS="704" WIDTH="21" HEIGHT="20" WC="0.96" CONTENT="åt"/><SP WIDTH="9" VPOS="704" HPOS="768"/>
							<String ID="string_203" HPOS="777" VPOS="711" WIDTH="24" HEIGHT="13" WC="0.91" CONTENT="en"/><SP WIDTH="9" VPOS="711" HPOS="801"/>
							<String ID="string_204" HPOS="810" VPOS="704" WIDTH="136" HEIGHT="27" WC="0.90" CONTENT="målsegande,"/>
						</TextLine>
						<TextLine ID="line_21" HPOS="202" VPOS="732" WIDTH="746" HEIGHT="26">
							<String ID="string_205" HPOS="202" VPOS="739" WIDTH="45" HEIGHT="15" WC="0.96" CONTENT="som"/><SP WIDTH="14" VPOS="739" HPOS="247"/>
							<String ID="string_206" HPOS="261" VPOS="734" WIDTH="22" HEIGHT="18" WC="0.93" CONTENT="är"/><SP WIDTH="16" VPOS="734" HPOS="283"/>
							<String ID="string_207" HPOS="299" VPOS="733" WIDTH="67" HEIGHT="19" WC="0.90" CONTENT="bosalt"/><SP WIDTH="15" VPOS="733" HPOS="366"/>
							<String ID="string_208" HPOS="381" VPOS="732" WIDTH="12" HEIGHT="20" WC="0.91" CONTENT="å"/><SP WIDTH="18" VPOS="732" HPOS="393"/>
							<String ID="string_209" HPOS="411" VPOS="738" WIDTH="62" HEIGHT="14" WC="0.96" CONTENT="annan"/><SP WIDTH="21" VPOS="738" HPOS="473"/>
							<String ID="string_210" HPOS="494" VPOS="735" WIDTH="30" HEIGHT="17" WC="0.96" CONTENT="ort"/><SP WIDTH="21" VPOS="735" HPOS="524"/>
							<String ID="string_211" HPOS="545" VPOS="735" WIDTH="52" HEIGHT="17" WC="0.96" CONTENT="samt"/><SP WIDTH="19" VPOS="735" HPOS="597"/>
							<String ID="string_212" HPOS="616" VPOS="732" WIDTH="18" HEIGHT="26" WC="0.96" CONTENT="ej"/><SP WIDTH="21" VPOS="732" HPOS="634"/>
							<String ID="string_213" HPOS="655" VPOS="738" WIDTH="38" HEIGHT="14" WC="0.96" CONTENT="ens"/><SP WIDTH="16" VPOS="738" HPOS="693"/>
							<String ID="string_214" HPOS="709" VPOS="734" WIDTH="51" HEIGHT="18" WC="0.96" CONTENT="ännu"/><SP WIDTH="18" VPOS="734" HPOS="760"/>
							<String ID="string_215" HPOS="778" VPOS="732" WIDTH="68" HEIGHT="19" WC="0.92" CONTENT="hunnit"/><SP WIDTH="17" VPOS="732" HPOS="846"/>
							<String ID="string_216" HPOS="863" VPOS="732" WIDTH="85" HEIGHT="20" WC="0.96" CONTENT="anmoda"/>
						</TextLine>
						<TextLine ID="line_22" HPOS="203" VPOS="758" WIDTH="743" HEIGHT="27">
							<String ID="string_217" HPOS="203" VPOS="765" WIDTH="63" HEIGHT="15" WC="0.96" CONTENT="annan"/><SP WIDTH="14" VPOS="765" HPOS="266"/>
							<String ID="string_218" HPOS="280" VPOS="765" WIDTH="73" HEIGHT="20" WC="0.96" CONTENT="person"/><SP WIDTH="17" VPOS="765" HPOS="353"/>
							<String ID="string_219" HPOS="370" VPOS="762" WIDTH="28" HEIGHT="16" WC="0.96" CONTENT="att"/><SP WIDTH="16" VPOS="762" HPOS="398"/>
							<String ID="string_220" HPOS="414" VPOS="759" WIDTH="88" HEIGHT="26" WC="0.96" CONTENT="uppbära"/><SP WIDTH="17" VPOS="759" HPOS="502"/>
							<String ID="string_221" HPOS="519" VPOS="758" WIDTH="141" HEIGHT="21" WC="0.96" CONTENT="skadeståndet"/><SP WIDTH="15" VPOS="758" HPOS="660"/>
							<String ID="string_222" HPOS="675" VPOS="759" WIDTH="48" HEIGHT="19" WC="0.96" CONTENT="eller"/><SP WIDTH="14" VPOS="759" HPOS="723"/>
							<String ID="string_223" HPOS="737" VPOS="760" WIDTH="38" HEIGHT="18" WC="0.93" CONTENT="hos"/><SP WIDTH="15" VPOS="760" HPOS="775"/>
							<String ID="string_224" HPOS="790" VPOS="758" WIDTH="96" HEIGHT="20" WC="0.90" CONTENT="exekutor"/><SP WIDTH="14" VPOS="758" HPOS="886"/>
							<String ID="string_225" HPOS="900" VPOS="760" WIDTH="46" HEIGHT="24" WC="0.96" CONTENT="göra"/>
						</TextLine>
						<TextLine ID="line_23" HPOS="202" VPOS="785" WIDTH="744" HEIGHT="26">
							<String ID="string_226" HPOS="202" VPOS="786" WIDTH="89" HEIGHT="20" WC="0.96" CONTENT="anhållan"/><SP WIDTH="14" VPOS="786" HPOS="291"/>
							<String ID="string_227" HPOS="305" VPOS="792" WIDTH="33" HEIGHT="13" WC="0.96" CONTENT="om"/><SP WIDTH="14" VPOS="792" HPOS="338"/>
							<String ID="string_228" HPOS="352" VPOS="786" WIDTH="47" HEIGHT="19" WC="0.93" CONTENT="dess"/><SP WIDTH="14" VPOS="786" HPOS="399"/>
							<String ID="string_229" HPOS="413" VPOS="786" WIDTH="105" HEIGHT="25" WC="0.92" CONTENT="uttagande"/><SP WIDTH="14" VPOS="786" HPOS="518"/>
							<String ID="string_230" HPOS="532" VPOS="786" WIDTH="36" HEIGHT="19" WC="0.97" CONTENT="hos"/><SP WIDTH="15" VPOS="786" HPOS="568"/>
							<String ID="string_231" HPOS="583" VPOS="786" WIDTH="37" HEIGHT="18" WC="0.93" CONTENT="den"/><SP WIDTH="15" VPOS="786" HPOS="620"/>
							<String ID="string_232" HPOS="635" VPOS="786" WIDTH="94" HEIGHT="19" WC="0.89" CONTENT="sakfälde."/><SP WIDTH="34" VPOS="786" HPOS="729"/>
							<String ID="string_233" HPOS="763" VPOS="785" WIDTH="109" HEIGHT="20" WC="0.86" CONTENT="Ständerna"/><SP WIDTH="15" VPOS="785" HPOS="872"/>
							<String ID="string_234" HPOS="887" VPOS="786" WIDTH="59" HEIGHT="20" WC="0.96" CONTENT="hafva"/>
						</TextLine>
						<TextLine ID="line_24" HPOS="202" VPOS="811" WIDTH="744" HEIGHT="26">
							<String ID="string_235" HPOS="202" VPOS="813" WIDTH="79" HEIGHT="20" WC="0.92" CONTENT="derföre"/><SP WIDTH="19" VPOS="813" HPOS="281"/>
							<String ID="string_236" HPOS="300" VPOS="816" WIDTH="65" HEIGHT="16" WC="0.96" CONTENT="ansett"/><SP WIDTH="23" VPOS="816" HPOS="365"/>
							<String ID="string_237" HPOS="388" VPOS="812" WIDTH="17" HEIGHT="25" WC="0.96" CONTENT="ej"/><SP WIDTH="22" VPOS="812" HPOS="405"/>
							<String ID="string_238" HPOS="427" VPOS="812" WIDTH="76" HEIGHT="20" WC="0.93" CONTENT="mindre"/><SP WIDTH="23" VPOS="812" HPOS="503"/>
							<String ID="string_239" HPOS="526" VPOS="812" WIDTH="126" HEIGHT="20" WC="0.92" CONTENT="omförmälda"/><SP WIDTH="23" VPOS="812" HPOS="652"/>
							<String ID="string_240" HPOS="675" VPOS="811" WIDTH="120" HEIGHT="21" WC="0.96" CONTENT="skadestånd"/><SP WIDTH="23" VPOS="811" HPOS="795"/>
							<String ID="string_241" HPOS="818" VPOS="813" WIDTH="47" HEIGHT="19" WC="0.95" CONTENT="böra"/><SP WIDTH="19" VPOS="813" HPOS="865"/>
							<String ID="string_242" HPOS="884" VPOS="811" WIDTH="62" HEIGHT="26" WC="0.95" CONTENT="jemte"/>
						</TextLine>
						<TextLine ID="line_25" HPOS="202" VPOS="838" WIDTH="746" HEIGHT="27">
							<String ID="string_243" HPOS="202" VPOS="840" WIDTH="81" HEIGHT="20" WC="0.96" CONTENT="böterna"/><SP WIDTH="18" VPOS="840" HPOS="283"/>
							<String ID="string_244" HPOS="301" VPOS="838" WIDTH="18" HEIGHT="20" WC="0.95" CONTENT="få"/><SP WIDTH="18" VPOS="838" HPOS="319"/>
							<String ID="string_245" HPOS="337" VPOS="839" WIDTH="74" HEIGHT="20" WC="0.95" CONTENT="betalas"/><SP WIDTH="18" VPOS="839" HPOS="411"/>
							<String ID="string_246" HPOS="429" VPOS="840" WIDTH="25" HEIGHT="19" WC="0.93" CONTENT="till"/><SP WIDTH="18" VPOS="840" HPOS="454"/>
							<String ID="string_247" HPOS="472" VPOS="839" WIDTH="100" HEIGHT="25" WC="0.92" CONTENT="exekutor,"/><SP WIDTH="20" VPOS="839" HPOS="572"/>
							<String ID="string_248" HPOS="592" VPOS="839" WIDTH="38" HEIGHT="19" WC="0.92" CONTENT="ifall"/><SP WIDTH="17" VPOS="839" HPOS="630"/>
							<String ID="string_249" HPOS="647" VPOS="838" WIDTH="137" HEIGHT="27" WC="0.91" CONTENT="målsegandes"/><SP WIDTH="15" VPOS="838" HPOS="784"/>
							<String ID="string_250" HPOS="799" VPOS="839" WIDTH="62" HEIGHT="25" WC="0.90" CONTENT="qvitto"/><SP WIDTH="19" VPOS="839" HPOS="861"/>
							<String ID="string_251" HPOS="880" VPOS="838" WIDTH="17" HEIGHT="26" WC="0.91" CONTENT="ej"/><SP WIDTH="17" VPOS="838" HPOS="897"/>
							<String ID="string_252" HPOS="914" VPOS="845" WIDTH="34" HEIGHT="19" WC="0.91" CONTENT="ge-"/>
						</TextLine>
						<TextLine ID="line_26" HPOS="201" VPOS="866" WIDTH="747" HEIGHT="26">
							<String ID="string_253" HPOS="201" VPOS="869" WIDTH="45" HEIGHT="17" WC="0.96" CONTENT="nast"/><SP WIDTH="16" VPOS="869" HPOS="246"/>
							<String ID="string_254" HPOS="262" VPOS="867" WIDTH="39" HEIGHT="19" WC="0.96" CONTENT="kan"/><SP WIDTH="13" VPOS="867" HPOS="301"/>
							<String ID="string_255" HPOS="314" VPOS="866" WIDTH="105" HEIGHT="23" WC="0.96" CONTENT="anskaffas,"/><SP WIDTH="17" VPOS="866" HPOS="419"/>
							<String ID="string_256" HPOS="436" VPOS="868" WIDTH="23" HEIGHT="17" WC="0.96" CONTENT="än"/><SP WIDTH="15" VPOS="868" HPOS="459"/>
							<String ID="string_257" HPOS="474" VPOS="866" WIDTH="37" HEIGHT="19" WC="0.96" CONTENT="ock"/><SP WIDTH="13" VPOS="866" HPOS="511"/>
							<String ID="string_258" HPOS="524" VPOS="866" WIDTH="123" HEIGHT="20" WC="0.93" CONTENT="tidskriftens"/><SP WIDTH="14" VPOS="866" HPOS="647"/>
							<String ID="string_259" HPOS="661" VPOS="866" WIDTH="99" HEIGHT="24" WC="0.92" CONTENT="utgilvare"/><SP WIDTH="11" VPOS="866" HPOS="760"/>
							<String ID="string_260" HPOS="771" VPOS="871" WIDTH="46" HEIGHT="14" WC="0.96" CONTENT="vara"/><SP WIDTH="15" VPOS="871" HPOS="817"/>
							<String ID="string_261" HPOS="832" VPOS="866" WIDTH="78" HEIGHT="26" WC="0.95" CONTENT="skyldig"/><SP WIDTH="10" VPOS="866" HPOS="910"/>
							<String ID="string_262" HPOS="920" VPOS="869" WIDTH="28" HEIGHT="17" WC="0.95" CONTENT="att"/>
						</TextLine>
						<TextLine ID="line_27" HPOS="202" VPOS="892" WIDTH="746" HEIGHT="26">
							<String ID="string_263" HPOS="202" VPOS="893" WIDTH="51" HEIGHT="20" WC="0.89" CONTENT="hålla"/><SP WIDTH="20" VPOS="893" HPOS="253"/>
							<String ID="string_264" HPOS="273" VPOS="895" WIDTH="187" HEIGHT="23" WC="0.64" CONTENT="prenumeranterne"/><SP WIDTH="22" VPOS="895" HPOS="460"/>
							<String ID="string_265" HPOS="482" VPOS="892" WIDTH="114" HEIGHT="20" WC="0.91" CONTENT="skadeslöse"/><SP WIDTH="14" VPOS="892" HPOS="596"/>
							<String ID="string_266" HPOS="610" VPOS="892" WIDTH="28" HEIGHT="19" WC="0.96" CONTENT="för"/><SP WIDTH="18" VPOS="892" HPOS="638"/>
							<String ID="string_267" HPOS="656" VPOS="892" WIDTH="25" HEIGHT="20" WC="0.93" CONTENT="de"/><SP WIDTH="16" VPOS="892" HPOS="681"/>
							<String ID="string_268" HPOS="697" VPOS="898" WIDTH="88" HEIGHT="18" WC="0.91" CONTENT="numror,"/><SP WIDTH="23" VPOS="898" HPOS="785"/>
							<String ID="string_269" HPOS="808" VPOS="892" WIDTH="68" HEIGHT="20" WC="0.95" CONTENT="hvilka"/><SP WIDTH="18" VPOS="892" HPOS="876"/>
							<String ID="string_270" HPOS="894" VPOS="892" WIDTH="6" HEIGHT="19" WC="0.93" CONTENT="i"/><SP WIDTH="15" VPOS="892" HPOS="900"/>
							<String ID="string_271" HPOS="915" VPOS="898" WIDTH="33" HEIGHT="14" WC="0.92" CONTENT="an-"/>
						</TextLine>
						<TextLine ID="line_28" HPOS="202" VPOS="918" WIDTH="746" HEIGHT="27">
							<String ID="string_272" HPOS="202" VPOS="920" WIDTH="73" HEIGHT="19" WC="0.96" CONTENT="seende"/><SP WIDTH="18" VPOS="920" HPOS="275"/>
							<String ID="string_273" HPOS="293" VPOS="919" WIDTH="25" HEIGHT="19" WC="0.96" CONTENT="till"/><SP WIDTH="18" VPOS="919" HPOS="318"/>
							<String ID="string_274" HPOS="336" VPOS="919" WIDTH="101" HEIGHT="20" WC="0.96" CONTENT="bristande"/><SP WIDTH="15" VPOS="919" HPOS="437"/>
							<String ID="string_275" HPOS="452" VPOS="919" WIDTH="97" HEIGHT="26" WC="0.95" CONTENT="betalning"/><SP WIDTH="14" VPOS="919" HPOS="549"/>
							<String ID="string_276" HPOS="563" VPOS="918" WIDTH="20" HEIGHT="20" WC="0.96" CONTENT="af"/><SP WIDTH="12" VPOS="918" HPOS="583"/>
							<String ID="string_277" HPOS="595" VPOS="918" WIDTH="56" HEIGHT="20" WC="0.96" CONTENT="böter"/><SP WIDTH="16" VPOS="918" HPOS="651"/>
							<String ID="string_278" HPOS="667" VPOS="919" WIDTH="38" HEIGHT="19" WC="0.96" CONTENT="och"/><SP WIDTH="14" VPOS="919" HPOS="705"/>
							<String ID="string_279" HPOS="719" VPOS="920" WIDTH="131" HEIGHT="24" WC="0.96" CONTENT="ersättningar"/><SP WIDTH="18" VPOS="920" HPOS="850"/>
							<String ID="string_280" HPOS="868" VPOS="918" WIDTH="80" HEIGHT="21" WC="0.94" CONTENT="komme"/>
						</TextLine>
						<TextLine ID="line_29" HPOS="203" VPOS="945" WIDTH="745" HEIGHT="26">
							<String ID="string_281" HPOS="203" VPOS="948" WIDTH="27" HEIGHT="18" WC="0.93" CONTENT="att"/><SP WIDTH="20" VPOS="948" HPOS="230"/>
							<String ID="string_282" HPOS="250" VPOS="946" WIDTH="100" HEIGHT="20" WC="0.85" CONTENT="uteblifva."/><SP WIDTH="16" VPOS="946" HPOS="350"/>
							<String ID="string_283" HPOS="366" VPOS="956" WIDTH="26" HEIGHT="3" WC="0.92" CONTENT="—"/><SP WIDTH="14" VPOS="956" HPOS="392"/>
							<String ID="string_284" HPOS="406" VPOS="946" WIDTH="8" HEIGHT="18" WC="0.95" CONTENT="I"/><SP WIDTH="14" VPOS="946" HPOS="414"/>
							<String ID="string_285" HPOS="428" VPOS="945" WIDTH="103" HEIGHT="26" WC="0.95" CONTENT="anledning"/><SP WIDTH="14" VPOS="945" HPOS="531"/>
							<String ID="string_286" HPOS="545" VPOS="945" WIDTH="21" HEIGHT="20" WC="0.96" CONTENT="af"/><SP WIDTH="15" VPOS="945" HPOS="566"/>
							<String ID="string_287" HPOS="581" VPOS="945" WIDTH="117" HEIGHT="20" WC="0.96" CONTENT="ständernas"/><SP WIDTH="15" VPOS="945" HPOS="698"/>
							<String ID="string_288" HPOS="713" VPOS="945" WIDTH="127" HEIGHT="25" WC="0.96" CONTENT="anmärkning"/><SP WIDTH="14" VPOS="945" HPOS="840"/>
							<String ID="string_289" HPOS="854" VPOS="948" WIDTH="43" HEIGHT="17" WC="0.96" CONTENT="mot"/><SP WIDTH="14" VPOS="948" HPOS="897"/>
							<String ID="string_290" HPOS="911" VPOS="946" WIDTH="37" HEIGHT="20" WC="0.96" CONTENT="den"/>
						</TextLine>
						<TextLine ID="line_30" HPOS="202" VPOS="972" WIDTH="747" HEIGHT="26">
							<String ID="string_291" HPOS="202" VPOS="973" WIDTH="112" HEIGHT="25" WC="0.93" CONTENT="föreslagna"/><SP WIDTH="16" VPOS="973" HPOS="314"/>
							<String ID="string_292" HPOS="330" VPOS="972" WIDTH="114" HEIGHT="23" WC="0.91" CONTENT="kautionen,"/><SP WIDTH="21" VPOS="972" HPOS="444"/>
							<String ID="string_293" HPOS="465" VPOS="972" WIDTH="61" HEIGHT="20" WC="0.96" CONTENT="borde"/><SP WIDTH="21" VPOS="972" HPOS="526"/>
							<String ID="string_294" HPOS="547" VPOS="972" WIDTH="37" HEIGHT="19" WC="0.96" CONTENT="ock"/><SP WIDTH="21" VPOS="972" HPOS="584"/>
							<String ID="string_295" HPOS="605" VPOS="972" WIDTH="25" HEIGHT="20" WC="0.95" CONTENT="de"/><SP WIDTH="16" VPOS="972" HPOS="630"/>
							<String ID="string_296" HPOS="646" VPOS="972" WIDTH="5" HEIGHT="19" WC="0.95" CONTENT="i"/><SP WIDTH="18" VPOS="972" HPOS="651"/>
							<String ID="string_297" HPOS="669" VPOS="973" WIDTH="12" HEIGHT="19" WC="0.96" CONTENT="6"/><SP WIDTH="18" VPOS="973" HPOS="681"/>
							<String ID="string_298" HPOS="699" VPOS="977" WIDTH="61" HEIGHT="14" WC="0.96" CONTENT="mom."/><SP WIDTH="16" VPOS="977" HPOS="760"/>
							<String ID="string_299" HPOS="776" VPOS="972" WIDTH="21" HEIGHT="18" WC="0.96" CONTENT="af"/><SP WIDTH="13" VPOS="972" HPOS="797"/>
							<String ID="string_300" HPOS="810" VPOS="972" WIDTH="24" HEIGHT="19" WC="0.93" CONTENT="13"/><SP WIDTH="15" VPOS="972" HPOS="834"/>
							<String ID="string_301" HPOS="849" VPOS="972" WIDTH="10" HEIGHT="25" WC="0.92" CONTENT="$"/><SP WIDTH="13" VPOS="972" HPOS="859"/>
							<String ID="string_302" HPOS="872" VPOS="972" WIDTH="77" HEIGHT="20" WC="0.96" CONTENT="införda"/>
						</TextLine>
						<TextLine ID="line_31" HPOS="206" VPOS="998" WIDTH="744" HEIGHT="26">
							<String ID="string_303" HPOS="206" VPOS="998" WIDTH="121" HEIGHT="26" WC="0.96" CONTENT="stadganden"/><SP WIDTH="18" VPOS="998" HPOS="327"/>
							<String ID="string_304" HPOS="345" VPOS="1004" WIDTH="32" HEIGHT="14" WC="0.89" CONTENT="om"/><SP WIDTH="17" VPOS="1004" HPOS="377"/>
							<String ID="string_305" HPOS="394" VPOS="999" WIDTH="108" HEIGHT="24" WC="0.89" CONTENT="utmätning"/><SP WIDTH="15" VPOS="999" HPOS="502"/>
							<String ID="string_306" HPOS="517" VPOS="999" WIDTH="22" HEIGHT="19" WC="0.96" CONTENT="af"/><SP WIDTH="13" VPOS="999" HPOS="539"/>
							<String ID="string_307" HPOS="552" VPOS="998" WIDTH="56" HEIGHT="20" WC="0.96" CONTENT="böter"/><SP WIDTH="18" VPOS="998" HPOS="608"/>
							<String ID="string_308" HPOS="626" VPOS="999" WIDTH="38" HEIGHT="19" WC="0.96" CONTENT="och"/><SP WIDTH="17" VPOS="999" HPOS="664"/>
							<String ID="string_309" HPOS="681" VPOS="998" WIDTH="119" HEIGHT="20" WC="0.96" CONTENT="skadestånd"/><SP WIDTH="18" VPOS="998" HPOS="800"/>
							<String ID="string_310" HPOS="818" VPOS="1000" WIDTH="85" HEIGHT="18" WC="0.92" CONTENT="ersättas"/><SP WIDTH="14" VPOS="1000" HPOS="903"/>
							<String ID="string_311" HPOS="917" VPOS="1004" WIDTH="33" HEIGHT="20" WC="0.91" CONTENT="ge-"/>
						</TextLine>
						<TextLine ID="line_32" HPOS="204" VPOS="1024" WIDTH="746" HEIGHT="26">
							<String ID="string_312" HPOS="204" VPOS="1030" WIDTH="47" HEIGHT="14" WC="0.94" CONTENT="nom"/><SP WIDTH="15" VPOS="1030" HPOS="251"/>
							<String ID="string_313" HPOS="266" VPOS="1030" WIDTH="23" HEIGHT="14" WC="0.94" CONTENT="en"/><SP WIDTH="15" VPOS="1030" HPOS="289"/>
							<String ID="string_314" HPOS="304" VPOS="1024" WIDTH="116" HEIGHT="25" WC="0.95" CONTENT="hänvisning"/><SP WIDTH="15" VPOS="1024" HPOS="420"/>
							<String ID="string_315" HPOS="435" VPOS="1025" WIDTH="25" HEIGHT="19" WC="0.96" CONTENT="till"/><SP WIDTH="16" VPOS="1025" HPOS="460"/>
							<String ID="string_316" HPOS="476" VPOS="1025" WIDTH="51" HEIGHT="19" WC="0.93" CONTENT="hvad"/><SP WIDTH="15" VPOS="1025" HPOS="527"/>
							<String ID="string_317" HPOS="542" VPOS="1024" WIDTH="69" HEIGHT="21" WC="0.91" CONTENT="Straff-"/><SP WIDTH="14" VPOS="1024" HPOS="611"/>
							<String ID="string_318" HPOS="625" VPOS="1024" WIDTH="37" HEIGHT="19" WC="0.92" CONTENT="och"/><SP WIDTH="10" VPOS="1024" HPOS="662"/>
							<String ID="string_319" HPOS="672" VPOS="1024" WIDTH="224" HEIGHT="26" WC="0.90" CONTENT="Utsöknings-balkarne"/><SP WIDTH="9" VPOS="1024" HPOS="896"/>
							<String ID="string_320" HPOS="905" VPOS="1025" WIDTH="45" HEIGHT="20" WC="0.92" CONTENT="der-"/>
						</TextLine>
						<TextLine ID="line_33" HPOS="205" VPOS="1051" WIDTH="743" HEIGHT="26">
							<String ID="string_321" HPOS="205" VPOS="1057" WIDTH="33" HEIGHT="14" WC="0.96" CONTENT="om"/><SP WIDTH="16" VPOS="1057" HPOS="238"/>
							<String ID="string_322" HPOS="254" VPOS="1051" WIDTH="75" HEIGHT="25" WC="0.96" CONTENT="stadga,"/><SP WIDTH="23" VPOS="1051" HPOS="329"/>
							<String ID="string_323" HPOS="352" VPOS="1052" WIDTH="39" HEIGHT="18" WC="0.97" CONTENT="och"/><SP WIDTH="21" VPOS="1052" HPOS="391"/>
							<String ID="string_324" HPOS="412" VPOS="1051" WIDTH="81" HEIGHT="20" WC="0.93" CONTENT="sålunda"/><SP WIDTH="17" VPOS="1051" HPOS="493"/>
							<String ID="string_325" HPOS="510" VPOS="1051" WIDTH="78" HEIGHT="26" WC="0.92" CONTENT="bringas"/><SP WIDTH="17" VPOS="1051" HPOS="588"/>
							<String ID="string_326" HPOS="605" VPOS="1051" WIDTH="6" HEIGHT="18" WC="0.93" CONTENT="i"/><SP WIDTH="17" VPOS="1051" HPOS="611"/>
							<String ID="string_327" HPOS="628" VPOS="1051" WIDTH="209" HEIGHT="20" WC="0.91" CONTENT="öfverensstämmelse"/><SP WIDTH="14" VPOS="1051" HPOS="837"/>
							<String ID="string_328" HPOS="851" VPOS="1051" WIDTH="46" HEIGHT="20" WC="0.96" CONTENT="med"/><SP WIDTH="14" VPOS="1051" HPOS="897"/>
							<String ID="string_329" HPOS="911" VPOS="1052" WIDTH="37" HEIGHT="19" WC="0.96" CONTENT="den"/>
						</TextLine>
						<TextLine ID="line_34" HPOS="208" VPOS="1077" WIDTH="677" HEIGHT="26">
							<String ID="string_330" HPOS="208" VPOS="1077" WIDTH="105" HEIGHT="20" WC="0.96" CONTENT="redaktion"/><SP WIDTH="14" VPOS="1077" HPOS="313"/>
							<String ID="string_331" HPOS="327" VPOS="1077" WIDTH="25" HEIGHT="20" WC="0.93" CONTENT="67"/><SP WIDTH="16" VPOS="1077" HPOS="352"/>
							<String ID="string_332" HPOS="368" VPOS="1077" WIDTH="9" HEIGHT="25" WC="0.92" CONTENT="$"/><SP WIDTH="15" VPOS="1077" HPOS="377"/>
							<String ID="string_333" HPOS="392" VPOS="1077" WIDTH="57" HEIGHT="26" WC="0.96" CONTENT="enligt"/><SP WIDTH="14" VPOS="1077" HPOS="449"/>
							<String ID="string_334" HPOS="463" VPOS="1077" WIDTH="116" HEIGHT="20" WC="0.96" CONTENT="ständernas"/><SP WIDTH="15" VPOS="1077" HPOS="579"/>
							<String ID="string_335" HPOS="594" VPOS="1078" WIDTH="46" HEIGHT="19" WC="0.95" CONTENT="und."/><SP WIDTH="15" VPOS="1078" HPOS="640"/>
							<String ID="string_336" HPOS="655" VPOS="1078" WIDTH="59" HEIGHT="19" WC="0.96" CONTENT="tanke"/><SP WIDTH="14" VPOS="1078" HPOS="714"/>
							<String ID="string_337" HPOS="728" VPOS="1078" WIDTH="62" HEIGHT="19" WC="0.96" CONTENT="borde"/><SP WIDTH="15" VPOS="1078" HPOS="790"/>
							<String ID="string_338" HPOS="805" VPOS="1077" WIDTH="80" HEIGHT="21" WC="0.96" CONTENT="erhålla."/>
						</TextLine>
					</TextBlock>
					<TextBlock ID="block_3" HPOS="201" VPOS="1103" WIDTH="749" HEIGHT="365">
						<TextLine ID="line_35" HPOS="257" VPOS="1103" WIDTH="692" HEIGHT="27">
							<String ID="string_339" HPOS="257" VPOS="1105" WIDTH="8" HEIGHT="18" WC="0.95" CONTENT="I"/><SP WIDTH="18" VPOS="1105" HPOS="265"/>
							<String ID="string_340" HPOS="283" VPOS="1105" WIDTH="12" HEIGHT="19" WC="0.96" CONTENT="8"/><SP WIDTH="17" VPOS="1105" HPOS="295"/>
							<String ID="string_341" HPOS="312" VPOS="1109" WIDTH="62" HEIGHT="14" WC="0.96" CONTENT="mom."/><SP WIDTH="19" VPOS="1109" HPOS="374"/>
							<String ID="string_342" HPOS="393" VPOS="1103" WIDTH="21" HEIGHT="20" WC="0.96" CONTENT="af"/><SP WIDTH="13" VPOS="1103" HPOS="414"/>
							<String ID="string_343" HPOS="427" VPOS="1105" WIDTH="23" HEIGHT="18" WC="0.93" CONTENT="13"/><SP WIDTH="16" VPOS="1105" HPOS="450"/>
							<String ID="string_344" HPOS="466" VPOS="1105" WIDTH="16" HEIGHT="24" WC="0.92" CONTENT="$,"/><SP WIDTH="23" VPOS="1105" HPOS="482"/>
							<String ID="string_345" HPOS="505" VPOS="1104" WIDTH="75" HEIGHT="20" WC="0.96" CONTENT="hvilket"/><SP WIDTH="14" VPOS="1104" HPOS="580"/>
							<String ID="string_346" HPOS="594" VPOS="1104" WIDTH="58" HEIGHT="25" WC="0.96" CONTENT="enligt"/><SP WIDTH="14" VPOS="1104" HPOS="652"/>
							<String ID="string_347" HPOS="666" VPOS="1104" WIDTH="118" HEIGHT="20" WC="0.96" CONTENT="ständernas"/><SP WIDTH="14" VPOS="1104" HPOS="784"/>
							<String ID="string_348" HPOS="798" VPOS="1104" WIDTH="72" HEIGHT="26" WC="0.96" CONTENT="förslag"/><SP WIDTH="14" VPOS="1104" HPOS="870"/>
							<String ID="string_349" HPOS="884" VPOS="1105" WIDTH="65" HEIGHT="20" WC="0.96" CONTENT="skulle"/>
						</TextLine>
						<TextLine ID="line_36" HPOS="203" VPOS="1130" WIDTH="745" HEIGHT="27">
							<String ID="string_350" HPOS="203" VPOS="1130" WIDTH="59" HEIGHT="20" WC="0.95" CONTENT="blifva"/><SP WIDTH="22" VPOS="1130" HPOS="262"/>
							<String ID="string_351" HPOS="284" VPOS="1131" WIDTH="10" HEIGHT="19" WC="0.93" CONTENT="7"/><SP WIDTH="21" VPOS="1131" HPOS="294"/>
							<String ID="string_352" HPOS="315" VPOS="1136" WIDTH="61" HEIGHT="13" WC="0.94" CONTENT="mom."/><SP WIDTH="20" VPOS="1136" HPOS="376"/>
							<String ID="string_353" HPOS="396" VPOS="1130" WIDTH="5" HEIGHT="19" WC="0.96" CONTENT="i"/><SP WIDTH="18" VPOS="1130" HPOS="401"/>
							<String ID="string_354" HPOS="419" VPOS="1136" WIDTH="75" HEIGHT="14" WC="0.93" CONTENT="samma"/><SP WIDTH="16" VPOS="1136" HPOS="494"/>
							<String ID="string_355" HPOS="510" VPOS="1130" WIDTH="18" HEIGHT="26" WC="0.92" CONTENT="$,"/><SP WIDTH="22" VPOS="1130" HPOS="528"/>
							<String ID="string_356" HPOS="550" VPOS="1132" WIDTH="38" HEIGHT="18" WC="0.97" CONTENT="och"/><SP WIDTH="14" VPOS="1132" HPOS="588"/>
							<String ID="string_357" HPOS="602" VPOS="1131" WIDTH="81" HEIGHT="19" WC="0.96" CONTENT="hvarest"/><SP WIDTH="14" VPOS="1131" HPOS="683"/>
							<String ID="string_358" HPOS="697" VPOS="1131" WIDTH="91" HEIGHT="26" WC="0.96" CONTENT="stadgas,"/><SP WIDTH="22" VPOS="1131" HPOS="788"/>
							<String ID="string_359" HPOS="810" VPOS="1133" WIDTH="27" HEIGHT="17" WC="0.93" CONTENT="att"/><SP WIDTH="15" VPOS="1133" HPOS="837"/>
							<String ID="string_360" HPOS="852" VPOS="1131" WIDTH="96" HEIGHT="21" WC="0.91" CONTENT="tidskrifts"/>
						</TextLine>
						<TextLine ID="line_37" HPOS="203" VPOS="1157" WIDTH="743" HEIGHT="26">
							<String ID="string_361" HPOS="203" VPOS="1157" WIDTH="106" HEIGHT="26" WC="0.91" CONTENT="utgifvare,"/><SP WIDTH="16" VPOS="1157" HPOS="309"/>
							<String ID="string_362" HPOS="325" VPOS="1163" WIDTH="44" HEIGHT="13" WC="0.96" CONTENT="som"/><SP WIDTH="14" VPOS="1163" HPOS="369"/>
							<String ID="string_363" HPOS="383" VPOS="1157" WIDTH="37" HEIGHT="20" WC="0.96" CONTENT="blir"/><SP WIDTH="14" VPOS="1157" HPOS="420"/>
							<String ID="string_364" HPOS="434" VPOS="1157" WIDTH="80" HEIGHT="20" WC="0.95" CONTENT="hindrad"/><SP WIDTH="15" VPOS="1157" HPOS="514"/>
							<String ID="string_365" HPOS="529" VPOS="1159" WIDTH="29" HEIGHT="18" WC="0.96" CONTENT="att"/><SP WIDTH="13" VPOS="1159" HPOS="558"/>
							<String ID="string_366" HPOS="571" VPOS="1157" WIDTH="47" HEIGHT="26" WC="0.96" CONTENT="sjelf"/><SP WIDTH="11" VPOS="1157" HPOS="618"/>
							<String ID="string_367" HPOS="629" VPOS="1157" WIDTH="112" HEIGHT="25" WC="0.93" CONTENT="ombesörja"/><SP WIDTH="15" VPOS="1157" HPOS="741"/>
							<String ID="string_368" HPOS="756" VPOS="1157" WIDTH="119" HEIGHT="26" WC="0.92" CONTENT="utgifningen"/><SP WIDTH="9" VPOS="1157" HPOS="875"/>
							<String ID="string_369" HPOS="884" VPOS="1158" WIDTH="62" HEIGHT="25" WC="0.96" CONTENT="deraf,"/>
						</TextLine>
						<TextLine ID="line_38" HPOS="205" VPOS="1183" WIDTH="744" HEIGHT="26">
							<String ID="string_370" HPOS="205" VPOS="1184" WIDTH="49" HEIGHT="19" WC="0.96" CONTENT="skall"/><SP WIDTH="15" VPOS="1184" HPOS="254"/>
							<String ID="string_371" HPOS="269" VPOS="1183" WIDTH="19" HEIGHT="20" WC="0.96" CONTENT="få"/><SP WIDTH="15" VPOS="1183" HPOS="288"/>
							<String ID="string_372" HPOS="303" VPOS="1184" WIDTH="56" HEIGHT="25" WC="0.96" CONTENT="ställa"/><SP WIDTH="14" VPOS="1184" HPOS="359"/>
							<String ID="string_373" HPOS="373" VPOS="1184" WIDTH="92" HEIGHT="25" WC="0.96" CONTENT="ansvarig"/><SP WIDTH="15" VPOS="1184" HPOS="465"/>
							<String ID="string_374" HPOS="480" VPOS="1184" WIDTH="74" HEIGHT="20" WC="0.96" CONTENT="vikarie"/><SP WIDTH="14" VPOS="1184" HPOS="554"/>
							<String ID="string_375" HPOS="568" VPOS="1184" WIDTH="5" HEIGHT="19" WC="0.96" CONTENT="i"/><SP WIDTH="15" VPOS="1184" HPOS="573"/>
							<String ID="string_376" HPOS="588" VPOS="1184" WIDTH="34" HEIGHT="20" WC="0.96" CONTENT="sitt"/><SP WIDTH="9" VPOS="1184" HPOS="622"/>
							<String ID="string_377" HPOS="631" VPOS="1185" WIDTH="62" HEIGHT="24" WC="0.96" CONTENT="ställe,"/><SP WIDTH="16" VPOS="1185" HPOS="693"/>
							<String ID="string_378" HPOS="709" VPOS="1186" WIDTH="57" HEIGHT="23" WC="0.96" CONTENT="säges"/><SP WIDTH="11" VPOS="1186" HPOS="766"/>
							<String ID="string_379" HPOS="777" VPOS="1184" WIDTH="77" HEIGHT="20" WC="0.92" CONTENT="vidare:"/><SP WIDTH="18" VPOS="1184" HPOS="854"/>
							<String ID="string_380" HPOS="872" VPOS="1185" WIDTH="77" HEIGHT="20" WC="0.91" CONTENT="»Sedan"/>
						</TextLine>
						<TextLine ID="line_39" HPOS="205" VPOS="1210" WIDTH="743" HEIGHT="27">
							<String ID="string_381" HPOS="205" VPOS="1210" WIDTH="70" HEIGHT="20" WC="0.95" CONTENT="derom"/><SP WIDTH="17" VPOS="1210" HPOS="275"/>
							<String ID="string_382" HPOS="292" VPOS="1210" WIDTH="27" HEIGHT="20" WC="0.88" CONTENT="till."/><SP WIDTH="14" VPOS="1210" HPOS="319"/>
							<String ID="string_383" HPOS="333" VPOS="1210" WIDTH="161" HEIGHT="26" WC="0.88" CONTENT="Öfverstyrelsen"/><SP WIDTH="14" VPOS="1210" HPOS="494"/>
							<String ID="string_384" HPOS="508" VPOS="1210" WIDTH="115" HEIGHT="20" WC="0.91" CONTENT="inberättats"/><SP WIDTH="14" VPOS="1210" HPOS="623"/>
							<String ID="string_385" HPOS="637" VPOS="1212" WIDTH="39" HEIGHT="18" WC="0.95" CONTENT="och"/><SP WIDTH="14" VPOS="1212" HPOS="676"/>
							<String ID="string_386" HPOS="690" VPOS="1211" WIDTH="37" HEIGHT="19" WC="0.92" CONTENT="den"/><SP WIDTH="15" VPOS="1211" HPOS="727"/>
							<String ID="string_387" HPOS="742" VPOS="1211" WIDTH="109" HEIGHT="25" WC="0.90" CONTENT="föreslagne"/><SP WIDTH="14" VPOS="1211" HPOS="851"/>
							<String ID="string_388" HPOS="865" VPOS="1212" WIDTH="83" HEIGHT="25" WC="0.90" CONTENT="utgifva-"/>
						</TextLine>
						<TextLine ID="line_40" HPOS="206" VPOS="1236" WIDTH="742" HEIGHT="26">
							<String ID="string_389" HPOS="206" VPOS="1242" WIDTH="34" HEIGHT="14" WC="0.96" CONTENT="ren"/><SP WIDTH="16" VPOS="1242" HPOS="240"/>
							<String ID="string_390" HPOS="256" VPOS="1236" WIDTH="29" HEIGHT="19" WC="0.96" CONTENT="för"/><SP WIDTH="14" VPOS="1236" HPOS="285"/>
							<String ID="string_391" HPOS="299" VPOS="1237" WIDTH="30" HEIGHT="25" WC="0.96" CONTENT="sig"/><SP WIDTH="15" VPOS="1237" HPOS="329"/>
							<String ID="string_392" HPOS="344" VPOS="1237" WIDTH="51" HEIGHT="19" WC="0.93" CONTENT="ställt"/><SP WIDTH="16" VPOS="1237" HPOS="395"/>
							<String ID="string_393" HPOS="411" VPOS="1236" WIDTH="105" HEIGHT="20" WC="0.88" CONTENT="säkerhet«"/><SP WIDTH="15" VPOS="1236" HPOS="516"/>
							<String ID="string_394" HPOS="531" VPOS="1242" WIDTH="19" HEIGHT="14" WC="0.89" CONTENT="0."/><SP WIDTH="16" VPOS="1242" HPOS="550"/>
							<String ID="string_395" HPOS="566" VPOS="1243" WIDTH="17" HEIGHT="13" WC="0.96" CONTENT="s."/><SP WIDTH="17" VPOS="1243" HPOS="583"/>
							<String ID="string_396" HPOS="600" VPOS="1243" WIDTH="20" HEIGHT="13" WC="0.90" CONTENT="v."/><SP WIDTH="28" VPOS="1243" HPOS="620"/>
							<String ID="string_397" HPOS="648" VPOS="1238" WIDTH="95" HEIGHT="18" WC="0.90" CONTENT="Häremot"/><SP WIDTH="14" VPOS="1238" HPOS="743"/>
							<String ID="string_398" HPOS="757" VPOS="1238" WIDTH="36" HEIGHT="18" WC="0.93" CONTENT="har"/><SP WIDTH="14" VPOS="1238" HPOS="793"/>
							<String ID="string_399" HPOS="807" VPOS="1238" WIDTH="107" HEIGHT="24" WC="0.92" CONTENT="anmärkts,"/><SP WIDTH="17" VPOS="1238" HPOS="914"/>
							<String ID="string_400" HPOS="931" VPOS="1237" WIDTH="17" HEIGHT="25" WC="0.96" CONTENT="ej"/>
						</TextLine>
						<TextLine ID="line_41" HPOS="203" VPOS="1261" WIDTH="746" HEIGHT="26">
							<String ID="string_401" HPOS="203" VPOS="1263" WIDTH="84" HEIGHT="19" WC="0.93" CONTENT="allenast"/><SP WIDTH="18" VPOS="1263" HPOS="287"/>
							<String ID="string_402" HPOS="305" VPOS="1264" WIDTH="29" HEIGHT="17" WC="0.96" CONTENT="att"/><SP WIDTH="17" VPOS="1264" HPOS="334"/>
							<String ID="string_403" HPOS="351" VPOS="1262" WIDTH="35" HEIGHT="19" WC="0.93" CONTENT="här"/><SP WIDTH="17" VPOS="1262" HPOS="386"/>
							<String ID="string_404" HPOS="403" VPOS="1262" WIDTH="42" HEIGHT="19" WC="0.93" CONTENT="äter"/><SP WIDTH="20" VPOS="1262" HPOS="445"/>
							<String ID="string_405" HPOS="465" VPOS="1264" WIDTH="23" HEIGHT="18" WC="0.93" CONTENT="är"/><SP WIDTH="20" VPOS="1264" HPOS="488"/>
							<String ID="string_406" HPOS="508" VPOS="1261" WIDTH="54" HEIGHT="26" WC="0.92" CONTENT="fräga"/><SP WIDTH="21" VPOS="1261" HPOS="562"/>
							<String ID="string_407" HPOS="583" VPOS="1268" WIDTH="33" HEIGHT="14" WC="0.93" CONTENT="om"/><SP WIDTH="17" VPOS="1268" HPOS="616"/>
							<String ID="string_408" HPOS="633" VPOS="1262" WIDTH="85" HEIGHT="25" WC="0.92" CONTENT="kaution,"/><SP WIDTH="23" VPOS="1262" HPOS="718"/>
							<String ID="string_409" HPOS="741" VPOS="1265" WIDTH="45" HEIGHT="16" WC="0.93" CONTENT="utan"/><SP WIDTH="18" VPOS="1265" HPOS="786"/>
							<String ID="string_410" HPOS="804" VPOS="1262" WIDTH="38" HEIGHT="20" WC="0.92" CONTENT="ock"/><SP WIDTH="15" VPOS="1262" HPOS="842"/>
							<String ID="string_411" HPOS="857" VPOS="1265" WIDTH="27" HEIGHT="17" WC="0.93" CONTENT="att"/><SP WIDTH="15" VPOS="1265" HPOS="884"/>
							<String ID="string_412" HPOS="899" VPOS="1263" WIDTH="50" HEIGHT="19" WC="0.93" CONTENT="före-"/>
						</TextLine>
						<TextLine ID="line_42" HPOS="202" VPOS="1288" WIDTH="747" HEIGHT="25">
							<String ID="string_413" HPOS="202" VPOS="1288" WIDTH="59" HEIGHT="18" WC="0.92" CONTENT="skrift"/><SP WIDTH="14" VPOS="1288" HPOS="261"/>
							<String ID="string_414" HPOS="275" VPOS="1288" WIDTH="71" HEIGHT="19" WC="0.93" CONTENT="saknas"/><SP WIDTH="15" VPOS="1288" HPOS="346"/>
							<String ID="string_415" HPOS="361" VPOS="1288" WIDTH="103" HEIGHT="24" WC="0.92" CONTENT="angäende"/><SP WIDTH="14" VPOS="1288" HPOS="464"/>
							<String ID="string_416" HPOS="478" VPOS="1290" WIDTH="66" HEIGHT="22" WC="0.93" CONTENT="sättet,"/><SP WIDTH="17" VPOS="1290" HPOS="544"/>
							<String ID="string_417" HPOS="561" VPOS="1288" WIDTH="75" HEIGHT="25" WC="0.93" CONTENT="hvarpä"/><SP WIDTH="15" VPOS="1288" HPOS="636"/>
							<String ID="string_418" HPOS="651" VPOS="1288" WIDTH="60" HEIGHT="19" WC="0.92" CONTENT="sädan"/><SP WIDTH="15" VPOS="1288" HPOS="711"/>
							<String ID="string_419" HPOS="726" VPOS="1289" WIDTH="88" HEIGHT="19" WC="0.92" CONTENT="anmälan"/><SP WIDTH="15" VPOS="1289" HPOS="814"/>
							<String ID="string_420" HPOS="829" VPOS="1289" WIDTH="36" HEIGHT="18" WC="0.93" CONTENT="hos"/><SP WIDTH="15" VPOS="1289" HPOS="865"/>
							<String ID="string_421" HPOS="880" VPOS="1289" WIDTH="69" HEIGHT="19" WC="0.92" CONTENT="Press-"/>
						</TextLine>
						<TextLine ID="line_43" HPOS="202" VPOS="1314" WIDTH="748" HEIGHT="26">
							<String ID="string_422" HPOS="202" VPOS="1314" WIDTH="157" HEIGHT="26" WC="0.58" CONTENT="Öfverstyrelsen"/><SP WIDTH="15" VPOS="1314" HPOS="359"/>
							<String ID="string_423" HPOS="374" VPOS="1314" WIDTH="48" HEIGHT="20" WC="0.93" CONTENT="skall"/><SP WIDTH="18" VPOS="1314" HPOS="422"/>
							<String ID="string_424" HPOS="440" VPOS="1315" WIDTH="64" HEIGHT="25" WC="0.93" CONTENT="göras;"/><SP WIDTH="22" VPOS="1315" HPOS="504"/>
							<String ID="string_425" HPOS="526" VPOS="1314" WIDTH="94" HEIGHT="20" WC="0.91" CONTENT="hvarföre"/><SP WIDTH="21" VPOS="1314" HPOS="620"/>
							<String ID="string_426" HPOS="641" VPOS="1315" WIDTH="104" HEIGHT="19" WC="0.96" CONTENT="ständerna"/><SP WIDTH="16" VPOS="1315" HPOS="745"/>
							<String ID="string_427" HPOS="761" VPOS="1314" WIDTH="50" HEIGHT="26" WC="0.96" CONTENT="våga"/><SP WIDTH="15" VPOS="1314" HPOS="811"/>
							<String ID="string_428" HPOS="826" VPOS="1314" WIDTH="78" HEIGHT="26" WC="0.96" CONTENT="föreslå,"/><SP WIDTH="16" VPOS="1314" HPOS="904"/>
							<String ID="string_429" HPOS="920" VPOS="1318" WIDTH="30" HEIGHT="17" WC="0.96" CONTENT="att"/>
						</TextLine>
						<TextLine ID="line_44" HPOS="201" VPOS="1340" WIDTH="746" HEIGHT="27">
							<String ID="string_430" HPOS="201" VPOS="1340" WIDTH="25" HEIGHT="20" WC="0.93" CONTENT="de"/><SP WIDTH="14" VPOS="1340" HPOS="226"/>
							<String ID="string_431" HPOS="240" VPOS="1340" WIDTH="5" HEIGHT="20" WC="0.93" CONTENT="i"/><SP WIDTH="16" VPOS="1340" HPOS="245"/>
							<String ID="string_432" HPOS="261" VPOS="1341" WIDTH="11" HEIGHT="19" WC="0.96" CONTENT="5"/><SP WIDTH="14" VPOS="1341" HPOS="272"/>
							<String ID="string_433" HPOS="286" VPOS="1346" WIDTH="61" HEIGHT="14" WC="0.96" CONTENT="mom."/><SP WIDTH="16" VPOS="1346" HPOS="347"/>
							<String ID="string_434" HPOS="363" VPOS="1341" WIDTH="21" HEIGHT="19" WC="0.96" CONTENT="af"/><SP WIDTH="12" VPOS="1341" HPOS="384"/>
							<String ID="string_435" HPOS="396" VPOS="1346" WIDTH="76" HEIGHT="14" WC="0.93" CONTENT="samma"/><SP WIDTH="8" VPOS="1346" HPOS="472"/>
							<String ID="string_436" HPOS="480" VPOS="1341" WIDTH="17" HEIGHT="26" WC="0.92" CONTENT="$"/><SP WIDTH="14" VPOS="1341" HPOS="497"/>
							<String ID="string_437" HPOS="511" VPOS="1341" WIDTH="162" HEIGHT="20" WC="0.96" CONTENT="förekommande"/><SP WIDTH="15" VPOS="1341" HPOS="673"/>
							<String ID="string_438" HPOS="688" VPOS="1342" WIDTH="146" HEIGHT="25" WC="0.96" CONTENT="bestämningar"/><SP WIDTH="10" VPOS="1342" HPOS="834"/>
							<String ID="string_439" HPOS="844" VPOS="1347" WIDTH="34" HEIGHT="15" WC="0.96" CONTENT="om"/><SP WIDTH="10" VPOS="1347" HPOS="878"/>
							<String ID="string_440" HPOS="888" VPOS="1344" WIDTH="59" HEIGHT="18" WC="0.96" CONTENT="sättet"/>
						</TextLine>
						<TextLine ID="line_45" HPOS="202" VPOS="1364" WIDTH="746" HEIGHT="29">
							<String ID="string_441" HPOS="202" VPOS="1367" WIDTH="30" HEIGHT="19" WC="0.93" CONTENT="för"/><SP WIDTH="14" VPOS="1367" HPOS="232"/>
							<String ID="string_442" HPOS="246" VPOS="1367" WIDTH="54" HEIGHT="26" WC="0.95" CONTENT="dylik"/><SP WIDTH="14" VPOS="1367" HPOS="300"/>
							<String ID="string_443" HPOS="314" VPOS="1367" WIDTH="89" HEIGHT="20" WC="0.95" CONTENT="anmälan"/><SP WIDTH="15" VPOS="1367" HPOS="403"/>
							<String ID="string_444" HPOS="418" VPOS="1367" WIDTH="36" HEIGHT="20" WC="0.93" CONTENT="hos"/><SP WIDTH="15" VPOS="1367" HPOS="454"/>
							<String ID="string_445" HPOS="469" VPOS="1364" WIDTH="163" HEIGHT="29" WC="0.86" CONTENT="Öfverstyrelsen"/><SP WIDTH="14" VPOS="1364" HPOS="632"/>
							<String ID="string_446" HPOS="646" VPOS="1367" WIDTH="5" HEIGHT="20" WC="0.96" CONTENT="i"/><SP WIDTH="15" VPOS="1367" HPOS="651"/>
							<String ID="string_447" HPOS="666" VPOS="1374" WIDTH="24" HEIGHT="13" WC="0.96" CONTENT="en"/><SP WIDTH="15" VPOS="1374" HPOS="690"/>
							<String ID="string_448" HPOS="705" VPOS="1374" WIDTH="63" HEIGHT="14" WC="0.93" CONTENT="annan"/><SP WIDTH="10" VPOS="1374" HPOS="768"/>
							<String ID="string_449" HPOS="778" VPOS="1368" WIDTH="95" HEIGHT="21" WC="0.95" CONTENT="händelse"/><SP WIDTH="11" VPOS="1368" HPOS="873"/>
							<String ID="string_450" HPOS="884" VPOS="1369" WIDTH="64" HEIGHT="20" WC="0.96" CONTENT="skulle"/>
						</TextLine>
						<TextLine ID="line_46" HPOS="201" VPOS="1393" WIDTH="745" HEIGHT="29">
							<String ID="string_451" HPOS="201" VPOS="1393" WIDTH="60" HEIGHT="20" WC="0.96" CONTENT="blifva"/><SP WIDTH="16" VPOS="1393" HPOS="261"/>
							<String ID="string_452" HPOS="277" VPOS="1394" WIDTH="87" HEIGHT="25" WC="0.93" CONTENT="gällande"/><SP WIDTH="17" VPOS="1394" HPOS="364"/>
							<String ID="string_453" HPOS="381" VPOS="1394" WIDTH="59" HEIGHT="19" WC="0.96" CONTENT="äfven"/><SP WIDTH="16" VPOS="1394" HPOS="440"/>
							<String ID="string_454" HPOS="456" VPOS="1394" WIDTH="28" HEIGHT="20" WC="0.96" CONTENT="uti"/><SP WIDTH="20" VPOS="1394" HPOS="484"/>
							<String ID="string_455" HPOS="504" VPOS="1394" WIDTH="147" HEIGHT="26" WC="0.96" CONTENT="ifrågavarande"/><SP WIDTH="20" VPOS="1394" HPOS="651"/>
							<String ID="string_456" HPOS="671" VPOS="1395" WIDTH="40" HEIGHT="26" WC="0.93" CONTENT="fall,"/><SP WIDTH="23" VPOS="1395" HPOS="711"/>
							<String ID="string_457" HPOS="734" VPOS="1395" WIDTH="52" HEIGHT="20" WC="0.78" CONTENT="helst"/><SP WIDTH="18" VPOS="1395" HPOS="786"/>
							<String ID="string_458" HPOS="804" VPOS="1395" WIDTH="142" HEIGHT="27" WC="0.82" CONTENT="skyndsamhet"/>
						</TextLine>
						<TextLine ID="line_47" HPOS="202" VPOS="1420" WIDTH="746" HEIGHT="28">
							<String ID="string_459" HPOS="202" VPOS="1420" WIDTH="38" HEIGHT="20" WC="0.96" CONTENT="kan"/><SP WIDTH="21" VPOS="1420" HPOS="240"/>
							<String ID="string_460" HPOS="261" VPOS="1426" WIDTH="47" HEIGHT="15" WC="0.96" CONTENT="vara"/><SP WIDTH="20" VPOS="1426" HPOS="308"/>
							<String ID="string_461" HPOS="328" VPOS="1421" WIDTH="20" HEIGHT="20" WC="0.96" CONTENT="af"/><SP WIDTH="16" VPOS="1421" HPOS="348"/>
							<String ID="string_462" HPOS="364" VPOS="1421" WIDTH="62" HEIGHT="20" WC="0.96" CONTENT="nöden"/><SP WIDTH="17" VPOS="1421" HPOS="426"/>
							<String ID="string_463" HPOS="443" VPOS="1421" WIDTH="25" HEIGHT="20" WC="0.96" CONTENT="då"/><SP WIDTH="17" VPOS="1421" HPOS="468"/>
							<String ID="string_464" HPOS="485" VPOS="1427" WIDTH="24" HEIGHT="14" WC="0.91" CONTENT="en"/><SP WIDTH="17" VPOS="1427" HPOS="509"/>
							<String ID="string_465" HPOS="526" VPOS="1421" WIDTH="182" HEIGHT="27" WC="0.91" CONTENT="tidningsutgifvare"/><SP WIDTH="15" VPOS="1421" HPOS="708"/>
							<String ID="string_466" HPOS="723" VPOS="1422" WIDTH="80" HEIGHT="25" WC="0.91" CONTENT="sjuknat"/><SP WIDTH="14" VPOS="1422" HPOS="803"/>
							<String ID="string_467" HPOS="817" VPOS="1423" WIDTH="38" HEIGHT="19" WC="0.93" CONTENT="och"/><SP WIDTH="15" VPOS="1423" HPOS="855"/>
							<String ID="string_468" HPOS="870" VPOS="1423" WIDTH="78" HEIGHT="20" WC="0.92" CONTENT="derföre"/>
						</TextLine>
						<TextLine ID="line_48" HPOS="204" VPOS="1447" WIDTH="192" HEIGHT="21">
							<String ID="string_469" HPOS="204" VPOS="1447" WIDTH="97" HEIGHT="20" WC="0.91" CONTENT="behöfver"/><SP WIDTH="13" VPOS="1447" HPOS="301"/>
							<String ID="string_470" HPOS="314" VPOS="1448" WIDTH="82" HEIGHT="20" WC="0.96" CONTENT="vikarie."/>
						</TextLine>
					</TextBlock>
				</ComposedBlock>
			</PrintSpace>
		</Page>
	</Layout>
</alto>
