970 1703
183 152 48 33 1554
403 154 71 22 Nådiga
485 155 140 22 Propositionen
638 154 36 17 N:o
686 153 28 18 47.

184 205 49 19 eller
247 203 74 20 krono-
335 204 47 19 eller
396 203 130 25 stadsbetjent
540 206 28 16 att
582 202 60 20 sådan
657 203 117 18 försvarslös
788 207 82 20 person,
886 207 44 14 som

184 231 6 18 i
208 230 7 26 $
232 232 9 18 4
257 230 131 25 omförmäles,
408 229 62 20 måtte
487 230 101 25 förpligtas
607 232 28 16 att
656 229 52 19 förse
728 229 30 24 sig
777 229 45 18 med
842 229 85 23 försvar,

185 257 61 19 varde
261 262 97 21 personen
372 256 93 20 deröfver
479 256 49 20 hörd
543 254 36 21 hos
594 255 134 24 Guvernören,
745 261 32 13 om
794 254 69 20 sådant
878 255 51 24 lägli-

185 289 38 19 gen
238 285 36 18 ske
288 283 45 25 k.n,
349 283 46 20 eller
413 283 37 19 ock
467 283 37 19 hos
520 282 161 24 Poliskammare,
699 282 99 25 Magistrat
815 281 47 19 eller
879 281 51 20 Ord-

184 310 95 25 ningsrätt
293 310 5 19 i
313 309 42 20 stad
371 309 47 20 eller
432 308 184 21 kommunalnämnd
638 307 24 27 på
683 308 71 24 landet;
777 308 37 19 och
835 313 36 20 ege
891 307 40 20 Gu-

187 340 96 16 vernören
297 337 86 19 derefter
398 337 38 17 rätt
450 339 33 21 att,
496 341 31 14 om
538 335 40 20 skäl
593 335 61 19 dertill
671 337 27 23 är,
718 335 98 25 förelägga
833 334 38 19 den
892 335 39 19 för-

186 364 101 18 svarslösa
301 365 34 22 att,
351 362 52 19 inom
419 362 41 20 viss
474 362 77 26 lämplig
565 361 34 25 tid,
614 361 91 20 förskaffa
720 362 29 25 sig
764 360 66 26 tjenst,
849 360 32 20 vid
903 361 27 19 äf-

187 393 73 22 ventyr
273 392 29 17 att
316 388 57 26 eljest
387 388 90 20 dömmas
492 389 25 19 till
532 389 80 19 allmänt
626 388 74 20 arbete.

528 441 10 26 $
553 442 32 19 24.

240 487 7 19 I
262 486 97 26 protokoll
374 486 55 20 öfver
444 486 69 20 sådant
527 486 64 19 förhör
607 486 44 19 med
666 485 126 25 försvarslös,
808 491 43 13 som
862 486 5 18 i
877 487 53 17 näst-

185 512 118 27 föregående
317 513 10 25 $
342 513 134 25 föreskrifves,
493 514 35 18 bör
543 515 96 23 upptagas
653 511 17 25 ej
687 512 80 20 allenast
780 517 109 20 personens
903 512 28 19 ål-

185 540 46 24 der,
257 540 116 23 födelseort,
398 539 222 26 kroppsbeskaffenhet,
650 539 37 19 och
711 538 220 26 lefnadsomständighe-

185 568 37 22 ter,
247 571 32 14 om
301 566 37 19 och
359 566 28 20 för
408 567 50 19 hvad
480 567 53 19 brott
554 567 36 18 han
613 566 50 19 varit
683 565 59 19 dömd
763 566 47 18 eller
826 565 102 25 anklagad,

184 592 53 20 hvad
253 592 58 20 straff
323 592 38 20 han
375 592 111 26 undergått,
502 593 29 19 för
546 592 64 20 hvilka
632 593 60 19 laster
707 592 53 26 eller
781 595 90 17 vanarter
893 593 37 19 han

184 618 52 26 gjort
251 619 29 26 sig
294 618 57 25 känd,
368 620 52 19 hvad
434 620 67 19 arbete
522 619 48 19 eller
592 618 109 20 handtverk
724 620 36 18 han
781 618 39 20 kan
840 619 88 24 förrätta,

184 648 52 16 samt
251 646 30 18 för
295 646 56 25 öfrigt
366 646 52 19 hvad
437 651 32 14 om
486 651 100 20 personen
603 651 71 19 genom
695 645 47 20 dess
764 650 48 20 egna
832 646 98 25 uppgifter

184 672 49 19 eller
248 672 119 19 annorlunda
383 673 38 18 kan
437 672 103 25 inhemtas,
560 675 45 16 utan
620 672 36 19 ock
678 672 51 19 hvad
752 677 43 14 som
815 672 67 19 länder
903 672 26 19 till

185 699 118 24 upplysning
317 698 75 25 derom,
408 699 80 19 hvilken
503 698 43 20 stad
561 699 46 19 eller
629 698 149 20 landskommun
799 699 38 18 han
857 699 70 18 tillhör.

184 724 41 19 Kan
240 724 37 19 slik
291 725 117 26 upplysning
427 725 44 20 icke
492 725 153 22 åstadkommas,
669 725 59 19 varde
742 724 34 20 det
796 724 133 27 uttryckligen

183 751 126 19 antecknadt.

238 778 88 25 Uppstår
340 777 53 26 fråga
409 783 31 14 om
455 779 118 18 försvarslös
588 783 83 20 persons
684 778 116 19 dömmande
813 778 25 19 till
849 779 80 18 allmänt

185 804 79 25 arbete,
280 805 35 19 bör
329 804 99 26 angående
443 805 71 19 honom
528 805 96 19 infordras
640 805 112 25 prestbevis
770 805 46 24 och,
832 805 5 18 i
853 804 29 20 fall
897 805 34 18 det

187 829 87 20 befinnes
290 831 72 25 nödigt,
377 831 72 24 jemväl
464 831 127 26 läkareintyg.

528 887 10 25 $
552 887 32 19 22.

186 955 3 3 <
215 925 11 37 =
238 929 127 20 Försvarslös
382 930 90 19 förblifve
490 930 61 19 under
568 930 37 19 den
623 930 35 24 tid,
678 934 43 14 som
736 930 106 25 förelägges
857 931 71 18 honom

185 961 5 12 i
211 955 34 20 det
266 956 5 19 i
292 955 10 26 $
322 957 25 18 20
362 957 117 18 omnämnda
493 956 99 23 afseende,
608 956 24 25 på
647 956 25 19 fri
686 955 33 26 fot,
736 956 82 20 såframt
831 957 39 19 han
883 957 45 19 icke

184 987 60 14 anses
260 981 63 26 vådlig
337 983 28 18 för
380 983 97 19 allmänna
491 983 125 19 säkerheten.

239 1015 74 19 Häktas
327 1015 44 23 han,
389 1015 47 19 söke
451 1015 129 19 Guvernören
593 1015 74 19 bereda
681 1016 72 18 honom
768 1015 77 19 försvar
858 1014 11 20 å
889 1015 37 20 den

185 1043 37 22 ort,
238 1041 35 19 der
288 1041 37 20 den
340 1041 129 20 försvarslöse
483 1044 41 17 tror
538 1041 29 25 sig
581 1041 64 19 kunna
660 1041 69 20 sådant
743 1041 80 20 erhålla.

526 1098 10 23 $
550 1098 31 18 23.

237 1142 70 18 Förser
322 1141 37 19 den
369 1142 135 28 försvarslösa
520 1141 28 25 sig
565 1141 52 29 icke
630 1142 45 19 med
696 1142 76 19 försvar
792 1142 51 19 inom
866 1144 61 18 utsatt

183 1167 26 19 tid
226 1167 36 19 och
277 1166 62 20 finnes
355 1173 16 19 ej
387 1168 60 19 heller
462 1168 42 19 skäl
518 1170 28 16 att
560 1168 70 24 bevilja
645 1168 72 19 honom
735 1168 81 19 anstånd
837 1168 88 25 dermed,

183 1194 47 28 eller
245 1194 35 18 har
295 1193 75 19 försvar
384 1194 44 19 icke
443 1194 71 20 kunnat
530 1194 71 19 honom
615 1194 91 25 beredas,
722 1194 79 20 dömme
816 1194 23 20 då
851 1195 76 19 Guver-

182 1225 61 13 nören
258 1220 38 19 Jen
311 1220 129 20 försvarslösa
455 1221 26 19 till
496 1221 79 19 allmänt
589 1221 74 24 arbete,
680 1221 58 24 enligt
752 1221 10 24 $
776 1222 32 22 25,
831 1222 37 19 och
890 1222 36 18 för-

182 1245 62 30 ordne
259 1246 62 28 tillika
333 1252 32 12 om
380 1247 38 17 den
433 1246 77 25 dömde,
526 1247 68 18 Jerest
608 1248 36 18 han
660 1247 4 18 i
676 1248 84 23 utslaget
770 1248 59 18 söker
839 1248 86 24 ändring,

182 1271 30 19 får
228 1272 108 18 emellertid
351 1272 89 20 förblifva
456 1272 23 26 pä
494 1273 22 19 fri
532 1272 35 24 fot,
584 1273 46 19 eller
644 1278 33 14 om
692 1274 37 18 han
744 1273 48 19 skall
807 1273 91 26 fängslas.

526 1322 10 26 $
550 1323 31 19 24.

235 1360 112 29 Ziguenare,
364 1366 45 13 som
422 1361 115 25 oförpassal
553 1362 138 26 kringstryker
705 1362 46 19 eller
765 1361 58 26 eljest
832 1363 94 20 beträdes

181 1386 47 20 med
242 1386 60 20 sådan
317 1387 101 25 förseelse,
434 1393 44 14 som
493 1387 4 20 i
512 1387 10 26 $
537 1389 23 19 17
575 1390 22 18 är
617 1389 54 25 sagd,
694 1389 46 19 skall
762 1392 71 23 genast
854 1390 69 19 häktas

180 1413 37 20 och
232 1413 28 20 till
275 1413 139 20 Guvernörens
428 1414 118 27 behandling
559 1415 99 20 insändas.

233 1446 64 20 Sedan
312 1448 37 19 han
363 1447 62 20 blifvit
439 1447 49 20 inför
502 1447 128 21 Guvernören
646 1448 48 20 hörd
712 1449 37 19 och
766 1449 22 20 sä
810 1449 113 20 hbeskaffade
