989 1706
247 141 71 22 Nådiga
329 142 140 22 Propositionen
482 142 35 17 N:o
530 143 27 16 50.
735 141 41 19 1641

39 192 62 20 denna
116 190 111 26 förordning
240 190 73 20 förstås
327 190 72 21 sådane
413 191 87 25 skrifter,
515 197 43 14 som
572 192 34 19 äro
627 191 103 20 bestämda
750 194 29 17 att

39 217 63 21 under.
116 218 41 19 viss
171 218 41 18 titel
227 218 37 18 och
279 217 135 25 nummerföljd
429 221 52 17 samt
500 217 12 19 å
533 218 54 20 vissa
608 218 49 19 tider
677 219 101 19 utkomma

40 244 61 20 minst
113 244 44 25 fyra
171 243 72 26 gånger
260 249 32 13 om
310 244 49 24 året,
380 244 107 20 fastställas
506 243 84 25 följande
610 244 97 19 särskilda
728 245 52 19 stad-

39 270 84 25 ganden:

94 296 40 19 1:0.
162 296 101 25 Rättighet
276 298 29 18 att
318 296 73 24 utgilva
404 296 101 26 periodisk
520 296 56 20 skrift
589 296 107 20 tilkomme
711 296 69 26 hvarje

40 322 53 20 finsk
107 322 136 26 medborgare,
259 327 44 14 som
316 322 82 26 uppnått
412 322 84 26 tjuguett
509 322 33 21 års
556 322 60 25 ålder,
632 328 46 20 eger
687 323 42 19 fritt
742 324 39 19 för-

40 349 45 25 foga
99 349 56 19 öfver
169 348 29 25 sig
212 350 38 18 och
265 348 33 20 sitt
311 349 56 25 gods,
382 352 52 16 samt
447 350 45 19 icke
506 349 64 20 blifvit
583 349 60 20 dömd
660 350 30 19 för
710 350 71 26 nesligt

40 376 59 24 brott,
115 375 106 19 hvarutom
237 376 39 18 han
293 375 48 20 skall
361 380 47 15 vara
429 375 66 21 bosatt
515 375 11 21 å
547 375 161 26 utgifningsorten
730 378 51 18 samt

40 402 55 19 ställa
109 401 95 20 säkerhet
217 401 30 20 för
259 401 26 21 de
297 402 58 20 böter
368 403 38 18 och
420 402 138 26 ersättningar,
575 408 50 19 som,
642 402 38 20 ifall
694 403 40 19 han
748 402 33 20 vid

40 428 121 20 tidskriftens
176 428 111 26 utgifvande
301 428 129 26 tilläfventyrs
444 430 36 24 gör
493 429 30 26 sig
536 429 90 19 förfallen
638 429 26 19 till
685 429 95 20 öfverträ-

39 454 56 20 delse
108 455 21 19 af
141 455 31 25 lag
186 455 37 19 och
237 455 64 19 denna
314 455 120 25 förordning,
450 456 65 19 kunna
528 456 75 19 honom
623 455 78 21 derföre
714 454 70 21 ädöm-

39 486 51 15 mas:
105 481 7 19 i
126 481 75 19 hvilket
215 481 94 21 afseende
322 482 38 20 han
373 482 37 20 bör
419 482 5 20 i
434 482 124 20 landtränteri
573 483 47 19 eller
628 482 90 20 Finlands
728 482 52 20 Bank

40 508 27 19 uti
82 508 92 20 kontanta
195 508 106 26 penningar
320 509 47 19 eller
386 508 109 26 disponibla
517 508 143 26 värdepapper,
682 509 100 20 betalbara

39 534 27 21 till
81 534 147 25 innehafvaren,
244 536 96 19 nedsätta:
355 536 29 19 för
398 535 87 21 tidskrift
501 536 6 18 i
528 536 123 25 Helsingfors
672 536 38 19 och
731 530 50 31 Åbo;

40 567 32 14 om
86 562 38 20 den
138 561 114 20 utkommer
265 567 24 15 en
303 560 50 28 gäng
373 562 6 19 i
399 563 83 24 veckan,
504 565 79 17 ettusen
604 562 62 25 mark,
690 568 33 14 om
743 562 38 20 den

40 588 85 25 utgifves
140 587 33 20 tvä
188 588 47 20 eller
247 588 49 20 flere
309 588 26 20 till
351 589 38 19 och
402 590 46 19 med
462 589 40 20 fem
516 588 74 26 gänger
604 589 6 19 i
628 589 75 20 veckan
718 588 66 20 tvätu-

40 620 35 14 sen
89 614 64 24 mark,
169 616 38 19 och
221 620 33 14 om
268 615 119 26 utgifningen
402 616 46 19 sker
463 621 36 14 sex
513 616 47 20 eller
575 614 32 27 sju
620 615 74 27 gänger
709 616 7 19 i
737 620 46 15 vec-

40 641 38 20 kan
85 641 104 27 fyratusen
197 642 62 24 mark;
269 644 52 17 samt
330 642 29 19 för
370 642 122 20 tidskrifter
489 637 9 36 i
503 642 76 20 landets
589 642 60 26 öfriga
658 642 67 20 städer
735 642 49 20 hälf-

41 670 32 17 ten
86 668 21 20 af
113 667 53 21 hvad
176 668 5 18 i
191 668 125 20 förestående
325 668 61 20 måtto
399 668 29 20 uti
438 668 69 26 hvarje
517 668 93 20 särskildt
619 668 33 20 fall
659 669 64 21 blifvit
736 668 48 20 fast-

41 694 65 20 stäldt.
135 694 107 20 Nedsätter
256 694 62 26 någon
332 696 30 19 för
375 696 53 19 detta
442 694 90 22 ändamål
549 695 142 20 räntebärande
712 695 72 26 obliga-

41 722 70 25 tioner,
127 726 49 14 vare
190 722 110 24 berättigad
314 724 29 17 att
359 721 72 27 årligen
448 722 88 26 uppbära
556 721 39 20 den
616 724 54 18 ränta
690 728 45 14 som
755 722 29 19 för

41 748 46 20 dem
101 748 38 20 kan
153 748 73 20 utfalla.

95 776 53 25 2:0.
165 776 42 19 Den
221 780 44 15 som
279 776 33 20 vill
325 775 75 27 utgifva
414 775 99 26 periodisk
527 775 65 25 skrift,
608 776 77 19 anmäle
698 775 30 26 sig
740 775 44 20 der-

42 802 25 20 till
83 803 36 19 hos
134 802 162 27 Ofverstyrelsen
309 802 31 20 för
347 803 169 25 pressärenderna
526 802 86 20 medelst
620 802 85 26 skriftlig
714 802 68 26 inlaga,

41 834 45 14 som
100 829 49 20 skall
163 828 94 21 innehålla
272 834 97 21 noggrann
384 830 75 25 uppgift
473 835 32 15 om
520 829 39 20 den
576 829 98 20 bli(vande
691 829 93 19 skriftens

42 855 41 20 titel
98 856 38 19 och
150 855 83 26 omfäng,
249 855 25 26 pä
289 856 76 20 hvilket
378 856 86 26 tryckeri
480 857 38 19 den
535 856 90 19 kommer
646 858 28 17 att
694 856 88 26 tryckas,

43 884 51 18 samt
108 882 65 20 hvilka
188 882 59 26 dagar
261 883 6 19 i
281 883 76 19 veckan
370 884 39 18 och
423 883 79 19 hvilken
515 882 69 20 timme
597 881 25 26 pä
638 882 64 26 dagen
721 882 64 20 utdel-

42 909 44 25 ning
99 908 56 20 deraf
168 908 105 25 tillämnas;
290 910 104 19 hvarutom
408 910 58 19 bevis
480 909 56 20 öfver
550 909 37 20 den
602 909 5 19 i
621 914 61 14 mom.
703 910 10 18 1
736 908 48 20 före-

43 935 74 20 skrifna
132 935 245 26 penningenedsättningen
391 936 36 26 bör
442 942 47 14 vara
502 936 74 25 inlagan
590 935 107 26 vidfogadt.

49 984 8 3 =
97 962 40 19 —3:0.
167 961 28 20 Då
211 962 61 20 sådan
287 963 63 25 inlaga
365 962 25 20 till
405 962 161 27 Öfverstyrelsen
588 962 112 23 inkommit,
722 961 64 27 äligge

44 988 163 26 OÖfverstyrelsen
222 992 29 17 att
264 988 118 20 oförtöfvadt
396 989 66 20 skrida
477 990 25 19 till
517 989 89 25 pröfning
622 988 61 20 deraf.
715 988 71 20 Finnes

44 1014 70 21 dervid
127 1015 66 25 nödigt
206 1018 29 17 att
248 1016 59 19 hafva
321 1016 89 20 tillhands
425 1016 83 20 särskild
519 1015 103 25 utredning
632 1021 32 13 om
674 1015 113 20 sökandens

44 1046 73 19 person
131 1042 6 19 i
152 1042 77 25 hänsigt
243 1042 24 19 till
283 1042 24 19 de
326 1042 1 19 i
342 1048 62 13 mom.
420 1044 9 17 4
445 1045 101 22 upptagne
559 1042 175 25 omständigheter,
750 1046 37 21 ege

45 1066 162 27 Öfverstyrelsen
221 1068 114 20 densamma
350 1068 20 19 af
382 1068 98 20 sökanden
493 1068 92 25 infordra,
597 1073 44 14 men
651 1069 47 24 göre
708 1067 34 20 det
751 1067 38 20 sist

45 1095 12 20 å
71 1094 62 26 fjerde
148 1094 79 26 helgfria
241 1095 37 24 Jag
292 1095 50 19 efter
356 1095 143 25 ansökningens
512 1095 129 19 inlemnande.
671 1094 65 20 Anses
750 1094 38 19 slik

46 1121 103 25 utredning
163 1121 45 20 icke
222 1121 121 26 erforderlig,
359 1122 47 19 eller
420 1122 36 19 har
470 1121 100 27 sökanden
584 1120 99 26 sjelfmant
697 1121 46 19 eller
753 1126 35 13 en-

46 1149 33 24 ligt
93 1147 100 20 föreskrift
207 1147 115 21 densamma
337 1149 85 24 företett,
438 1154 48 13 vare
500 1147 161 26 Öfverstyrelsen
671 1147 78 26 skyldig
758 1149 31 17 att

47 1175 37 19 sist
98 1173 39 20 åtta
151 1174 60 25 dagar
227 1175 50 19 efter
291 1174 34 20 det
338 1174 124 26 fullständiga
476 1174 112 25 handlingar
602 1173 102 20 inkommit
722 1173 66 19 skrift-

46 1201 51 26 ligen
111 1199 60 20 utlåta
186 1200 29 26 sig
229 1201 98 20 huruvida
340 1201 37 19 den
392 1201 110 20 tillämnade
516 1200 122 28 tidskriften,
652 1200 45 19 med
712 1199 76 20 afseen-

47 1227 25 20 de
86 1227 11 20 å
112 1227 102 19 ofvanföre
228 1227 94 25 stadgade
336 1227 70 24 vilkor,
422 1227 29 20 får
464 1227 85 26 utgifvas
563 1227 48 19 eller
620 1231 26 19 ej.

101 1255 42 18 4:0.
171 1254 58 19 Innan
243 1253 217 26 Pressöfverstyrelsen
476 1253 86 20 utfärdat
578 1251 95 30 tillstånd
684 1252 26 19 till
732 1251 56 26 utgif-

47 1280 64 20 vande
126 1280 20 18 af
160 1280 85 19 tidskrift
258 1279 32 20 må
305 1280 104 26 tryckning
424 1281 36 18 och
476 1279 100 24 utdelning
590 1279 57 19 deraf
656 1284 17 19 ej
684 1279 104 24 företagas.

49 1306 50 20 Sker
112 1306 40 24 det,
168 1311 83 15 ansvare
265 1306 147 26 boktryckaren
426 1307 67 19 såsom
507 1307 6 18 i
527 1305 10 26 $
552 1305 24 20 18
592 1305 56 26 sagdt
662 1306 21 18 är
700 1305 39 19 och
752 1304 38 20 tid-

48 1333 93 19 skriftens
161 1333 96 24 utgifvare
278 1333 45 18 böte
344 1333 103 18 etthundra
468 1333 62 22 mark;
553 1337 45 13 men
618 1331 88 25 djerfves
726 1329 64 20 någon

49 1359 66 19 skrida
129 1358 27 19 till
171 1358 96 20 tidskrifts
281 1358 112 25 utgifvande
407 1359 61 19 sedan
482 1358 48 19 hans
544 1357 107 24 ansökning
660 1362 33 22 om
702 1356 88 19 tillstånd

49 1385 64 20 dertill
127 1384 64 21 blifvit
205 1385 5 19 i
224 1385 41 24 laga
279 1385 81 26 ordning
373 1385 93 24 afslagen,
489 1383 60 27 plikte
570 1383 30 19 för
619 1384 69 23 hvarje
709 1382 81 20 sålunda

49 1411 88 26 olofligen
151 1411 87 26 utgifven
252 1417 92 14 nummer
358 1414 78 17 ettusen
450 1411 63 24 mark;
529 1411 38 19 och
580 1410 62 29 varde
655 1409 6 19 i
675 1409 93 20 afseende
777 1408 11 21 å

49 1438 34 21 det
96 1438 89 26 olofligen
199 1438 110 27 påbegynta
323 1438 105 27 företagets
443 1437 113 22 inställande
570 1437 66 26 tjenlig
644 1435 68 27 åtgärd
721 1439 69 23 genast
